4056 6264
361 437 453 489 ,Η
1391 437 1450 491 S.
1492 437 1768 493 CYRILLI
1813 441 2281 497 ALEXANDRIN
2321 446 2647 500 ARUHIEP.
3579 463 3646 515 12

393 567 482 606 res
511 559 724 619 vestrae,
753 550 879 621 quia
920 552 1146 609 audiunt
1187 555 1223 609 ¹.
1260 573 1277 606 ι
1310 555 1493 626 Neque
1528 566 1706 612 tamen
1743 571 1969 615 conatus

2073 563 2121 614 οἱ
2165 562 2469 634 ὀφθαλμοὶ,
2514 563 2596 618 ὅτι
2637 563 2927 634 βλέπουσι,
2973 566 3066 620 καὶ
3107 567 3175 622 τὰ
3206 561 3320 622 ὦτα
3367 569 3542 640 ὑμῶν,
3576 573 3661 624 ὅτι

395 642 781 697 detrectandus
819 643 973 697 nobis
1015 651 1099 698 est
1123 660 1140 712 ;
1187 645 1280 699 sed
1310 645 1362 699 in
1408 647 1524 715 ipso
1550 646 1770 703 Christo
1812 663 1965 734 spem

2071 653 2381 708 ἁκούουσιν.
2409 675 2427 705 ι
2473 655 2588 710 Οὐκ
2639 656 2894 729 ὀκνητέον
2941 658 2987 712 δ’
3032 655 3125 714 οὖν
3172 661 3322 732 ὅμως
3375 663 3512 733 πρὸς
3558 663 3659 734 τὴν

391 730 748 798 collocantes,
775 730 990 786 labores
1015 732 1183 786 etiam
1225 732 1434 788 viribus
1477 734 1679 788 nostris
1732 733 1966 804 majores

2070 744 2410 816 ἐγχείρησιν’
2456 745 2571 800 ἀλλ’
2601 747 2690 801 ἐπ’
2721 749 2871 819 αὐτῷ
2902 750 3001 821 τὴν
3042 730 3230 805 ἐλπίδα
3274 730 3547 822 τιθέμενοι
3580 730 3659 825 τῷ

392 823 773 894 aggrediemur
795 862 810 886 ,
840 823 1142 878 certissima
1181 824 1376 879 ﬁducia
1402 825 1599 891 erecti,
1631 824 1780 878 illum
1813 825 1969 882 nobis

398 912 710 968 adfuturum
736 921 792 968 et
824 912 1059 982 Spiritus
1093 915 1266 968 sancti
1299 913 1739 984 prmlustratione
1774 915 1841 970 ad
1877 930 1968 970 ve-

395 1003 573 1058 ritatis
602 1003 966 1058 inventionem
1002 1004 1314 1058 ducturum.
1346 1003 1556 1075 Scopus
1589 1005 1732 1058 enim
1766 1015 1968 1060 nostra:

393 1095 662 1150 orationis
700 1102 782 1149 est
825 1094 1008 1148 dicere
1074 1095 1217 1164 quod
1252 1092 1412 1150 Jesus
1446 1096 1519 1150 sit
1557 1095 1838 1151 Dominus.
1877 1095 1969 1150 Di-

394 1202 576 1243 cemus
599 1195 778 1240 autem
809 1185 862 1239 id
892 1185 1116 1239 omnino
1150 1185 1201 1239 in
1235 1183 1444 1256 Spiritu
1473 1196 1701 1252 sancto;
1729 1187 1801 1241 ita
1822 1187 1966 1241 enim

396 1275 590 1330 Paulus
641 1275 719 1328 ait
763 1292 778 1330 :
817 1291 837 1324 ι
869 1272 1040 1328 Nemo
1080 1281 1256 1342 potest
1306 1275 1509 1339 dicere,
1548 1276 1670 1345 quia
1707 1277 1967 1331 Dominus

390 1366 570 1432 Jesus,
607 1365 711 1419 nisi
734 1366 786 1418 in
816 1364 1023 1433 Spiritu
1059 1377 1250 1420 sancto
1273 1365 1315 1418 ².
1344 1383 1362 1416 ›
1391 1364 1526 1420 Cum
1555 1369 1697 1421 enim
1719 1367 1968 1421 nonnulli

392 1477 498 1516 non
532 1467 826 1513 vereantur
848 1458 900 1511 in
920 1457 1207 1512 Beelzebul
1240 1457 1422 1513 dicere
1447 1459 1738 1513 anathema
1761 1458 1967 1525 Jesum,

392 1552 730 1622 Scripturam
755 1565 992 1614 sacram,
1035 1566 1142 1619 quo
1200 1550 1330 1620 ipsis
1362 1550 1573 1605 libitum
1614 1561 1720 1618 est,
1769 1552 1970 1606 distor-

393 1653 645 1714 quentes,
665 1651 716 1701 et
744 1657 839 1696 sua
869 1642 1107 1712 ipsorum
1137 1640 1333 1709 placita
1373 1640 1608 1711 Spiritus
1638 1641 1813 1696 sancti
1845 1655 1971 1698 ora-

393 1735 530 1790 culis
553 1742 966 1803 anteponentes,
1001 1747 1065 1787 ac
1099 1733 1384 1786 Domimun
1425 1732 1515 1801 qui
1555 1733 1702 1804 ipsos
1741 1732 1971 1788 redemit

392 1828 745 1894 abnegatttes,
786 1832 845 1877 ut
882 1822 1162 1893 Scriptura
1217 1822 1460 1891 loquitur
1489 1823 1509 1854 ³
1542 1839 1556 1876 :
1596 1823 1964 1878 necessarium

394 1917 554 1986 plane
588 1914 828 1983 utileque
871 1924 926 1968 et
955 1913 1288 1968 conveniens
1328 1913 1665 1981 censuimus,
1700 1921 1794 1968 tuo
1831 1928 1967 1969 cou-
2003 1901 2045 1959 Β

393 2006 513 2061 silio
545 2014 709 2074 atque
740 2004 981 2068 hortatu,
1011 2003 1081 2056 mi
1113 2001 1299 2068 l'rater,
1337 2005 1479 2059 hanc
1507 2004 1966 2070 dissertationem,

392 2113 514 2166 quae
552 2110 762 2166 magnae
791 2095 846 2148 in
876 2103 1152 2164 posterum
1187 2094 1441 2149 utilitatis
1469 2095 1687 2150 occasio
1712 2095 1971 2150 Ecclesiae

392 2190 573 2243 futura
623 2197 726 2253 est,
771 2196 1088 2252 contexere,
1142 2195 1196 2241 et
1249 2187 1316 2240 ad
1366 2186 1577 2254 singula
1624 2202 1743 2257 quae
1783 2188 1852 2241 ab
1891 2187 1971 2241 eis

393 2288 711 2350 quaeruntur
739 2288 794 2332 et
823 2277 1178 2346 objiciuntur,
1214 2278 1525 2333 summatim
1557 2295 1620 2334 ac
1666 2295 1762 2350 per
1791 2280 1968 2348 capita

393 2368 745 2439 respondere.
776 2367 906 2434 Qua:
931 2368 1148 2437 quidem
1182 2370 1474 2426 lectoribus
1509 2385 1615 2424 non
1647 2386 1829 2439 parva:
1864 2372 1971 2424 uti-

391 2458 530 2513 litati
550 2458 665 2513 fore
692 2458 969 2516 existimo.
995 2459 1275 2530 Multiplex
1303 2463 1448 2516 enim
1484 2476 1548 2516 ac
1575 2461 1928 2517 multiformis
1951 2505 1967 2528 ,

391 2561 451 2607 ut
491 2552 567 2606 ita
615 2552 817 2617 dicam,
864 2559 948 2606 est
979 2550 1033 2604 in
1070 2550 1185 2604 Arii
1235 2561 1289 2606 et
1334 2551 1584 2606 Eunomii
1627 2552 1969 2620 dogmatibus

389 2659 566 2710 error,
613 2645 891 2712 variisque
922 2643 1099 2696 modis
1128 2641 1376 2696 veritatis
1403 2641 1631 2696 formam
1662 2640 1848 2696 fucant
1884 2651 1971 2697 at-

392 2749 498 2805 que
545 2733 879 2789 adulterant.
912 2731 1382 2799 Quemadmodum
1418 2731 1564 2786 enim
1610 2733 1970 2788 meretriculae

395 2827 470 2881 rei
504 2827 675 2897 ipsius
712 2825 1106 2895 turpitudinem
1143 2833 1262 2879 arte
1293 2824 1671 2895 industriaque
1697 2816 1972 2882 occultare

392 2927 672 2988 putantes,
715 2924 914 2972 ornant
963 2928 1104 2980 sese,
1153 2915 1387 2986 fucoque
1421 2915 1695 2983 oblinunt,
1740 2917 1970 2988 aliisque

392 3013 444 3066 id
467 3025 635 3081 genus
657 3008 996 3065 ornamentis
1026 3008 1306 3076 adhibitis,
1336 3009 1646 3078 speciosum
1688 3009 1967 3065 interitum

392 3100 733 3158 cernentium
785 3099 958 3154 oculis
984 3096 1296 3167 objiciunt:
1337 3099 1527 3154 eadem
1563 3099 1724 3170 plane
1759 3101 1969 3155 ratione

391 3193 768 3247 haereticorum
829 3203 1113 3245 sermones
1158 3189 1418 3244 exitiosos
1467 3189 1702 3246 fucatam
1749 3192 1967 3262 pietatis

390 3284 621 3339 formam
651 3297 759 3352 prae
787 3298 844 3337 se
872 3282 1015 3336 l‘erre
1039 3280 1249 3350 judico,
1278 3297 1440 3350 quam
1471 3284 1688 3352 quidem
1717 3286 1967 3342 veritatis

390 3373 575 3428 verbis
609 3387 881 3428 exornare
915 3379 1208 3436 conantur,
1243 3386 1365 3425 eum
1393 3370 1543 3425 nullo
1575 3374 1733 3425 modo
1764 3373 1970 3428 verita-

393 3478 500 3520 tem
533 3463 839 3537 proferant,
867 3463 960 3517 sed
991 3477 1212 3517 exosum
1242 3462 1351 3516 Deo
1380 3462 1714 3529 impietatem
1746 3465 1970 3518 menda-

391 3556 460 3610 cii
509 3556 726 3626 plenam
758 3555 810 3608 in
849 3561 1071 3625 pectore
1104 3563 1318 3624 gerant.
1351 3553 1620 3608 Craterum
1653 3554 1746 3624 qui
1786 3555 1970 3611 solerti

389 3647 619 3703 rationis
650 3645 922 3701 industria
945 3652 1179 3700 mentem
1208 3645 1606 3711 communiunt,
1627 3659 1969 3716 nequaquam

390 3739 606 3795 illorum
653 3737 1000 3793 sermonibus
1035 3740 1347 3806 capiuntur,
1391 3736 1486 3792 sed
1530 3751 1674 3792 verte
1713 3737 1971 3792 sincera:-

389 3845 494 3901 que
535 3829 659 3886 lidei
698 3829 974 3885 mordicus
1017 3829 1386 3897 adhzerentcs,
1435 3828 1506 3885 de
1559 3829 1754 3900 seipsis
1787 3830 1972 3885 conci-

389 3929 548 3988 nunt,
578 3920 824 3976 dicentes
857 3938 871 3974 :
902 3939 920 3971 ι
951 3919 1286 3975 Benedictus
1322 3919 1584 3976 Dominus
1609 3921 1702 3991 qui
1733 3936 1840 3976 non
1874 3922 1971 3977 de-

389 4010 469 4066 dit
494 4026 594 4066 nos
621 4010 674 4066 in
710 4009 1017 4081 captionem
1048 4011 1302 4066 dentibus
1325 4025 1511 4066 eorum
1530 4011 1573 4068 ⁸.
1612 4031 1630 4064 ι
1655 4011 1840 4068 Visum
1871 4013 1973 4068 ita-

389 4117 493 4170 que
539 4103 697 4158 nobis
747 4111 831 4157 est
870 4117 992 4173 qua:
1037 4117 1240 4172 magno
1285 4103 1466 4158 studio
1509 4105 1968 4174 comparavimus,

390 4207 708 4261 congerere,
758 4207 936 4261 neque
962 4207 1093 4247 vero
1122 4193 1227 4248 ulla
1260 4195 1472 4250 ratione
1501 4210 1811 4251 sermonem
1839 4211 1972 4252 cou-

392 4283 644 4347 fundere,
667 4282 764 4336 sed
791 4281 972 4352 potius
993 4283 1282 4338 distinctas
1311 4285 1363 4337 in
1389 4285 1602 4356 singula
1636 4289 1814 4356 capita
1843 4302 1971 4356 pro-

391 4373 641 4428 bationes
675 4372 1045 4427 continentem
1078 4388 1372 4442 exponere.
1402 4375 1454 4446 3
1483 4375 1556 4430 Ita
1587 4378 1732 4430 enim
1771 4378 1885 4445 lict,
1914 4391 1973 4435 ut

389 4479 579 4520 eorum
621 4479 740 4534 qua:
759 4463 814 4519 in
847 4464 950 4518 hoc
971 4478 1142 4534 opere
1176 4476 1503 4531 tractantur,
1535 4468 1772 4537 cognitio
1801 4474 1972 4542 magis

391 4557 678 4627 perspicua
709 4554 1112 4626 manifestaque
1144 4557 1389 4613 studioso
1429 4561 1664 4614 auditori
1705 4565 1779 4616 sit
1816 4561 1969 4617 futu-

393 4661 474 4701 ra.
505 4646 719 4700 Titulus
755 4660 885 4702 vero
919 4646 1080 4712 huius
1118 4647 1301 4716 operis
1333 4656 1434 4713 est,
1469 4647 1790 4717 Thesaurus,
1829 4655 1971 4721 quod

389 4740 667 4810 ingentem
702 4738 755 4794 in
791 4753 850 4794 se
878 4739 1186 4794 divinarum
1210 4741 1729 4812 contemplationum
1754 4744 1973 4800 thesau-

389 4848 509 4887 rum
550 4832 989 4902 complectatur:
1030 4832 1242 4887 tametsi
1268 4848 1369 4902 ego
1416 4845 1470 4890 et
1501 4834 1808 4891 doctrinam
1859 4852 1972 4892 me-

390 4924 632 4978 diocrem
688 4933 745 4978 et
785 4923 1063 4994 ingenium
1099 4924 1166 4978 ad
1213 4926 1688 4996 contemplandum
1722 4945 1827 4984 non
1870 4930 1971 4984 ad-

395 5016 618 5069 modum
645 5031 773 5072 acre
809 5017 862 5070 in
889 5029 976 5072 me
1011 5031 1321 5086 agnoscam.
1355 5017 1558 5074 Gratiae
1590 5033 1720 5075 vero
1751 5024 1972 5092 agenda:

391 5112 517 5160 sunt
556 5105 801 5169 Christo,
837 5107 929 5176 qui
971 5108 1152 5163 omnia
1191 5108 1443 5164 omnibus
1476 5110 1690 5166 abunde
1719 5112 1973 5182 suppedi-

392 5204 489 5253 tat.
545 5195 800 5250 Monendi
840 5208 1017 5252 autem
1045 5209 1171 5254 sunt
1209 5200 1464 5266 lectores,
1507 5203 1687 5270 capita
1733 5201 1857 5257 libri
1903 5203 1968 5257 ad

390 5302 642 5342 normam
683 5287 844 5355 hujus
885 5287 1083 5344 tabula:
1117 5290 1232 5346 sive
1263 5291 1481 5357 indicis,
1517 5293 1610 5362 qui
1657 5294 1966 5364 subjicitur,

391 5391 511 5430 esse
555 5376 878 5446 composita.
925 5377 1374 5448 Complectuntur
1410 5395 1538 5434 vero
1586 5383 1794 5453 singula
1831 5399 1972 5454 qua:-

391 5483 498 5534 que
521 5468 704 5537 capita
737 5468 901 5523 etiam
950 5483 1014 5524 ea
1040 5486 1161 5541 qua:
1189 5475 1254 5527 ad
1284 5473 1534 5528 eumdem
1567 5477 1973 5547 contemplatio-

393 5560 477 5613 nis
511 5574 736 5630 scoputn
761 5561 1064 5630 pertinent,
1094 5573 1148 5618 et
1172 5581 1265 5634 per
1294 5565 1563 5621 circuitus
1590 5577 1754 5637 atque
1780 5570 1973 5626 anfra-

393 5660 513 5706 ctus
543 5651 609 5706 ad
640 5652 892 5708 eumdem
929 5654 1090 5725 tituli,
1117 5655 1218 5713 sub
1247 5673 1356 5728 quo
1385 5661 1785 5731 comprehensa
1819 5675 1969 5732 sunt,

2078 834 2318 906 Χριστῷ,
2349 836 2444 890 καὶ
2472 837 2578 890 τῶν
2613 839 2752 910 ὑπὲρ
2781 840 3013 911 δύναμιν
3047 841 3298 912 ἀψόμεθα
3336 845 3533 910 πόνων,
3575 846 3657 900 ὅτι

2075 927 2460 997 συμπαρέσται
2505 930 2599 982 καὶ
2640 932 3044 1001 χειραγωγήσει
3077 935 3198 996 ταῖς
3225 933 3318 987 τοῦ
3349 934 3658 1005 πνεύματος

2071 1016 2377 1086 δᾳδουχίαις
2414 1018 2508 1070 ἐπὶ
2549 1019 2648 1090 τὴν
2691 1021 2794 1091 τῆς
2826 1022 3083 1092 ἀληθείας
3135 1023 3352 1094 εὕρεσιν
3385 1026 3658 1080 ἀνενδοιά-

2074 1126 2213 1172 στως
2251 1110 2621 1175 πιστεύοντες,
2667 1111 2877 1176 Σκοπὸς
2922 1114 3032 1186 γὰρ
3097 1115 3272 1169 εἰπεῖν
3323 1116 3405 1169 ὅτι
3454 1117 3660 1187 Κύριος

2084 1201 2312 1272 Ἰησοῦς.
2353 1201 2619 1272 Ἐροῦμεν
2645 1202 2701 1256 δὲ
2731 1203 2951 1270 πάντως
2977 1207 3056 1259 ὃτι
3089 1207 3146 1259 ἐν
3175 1206 3315 1278 ἀγίῳ
3343 1208 3620 1279 Πνεύματι
3641 1227 3654 1240 ·

2071 1295 2214 1349 οὕτω
2251 1295 2358 1368 γὰρ
2399 1298 2426 1350 ὁ
2458 1297 2672 1362 Παῦλός
2703 1315 2898 1369 φησιν·
2942 1318 2961 1351 ι
2995 1299 3184 1364 Οὐδεὶς
3223 1301 3443 1356 δύναται
3483 1304 3659 1358 είπεῖν

2069 1386 2150 1440 ὅτι
2184 1386 2389 1458 Κύριος
2443 1388 2688 1459 Ἰησοῦς,
2741 1391 2789 1442 εἰ
2871 1390 2944 1463 μὴ
2995 1393 3053 1445 ὲν
3103 1393 3382 1464 Πνεύματι
3435 1396 3596 1466 ἁγίῳ.
3631 1415 3652 1447 ι

2084 1476 2302 1549 Ἐπειδὴ
2343 1479 2453 1550 γάρ
2503 1496 2648 1542 τινες
2693 1481 2752 1535 ἐν
2783 1480 3118 1545 Βεελζεὸοὺλ
3152 1484 3253 1538 οὐκ
3305 1485 3657 1555 αἰσχύνονται

2041 1566 2251 1635 ,λέγειν
2284 1566 2534 1638 ἀνάθεμα
2569 1569 2798 1640 Ἰησοῦν,
2827 1569 2926 1634 τὰς
2972 1571 3069 1641 μέν
3120 1572 3298 1638 θείας,
3344 1574 3482 1643 πρὸς
3521 1575 3658 1647 ὅπερ

2073 1654 2141 1710 ἂν
2174 1657 2356 1722 αὐτοῖς
2378 1658 2570 1726 δόξειε,
2606 1661 3055 1731 παρεκτρέποντες
3081 1664 3325 1734 Γραφάς,
3353 1665 3460 1720 τῶν
3487 1666 3540 1720 δὲ
3563 1666 3658 1720 τοῦ

2072 1749 2388 1820 Πνεύματος
2417 1750 2632 1819 λογίων,
2657 1752 2715 1804 τὸ
2744 1753 2802 1818 ἐξ
2831 1753 3045 1806 οἰκείων
3079 1753 3397 1825 θελημάτων
3427 1757 3660 1828 προτάτ-

2072 1857 2254 1903 τοντες
2287 1839 2516 1912 κίνημα,
2544 1841 2641 1894 ’καὶ
2666 1841 2755 1895 τὸν
2784 1842 3131 1910 ἀγοράσαντα
3160 1845 3357 1909 αὐτοὺς
3385 1847 3660 1917 Δεσπότην

2072 1929 2418 2002 ἀρνούμενοι,
2457 1931 2604 1985 καθά
2637 1932 2983 2004 γέγραπται’
3016 1935 3314 2003 ἀναγκαῖον
3360 1938 3496 2008 ὁμοῦ
3531 1941 3662 2010 χρή-

2074 2021 2234 2092 σιμόν
2289 2039 2349 2076 τε
2392 2022 2490 2076 καὶ
2538 2023 2750 2094 πρέπον
2803 2023 3170 2095 ἐλογισάμεθα
3221 2029 3362 2080 κατὰ
3417 2029 3515 2100 τὴν
3560 2031 3659 2100 σὴν

2073 2111 2381 2184 ὑπόμνησίν
2409 2128 2470 2165 τε
2508 2113 2604 2166 καὶ
2633 2114 2969 2184 προτροπὴν,
3001 2114 3219 2183 ἀδελφέ,
3250 2119 3362 2179 τοῖς
3401 2118 3501 2186 τῆς
3533 2118 3657 2171 Ἐκ-

2071 2201 2302 2274 κλησίας
2326 2202 2556 2268 τέκνοις,
2588 2204 2687 2274 τῆς
2710 2205 2790 2266 είς
2814 2204 2875 2256 τὸ
2905 2205 3094 2275 μέλλον
3119 2203 3384 2276 ὠφελείας
3406 2207 3660 2261 ὑπόθεσιν

2071 2289 2334 2360 ἐξυφῆναι
2380 2291 2471 2345 τὸν
2501 2290 2686 2360 λόγον·
2718 2291 2814 2345 καὶ
2847 2293 2924 2355 είς
2967 2292 3173 2348 ἕκαστα
3201 2295 3308 2348 τῶν
3357 2299 3488 2367 παρ’
3518 2299 3662 2350 ἐκεί-

2071 2397 2183 2444 νοις
2233 2381 2583 2452 ζητουμένων
2627 2397 2686 2433 τε
2722 2380 2819 2435 καὶ
2865 2383 3241 2453 κεκινημένων
3277 2385 3662 2454 κεφαλαιωδῶς

2071 2469 2330 2534 ἐξειπεῖν,
2365 2471 2506 2544 ἅπερ
2531 2467 2693 2541 οἶμαι
2735 2471 2871 2542 πρὸς
2917 2472 3252 2539 λυσιτελείας
3281 2477 3500 2531 ἔσεσθαι
3551 2482 3664 2542 τοῖς

2070 2561 2476 2630 ἐντευξομένοις
2515 2562 2576 2613 οὐ
2615 2564 2836 2632 μικρᾶς.
2887 2564 3230 2637 Πολυσχιδὴς
3271 2569 3370 2638 μὲν
3418 2569 3527 2639 γάρ
3566 2571 3664 2624 κα).

2073 2652 2540 2723 πολυπρόσωπος,
2589 2653 2656 2706 ἵν’
2701 2653 2876 2720 οὕτως
2923 2659 3191 2726 εἴπωμεν,
3237 2661 3413 2731 ἡτῶν
3452 2663 3662 2734 Ἀρείου

2071 2743 2171 2797 καὶ
2200 2742 2467 2814 Εὐνομίου
2499 2743 2786 2816 δογμάτων
2812 2746 2932 2801 ἐστὶ
2965 2750 3162 2822 πλάνη,
3197 2753 3291 2806 καὶ
3315 2755 3574 2819 ποικίλως
3604 2757 3664 2809 τὸ

2069 2834 2170 2906 τῆς
2208 2833 2469 2904 ἀληθείας
2504 2835 2799 2890 πλάττεται
2851 2840 3058 2910 σχῆμα.
3086 2843 3298 2915 Ὠσπερ
3336 2846 3443 2917 γάρ
3487 2846 3558 2900 τὰ
3604 2847 3662 2902 ἐν

2069 2927 2182 2989 τοῖς
2233 2927 2474 2995 γυναίοις
2507 2931 2924 3004 ἐταιριζόμενα,
2971 2934 3034 2988 τὸ
3078 2935 3143 2988 ἐκ
3189 2936 3284 2990 τοῦ
3337 2939 3660 3010 πράγματος

2071 3011 2260 3088 αἶσχος
2300 3021 2420 3081 ταῖς
2460 3021 2520 3087 ἐξ
2564 3023 2806 3088 ἐπινοίας
2837 3025 3120 3094 ἀφανίζειν
3157 3028 3379 3098 οἰόμενα
3422 3030 3658 3101 τέχναις,

2068 3107 2362 3181 ὡραΐζεταί
2405 3129 2464 3165 τε
2506 3113 2602 3166 καὶ
2641 3116 3016 3186 χρισιάζεται,
3057 3118 3150 3171 καὶ
3197 3121 3315 3182 ταῖς
3355 3119 3538 3184 ἄλλαις
3567 3123 3662 3174 τοῦ

2071 3201 2278 3271 κόσμου
2308 3201 2650 3272 προσθήκαις
2690 3205 3139 3279 εὐπρεπεστάτην
3169 3213 3282 3274 τοῖς
3313 3213 3510 3282 ὁρῶσιν
3545 3214 3664 3265 ἐπι*

2070 3291 2305 3346 δεικνύει
2336 3293 2436 3365 τὴν
2472 3294 2748 3352 ἀπώλειαν
2768 3315 2782 3329 ·
2815 3299 2909 3352 τὸν
2949 3300 3110 3353 αὑτὸν
3153 3297 3306 3372 οἶμαι
3337 3302 3538 3371 τρόπον
3569 3304 3664 3356 καὶ

2067 3382 2165 3446 τὰς
2193 3382 2467 3456 ὀλεθρίους
2497 3386 2608 3440 τῶν
2636 3389 3086 3459 ἐτεροδοξοόντων
3132 3392 3317 3461 φωνὰς
3347 3393 3408 3445 τὸ
3436 3393 3535 3464 τῆς
3575 3394 3666 3446 εὑ-

2070 3476 2285 3541 σεϐείας
2331 3479 2760 3549 σχηματίζεσθαι
2817 3480 3045 3548 κάλλος,
3091 3483 3185 3534 καὶ
3226 3485 3340 3546 τοῖς
3384 3484 3483 3554 τῆς
3528 3484 3664 3555 ἁλη-

2071 3566 2220 3631 θείας
2251 3569 2544 3642 πειρᾶσθαι
2575 3570 3019 3641 περιανθίζεσθαι
3048 3572 3260 3642 λόγοις’
3295 3574 3533 3646 οὐδαμοῦ
3565 3578 3665 3647 μὲν

2069 3655 2256 3710 ὼδϊνον
2303 3656 2403 3728 τὴν
2431 3658 2710 3730 ἀλήθειαν,
2744 3659 2947 3714 ἔσωθεν
2992 3661 3049 3714 δὲ
3099 3665 3493 3736 κεκρυμμένην
3543 3665 3666 3736 ἔχον

2068 3747 2170 3818 τὴν
2197 3748 2306 3802 ἀπὸ
2334 3749 2428 3803 τοῦ
2457 3749 2684 3820 ψεύδους
2714 3750 3179 3826 θεοστυγεστάτην
3207 3756 3482 3811 ἀσέϐειαν.
3521 3756 3678 3812 Ἀλλ’

2069 3839 2121 3892 oi
2147 3840 2304 3910 νήψει
2333 3843 2415 3914 τῇ
2436 3845 2555 3898 κατ’
2583 3845 2896 3918 ἐντρέχειαν
2928 3847 3151 3918 λογικὴν
3180 3847 3273 3902 τὸν
3303 3851 3501 3903 οίκεῖον
3534 3851 3664 3904 ἀνα-

2070 3934 2400 4005 τειχίζοντες
2423 3936 2570 4003 νοῦν,
2594 3939 2708 4002 τοῖς
2745 3939 2845 4009 μὲν
2880 3939 3010 4010 παρ’
3033 3940 3264 3994 ἐκείνων
3289 3942 3388 4013 οὐχ
3415 3943 3665 3997 ἁλίσκον-

2069 4042 2162 4080 ται
2193 4025 2394 4096 λόγοις,
2425 4029 2524 4099 τῆς
2556 4029 2614 4082 δέ
2652 4029 2823 4095 ὅντως
2859 4030 3046 4100 ὑγιοῦς
3075 4033 3248 4102 ἀπρὶξ
3280 4035 3526 4104 ἐχόμενοι
3574 4037 3666 4089 πί-

2074 4132 2282 4182 στεως,
2330 4120 2419 4188 ἐφ’
2463 4120 2679 4183 ἑαυτοῖς
2721 4121 3095 4192 ἀναμέλπουσι
3127 4121 3410 4190 λέγοντεςο
3450 4143 3470 4176 ι
3498 4125 3667 4179 Εὐλο-

2071 4208 2236 4279 γητὸς
2273 4209 2480 4282 Κύριος
2522 4211 2580 4277 ὃς
2624 4212 2725 4266 οὐκ
2773 4211 2974 4268 ἔδωκεν
3006 4215 3155 4284 ἡμᾶς
3203 4215 3283 4278 είς
3333 4215 3506 4288 θήραν
3555 4221 3665 4279 τοῖς

2071 4299 2283 4356 ὀδοῦσιν
2325 4303 2524 4358 αὐτῶν.
2557 4322 2577 4356 ›
2606 4303 2791 4371 Ἔδοξε
2835 4304 3016 4360 τοίνυν
3063 4307 3195 4376 ἡμῖν
3237 4306 3305 4360 τά
3337 4309 3400 4361 ἐκ
3429 4307 3664 4378 φιλομα-

2073 4393 2227 4458 θείας
2270 4399 2614 4464 συνενεγκεῖν
2646 4399 2955 4468 εὑρήματα,
2999 4400 3094 4452 atati
3125 4399 3531 4470 συγκεχυμένον
3565 4401 3666 4469 μὲν

2073 4486 2326 4556 οὐδαμῶς
2363 4487 2636 4540 συνθεῖναι
2666 4489 2756 4540 τὸν
2790 4490 2968 4557 λόγον.
2995 4491 3419 4562 εὖκρινεστέραν
3447 4493 3505 4545 δέ
3536 4494 3666 4563 μᾶλ-

2003 4609 2048 4664 D
2075 4575 2165 4630 λον
2195 4577 2273 4638 είς
2304 4576 2533 4630 ἕκαστον
2560 4577 2668 4631 τῶν
2715 4579 3025 4647 κεφαλαίων
3057 4581 3153 4651 τὴν
3195 4581 3426 4652 βάσανον
3474 4583 3667 4655 ἔχοντα

2074 4666 2419 4736 διεξαγαγεῖν
2437 4685 2450 4698 ⁸
2481 4669 2626 4723 οὕτω
2650 4669 2757 4740 γὰρ
2781 4671 2845 4724 ἂν
2862 4671 3190 4738 εὐσύνοπτός
3222 4690 3281 4727 τε
3313 4675 3406 4729 καὶ
3439 4677 3666 4747 εἱλικρι-

2080 4759 2310 4828 νεστέρα
2334 4762 2448 4823 τοῖς
2493 4760 2929 4831 φιλακροάμοσιν
2968 4765 3000 4832 ἡ
3047 4764 3157 4818 τῶν
3201 4766 3540 4837 ἐγκειμένων
3569 4770 3663 4838 γέ-

2078 4866 2223 4903 νοιτο
2257 4851 2478 4919 γνῶσις.
2522 4854 2807 4925 Θησαυρὸς
2835 4853 2890 4906 δὲ
2917 4855 2994 4926 τῷ
3030 4855 3218 4929 βιϐλίῳ
3249 4860 3440 4930 ὖνομα,
3467 4860 3667 4930 πολλὴν

2080 4940 2258 5019 ἔχοντι
2289 4941 2398 4995 τῶν
2438 4941 2596 4997 θείων
2640 4942 3016 5017 θεωρημάτων
3055 4949 3561 5023 τεθησαυρισμένην
3609 4954 3666 5004 ἐν

2079 5032 2259 5103 ἐαυτῷ
2297 5032 2394 5104 τὴν
2430 5034 2669 5104 πληθύν·
2706 5038 2755 5090 εί
2800 5038 2896 5091 καὶ
2931 5039 3142 5111 μέτριοί
3181 5061 3323 5106 τινες
3370 5046 3427 5106 ἐς
3475 5043 3667 5111 λόγους

2077 5123 2258 5193 ἡμεῖς,
2291 5125 2387 5177 καὶ
2415 5125 2551 5196 πρὸς
2581 5126 2642 5180 τὸ
2664 5127 2930 5184 δῦνασθαί
2963 5149 3015 5184 τι
3044 5136 3182 5186 νοεῖν
3215 5135 3276 5186 οὐ
3309 5134 3513 5204 σφόδρα
3545 5151 3667 5206 γορ-

2075 5213 2183 5282 γοί.
2225 5216 2558 5272 Ἀνακείσθω
2586 5219 2642 5273 δὲ
2683 5221 2844 5293 χάρις
2889 5221 2966 5292 τῷ
3013 5223 3189 5278 πάντα
3221 5227 3354 5278 πᾶσι
3392 5227 3665 5291 πλουσίως

2071 5305 2402 5376 χορηγοῦντι
2433 5311 2674 5382 Χριστῷ.
2715 5313 2926 5367 Είδέναι
2956 5313 3013 5366 δέ
3047 5316 3152 5386 χρὴ
3181 5316 3308 5380 τοὺς
3341 5319 3662 5390 ἐντευξομέ-

2071 5412 2217 5459 νους,
2255 5398 2336 5451 ὃτι
2370 5402 2707 5457 συντέθειται
2745 5403 2865 5472 μὲν,
2909 5406 3050 5460 κατὰ
3078 5407 3177 5476 τὴν
3213 5409 3662 5482 ὑποτεταγμένην

2077 5493 2428 5562 προγραφὴν,
2458 5494 2527 5547 τὰ
2570 5497 2628 5548 ἐν
2658 5496 2736 5567 τῷ
2784 5497 2974 5570 βιϐλίῳ
3007 5501 3299 5569 κεφάλαια.
3341 5504 3664 5575 Περιέχεται

2071 5579 2128 5632 δὲ
2179 5581 2392 5654 ἑκάστῳ
2438 5586 2608 5640 πολλὰ
2648 5589 2788 5660 πρὸς
2825 5591 2916 5646 τὸν
2960 5593 3122 5646 αὑτὸν
3169 5596 3510 5649 συντείνοντα
3555 5596 3663 5648 τῶν

2078 5667 2448 5743 θεωρημάτων
2478 5680 2702 5748 σκοπὸν,
2735 5684 2829 5737 καὶ
2854 5684 2939 5739 διὰ
2972 5685 3173 5742 κύκλου
3211 5689 3300 5743 καὶ
3328 5687 3661 5761 περιδρομῆς

469 5830 487 5863 ⁸
519 5829 707 5914 Matth.
743 5849 862 5898 xm,
899 5833 983 5890 l6.
1105 5835 1124 5890 Ι
1155 5835 1280 5894 Cor.
1319 5853 1415 5907 xtl,
1454 5839 1507 5896 3.
1588 5841 1608 5873 ³
1645 5840 1687 5896 ll
1719 5842 1864 5900 Petr.
1898 5861 1959 5915 ll,

2128 5851 2147 5881 “
2177 5849 2320 5908 Psal.
2355 5870 2546 5927 cum,
2580 5860 2632 5913 6.
