4056 6264
365 387 434 440 15
1362 377 1418 431 S.
1463 375 1732 432 CYRILLI
1775 373 2249 430 ALEXANDRINI
2289 371 2611 428 ARCIIIEP.
3555 374 3619 428 16

428 497 786 567 Interrogatio
842 495 1162 549 Arianorum
1216 492 1562 546 absurditatis

1640 492 1830 560 plena;
1853 490 1938 543 cui

2133 486 2449 555 Ἐρώτησις
2491 482 2795 552 Ἀρειανῶττθ
2821 483 3073 549 ἀτοπίας
3091 483 3321 554 μεστη-
3371 485 3522 551 πρὸς
3551 484 3632 551 ἢν

359 589 466 643 alia
496 603 600 642 non
635 585 893 641 absimilis
918 583 1258 651 interrogatio
1287 582 1585 651 opponitur,
1611 581 1801 635 docens
1834 596 1906 634 no.

2041 577 2522 646 ἀντεπερώτησις
2554 575 2916 643 ἀτοπωτέρα,
2942 575 3031 628 ὅτι
3069 574 3187 644 χρὴ
3232 573 3316 644 μὴ
3351 574 3634 629 ἀπαιδεύ-

355 697 466 736 esse
483 679 692 749 aliquid
715 677 876 733 stulte
909 676 1359 745 interrogandum.

433 771 692 828 Adversus
725 770 1132 839 interrogantes,
1163 787 1181 820 ι
1212 771 1293 821 An
1314 767 1548 822 habuisti
1582 768 1752 832 ﬁlium
1787 773 1937 820 ante-

2036 686 2157 735 -τως
2193 666 2420 738 ἐρωτᾷν
2456 667 2930 722 έκδιδάσκουσα.

2093 759 2272 826 -Πρὸς
2299 758 2436 825 τοὺς
2467 758 2827 828 ἐρωτῶντας,
2871 779 2889 809 ι
2917 753 3167 826 ιΕὶεῖχες
3198 757 3331 812 ΥΙὸν
3362 757 3505 826 πρὶν
3537 759 3629 810 τέ-

351 880 510 931 quam
541 863 776 933 gigneres
795 863 820 914 1’
842 880 860 913 ι
887 871 934 915 et
958 861 1206 925 dicentes,
1236 878 1255 911 ί
1279 857 1367 912 Ita
1389 875 1560 929 neque
1596 859 1731 912 Deus
1753 859 1906 912 habui

2041 867 2194 919 κης;
2229 869 2246 902 ι
2293 851 2393 904 καὶ
2425 851 2738 922 λέγοντας,
2781 871 2797 902 ι
2830 852 2995 906 Οὕτω
3033 850 3135 905 καὶ
3163 852 3197 906 ὀ
3217 851 3372 918 θεὸς
3405 854 3516 906 οὐκ
3544 848 3627 905 εἷ-

359 956 560 1010 l-‘iliuin
599 955 904 1023 priusquam
935 969 1053 1008 eum
1078 954 1332 1023 gigneret.
1360 968 1394 1002 ιι

944 1041 1242 1100 ASSERT.
1311 1042 1377 1098 ν.

428 1141 580 1207 Quod
604 1140 764 1194 Pater
803 1154 904 1192 non
930 1137 1128 1192 exstitit
1156 1145 1276 1190 ante
1305 1135 1532 1201 Filium,
1560 1135 1767 1190 tametsi
1789 1135 1932 1203 inge-

1211 1229 1314 1298 ipsi
1369 1227 1470 1296 fuit
1558 1225 1730 1280 Filius
1783 1226 1930 1296 geni-

357 1237 497 1286 nitus
569 1233 658 1295 sit,
706 1231 798 1285 sed
840 1237 1132 1283 coeeternus

353 1336 457 1377 tus.

975 1407 1268 1464 ASSERT.
1300 1408 1384 1464 VI.

425 1501 578 1567 Quod
605 1499 764 1554 Pater
785 1501 920 1554 citra
948 1501 1254 1554 divisionem
1288 1510 1335 1555 et
1381 1500 1513 1554 citra
1543 1501 1931 1569 corruptionem

351 1607 418 1646 ea:
445 1595 614 1662 seipso
653 1593 886 1662 genuerit
907 1589 1130 1646 Filium.

917 1702 1206 1761 ASSERT.
1245 1704 1362 1760 VII.

422 1797 680 1850 Adversus
709 1811 797 1852 eos
835 1795 924 1866 qui
953 1796 1230 1864 objiciunt,
1259 1814 1277 1850 e
1306 1794 1470 1850 Pater
1487 1806 1663 1851 utnum
1708 1795 1927 1864 fortuito

347 1891 522 1958 genuit
551 1884 772 1949 Filium,
802 1901 872 1939 an
909 1884 1252 1941 voluntate?)

933 1975 1227 2031 ASSERT.
1270 1976 1403 2031 VIII.

423 2070 684 2123 Adversus
733 2069 980 2136 dicentes,
1015 2084 1119 2123 non
1156 2068 1333 2134 Patri,
1363 2071 1452 2125 sed
1497 2068 1752 2126 voluntati
1812 2069 1924 2140 ejus

331 2161 566 2222 similem
583 2176 692 2215 esse
730 2158 950 2215 Filium.

940 2269 1235 2326 ASSERT.
1265 2271 1359 2326 IX.

418 2386 575 2452 Quod
595 2385 1060 2441 consubstantialis
1119 2387 1190 2440 sit
1241 2384 1414 2438 Filius
1439 2383 1613 2450 Patri,
1655 2400 1721 2438 ea:
1741 2386 1920 2451 dictis,

2024 958 2150 1012 ,χεν
2196 941 2335 996 Υἱὸν
2370 941 2514 1011 πρὶν
2549 942 2852 1012 γεννήσει.
2884 961 2902 996 s

2694 1035 2847 1088 ΑΘΓ.
2877 1033 2967 1090 E'.

2111 1124 2234 1177 Ὅτι
2285 1125 2358 1180 οὐ
2405 1125 2775 1197 προϋπάρχει
2819 1127 2924 1182 τοῦ
2971 1127 3111 1182 Υἱοῦ
3159 1130 3193 1182 ό
3234 1128 3459 1196 Πατὴρ,
3507 1127 3624 1180 κᾶν

2035 1214 2367 1287 άγέννητος
2408 1213 2452 1290 ᾖ
2473 1235 2489 1252 ·
2539 1220 2679 1276 ἀλλ’
2702 1216 2782 1290 ἦν
2836 1218 2997 1286 αὐτῷ
3044 1220 3356 1286 συναΐδιος
3401 1222 3435 1274 ὁ
3481 1220 3621 1285 Υἱὸς

2035 1309 2345 1378 γεννητός-

2691 1401 2841 1456 ΑΘΓ.
2889 1404 2978 1469 ς’.

2097 1480 2238 1545 ’Ὅτι
2270 1493 2305 1546 ὀ
2331 1487 2536 1561 Πατὴρ
2564 1491 2898 1562 ἀμερίστως
2928 1493 3025 1548 καὶ
3051 1493 3359 1563 ἁρεύστως
3377 1493 3618 1564 ἐγέννη-

2033 1595 2148 1635 σεν
2186 1581 2257 1647 ἐξ
2296 1582 2486 1638 αὑτοῦ
2524 1583 2636 1638 τὸν
2683 1586 2842 1640 Υἱόν.

2689 1697 2842 1751 ΛΟΓ.
2886 1699 2962 1753 Z'.

2084 1786 2423 1855 -Πρὸς-τοὺς
2440 1789 2864 1857 προτείνοντας
2881 1790 2970 1854 τὸ,
2983 1808 3000 1842 ι
3025 1789 3398 1858 Ἀϐουλήτως
3412 1792 3448 1861 ἢ
3468 1794 3618 1858 κατὰ

2026 1877 2338 1948 ,βούλησιν
2375 1880 2669 1951 ἐγέννησε
2709 1880 2817 1934 τὸν
2866 1881 3005 1934 Υἱὸν
3038 1883 3072 1934 ὸ
3111 1882 3347 1949 Hae-rip;
3381 1901 3399 1934 ι

2683 1976 2836 2030 ΛΟΓ.
2880 1977 2962 2029 H'.

2099 2061 2256 2133 Πρὸς
2283 2067 2427 2134 τοὺς
2458 2061 2752 2138 λέγοντας
2783 2067 2872 2122 ὅτι
2904 2070 2974 2122 οὐ
3006 2065 3086 2133 τῷ
3117 2067 3321 2136 Πατρὶ,
3350 2068 3511 2122 ἀλλὰ
3540 2067 3612 2137 τᾷ

2021 2156 2326 2225 βουλήσει
2364 2159 2575 2229 αὑτοῦ,
2612 2160 2816 2230 ὅμοιός
2852 2160 3025 2214 ἐστιν
3063 2163 3096 2214 ό
3145 2161 3297 2224 Υἱός.

2681 2275 2836 2329 ΛΟΓ.
2870 2272 2949 2329 9'.

2099 2387 2226 2441 Ὅτι
2258 2389 2582 2457 ὀμοούσιος
2611 2389 2691 2456 τῷ
2719 2390 2966 2458 Πατρὶιό
2995 2391 3146 2457 Υἱὸς,
3165 2387 3614 2458 παρατεθέντων

347 2479 517 2546 «Quid
535 2496 614 2533 me
640 2479 773 2532 dicis
791 2478 1023 2532 bonum?
1048 2475 1216 2531 Nemo
1248 2479 1411 2532 bonus
1438 2477 1537 2530 nisi
1564 2477 1906 2532 unus-Deum

2024 2479 2120 2531 καὶ
2173 2479 2293 2532 τῶν
2331 2480 2556 2548 ῥητῶν,
2606 2500 2625 2530 s
2665 2483 2726 2535 Te’
2752 2499 2831 2550 με
2858 2483 3056 2551 λέγεις
3094 2483 3360 2550 ἀγαθόν;
3401 2481 3611 2547 οὐδεὶς

345 2572 435 2636 Et,
477 2590 494 2622 ι
538 2569 682 2624 Vada
719 2570 789 2622 ad
827 2568 1037 2622 Patrem
1072 2584 1240 2622 meum
1268 2579 1316 2622 et
1362 2567 1574 2644 Patrem
1598 2579 1844 2632 vestrum,
1873 2585 1906 2623 ei

2024 2568 2264 2638 ἀγαθὸς,
2305 2571 2357 2623 ει
2399 2569 2486 2639 μὴ
2519 2565 2608 2636 εἷς
2640 2573 2673 2624 ό
2700 2573 2879 2635 Θεός’
2913 2590 2932 2623 ι
2985 2573 3084 2625 καὶ
3119 2571 3246 2638 τοῦ,
3305 2589 3325 2624 s
3354 2575 3611 2640 Πορεύο-

342 2662 509 2716 Denm
530 2678 698 2714 nteant
718 2669 768 2716 et
801 2660 968 2714 Deum
993 2670 1241 2715 vestrum.
1268 2679 1287 2713 ι
1320 2659 1476 2726 Item,
1513 2678 1531 2712 ι
1560 2659 1720 2714 Pater
1749 2662 1906 2731 major

2024 2678 2124 2729 μαι
2157 2663 2309 2731 πρὸς
2341 2665 2448 2718 τὸν
2473 2664 2703 2734 Πατέρα
2725 2682 2868 2735 μου,
2903 2666 3002 2720 καὶ
3035 2665 3265 2735 Πατέρα
3292 2666 3478 2736 ὑμῶν,
3509 2666 3611 2721 καὶ

341 2771 424 2808 me
463 2763 560 2809 est.
600 2773 618 2804 ι

943 2951 1230 3010 ASSEIIT.
1285 2954 1353 3010 Χ.

412 3071 566 3139 Quod
596 3070 1058 3125 consubstantialis
1109 3069 1261 3123 Patri
1320 3069 1385 3123 sit
1437 3067 1631 3122 Filius.
1671 3067 1916 3138 Defensio

338 3165 483 3220 illius
509 3165 654 3227 dicei,
687 3182 705 3214 ι
753 3163 861 3217 Cur
885 3178 964 3216 me
985 3161 1119 3215 elicis
1145 3160 1381 3215 bonum?
1415 3180 1433 3213 ι
1467 3170 1515 3214 et
1561 3161 1704 3214 illius
1758 3177 1916 3227 expo-

335 3259 484 3312 sitio.
1290 3258 1300 3271 '

915 3367 1210 3424 ASSERT.
1253 3368 1344 3423 ΧῙ.

410 3482 564 3550 Quod
597 3481 773 3536 Filius
789 3481 856 3537 sit
896 3481 1059 3536 Patri
1092 3481 1594 3546 consubstantialis,
1638 3497 1702 3535 ex
1751 3481 1914 3545 dicto,

342 3597 360 3628 ι
401 3573 559 3629 Pater
585 3591 728 3630 meus
768 3572 1050 3646 majorme
1078 3582 1175 3629 est.
1216 3590 1238 3624 ι

407 3668 566 3722 Aliud
597 3668 807 3730 docens,
825 3665 964 3734 quod
993 3664 1260 3733 proposito
1279 3680 1478 3732 majore
1496 3673 1542 3717 et
1569 3661 1787 3726 minore,
1813 3662 1915 3714 im-

333 3759 496 3824 perite
518 3757 805 3812 admodum
838 3753 1176 3825 ineequalitas
1222 3753 1488 3823 inferatur
1516 3769 1534 3806 :
1567 3752 1730 3823 quod,
1757 3751 1912 3820 juxta

334 3849 639 3906 Aristotelis
665 3839 1022 3917 disciplinam,
1055 3845 1279 3900 alterius
1312 3845 1377 3899 sit
1397 3845 1626 3914 generis.

409 4026 564 4084 Aliud
615 4026 982 4081 demonstrans
1037 4037 1129 4090 per
1176 4021 1233 4074 id
1285 4022 1426 4091 quod
1480 4020 1690 4075 dicitur
1735 4019 1913 4075 Pater

333 4119 528 4188 eriajor,
557 4118 713 4171 simul
739 4117 897 4172 etiam
923 4114 1107 4183 inferri
1157 4112 1383 4168 Filium.
1421 4113 1514 4169 Est
1572 4123 1745 4169 autem
1805 4129 1909 4168 non

330 4209 506 4263 minor
523 4207 657 4273 ipso.

405 4297 560 4362 Quod
602 4293 776 4348 Filius
804 4291 995 4347 similis
1034 4292 1102 4345 sit
1133 4290 1304 4356 Patri,
1337 4292 1601 4361 proposito
1649 4292 1787 4343 dicto
1844 4289 1909 4342 il-

333 4382 405 4449 lo,
445 4400 462 4433 s
500 4381 660 4435 Amen
689 4380 805 4434 dico
837 4379 1122 4440 robis,non
1144 4381 1369 4432 surrexit
1407 4380 1542 4434 inter
1595 4389 1745 4432 natos
1794 4395 1910 4432 mu-

332 4475 520 4528 lierum
549 4473 724 4543 major
747 4470 952 4526 Joanne
977 4471 1242 4542 Baptista,
1268 4491 1286 4524 ι
1324 4481 1432 4527 etc.

860 4671 917 4741 θ
950 4667 1244 4725 ASSERT.
1286 4667 1400 4724 xu.

409 4781 466 4839 In
492 4782 646 4850 illud,
671 4781 816 4853 eEgo
845 4781 900 4835 in
924 4780 1110 4846 Patre,
1140 4793 1188 4836 et
1216 4781 1378 4836 Pater
1391 4783 1445 4836 in
1469 4799 1584 4848 me;
1609 4803 1626 4835 ι
1652 4793 1722 4847 et,
1751 4802 1770 4835 e
1787 4783 1906 4855 "Ego

325 4888 374 4932 et
417 4873 576 4929 Pater
614 4890 777 4929 unum
809 4889 1029 4938 sumus;
1054 4892 1073 4926 ι
1109 4875 1199 4928 ubi
1226 4875 1466 4942 deinceps
1516 4876 1906 4930 demonstratur

333 4965 493 5019 Deum
511 4966 674 5034 fuisse
709 4966 800 5037 qui
833 4965 1073 5021 liberauit
1129 4967 1486 5036 patriarcham
1510 4967 1675 5021 Iacob
1704 4984 1768 5022 ea:
1795 4986 1906 5022 om—

327 5057 478 5110 nibus
509 5058 682 5110 malis.

413 5145 836 5211 Demonstratur,
891 5150 1032 5215 quod
1097 5148 1321 5203 Verbum
1361 5149 1458 5204 Dei
1505 5153 1698 5219 species
1739 5152 1904 5222 ipsius

321 5239 390 5292 sit
428 5252 447 5290 :
472 5238 607 5308 quod
655 5235 882 5291 Verbum
910 5252 1114 5294 vocetur
1139 5243 1331 5309 species
1364 5242 1476 5296 Dei.

402 5429 684 5486 Vehemens
723 5433 1104 5486 demonstratio
1149 5436 1340 5489 docens
1367 5437 1504 5504 quod
1553 5455 1670 5506 qua:
1705 5441 1901 5507 aliqui-

323 5523 416 5575 bus
456 5521 844 5585 assimilantur,
871 5523 1046 5575 nonin
1079 5519 1380 5578 universum
1406 5535 1452 5579 et
1474 5529 1796 5583 naturaliter
1820 5533 1900 5585 in-

321 5620 439 5664 sunt
473 5611 538 5662 iis
573 5609 1220 5680 quibus.assimilantnr:
1268 5616 1358 5668 sed
1409 5632 1527 5685 qua:
1584 5621 1900 5674 naturaliter

323 5700 580 5769 aliquibus
615 5700 813 5764 insunt,
843 5701 977 5754 velut
1003 5702 1252 5771 imagines
1281 5706 1524 5774 qua-dam
1562 5718 1681 5763 sunt
1718 5727 1896 5767 eorum

323 5795 389 5844 ad
417 5809 532 5861 qua
565 5803 744 5848 nostra
764 5794 1000 5849 roluntas
1042 5796 1349 5866 impellitur.

2023 2753 2171 2808 Θεόν
2194 2772 2338 2824 μου,
2369 2757 2467 2812 καὶ
2498 2758 2647 2812 Θεὸν
2674 2757 2842 2827 ὑμῶν
2861 2775 2874 2788 ·
2911 2777 2929 2810 ι
2968 2759 3066 2814 καὶ
3101 2759 3337 2829 ὁμοίως,
3371 2779 3390 2812 ι
3413 2760 3464 2813 Ὀ
3488 2764 3610 2815 Πα-

2019 2841 2131 2911 τὴρ
2163 2843 2376 2913 μείζων
2405 2847 2526 2916 μού
2562 2846 2785 2903 ἐστιν.)

2692 2961 2846 3019 ΛΟΓ.
2872 2963 2928 3017 ι’.

2091 3068 2214 3123 ’Ότι
2243 3071 2567 3139 όμοούσιος
2596 3071 2676 3138 τῷ
2706 3071 2888 3145 Πατρὶ
2925 3078 2957 3130 d
2998 3079 3128 3144 Υἱός
3151 3095 3167 3111 ο
3207 3078 3277 3133 ἐν
3303 3069 3354 3146 ᾧ
3379 3078 3606 3134 ἀπολο-

2021 3161 2124 3231 τία
2155 3161 2378 3232 πιθανὴ
2424 3164 2577 3232 πρὸς
2612 3164 2720 3218 τὸν
2740 3166 3148 3236 ἐρωτήσαντα,
3183 3188 3202 3222 ι
3233 3165 3298 3225 ⁴Τί
3312 3187 3388 3240 με
3407 3164 3606 3242 λέγεις

2019 3254 2280 3324 ἀγαθόν;
2312 3274 2331 3308 s
2376 3256 2474 3311 καὶ
2511 3256 2802 3329 ἐξήγησις
2842 3261 2949 3315 τοῦ
2979 3262 3195 3331 ῥητοῦ.

2654 3371 2806 3425 ΛΟΓ.
2853 3373 2956 3427 IA'.

2093 3479 2223 3532 Ὅτι
2257 3481 2576 3549 ὀμοούσιος
2611 3484 2644 3534 ὀ
2677 3483 2816 3548 -Υἱὸς
2860 3483 2941 3548 τῷ
2967 3485 3172 3554 Πατρὶ,
3207 3489 3602 3558 προκειμένου

2009 3569 2220 3637 ῥητοῦ,
2267 3586 2287 3620 e
2310 3569 2372 3622 Ὀ
2408 3570 2612 3638 Πατήρ
2644 3587 2765 3639 μου
2799 3572 3012 3641 μείζων
3040 3575 3159 3645 μού
3197 3577 3421 3633 ἐστιν.»

2091 3660 2292 3722 Ἄλλο,
2323 3658 2616 3714 διδάσκον
2647 3660 2737 3715 ὅτι
2781 3666 3175 3735 προκειμένου
3205 3667 3310 3722 τοῦ
3330 3669 3604 3738 μείζονος

2017 3749 2114 3802 καὶ
2140 3748 2248 3804 τοῦ
2279 3748 2621 3818 ἐλάττονος,
2657 3751 3030 3821 ἀπαιδεύτως
3059 3756 3128 3811 τὸ
3159 3757 3445 3829 ἀνόμοιον
3475 3765 3600 3816 εἱσ-

2016 3839 2277 3908 ερέρεται,
2320 3840 2662 3912 ἐτερογενὲς
2709 3844 2782 3899 ὃν
2820 3847 2968 3902 κατὰ
2997 3847 3111 3917 τὴν
3145 3850 3600 3920 Ἀριστοτέλους

2015 3930 2256 4000 τέχνην.

2089 4023 2268 4076 Ἀλλο
2322 4023 2638 4090 ἀπόδειξιν
2685 4027 2851 4097 ἕχον,
2882 4026 2970 4081 ὅτι
3002 4027 3118 4083 διὰ
3165 4032 3274 4087 τοῦ
3315 4036 3593 4106 λέγεσθαι

2008 4113 2250 4184 μείζονα
2289 4113 2398 4169 τὸν
2423 4117 2672 4185 Πατέρα,
2700 4118 3157 4189 συνεισφέρεται
3197 4123 3314 4192 μὲν
3358 4125 3596 4194 πάντως

2014 4209 2048 4260 ό
2085 4209 2236 4274 Υἱός.
2262 4209 2435 4263 Ἔστι
2475 4208 2544 4263 δὲ
2580 4211 2690 4265 οὐκ
2727 4211 2990 4267 ἐλάττων
3025 4214 3234 4269 αὑτοῦ.

2087 4300 2289 4365 Ἄλλο,
2322 4301 2410 4355 ὅτι
2445 4297 2580 4370 ἶσος
2608 4307 2640 4357 ὀ
2677 4307 2812 4369 Υἱὸς
2843 4305 2922 4371 τῷ
2949 4307 3151 4377 Πατρὶ,
3198 4311 3591 4380 προκειμένου

2004 4391 2212 4458 ῥητοῦ,
2247 4410 2267 4443 e
2291 4392 2469 4461 Ἀμὴν
2499 4394 2655 4464 λέγω
2697 4395 2858 4466 ὑμῖν.
2887 4399 2997 4451 οὐκ
3028 4398 3334 4468 ἐγήγερται
3365 4401 3436 4454 ἐν
3462 4389 3591 4471 γεν-

2009 4478 2213 4547 νητοῖς
2233 4479 2535 4548 γυναικῶν
2549 4482 2760 4552 μείζων
2775 4484 3052 4541 Ἰωάννου
3072 4487 3584 4557 τοῦνΒαπτιστοῦνι

2010 4570 2107 4624 καὶ
2146 4570 2221 4626 τὰ
2256 4570 2424 4639 ἑξῆς.

2671 4687 2822 4742 ΛΟΓ.
2853 4688 2953 4742 IB'.

2076 4792 2185 4862 Ἐὶς
2232 4795 2319 4860 τὸ,
2358 4795 2548 4866 ιἘγὼ
2581 4798 2651 4851 ἐν
2692 4798 2771 4865 τῷ
2817 4801 3020 4870 Πατρὶ,
3058 4803 3156 4855 καὶ
3205 4805 3238 4856 o'
3280 4803 3480 4872 ﬂeecin
3522 4805 3590 4858 ἐν

2007 4889 2171 4958 ἐμοί·
2197 4907 2216 4941 ι
2253 4889 2374 4955 καὶ,
2400 4907 2418 4940 e
2443 4888 2590 4953 Ἐγὼ
2621 4890 2717 4944 καὶ
2748 4894 2780 4945 ὁ
2809 4892 3014 4963 Πατὴρ
3034 4890 3110 4947 ἓν
3135 4895 3324 4965 ἐσμεν
3344 4913 3356 4926 ο
3396 4915 3414 4948 ι
3449 4897 3520 4949 ἐν
3542 4891 3589 4960 ᾧ

2005 4979 2311 5046 ἀπόδειξις
2341 4979 2582 5050 ἐφεξῆς,
2616 4980 2706 5036 ὅτι
2752 4986 2784 5036 o'
2833 4985 2976 5052 Θεὸς
3006 4981 3086 5057 ἦν
3121 4990 3155 5040 ό
3193 4986 3491 5055 ¹ῥυόμενος·
3518 4987 3586 5040 ἐκ

2006 5070 2250 5124 πάντων
2285 5070 2489 5125 κακῶν
2526 5071 2634 5127 τὸν
2672 5075 3043 5146 πατριάρχην
3077 5076 3298 5130 Ἰακώϐ.

2081 5163 2259 5216 Ἄλλο
2297 5163 2735 5229 ἀποδεικτικὸν,
2768 5167 2856 5219 ὅτι
2889 5171 2921 5218 ὀ
2949 5167 3139 5233 Λόγος
3181 5166 3286 5219 τοῦ
3315 5167 3482 5230 Θεοῦ,
3520 5166 3583 5223 τὸ

2003 5249 2162 5324 εἶδος
2188 5258 2376 5312 αὑτοῦ
2397 5260 2796 5324 ἐστιν.Ἀλλο,
2816 5257 3113 5328 σημαῖνον
3136 5257 3224 5311 ὅτι
3252 5254 3410 5326 εἶδος
3437 5263 3585 5318 Θεοῦ

2005 5347 2269 5401 καλεῖται
2309 5351 2342 5402 ό
2377 5351 2588 5419 Λόγος.

2080 5441 2260 5493 Ἄλλο
2265 5440 2416 5509 μετὰ
2431 5439 2651 5510 γοργῆς
2671 5438 3033 5506 ἀποδείξεως
3059 5440 3372 5506 διδάσκον,
3400 5444 3486 5497 ὅτι
3516 5442 3586 5497 τὰ

2001 5528 2432 5598 ἐξομοιούμενά
2467 5545 2648 5592 τισιν,
2679 5528 2750 5583 οῦ
2791 5529 3028 5596 πάντως
3061 5533 3156 5585 καὶ
3200 5535 3351 5588 κατὰ
3395 5536 3582 5603 φύσιν

2001 5616 2093 5686 οἷς
2120 5619 2363 5681 ἔνεστιν
2393 5620 2765 5690 ἐξομοιοῦται
2791 5640 2803 5653 ·
2835 5623 2972 5677 ἀλλ’
2995 5623 3197 5693 ὥσπερ
3244 5626 3404 5690 τινὲς
3431 5627 3582 5678 εικό-

2000 5728 2102 5777 νες
2130 5713 2201 5766 τὰ
2235 5713 2416 5781 φύσει
2458 5715 2762 5780 προσόντα
2810 5715 2930 5768 τισὶ
2979 5717 3240 5786 γίνονται
3289 5717 3406 5772 τῶν
3433 5721 3581 5772 κατὰ

1999 5805 2349 5872 προαίρεσιν
2386 5803 2552 5875 ἡμῶν
2592 5807 2948 5876 κινημάτων.
