4056 6264
437 325 502 380 Η
1331 325 1348 334 “
1853 333 2292 395 Τιιεειυιιυε.
3607 349 3672 404 I8

505 441 694 496 ’Δλλο
719 442 1030 514 δεικνύον,
1057 445 1138 500 ὅτι
1165 449 1228 502 τὸ
1263 451 1334 503 ἐν
1369 451 1446 516 τῷ
1479 451 1600 516 Θεῷ
1629 451 1896 522 γίνεσθαί
1923 469 1996 514 τι,

433 533 504 584 οὐ
532 535 774 600 φύσεως
805 537 1076 604 σημαίνει
1115 539 1478 610 μεταϐολὴν,
1505 541 1646 595 ἀλλ’
1677 540 1766 596 ὅτι
1793 541 1868 594 διέ
1893 543 2004 595 αὺ-

436 623 566 688 τοῦ,
605 623 644 692 ἢ
686 627 824 694 παρ’
852 627 1052 682 αὐτοῦ.

509 715 716 781 Ἄλλο,
743 715 816 768 δι’
837 712 914 772 οὗ
935 717 1314 788 μανθάνομεν
1337 719 1498 788 ὅπως
1523 724 1816 792 προσήκει
1839 724 2006 778 νοεῖν

439 803 506 856 τὸ
530 805 733 872 ῥητὸν,
758 805 1086 872 τουτέστιν,
1123 829 1140 860 ι
1157 809 1292 862 Ἵνα
1327 810 1528 880 ὥσπερ
1557 815 1674 882 ἐγὼ
1699 813 1796 870 καὶ
1821 815 1902 868 σὺ
1933 815 2004 868 ἔν

441 892 644 960 ἐσμεν,
675 894 820 948 οὕτω
851 897 948 948 καὶ
975 897 1144 950 αὐτοὶ
1193 899 1262 952 ἐν
1301 901 1446 969 ἡμῖν
1471 901 1542 955 ἐν
1564 898 1716 956 ὦσιν
1742 919 1753 932 ·
1795 903 1910 972 ἐγὼ
1933 905 2004 958 ἐν

441 997 480 1030 ιι
490 981 658 1048 ὐτοῖς,
688 983 780 1036 καὶ
811 984 894 1037 σὺ
911 985 1140 1056 ἐνέμοί
1154 1005 1177 1022 ι
1199 989 1304 1044 ἵνα
1327 985 1442 1045 ὦσι
1459 991 1894 1062 τετελειωμένοι
1913 995 2002 1059 εἰς

443 1085 526 1122 εν.
539 1088 558 1121 ι

515 1163 678 1216 Ἄλλο
707 1163 988 1222 δεικνύων
1013 1169 1288 1237 ἀκριϐῶς,
1315 1171 1515 1242 ὅτιπερ
1537 1175 1610 1228 οὐ
1637 1174 1752 1242 τὴν
1770 1175 2002 1230 ἑαυτῶν

437 1253 672 1320 δεθέντες
706 1257 900 1323 φύσιν
947 1259 1099 1328 πρὸς
1139 1261 1254 1328 τὴν
1298 1263 1464 1316 θείαν
1499 1267 1996 1335 μεταποιούμεθα,

323 1381 336 1392 .
431 1344 568 1398 ὅταν
609 1345 680 1399 ἐν
715 1349 988 1416 γίνεσθαι
1025 1352 1178 1420 πρὸς
1211 1353 1358 1408 Θεὸν
1383 1355 1710 1426 λεγώμεθα,
1745 1357 1883 1412 ἀλλ’
1909 1359 1998 1416 ὅτι

419 1433 656 1503 μέτοχοι
693 1439 1006 1506 γεγονότες
1041 1441 1230 1498 αὐτοῦ
1263 1442 1440 1496 τοῦτο
1477 1445 1833 1514 καλούμεθα.

1043 1533 1194 1590 ΛΟΓ.
1229 1532 1326 1588 II”.

485 1619 626 1686 Περὶ
678 1623 1024 1691 ὁμοιότητος
1073 1623 1182 1692 τῆς
1214 1626 1352 1680 Υίοῦ
1395 1627 1546 1696 πρὸς
1577 1629 1698 1682 -τὸν
1740 1630 1990 1698 Πατέρα,

421 1709 518 1762 καὶ
551 1709 640 1762 ὅτι
675 1713 788 1766 οὐκ
813 1713 948 1767 ἐστι
975 1715 1228 1784 τρεπτῆς
1257 1719 1500 1786 φύσεως
1529 1723 1562 1773 ὁ
1595 1720 1746 1786 Υἱὸς,
1777 1721 1817 1790 ἢ
1849 1721 1992 1786 ἕξω-

423 1802 528 1850 θεν
554 1800 832 1866 ὑποστάς
851 1817 865 1830 ·
902 1803 1038 1857 ἀλλ’
1061 1804 1128 1857 ἐκ
1169 1805 1279 1875 τῆς
1317 1809 1540 1876 οὐσίας,
1565 1809 1750 1866 αὑτοῦ
1777 1815 1994 1880 προελ-

425 1889 545 1944 θὼν
581 1893 662 1958 ὡς
708 1895 858 1960 Υιόςε.

497 1979 672 2034 ’Άλλο
721 1981 810 2035 ὅτι
831 1985 944 2038 οὐκ
965 1985 1034 2050 ἐξ
1047 1987 1428 2056 ἀλλοιώσεως
1462 1989 1570 2060 τῆς
1605 1991 1720 2048 ἀπὸ
1746 1993 1854 2048 τοῦ
1869 1996 1994 2062 χείρ-

412 2086 588 2136 ρονος
613 2071 712 2130 ἐπὶ
743 2073 806 2126 τὸ
836 2073 1083 2143 ἄμεινον
1110 2077 1316 2148 ὅμοιός,
1335 2082 1508 2136 ἐστιν
1539 2085 1572 2138 ό
1609 2083 1740 2150 Υἱὸς
1761 2082 1840 2149 τῷ
1869 2087 1990 2142 Ha.-

413 2162 524 2227 τρὶ,
564 2163 724 2218 ἀλλὰ
762 2167 1054 2234 φυσικῶς.

487 2253 693 2316 Ἄλλο,
725 2258 1030 2324 σημαῖνον
1054 2259 1144 2316 ὅτι
1171 2262 1240 2316 ἐκ
1267 2261 1614 2334 τῆςοὺσίας
1631 2267 1736 2322 τοῦ
1761 2270 1988 2338 Πατρός

416 2340 590 2395 ἐστιν
629 2347 662 2397 ὁ
717 2347 874 2412 Υἱὸς,
906 2349 1006 2402 καὶ
1047 2353 1156 2404 οὐκ
1202 2353 1444 2420 ἔξωθεν,
1471 2357 1732 2427 καθάπερ
1768 2365 1820 2414 ol
1855 2363 1986 2430 Χρι-

353 2463 358 2468 -
419 2431 713 2518 στομάχοι
753 2435 978 2500 φασίν·
1026 2437 1234 2508 ἐπειδὴ
1273 2439 1342 2496 δὲ
1379 2445 1490 2498 οὐκ
1527 2445 1760 2514 ἔξωθεν,
1795 2449 1988 2518 ὅμοιος

415 2535 550 2586 αρα.

495 2612 817 2681 Ἀπόδειξις
865 2618 987 2672 ἀπὸ
1037 2619 1146 2688 τῆς
1183 2622 1345 2690 θείας
1375 2625 1642 2696 Γραρῆς,
1677 2629 1878 2698 ὅτιπερ
1917 2631 1984 2686 ἐκ

408 2701 666 2772 μετοχῆς
687 2703 799 2773 τῆς
827 2707 980 2774 πρὸς
1013 2709 1076 2762 τὸ
1110 2710 1278 2765 Θεῖον
1301 2713 1430 2767 κατ’
1454 2717 1658 2770 εἰκόνα
1695 2717 1808 2785 τὴν
1835 2719 1984 2788 πρὸς

407 2793 552 2847 αὐτὸ
589 2800 995 2868 μορφούμεθα.
1027 2803 1108 2856 οὐ
1152 2803 1262 2874 γὰρ
1304 2805 1596 2876 ἐξήρκεσε
1637 2809 1712 2878 τῇ
1747 2811 1854 2868 τοῦ
1881 2813 1984 2867 ἁν-

408 2883 638 2952 ι⁸ρὼπου
683 2891 1048 2958 κατασκευῇἢ
1067 2893 1215 2962 πρὸς
1255 2896 1322 2950 τὸ
1357 2898 1678 2966 φαίνεσθαι
1699 2901 1802 2954 καί
1829 2899 1982 2958 εἶναι

407 2976 604 3029 εέιιόνα
641 2977 746 3032 τοῦ
789 2983 1214 3050 πεποιηκότος,
1250 2984 1317 3038 τὸ
1366 2988 1436 3040 ἐν
1465 2991 1678 3056 μόναις
1721 2993 1984 3062 ἐννοίαις

413 3065 515 3119 τὸν
549 3067 677 3138 περὶ
713 3071 897 3126 αὐτοῦ
933 3071 1164 3132 κεῖσθαι
1199 3077 1387 3144 λόγον
1424 3080 1716 3138 τοιοῦτον.

1050 3163 1202 3218 ΛΟΓ.
1241 3166 1315 3226 ΙΔΤ
1323 3204 1338 3220 .

487 3247 606 3299 Ἔτι
627 3288 646 3314 ,
689 3249 816 3318 ccepi
863 3253 1209 3322 ὁμοιότητος
1232 3293 1248 3318 ,
1299 3259 1689 3328 προκειμένου
1745 3263 1934 3332 ρητοῦ
1959 3304 1974 3330 ,

418 3335 670 3406 «Ὠσπερ
699 3339 807 3406 γὰρ
833 3344 868 3394 ὁ
891 3342 1096 3411 Πατὴρ
1132 3346 1260 3412 ἕχει
1293 3345 1449 3416 ζωὴν
1484 3349 1552 3402 ἐν
1587 3350 1798 3417 ἐαυτῷ,
1827 3353 1978 3412 οὕτω

407 3428 502 3480 καὶ
530 3426 608 3494 τῷ
641 3427 748 3494 Υἱῷ
778 3429 997 3488 δέδωκε
1039 3433 1190 3504 ζωὴν
1229 3435 1396 3513 ἔχειν
1417 3440 1486 3492 ἐν
1507 3441 1726 3506 ἐαυτῷ’
1763 3461 1781 3494 ι
1815 3443 1882 3498 τὸ
1909 3444 1978 3498 δὲ

407 3521 816 3591 συναγόμενον
847 3523 928 3576 ἐκ.
948 3523 1067 3578 τῶν
1089 3529 1538 3598 συλλογισμῶν,
1569 3531 1656 3586 ὄτι
1691 3533 1802 3604 ζωὴ
1821 3536 1976 3604 ,κατὰ

407 3613 590 3680 φύσιν
623 3615 796 3672 ἐστιν
835 3617 870 3670 ὁ
917 3615 1070 3680 Υἱὸς,
1109 3615 1312 3688 ὥσπερ
1349 3621 1448 3682 καὶ
1485 3625 1518 3678 ό
1554 3624 1778 3694 Πατήρ.

1043 3708 1196 3762 ΛΟΓ.
1237 3711 1338 3772 IE’,

478 3795 573 3859 Εἰς
601 3794 665 3848 τὸ
690 3795 763 3850 ἐν
805 3797 936 3865 ταῖς
971 3799 1332 3870 Παροιμίαις,
1372 3818 1390 3850 ι
1418 3801 1871 3876 Κύριοςὶέκτισέ
1895 3828 1972 3880 με

402 3885 595 3954 ἀρχὴν
642 3887 1048 3956 ὁδῶν-αὑτοῦ,
1096 3895 1182 3959 εὶς
1226 3894 1370 3965 ἔργα
1419 3895 1639 3952 αὑτοῦ·
1677 3918 1692 3950 ι
1742 3900 1831 3954 ὅτι
1879 3904 1966 3964 τὸ,

411 3995 426 4024 ι
453 3975 712 4042 ἔκτισεν,
742 3998 760 4030 ι
787 3981 858 4034 οὐ
892 3981 1042 4035 κατὰ
1071 3981 1182 4050 τῆς
1203 3985 1418 4052 οὐσίας
1457 3983 1564 4042 τοῦ
1611 3990 1804 4058 Λόγου
1849 3991 1968 4046 κεῖ-

403 4082 512 4131 τιιι,
552 4067 696 4122 οὐδὲ
731 4069 956 4142 κτίσμα
991 4070 1028 4140 ἢ
1066 4073 1290 4144 ποίημα
1328 4079 1362 4132 ό
1408 4079 1562 4148 Υἱόςι

487 4245 809 4312 Ἀπόδειξις
845 4247 912 4312 ἐξ
943 4248 1352 4322 ἐπιτηρῄσεὼν
1370 4259 1710 4328 Γραφικῶν,
1750 4261 1966 4333 ὅτι.ὡς

403 4339 545 4406 Θεὸς
585 4341 768 4395 οὐδὲν
811 4344 1230 4410 προσκυνεῖται
1267 4346 1395 4400 τῶν
1429 4351 1768 4419 κτισμάτων
1785 4371 1797 4384 ·
1829 4357 1966 4412 οὔτε

395 4431 518 4498 μὴν
561 4435 1059 4504 προσκυνούμενα
1105 4435 1382 4514 ἀνέχεται
1423 4444 1891 4512 προσκυνεῖσθαι
1924 4449 1960 4517 ἢ

401 4522 867 4594 δοξολογεῖσθαι.

481 4615 802 4687 Ἀντίθεσις
821 4623 938 4676 ἀπὸ
974 4624 1092 4678 τῶν
1134 4625 1358 4693 Ἀρείου
1403 4627 1962 4696 δοπιιιὲτωνιαὶτίιιν

401 4709 621 4774 ἔχουσα
642 4712 748 4766 τοῦ
774 4714 1138 4782 πεποιῆσθαι
1167 4717 1275 4770 τὸν
1305 4717 1456 4784 Υἱὸν,
1491 4721 1570 4786 ὡς
1593 4721 1763 4774 αὐτοὶ
1797 4725 1960 4792 νομί-

401 4796 618 4864 ζουσιν,
652 4803 868 4872 ἀληθῆ,
894 4805 992 4859 καὶ
1028 4808 1210 4874 λύσις
1240 4807 1457 4876 ἐφεξῆς
1475 4810 1625 4878 μετὰ
1649 4815 1961 4881 πιθανότηο

400 4905 498 4954 τος
535 4895 974 4963 συλῖοτισμῶν.

469 4981 592 5033 Ἔτι
609 4983 694 5049 εις
717 4983 804 5051 τὸ,
839 5004 856 5037 ι
877 4987 1092 5054 Κύριος
1111 4989 1313 5044 ἐκτισέ
1329 5007 1424 5060 με.
1450 5009 1468 5042 ι
1494 4991 1622 5049 Ὅτι
1644 4997 1716 5050 οὐ
1738 5000 1960 5068 κτίσμα

394 5073 426 5123 δ
471 5073 620 5138 Υἱός.
665 5085 676 5095 ·

461 5163 648 5217 Ἀλλυ
692 5165 814 5218 τῶν
858 5167 1192 5233 ὀρθοόόξων
1240 5173 1558 5239 λεγόντων,
1596 5193 1615 5225 ι
1646 5178 1712 5230 El
1741 5181 1958 5249 κτίσμα

389 5252 557 5306 ἐστὶν
583 5257 616 5308 ό
642 5257 795 5322 Υἱὸς,
838 5256 964 5324 πῶς
987 5258 1114 5328 ἔχει
1148 5261 1299 5322 κατὰ
1334 5264 1524 5331 φύσιν
1567 5267 1630 5318 τὸ
1667 5264 1819 5323 εἶναι
1861 5271 1961 5339 δη-

383 5349 658 5414 μιουργός
673 5364 693 5412 ;
715 5351 801 5402 οὐ
817 5350 930 5418 γὰρ
959 5349 1112 5404 ἴδιον
1136 5353 1254 5406 τῶν
1268 5355 1606 5425 κτισμάτων
1631 5360 1807 5414 τοῦτό
1832 5381 1918 5432 γε.
1936 5383 1952 5415 ι

404 5435 890 5506 Ἀνθυπήνεγκαν
922 5441 976 5491 ol
998 5441 1276 5505 αἶρετικοὶ
1303 5444 1373 5496 τὰ
1396 5446 1855 5516 ὑποτεταγμένα,
1874 5447 1960 5506 ὧν

387 5525 446 5576 al
481 5525 692 5593 λύσεις
727 5529 892 5582 εὶσὶν
928 5529 1170 5596 ἐφεξῆς.

467 5614 856 5686 Ἐπιτήρησις
881 5618 1116 5685 ὁμοίως,
1146 5617 1213 5683 ἐξ
1241 5615 1315 5690 ἧς
1340 5623 1718 5691 μανθάνομεν
1743 5627 1831 5680 ὅτι
1865 5631 1963 5682 κιιί

317 5765 332 5780 .-
383 5703 657 5774 ἀγγέλοις
704 5707 804 5760 καὶ
861 5707 1052 5776 ἁγίοις
1102 5708 1428 5777 προφήταις
1467 5711 1599 5779 ἔθος
1638 5713 1806 5770 ἐστίν
1831 5719 1953 5774 ἑπι-

2185 452 2332 508 Fieri
2367 455 2566 526 aliquid
2591 457 2644 510 in
2673 456 2800 524 Deo,
2837 475 2942 514 non
3001 471 3204 516 natura
3265 463 3680 520 immutationem

2107 545 2388 614 signiﬁcat,
2415 549 2504 602 sed
2527 566 2618 618 per
2637 551 2830 619 ipsum,
2863 555 2936 606 uel
2963 553 3027 604 ab
3055 553 3186 620 ipso.

2176 727 2292 793 Quo
2331 739 2486 796 pacto
2537 731 2934 800 intelligendum
3001 743 3069 786 stt
3125 733 3324 786 dictum
3369 733 3522 796 illud,
3553 753 3572 784 ι
3611 733 3674 787 Ut

2105 822 2548 890 quemadmodum
2595 839 2690 893 ego
2715 833 2762 878 et
2787 833 2844 876 tu
2869 839 3026 876 unum
3053 839 3256 886 sumus,
3279 825 3348 876 ita
3381 837 3426 876 et
3461 825 3560 892 ipsi
3623 825 3676 876 in

2104 911 2250 967 nobis
2291 930 2452 968 unum
2479 915 2621 980 sint;
2647 931 2740 986 ego
2771 917 2826 970 in
2869 916 2996 984 ipsis
3015 925 3062 970 et
3099 925 3152 968 tu
3202 915 3256 968 in
3311 931 3410 982 me,
3461 925 3516 970 ut
3571 915 3674 968 sint

2099 1003 2320 1070 perfecti
2359 1003 2414 1058 iu
2447 1020 2632 1058 unum.
2663 1024 2684 1058 ι

2172 1177 2330 1230 Aliud
2357 1179 2628 1234 ostendens
2657 1189 2926 1248 accurate,
2963 1184 3102 1251 quod
3133 1199 3226 1236 nos
3255 1185 3470 1252 propria
3493 1193 3670 1238 nostra

2099 1279 2288 1324 natura
2327 1285 2430 1324 non
2461 1271 2654 1324 amissa
2685 1271 2740 1324 in
2763 1271 2994 1326 divinam
3053 1283 3294 1326 naturam
3345 1285 3670 1330 transmuta-

2099 1377 2236 1426 mur,
2261 1363 2470 1432 quando
2507 1379 2668 1416 unum
2701 1379 2818 1416 cum
2859 1362 2964 1417 Deo
2994 1365 3120 1432 edici
3149 1365 3395 1432 dicimur,
3419 1367 3510 1420 sed
3533 1369 3670 1436 quod

2094 1456 2372 1524 participes
2389 1457 2552 1526 ipsius
2581 1457 2730 1526 facti,
2757 1458 2832 1510 ita
2860 1471 3126 1510 vocamur.

2631 1547 2924 1602 ASSERT.
2963 1546 3106 1602 XIII.

2171 1637 2244 1692 De
2271 1637 2624 1692 similitudine
2663 1637 2794 1692 Filii
2825 1655 2942 1692 cum
2983 1637 3164 1704 Patre,
3191 1649 3238 1694 et
3265 1639 3402 1704 quod
3459 1655 3560 1694 non
3589 1653 3664 1696 est

2097 1741 2304 1784 natura:
2325 1731 2592 1784 mutabilis
2621 1728 2814 1796 Filius,
2841 1740 2931 1784 aut
2987 1732 3306 1786 extrinsecus
3353 1729 3662 1798 subsistens,

2093 1821 2184 1876 sed
2199 1837 2264 1876 ea:
2279 1821 2392 1890 ejus
2417 1823 2640 1876 essentia
2667 1823 2976 1892 procedens,
3007 1833 3062 1876 ut
3097 1821 3294 1880 Filius.

2165 1997 2318 2061 Quod
2375 2015 2484 2052 non
2532 2015 2624 2068 per
2689 1999 3052 2056 alterationem
3105 2019 3139 2056 a
3195 2001 3448 2056 deteriore
3513 2011 3656 2056 statu

2091 2087 2146 2141 in
2171 2091 2582 2157 pra'stamiorem
2607 2089 2790 2148 similis
2822 2093 2888 2146 sit
2915 2089 3064 2148 Patri
3119 2091 3314 2158 Filius,
3355 2093 3444 2148 sed
3510 2105 3660 2150 natu-

2091 2181 2294 2236 raliter.

2161 2275 2322 2328 Aliud
2348 2273 2622 2330 declarans
2655 2275 2852 2332 Filium
2879 2293 2990 2332 esse
3013 2293 3080 2332 ea:
3109 2277 3404 2332 substantia
3445 2277 3652 2342 Patris,

2089 2375 2138 2420 et
2178 2381 2280 2418 non
2310 2366 2622 2418 extrinsecus
2644 2366 2972 2434 productum,
3003 2365 3436 2434 quemadmodum
3483 2363 3656 2418 hostes

2091 2455 2290 2510 Christi
2318 2455 2670 2518 coiuendunt;
2702 2464 2774 2520 et,
2805 2455 3052 2524 quoniam
3103 2455 3424 2510 extrinsecus
3463 2455 3656 2522 produ-

2086 2556 2202 2604 ctus
2229 2563 2332 2600 non
2351 2553 2447 2610 est,
2465 2545 2652 2600 similis
2681 2545 2758 2596 illi
2781 2555 2878 2598 est.

2162 2637 2544 2690 Demonstratio
2575 2651 2640 2688 ex
2664 2652 2814 2690 sacra
2841 2633 3137 2702 Scriptura,
3165 2635 3300 2704 quod
3365 2651 3458 2702 per
3487 2635 3656 2702 parti-

2088 2727 2701 2796 cipationemdiuinitatis
2733 2729 2802 2780 ad
2832 2727 3110 2796 imaginem
3158 2728 3320 2794 ipsius
3345 2727 3648 2794 formentur.

2087 2819 2274 2889 Neque
2319 2821 2458 2874 enim
2511 2821 2646 2878 satis
2685 2819 2782 2888 fuit
2839 2819 2908 2872 ad
2969 2819 3024 2872 id
3053 2829 3106 2870 ut
3139 2819 3398 2872 rideretur
3427 2827 3472 2872 et
3505 2817 3648 2884 ﬁeret

2087 2911 2240 2963 homo
2299 2911 2472 2980 imago
2534 2910 2824 2974 Creatoris,
2872 2909 3056 2968 solam.
3117 2911 3482 2978 cogitationem
3557 2924 3650 2962 ex-

2085 3001 2262 3068 primi.

2613 3171 2904 3234 ASSERT.
2949 3173 3088 3230 XIV.

2153 3262 2227 3316 De
2253 3263 2600 3318 similitudine
2637 3263 2813 3318 Patris
2841 3275 2888 3319 et
2939 3263 3090 3330 Filii,
3117 3263 3382 3332 proposito
3410 3263 3460 3333 7
3507 3263 3646 3316 dicto

2084 3355 2204 3416 hoc,
2236 3372 2254 3406 ι
2300 3353 2450 3408 Sicut
2477 3356 2613 3409 enim
2635 3355 2798 3412 Pater
2815 3357 2966 3410 habet
2991 3357 3149 3410 vitam
3183 3357 3238 3410 in
3259 3357 3448 3430 seipso,
3481 3357 3558 3410 ita
3597 3367 3644 3408 et

2083 3442 2225 3498 Filio
2257 3445 2398 3498 dedit
2423 3445 2580 3498 vitam
2601 3447 2789 3502 habere
2826 3450 2878 3504 in
2907 3449 3134 3516 seipsoa
3169 3449 3254 3511 Ex
3297 3467 3397 3520 quo
3421 3449 3646 3518 infertur

2079 3535 2612 3604 syllogisticeFilium
2646 3554 2755 3593 esse
2815 3541 3128 3596 naturaliter
3178 3543 3356 3608 vitam,
3410 3541 3543 3594 sicut
3597 3549 3642 3592 et

2081 3625 2258 3682 Pater.

2630 3721 2922 3782 ASSERT.
2967 3723 3084 3784 XV.

2156 3811 2220 3864 In
2256 3811 2387 3866 illud
2411 3815 2624 3880 quodin
2672 3815 2760 3870 lib.
2801 3815 3048 3874 Proverb.
3082 3817 3294 3882 dicitur,
3329 3836 3348 3869 s
3389 3817 3642 3872 Dominus

2079 3903 2269 3957 crearit
2287 3921 2365 3958 me
2390 3907 2700 3976 principium
2725 3911 2924 3968 viarum
2951 3927 3191 3976 suarum,
3225 3911 3278 3963 in
3301 3926 3452 3976 Opera
3485 3927 3600 3962 sua.
3619 3929 3635 3959 ι

2079 3995 2230 4058 Quod
2253 3995 2458 4049 verbum
2499 3997 2653 4064 illud,
2679 4019 2696 4051 t
2717 4003 2932 4066 creavit,
2955 4021 2971 4052 ι
3005 4018 3106 4054 ιιοιι
3135 4003 3198 4054 de
3229 4004 3450 4054 essentia
3495 3999 3641 4053 Verbi

2074 4086 2302 4152 dicatur,
2390 4097 2436 4142 et
2479 4090 2617 4158 quod
2683 4089 2856 4144 Filius
2947 4107 3050 4144 non
3127 4091 3193 4144 sit
3247 4098 3490 4144 creatura
3564 4096 3644 4147 vel

2073 4193 2223 4243 opus.

2139 4269 2541 4322 Demonstratur
2606 4269 3009 4325 auctoritatibus
3083 4287 3248 4326 sacra:
3323 4271 3635 4342 Scriptura,

2070 4359 2207 4428 quod
2236 4359 2378 4412 nulla
2410 4371 2768 4414 creaturarum
2803 4363 3053 4417 adoretur
3106 4363 3258 4432 quasi
3289 4363 3448 4428 Deus,
3473 4367 3648 4434 quod-

2071 4469 2168 4520 que
2193 4468 2254 4506 ea
2269 4467 2385 4522 qua:
2405 4453 2648 4520 adorant,
2685 4456 2901 4510 adorari
2929 4463 3020 4510 aut
3061 4455 3347 4530 glori/icari
3387 4473 3488 4510 non
3521 4472 3640 4510 sus-

2069 4540 2290 4594 tineant.

2137 4629 2374 4698 Objectio
2412 4646 2476 4684 ea:
2503 4630 2834 4700 dogmatibus
2867 4633 3000 4698 Arii,
3036 4651 3152 4704 qua:
3207 4652 3399 4702 ueram,
3445 4645 3498 4690 ut
3538 4636 3634 4704 ipsi

2067 4727 2276 4785 putant,
2312 4735 2527 4774 causam
2555 4725 2802 4788 continet,
2837 4735 3048 4792 prap‘ter
3115 4742 3272 4794 quant
3309 4727 3482 4793 factus
3569 4726 3632 4776 sit

2070 4805 2116 4858 F
2121 4808 2264 4875 ilius,
2314 4821 2364 4860 et
2400 4808 2630 4878 ejusdem
2669 4826 2762 4878 per
2810 4813 3005 4868 solidos
3049 4813 3378 4882 syllogismos
3437 4811 3635 4878 refuta—

2066 4899 2158 4953 tio.

2130 4987 2291 5039 Aliud
2322 4989 2374 5041 in
2396 4991 2548 5051 illud.
2583 4995 2752 5048 «Deus
2784 4995 3047 5063 fornmvit,
3069 5009 3165 5053 me,
3204 5010 3222 5042 ι
3266 5000 3374 5045 etc.
3407 4991 3472 5046 Et
3499 4998 3634 5065 quod

2071 5073 2246 5130 Filius
2272 5097 2371 5132 non
2397 5083 2462 5133 sit
2501 5096 2765 5135 creatura.

2139 5167 2297 5221 Aliud
2324 5170 2754 5238 orthodoxorum,
2789 5171 2880 5227 «Si
2916 5181 3156 5228 creatura
3183 5185 3257 5230 est
3289 5173 3480 5243 Filius,
3503 5193 3633 5248 quo-

2069 5262 2222 5311 modo
2248 5273 2437 5314 natura
2486 5261 2708 5318 Creator
2763 5280 2872 5320 esse
2931 5267 3138 5332 potest?
3190 5266 3314 5321 Non
3352 5271 3488 5321 enim
3543 5268 3633 5320 hoc

2068 5362 2426 5404 creaturarum
2458 5355 2726 5422 proprium
2759 5366 2888 5410 est.»
2914 5355 3012 5409 Cui
3045 5359 3397 5430 subjiciuntur
3426 5359 3635 5414 haereti-

2071 5457 2249 5493 corum
2273 5443 2587 5513 objectiones
2625 5457 2670 5498 et
2700 5449 3057 5515 refutationcs.

2137 5618 2466 5684 Observatio,
2494 5635 2559 5673 ex
2593 5633 2694 5683 qua
2717 5623 2963 5675 discimus
2991 5623 3188 5691 angelis
3212 5628 3261 5672 et
3295 5621 3491 5671 sanctis
3515 5633 3639 5683 pro-

2077 5715 2244 5780 phetis
2276 5709 2706 5768 consuetudinem
2737 5728 2841 5767 esse
2866 5713 3030 5780 jussis
3064 5729 3093 5764 a
3131 5711 3238 5764 Deo
3280 5709 3436 5760 etiam
3480 5710 3642 5757 inter-
