4056 6264
395 311 464 372 ID
1391 309 1449 364 S.
1485 306 1762 364 CYRILLI
1801 301 2276 360 ALEXANDRINI
2315 303 2640 363 AIICIIIEI’.
3597 302 3669 356 20

390 428 686 499 rogationes
713 425 976 497 proferre,
998 425 1366 498 ignorantibus
1425 427 1688 483 interdum
1741 426 1795 479 id
1837 424 1977 495 quod

382 523 594 592 iussum
612 530 710 576 est.
747 519 975 576 Verbum
1021 529 1200 577 autem
1229 521 1326 576 Dei
1356 536 1459 576 non
1517 521 1592 574 ita
1623 521 1798 588 facere
1833 533 1976 586 repe-

388 616 540 668 ritur.

457 705 620 759 Aliud
671 705 726 759 in
759 704 914 772 illud,
943 723 962 757 ι
1005 704 1230 770 Quando
1263 703 1596 775 praeparabat
1657 706 1869 774 celum,
1929 706 1977 760 ei

385 797 624 850 aderam.
638 814 657 848 ι
1087 791 1096 800 ’

940 890 1232 946 ASSER'I‘.
1273 890 1412 948 XVI.

459 981 538 1037 De
562 983 858 1038 wternitate
877 981 1039 1051 Filii,
1068 995 1116 1038 et
1143 986 1284 1055 quod
1302 985 1725 1056 inseparabiliter
1751 1001 1816 1040 ea:
1848 985 1969 1040 sub-

385 1075 586 1130 stantia
609 1073 791 1129 Patris
839 1077 1101 1144 procedit.

909 1161 1205 1223 ASSER'I‘.
1279 1165 1442 1223 XVII.

456 1254 611 1322 Quod
641 1270 822 1311 eorum
852 1273 970 1328 qua:
1005 1266 1268 1314 creatura:
1296 1260 1478 1314 insunt
1539 1258 1672 1313 nihil
1707 1255 1850 1314 Filio
1883 1257 1970 1312 in-

383 1348 472 1417 sit,
518 1367 581 1405 ac
597 1348 821 1420 proinde
841 1361 1138 1405 creaturam
1183 1368 1286 1407 non
1308 1368 1438 1406 esse.
1531 1391 1540 1400 κ

911 1437 1207 1494 ASSERT.
1253 1439 1440 1495 XVIII.

456 1529 612 1597 Quod
645 1545 749 1585 non
773 1531 841 1585 sit
865 1530 1004 1586 idem
1033 1541 1264 1586 creatum
1294 1541 1341 1586 et
1401 1533 1654 1603 genitum,
1705 1548 1870 1604 neque
1913 1535 1971 1587 in

385 1623 494 1680 Deo
521 1639 699 1680 creare
722 1636 769 1679 et
801 1625 1035 1696 gignere.

934 1713 1228 1776 ASSERT.
1264 1715 1383 1771 XIX
1395 1757 1409 1771 .

457 1805 716 1861 Adversus
763 1807 1012 1872 dicentes,
1043 1807 1182 1874 quod
1230 1805 1406 1862 Filius
1472 1821 1576 1861 non
1635 1805 1701 1858 sit
1741 1801 1967 1859 Verbum

384 1896 590 1964 Patris,
614 1898 707 1953 sed
727 1898 966 1954 diversus
989 1899 1054 1953 ab
1073 1899 1188 1969 ipso
1225 1909 1270 1953 et
1298 1899 1357 1970 8
1411 1908 1714 1952 extraneas.
1741 1893 1828 1950 Ea:
1865 1909 1967 1964 quo

383 1988 714 2042 concluditur
742 1989 882 2058 quod
931 1987 1394 2042 consubstantialis
1431 1987 1497 2040 sit
1543 1984 1716 2050 Patri,
1781 1991 1831 2038 et
1864 1999 1970 2036 non

381 2081 730 2147 extrinsecus,
752 2079 843 2136 sed
863 2096 928 2135 ea:
958 2080 1123 2149 ipsius
1153 2080 1398 2134 essentia.

917 2259 1216 2317 ASSER'I‘.
1273 2259 1392 2315 XX.

452 2353 519 2410 In
549 2354 709 2421 illud,
737 2372 757 2407 ι
783 2352 1048 2410 Sustinuit
1071 2369 1278 2408 erucem
1305 2353 1596 2424 ignominia
1645 2357 1964 2422 contempta.

384 2445 594 2501 Idcirco
621 2457 667 2502 et
697 2445 836 2502 Deus
887 2446 1141 2501 exultavit
1189 2447 1384 2516 ipsum,
1409 2455 1458 2500 et
1506 2445 1650 2498 dedit
1699 2445 1746 2498 ei
1774 2459 1966 2498 nomen

381 2539 520 2608 quod
542 2549 614 2594 est
643 2555 800 2608 super
817 2554 967 2592 omne
990 2554 1198 2603 nomen,
1221 2555 1243 2588 δ
1270 2537 1357 2590 ubi
1378 2537 1750 2591 annotationes
1768 2535 1966 2605 aliquot

382 2633 448 2684 de
476 2622 844 2684 incarnatione
878 2629 1058 2684 eodem
1083 2631 1421 2698 pertinentes.

457 2807 528 2862 In
555 2805 707 2872 illud,
743 2826 764 2860 ι
789 2806 944 2862 Dedit
972 2808 1073 2875 illi,
1097 2828 1116 2862 ›
1152 2818 1286 2876 etc.,
1318 2819 1367 2864 et
1398 2807 1861 2880 cSuperexaltavit
1887 2811 1969 2879 ip-

384 2917 522 2968 sum,
549 2919 569 2954 ι
606 2901 816 2972 aliaque
841 2900 1147 2972 hujusmodi
1180 2918 1296 2974 qua:
1319 2903 1382 2957 de
1413 2901 1626 2958 Christo
1655 2903 1930 2958 dicuntur.

458 3079 522 3136 In
551 3080 749 3136 dictum
783 3081 918 3137 illud
948 3082 1126 3151 Pauli,
1161 3102 1179 3136 ι
1214 3082 1365 3138 Sedet
1391 3085 1446 3138 in
1486 3084 1704 3138 dextera
1759 3085 1972 3155 magni-

385 3174 588 3228 tudinis
656 3175 712 3227 in
783 3175 1026 3242 excelsis,
1105 3184 1252 3229 tanto
1308 3175 1493 3230 melior
1569 3175 1743 3244 {actus
1813 3192 1972 3248 ange-

385 3266 474 3324 lis.
518 3283 538 3318 ι

459 3353 740 3427 Exempla,
758 3357 946 3428 quibus
967 3356 1270 3412 declaratur
1287 3375 1464 3413 vocem
1490 3359 1647 3426 hanc,
1683 3359 1964 3425 emelior,»

386 3449 444 3503 in
480 3465 632 3503 sacra
658 3448 940 3519 Scriptura
975 3451 1134 3504 etiam
1163 3452 1226 3505 de
1253 3451 1322 3506 iis
1352 3467 1470 3522 qua:
1497 3453 1722 3508 multum
1751 3455 1886 3509 inter
1917 3471 1974 3509 se

386 3541 610 3606 distant,
641 3551 732 3596 αιιι
764 3542 970 3598 ratione
1001 3554 1224 3610 natura,
1257 3553 1349 3598 aut
1393 3543 1695 3616 dignitatis,
1741 3557 1832 3602 aut
1891 3563 1973 3602 se-

387 3632 620 3685 cundum
653 3647 955 3687 mensuram
981 3636 1190 3704 gratim,
1221 3637 1494 3704 usurpari.

461 3722 618 3790 Quod
643 3722 800 3790 illud,
835 3743 855 3777 ι
887 3724 1077 3780 Melior
1108 3726 1284 3796 factus
1313 3737 1390 3784 est
1434 3728 1662 3800 angelis,
1693 3747 1718 3782 ι.
1753 3746 1858 3785 non
1903 3731 1977 3786 ade

388 3809 743 3881 diferentiam
795 3811 1238 3880 substantiarum,
1294 3819 1386 3871 sed
1442 3817 1972 3876 administrationum

390 3902 719 3972 referendum
755 3905 844 3959 sit.
880 3903 1036 3971 Quod
1068 3905 1222 3962 aliter
1245 3907 1406 3962 etiam
1429 3908 1631 3963 dictum
1659 3920 1754 3966 est.

458 4081 729 4152 Appendix
753 4082 1014 4139 dictorum
1037 4085 1100 4141 de
1136 4089 1467 4146 humanitate
1493 4089 1712 4160 Christi,
1731 4110 1795 4148 ac
1833 4110 1976 4166 pra:-

393 4185 534 4230 terea
557 4175 775 4230 solutio.

463 4268 617 4335 Quod
643 4269 778 4323 bona
807 4271 872 4324 sit
887 4270 1266 4342 utilissimaque
1282 4273 1976 4335 administrationum-com-

391 4362 623 4430 paratio,
651 4359 954 4432 angslorum
971 4361 1167 4416 scilicet
1196 4372 1244 4417 et
1274 4363 1432 4429 Filii,
1458 4368 1562 4420 vim
1605 4370 1766 4437 vocis,
1805 4387 1824 4420 ι
1863 4388 1974 4425 me-

394 4455 547 4519 lior,»
582 4453 875 4524 explanatis
901 4468 918 4506 :
947 4470 1052 4526 quo
1081 4466 1238 4525 pacto
1265 4457 1404 4511 enim
1439 4459 1628 4514 melior
1655 4461 1856 4532 angelis
1885 4465 1974 4530 sit,

394 4557 444 4604 et
477 4558 698 4618 quanto,
729 4563 796 4602 ex
827 4547 890 4602 iis
919 4547 1293 4620 intelligemus.

959 4729 1257 4788 ASSERT.
1299 4732 1445 4788 XXI.

467 4825 534 4881 In
560 4826 761 4879 dictum
790 4823 925 4878 illud
955 4824 1218 4892 Apostoli,
1249 4844 1268 4878 ι
1307 4825 1654 4882 Considerate
1680 4827 1990 4896 apostolum.

395 4930 443 4973 et
468 4918 771 4986 pontiﬁcem
799 4916 1147 4986 confessionis
1172 4928 1367 4974 nostra:
1397 4918 1604 4986 Jesum,
1671 4920 1764 4990 qui
1807 4920 1982 4988 ﬁdelis

403 5011 570 5067 lactus
600 5019 674 5064 est
697 5011 745 5064 ei
769 5009 862 5080 qui
887 5009 1008 5080 fecit
1037 5012 1232 5080 ipsum.
1266 5029 1284 5063 ι
1322 5009 1408 5066 Ea:
1431 5028 1531 5084 quo
1575 5012 1804 5082 infertur
1843 5013 1983 5084 quod

399 5102 574 5183 Filius
614 5119 720 5157 non
759 5105 825 5158 sit
849 5121 976 5174 opus
1000 5102 1079 5160 vel
1099 5114 1364 5160 creatura.

961 5278 1253 5336 ASSERT.
1293 5277 1458 5334 XXII.

475 5374 542 5430 In
562 5374 716 5438 illud,
777 5392 796 5425 ι
839 5371 915 5427 Ds
967 5374 1051 5427 die
1092 5385 1139 5426 et
1197 5371 1328 5426 hora
1367 5371 1463 5426 illa
1510 5388 1658 5427 nemo
1697 5376 1857 5442 novit,
1893 5391 1985 5430 nec

2080 424 2460 495 ταττομένοις
2487 421 2647 492 παρὰ
2679 420 2849 484 Θεοῦ,
2870 419 2967 474 καὶ
2990 419 3311 489 ἐρωτήσεις
3341 417 3670 488 προσάγειν

2077 517 2407 587 ἀγνοοῦσιν
2443 517 2571 572 ἔσθ’
2598 515 2697 569 ὅτε
2742 514 2808 569 τὸ
2847 511 3330 582 ἐπιταττόμενον.
3349 511 3402 563 '0
3450 509 3519 563 δὲ
3561 509 3670 564 τοῦ

2079 607 2230 662 Θεοῦ
2265 609 2456 680 Λόγος
2492 608 2606 677 οὐχ
2647 606 2836 671 οὕτως
2871 605 3110 672 ἐδείχθη
3149 601 3352 656 ποιῶν.

2151 703 2330 756 Ἄλλο
2378 703 2466 767 είς
2510 699 2603 766 τὸ,
2642 699 2890 756 ιἩνίκα
2909 695 3184 768 ἡτοίμαζε
3229 695 3336 750 τὸν
3383 693 3666 763 οὐρανὸν,

2075 794 2488 867 συμπαρήμην
2521 791 2702 859 αὐτῷ.
2755 809 2778 846 s

2714 883 2867 938 AOI‘.
2906 883 3027 949 ις’.

2144 979 2286 1050 Περὶ
2337 978 2674 1046 ἀϊδιότητος
2702 975 2861 1042 Υίοῦ,
2891 974 2989 1028 καὶ
3023 972 3113 1027 ὅτι
3151 974 3486 1042 ἀμερίστως
3524 985 3665 1038 προ·

2073 1068 2265 1137 ἦλθεν
2291 1069 2360 1123 ἐκ
2388 1069 2501 1138 τῆς
2531 1068 2748 1135 οὐσίας
2779 1067 2887 1121 τοῦ
2914 1065 3166 1134 Πατρός.

2718 1159 2871 1212 ΛΟΓ.
2913 1157 3012 1213 IZ'.

2145 1250 2266 1306 Ὅτι
2304 1250 2426 1305 τῶν
2461 1249 2539 1320 τῇ
2567 1250 2762 1304 κτίσει
2795 1249 3152 1316 προσόντων
3200 1244 3385 1300 οὐδὲν
3427 1243 3509 1310 τῷ
3554 1243 3667 1308 Υίῷ

2071 1346 2387 1416 πρόσεστι·
2413 1341 2624 1413 διόπερ
2656 1343 2738 1396 οὐ
2765 1341 2989 1409 κτίσμα
3019 1341 3052 1393 ό
3095 1340 3250 1405 Υἱός.

2709 1433 2862 1488 ΛΟΓ.
2908 1433 3018 1487 III'.

2144 1531 2267 1584 Ὅτι
2306 1528 2394 1600 μὴ
2434 1525 2659 1582 ταυτὸν
2699 1525 2928 1594 κτίσμα
2949 1521 3047 1577 καί
3077 1520 3366 1592 γέννημα,
3394 1517 3552 1590 μηδὲ
3594 1516 3661 1572 τὸ

2071 1620 2291 1682 κτίζειν
2325 1619 2426 1675 καὶ
2462 1620 2530 1673 τὸ
2567 1615 2796 1688 γεννᾷν
2832 1615 2932 1669 ἐπὶ
2973 1613 3142 1669 Θεοῦ.

2709 1709 2864 1763 ΛΟΓ.
2924 1707 3026 1763 19’.

2141 1803 2300 1874 Πρὸς
2325 1803 2468 1872 τοὺς
2492 1801 2806 1872 λέγοντας,
2829 1800 2919 1854 ὅτι
2947 1803 2981 1855 ό
3013 1797 3149 1866 Υίὸς
3172 1798 3284 1853 οὐκ
3311 1797 3485 1851 ἐστιν
3511 1796 3664 1863 ἀλη-

2070 1897 2236 1964 θινὸς
2285 1897 2477 1966 Λόγος
2530 1894 2642 1950 τοῦ
2687 1893 2942 1962 Πατρὸς,
2975 1892 3114 1947 ἀλλ’
3144 1890 3349 1959 ἕτερός
3396 1906 3486 1953 τις
3524 1886 3661 1955 παρ’

2069 1989 2258 2044 αὐτὸν
2302 1986 2381 2057 τῇ
2425 1987 2607 2058 φύσει
2639 1985 2739 2041 real
2770 1986 2970 2054 ξένος.
3004 1985 3076 2041 Τὸ
3107 1984 3177 2039 δὲ
3199 1984 3484 2040 ἐντεῦθεν
3508 2001 3661 2038 συν-

2070 2083 2391 2152 αγόμενον,
2421 2081 2514 2136 ὅτι
2559 2079 2661 2135 καὶ
2695 2081 3023 2150 όμοούσιος
3053 2077 3136 2145 τῷ
3161 2078 3367 2148 Πατρὶ,
3399 2078 3502 2134 καὶ
3549 2079 3660 2133 οὐκ

2069 2170 2314 2238 ἔξωθεν,
2346 2171 2484 2226 ἀλλ’
2513 2170 2582 2225 ἐκ
2613 2169 2726 2240 τῆς
2755 2171 2972 2236 οὐσίας
3001 2167 3173 2224 ἐστὶν
3199 2167 3409 2224 αὐτοῦ.

2719 2262 2873 2316 ΛΟΓ.
2914 2263 3001 2315 ις’.

2135 2355 2240 2420 Εἰς
2265 2354 2702 2426 τὸμῪπέμεινε
2729 2354 3021 2424 σταυρὸν,
3043 2353 3345 2422 αἰσχύνης
3368 2366 3661 2419 καταφροο

2068 2447 2303 2516 νήσας·
2359 2446 2452 2502 διὸ
2503 2447 2604 2502 καὶ
2651 2450 2684 2502 ὀ
2734 2447 2878 2511 Θεὸς
2917 2444 3105 2500 αὐτὸν
3141 2445 3528 2512 ὐπερύψωσε,
3560 2443 3658 2495 καὶ

2067 2537 2395 2606 ἐχαρίσατο
2443 2533 2607 2599 αὐτῷ
2634 2533 2821 2599 ὄνομα
2855 2531 2920 2585 τὸ
2953 2531 3106 2600 ὑπὲρ
3133 2530 3257 2586 πᾶν
3287 2531 3503 2598 ὄνομα*
3539 2549 3558 2581 ι
3591 2531 3664 2584 ἐν

2069 2621 2117 2697 ᾧ
2168 2629 2398 2699 σχόλια
2447 2625 2581 2694 περὶ
2625 2623 3008 2693 σαρκώσεως,
3048 2622 3159 2678 τὸν
3209 2623 3397 2677 αὑτὸν
3442 2624 3663 2690 ἔχοντα

2069 2718 2244 2774 νοῦν.

2142 2813 2249 2877 Είς
2279 2810 2366 2877 τὸ,
2407 2828 2426 2862 s
2450 2808 2803 2880 Ἐχαρίσατο
2852 2806 3034 2874 αὐτῷ,
3069 2825 3087 2860 ι
3133 2805 3231 2860 real
3285 2824 3302 2857 ι
3327 2805 3663 2874 Ὑπερύψω-

2075 2917 2189 2958 σεν
2215 2903 2424 2968 αὐτὸν,
2455 2919 2473 2956 ι
2505 2901 2604 2957 καὶ
2643 2901 2762 2957 ὅσα
2789 2899 3038 2955 τοιαῦτα
3064 2901 3301 2970 λέγεται
3349 2898 3482 2967 περὶ
3532 2899 3656 2965 Χρι-

2079 2998 2256 3054 στοῦ.

2149 3093 2258 3158 Εις
2283 3087 2348 3145 τὸ
2375 3087 2792 3145 ἀποστολικὸν
2821 3085 3013 3156 ῥητὸν
3053 3084 3124 3140 τὸ
3159 3085 3363 3156 λέγον,
3404 3102 3424 3136 ς
3466 3082 3666 3136 Ἐκάθ·

2081 3199 2219 3240 ισεν
2245 3184 2316 3238 ἐν
2341 3181 2513 3250 δεξιᾷ
2541 3180 2651 3250 τῆς
2674 3180 3115 3252 μεγαλωσύνης
3137 3179 3208 3233 ὲν
3231 3175 3508 3246 ὑψηλοῖς.
3527 3188 3665 3228 τοσο

2078 3275 2233 3342 ούτφ
2259 3274 2543 3344 κρείττων
2567 3273 2892 3342 γενόμενος
2920 3269 3040 3324 τῶν
3068 3269 3357 3339 ἀγγέλων.
3393 3287 3412 3319 ι

2149 3367 2482 3436 Παρὰθεσις
2504 3363 2708 3434 ῥητῶν
2735 3362 3144 3430 σημαίνουσα,
3183 3359 3272 3412 ὅτι
3303 3357 3395 3420 τὸ,
3429 3375 3447 3407 ι
3472 3357 3664 3423 κρείτ-

2079 3474 2214 3522 των,
2247 3477 2265 3510 )
2298 3457 2336 3526 ἠ
2366 3456 2495 3510 θεία
2519 3453 2732 3522 Γραφὴ
2771 3451 2870 3505 ἐπὶ
2897 3449 3018 3503 τῶν
3063 3449 3222 3502 πολὺ
3263 3447 3668 3514 διεστηκότων

2079 3547 2118 3616 ἢ
2149 3548 2299 3602 κατὰ
2324 3547 2432 3601 τὸν
2459 3544 2570 3615 τῆς
2601 3546 2845 3614 φύσεως
2868 3542 3074 3610 λόγον,
3100 3541 3139 3610 ἢ
3174 3540 3322 3594 κατὰ
3349 3540 3463 3610 τὴν
3484 3539 3668 3606 ἀξίαν

2079 3639 2338 3706 τίθησιν,
2367 3637 2406 3706 ἢ
2442 3636 2592 3690 κατὰ
2619 3635 2687 3689 τὸ
2711 3635 2932 3704 μέτρον
2956 3632 3066 3710 τῆς
3097 3631 3358 3701 χάριτος.

2154 3734 2345 3786 Ἄλλο
2375 3727 2826 3800 διηγηματικὸν,
2861 3726 2951 3779 ὄτι
2995 3725 3084 3790 τὸ,
3121 3745 3138 3777 ι
3173 3725 3471 3794 Κρείττων
3497 3726 3666 3794 γενό-

2074 3840 2261 3895 μενος
2289 3820 2410 3876 τῶν
2435 3819 2730 3889 ἀγγέλων,
2765 3835 2784 3870 ι
2823 3819 2935 3871 οὐκ
2964 3815 3190 3870 οὐσιῶν
3218 3817 3481 3887 εισφέρει
3520 3818 3666 3887 σύγ’

2080 3930 2305 3984 κρισιν,
2343 3911 2506 3968 ἀλλὰ
2537 3907 2784 3980 μᾶλλον
2824 3906 3161 3961 διακονιῶν.
3194 3907 3439 3976 Εἴρηται
3475 3905 3542 3960 δὲ
3566 3907 3664 3962 καί

2081 4008 2310 4072 ἄλλως..

2152 4096 2488 4167 Παράθεσις
2509 4095 2714 4165 ῥητῶν
2746 4094 2876 4165 περὶ
2901 4095 3359 4164 ἀνθρωπότητος
3383 4095 3662 4163 Χριστοῦ,

2083 4190 2182 4246 καὶ
2214 4191 2398 4257 λύσις
2424 4188 2668 4260 ἑφεξῆς.

2158 4283 2336 4336 Ἄλλο
2359 4280 2429 4334 ὲκ
2448 4279 2570 4333 τῶν
2585 4277 2807 4343 αὐτῶν,
2826 4277 2915 4332 ὅτι
2939 4277 3098 4347 καλὴ
3124 4279 3218 4332 καί
3244 4276 3662 4347 χρησιμωτάτη

2084 4371 2204 4426 τῶν
2232 4369 2552 4424 διακονιῶν
2591 4370 2640 4436 ἡ,
2675 4370 3014 4439 σύγκρισις,
3038 4368 3147 4437 τῆς
3172 4385 3234 4423 τε
3257 4367 3374 4422 τῶν
3397 4367 3667 4436 ἀγγέλων

2085 4461 2184 4514 καὶ
2217 4459 2322 4513 τοῦ
2353 4459 2511 4522 Υίοῦ.
2543 4457 2652 4512 τοῦ
2691 4477 2710 4510 ι
2731 4460 3108 4528 κρείττονος»
3144 4459 3256 4528 τὴν
3285 4460 3542 4528 δύναμιν
3575 4460 3666 4528 ἐρ-

2079 4549 2436 4622 μηνεύουσα
2455 4565 2469 4578 ⁸
2504 4546 2632 4616 πῶς
2655 4549 2765 4618 γὰρ
2799 4553 3080 4616 κρείττων
3107 4551 3376 4621 ἀγγέλων
3401 4549 3666 4615 ἐστί,καί

2083 4641 2302 4706 πόσον,
2332 4639 2402 4704 ἐξ
2431 4637 2631 4693 αὐτῶν
2659 4641 3030 4709 γνωσόμεθα.

2713 4733 2866 4788 ΛΟΓ.
2909 4734 3041 4789 KA'.

2156 4827 2261 4891 Είς
2291 4823 2360 4879 τὸ
2381 4825 2574 4894 ῥητὸν
2616 4825 2723 4880 τοῦ
2763 4826 3165 4892 Ἀποστόλου,
3197 4846 3215 4876 ι
3244 4827 3670 4898 Κατανοήσιιτε

2086 4917 2194 4973 τόν
2220 4917 2572 4973 ἀπόστολον
2603 4916 2703 4972 καὶ
2725 4917 3002 4987 ἀρχιερέα
3024 4918 3135 4989 τῆς
3163 4922 3484 4990 ὁμολογίας
3505 4919 3674 4990 ἡμῶν

2097 5011 2353 5080 Ἰησοῦν,
2385 5013 2606 5066 πιστὸν
2635 5011 2790 5065 ’ὄντα
2827 5009 2908 5078 τῷ
2944 5013 3267 5083 ποιήσαντι
3306 5013 3510 5066 αὐτόν.
3540 5029 3558 5062 ι
3602 5010 3673 5064 Τὸ

2086 5085 2155 5155 δὲ
2197 5103 2652 5172 συναγόμενον,
2688 5102 2778 5158 ὅτι
2817 5105 2890 5159 οὐ
2936 5107 3161 5173 ποίημα
3201 5102 3346 5158 οὐδὲ
3386 5102 3608 5171 κτίσμα
3641 5105 3674 5156 ό

2099 5194 2248 5261 Υἱός.

2709 5289 2858 5344 ΛΟΓ.
2913 5291 3040 5345 KB'.

2155 5379 2258 5446 Εἰς
2303 5379 2405 5445 τὸ,
2458 5382 2643 5449 «Περὶ
2692 5379 2761 5434 δὲ
2802 5382 2915 5451 τῆς
2954 5383 3177 5454 ἡμέρας
3223 5383 3323 5436 καί
3362 5382 3472 5451 τῆς
3521 5381 3675 5451 ὥρας

400 5469 574 5536 angeli
635 5467 907 5532 cazlorum,
979 5480 1140 5534 neque
1221 5461 1419 5532 Filius,
1501 5465 1603 5519 nisi
1665 5463 1829 5522 Pater
1902 5483 1971 5523 so-

2090 5469 2330 5538 ἐκείνης
2371 5469 2572 5538 οὐδεὶς
2596 5466 2779 5536 οἶδεν,
2807 5472 2950 5527 οὐδὲ
2983 5477 3039 5528 οί
3069 5474 3312 5546 ἄγγελοι
3352 5473 3468 5528 τῶν
3509 5477 3676 5542 obpa-

400 5563 506 5618 lus.
547 5578 568 5613 s

939 5647 1234 5705 ASSERT.
1291 5649 1485 5706 XXIII.

475 5739 544 5801 In
566 5741 724 5808 illud,
795 5761 812 5796 ι
847 5739 1014 5799 Pater
1047 5753 1219 5819 amat_
1245 5741 1473 5828 Filium,
1505 5752 1550 5799 et
1609 5742 1784 5800 omnia
1813 5742 1984 5820 __dedit

2093 5561 2241 5631 νῶν,
2274 5561 2419 5618 οὐδὲ
2453 5566 2488 5618 ὀ
2526 5563 2678 5631 Υίὸς,
2711 5565 2761 5619 ει
2781 5565 2868 5634 μὴ
2897 5569 2931 5621 d
2956 5567 3160 5637 Πατὴρ
3179 5569 3390 5638 μόνος.
3421 5587 3441 5619 ι

2723 5653 2873 5710 ΛΟΓ.
2914 5656 3041 5712 ΚΓ.

2165 5745 2268 5812 Είς
2304 5744 2389 5813 τὸ,
2439 5763 2457 5799 ι
2479 5745 2541 5802 '0
2567 5747 2768 5819 Πατὴρ
2790 5747 2990 5820 ἀγαπᾷ
3021 5750 3127 5808 τὸν
3168 5751 3325 5814 Υίὸν,
3359 5748 3456 5803 καὶ
3479 5749 3674 5804 πάντα
