4056 6264
397 269 462 326 21
1825 270 2270 331 'I'IIESAURUS.
3559 273 3632 328 ‘23

395 384 610 440 δέδωκε
641 385 709 438 ἐν
735 383 810 453 τῇ
850 385 1001 454 χειρὶ
1029 385 1210 442 αὐτοῦ
1233 402 1248 417 °
1283 405 1304 440 ι
1345 389 1442 444 καὶ
1467 391 1554 456 είς
1581 389 1668 456 τὸ,
1715 409 1734 444 ι
1765 393 1966 446 Πάντα

391 491 486 547 μοι
517 475 816 544 παρεδόθη
855 475 974 530 ὑπὸ
1001 476 1102 530 τοῦ
1133 479 1362 545 Πατρός
1381 497 1500 548 μου
1527 497 1540 510 ”
1575 500 1594 531 s
1629 483 1726 536 καὶ
1753 485 1840 548 είς
1877 485 1964 548 τὸ,

399 583 415 614 ι
444 566 524 618 Οὐ
556 565 822 634 δύναμαι
842 565 952 634 ἐγὼ
973 567 1069 620 ἀπ’
1083 567 1342 636 ἐμαυτοῦ
1363 570 1557 624 ποιεῖν
1584 571 1785 637 οὐδὲν,
1806 574 1968 628 ἀλλὰ

393 656 594 720 καθὼς
638 657 850 722 ἀκούω,
898 657 1100 725 κρίνω·
1139 677 1158 710 s
1205 661 1306 714 καί.
1349 661 1468 716 ὅσα
1517 663 1750 728 τούτοις
1799 661 1978 732 ὅμοιά

395 743 532 796 ἐστι
563 743 738 811 ῥητά.

1039 839 1190 894 ΛΟΓ.
1231 841 1357 896 ΚΔἌ

476 933 581 996 Εἰς
623 930 691 984 τὰ
737 933 1029 1002 λεγόμενα
1073 931 1210 999 περὶ
1241 931 1347 986 τοῦ
1381 931 1650 1001 Σωτῆρος
1681 931 1970 1000 dragons-['-

405 1038 522 1086 νως
553 1021 702 1089 παρὰ
733 1021 856 1088 τοῖς
892 1021 1344 1092 εὐαγγελισταῒς
1369 1062 1384 1086 ,
1426 1023 1512 1088 εὶς
1551 1023 1638 1088 τὸ,
1685 1024 1969 1078 ιἜκλαυ-

407 1125 498 1177 σε,
527 1131 556 1162 ι-
577 1111 672 1166 καί
697 1115 784 1178 είς
813 1113 902 1178 τὸ,
935 1113 1116 1168 ..Νῦν
1139 1114 1176 1182 ἠ
1209 1112 1378 1182 ψυχή
1398 1131 1518 1182 μου
1547 1113 1914 1182 τετάρακται,
1945 1133 1964 1166 ι

408 1201 500 1253 καὶ
540 1202 624 1266 είς
647 1201 736 1264 τὸ,
777 1220 794 1252 ι
827 1201 898 1255 El
924 1201 1208 1267 δυνατὸν,
1237 1201 1582 1269 παρελθέτω
1605 1202 1708 1256 ἀπ’
1732 1201 1879 1272 ἐμοῦ
1903 1203 1970 1256 τὸ

401 1289 678 1359 ποτήριον
703 1292 900 1358 τοῦτο,
923 1311 946 1346 ›
977 1292 1076 1348 καὶ
1100 1295 1186 1359 είς
1211 1293 1298 1356 τὸ,
1336 1311 1354 1344 ι
1382 1293 1718 1362 Περίλυπός
1744 1293 1914 1348 ἐστιν
1929 1293 1970 1360 ἡ

398 1381 562 1451 ψυχή
596 1401 742 1452 μου,
772 1401 790 1435 ι
827 1385 928 1437 καὶ
974 1383 1090 1436 ὅσα
1121 1387 1354 1448 τούτοις
1385 1384 1554 1454 ὅμοια
1573 1383 1750 1452 ῥητά.
1779 1387 1974 1452 Παρα-

395 1470 590 1537 θέσεις
618 1472 1026 1528 ἀποδεικτικαὶ
1069 1475 1188 1528 ἀπὸ
1229 1473 1336 1544 τῆς
1362 1475 1538 1544 ⁸θείας
1561 1475 1830 1544 Γραφῆς,
1873 1477 1970 1530 καὶ

395 1563 821 1634 Χριστομάχων
847 1563 1295 1634 ἀποτρέπουσαι
1319 1565 1435 1634 τὴν
1457 1566 1800 1621 κακόνοιαν.

1021 1657 1172 1710 ΔΟΓ.
1212 1657 1346 1711 KE'.‘

473 1748 575 1812 Εὶς
595 1745 686 1809 τὸ,
722 1765 742 1797 ι
767 1747 1142 1814 Πρωτότοκος
1171 1747 1374 1816 πάσης
1403 1749 1654 1812 κτίσεως
1679 1763 1694 1778 ·
1727 1765 1762 1800 s.
1787 1747 1876 1800 ὅτι
1895 1747 1968 1802 οὐ

403 1841 626 1906 κτίσμα
664 1839 697 1891 ὸ
739 1839 896 1904 Υιός.

1016 1927 1165 1980 ΛΟΓ.
1207 1927 1352 1994 καί.

472 2017 574 2081 Είς
597 2015 663 2070 τὸ
687 2017 1000 2084 εἰρημένον
1025 2015 1123 2070 ἐπὶ
1150 2019 1274 2083 τοῖς
1299 2016 1451 2083 υίοῒς
1473 2016 1810 2082 Ζεϐεδαίου,
1851 2034 1870 2068 ι
1903 2017 1972 2070 Τὸ

399 2106 636 2160 καθίσαι
660 2105 730 2160 ἐκ
753 2104 968 2171 δεξιῶν
987 2123 1118 2176 μου,
1139 2106 1178 2176 ἢ
1203 2107 1271 2173 ἐξ
1305 2107 1642 2178 εὐωνύμων,
1669 2109 1778 2162 οὐκ
1802 2105 1978 2162 ἐστιν

397 2197 542 2268 ἐμὸν
567 2196 804 2252 δοῦναι.

1037 2288 1186 2344 AOI‘.
1224 2289 1360 2343 ΚΥ.

483 2383 586 2445 Είς
605 2383 694 2446 τὸ,
725 2379 1245 2450 ι”ιναςγινώσκωσί
1269 2393 1342 2434 σε
1361 2379 1470 2434 τὸν
1487 2381 1674 2448 μόνον
1693 2379 1978 2446 ἀληθινὸν

413 2474 582 2537 Θεὸν,
613 2475 715 2529 καί
743 2472 818 2528 ὃν
843 2473 1212 2538 ἀπέστειλας
1243 2471 1478 2539 Ἰησοῦν
1495 2473 1800 2540 Χριστόν.)

1024 2562 1192 2618 ΛΟΓ.,
1215 2563 1352 2616 κη’.

473 2659 575 2724 Εἰς
611 2657 678 2710 τὸ
723 2657 886 2726 παρὰ
927 2655 1008 2720 τῷ
1033 2653 1232 2723 Δουκᾷ
1257 2655 1530 2724 κείμενον
1548 2669 1564 2686 ’
1597 2653 1880 2722 (Ἰησοῦς
1911 2653 1979 2706 δὲ

403 2749 732 2818 προέκοπτε
750 2748 940 2817 σοφίᾳ
962 2747 1059 2802 καὶ
1081 2747 1282 2816 ἡλικίᾳ
1315 2747 1412 2800 καί
1439 2745 1630 2815 χάριτι
1665 2745 1826 2814 παρὰ
1857 2742 1980 2810 Θεῷ

405 2843 498 2896 καὶ
525 2841 874 2910 ἀνθρώποις.
915 2859 936 2894 s

1033 2933 1179 2986 AOI‘.
1211 2933 1342 2986 KO’.

473 3029 569 3092 Εἰς
587 3027 670 3088 τὸ,
702 3025 926 3079 ι”οταν
949 3024 1017 3078 δὲ
1039 3022 1312 3094 ὑποταγῇ·
1335 3023 1497 3088 αὑτῷ
1515 3023 1588 3076 τὰ
1610 3021 1826 3084 πάντα,
1849 3021 1982 3076 τότε

414 3113 509 3168 καὶ
535 3115 710 3181 αὐτὸς
737 3116 770 3167 ὁ
797 3113 934 3180 Υἱὸς
979 3113 1420 3182 ὑποταγήσεται
1455 3111 1580 3184 [τῷ]
1609 3110 1980 3174 ὑποτάξαντι

414 3207 570 3272 αὐτῷ
590 3208 660 3261 τὰ
694 3205 906 3260 πάντα.
931 3223 952 3258 s

1055 3296 1209 3350 ΛΟΓ.
1249 3295 1330 3350 A'.

485 3391 586 3454 Είς
613 3389 700 3454 τὸ,
749 3406 766 3440 ι
793 3387 1004 3456 Πάτερ,
1029 3387 1298 3452 δόξασόν
1325 3403 1403 3455 με
1441 3385 1516 3456 τῇ
1550 3385 1696 3454 δόξῃ
1739 3379 1782 3458 ᾗ
1819 3381 1986 3454 εἶχον

414 3480 520 3549 πρὸ
559 3479 666 3534 τοῦ
703 3479 810 3534 τὸν
847 3483 1082 3552 κόσμον
1116 3475 1270 3533 εἶναι
1309 3479 1470 3548 παρά
1510 3479 1670 3534 σοί.)

1033 3569 1184 3625 ΛΟΓ.
1225 3568 1351 3623 AA’.

480 3662 634 3730 Πρὸς
662 3662 808 3728 τοὺς
839 3661 1148 3731 λέγοντας,
1184 3661 1272 3716 ὅτι
1309 3665 1342 3716 ό
1375 3661 1514 3726 Θεὸς
1545 3659 1816 3729 περὶτῆς
1851 3659 1986 3714 ἐαυ-

417 3755 520 3810 τοῦ
549 3755 764 3822 οὐσίας
807 3754 989 3809 οὑδὲν
1029 3752 1202 3822 mai»!
1245 3753 1434 3807 πλέον
1467 3753 1804 3816 ἐπίσταται,
1837 3751 1986 3805 ἀλλ’

422 3847 556 3914 ὅπερ
579 3846 656 3900 ἂν
675 3847 784 3900 αὐτ
793 3846 860 3910 ὸς
883 3845 1064 3912 εἰδείη
1087 3843 1219 3914 περὶ
1245 3843 1480 3909 ἑαυτοῦ,
1495 3843 1672 3897 τοῦτο
1697 3842 1796 3895 καὶ
1817 3841 1987 3910 ἡμεῖς

419 3936 908 4006 ἀπαραλλάκτως.

1041 4027 1190 4080 ΛΟΓ.
1227 4025 1348 4080 AB'.
1369 4078 1372 4082 .

501 4117 778 4188 Ἐκλοταὶ
819 4119 1020 4187 ῥητῶν
1073 4119 1222 4188 μετὰ
1283 4113 1714 4186 συλλογισμῶν
1759 4113 1828 4166 ἐκ
1881 4111 1992 4179 τῆς

423 4206 642 4274 Καινῆς
685 4208 1007 4275 Διαθὴκης,
1045 4207 1134 4262 ὅτι
1172 4205 1314 4274 Θεὸς
1347 4208 1498 4260 κατὰ
1538 4207 1726 4274 φύσιν
1757 4206 1788 4257 ό
1835 4203 1990 4268 Υἱός.

427 4297 498 4352 Ei
522 4297 589 4351 δὲ
621 4299 814 4365 τοῦτο,
842 4301 910 4353 οὐ
934 4300 1172 4370 ποίημα.
1195 4298 1338 4355 οὐδὲ
1365 4297 1608 4366 κτίσμα.

1045 4476 1198 4530 ΛΟΓ.
1227 4475 1350 4530 AI".

495 4567 622 4622 "Ott
656 4567 800 4634 Θεὸς
833 4567 984 4621 κατὰ
1011 4569 1201 4638 φύσιν
1226 4567 1292 4621 τὸ
1319 4567 1590 4635 Πνεῦμα,
1622 4563 1720 4618 καὶ
1764 4564 1831 4616 ἐκ
1879 4563 1988 4630 τῆς

436 4657 634 4724 οὐσίας
645 4657 749 4712 τοῦ
768 4659 1018 4726 Πατρὸς,
1036 4658 1110 4711 δι’
1141 4657 1276 4711 Υίοῦ
1299 4656 1366 4709 δὲ
1392 4655 1463 4724 τῇ
1487 4655 1679 4710 κτίσει
1705 4654 1992 4722 χορηγού-

433 4763 626 4814 μενον.

1049 4841 1200 4895 ΛΟΓ.
1241 4842 1357 4895 ΛΔ¹.

503 4931 864 4998 Παραθέσεις
883 4929 1085 5000 ῥητῶν
1111 4931 1352 5001 ἐφεξῆς,
1377 4933 1446 4986 ἐν
1469 4929 1560 4997 οἷς
1581 4931 1712 4985 ἔστι
1749 4930 1855 4982 τὸν
1876 4927 1995 4980 ἐπι-

433 5021 720 5086 τηροῦντα
761 5023 1021 5092 θεωρεῖν.
1052 5023 1141 5077 ὅτι
1178 5023 1339 5089 Θεὸς,
1365 5023 1430 5076 τὸ
1464 5022 1725 5090 Πνεῦμα,
1758 5017 1856 5071 καὶ
1883 5015 1997 5081 τὴν

427 5107 619 5176 αὐτὴν
651 5111 956 5181 ἐνέργειαν
983 5111 1126 5180 ἕχον
1152 5111 1232 5176 τῷ
1263 5110 1372 5176 Υίῷ
1392 5109 1722 5178 πανταχοῦ,
1753 5107 1852 5161 καὶ
1884 5107 1995 5158 οὐκ

427 5199 880 5272 ἀπεξενωμένον
903 5202 1012 5270 τῆς
1046 5203 1261 5268 οὐσίας
1290 5199 1688 5268 αὐτοῦ.⁹ομοῦ
1726 5197 1794 5250 δὲ
1831 5194 1996 5248 διδά-

427 5303 707 5358 σκουσιν,
740 5291 828 5346 ὅτι
871 5293 1018 5347 Θεοῦ
1050 5293 1378 5363 ⁸λεγομένου
1416 5289 1708 5344 κατοικεῖν
1737 5289 1806 5341 ἐν
1834 5287 1997 5356 ἡμῖν,

429 5385 499 5438 τὸ
531 5381 770 5452 Πνεῦμά
799 5383 932 5437 ἐστι
958 5384 1021 5436 τὸ
1052 5384 1347 5438 ἐνοικοῦν.

447 5459 450 5466 ’
1059 5475 1210 5530 AOI‘.
1249 5475 1373 5527 AE'.

497 5565 826 5632 Μαρτυρίαι
853 5564 974 5618 ἀπὸ
1008 5562 1114 5631 τῆς
1149 5565 1308 5629 θείας
1333 5561 1596 5632 Γραρῆς,
1619 5560 1690 5613 δι’
1718 5553 1805 5612 ὧν
1835 5558 2004 5612 ἐστιν

429 5653 598 5723 ίδεῖν,
625 5653 715 5707 ὅτι
761 5653 1014 5723 γενητὸς
1055 5654 1121 5707 ἐκ
1169 5655 1390 5721 Harch
1435 5653 1603 5706 ἐστιν
1650 5655 1679 5704 ό
1725 5649 1875 5715 Υἱὸς,
1907 5644 2002 5699 καὶ

427 5746 565 5816 οὐχὶ
601 5745 1024 5816 πεποιημένος.

2069 395 2122 448 iu
2146 409 2302 446 manu
2325 393 2436 463 ejus
2455 409 2502 458 ;s
2533 405 2582 448 et
2613 395 2663 446 iu
2689 393 2842 459 illud,
2877 411 2896 444 s
2933 393 3122 448 Omnia
3153 391 3282 444 mihi
3302 393 3496 444 tradita
3515 403 3631 446 sunt

2069 501 2098 538 α
2131 481 2316 550 Patre,
2358 504 2376 535 ι
2420 495 2468 539 et
2501 485 2552 538 in
2585 485 2738 548 illud,
2775 503 2794 536 ‹
2826 483 2949 536 Non
2971 499 3180 552 possunt
3232 501 3264 537 a
3321 501 3402 537 me
3468 485 3632 551 facere

2067 569 2368 640 quidquam,
2401 572 2490 626 sed
2517 571 2648 625 sicut
2681 571 2862 638 audio,
2877 571 3102 640 judico;
3137 589 3155 622 ι
3183 581 3230 626 et
3280 574 3335 625 in
3361 573 3468 626 alia
3500 575 3636 626 dicta

2069 659 2150 714 Itis
2177 661 2394 714 similia.

2563 836 2622 906 9
2647 835 2944 891 Assam.
2987 835 3176 894 xxw.

2137 925 2206 979 lu
2235 941 2296 980 ea
2329 941 2446 996 qua
2471 928 2706 982 humano
2733 945 2872 982 more
2897 929 3150 982 dicuntur
3191 929 3256 980 ab
3305 925 3634 994 erangelistis

2069 1015 2132 1068 de
2161 1013 2459 1080 Servatore,
2487 1015 2738 1070 nimirum
2761 1018 2814 1070 in
2845 1015 3002 1080 illud,
3039 1035 3056 1067 ι
3099 1015 3288 1078 Flevit,
3333 1035 3350 1068 ι
3389 1025 3436 1068 et
3489 1015 3540 1066 in
3569 1017 3634 1066 il-

2067 1103 2182 1169 lud,
2217 1123 2236 1156 ι
2272 1103 2429 1160 Nunc
2457 1107 2633 1160 anima
2671 1123 2784 1161 mea
2809 1107 3016 1160 turbata
3039 1117 3134 1172 est,
3177 1125 3196 1158 s
3235 1117 3304 1172 et,
3337 1123 3354 1156 ι
3413 1105 3472 1160 Si
3515 1123 3636 1173 pos-

2070 1197 2216 1250 sibile
2253 1207 2350 1262 est,
2386 1207 2620 1252 transeat
2651 1216 2682 1252 a
2709 1215 2788 1254 me
2817 1201 2962 1254 calix
2993 1201 3108 1266 iste,
3137 1217 3156 1250 ι
3192 1207 3264 1261 et,
3293 1217 3312 1250 ι
3355 1197 3536 1251 Tristis
3563 1207 3634 1250 est

2071 1287 2248 1338 animo
2275 1301 2410 1354 mea,
2443 1303 2464 1338 ι
2493 1285 2702 1356 aliaque
2728 1289 2884 1358 hujus
2909 1287 3118 1360 generis
3145 1287 3306 1340 dicta.
3335 1287 3636 1339 Auctorita-

2074 1384 2148 1429 tes
2191 1391 2360 1430 saera
2407 1376 2696 1446 Scriptura’
2733 1379 2900 1448 falsas
2950 1379 3316 1434 luereticorusn
3371 1377 3638 1444 opiniones

2072 1469 2436 1524 subvertentes.

2605 1641 2896 1698 ASSERT.
2933 1641 3094 1698 XXV.

2147 1733 2214 1788 In
2237 1734 2390 1800 illud,
2423 1751 2444 1786 s
2483 1731 2873 1804 Primogenitus
2909 1734 3078 1788 omnis
3106 1739 3382 1786 creatum.
3427 1745 3446 1780 ι
3484 1725 3636 1794 Quod

2077 1824 2250 1882 Filius
2275 1843 2376 1880 non
2395 1826 2466 1879 sit
2487 1837 2748 1880 creatura.

2598 1916 2890 1972 ASSEII'I‘.
2930 1915 3118 1972 XXVI.

2143 2007 2210 2062 In
2249 2007 2384 2062 illud
2409 2007 2542 2076 ﬁliis
2577 2005 2814 2062 Zebedazi
2839 2005 3060 2070 dictum,
3091 2024 3109 2058 ι
3167 2003 3358 2060 Sedere
3389 2019 3418 2056 a
3441 1999 3642 2056 dextris

2074 2099 2198 2152 meis
2231 2109 2320 2152 aut
2347 2115 2378 2152 a
2405 2099 2634 2153 sinistris
2663 2115 2764 2154 non
2791 2109 2866 2154 est
2895 2115 3064 2153 meum
3080 2098 3224 2152 dare.
3259 2115 3278 2146 ι

2599 2275 2894 2332 ASSERT.
2961 2275 3176 2332 XXVII.

2147 2368 2213 2424 In
2241 2369 2395 2432 illud,
2430 2387 2448 2420 ι
2493 2367 2894 2438 Utcoguoscaut
2951 2379 2998 2424 te
3033 2369 3202 2424 solum
3243 2383 3415 2424 uerum
3453 2365 3648 2432 Deum,

2075 2471 2124 2516 et
2151 2476 2304 2530 quem
2339 2460 2530 2514 misisti
2564 2458 2748 2514 Iesum
2779 2459 3066 2514 Christum.
3107 2477 3128 2512 ι

2581 2551 2872 2610 ASSERT.
2915 2551 3152 2608 XXVIII.

2149 2645 2216 2700 ln
2237 2645 2370 2700 illud
2407 2644 2564 2701 Luca
2585 2645 2805 2710 dictum,
2857 2663 2876 2698 ι
2915 2645 3074 2700 .lesus
3121 2655 3294 2698 autem
3347 2643 3646 2713 proﬁciebat

2079 2737 2342 2806 sapientia
2389 2747 2436 2792 et
2477 2747 2630 2792 attate
2703 2753 2766 2790 ac
2811 2737 2986 2806 gratia
3033 2737 3174 2804 apud
3209 2733 3372 2790 Deum
3404 2749 3448 2788 et
3477 2735 3646 2788 Itami-

2083 2845 2192 2884 ηεε.
2236 2847 2255 2880 ι

2601 2918 2898 2974 Αεδειιτ.
2933 2918 3126 2974 XXIX.

2155 3011 2224 3066 1η
2280 3010 2434 3076 illud,
2473 3028 2492 3062 ι
2533 3009 2664 3064 Cum
2696 3027 2812 3064 rero
2863 3011 3096 3078 subjecta
3140 3010 3190 3063 ei
3231 3009 3421 3077 fuerint
3451 3007 3654 3060 omnia.

2085 3113 2208 3156 tunc
2235 3113 2280 3154 et
2301 3102 2408 3168 ipse
2431 3115 2632 3169 quoque
2660 3098 2834 3154 Filius
2854 3101 3160 3168 subjiciatur
3197 3099 3244 3154 ei
3273 3098 3362 3167 qui
3395 3097 3492 3151 sibi
3525 3113 3652 3150 cuu-

2079 3201 2164 3246 cta
2183 3191 2420 3260 subjecit.
2433 3209 2456 3244 s
3225 3259 3234 3268 .

2629 3280 2917 3338 ASSERT.
2962 3281 3128 3336 XXX.

2155 3368 2219 3422 in
2249 3369 2404 3436 illud,
2447 3391 2466 3424 ι
2509 3371 2690 3438 Pater,
2723 3371 2962 3441 glori/ica
3011 3387 3092 3424 me
3159 3369 3254 3424 illa
3289 3369 3456 3438 gloria
3495 3383 3652 3438 quam

2083 3460 2244 3514 habui
2275 3465 2413 3530 apud
2441 3473 2512 3530 te,
2541 3475 2824 3532 antequam
2857 3465 3084 3516 mundus
3119 3473 3270 3516 esset.
3311 3480 3332 3514 ι

2607 3551 2894 3608 ASSERT.
2937 3551 3128 3610 XXXI.

2155 3643 2416 3698 Adversus
2453 3645 2705 3708 dicentes,
2741 3643 2879 3714 quod
2913 3641 3051 3698 Deus
3099 3644 3264 3698 nihilo
3309 3643 3420 3712 plus
3442 3641 3654 3696 sciatde

2086 3753 2186 3792 sua
2213 3739 2636 3806 essentia,quam
2686 3751 2800 3802 nos,
2855 3736 2945 3788 sed
3006 3735 3256 3804 quidquid
3305 3735 3410 3800 ipse
3462 3734 3557 3785 scit
3593 3733 3653 3783 de

2086 3830 2252 3895 seipso
2271 3869 2286 3894 ,
2313 3829 2542 3898 idipsurn
2565 3837 2612 3882 et
2643 3845 2734 3882 nos
2768 3843 2970 3900 quoque
3001 3827 3140 3880 circa
3191 3825 3350 3880 ullam
3407 3825 3652 3893 eli/Tereu-

2089 3921 2214 3974 tiam
2233 3922 2402 3976 scire-

2579 4007 2874 4064 ASSERT.
2947 4005 3163 4064 XXXII.

2163 4100 2480 4156 Testimouia
2499 4119 2564 4156 ex
2587 4101 2735 4154 Νουο
2777 4103 3124 4162 Testamento,
3161 4109 3436 4162 eorumque
3453 4095 3652 4159 exped-

2089 4193 2426 4255 tiones,.cum
2455 4189 2786 4260 syllogismis,
2815 4187 2949 4258 quod
2981 4183 3027 4238 F
3032 4184 3156 4240 ilius
3211 4184 3278 4237 sit
3341 4185 3499 4248 Deus,
3577 4199 3654 4236 se-

2090 4285 2319 4340 cundum
2359 4291 2718 4346 naturam;ex
2739 4297 2840 4350 quo
2861 4278 3088 4348 infertur
3120 4293 3221 4332 non
3269 4293 3378 4332 esse
3421 4293 3548 4346 opus
3585 4278 3660 4330 rel

2095 4385 2386 4430 creaturam
2399 4416 2412 4428 .

2593 4465 2878 4523 ASSERT.
2919 4465 3012 4520 XX
3023 4464 3158 4520 XIII.

2163 4560 2314 4624 Quod
2347 4559 2574 4629 Spiritus
2597 4571 2810 4616 sanctus
2853 4561 2918 4614 sit
2961 4559 3096 4612 Deus
3165 4561 3450 4614 secundum
3501 4564 3655 4608 uatu-

2095 4667 2212 4703 ram
2233 4661 2278 4704 et
2315 4667 2378 4705 ea:
2411 4653 2634 4706 essentia
2664 4650 2864 4706 Patris.
2893 4648 2958 4702 Et
3012 4650 3151 4715 quod
3171 4666 3261 4719 per
3291 4647 3489 4702 Filium
3513 4661 3648 4698 crea-

2093 4745 2226 4798 turis
2248 4745 2487 4798 donetur.

2529 4833 2632 4902 ιο
2665 4831 2954 4888 assum.
2995 4830 3234 4888 xxxxv.

2173 4927 2482 4980 Testimonia
2517 4926 2808 4993 Scriptura:
2847 4923 3036 4994 quibus
3068 4923 3302 4982 docetur,
3367 4918 3506 4987 quod
3541 4917 3652 4989 Spi-

2099 5013 2230 5067 ritus
2255 5016 2320 5066 sit
2345 5015 2507 5078 Deus,
2526 5025 2572 5068 et
2593 5019 2825 5068 eamdem
2850 5016 3061 5066 omnino
3083 5027 3198 5062 cum
3235 5007 3376 5062 Filio
3407 5015 3667 5076 operatio-

2101 5119 2215 5157 nem
2243 5104 2450 5164 ltabeat,
2478 5103 2716 5170 quodque
2757 5118 2857 5153 non
2887 5101 2952 5153 sit
2983 5099 3186 5152 alienus
3216 5101 3280 5154 ab
3309 5101 3472 5170 ipsius
3497 5117 3682 5154 essen-

2101 5194 2194 5247 tia.
2218 5193 2330 5246 Hoc
2350 5193 2506 5246 etiam
2537 5205 2602 5245 ex
2625 5192 2698 5244 iis.
2719 5191 2952 5254 docetur,
2992 5193 3128 5260 quod
3151 5209 3266 5246 cum
3305 5193 3442 5246 Deus
3491 5194 3546 5245 in
3577 5209 3676 5244 no-

2103 5285 2179 5338 bis
2209 5284 2443 5338 habitare
2472 5283 2688 5348 dicitur,
2714 5281 2946 5352 Spiritus
2971 5283 3039 5336 sit
3063 5285 3150 5351 qui
3177 5284 3456 5338 inhabitat.

2598 5458 2890 5516 ASSERT.
2928 5460 3140 5514 XXXV.

2177 5555 2491 5611 Testimonia
2553 5565 2717 5603 sacrae
2793 5550 3081 5618 Scriptum
3155 5550 3338 5616 quibus
3405 5544 3672 5610 probatur,

2111 5649 2242 5712 quod
2303 5645 2475 5700 Filius
2533 5642 2602 5694 sit
2659 5639 2855 5704 genitus
2902 5657 2964 5695 ea:
3018 5639 3202 5702 Patre,
3249 5645 3298 5690 et
3355 5648 3457 5688 non
3531 5644 3678 5680 (ει-εα-

2100 5749 2204 5791 tus.
