4056 6264
395 261 466 318 2‘5

432 414 480 435 μ

1379 259 1435 312 S.
1477 256 1744 313 CYRlLLl
1787 254 2246 310 ALEXANDRINI
2285 253 2599 308 ARCIIIEP.
3556 258 3634 312 gg-

919 594 1037 718 Η
1117 586 1704 722 ΒΙΒΛΟΣ
1781 591 2120 718 ΤΩΝ
2197 588 3108 722 ΘΗΣΑΥΡΩΝ

771 869 1026 955 ΠΕΡΙ
1097 870 1312 955 ΤΗΣ
1381 865 1704 955 ΑΓΙΑΣ
1771 867 1964 954 ΚΑΙ
2037 871 2692 964 ΟΜΟΟΥΣΙΟΥ
2763 873 3253 967 ΤΡΙΑΔΟΣ..

1586 1279 2424 1396 THESAURUS

1119 1541 1215 1602 DE
1260 1543 1546 1608 SANCTA
1586 1544 1680 1603 ET
1724 1545 2412 1608 CONSUBSTANTI-ALI
2454 1548 2889 1609 TR‘INITATE".

1965 1770 2036 1782 -η-.

813 1925 1382 2018 ASSERTIO
1460 1931 1544 2014 l.

877 2077 955 2132 De
978 2078 1149 2149 genito
1169 2087 1218 2131 et
1233 2079 1490 2155 ingenito.

465 2191 563 2263 ιι
615 2189 672 2246 Si
726 2190 912 2245 Ariani
969 2205 1065 2246 nos
1104 2191 1522 2262 aggrediantur,
1573 2191 1968 2266 interrogantes

397 2295 575 2339 utrum
595 2297 758 2348 unum
780 2281 1156 2351 sitingenitum
1181 2299 1245 2335 an
1264 2282 1388 2347 duo,
1413 2291 1470 2335 ut
1494 2298 1612 2338 cum
1636 2300 1797 2339 unum
1819 2294 1968 2341 certe

399 2387 518 2427 esse
546 2373 861 2437 dixerimus,
881 2373 945 2425 ad
965 2371 1177 2426 Patrem
1203 2372 1255 2426 id
1278 2371 1588 2433 referentes,
1610 2373 1800 2428 Filium
1826 2376 1966 2431 inter

400 2472 676 2518 creaturas
693 2462 1014 2520 collocemus
1033 2463 1134 2518 :ita
1153 2464 1474 2530 respondere
1484 2475 1696 2534 oportet
1717 2465 1962 2522 frivolam

402 2563 455 2607 et
478 2554 709 2622 ineptam
731 2553 1205 2621 interrogationem
1228 2567 1379 2608 esse:
1411 2555 1591 2610 varias
1621 2556 1763 2609 enim
1797 2557 1964 2626 signi-

405 2644 686 2699 ficationes
719 2643 882 2698 habet
910 2641 1376 2712 ingenitum..Nam
1403 2643 1688 2712 ingenitum
1715 2653 1798 2700 est
1820 2647 1960 2716 quod

398 2733 636 2788 nondum
668 2733 884 2803 quidem
915 2733 1113 2788 factum
1147 2740 1247 2799 est,
1284 2741 1338 2788 et
1367 2742 1545 2790 tamen
1589 2735 1705 2790 neri
1739 2745 1915 2806 potest
1945 2754 1961 2791 :

398 2825 542 2879 sicut
574 2837 605 2878 e
637 2823 781 2894 ligno
809 2826 1030 2893 scapha,
1061 2837 1114 2880 et
1144 2839 1210 2879 ex
1252 2839 1362 2880 aere
1405 2835 1602 2881 statua.
1640 2825 1848 2882 Rursus
1877 2829 1964 2882 in-

399 2914 632 2980 genitum
665 2913 882 2980 dicitur,
922 2915 1076 2984 quod
1100 2930 1374 2985 nunquam
1407 2914 1609 2972 factum
1656 2927 1759 2983 est,
1794 2932 1966 2987 neque

403 3000 517 3054 ﬂeri
552 3010 726 3068 potest
759 3018 772 3055 :
803 3011 879 3067 ut,
905 3003 1135 3072 exempli
1167 3004 1362 3072 gratia,
1385 3004 1684 3076 triangulus
1710 3019 1810 3060 nec
1838 3004 1962 3068 fuit,

402 3106 501 3146 nec
525 3093 635 3147 erit
660 3108 893 3162 unquam
927 3093 1350 3163 quadrangulus.
1404 3094 1576 3149 Simul
1629 3095 1773 3150 enim
1829 3095 1967 3166 perit

401 3183 653 3251 trianguli
688 3183 882 3253 ﬁgura,
927 3184 1031 3237 alia
1077 3184 1321 3252 quaedam
1371 3200 1533 3254 quam
1572 3193 1710 3251 erat,
1749 3185 1827 3239 iit.
1884 3186 1964 3240 Ad

401 3273 515 3327 haec
544 3274 833 3341 ingenitum
875 3272 1091 3337 dicitur,
1137 3275 1277 3343 quod
1309 3275 1556 3343 quamvis
1587 3277 1658 3330 sit
1707 3284 1760 3329 et
1791 3274 1966 3332 subsi-

1983 1935 2033 1989 A

2392 1929 2755 2017 ΛΟΓΟΣ
2829 1929 3294 2016 ΠΡΩΤΟΣ.

2400 2069 2541 2137 Περὶ
2578 2070 2829 2137 γεννητοῦ
2867 2071 2964 2124 καὶ
3003 2069 3331 2142 ἀγενήτου..
3380 2097 3382 2102 ι

2140 2180 2202 2233 Ei
2248 2180 2508 2252 διερωτᾷν
2553 2185 2702 2253 ἡμᾶς
2745 2185 3070 2254 ἐπιχειροῖεν
3107 2183 3374 2255 Ἀρειανοὶ
3401 2223 3416 2250 ,
3465 2183 3524 2237 ἓν
3571 2183 3642 2239 τὰ

2067 2271 2382 2344 ἀγένητονῆ
2412 2274 2524 2340 δύο,
2564 2275 2650 2329 ἵνα
2687 2276 2843 2346 δῆθεν
2873 2276 2931 2330 ἓν
2961 2275 3204 2339 εἰπόντες
3247 2275 3397 2343 αὐτὸ,
3433 2276 3526 2328 καὶ
3555 2276 3636 2338 είς

2063 2362 2403 2438 τδνςΠατέρα-
2424 2367 2699 2436 φέροντες,
2727 2369 2784 2422 ἐν
2812 2371 2924 2431 τοῖς
2944 2371 3188 2438 γενητοῖς
3213 2367 3634 2440 καταριθμήσω-

2068 2472 2166 2526 μεν
2208 2455 2297 2510 τὸν
2330 2457 2480 2522 Υἰὸν,
2509 2459 2909 2529 ἀποκρίνασθαι
2959 2459 3063 2528 χρὴ
3106 2457 3363 2510 τοιῶσδε·
3416 2457 3635 2526 πρῶτον

2069 2544 2166 2614 μὲν
2214 2539 2306 2598 οὖν
2352 2545 2570 2617 ἀμαθὴς
2619 2547 2714 2599 καὶ
2753 2547 3135 2616 ἀπαίδευτοςὴ
3167 2547 3465 2617 ἐρώτησις·
3495 2545 3639 2600 κατὰ

2064 2631 2233 2685 πολλὰ
2259 2632 2366 2702 γὰρ
2389 2634 2758 2702 σημαινόμενα
2811 2633 2872 2685 τὸ
2899 2633 3190 2702 ἀγένητον
3214 2633 3633 2704 ἐκλαμϐάνεται.

2077 2723 2391 2791 Ἀγένητςόν
2422 2725 2544 2776 ὲστι-
2563 2724 2624 2777 τὸ
2664 2726 2842 2794 μήπω.
2871 2725 2970 2793 μὲν
3011 2725 3326 2794 γενόμενον,
3355 2724 3639 2796 ἐνδεχόμε-

2063 2831 2153 2867 νον
2179 2814 2235 2867 δὲ
2260 2815 2532 2882 γενέσθαι,
2562 2814 2638 2878 ὡς
2660 2815 2768 2868 ἀπὸ
2805 2814 2962 2878 ξύλου
2996 2816 3220 2884 σκάφος,
3255 2817 3286 2886 ἢ
3327 2818 3390 2869 ὲκ
3431 2816 3634 2887 χαλκοῦ

2064 2905 2303 2976 ἀνδριάς.
2336 2906 2446 2959 Καὶ
2477 2905 2636 2960 πάλιν
2667 2907 2959 2974 ἀγένητον
2981 2905 3198 2973 λέγεται
3229 2908 3290 2960 τὸ
3324 2908 3460 2978 μήτε
3492 2908 3637 2976 γενό-

2067 3012 2225 3066 μενον
2254 2995 2492 3058 πώποτε,
2531 2996 2670 3066 μήτε
2701 2995 2818 3066 μὴν.
2854 2995 3106 3063 γενέσθαι
3134 2996 3431 3067 δυνάμενον
3453 3011 3468 3024 ⁶
3502 2995 3635 3066 φέρε

2063 3089 2257 3152 εἰπεῖν,
2294 3088 2359 3142 τὸ
2390 3089 2652 3160 τρίγωνον
2685 3089 2868 3160 σχῆμα
2894 3091 2956 3143 οὐ
2993 3089 3182 3158 γέγονέ
3216 3107 3345 3143 ποτε
3368 3091 3639 3160 τετράγω-

2065 3193 2178 3240 νον,
2216 3175 2326 3230 οὔτ’
2359 3177 2424 3230 ἂν
2459 3177 2667 3244 γένοιτό
2700 3193 2832 3230 ποτε
2853 3193 2866 3207 ⁶
2900 3175 3018 3248 ἅμα
3045 3177 3154 3248 γὰρ
3193 3177 3512 3246 ἀφανίζεται
3541 3175 3635 3234 τοῦ

2065 3264 2332 3334 τριγώνου
2363 3264 2422 3316 τὸ
2446 3265 2652 3334 σχῆμα,
2687 3264 2882 3336 ἔτερόν,
2901 3282 2958 3322 τι,
2986 3265 3114 3336 παρ’
3144 3266 3280 3334 ὅπερ
3311 3261 3377 3334 ἦν
3405 3265 3638 3332 γίνεται.

400 3371 525 3428 stat,
549 3340 822 3431 nunquam
869 3372 1043 3417 tamen
1077 3340 1360 3433 ex—aliquo
1397 3364 1597 3419 factum
1669 3364 1790 3420 fuit.
1825 3366 1962 3420 (iam

2069 3356 2300 3424 Λέγεται
2336 3357 2498 3411 πάλιν
2541 3357 2859 3426 ἀγένητον,
2888 3356 2950 3408 τὸ
2981 3357 3222 3426 ὑπάρχον
3253 3355 3354 3424 μὲν
3389 3355 3483 3407 καὶ
3519 3355 3635 3423 ὑφ-

400 3468 528 3522 ergo
558 3453 739 3506 multis
777 3454 879 3522 1'2
927 3453 1100 3508 modis
1132 3453 1418 3523 ingenitum
1465 3455 1745 3523 capiatur,
1783 3456 1967 3510 dicant

400 3545 531 3614 quid
563 3544 726 3599 velint
752 3545 1037 3615 ingenitum
1077 3545 1130 3598 in
1169 3545 1276 3599 Deo
1313 3546 1642 3624 signiﬁcare.
1671 3549 1746 3600 Ac
1791 3547 1968 3601 dicent

405 3637 654 3703 fortasse,
689 3637 832 3706 quod
859 3652 1131 3707 nunquam
1163 3638 1403 3707 genitum
1442 3641 1514 3694 sit
1544 3657 1558 3694 :
1594 3639 1826 3695 confessi
1853 3639 1965 3709 pri-

403 3743 547 3782 mum
579 3742 700 3783 sese
731 3729 948 3784 indocte
995 3729 1382 3799 interrogasse.
1428 3731 1737 3787 Statu-amns
1783 3732 1968 3800 itaque

400 3819 565 3871 etiam
598 3833 762 3872 unum
789 3833 910 3876 esse
938 3821 1255 3891 ingenitum.
1293 3822 1445 3888 Quod
1477 3823 1522 3877 si
1565 3837 1632 3877 ex
1673 3824 1776 3877 hoc
1825 3822 1967 3876 infe-

403 3919 542 3975 rant,
579 3924 800 3968 necesse
828 3911 1049 3967 omnino
1091 3928 1210 3969 esse
1241 3923 1299 3966 ut
1333 3913 1532 3966 factum
1558 3912 1752 3966 Filium
1790 3913 1966 3967 conli—

403 4008 633 4062 teaiuur,
667 4001 920 4070 quoniam
968 4017 1109 4058 unus
1155 4003 1493 4058 solummodo
1549 4003 1820 4073 ingenitus
1862 4010 1965 4064 est,

401 4089 654 4144 nimirum
693 4090 886 4158 Pater;
919 4093 1032 4146 hate
1073 4102 1261 4148 contra
1288 4093 1509 4148 audient
1540 4111 1553 4146 :
1588 4091 1644 4148 Si
1678 4091 1965 4161 sapientia,

403 4191 459 4235 et
484 4183 678 4247 virtus,
695 4193 749 4238 et
780 4191 998 4241 verbum
1027 4185 1205 4243 Patris
1234 4197 1318 4243 est
1339 4188 1538 4254 Filius;
1570 4198 1797 4258 eratque
1823 4201 1968 4243 sem-

405 4287 500 4341 per
529 4274 582 4327 in
608 4273 765 4328 Patre
799 4274 1065 4342 Verbum,
1096 4287 1149 4331 et
1169 4279 1457 4345 sapientia,
1517 4288 1572 4332 et
1613 4281 1785 4333 virtus
1819 4297 1833 4332 :
1861 4295 1965 4333 non

406 4361 570 4430 igitur
597 4371 682 4417 est
708 4363 973 4432 posterior
1003 4373 1124 4418 ortu
1155 4363 1347 4429 Filius,
1378 4365 1469 4432 qui
1497 4365 1610 4417 haec
1645 4364 1758 4432 ipsa
1802 4373 1857 4416 et
1887 4373 1968 4417 est

401 4463 457 4506 ct
486 4465 713 4507 vocatur
743 4470 756 4506 :
791 4456 884 4507 sed
922 4454 1368 4520 quemadmodum
1393 4469 1457 4508 ex
1493 4453 1602 4507 Deo
1628 4452 1788 4517 Deus,
1820 4463 1872 4506 et
1904 4453 1969 4506 de

403 4542 606 4597 lumine
635 4541 813 4598 lumen
844 4542 1063 4608 elfulsit,
1096 4544 1176 4598 sic
1197 4559 1262 4598 ex
1294 4559 1398 4598 non
1445 4542 1590 4597 facto
1620 4557 1724 4596 non
1759 4541 1962 4596 factus.

400 4629 531 4686 Tale
561 4647 790 4702 namque
820 4643 1032 4703 oportet
1055 4647 1174 4689 esse
1193 4630 1450 4699 Verbum,
1479 4631 1660 4701 qualis
1693 4631 1855 4686 etiam
1885 4640 1968 4686 est

401 4725 495 4793 qui
527 4724 704 4792 ipsum
744 4725 949 4792 genuit.
982 4723 1057 4778 Ita
1082 4725 1227 4779 enim
1263 4725 1316 4780 id
1342 4725 1484 4794 quod
1507 4723 1684 4778 Patris
1710 4723 1964 4778 substan-

403 4813 490 4867 tia:
519 4814 794 4884 proprium
824 4822 926 4878 est,
978 4830 1105 4871 vere
1133 4815 1344 4870 dicetur
1387 4815 1438 4869 iu
1493 4828 1558 4869 eo
1595 4828 1736 4877 esse,
1772 4813 1862 4881 qui
1902 4827 1968 4866 ex

401 4903 521 4970 ipso
549 4906 762 4974 genitus
789 4916 893 4960 est.
935 4905 1080 4960 Nihil
1111 4907 1273 4976 igitur
1287 4907 1467 4960 obstat
1517 4905 1804 4975 quominus
1843 4919 1965 4958 cum

403 5012 542 5050 unus
575 4998 645 5051 sit
690 4997 850 5053 Pater
882 5015 988 5055 non
1037 4999 1233 5064 factus,
1263 4997 1497 5054 Verbum
1531 4999 1694 5053 etiam
1725 4997 1867 5067 quod
1899 5012 1964 5051 ex

404 5087 520 5153 ipso
545 5095 651 5151 est,
680 5102 784 5141 non
815 5090 886 5143 sit
913 5091 1112 5146 factum
1173 5108 1189 5144 :
1217 5092 1415 5162 quippe
1439 5089 1584 5160 quod
1637 5103 1801 5142 unum
1835 5102 1957 5141 cum

406 5177 564 5232 Patre
594 5187 651 5232 et
679 5177 733 5231 in
765 5179 922 5236 Patre
952 5193 1172 5252 propter
1213 5193 1420 5238 natura:
1455 5181 1966 5238 incommutabilita-

407 5278 513 5320 tein
542 5282 661 5321 esse
689 5267 1024 5339 intelligitur.
1045 5272 1196 5338 Quod
1217 5274 1433 5340 quidem
1472 5274 1634 5327 etiam
1671 5272 1785 5339 ipse
1805 5271 1871 5323 de
1909 5283 1967 5322 se

407 5358 482 5410 ait
519 5375 531 5410 :
567 5376 586 5410 ι
629 5358 741 5426 Ego
794 5369 848 5412 et
898 5357 1057 5414 Pater
1100 5377 1263 5416 unum
1307 5375 1494 5416 sumus
1524 5363 1564 5414 ⁸.
1599 5379 1616 5412 ι
1655 5359 1786 5413 Nam
1847 5373 1965 5425 per,

408 5461 608 5512 mium,
661 5447 993 5502 identiiatem
1041 5449 1355 5506 substantia:
1410 5449 1772 5521 significavit;
1837 5462 1962 5517 per.

470 5624 492 5658 ⁸
517 5619 669 5679 Juun.
710 5638 760 5684 χ,
794 5620 880 5675 50.

2065 3447 2313 3517 εστηκδς,
2337 3447 2410 3518 μὴ
2438 3447 2543 3518 μὴν
2561 3446 2924 3517 γεγενημένον
2941 3446 3043 3498 ὑπό
3065 3444 3388 3508 τινος.Κατὰ
3410 3443 3639 3506 πολλοὺς

2063 3538 2352 3610 τοιγαροῦν
2399 3539 2684 3608 νοουμένου
2716 3537 2950 3608 τρόπους
2981 3537 3076 3590 τοῦ
3110 3536 3423 3605 ἀγενήτου,
3447 3535 3500 3587 τί
3531 3537 3639 3603 ἄρα.

2071 3628 2355 3700 σημαίνειν
2386 3629 2479 3683 ἐπὶ
2501 3627 2638 3681 Θεοῦ
2670 3627 2946 3698 βούλονται
2976 3627 3057 3690 τὸ,
3098 3625 3430 3696 ἀγένητον;
3484 3624 3636 3678 Ἀλλ’

2069 3719 2200 3784 ι’σως
2247 3719 2308 3772 τὸ
2361 3719 2435 3790 μὴ
2475 3718 2802 3795 γεγενῆσθαι
2853 3719 3154 3789 φήσουσιν,
3209 3718 3640 3789 ὁμολογήσαντες

2069 3813 2334 3883 πρότερον
2373 3810 2709 3874 ἀπαιδεύτως
2754 3811 3082 3880 πεποιῆσθαι
3127 3811 3225 3882 τὴν
3277 3810 3636 3882 ὲπερὼτησιν.

2069 3901 2323 3970 Δεγέσθω
2345 3900 2522 3953 τοίνυν
2557 3900 2650 3953 καὶ
2698 3901 2826 3970 παρ’
2860 3902 2892 3969 ἡ
2904 3901 3016 3969 μῶν
3050 3901 3130 3952 ὅτι
3165 3898 3221 3951 ἓν
3265 3899 3325 3951 τὸ
3355 3899 3636 3969 ἀγένητον.

2069 3993 2130 4044 El
2176 3991 2232 4044 δὲ
2277 3989 2412 4060 πρὸς
2442 3989 2599 4043 τοῦτο
2628 3992 2802 4058 φαῖεν,
2833 3989 3042 4042 Οὐκοῦν
3079 3989 3292 4060 ἀνάγκη
3340 3992 3482 4043 πᾶσα
3517 4005 3640 4042 συν-

2067 4082 2345 4154 ομολογεῖν
2376 4080 2702 4151 γεγενῆσθαι
2740 4080 2829 4134 τὸν
2871 4080 3019 4144 Υἱὸν,
3052 4080 3240 4149 ἐπειδὴ
3284 4079 3344 4132 τὸ
3375 4079 3637 4148 ἀγένητον

2069 4175 2148 4238 ἓν,
2173 4175 2309 4244 ὅπερ
2349 4173 2495 4226 ἐστὶν
2541 4173 2569 4225 6
2615 4171 2822 4244 Πατὴρ,
2853 4170 3276 4230 ἁντακούσονται
3328 4170 3524 4223 πάλινο
3573 4169 3634 4221 ΕΞ

2071 4264 2229 4332 σοφία
2262 4262 2357 4316 καὶ
2391 4262 2639 4333 δύναμις,
2681 4263 2776 4313 καὶ
2820 4260 2976 4328 λάγος
3018 4258 3110 4311 τοῦ
3158 4258 3370 4327 Πατρός
3417 4258 3562 4309 ἐστιν
3609 4255 3638 4305 6

2069 4354 2226 4414 Υίὸςο
2258 4349 2326 4422 ἦν
2367 4352 2423 4404 δὲ
2452 4351 2540 4404 ἀεὶ
2579 4352 2636 4403 ὲν
2673 4350 2848 4419 Πατρὶ
2879 4349 3054 4417 λόγος,
3097 4348 3192 4401 καὶ
3224 4347 3400 4415 σοφία,
3431 4345 3524 4397 καὶ
3548 4342 3638 4395 δύ-

2069 4458 2252 4511 ναμις,
2275 4441 2376 4492 οὐκ
2405 4440 2720 4506 ὲπιγὲγονεν
2749 4435 2901 4492 οὖνὸ
2933 4439 3080 4501 Υἱὸς,
3109 4437 3168 4499 ὃς
3201 4435 3372 4488 ταῦτά
3399 4435 3514 4485 ἐστι
3542 4431 3637 4484 καὶ

2069 4527 2487 4587 καλεῖται.’Δλλῗ
2517 4529 2704 4596 ὥσπερ
2750 4527 2814 4578 ἐκ
2849 4525 2981 4585 Θεοῦ
3029 4526 3181 4588 Θεὸς,
3213 4525 3304 4576 καὶ
3349 4523 3412 4574 ἐκ
3461 4519 3637 4588 φωτὸς

2072 4617 2343 4690 ἐξέλαμψε
2374 4615 2510 4686 φῶς,
2544 4613 2809 4670 οὕτωκαὶ
2847 4613 2907 4679 ἐξ
2941 4613 3203 4683 ἁγενήτου
3232 4609 3511 4679 ἀγένητος.
3547 4609 3638 4661 Δεῖ

2073 4713 2178 4780 γὰρ
2203 4704 2340 4761 εἶναι
2368 4707 2605 4760 τοιοῦτον
2642 4705 2734 4759 τὸν
2757 4705 2946 4773 Λόγον,
2977 4702 3158 4766 ὁποῖός
3191 4703 3305 4754 ἐστι
3337 4698 3434 4752 καὶ
3459 4700 3488 4752 6
3518 4714 3639 4766 γεν-

2074 4805 2241 4874 νήσας
2272 4801 2452 4854 αὐτόν.
2482 4797 2636 4852 Οὕτω
2659 4799 2769 4868 γὰρ
2797 4798 2862 4851 ἂν
2886 4797 2946 4855 τὸ
2965 4797 3064 4865 τῆς
3091 4793 3185 4848 τοῦ
3214 4791 3427 4862 Πατρὺς
3453 4789 3638 4851 οὐσίας

2073 4894 2294 4964 γνήσιον
2321 4889 2706 4960 ὲπαληθεύοιτο
2735 4888 2810 4958 τῷ
2849 4887 2909 4953 ἐξ
2944 4885 3106 4944 αὑτοῦ
3135 4881 3478 4954 γεννωμένῳ.
3517 4880 3639 4934 Κω-

2073 4985 2195 5038 λύει
2235 4983 2413 5037 τοίνυν
2458 4980 2609 5035 οὐδὲν
2641 4980 2757 5044 ἐνὸς
2781 4979 2931 5042 ὄντος
2975 4977 3066 5032 τοῦ
3113 4977 3375 5046 ἁγενήτου
3407 4969 3635 5042 Πατρδς,

2073 5077 2337 5147 ἀγένητον
2361 5069 2496 5128 εἶναι
2523 5072 2616 5126 καὶ
2648 5071 2740 5125 τὸν
2759 5069 2828 5135 ἐξ,
2845 5068 3006 5125 αὑτοῦ
3029 5069 3218 5136 Λόγον,
3233 5066 3306 5129 ὡς
3338 5065 3394 5118 ἓν
3422 5080 3473 5116 τι
3502 5059 3639 5132 μετὰ

2075 5171 2283 5241 [ἰατρὸς
2333 5169 2425 5222 καὶ
2456 5167 2514 5224 ὲν
2546 5166 2722 5236 Πατρὶ
2760 5162 3045 5231 νοούμενον
3076 5159 3163 5211 διὰ
3189 5159 3249 5210 τὸ
3288 5157 3386 5226 τῆς
3425 5152 3637 5222 φύσεως

2072 5259 2522 5330 ἀπαράλλακτον
2550 5255 2586 5312 ὃ,
2623 5255 2688 5321 δὴ
2735 5253 2827 5306 καὶ
2871 5249 3030 5312 αὐτὸς
3059 5249 3186 5320 περὶ
3221 5242 3412 5299 ἑαυτοῦ
3443 5255 3633 5312 φησιν·

2080 5371 2098 5402 ι
2123 5351 2264 5420 Ἐγὼ
2295 5348 2389 5403 καὶ
2411 5351 2439 5402 6
2465 5347 2652 5416 Πατὴρ
2684 5344 2741 5397 ἓν
2773 5345 2958 5412 ἐσμεν,
2986 5360 3004 5391 ι
3034 5338 3122 5393 διὰ
3163 5338 3260 5408 μὲν
3287 5335 3402 5400 τοῦ,
3430 5331 3519 5396 ἓν,
3540 5331 3637 5399 τὴν

2074 5443 2374 5513 ταυτότητα
2406 5439 2505 5509 τῆς
2535 5435 2720 5499 οὐσίας
2749 5431 3056 5504 σημαίνωνο
3084 5429 3170 5483 διὰ
3203 5428 3257 5482 δὲ
3288 5425 3402 5491 τοῦ,
3427 5421 3635 5492 ἐσμὲν,
