4056 6264
317 269 396 324 Ἀ
1743 269 2190 328 'RHESAURUS.
3517 269 3588 328 26

313 397 392 444 εις
415 379 586 434 δυάδα
619 380 839 452 τέμνων
867 383 932 436 τὸ
959 383 1268 454 νοούμενον,
1311 385 1404 440 καὶ
1437 385 1598 440 πάλιν
1643 387 1723 448 εἰς
1773 385 1881 456 μία·

2009 402 2212 449 suum,
2245 385 2426 438 induo
2449 382 2724 446 scindens,
2754 381 2806 436 id
2833 383 2976 454 quod
2999 383 3316 456 intelligitur
3345 383 3396 437 in
3429 399 3588 438 unum

313 470 694 542 περισφίγγων
721 471 994 542 Θεὰτητα.

1001 565 1203 619 MAO.

375 654 440 708 Ei
481 656 584 710 τοῦ
629 658 850 729 Πατρὸς
875 657 1036 714 εἰκὼν
1063 659 1482 732 ἀπαράλλακτός
1507 659 1662 714 ἐστιν
1689 661 1716 714 ὁ
1747 659 1896 724 Υἱὸς,

305 747 380 810 ὡς
408 749 628 804 ἐκεῖνον
657 752 715 803 ὲν
747 751 892 822 αὐτῷ
919 752 1225 821 φαίνεσθαι,
1257 753 1400 808 κατὰ
1441 753 1521 816 τὸ,
1569 773 1586 804 ι
1609 754 1668 804 Ὀ
1719 753 1896 822 ἑωρα-

305 841 424 905 κὼς
457 842 584 912 ἐμὲ,
621 843 826 916 ἑώρακε
861 845 954 898 καὶ
983 846 1076 898 τὸν
1103 845 1346 916 Πατέρα,
1381 866 1400 898 ι
1451 846 1666 918 ἀνάγκη
1693 845 1900 914 λέγειν,

308 933 580 1004 ἀγένητον
610 929 744 989 εἶναι
769 937 860 990 τὸν
891 937 950 1002 ἐξ
976 937 1242 1008 ἀγενήτου
1276 936 1607 1008 προελθόντα
1639 937 1852 1008 Πατρός
1877 953 1892 966 ⁸

310 1025 436 1080 ἐπεὶ
467 1028 582 1090 πῶς
609 1027 676 1082 ἂν
703 1029 762 1080 ὲν
779 1024 856 1098 τῷ
883 1028 1102 1099 γενητῷ
1129 1029 1318 1099 ὀφθείη
1353 1029 1482 1082 ποτὲ
1509 1029 1570 1083 τὸ
1598 1029 1896 1098 ἁγένητον;

210 1137 214 1140 ·
313 1119 378 1174 Εἰ
405 1119 512 1190 γὰρ
542 1118 600 1172 τὸ
623 1119 934 1190 ἀρχέτυπον
956 1123 1014 1174 ὲν
1037 1121 1118 1191 τῷ
1146 1123 1422 1192 μιμήματι
1452 1120 1716 1190 φαίνοιτο,
1741 1119 1896 1173 ἔσται

311 1213 524 1274 πάντως
545 1211 686 1264 κατὰ
717 1211 876 1266 τοῦτο
907 1213 1304 1284 κάκεῖνο.Ὣρα.
1333 1212 1512 1280 λέγειν
1541 1209 1632 1264 οὖν
1667 1211 1900 1280 γενητὸν

308 1299 446 1357 εἶναι
481 1305 570 1358 καὶ
597 1305 690 1358 τὸν
719 1306 964 1377 Πατέρα,
999 1305 1122 1360 καθ’
1149 1306 1208 1360 ὃν
1234 1309 1266 1378 ἡ
1297 1304 1460 1360 εἰκὼν
1485 1302 1802 1376 ἐμορφὼοη.
1829 1303 1892 1356 Εί

303 1397 357 1450 δὲ
381 1396 534 1450 τοῦτο
562 1399 787 1464 ἄτοπον,
821 1398 974 1454 ἔσται
1003 1401 1220 1463 πάντως
1251 1389 1520 1468 ἀγενήτου
1544 1397 1604 1451 τὸ
1627 1395 1894 1465 ἀγένητον

300 1507 480 1545 εικων.

997 1670 1196 1724 AAAO'.

2009 491 2198 530 rursus
2227 474 2492 530 Deitatem
2526 474 2866 542 constringit.

2689 563 2920 620 ALIUD.

2078 657 2134 714 Si
2161 657 2336 714 Filius
2369 665 2454 712 est
2501 655 2962 712 incommutabilis
2993 653 3170 710 Patris
3211 655 3412 726 imago,
3455 657 3590 710 adeo

2007 765 2064 807 ut
2091 751 2248 807 Pater
2275 751 2328 806 in
2359 750 2496 806 Filio
2529 757 2812 819 appareat,
2833 749 2972 804 sicut
3005 749 3268 816 scriptum
3297 759 3408 804 est:
3434 767 3452 800 ι
3481 749 3586 816 Qui

2003 845 2146 900 videt
2176 860 2288 910 me,
2317 843 2464 898 videt
2501 851 2557 898 et
2585 841 2800 898 Patrem
2829 841 2872 908 ⁸,
2915 861 2932 894 ι
2963 855 3188 896 necesse
3221 843 3442 896 omnino
3473 839 3586 895 fite-

2007 940 2076 992 rit
2105 937 2378 996 contiteri.
2415 951 2520 990 non
2551 949 2674 990 esse
2695 933 2894 990 factum
2926 947 3048 988 eum
3081 933 3170 1002 qui
3204 949 3274 988 ex
3299 947 3404 988 non
3439 931 3586 988 facio

2001 1029 2160 1084 Patre
2181 1029 2444 1098 procedit.
2467 1027 2586 1094 Quo
2617 1035 2776 1096 pacto
2803 1027 2948 1082 enim
2977 1029 3028 1080 in
3071 1025 3216 1080 facto
3249 1035 3506 1096 appareat
3533 1025 3584 1080 id

2001 1124 2144 1194 quod
2177 1121 2380 1176 factum
2413 1135 2518 1174 non
2547 1119 2676 1174 est?
2709 1118 2848 1173 Nam
2873 1120 2918 1174 si
2957 1119 3314 1188 archetypum
3359 1117 3412 1170 in
3451 1118 3584 1172 ima-

1999 1217 2128 1286 gine
2153 1221 2434 1284 appareat,
2479 1221 2692 1282 oportet
2731 1221 2788 1264 ut
2819 1211 2936 1264 inec
2979 1209 3178 1266 similis
3219 1209 3290 1264 sit
3325 1209 3420 1262 illi.
3473 1207 3583 1276 Op-

2001 1317 2230 1380 portune
2275 1307 2457 1376 itaque
2499 1305 2604 1360 dici
2657 1313 2834 1373 posset
2881 1303 3048 1358 etiam
3101 1301 3318 1356 Patrem
3375 1301 3578 1356 factum

1999 1414 2146 1462 esse,
2179 1397 2242 1452 ad
2265 1411 2426 1466 quem
2464 1395 2640 1462 imago
2671 1395 2906 1448 formata
2937 1401 3039 1446 est.
3075 1392 3146 1446 At
3185 1407 3308 1446 cum
3347 1391 3450 1445 hoc
3491 1391 3584 1444 ιιίιο

1999 1494 2222 1548 surdum
2259 1494 2348 1556 sit,
2395 1491 2500 1546 erit
2533 1491 2758 1546 omnino
2807 1489 2984 1558 imago
3013 1503 3116 1544 non
3157 1485 3288 1542 facti
3329 1485 3584 1542 similiter

2001 1603 2106 1642 non
2140 1586 2304 1642 facta.

2679 1673 2908 1732 ALIUD.

377 1762 438 1817 ’θ
465 1760 740 1834 μακάριος
761 1761 968 1832 Μωσῆς
987 1761 1084 1833 τὴν
1104 1760 1198 1814 τοῦ
1223 1759 1516 1831 ἀνθρώπου
1543 1757 1881 1829 κατασκευὴν

2065 1769 2262 1826 Beatus
2291 1767 2382 1824 ille
2411 1765 2626 1840 Iloyses
2657 1767 2996 1822 creationem
3042 1765 3278 1822 hominis
3317 1779 3580 1820 enarrans

296 1852 690 1924 ἓξηγούμενος,
727 1853 970 1923 εἰσφέρει
1016 1851 1242 1920 λέγοντα
1288 1849 1422 1904 Θεόν
1444 1867 1458 1880 θ
1517 1868 1536 1900 ι
1567 1849 1890 1918 Ποιήσωμεν

300 1948 588 2022 ἄνθρωπον
613 1947 734 2000 κατ’
751 1947 932 2000 εἰκόνα
962 1947 1242 2018 ἡμετέραν
1273 1945 1368 1999 καὶ
1399 1941 1520 1997 καθ’
1541 1941 1801 2013 ὁμοίωσιν
1821 1957 1836 1972 ·
1863 1957 1900 1992 ι.

295 2042 358 2092 ὲν
386 2039 446 2093 δὲ
489 2025 574 2108 τῷ
607 2037 808 2107 λέγειν,
843 2037 1160 2108 ἡμετέραν,
1196 2035 1360 2090 πάλιν
1388 2035 1422 2102 ἠ
1457 2032 1589 2097 δυὰς
1623 2031 1889 2102 σημαίνε-

293 2119 418 2187 ut"
473 2133 725 2194 συνόντος
773 2130 1020 2202 δηλονότι
1069 2131 1166 2184 καὶ
1220 2127 1742 2198 συνθεολογουμένου
1789 2121 1888 2178 τοῦ

295 2226 452 2294 ἁγίου
495 2223 838 2294 Πνεύματος.
867 2223 930 2276 Ei
974 2223 1032 2276 δὲ
1078 2224 1135 2278 ὲν
1170 2223 1255 2274 ἑνὶ
1283 2222 1359 2292 τῷ
1388 2220 1658 2291 ἀνθρώπῳ
1683 2221 1718 2290 ἡ
1751 2216 1890 2288 αύτὴ

292 2317 390 2371 τοῦ
427 2316 642 2387 πατρὸς
671 2316 772 2369 καὶ
799 2313 896 2367 τοῦ
931 2313 1064 2368 Υἱοῦ
1095 2315 1344 2382 φαίνεται
1371 2311 1553 2378 εἰκὼν,
1587 2313 1710 2366 κατ’
1739 2311 1890 2364 οὐδὲν

297 2411 411 2480 ἄρα
467 2411 569 2479 τῆς
615 2405 756 2476 πρὸς
801 2403 1070 2474 ἀλλήλους
1111 2401 1517 2456 διαλλάττουσιν
1559 2399 1890 2469 ὁμοιότητος.

310 2499 594 2568 ’Λνόμοιον
627 2497 686 2548 δὲ
729 2495 944 2566 γενητῷ
984 2495 1044 2546 τὸ
1081 2492 1378 2561 ἀγένητον·
1407 2491 1508 2544 οὐκ
1533 2489 1640 2560 ἄρα
1669 2489 1892 2560 γενητὸς

295 2594 322 2646 6
349 2592 493 2656 Υἱὸς,
528 2590 616 2644 ἵνα
651 2588 728 2660 μὴ
757 2587 1014 2659 ἀνόμοιος
1045 2586 1330 2654 φαίνηται,

993 2679 1194 2731 ΑΛΛΟ.

365 2774 601 2844 Λέγεται
644 2771 798 2843 παρὰ
824 2772 948 2834 ταῖς
979 2768 1152 2830 θείαις
1187 2768 1432 2839 Γραφαῖς
1485 2765 1888 2840 παντοκράτωρ

297 2868 386 2922 καὶ
415 2867 618 2939 Κύριος
650 2867 680 2919 ὁ
711 2865 940 2936 Πατήρ·
971 2864 1088 2917 ἀλλ’
1117 2863 1216 2934 οὔχ
1251 2863 1327 2928 ὡς
1363 2861 1423 2914 ἓν
1445 2878 1497 2914 τι
1521 2859 1630 2915 τῶν
1655 2875 1892 2930 κρατου-

303 2961 474 3032 μένων
507 2959 541 3030 ἢ
571 2957 978 3030 κυριευομένων
1023 2958 1222 3010 νοεῖται
1271 2955 1378 3012 καὶ,
1415 2955 1454 3008 ἁ
1495 2954 1646 3018 Υἱὸς,
1691 2951 1788 3008 δεδι
1827 2953 1890 3008 τὸ

300 3055 516 3106 πάντων
541 3052 758 3124 κρατεῖν
786 3067 846 3103 τε
877 3049 972 3103 καὶ
993 3048 1268 3120 κυριεύειν
1293 3049 1500 3102 ἐκεῖνον
1519 3064 1532 3078 ·
1563 3049 1758 3118 κρατεῖ
1777 3045 1888 3116 γὰρ

299 3145 520 3199 πάντων
553 3145 648 3198 καὶ
677 3143 920 3216 κυριεύει
949 3143 1086 3213 μετὰ
1115 3138 1770 3214 Πατρὸς,παντοκράτωρ
1794 3137 1886 3190 καὶ

297 3237 463 3300 αὐτὸς
505 3237 764 3308 ὑπάρχων
808 3235 904 3290 καὶ
931 3234 1380 3304 Κύριος.Ὢσπερ
1430 3228 1520 3285 οὖν
1569 3233 1630 3283 ὲν
1674 3229 1888 3292 τούτοις

294 3327 396 3397 οὐχ
428 3327 504 3389 ὡς
539 3325 598 3379 έν
623 3325 732 3380 τῶν
762 3327 980 3380 πάντων
1033 3325 1186 3379 ἐστὶν
1232 3327 1260 3378 ὁ
1309 3323 1458 3388 Υἱὸς,
1505 3321 1616 3376 ἀλλ’
1647 3323 1742 3376 ἐπὶ
1788 3319 1886 3390 τὴν

291 3415 402 3470 τῶν
449 3418 694 3489 γενητῶν
741 3417 906 3488 φύσιν
941 3418 974 3488 ἡ
1006 3415 1117 3470 τῶν
1145 3416 1358 3481 λέξεων
1377 3415 1608 3484 δύναμις
1637 3415 1881 3484 φέρεται,

291 3511 432 3564 οὕτω
453 3510 548 3563 καὶ
580 3510 673 3563 ἐπὶ
704 3511 996 3582 ἀγενήτου,
1027 3511 1088 3564 οὐ
1122 3511 1254 3580 πρὸς
1286 3509 1377 3562 τὸν
1409 3507 1558 3571 Υίὸν,
1579 3508 1716 3562 ἀλλὰ
1747 3507 1884 3578 πρὸς

290 3601 388 3672 τὴν
417 3602 647 3672 κτίσινή
681 3602 994 3674 σύγκρισις,
1031 3602 1134 3656 κᾶν
1157 3601 1214 3654 ἓν
1247 3595 1388 3654 εἶναι
1421 3601 1644 3672 λέγηται
1665 3601 1726 3654 τὸ
1749 3601 1881 3670 ἀγέ-

290 3712 446 3770 νητον
465 3712 480 3724 ’
511 3694 599 3748 διὰ
619 3695 680 3748 τὸ
711 3694 894 3750 πάντα
921 3694 1204 3765 γεγονέναι
1237 3693 1414 3766 παρὲξ
1435 3691 1592 3747 Θεοῦ.

325 3897 452 3952 Ὅτι
491 3897 760 3968 κρεῖττόν
797 3897 932 3950 ἐστι
969 3898 1066 3951 καὶ
1095 3893 1574 3968 ’ἀξιολογώτερον
1609 3897 1846 3966 Πατέρα

523 3967 852 4022 καλεῖσθαι
889 3969 996 4022 τὸν
1036 3969 1202 4034 Θεὸν,
1245 3970 1280 4038 ἣ
1321 3967 1634 4040 ἀγένητον.

355 4082 430 4136 Τὸ
457 4082 654 4150 πατὴρ
689 4080 884 4152 ὄνομα,
899 4081 996 4153 τὴν
1022 4083 1148 4152 περὶ
1176 4083 1292 4136 uio-3
1321 4084 1542 4148 παντως
1571 4083 1782 4139 ἔννοιαν
1817 4087 1878 4140 ὲν

285 4171 464 4243 ἑαυτῷ
511 4173 878 4241 συνεισφέρει·
903 4174 972 4226 τὰ
1007 4171 1114 4244 γὰρ
1140 4171 1367 4226 τοιαῦτα
1398 4175 1466 4227 δι’
1497 4175 1742 4247 ἀλλήλων
1779 4195 1876 4244 ση-

287 4265 560 4334 μαίνεται.
591 4261 666 4314 Τὸ
697 4261 756 4314 δὲ
782 4263 1060 4331 ἀγένητος
1093 4262 1292 4333 ὄνομα,
1324 4261 1401 4332 τῷ
1437 4263 1512 4332 μὴ
1545 4264 1874 4334 γεγενῆσθαι

280 4357 450 4422 Θεὸν,
501 4357 602 4428 τὴν
661 4354 772 4408 τῶν
817 4356 1054 4426 γενητῶν
1112 4353 1574 4424 ἀντιπαρατίθησι
1629 4357 1869 4426 μνήμην.

1991 1863 2192 1918 inducit
2222 1859 2386 1916 Deum
2413 1859 2728 1916 dicentem:
2767 1878 2786 1910 ι
2827 1857 3114 1914 Faciamus
3161 1857 3436 1914 hominem
3489 1869 3580 1908 sc-

1991 1955 2228 2010 cttndum
2287 1953 2580 2022 imaginem
2615 1962 2666 2004 et
2723 1949 3134 2006 similitudinem
3195 1959 3436 2004 nostram
3469 1946 3509 1999 ⁷.
3553 1963 3572 1996 ι

1991 2049 2128 2104 Cum
2185 2061 2316 2104 vero
2348 2047 2776 2108 dicit,nostmm,
2817 2057 3012 2100 rursus.
3038 2041 3272 2096 dualitas
3305 2037 3580 2110 signiﬁca-

1997 2151 2084 2196 tur
2111 2155 2270 2198 :cum
2336 2139 2538 2209 alioqui
2581 2139 2746 2194 etiam
2779 2137 2938 2202 adsit,
2974 2143 3030 2190 et
3073 2133 3261 2190 deitati
3317 2145 3574 2188 annmne-
3617 2157 3622 2162 -

1993 2245 2142 2290 retur
2169 2233 2408 2303 Spiritus
2436 2241 2682 2288 sanctus.
2712 2231 2770 2286 Si
2801 2245 2932 2300 ergo
2969 2229 3022 2282 in
3053 2243 3161 2282 uno
3213 2225 3432 2280 homine
3469 2237 3576 2276 una

1989 2339 2152 2398 atque
2181 2328 2368 2380 eadem
2397 2323 2580 2380 Patris
2609 2333 2664 2378 et
2691 2323 2810 2378 Filii
2849 2323 3028 2392 imago
3065 2327 3312 2389 apparet,
3347 2317 3400 2370 in
3431 2315 3578 2368 nullo

1989 2429 2138 2474 certe
2175 2417 2316 2470 inter
2342 2429 2400 2470 se
2425 2413 2716 2468 dissimiles
2755 2419 2900 2466 sunt.
2941 2408 3216 2465 Dissimile
3259 2416 3442 2462 autem
3497 2413 3578 2456 est

1989 2511 2140 2566 facto
2171 2509 2222 2562 id
2252 2505 2396 2576 quod
2428 2503 2532 2574 13
2569 2503 2772 2558 factum
2807 2517 2914 2556 non
2949 2509 3052 2556 est.
3089 2497 3204 2556 Non
3231 2507 3466 2569 estergo
3493 2497 3578 2550 ta-

1991 2613 2108 2660 ctus
2130 2599 2322 2662 Filius,
2357 2613 2422 2652 nc
2447 2595 2728 2652 dissimilis
2753 2595 2898 2648 Patri
2933 2591 3260 2648 inveniatur.

2667 2685 2896 2742 ALIUD.

2061 2789 2224 2844 Pater
2273 2789 2326 2842 in
2359 2801 2514 2841 sacra
2566 2783 2850 2852 Scriptura
2897 2781 3140 2834 omnium
3179 2779 3480 2848 imperator
3523 2785 3578 2829 et

1995 2881 2251 2936 Dominus
2274 2877 2502 2943 dicitur;
2535 2876 2632 2932 sed
2667 2889 2774 2929 non
2797 2875 2870 2928 ita
2887 2871 3140 2927 ut-Filius
3163 2885 3326 2924 unum
3344 2867 3474 2940 quid
3507 2867 3578 2918 sit

1989 2989 2198 3040 eorum,
2230 2985 2350 3042 qua
2381 2969 2553 3038 ipsius
2581 2965 2811 3036 imperio
2846 2973 2902 3018 et
2921 2961 3274 3018 dominationi
3332 2957 3576 3028 subjecta

1993 3075 2144 3130 sunt,
2177 3079 2300 3120 eam
2335 3059 2404 3116 ob
2433 3073 2656 3114 causam
2699 3057 2842 3126 quod
2873 3055 3034 3108 Pater
3061 3052 3314 3109 omnibus
3349 3051 3578 3118 imperet

1987 3169 2044 3214 et
2063 3157 2406 3220 dominetur;
2439 3155 2670 3224 imperat
2701 3147 2842 3205 enim
2885 3155 2940 3202 et
2967 3145 3284 3200 dominatur
3316 3140 3570 3198 omnibus

1985 3269 2107 3308 cum
2128 3253 2306 3315 Patre,
2325 3251 2544 3320 ipseque
2561 3247 2726 3302 etiam
2749 3242 3094 3310 omnipotens
3117 3247 3200 3294 est
3221 3247 3272 3294 et
3297 3235 3576 3292 Dominus.

1985 3342 2448 3410 Quemadmodum
2486 3329 2650 3411 igitur
2688 3340 2740 3393 in
2799 3335 2920 3392 istis
2961 3349 3066 3388 non
3097 3331 3260 3386 veluti
3304 3343 3443 3384 unus
3471 3325 3578 3382 ali-

1983 3435 2106 3502 quis
2133 3449 2200 3488 ex
2249 3432 2518 3488 universis
2547 3437 2805 3485 censetur
2851 3425 3054 3490 Eilius,
3088 3426 3184 3478 sed
3232 3421 3428 3477 horum
3456 3433 3580 3474 vcr-

1983 3529 2182 3582 ltorum
2235 3526 2322 3580 vis
2367 3533 2578 3580 tantum
2629 3536 2718 3576 res
2765 3529 2980 3574 creatas
3042 3514 3444 3586 complectitur,
3501 3511 3574 3565 ita

1981 3617 2218 3672 etiamin
2249 3631 2358 3670 non
2399 3614 2562 3678 faeto,
2599 3627 2703 3667 non
2737 3611 2802 3664 ad
2829 3608 3048 3672 Filium,
3077 3608 3170 3662 sed
3205 3608 3574 3660 arlcreaturas

1980 3709 2311 3778 comparatio
2341 3705 2534 3769 fertur,
2573 3702 2788 3758 tametsi
2863 3715 3030 3754 unum
3073 3699 3289 3752 dicatur
3324 3711 3432 3749 non
3499 3695 3576 3746 fa-

1979 3811 2160 3858 ctum:
2187 3799 2442 3870 quoniam
2461 3806 2654 3869 printer
2678 3809 2842 3850 unum
2873 3793 3040 3848 Deum
3059 3791 3237 3848 omnia
3267 3789 3405 3844 facta
3427 3797 3571 3843 sunt.

1981 3911 2136 3978 Quod
2161 3911 2346 3966 melius
2371 3920 2525 3982 atque
2551 3909 2765 3980 dignius
2801 3907 3066 3982 sit_Deum
3105 3905 3280 3958 rocari
3333 3902 3574 3968 Patrem,

2525 3979 2682 4051 quam
2713 3979 3025 4050 ingenitum.

2048 4096 2228 4152 Patris
2259 4109 2454 4148 nomen
2503 4093 2752 4146 notitiam
2805 4090 2898 4142 ﬁlii
2935 4086 3252 4141 necessario
3281 4097 3466 4136 secum
3489 4082 3574 4136 in-

1978 4191 2148 4246 ducit.
2182 4187 2414 4241 Nomina
2449 4185 2596 4238 enim
2639 4181 2948 4252 ltujusmodi
2999 4193 3120 4234 sese
3163 4185 3348 4232 mutuo
3385 4173 3570 4230 decla-

1979 4292 2120 4336 rant.
2177 4276 2413 4346 Ingeniti
2439 4291 2568 4332 vero
2594 4289 2788 4330 nomen
2821 4289 2890 4328 ex
2919 4287 2984 4326 eo
3027 4271 3172 4342 quod
3205 4271 3348 4326 Deus
3389 4268 3568 4322 factus

1978 4389 2080 4429 non
2107 4383 2210 4438 est,
2242 4387 2341 4427 nos
2371 4372 2424 4426 in
2457 4385 2642 4426 eorum
2681 4383 2800 4436 quae
2846 4366 2984 4420 facta
3019 4373 3146 4420 sunt
3186 4403 3201 4429 ,
3235 4361 3566 4418 recordatio-

295 4451 594 4519 Ἀναγκαία
639 4448 694 4502 δὲ
742 4451 854 4511 τοῖς
904 4449 1178 4502 πιστεύειν
1225 4446 1502 4500 ἐθέλουσιν
1541 4445 1742 4518 ὀρθῶς,
1776 4451 1875 4519 τῆς

1988 4481 2102 4519 nem
2135 4465 2374 4522 vicissim
2412 4463 2653 4517 adducit.
2685 4459 3006 4514 Necessaria
3033 4467 3212 4512 autem
3249 4466 3333 4512 est
3377 4455 3444 4510 iis
3474 4455 3564 4524 qui

283 4543 446 4610 ἁγίας
469 4541 699 4613 Τριάδος
725 4541 758 4610 ἡ
789 4539 1010 4609 γνῶσις.
1041 4541 1103 4593 Εἰ
1130 4539 1308 4592 τοίνυν
1339 4541 1368 4593 ὁ
1397 4538 1496 4608 μὲν
1529 4540 1751 4610 Πατέρα
1783 4541 1871 4593 λέ-

282 4652 400 4704 γων
445 4636 546 4705 ὁρᾷ
585 4633 676 4686 τὸν
715 4632 840 4685 Υίὸν
871 4631 938 4686 δι’
969 4634 1026 4686 ὃν
1054 4634 1171 4686 ἐστι
1199 4632 1390 4703 Πατήρ
1414 4647 1428 4660 ·
1459 4632 1490 4684 6
1519 4633 1576 4685 δὲ
1607 4633 1871 4704 ἀγένητον

282 4725 564 4796 ὀνομάζων
599 4725 780 4788 αὑτὸν,
813 4725 916 4796 ὁρᾷ
939 4723 1012 4777 τὰ
1037 4724 1327 4794 γενόμενα,
1351 4718 1434 4788 οἷς
1473 4725 1710 4794 εὐλόγως
1735 4727 1764 4778 6
1796 4725 1870 4796 μὴ

279 4816 526 4894 γεγονὼς
553 4816 1071 4870 ἀντιδιαστέλλεται·
1115 4817 1250 4870 πολὺ
1279 4817 1342 4888 δὴ
1373 4820 1640 4888 κρεῖττον,
1676 4819 1768 4889 ἀφ’
1796 4813 1872 4873 ὧν

275 4911 312 4979 ἡ
353 4907 484 4977 περὶ
517 4905 613 4959 τοῦ
644 4906 772 4960 Υίοῦ
809 4909 1056 4961 τίκτεται
1095 4907 1320 4976 γνῶσις,
1370 4908 1736 4978 σημαίνεσθαι
1780 4909 1873 4964 τὸν

273 5001 431 5064 Θεὸν,
463 4999 496 5070 ἦ
525 4998 586 5064 ἐξ
610 4992 684 5053 ὧν
715 5001 750 5070 ἡ
793 4999 904 5053 τῶν
929 5000 1246 5070 ποιημάτων
1268 4999 1622 5070 ἀναφαίνεται
1657 5002 1869 5072 μνήμη,

274 5091 605 5145 συντελοῦσα
637 5091 775 5162 πρὸς
816 5090 914 5162 τὴν
943 5089 1144 5159 γνῶσιν
1186 5091 1285 5159 τῆς
1329 5091 1491 5158 ἁγίας
1522 5091 1748 5164 Τριάδος
1780 5094 1870 5145 οὑ-

269 5183 386 5241 δέν,
413 5183 523 5235 Καὶ
550 5185 580 5236 ὁ
613 5183 714 5254 μὲν
761 5183 982 5254 Πατέρα
1011 5181 1207 5253 λέγων,
1241 5183 1333 5250 ἀφ’
1361 5177 1435 5236 ὧν
1463 5183 1578 5236 ἐστι
1613 5184 1868 5255 σημαίνει

265 5274 432 5328 Θεὸν·
477 5275 506 5327 ὁ
538 5275 594 5328 δὲ
633 5275 902 5346 ἀγένητον
943 5277 1130 5341 εἰπὼν,
1168 5275 1262 5344 ἀφ’
1291 5272 1366 5330 ὧν
1393 5277 1493 5330 οὐκ
1530 5276 1678 5330 ἐστιν
1702 5295 1714 5308 ·
1752 5278 1866 5331 ἔστι

264 5367 368 5440 μὲν
413 5367 524 5437 γὰρ
575 5367 708 5423 Υἱοῦ
758 5369 972 5438 Πατὴρ,
1008 5370 1231 5440 γενητὸς
1263 5369 1320 5422 δὲ
1351 5369 1450 5422 οὐκ
1509 5369 1775 5424 ἔστι.”οτι
1807 5372 1865 5424 δὲ

261 5457 466 5527 μᾶλλον
511 5459 570 5524 ἐξ
612 5453 690 5513 ὧν
722 5459 894 5526 ἔστιν,
927 5461 959 5531 ἥ
999 5461 1058 5526 ἐξ
1082 5455 1156 5515 ὧν
1189 5463 1288 5516 οὐκ
1335 5463 1502 5528 ἔστιν,
1533 5463 1862 5536 οἰκειότερον

260 5551 588 5622 σημαίνεται
613 5553 774 5621 Θεὸς,
802 5555 869 5606 ὲκ
885 5553 1040 5607 τοῦδε
1063 5554 1255 5622 γένοιτ’
1277 5557 1341 5611 ἂν
1367 5558 1526 5613 παντί
1550 5575 1627 5625 τῳ
1669 5556 1855 5624 σαφές.

325 5732 344 5760 ⁸
373 5731 532 5790 Joun.
572 5750 696 5798 xw,
733 5733 789 5789 9.
870 5735 886 5760 ⁷
922 5734 1057 5788 Gen.
1091 5751 1149 5801 il,
1176 5737 1261 5790 ‘20.

1985 4565 2130 4610 recta
2157 4557 2261 4610 lide
2309 4556 2517 4625 ιιι-ιιιᾶίιί
2551 4569 2672 4608 esse
2700 4554 2867 4607 velint
2897 4561 3099 4605 sancte
3149 4549 3436 4603 Trinitatis
3473 4563 3565 4601 co-

1982 4645 2173 4715 gnitio.
2207 4646 2263 4700 Si
2299 4661 2428 4715 ergo
2459 4645 2504 4698 is
2529 4645 2624 4713 qui
2671 4644 2886 4699 Patrem
2921 4641 3165 4704 nominat
3219 4641 3436 4709 respicit
3474 4639 3566 4692 Fi-

1983 4738 2111 4790 liunt
2144 4751 2240 4805 per
2270 4753 2428 4807 quem
2453 4736 2611 4790 Pater
2643 4747 2757 4802 est;
2789 4736 2882 4806 qui
2916 4749 3046 4790 vero
3098 4733 3398 4804 ingenitum
3451 4731 3566 4786 sive

1984 4825 2284 4881 iucreatum
2318 4827 2571 4897 appellat,
2605 4838 2788 4883 creata
2813 4827 2977 4891 videt,
3021 4825 3220 4894 quibus
3259 4822 3454 4878 merito
3485 4821 3566 4872 in-

1981 4926 2198 4973 creatus
2214 4922 2504 4988 opponitur
2528 4938 2544 4973 :
2571 4932 2721 4976 certe
2753 4921 2922 4974 multo
2952 4922 3123 4972 satius
3143 4925 3227 4970 est
3255 4915 3444 4967 Patris
3473 4927 3566 4980 :tp-

1979 5007 2326 5074 pellationem
2355 5013 2479 5063 inde
2512 5013 2676 5077 sumi,
2696 5014 2836 5064 unde
2861 5011 2982 5063 Filii
3019 5005 3260 5074 cognitio
3285 5005 3560 5074 gignatur,

1978 5116 2140 5171 quam
2183 5102 2328 5164 inde,
2373 5103 2514 5153 unde
2555 5112 2930 5154 creaturarum
2995 5097 3186 5150 notitia
3249 5096 3540 5152 inducatur

1975 5207 2095 5260 quae
2153 5193 2220 5247 ad
2278 5191 2642 5262 cognitionem
2707 5189 2992 5243 Trinitatis
3033 5188 3164 5242 niltil
3222 5189 3381 5260 plane
3435 5204 3536 5242 con

1974 5285 2142 5339 ducit.
2179 5283 2244 5338 Et
2299 5284 2518 5353 quidem
2549 5283 2638 5352 qui
2678 5282 2892 5337 Patrem
2931 5281 3080 5344 dicit,
3111 5296 3264 5337 exeo
3299 5280 3445 5350 quod
3481 5296 3556 5334 es.

1973 5377 2217 5432 nominat
2267 5379 2474 5433 Deum:
2524 5377 2614 5446 qtti
2657 5391 2785 5429 vero
2829 5375 3144 5444 ingenitum,
3202 5375 3269 5427 ab
3322 5388 3386 5426 eo
3418 5371 3560 5437 quod

1973 5485 2076 5524 non
2109 5479 2230 5524 est:
2267 5481 2351 5527 est
2385 5470 2526 5525 enim
2561 5467 2880 5532 PaterFilii,
2923 5476 3142 5522 creatus
3165 5481 3292 5519 vero
3323 5473 3553 5516 nonest.

1972 5563 2125 5628 Quod
2159 5575 2334 5622 autem
2365 5564 2542 5634 potius
2565 5577 2627 5615 cs
2657 5573 2724 5614 eo
2757 5562 2898 5628 quod
2935 5569 3040 5625 cst,
3078 5571 3240 5626 quam
3271 5554 3415 5624 quod
3448 5567 3553 5606 non
