4056 6264
451 302 517 355 g')
1435 282 1492 338 S.
1532 277 1809 336 CYRILLI
1849 274 2321 331 ALEXANDBINI
2361 273 2685 329 ARCHIEP.
3637 275 3708 330 ‘28

454 424 559 480 est,
584 412 671 468 Dei
701 407 986 481 appellatio
1022 405 1095 460 sit
1129 400 1409 466 sumenda,
1439 399 1562 452 inde
1592 397 1764 452 cuivis
1807 392 2019 464 perspi-
2051 419 2062 449 λ

2169 395 2300 455 ττις
2332 391 2439 462 γὰρ
2473 390 2690 460 ὲκείνην
2731 387 2830 460 τὴν
2871 388 3146 460 ἄφραστον
3191 387 3283 441 καὶ
3326 388 3710 460 ἀκατάληπτον

453 477 610 560 cuum
641 477 804 557 fuerit
829 539 845 554 .
877 497 932 552 Si
956 497 1076 566 quis
1106 493 1248 548 enim
1283 490 1427 544 illam
1463 486 1782 542 ineffabilem
1818 485 2024 538 incom-

2173 485 2288 538 ύσιν
2329 483 2519 553 καλοίη
2575 483 2727 546 Θεὸν,
2765 481 2860 550 ἀφ’
2895 477 2969 534 ὧν
3015 481 3162 533 ἔστιν
3196 480 3455 552 ὀνομάζει
3506 483 3708 549 καλῶς,

455 593 984 670 preltensibilemque
1018 597 1268 642 naturam
1301 582 1458 638 vocet
1481 584 1667 644 Deum,
1700 579 1766 632 ab
1784 591 1848 631 eo
1886 575 2024 644 quod

2170 578 2222 630 αὶ
2255 575 2386 629 Θεὸν
2423 573 2610 637 εἰπὼν,
2647 573 2863 636 πάντως
2890 573 3104 643 ἐκείνην
3135 574 3407 643 ἐσήμηνεν
3429 591 3443 605 ·
3472 576 3520 628 εἰ
3547 574 3603 628 δέ
3629 593 3712 639 τις

454 663 539 745 est
571 695 714 741 recte
743 683 1006 742 nominat,
1066 686 1269 732 etcum
1305 672 1470 726 Deum
1502 669 1660 731 dixit,
1695 667 1839 720 illam
1873 674 2028 718 natu-

2171 672 2222 740 φ’
2244 663 2319 724 ὧν
2352 671 2452 723 οὐκ
2475 669 2621 723 ἐστιν
2648 668 2950 740 ἐπιχειροίη
2981 665 3268 738 σημαίνειν
3295 665 3486 736 αὐτὴν,
3505 667 3712 720 ἄκακον

457 796 574 835 ram
599 775 938 848 signiﬁcavit.
986 771 1044 826 Si
1080 771 1202 840 quis
1234 781 1360 820 vero
1405 764 1473 818 ab
1508 778 1573 817 eo
1607 761 1748 832 quod
1798 774 1903 812 non
1947 767 2031 812 est

2169 765 2224 818 αὶ
2249 765 2520 834 ἀπόνηρον
2555 763 2728 832 λέγων
2757 761 2844 816 διὰ
2874 761 2934 814 τὸ
2971 762 3044 832 μὴ
3076 759 3272 814 κακίαν
3299 759 3330 830 ἢ
3361 759 3626 830 πονηρίαν
3654 762 3723 812 ὲν,

459 887 581 927 eum
615 845 893 923 nominare
939 861 1192 924 voluerit,
1234 859 1575 913 innocentem
1635 853 1718 907 vel
1779 851 2026 919 indepra-

2172 855 2270 925 ὐτῇ
2301 848 2473 918 εἶναι,
2506 851 2794 923 ἀληθεύσει
2831 851 2950 922 μὲν,
2987 849 3101 902 ἀλλ’
3135 848 3195 901 οὐ
3250 848 3468 911 πάντως
3517 845 3720 917 μηνύει.

461 970 643 1015 vatum
668 970 790 1011 eum
818 953 1107 1022 appellans,
1134 963 1196 1003 co
1232 947 1374 1016 quod
1420 944 1551 998 nihil
1591 941 1715 995 mali
1745 941 1826 995 vel
1876 938 2028 1008 pravi

2167 945 2221 998 ὸν
2245 944 2377 997 Θεόν
2397 961 2410 976 ⁸
2445 945 2550 997 είσὶ
2571 942 2680 1013 γὰρ
2701 945 2793 996 καὶ
2819 945 2876 995 ἐν
2903 939 3210 1013 ἀνθρώποις
3240 940 3437 993 ἄκακοι
3471 940 3564 992 καὶ
3585 939 3713 993 ἀπό-

465 1053 602 1104 inea
661 1046 765 1108 sit,
808 1058 936 1099 vere
983 1041 1197 1112 quidem
1237 1038 1457 1101 dixerit,
1501 1036 1596 1090 sed
1651 1051 1755 1088 non
1810 1031 2034 1087 omnino

2167 1053 2308 1107 ηροι.
2331 1035 2612 1098 Τοιούτους
2639 1035 2694 1088 δὲ
2727 1030 2867 1087 εἶναι
2903 1031 3230 1102 πιστεύομεν
3261 1032 3497 1095 καὶτοὺς
3528 1030 3713 1100 ἁγίους

467 1149 629 1194 Deum
667 1132 1014 1204 signiﬁcabit.
1067 1130 1210 1185 Sunt
1237 1128 1382 1185 enim
1419 1127 1580 1181 etiam
1615 1124 1758 1177 inter
1788 1121 2033 1186 homines

2167 1128 2415 1196 γγὲλους.
2457 1127 2664 1182 Οὐκοῦν
2697 1128 2788 1195 ἀφ’
2819 1118 2894 1180 ὧν
2921 1125 3088 1190 ἔστιν,
3117 1125 3149 1195 ἢ
3181 1124 3272 1192 ἀφ’
3303 1117 3378 1176 ὧν
3410 1124 3512 1176 οὐκ
3545 1123 3713 1189 ἐστιν,

466 1228 731 1292 nonnulli,
757 1226 883 1281 mali
914 1236 966 1281 ει
994 1222 1280 1295 pravitatis
1310 1228 1578 1300 expertes.
1603 1213 1872 1284 Ejusmodi
1905 1226 2034 1266 vero

2167 1219 2492 1292 ,ληθέστερον
2516 1221 2609 1274 καὶ
2635 1219 2961 1289 οἰκειότερον
2990 1216 3424 1288 σημανθήσεται.

463 1321 624 1376 etiam
658 1327 878 1374 sanctos
911 1315 1131 1392 angelos
1159 1327 1280 1369 esse
1311 1311 1604 1367 credimus.
1632 1307 1826 1362 Verius
1854 1309 2037 1374 itaque

467 1413 746 1483 magisque
792 1408 1007 1478 proprie
1035 1408 1103 1460 ab
1144 1405 1356 1473 iisquae
1379 1410 1484 1469 est,
1515 1415 1676 1471 quam
1723 1399 1788 1454 ab
1820 1398 1886 1452 iis
1916 1411 2036 1466 quae

466 1517 575 1558 non
593 1510 698 1568 est,
744 1494 1161 1568 significabitur.

1061 1584 1166 1656 ιε,
1207 1582 1434 1637 ALIUD.
2824 1575 3030 1628 AAAO.

537 1685 733 1739 Beatus
770 1681 932 1737 David
958 1678 1283 1750 psallitetad
1307 1674 1502 1729 Filium
1533 1672 1692 1727 dicit:
1727 1689 1744 1722 ι
1781 1669 2035 1738 Propter-

2221 1675 2277 1727 Ὁ
2304 1674 2573 1744 μακάριος
2586 1671 2747 1724 Δαὸὶδ
2767 1669 2981 1740 ψάλλει,
3006 1667 3098 1723 καί
3123 1684 3254 1738 φησι
3285 1667 3419 1740 πρὸς
3439 1665 3530 1719 τὸν
3553 1665 3681 1719 Υίόν
3704 1702 3727 1718 .

537 1729 732 1739 ’”“’“”’“”“’
770 1729 932 1737 ⁵⁷⁷⁷⁵-
959 1729 1245 1750 r'“""—‘”
1272 1729 1282 1730 ί
1891 1729 1905 1738 -

468 1792 529 1834 ea
569 1778 725 1830 unxit
756 1785 805 1828 te
829 1774 990 1837 Dens,
1027 1773 1168 1826 Deus
1203 1780 1328 1824 tuus
1366 1767 1485 1822 oleo
1518 1763 1896 1822 exsultationis
1929 1779 2038 1832 pra:

2193 1729 2495 1820 Atdltoﬁro
2545 1729 2726 1835 έχρισέ
2779 1729 2838 1816 σε
2875 1765 2904 1816 6
2941 1729 3094 1827 Θεὸς,
3134 1729 3349 1823 ’ὁυθεός
3402 1729 3496 1812 σου
3541 1757 3720 1812 ἔλαιον

470 1867 823 1940 participibus
843 1866 946 1920 luis
965 1864 1007 1918 ⁸.
1024 1883 1042 1915 ι
1067 1863 1121 1918 Si
1147 1878 1276 1932 ergo
1307 1861 1576 1916 diversum
1597 1869 1679 1913 est
1700 1856 1843 1926 quod
1874 1856 2040 1925 parti-

2167 1860 2509 1929 ιγαλλιάσεως
2556 1858 2709 1928 παρὰ
2754 1856 2880 1919 τοὺς
2934 1855 3192 1926 μετόχους
3230 1870 3342 1907 σου.
3374 1873 3392 1905 ι
3443 1854 3506 1906 Εἰ
3541 1851 3726 1905 τοίνυν

469 1962 613 2030 cipat
647 1961 712 2014 ab
737 1974 801 2013 eo
828 1957 968 2028 quod
1001 1956 1356 2027 participatur
1386 1972 1400 2008 :
1437 1953 1581 2007 aliud
1635 1951 1778 2007 enim
1834 1949 1888 2003 in
1932 1947 2038 2002 alio

2171 1951 2326 2021 τερόν
2353 1951 2406 2005 τί
2427 1951 2543 2005 ὲστι
2570 1952 2630 2005 τὸ
2663 1952 2889 2022 μετέχον
2935 1949 3081 2021 παρὰ
3107 1949 3167 2002 τὸ
3199 1945 3725 2019 μετεχὸμενονοᾶλλο

472 2049 880 2121 intelligendum
902 2057 985 2103 est
1023 2065 1035 2100 :
1073 2045 1348 2116 particeps
1365 2052 1542 2098 autem
1582 2042 1640 2095 ﬁt
1669 2030 1920 2096 creatura
1954 2036 2042 2091 Fi-

477 2145 557 2210 lii,
594 2142 842 2198 diversus
875 2139 1118 2210 profecto
1143 2138 1306 2193 fuerit
1332 2152 1363 2192 a
1400 2145 1646 2191 creatura
1673 2147 1792 2202 qua
1815 2130 1896 2184 sui
1921 2146 2044 2199 par—

477 2238 646 2306 ticeps
671 2236 748 2292 ﬁt.
776 2234 1041 2302 Quocirca
1079 2247 1252 2302 neque
1277 2241 1513 2287 creatus.
1566 2228 1622 2283 Si
1661 2242 1791 2282 vero
1814 2241 1919 2280 non
1962 2233 2046 2278 est

475 2329 725 2384 diversus
754 2329 820 2382 ab
860 2326 949 2380 illa
987 2324 1182 2384 Filius,
1222 2337 1399 2393 neque
1459 2320 1753 2376 secundum
1797 2324 2044 2370 naturam

478 2422 545 2476 ab
565 2437 627 2477 ea
659 2422 968 2485 distinctus,
1005 2421 1128 2489 quis
1171 2427 1254 2473 est
1283 2432 1412 2473 usus
1459 2411 1931 2486 partieipationis?
1964 2410 2048 2465 vel

478 2515 745 2585 quomodo
778 2513 901 2580 quis
919 2513 1192 2581 particeps
1224 2508 1451 2577 fiatejus
1486 2508 1628 2576 quod
1676 2506 1902 2574 ipsemet
1927 2503 2050 2557 est?

867 2634 1432 2726 ASSEBTIO
1511 2637 1640 2722 II.

553 2791 706 2858 Quod
734 2788 1020 2860 ingenitum
1055 2805 1155 2860 non
1184 2787 1252 2860 sit
1273 2784 1585 2860 substantia,
1618 2783 1711 2837 sed
1748 2783 2054 2836 substantiae

1078 2855 1505 2927 signiﬁcatiuum.

554 2976 852 3046 lngenitum
881 2973 1033 3043 quasi
1086 2972 1408 3044 principium
1448 2979 1502 3025 et
1541 2985 1703 3025 causa
1771 2977 1824 3025 et
1856 2968 2055 3023 intelli-

2142 2046 2250 2118 γὰρ
2279 2047 2336 2100 ἐν
2369 2045 2514 2116 ἄλλῳ
2546 2044 2786 2098 νοεῖσθαι
2824 2044 2952 2114 χρήο
2989 2041 3203 2113 μετέχει
3245 2040 3302 2093 δὲ
3347 2041 3380 2109 ἡ
3418 2039 3595 2100 κτίσις
3628 2036 3723 2090 τοῦ

2145 2138 2298 2204 Υἱοῦ,
2329 2137 2517 2209 ἔτερος
2544 2136 2610 2189 ἂν
2643 2135 2726 2205 εἴη
2759 2134 2910 2205 παρὰ
2928 2133 3027 2204 τὴν
3056 2131 3391 2202 μετέχουσαν
3415 2128 3580 2181 αὐτοῦ
3604 2127 3724 2180 κτί-

2147 2247 2262 2284 σιν·
2298 2229 2494 2283 οὐκοῦν
2540 2228 2661 2281 οὐδὲ
2709 2226 2952 2298 γενητός.
2989 2226 3052 2278 Et
3105 2223 3164 2276 δὲ
3211 2224 3310 2276 οὐκ
3358 2222 3506 2274 ἔστιν
3537 2219 3732 2288 ἕτερος

2147 2325 2277 2394 παρ’
2307 2324 2522 2394 ἐκείνην
2546 2324 2572 2376 6
2603 2322 2747 2385 Υἱὸς,
2780 2319 2875 2373 καὶ
2898 2318 3039 2372 κατά
3069 2316 3230 2386 φύσιν
3262 2315 3430 2384 αὐτῆς
3459 2309 3726 2383 διῃρημέ-

2147 2434 2254 2480 νος,
2292 2414 2377 2477 τίς
2419 2416 2452 2484 ἡ
2498 2413 2655 2484 χρεία
2681 2413 2780 2481 τῆς
2816 2410 3086 2481 μετοχῆς;
3123 2407 3154 2478 ἦ
3194 2406 3312 2470 πῶς
3338 2405 3403 2459 ἄν
3437 2421 3518 2468 τις
3559 2400 3728 2474 μετὰο

2151 2525 2268 2578 σχοι
2294 2505 2388 2560 τοῦ
2419 2507 2555 2576 ὅπερ
2581 2504 2727 2556 ἐστὶν
2767 2501 2961 2565 αὐτ6ς;

2669 2625 3033 2712 ΛΟΓΟΣ
3108 2626 3218 2708 Β’.

2252 2790 2375 2843 ’Ὁτι
2410 2784 2478 2839 τὸ
2515 2783 2811 2855 ἀγένητον
2849 2783 2958 2835 οὐκ
2997 2779 3201 2866 οὐρία,
3241 2779 3378 2833 ἀλλ’
3420 2777 3637 2842 οὐσίας

2746 2867 3140 2923 σημαντικον.

2227 2976 2298 3029 Τὸ
2345 2973 2608 3043 ἀγένητον
2654 2969 2729 3032 ὡς
2776 2967 2919 3037 ἀρχὴ
2972 2965 3066 3017 καὶ
3114 2962 3286 3016 αἴτιον
3319 2959 3520 3013 νοεῖται
3549 2977 3607 3012 τε
3641 2959 3736 3011 καὶ

483 3069 626 3139 gitur
653 3076 707 3122 et
737 3073 837 3120 est.
871 3064 1085 3119 Nullum
1114 3075 1291 3118 autem
1331 3063 1674 3132 principium,
1717 3062 1769 3116 in
1795 3074 2051 3130 quantum

2167 3067 2322 3120 ἐστιν.
2365 3063 2606 3132 Οὐδεμία
2633 3061 2689 3114 δὲ
2715 3059 2876 3128 ἀρχὴ,
2910 3055 3042 3108 καθὸ
3090 3055 3228 3125 ἀρχή
3267 3057 3434 3115 ἐστιν,
3467 3050 3648 3121 ὅμοιόν
3684 3067 3735 3102 τι

488 3158 810 3232 principium
868 3167 975 3223 est,
1029 3156 1206 3210 simile
1255 3155 1460 3222 aliquid
1496 3153 1707 3222 sibiipsi
1757 3165 1850 3208 aut
1901 3153 2060 3207 dissi-

489 3253 613 3307 mile
646 3250 933 3321 signiﬁcat.
959 3249 1031 3302 At
1061 3261 1190 3302 vero
1214 3262 1316 3300 vox
1355 3247 1491 3307 haec,
1531 3246 1842 3314 ingenitum,
1893 3245 2061 3315 signi.

491 3345 615 3399 ﬁcat
644 3344 696 3398 id
732 3341 875 3412 quod
911 3349 1154 3396 creatum
1204 3347 1307 3399 est.
1361 3337 1623 3392 dissimile
1666 3338 1766 3392 sibi
1799 3352 1952 3403 esse;
1980 3347 2062 3392 est

490 3437 634 3492 enim
675 3436 779 3492 hoc
809 3435 856 3490 ei
889 3433 1218 3504 oppositum.
1267 3430 1384 3485 Non
1419 3438 1501 3485 est
1553 3429 1717 3499 igitur
1761 3429 2060 3500 ingenitum

492 3528 819 3594 substantia,
855 3525 950 3582 sed
985 3524 1342 3580 substantiam
1379 3523 1470 3578 cui
1500 3521 1793 3593 opponitur
1837 3537 1941 3576 non
1988 3520 2062 3574 ita

494 3639 553 3681 se
586 3624 791 3678 habere
811 3620 1102 3692 signiﬁcat.

1159 3708 1390 3766 ALIUD.

565 3806 720 3876 Quod
753 3805 968 3876 quidem
999 3803 1295 3873 ingenitum
1326 3802 1626 3857 substantia
1669 3815 1773 3854 non
1817 3799 1907 3863 sit,
1948 3801 2064 3869 jam

494 3911 772 3956 ostensum
807 3908 912 3954 est.
946 3897 1052 3952 Sed
1085 3897 1226 3951 dicet
1293 3894 1528 3951 forsitan
1577 3893 1793 3962 aliquis,
1819 3893 2069 3948 substan-

498 3993 625 4049 tiam
659 3991 877 4062 quidem
909 4006 1013 4045 non
1055 4003 1199 4052 esse,
1240 3987 1334 4042 sed
1383 3985 1764 4041 diﬂ'erentiam.
1800 3983 2066 4038 Caeterum

496 4086 658 4141 etiam
699 4085 801 4138 hoc
834 4081 1070 4137 absurde
1103 4080 1286 4136 dicere
1322 4078 1661 4134 ostendetur.
1687 4076 1745 4131 Si
1773 4075 1918 4131 enim
1949 4088 2068 4128 om-

500 4179 586 4232 nis
607 4176 906 4230 did‘ercntia
952 4175 1100 4230 circa
1150 4173 1481 4228 substantias
1532 4169 1612 4236 ﬁt,
1660 4168 1950 4238 quaerenda
1987 4173 2073 4220 est

501 4267 830 4331 substantia,
861 4265 1017 4334 cujus
1043 4262 1348 4318 differentia
1369 4263 1441 4319 sit
1474 4262 1794 4332 ingenitum.
1825 4257 2070 4328 Exempli

407 4403 411 4407 .
503 4359 695 4429 gratia,
722 4356 949 4411 deﬁnias
979 4353 1179 4408 animal
1215 4354 1318 4408 hoc
1351 4361 1508 4422 pacto
1542 4369 1555 4404 :
1591 4349 1901 4405 substantia
1950 4349 2071 4403 ani-

2162 3161 2324 3229 ἑαυτῇ
2378 3156 2410 3226 ἦ
2461 3156 2712 3224 ἀνόμοιον
2761 3148 3112 3221 σημαίνει.Ἦ
3160 3146 3216 3199 δὲ
3260 3143 3550 3213 ἀγένητος
3586 3139 3736 3210 φωνὴ

2164 3249 2418 3320 σημαίνει
2451 3247 2511 3300 τὸ
2550 3243 2772 3315 γενητὸν
2805 3241 3056 3311 ἀνόμοιον
3089 3237 3332 3306 ὑπάρχον
3365 3232 3514 3302 αὐτῷ
3535 3251 3548 3262 ·
3582 3229 3751 3283 τοῦτο

2162 3344 2271 3414 γὰρ
2300 3342 2358 3394 τὸ
2393 3338 2787 3407 ἀντικείμενον.
2822 3335 2936 3386 Οὐκ
2984 3331 3092 3400 ἄρα.
3135 3328 3196 3381 τὸ
3245 3327 3510 3395 ἀγένητον
3558 3320 3736 3378 οὐσία.

2163 3409 2301 3489 ἀλλὰ
2348 3432 2440 3485 τοῦ
2490 3429 2565 3500 μὴ
2615 3425 2837 3481 τοιῶσδε
2886 3419 3025 3477 εἶναι
3057 3420 3156 3491 τὴν
3184 3418 3390 3483 οὐσίαν,
3426 3414 3548 3470 καθ’
3577 3409 3644 3484 ἦς
3674 3411 3741 3466 ἂν

2163 3529 2410 3582 τάττοιτο
2441 3523 2502 3577 τὸ
2537 3517 2888 3592 σημαντικόν.

2851 3701 2940 3753 ΑνΛ
2947 3700 3054 3751 ΛΟ.

2238 3804 2362 3856 Ὀτι
2411 3800 2509 3871 μὲν
2555 3797 2652 3850 οὐκ
2698 3792 2854 3848 οὐσία
2907 3791 2967 3843 τὸ
3016 3788 3298 3858 ἀγένητον,
3332 3785 3428 3855 ἤδη
3456 3783 3739 3836 δέδεικται.

2181 3896 2318 3950 Ἀλλ’
2353 3895 2466 3964 ἐρεῖ
2494 3907 2577 3953 τις
2603 3886 2783 3956 τυχὸν,
2810 3883 2996 3936 οὐσίαν
3031 3881 3127 3952 μὲν
3155 3879 3253 3932 οὐκ
3279 3874 3438 3940 εἶναι,
3483 3872 3755 3944 διαφορὰν.

2166 3989 2223 4042 δέ
2248 4007 2259 4017 ·
2296 3983 2522 4055 ἀμαθῶς
2551 3979 2606 4032 δὲ
2625 3980 2719 4031 καὶ
2742 3975 2900 4029 τοῦτο
2922 3974 3095 4042 λέγων
3116 3970 3527 4040 ἐλεγχθήσεται.
3553 3967 3613 4018 Εἰ
3636 3964 3746 4034 γὰρ

2171 4080 2320 4133 πᾶσα
2340 4053 2584 4143 -διαφορὰ
2615 4069 2744 4139 περὶ
2772 4068 2869 4130 τὰς
2895 4063 3084 4126 οὐσίας
3113 4063 3344 4130 γίνεται,
3373 4060 3554 4128 ζητεῖν
3584 4053 3747 4122 ἀνάγ-

2170 4190 2270 4242 κης
2302 4169 2368 4223 ἂν
2390 4168 2473 4236 εἴη
2496 4165 2595 4234 τὴν
2622 4161 2832 4225 οὐσίαν,
2856 4153 2922 4231 ἧς
2951 4154 3349 4223 ἕσταιδιαφορὰ
3377 4154 3434 4205 τὸ
3462 4150 3746 4219 ἀγένητον.

2172 4239 2296 4319 υίον
2322 4261 2453 4333 φέρε
2482 4259 2675 4320 εἰπεῖν,
2707 4252 2947 4326 ὁρίζεται
2973 4249 3111 4314 ζῶον
3134 4247 3210 4318 τῷ
3235 4246 3424 4316 τοιῷδε
3454 4244 3624 4312 λόγον
3645 4239 3750 4292 Οὐ-

2175 4357 2265 4410 σία
2297 4353 2537 4424 ἔμψυχος
2577 4343 2890 4416 αἰσθητικὴ.
2923 4340 3058 4410 Περὶ
3105 4338 3307 4406 ταύτην
3353 4335 3451 4404 τὴν
3495 4331 3680 4384 οὐσίαν
3716 4327 3749 4397 ἡ

503 4419 646 4503 ἶιιιιιε
677 4419 838 4502 sensu
864 4446 1110 4516 praedita.
1145 4443 1300 4497 Circa
1339 4419 1481 4496 banc
1522 4439 1884 4494 substantiam
1913 4438 2062 4493 diffe-

2173 4419 2404 4514 διαφορᾶ
2430 4419 2661 4511 γίνεται.
2683 4437 2756 4490 Τὸ
2791 4435 2890 4504 μὲν
2917 4432 3026 4502 γάρ
3059 4432 3175 4482 ἐστι
3204 4427 3340 4516 (Eiet;
3360 4420 3595 4489 λογικὸν,
3621 4419 3753 4486 θνη-

507 4541 680 4597 rentia
715 4539 796 4594 ﬁt.
822 4539 977 4592 Aliud
999 4538 1141 4592 enim
1178 4535 1378 4590 animal
1404 4531 1667 4587 rationale
1688 4540 1791 4596 est,
1817 4529 2070 4593 mortale,

505 4632 874 4702 intelligentia:
909 4639 966 4684 et
1012 4629 1252 4684 scientia:
1297 4641 1489 4693 capax,
1543 4632 1602 4678 ut
1657 4624 1838 4677 homo.
1913 4622 2071 4675 Aliud

505 4725 706 4781 animal
738 4723 1071 4786 irrationale,
1117 4730 1177 4774 ut
1220 4735 1414 4790 equus.
1449 4715 1845 4784 Praesupposita
1892 4714 2074 4782 itaque

506 4817 844 4880 substantia,
898 4812 1217 4869 diﬂ‘ereutite
1288 4820 1473 4881 postea
1527 4809 1950 4864 constituuntur.
2016 4805 2074 4860 Si

506 4925 638 4979 ergo
692 4908 991 4980 ingenitum
1049 4902 1355 4958 differentia
1418 4913 1521 4967 est,
1591 4908 1869 4970 qureratur
1913 4900 2076 4956 etiam

509 5000 837 5064 substantia,
863 4995 1020 5065 cujus
1050 4995 1156 5051 erit
1197 4992 1525 5048 differentia.
1579 4992 1885 5046 Absurdum
1933 4990 2078 5045 enim

510 5099 594 5144 est
655 5089 1016 5146 differentiam
1052 5087 1369 5143 substantia:
1391 5086 1658 5140 rationem
1693 5083 1960 5140 obtinere.

1193 5180 1421 5235 ALIUD.

589 5275 647 5329 Si
674 5274 967 5343 ingenitum
999 5274 1302 5328 substantia
1325 5281 1430 5337 est,
1454 5286 1627 5339 neque
1658 5265 2078 5338 signiﬁcativnm

521 5366 662 5433 quod
691 5366 740 5418 id
767 5365 833 5419 de
865 5380 972 5434 quo
997 5366 1195 5418 dicitur
1236 5364 1473 5433 genitum
1517 5378 1622 5415 non
1674 5362 1767 5425 sit,
1819 5360 2087 5428 quomodo

2172 4512 2286 4600 τὸν,
2317 4512 2408 4589 νοῦ
2454 4533 2548 4587 καὶ
2582 4529 2890 4596 ἐπιστήμης
2937 4519 3202 4584 δεκτικὸν,
3226 4512 3336 4570 οἷον
3364 4518 3392 4568 6
3422 4513 3710 4584 ἄνθρωπος
3734 4528 3747 4540 ·

2173 4629 2236 4684 τὸ
2284 4626 2340 4681 δὲ
2363 4624 2498 4692 ζῶον
2537 4623 2752 4690 ἄλογον,
2788 4611 2898 4670 οἷον
2929 4614 3116 4676 ἵππος.
3151 4605 3383 4671 Οὐκοῦν,
3417 4608 3753 4674 προῦποκει-

2180 4722 2344 4792 μένης
2374 4719 2472 4787 τῆς
2503 4713 2712 4778 οὐσίας,
2738 4711 2796 4764 αἱ
2843 4706 3101 4778 διαφοραὶ
3153 4699 3653 4774 προσεπινοοῦνται.
3691 4696 3753 4748 Et

2176 4788 2354 4868 τοίνυν
2399 4806 2630 4877 διαφορὰ
2676 4804 2738 4857 τὸ
2779 4801 3063 4870 ἀγένητον,
3095 4793 3362 4868 ζητείσθω
3394 4791 3488 4846 καὶ
3517 4793 3548 4860 ή
3576 4788 3753 4845 οὐσία,

2179 4904 2322 4967 τίνος
2357 4901 2508 4954 ἔσται
2539 4895 2797 4966 διαφοράν
2834 4891 3116 4962 ἀμήχανον
3160 4887 3270 4958 γὰρ
3310 4883 3498 4945 οὐσίας
3529 4877 3767 4950 φορέσαι.

2179 4997 2336 5064 λόγον
2365 4991 2464 5062 τὴν
2497 4987 2781 5058 διαφοράν.

2890 5157 3090 5211 ΔΛΛΟ.

2261 5260 2324 5315 El
2360 5258 2422 5312 τὸ
2465 5255 2727 5324 ἀγένητον
2760 5247 2938 5310 οὐσία,
2970 5244 3063 5298 κοιλ⁵
3111 5242 3172 5295 οὐ
3215 5238 3309 5293 τοῦ
3350 5238 3424 5308 μὴ
3467 5237 3764 5308 γενηθῆναι

2196 5349 2526 5422 σημαντικόν
2567 5347 2704 5408 ἐστι,
2736 5337 2876 5392 κατὰ
2900 5334 3019 5388 τίνα
3048 5335 3247 5406 τρόπον
3285 5333 3314 5384 6
3354 5331 3480 5393 Υἱὸς
3513 5330 3765 5398 ἀνόμοιος

525 5456 695 5512 Filius
717 5455 997 5512 dissimilis
1042 5457 1148 5510 erit
1196 5454 1364 5518 Patri,
1408 5468 1531 5508 cum
1590 5468 1658 5508 ex
1713 5453 1829 5520 ipso
1879 5451 2058 5521 genitu

2197 5417 2349 5498 ἔσται
2374 5441 2452 5512 τῷ
2480 5435 2674 5506 Πατρὶ,
2699 5427 2972 5500 γεννητῶς
2995 5427 3254 5498 ὑπάρχων
3276 5423 3335 5487 ἐξ
3363 5421 3548 5484 αὐτοῦς
3577 5422 3639 5473 Et
3658 5417 3766 5487 γὰρ

524 5548 634 5604 sit?
663 5549 796 5602 Nam
826 5549 870 5603 si
906 5549 1023 5604 haec
1047 5547 1262 5604 nomina
1294 5545 1496 5602 nullum
1523 5545 1664 5600 inter
1695 5558 1753 5600 se
1800 5543 2090 5598 discrimen

608 5729 629 5762 ⁸
661 5729 804 5784 Paul.
840 5747 980 5794 λων,
1013 5733 1065 5786 9.

2205 5539 2278 5607 μή
2311 5551 2432 5590 τινα
2464 5525 2711 5598 διαφορεῖ
2735 5523 2803 5577 τὰ
2829 5519 3066 5591 ὀνόματα
3095 5517 3230 5589 πρὸς
3257 5515 3459 5585 ἄλληλα
3488 5513 3583 5584 τὴν
3617 5512 3768 5564 ἀντι-
