4056 6264
290 279 362 334 ea
1714 265 2152 325 russaunus.
3467 257 3534 309 so

288 383 591 455 διαστολὴν,
623 384 766 455 μηδὲ,
785 383 1038 454 ἀλλήλοις
1073 383 1305 453 μοῖχεται
1330 381 1468 436 κατὰ
1496 382 1556 435 τὸ
1575 381 1634 447 ἐξ
1663 383 1866 453 ἀμφοῖν

1973 381 2189 446 habent,
2250 389 2421 446 neque
2452 374 2593 428 inter
2631 384 2690 427 se
2750 379 3010 442 pugnant,
3055 367 3207 438 juxta
3256 367 3536 434 utriusque

292 476 722 546 σημαινόμενον,
742 475 898 527 οὐδὲν
924 475 1146 528 κωλύσει
1168 475 1289 526 κατ’
1309 473 1495 526 οὐσίαν
1519 475 1704 543 ὅμοιον
1726 469 1866 527 εἶναι

1973 469 2418 542 signiﬁcationem
2449 464 2579 519 nihil
2600 461 2835 518 obstabit
2890 460 3178 528 quominus
3209 457 3404 512 similis
3435 454 3537 524 15

289 568 364 637 τῷ
395 569 575 638 Πατρὶ
623 566 718 622 τὸν
751 567 883 620 Υῑὸν
909 584 920 596 ·
959 566 1048 619 καὶ
1093 565 1186 618 τοῦ
1239 566 1504 635 ἀγενήτου
1554 567 1636 629 είς
1681 566 1869 619 οὐσίαν

291 656 736 726 λαμϐανομένου,
776 657 964 726 ὁμοίως
1013 657 1068 709 δὲ
1119 656 1212 708 καὶ
1259 656 1354 708 τοῦ
1404 655 1652 726 γενητοῦ.
1700 656 1871 710 Obuia

291 748 400 818 γὰρ
435 749 514 811 ῶς
547 747 686 818 πρὸς
717 746 917 813 οὐσίαν,
943 747 1042 800 οὐκ
1071 746 1224 798 έσται
1259 746 1498 812 ἐναντία,
1536 746 1668 801 καθὸ
1692 747 1870 801 οὐσίαι

297 839 634 908 ἀμφότεραι.

979 949 1185 1003 ΑΛΑΟ.

371 1065 438 1120 Εἰ
469 1067 574 1119 πᾶν
601 1065 860 1134 ἀγένητον
890 1065 1056 1118 παντὶ
1091 1063 1306 1136 γενητῷ
1344 1064 1616 1133 ἀνόμοιον,
1645 1062 1876 1132 ἀληθεύμ

309 1175 386 1212 σει
429 1175 511 1222 τις
548 1156 742 1225 λέγων,
781 1157 862 1209 ὅτι
893 1157 988 1209 καὶ
1017 1158 1122 1208 πᾶν
1150 1155 1374 1226 γενητὸν
1424 1155 1587 1209 παντὶ
1629 1153 1872 1224 γεννητῷ

306 1251 496 1319 ὅμοιον.
544 1247 807 1318 Γεννητὸς
836 1248 892 1300 δὲ
931 1247 1192 1318 ὑπάρχων
1221 1249 1249 1300 ὁ
1274 1246 1423 1312 Υἱὸς,
1457 1246 1714 1316 οὐδεμίαν
1758 1246 1871 1315 ἔχει

305 1341 388 1410 τὴν
412 1339 710 1410 ὁμοιότητα
732 1339 868 1410 πρὸς
889 1326 1110 1392 τὰόντα
1138 1339 1436 1410 γεννητῶςο
1465 1338 1580 1392 ἔστι
1600 1337 1710 1406 γὰρ
1733 1337 1872 1407 ὑπὲρ

301 1433 468 1485 πᾶσαν
504 1431 606 1503 τὴν
639 1432 837 1486 κτίσιν.
866 1432 979 1484 Οὐκ
1002 1430 1111 1502 ἄρα
1138 1429 1224 1484 διὰ
1251 1432 1313 1484 τὸ
1339 1431 1600 1501 ἀγένητον
1624 1424 1761 1482 εἶναι
1782 1428 1872 1481 τὸν

300 1520 530 1591 Πατέρα,
561 1521 817 1591 ἀνόμοιος
853 1519 1005 1573 ἔσται
1052 1519 1194 1574 κατὰ
1221 1519 1382 1590 φύσιν
1405 1519 1574 1590 αὐτῷ,
1601 1517 1874 1589 γεννητῶς

297 1607 552 1676 ὑπάρχων
608 1604 670 1671 ἒξ
715 1606 881 1660 αὐτοῦ
921 1606 1288 1678 Υἱός.Ὦσπερ
1330 1607 1441 1678 γὰρ
1482 1609 1582 1678 τὴν
1628 1607 1760 1678 πρὸς
1805 1604 1875 1658 τὰ

1971 562 2262 618 secundum
2289 555 2641 614 substantiam
2676 551 2824 606 Patri
2853 552 2923 604 sit
2958 550 3148 605 Filius.
3177 548 3263 611 Et,
3300 550 3345 601 si
3385 546 3538 615 inge-

1913 664 1920 670 '
1971 655 2140 708 nitum
2174 666 2272 722 pro
2300 647 2602 704 substantia
2636 645 2874 711 capitur,
2907 640 3155 696 similiter
3197 648 3250 691 et
3273 637 3534 707 genitum.

1973 743 2102 798 Nam
2130 740 2453 802 substantia,
2488 746 2546 790 ut
2581 737 2646 790 ad
2680 733 3039 789 substantiam
3073 731 3294 790 collata.
3325 743 3428 781 non
3457 737 3539 780 est

1971 834 2266 898 contraria,
2300 834 2351 887 in
2381 838 2641 902 quantum
2669 835 2900 895 utraque
2935 824 3238 878 substantia
3264 829 3372 875 εει.

2660 938 2887 994 ALIUD.

2042 1056 2100 1112 Si
2133 1070 2296 1110 omne
2341 1053 2640 1124 ingenitum
2686 1049 2832 1104 omni
2895 1048 3074 1118 genito
3129 1043 3392 1100 dissimile
3431 1051 3540 1107 est,

1973 1161 2097 1201 vere
2131 1143 2403 1213 quispiam
2434 1141 2658 1206 dixerit,
2706 1139 2874 1193 etiam
2913 1152 3075 1192 omne
3109 1136 3344 1205 genitum
3395 1135 3539 1188 omni

1973 1236 2154 1309 genito
2184 1233 2360 1290 simile
2379 1247 2525 1288 esse.
2558 1231 2690 1286 Cum
2715 1243 2842 1284 vero
2867 1227 3038 1282 Filius
3073 1227 3285 1296 genitus
3311 1226 3400 1290 sit,
3428 1223 3546 1278 nul-

1974 1328 2080 1382 lam
2107 1336 2282 1381 tamen
2325 1324 2494 1378 habet
2552 1320 2962 1378 similitudinem
3018 1332 3141 1372 cum
3199 1315 3544 1370 creatiszest

1973 1419 2116 1473 enim
2147 1417 2292 1472 omni
2321 1424 2575 1470 creatura
2627 1412 2899 1484 superior.
2939 1409 3058 1465 Non
3095 1409 3259 1478 igitur
3307 1406 3429 1476 quia
3465 1406 3547 1459 In—

1974 1508 2188 1579 genitus
2205 1517 2288 1562 est
2320 1505 2502 1570 Pater,
2537 1504 2823 1559 dissimilis
2855 1504 2903 1558 ei
2945 1499 3247 1557 secundum
3294 1507 3544 1550 naturam

1974 1600 2096 1661 erit.
2121 1599 2213 1666 qui
2236 1612 2303 1653 ex
2337 1598 2452 1666 ipso
2481 1595 2692 1665 genitus
2720 1602 2806 1649 est
2847 1592 3037 1647 Filius.
3067 1587 3538 1658 Quemadmodum

295 1675 494 1766 γενητὰ
561 1697 820 1769 γεννητὸς
873 1698 1132 1772 ὑπάρχων
1183 1675 1549 1771 ἀναϐέϐηκεν
1570 1675 1829 1771 ὁμοίωσιν
1854 1715 1870 1730 ⁶

1975 1690 2118 1745 enim
2142 1689 2280 1760 ipse,
2313 1689 2527 1760 genitus
2557 1700 2677 1740 cum
2709 1685 2803 1749 sit,
2827 1696 3043 1738 omnem
3090 1694 3209 1734 cum
3238 1677 3433 1732 creatis
3463 1675 3544 1729 si-

298 1787 438 1842 σύτω
462 1793 566 1860 τῆς
594 1789 732 1859 πρὸς
761 1789 822 1843 τὸ
855 1789 1114 1867 ᾲγὲνητον
1146 1792 1441 1864 ἐμφερείας
1473 1793 1533 1846 οὐ
1565 1791 1871 1863 καταϐήσεο

301 1897 415 1947 ται,
445 1881 553 1936 κᾶν
579 1883 794 1954 ὑπάρχῃ
830 1883 1116 1953 γενητός..

577 1992 976 2062 Ἁνθυποςρορὰ
1007 1994 1086 2060 ὠς
1109 1992 1181 2047 ἐκ
1204 1993 1323 2047 τῶν
1348 1991 1676 2062 αἱρετικῶν.

367 2099 441 2154 Τὸ
469 2100 760 2172 ἀγένητον,
780 2103 972 2171 φασιν,
998 2102 1091 2156 ἐπὶ
1122 2102 1282 2169 Θεοῦ,
1299 2103 1483 2156 οὐσίαν
1513 2098 1650 2156 εἷναί
1673 2117 1875 2172 φαμεν·

296 2193 390 2246 καὶ
417 2194 569 2247 ἔσται
605 2195 668 2247 τὸ
703 2195 877 2264 ὄνομα
909 2196 1114 2264 ὁρικὸν,
1136 2195 1325 2266 ὥσπερ
1351 2196 1416 2250 ἂν
1447 2195 1500 2249 εί
1519 2213 1603 2258 τις
1634 2195 1876 2265 ὁρίσαιτο

297 2286 392 2337 καὶ
415 2286 515 2356 τὴν
547 2286 738 2338 οὐσίαν
780 2285 877 2337 τοῦ
903 2285 1190 2356 ἀνθρώπου
1219 2287 1412 2354 λέγων·
1450 2287 1604 2340 Ζῶον
1627 2284 1870 2353 λογικὸν,

300 2376 520 2445 θνητὸν,
555 2375 666 2430 νοῦ,
685 2377 784 2428 καὶ
816 2379 1126 2447 ἐπιστήμης
1149 2377 1410 2429 δεκτικόν.

790 2573 949 2640 Πρὸς
980 2571 1155 2626 τοῦτο
1189 2572 1389 2637 λύσις.

378 2703 633 2776 Ἀμαθῶς
677 2705 773 2758 καὶ
819 2702 979 2758 τοῦτο
1010 2705 1378 2775 προτείνοντες
1414 2702 1834 2774 ἐλεγχθήσονται
1859 2720 1872 2734 ·

294 2797 343 2854 εἰ
382 2796 493 2868 γὰρ
517 2795 703 2863 ὁρικὸν
731 2790 872 2850 εἶναι
900 2794 1148 2866 βούλεσθε
1178 2795 1240 2848 τὸ
1267 2794 1554 2864 ἀγένητος
1576 2793 1770 2864 ὄνομα,
1810 2796 1875 2846 ἐκ

1978 1779 2337 1836 militudinem
2392 1775 2659 1832 excedit:
2696 1774 2767 1829 Ita
2825 1773 2991 1828 etiam
3039 1786 3144 1826 non
3197 1769 3304 1824 erit
3351 1781 3551 1837 expers

1977 1870 2344 1928 similitudinis
2373 1883 2494 1923 cum
2519 1866 2780 1937 ingenito,
2816 1863 3033 1919 tametsi
3068 1863 3281 1932 genitus
3311 1860 3402 1914 sit.

2155 1982 2388 2052 Objectio
2417 1992 2665 2050 tanquam
2704 1995 2768 2035 ex
2799 1979 2958 2033 dictis
3005 1977 3393 2030 hereticorum.

2045 2099 2114 2153 At
2139 2097 2457 2168 ingenitum,
2489 2095 2757 2165 inquiunt,
2794 2094 2849 2148 in
2873 2092 3006 2156 Deo,
3043 2089 3399 2146 substantiam
3427 2100 3556 2140 esse

1976 2190 2287 2246 asseriinus.
2325 2187 2392 2242 Et
2430 2186 2537 2241 erit
2593 2200 2786 2241 nomen
2845 2182 3229 2245 deﬁuitivuun;
3298 2178 3459 2231 veluti
3501 2177 3552 2231 si

1975 2281 2099 2350 quis
2135 2278 2356 2332 deﬁniat
2401 2278 2565 2332 etiam
2621 2275 2982 2332 substantiam
3035 2272 3270 2327 hominis
3316 2270 3500 2323 dicens
3532 2285 3550 2322 :

1973 2370 2188 2424 Animal
2217 2369 2500 2432 rationale,
2524 2368 2770 2432 mortale,
2797 2364 3162 2434 intelligentia:
3188 2371 3350 2430 atque
3373 2361 3550 2413 scien-

1975 2466 2062 2517 tia:
2095 2476 2288 2530 capax.

2665 2573 2891 2626 Salutio.

2043 2709 2222 2778 Inepte
2265 2708 2428 2762 etiam
2485 2709 2585 2763 hoc
2629 2706 2865 2775 objicere
2910 2704 3286 2762 ostendcntur.
3341 2701 3474 2756 Nam
3505 2700 3553 2754 si

1977 2815 2159 2856 vocem
2195 2801 2358 2866 hanc,
2395 2800 2701 2870 ingenitum,
2738 2797 3070 2854 deﬁnitivam
3113 2808 3234 2850 esse
3263 2793 3444 2856 vultis,
3484 2804 3551 2844 ex

297 2889 485 2957 γένους
532 2887 673 2941 ἔστω
718 2887 814 2940 καὶ
853 2888 1136 2958 διαφορᾶς,
1189 2888 1307 2958 ἤτοι
1349 2885 1652 2956 διαφορῶν⁹
1705 2885 1873 2955 χωρὶς

1977 2905 2175 2958 genere
2217 2891 2320 2945 erit
2349 2899 2511 2959 atque
2537 2888 2840 2944 differentia
2869 2887 2952 2941 vel
2977 2883 3294 2940 diﬂercntiis
3331 2901 3342 2936 :
3379 2895 3553 2951 neque

297 2980 406 3052 γὰρ
435 2980 636 3034 τούτων
663 2982 788 3051 ὅρος
816 2980 920 3032 οὐκ
943 2979 1010 3033 ἂν
1043 2979 1249 3048 γένοιτό
1280 2997 1434 3032 ποτε.
1453 2979 1525 3031 Τὸ
1550 2978 1606 3032 δὲ
1632 2977 1873 3032 τοιοῦτον

1980 2981 2123 3036 enim
2155 2983 2272 3036 sine
2323 2981 2407 3036 his
2463 2981 2707 3037 deﬁnitio
2765 2993 3001 3045 unquam
3057 2985 3306 3031 constare
3358 2979 3550 3040 potest.

299 3070 584 3140 ἀγένητον,
621 3072 698 3133 εἰς
717 3069 870 3123 οὐδὲν
902 3069 1088 3133 οὐσίας
1129 3071 1373 3142 ὑπάρχον
1413 3071 1591 3137 γένος,
1619 3070 1746 3141 ὅρος
1773 3071 1873 3122 οὐκ

1977 3072 2273 3140 Ingenitum
2306 3074 2490 3144 itaque
2545 3086 2665 3126 cum
2705 3071 2758 3124 in
2801 3068 2948 3123 nullo
2981 3065 3295 3122 substantia:
3356 3075 3554 3131 genere

298 3163 368 3217 ἂν
397 3157 539 3214 εἶναι
566 3160 804 3214 δύναιτοο
831 3161 966 3231 πρὸς
991 3161 1048 3213 δέ
1079 3178 1143 3228 γε
1172 3161 1370 3230 τούτῳ,
1399 3160 1468 3212 τὰ
1493 3161 1625 3230 γένη
1673 3159 1882 3229 φιλοσό-

301 3270 422 3323 φως
469 3251 760 3323 ὁριζόμενα
808 3254 934 3323 παρ’
973 3252 1200 3306 ἐκείνων
1242 3251 1478 3322 ὁρῶμεν,
1516 3253 1624 3305 οὐκ
1668 3254 1725 3303 ὲν
1781 3251 1881 3321 μιᾷ

297 3345 441 3410 λέξει
468 3347 562 3399 καὶ
590 3345 744 3416 μόνῃ,
778 3345 894 3399 ἀλλ’
923 3347 980 3398 ὲν
1010 3345 1251 3398 πλείοσιν
1272 3361 1287 3375 ο
1312 3343 1386 3408 ῶς
1420 3345 1482 3396 τὸ
1510 3343 1669 3398 οὐσία
1705 3342 1880 3412 ἐμψυ-

295 3455 386 3508 χος
415 3437 723 3507 αἰσθητικὴ,
755 3438 788 3507 ἢ
840 3436 977 3499 ζῶον
1024 3436 1240 3504 λογικὸν
1292 3435 1508 3506 θνητόν.
1542 3434 1652 3488 Καὶ
1688 3434 1736 3485 εί
1765 3433 1880 3496 ἐνὸς

294 3523 556 3592 ὀνόματος
593 3524 869 3592 ἀπόφασις
898 3524 998 3577 οὐκ
1022 3520 1307 3594 ἐξαρκέσει
1330 3523 1465 3594 πρὸς
1487 3523 1676 3587 οὐσίας
1705 3521 1876 3594 δήλω-

299 3627 399 3677 σιν,
433 3612 535 3666 οὐκ
556 3613 666 3685 ἄρα
701 3614 887 3683 ὁρικὸν
913 3613 973 3666 τὸ
1001 3613 1348 3684 ἀγέννητος.

981 3806 1189 3862 ΑΛΛΟ.

363 3917 427 3970 Et
457 3917 566 3978 πᾶς
594 3917 721 3984 ὄρος
832 3916 1026 3972 τίὲστι
1057 3919 1194 3975 κατὰ
1220 3919 1382 3989 φύσιν
1413 3919 1520 3973 τῶν
1546 3920 1878 3990 σημαινομέ-

292 4024 394 4060 νων
445 4008 680 4060 ἓκαστον
725 4008 998 4080 εἰσφέρει,
1022 4011 1115 4065 καὶ
1162 4011 1282 4080 οὐχ).
1325 4011 1377 4063 τί
1406 4011 1504 4064 οὐκ
1534 4011 1680 4064 ἐστιν
1706 4028 1720 4042 ·
1758 4013 1792 4082 ἡ
1821 4013 1876 4064 δὲ

291 4097 628 4166 ἀγέννητος
660 4099 834 4169 φωνὴ,
852 4098 914 4150 οὐ
934 4099 1364 4163 τίέστινὸ,Θεὺς,
1389 4100 1524 4153 ἀλλὰ
1550 4100 1604 4152 τί
1628 4103 1729 4153 οὐκ
1753 4100 1870 4153 ἐστι

290 4189 441 4259 δηλοῖ
477 4188 598 4258 (δτι
639 4187 747 4259 γὰρ
791 4188 889 4242 οὐκ
933 4189 1182 4260 ἐγενήθη,
1213 4189 1302 4243 διὰ
1336 4191 1506 4244 τοῦτο..
1527 4190 1829 4262 ἀγένητος)
1858 4208 1871 4221 ·

291 4283 388 4336 οὐκ
417 4281 492 4335 ἂν
524 4281 611 4351 είη
637 4279 762 4350 ὅρος
789 4279 848 4332 τὸ
878 4279 1163 4350 ἀγένητος
1196 4282 1388 4351 ὁνομα.

989 4392 1194 4444 ΑΛΛΟ.

363 4505 488 4558 Τῶν
515 4504 712 4559 οὐσιῶν
738 4505 862 4568 τοὺς
889 4505 1046 4574 ὅρους
1082 4507 1116 4575 ἢ
1160 4505 1291 4573 φέρε
1324 4506 1498 4560 εἰπεῖν
1527 4507 1634 4561 τῶν
1665 4508 1871 4578 συμϐε-

301 4597 564 4665 ϐηκὸτων,
581 4597 629 4648 οἱ
658 4596 787 4662 περὶ
816 4595 989 4649 ταῦτα
1025 4597 1197 4664 σοφοὶ,
1217 4599 1314 4649 οὐκ
1341 4599 1403 4649 έκ
1427 4597 1534 4651 τῶν
1561 4599 1872 4669 ἀντικειμέ-

300 4703 404 4738 νων
442 4685 682 4753 γίνεσθαι
713 4686 1012 4755 βούλονται,
1044 4687 1158 4740 ἀλλ’
1195 4687 1254 4754 ἐξ
1291 4681 1364 4740 ὧν
1394 4691 1530 4742 εἰσιν
1564 4690 1871 4758 ὁμολογου-

305 4776 484 4846 μένως
501 4791 518 4805 ⁸
539 4773 644 4830 οἷον
669 4777 858 4849 ῶσπερ
885 4779 938 4830 ετ
964 4796 1046 4842 τις
1074 4781 1245 4832 εἰπεῖν
1267 4778 1664 4850 ἀπαιτούμενος
1681 4781 1734 4833 τί
1755 4782 1871 4833 ἐστι

300 4869 516 4937 λευκὸν,
546 4871 894 4943 ἀποκρίναιτο
925 4871 986 4924 τὸ
1036 4871 1110 4944 μὴ
1157 4872 1344 4942 μέλαν.
1381 4872 1550 4925 Τοῦτο
1587 4872 1697 4944 γὰρ
1729 4873 1789 4925 οὐ
1817 4873 1869 4924 τί

297 4963 407 5016 ἐστι
437 4962 503 5015 τὸ
530 4961 866 5033 ὁριζόμενον,
897 4962 1032 5015 ἀλλὰ
1058 4963 1110 5015 τί
1143 4964 1241 5016 οὐκ
1270 4963 1382 5015 ἐστι
1409 4963 1578 5033 δηλοῖ.
1605 4965 1669 5016 Εἰ
1691 4964 1870 5016 τοίνυν

295 5055 654 5126 ἠὶἀτένητος
700 5055 854 5127 φωνὴ
900 5055 961 5107 τὸ
1011 5055 1083 5125 μὴ
1128 5053 1457 5124 γεγενῆσθαι
1503 5054 1777 5124 σημαίνει,
1807 5055 1871 5106 έκ

291 5147 396 5200 τῶν
439 5149 836 5220 ἀντικειμένων
882 5147 995 5218 ἔχει
1043 5147 1138 5218 τὴν
1173 5147 1424 5217 δήλωσιν,
1455 5147 1611 5214 ὑγιὴς
1652 5146 1708 5198 δὲ
1750 5147 1873 5216 ὅρος

289 5239 388 5309 οὐκ
423 5239 490 5293 ἂν
527 5239 737 5306 γένοιτο
770 5238 872 5294 διὰ,
897 5237 1017 5291 τῶν
1039 5239 1315 5292 τοιούτων.
1347 5235 1459 5288 Οὐκ
1502 5235 1610 5305 ἄρα
1655 5236 1778 5304 ὅρος
1811 5235 1870 5287 τδ

294 5331 605 5401 ἀγέννητον.

990 5441 1188 5494 ΑΑΛΟ.

369 5559 434 5611 Ἡ
491 5559 790 5630 ἀγένητος
848 5555 1002 5626 φωνὴ
1064 5555 1170 5607 τῶν
1229 5552 1506 5623 πολλαχῶς
1562 5551 1871 5623 λεγομένων

286 5651 454 5705 νοοῖτο
507 5650 875 5717 κυρίως,,καὶ
923 5648 980 5700 ὲν
1023 5648 1133 5709 τοῖς
1180 5645 1487 5713 ὁμωνύμως
1538 5643 1770 5710 εὐλόγως
1808 5645 1872 5698 ἂν

1905 4389 1954 4443 D

1981 3165 2445 3234 collocaripossit,
2484 3163 2731 3219 deﬁnitio
2767 3176 2889 3216 esse
2924 3174 3029 3213 non
3057 3166 3252 3228 potest.
3296 3155 3376 3209 Ad
3416 3153 3551 3219 haec,

1979 3271 2176 3324 genera
2206 3273 2234 3311 a
2263 3256 2598 3326 philosophis
2651 3269 2755 3308 non
2790 3255 2840 3307 in
2874 3266 2980 3305 una
3015 3263 3078 3304 ac
3126 3247 3237 3303 sola
3287 3245 3545 3305 dictione.

1977 3345 2071 3398 sed
2103 3345 2154 3397 in
2211 3344 2456 3414 pluribus
2522 3342 2739 3397 deﬁnita
2795 3341 3058 3405 videmus,
3118 3349 3178 3391 ut
3248 3336 3550 3390 substantia

1979 3431 2216 3485 animata
2247 3433 2525 3496 seusitiva,
2576 3430 2661 3485 vel
2691 3428 2906 3502 _animal
2939 3426 3219 3491 rationale,
3301 3423 3546 3478 mortale.

1951 3520 2044 3574 'Et
2069 3520 2114 3575 si
2156 3521 2316 3575 unius
2363 3522 2597 3575 nominis
2638 3520 2852 3588 negatio
2899 3535 3002 3572 non
3036 3516 3236 3572 suﬁicit
3304 3517 3370 3570 ad
3413 3517 3549 3570 sub-

1977 3613 2190 3666 stantia!
2217 3614 2633 3682 explicationem
2655 3653 2675 3678 ,
2713 3627 2822 3666 non
2874 3611 2980 3666 erit
3013 3620 3162 3666 certe
3192 3609 3415 3680 ingeniti
3448 3622 3548 3661 no-

1978 3716 2101 3756 men
2137 3701 2401 3757 deﬁnitio.

2631 3815 2861 3871 ALIUD.

2051 3927 2106 3981 Si
2144 3927 2320 3982 omnis
2353 3927 2592 3982 deﬁnitio
2632 3925 3001 3993 cujuscunque
3042 3925 3192 3978 vocis
3268 3922 3396 3990 quid
3438 3921 3543 3982 sit.

1978 4020 2117 4088 quod
2145 4021 2482 4090 proponitur,
2519 4033 2625 4073 non
2665 4019 2795 4086 quid
2827 4032 2932 4070 non
2965 4018 3054 4081 sit,
3089 4015 3342 4082 explicat,
3390 4013 3543 4081 inge-

1979 4113 2075 4166 niti
2107 4121 2284 4167 autem
2316 4127 2419 4166 vox
2449 4126 2553 4164 non
2590 4110 2718 4178 quid
2754 4109 2825 4160 sit
2881 4107 3042 4169 Deus,
3077 4106 3170 4159 sed
3195 4105 3323 4170 quid
3353 4118 3456 4156 non
3479 4104 3550 4156 sit

1978 4203 2215 4273 explicat
2241 4203 2402 4271 (quia
2431 4201 2572 4254 enim
2601 4199 2816 4269 genitus
2841 4211 2946 4250 non
2982 4205 3086 4260 est,
3121 4195 3240 4250 ideo
3276 4193 3549 4262 ingenitus

1979 4296 2202 4365 dicitur)
2255 4312 2268 4348 :
2305 4291 2522 4362 ingeniti
2559 4303 2755 4346 nomen
2795 4288 3037 4344 deﬁnitio
3066 4301 3187 4344 esse
3217 4302 3319 4342 non
3352 4295 3548 4355 potest.

2649 4403 2880 4460 ALIUD.

2051 4521 2481 4575 Substantiarum
2520 4530 2685 4590 atque
2715 4520 2849 4574 adeo
2885 4517 3244 4573 accidentium
3271 4515 3544 4569 deﬁnitio~

1976 4625 2068 4665 nes
2096 4611 2394 4680 philosophi
2417 4602 2523 4665 non
2550 4630 2578 4664 ιι
2606 4611 2897 4664 contrariis
2923 4609 3029 4679 peti
3055 4609 3261 4674 volunt,
3280 4607 3372 4662 sed
3399 4625 3461 4661 ex
3485 4607 3557 4660 iis

1974 4719 2004 4756 e
2025 4704 2215 4770 quibus
2239 4716 2424 4756 revera
2457 4711 2709 4757 constant
2743 4719 2757 4756 :
2793 4702 2896 4771 16
2925 4701 3084 4755 veluti
3112 4702 3156 4755 si
3195 4701 3313 4769 quis
3337 4708 3556 4767 rogatus

1975 4795 2191 4862 quidsit
2222 4794 2422 4857 album,
2471 4795 2816 4862 respondeat,
2877 4792 2930 4846 id
2983 4793 3127 4862 quod
3180 4791 3392 4858 nigrum
3441 4802 3553 4839 non

1973 4892 2074 4938 est.
2115 4883 2169 4937 Id
2200 4885 2343 4938 enim
2397 4899 2500 4938 non
2541 4886 2668 4954 quid
2743 4893 2845 4949 cst,
2900 4884 2992 4937 sed
3048 4883 3176 4952 quid
3227 4894 3333 4932 non
3377 4885 3459 4929 est
3499 4874 3553 4929 id

1975 4973 2116 5040 quod
2147 4972 2398 5024 deﬁnitur
2441 4974 2696 5026 ostendit.
2733 4972 2790 5024 Si
2835 4985 2962 5038 ergo
3002 4985 3106 5021 vox
3152 4964 3393 5032 ingeniti,
3447 4978 3551 5016 non

1975 5079 2096 5118 esse
2130 5064 2369 5131 genitum
2402 5064 2659 5126 declarat,
2691 5077 2754 5115 ex
2801 5058 3090 5112 contrariis
3122 5070 3270 5109 suam
3306 5054 3547 5108 declara-

1982 5159 2180 5212 tionem
2233 5153 2399 5208 sumit
2438 5172 2451 5206 :
2489 5162 2632 5205 recta
2674 5164 2800 5204 vero
2855 5148 3096 5202 deﬁnitio
3149 5161 3421 5216 nunquam
3483 5160 3551 5198 ex

1981 5249 2044 5301 iis
2073 5255 2305 5302 constat.
2338 5242 2452 5296 Non
2478 5250 2716 5311 estergo
2763 5255 2957 5294 nomen
3007 5238 3228 5309 ingeniti
3278 5236 3549 5293 deﬁnitio.

2641 5436 2870 5490 ALIUD.

2044 5549 2157 5604 Vox
2190 5551 2403 5620 ingeniti
2447 5563 2510 5604 ex
2538 5549 2603 5601 iis
2654 5555 2737 5601 est
2789 5563 2908 5615 quae
2956 5549 3120 5601 variis
3177 5545 3352 5598 modis
3390 5542 3548 5596 intel-

1975 5641 2064 5707 ligi
2093 5652 2336 5708 possunt,
2376 5641 2678 5699 meritoque
2739 5637 2878 5691 inter
2927 5637 3230 5702 acquivocas
3273 5629 3556 5688 numerari"
