4056 6264
461 302 522 356 3|
1484 296 1542 352 Β.
1584 292 1864 350 CYRILLI
1903 289 2374 347 ALEXANDRINI
2414 288 2735 347 ARCIIIEP.
3664 301 3737 356 δίε

461 421 638 475 debet.
679 418 734 473 Si
767 433 894 489 ergo
919 420 1348 475 substantiarum
1389 415 1732 472 deﬁnitiones
1773 429 1877 468 non
1910 427 2044 468 con-

2173 411 2554 466 ιατατάττοιτο.
2595 413 2656 466 Ei
2703 412 2880 467 τοίνυν
3019 413 3128 468 τῶν
3169 413 3365 467 οὐσιῶν
3401 414 3516 486 ὅροι
3545 413 3644 468 οὐκ
3673 417 3737 468 ἐκ

459 519 608 565 stant
631 524 696 566 ex
719 511 1038 581 zequivocis,
1069 526 1246 582 neque
1269 524 1344 565 ex.
1371 508 1621 564 terminis
1651 506 1832 561 varias
1875 507 2044 576 signi-

463 601 744 658 ﬁcationes
772 603 1095 658 habentibus
1123 607 1334 673 (neque
1363 599 1508 656 enim
1542 599 1594 653 id
1618 599 1760 668 quod
1789 597 2046 654 deﬁnitur

464 692 842 763 explicabitur,
874 693 918 748 si
947 709 1014 750 ex
1048 693 1113 748 iis
1157 691 1424 760 constet),
1455 691 1677 764 ἔπειεηὶιὶ
1737 704 1869 746 vero
1919 705 2057 758 vos,

467 791 527 836 ut
561 784 720 837 modo
749 783 1008 850 diximus,
1048 783 1324 854 aequivoca
1364 792 1449 840 est
1489 801 1504 838 :
1541 789 1692 839 certe
1741 781 2045 853 ingenitum

469 873 710 931 definitio
737 889 858 931 esse
889 891 993 930 non
1025 883 1220 945 potest.

1143 985 1374 1041 ALIUD.

544 1099 598 1155 Si
636 1116 826 1155 nomen
854 1099 971 1155 sive
1000 1115 1112 1158 vox,
1151 1101 1392 1170 ingeniti,
1435 1099 1683 1162 deﬁnitio
1716 1107 1832 1164 est,
1872 1101 2048 1154 susci-

471 1193 581 1261 pict
613 1191 853 1262 profecto
876 1191 1033 1262 juxta
1083 1193 1351 1247 rationem
1380 1191 1784 1255 deﬁnitionum,
1819 1206 2046 1246 conver-

2147 503 2255 556 τῶν
2306 503 2634 574 ὁμωνύμων,
2682 505 2791 559 οὐδ’
2828 507 2892 561 ἐκ
2944 508 3053 560 τῶν
3100 507 3383 578 πολλαχῶς
3431 507 3730 578 νοουμένων(

2113 595 2514 669 ,λαμϐάνονται
2558 595 2698 667 (οὐδὲ
2732 597 2841 669 γὰρ
2892 597 3047 652 ἔσται
3097 599 3265 675 σαφὲς
3297 597 3358 650 ab
3399 595 3733 667 ὁριζόμενον,

2149 689 2197 740 εἰ
2244 689 2308 740 ἐκ
2353 687 2560 742 τούτων
2605 689 2981 760 λαμϐάνοιτο),
3035 692 3068 761 ἡ
3122 690 3178 742 δὲ
3225 688 3512 760 ἀγένητος
3564 687 3727 758 φωνὴ,

2149 780 2399 852 καθάπερ
2426 781 2526 852 ἤδη
2556 780 2910 852 προείπομεν,
2949 783 3059 836 τῶν
3091 781 3402 854 ὁμωνύμων
3439 781 3610 846 ἐστὶν,
3639 780 3734 832 οὐγ

2151 871 2218 926 ἂν
2247 873 2332 944 εἴη
2359 873 2482 944 ὄρος
2517 871 2578 926 τὸ
2604 873 2899 946 ἀγένητον.

2845 987 3050 1042 ΑΛΛΟ.

2221 1098 2432 1171 Εί’ὃρος
2461 1099 2584 1153 ἐστι
2608 1100 2668 1154 τὸ
2690 1099 3018 1169 ἀγέννητος
3047 1100 3216 1172 ὄνομα
3246 1102 3364 1170 ἦτοι
3388 1099 3560 1169 φωνὴ,
3599 1098 3740 1164 δέξε-

2151 1209 2242 1244 ται
2267 1188 2682 1262 δηλονότικατά
2710 1193 2770 1246 τὸ
2801 1193 2910 1246 τῶν
2935 1195 3076 1264 ὅρων
3113 1193 3297 1264 σχῆμα
3327 1193 3426 1263 τὴν
3459 1193 3741 1262 ἀντιστροτ-

471 1282 696 1340 sionem.
725 1283 901 1338 Veluti
931 1284 975 1337 si
1004 1283 1126 1353 quis
1157 1283 1431 1338 hominem
1451 1283 1733 1347 deﬁniens,
1758 1285 1903 1338 dicat
1931 1298 2052 1339 esse

2173 1284 2288 1353 ρήν·
2325 1282 2515 1356 ὥσπερ
2562 1285 2616 1337 ετ
2659 1301 2746 1348 τις
2793 1284 2886 1339 τὸν
2932 1283 3218 1356 ἄνθρωπον
3264 1283 3482 1354 ὁρίζων,
3527 1284 3602 1343 ὡς
3655 1282 3740 1351 εἴη

473 1371 1267 1439 animalrationale,,mortale,
1332 1373 1702 1444 intelligentiae
1769 1382 1826 1430 et
1876 1374 2052 1429 scien-

2173 1373 2292 1439 ζῶον
2338 1375 2574 1444 λογικὸν,
2609 1376 2832 1448 θνητὸν,
2857 1376 2950 1432 νοῦ
2989 1377 3082 1431 καὶ
3116 1378 3429 1448 ἐπιστήμης
3469 1374 3739 1439 δεκτικὸν,

476 1465 562 1518 tiae
592 1478 795 1533 capax;
843 1466 1047 1535 poterit
1091 1467 1194 1522 hoc
1251 1467 1426 1534 ipsum
1475 1474 2048 1534 rursusconvertere,

2173 1466 2526 1537 ὶντιστρέφων
2561 1467 2723 1522 πάλιν
2762 1469 2892 1522 αὐτὸ
2919 1468 3068 1538 λέγοι
3089 1484 3101 1498 ’
3134 1469 3202 1525 Et
3233 1486 3318 1532 τις
3341 1468 3480 1531 ζῶον
3504 1466 3740 1535 λογικὸν.

475 1555 700 1610 dicens:
735 1555 790 1610 Si
825 1557 969 1626 quod
1007 1558 1205 1612 animal
1236 1567 1321 1613 est
1363 1557 1646 1626 rationale,
1681 1557 1934 1622 mortale,
1968 1559 2052 1612 in-

2173 1558 2368 1629 ivntby,
2404 1559 2496 1613 νοῦ
2546 1561 2642 1613 καὶ
2677 1562 2993 1634 ἐπιστήμης
3026 1561 3296 1626 δεκτικὸν,
3333 1559 3493 1615 τοῦτο
3525 1561 3744 1623 πάντως

478 1645 785 1715 telligentia:
806 1657 860 1700 et
884 1648 1125 1702 scientiae
1150 1664 1342 1719 capax,
1375 1649 1428 1704 id
1449 1648 1668 1703 omnino
1698 1649 1862 1704 etiam
1890 1648 2055 1704 homo

2173 1650 2254 1703 ιαὶ
2289 1650 2592 1720 ἄνθρωπος.
2623 1652 2689 1706 El
2710 1653 2888 1708 τοίνυν
2924 1653 2982 1706 τὸ
3010 1653 3296 1725 ἀγένητον,
3347 1653 3601 1722 καθάπερ
3629 1652 3739 1721 ήδη

475 1745 580 1792 εει.
615 1736 949 1809 Quapropter
974 1741 1020 1797 si
1056 1741 1355 1812 ingenitum
1384 1742 1568 1812 (sicut
1595 1743 1753 1798 modo
1779 1741 2050 1814 diximus)

2173 1741 2512 1814 προείπομεν,
2537 1743 2660 1812 ὅρος
2685 1745 2820 1807 ἐστὶ,
2849 1742 2923 1814 μὴ
2941 1744 3322 1819 ,παραιτείσθω
3339 1745 3437 1815 τὴν
3466 1745 3746 1813 ἀντιστρο-

477 1827 720 1883 deﬁnitio
789 1839 894 1898 εει,
945 1846 1012 1887 ηε
1061 1845 1277 1890 recuset
1309 1835 1740 1890 conversionem.
1795 1833 1852 1889 Si
1903 1837 2050 1891 enim

478 1919 774 1989 ingenitum
806 1924 1112 1981 substantia
1144 1934 1228 1981 est
1270 1945 1284 1980 :
1319 1926 1620 1982 substantia
1650 1927 1814 1982 etiam
1857 1936 1942 1982 cst
1967 1927 2053 1980 itt-

477 2011 738 2080 genitum,
776 2015 870 2069 sed
916 2031 1020 2071 non
1063 2020 1418 2073 convertitur.
1467 2017 1655 2088 Neque
1699 2019 1844 2075 enim
1879 2019 2056 2074 omnis

478 2103 779 2160 substantia
836 2106 887 2160 in
942 2109 1252 2164 universum
1303 2111 1466 2164 etiam
1517 2111 1753 2181 ingenita
1788 2119 1903 2177 est;
1953 2109 2056 2165 soli

477 2195 620 2248 enim
655 2197 760 2252 Deo
810 2199 910 2254 hoc
943 2201 1212 2270 peculiare
1247 2214 1349 2258 εει.
1400 2200 1518 2257 Νοη
1555 2213 1654 2258 εει
1683 2219 1812 2272 ergo
1857 2216 2051 2256 nomen

2159 1838 2302 1906 φήν·
2355 1835 2405 1886 εἰ
2453 1833 2561 1906 γὰρ
2600 1835 2660 1886 τὸ
2694 1835 2955 1905 ἀγένητον
2985 1836 3161 1899 οὐσία,
3194 1837 3288 1889 καὶ
3337 1838 3370 1907 ἡ
3413 1836 3569 1888 οὐσία
3614 1834 3746 1901 ἀγέο

2158 1945 2350 1998 νητον·
2403 1927 2519 1982 ἀλλ’
2558 1929 2658 1981 οὐκ
2708 1929 3078 2000 ἀντιστρέφει.
3121 1932 3195 1983 Οὐ
3238 1930 3347 2002 γὰρ
3397 1933 3546 1984 πᾶσα
3589 1927 3747 1983 οὐσία

2162 2021 2378 2082 πάντως
2405 2019 2522 2072 ἐστὶ
2561 2020 2655 2073 καὶ
2702 2019 2965 2091 ἀγένητος
2986 2036 3000 2051 ⁸
3039 2020 3184 2091 μόνῳ
3214 2022 3270 2074 δὲ
3301 2022 3421 2093 Θεῷ
3463 2023 3584 2075 κατ’
3612 2020 3751 2085 ὲξαίσ

2167 2126 2319 2181 ρετον
2348 2107 2504 2162 τοῦτό
2532 2110 2878 2181 ἐστιν,”ορος
2904 2106 2997 2163 οὖν
3021 2111 3120 2164 οὐκ
3151 2111 3218 2164 ἂν
3249 2111 3330 2182 εἴη
3360 2111 3421 2164 τὺ
3447 2111 3748 2180 ἀγένητον·

2159 2202 2276 2254 ἀλλ’
2305 2201 2388 2256 ὅτι
2424 2201 2499 2274 μὴ
2525 2201 3020 2272 γεγένηται-μόνον
3045 2202 3320 2272 σημαίνει.

480 2286 700 2354 ingeniti
729 2289 970 2347 deﬁnitio
1004 2310 1018 2346 :
1054 2293 1147 2348 sed
1177 2303 1383 2349 tantum
1419 2311 1526 2350 non
1552 2309 1674 2351 esse
1701 2296 1956 2366 genitum-
1976 2293 2274 2365 signiﬁcat.

853 2421 1446 2516 ASSEBTIO
1506 2425 1695 2513 III.

481 2565 752 2624 Rcftttatio
801 2571 870 2623 ad
909 2572 1139 2635 verbum,
1179 2575 1318 2642 quod
1367 2574 1654 2642 ingenitum
1701 2591 1802 2628 non
1832 2575 1898 2628 sit
1946 2577 2064 2629 sub-

553 2642 772 2705 stantia,
803 2642 892 2693 sed
939 2651 1145 2695 tantum
1191 2643 1445 2712 signiﬁcet
1487 2643 1656 2698 Deum
1691 2646 1926 2714 genitum
1959 2663 2063 2700 non

551 2722 681 2762 σκε.

553 2818 612 2876 Si
650 2822 944 2892 ingenitum
994 2825 1293 2882 substantia
1321 2838 1428 2892 est,
1475 2837 1530 2883 et
1565 2828 1884 2884 substantia:
1928 2830 2064 2884 nihil

485 2920 570 2966 est
603 2915 962 2980 contrarium,
997 2915 1130 2970 nihil
1177 2917 1282 2971 erit
1325 2917 1562 2989 ingenito
1605 2920 1956 2973 contrarium.
2001 2919 2059 2974 Si

486 3018 616 3059 vero
675 3007 1004 3060 contrarium
1060 3017 1142 3063 est
1191 3009 1431 3080 ingenito
1471 3011 1710 3080 genitum
1740 3052 1754 3076 ,
1803 3012 2058 3066 substan-

2680 2416 3046 2502 ΛΟΓΟΣ
3119 2417 3230 2502 Γ.

2182 2571 2519 2641 Ἀπολογίᾳ,
2539 2571 2872 2641 αὑτολεξεὶ,
2904 2572 2992 2625 ὅτι
3015 2573 3101 2639 μὴ
3129 2572 3195 2625 τὸ
3227 2572 3520 2641 ἀγένητον
3549 2574 3752 2631 οὐσίαι

2236 2641 2430 2708 μόνον
2460 2639 2528 2692 δὲ
2559 2640 2666 2694 τοῦ
2688 2641 2774 2710 μὴ
2808 2642 3111 2712 γεγονέναι
3143 2642 3250 2697 τὸν
3276 2639 3443 2710 Θεὸν,
3471 2659 3764 2712 σημαντιι

2245 2711 2376 2764 κόν.

2246 2823 2306 2874 Εἰ
2345 2821 2406 2874 τὺ
2440 2823 2705 2893 ἀγένητον
2739 2822 2918 2890 οὐσία,
2953 2827 3020 2894 τῇ
3046 2824 3102 2877 δὲ
3128 2825 3286 2895 οὐσίᾳ
3313 2825 3464 2878 οὐδὲν
3495 2826 3756 2890 ἐναντίον,

2170 2911 2323 2964 οὐδὲν
2370 2912 2478 2983 ἄρα
2532 2911 2685 2965 ἔσται
2715 2912 2792 2982 τῷ
2823 2914 3074 2983 ἀγενήτῳ
3119 2915 3379 2968 ἐναντίον.
3410 2915 3472 2966 Εἰ
3511 2915 3568 2967 δέ
3613 2916 3759 2967 ἐστιν

2169 3001 2410 3055 ἐναντίον
2460 3001 2538 3073 τῷ
2570 3004 2817 3075 ἀγενήτῳ
2851 3004 2912 3056 τὸ
2949 3005 3193 3075 γενητὸν,
3236 3009 3302 3076 τῇ
3331 3006 3386 3059 δὲ
3415 3007 3571 3077 οὐσίᾳ
3609 3007 3760 3060 οὐδὲν

492 3095 576 3149 tia:
615 3105 794 3152 autem
846 3100 978 3154 nihil
1024 3103 1394 3170 contrarium,
1453 3105 1755 3175 ingenitum
1805 3121 1908 3162 non
1958 3107 2065 3162 erit

2173 3092 2433 3160 ἐναντίον,
2465 3093 2526 3147 τὸ
2564 3094 2826 3164 ἀγένητον
2861 3094 2964 3148 οὐκ
2987 3095 3138 3148 ἔσται
3175 3096 3370 3154 οὐσία..

478 3176 810 3244 ’διιῠειειιιίιι

1091 3284 1194 3354 17
1236 3283 1471 3341 ALIUD.

565 3386 940 3461 Siingenitum
976 3403 1059 3448 est
1085 3394 1406 3463 substantia,
1433 3400 1749 3457 necessario
1779 3401 1942 3457 etiam
1975 3419 2073 3473 ge-

493 3480 664 3535 nitum
691 3483 795 3536 erit
833 3483 1132 3540 substantia
1173 3503 1185 3538 :
1223 3487 1266 3542 si
1297 3503 1426 3544 vero
1460 3497 1751 3563 utrumque
1797 3503 1880 3549 est
1940 3495 2072 3549 sub-

492 3575 853 3639 stantia,,n0n
889 3578 992 3632 erit
1021 3581 1354 3634 contrarium
1380 3582 1618 3652 ingenito
1652 3586 1914 3651 genitum,
1979 3587 2074 3640 sed

495 3663 657 3719 idem.
692 3664 878 3737 Neque
905 3668 1049 3723 enim
1079 3671 1381 3727 substantia
1438 3673 1756 3730 substantiae
1793 3677 2068 3732 contraria

490 3765 596 3810 cst.

1158 3878 1396 3934 ALIUD.

563 3984 620 4040 Si
664 3983 959 4054 ingenitum
1017 3989 1378 4044 substantiam
1445 3989 1536 4045 Dei
1608 3988 1902 4059 signiﬁcat,
1965 4005 2072 4044 non

491 4089 623 4129 vero
655 4086 802 4132 notat
826 4079 1180 4135 substantiam
1211 4083 1450 4153 genitam
1505 4097 1610 4137 non
1634 4097 1776 4145 esse,
1837 4081 2074 4152 genitum

495 4183 712 4236 quoque
735 4169 987 4226 similiter
1013 4175 1373 4230 substantiam
1450 4174 1796 4244 signiﬁcabit,
1857 4187 1956 4228 nec
1984 4190 2077 4242 ge-

499 4262 669 4318 nitum
701 4279 821 4321 esse
843 4264 1072 4320 notabit.
1102 4265 1238 4320 Cum
1268 4275 1449 4321 autem
1484 4276 1775 4336 utrumque
1824 4266 2078 4321 substan-

500 4356 628 4409 tiam
654 4355 938 4425 signiﬁcet,
968 4357 1111 4411 unde
1131 4365 1422 4427 cognoscet
1492 4357 1614 4425 quis
1680 4358 1908 4412 alteram
1958 4359 2080 4429 qni-

2860 3279 3066 3333 ΑΛΛθ.

2245 3395 2312 3449 Ei
2351 3393 2414 3448 τὸ
2451 3393 2719 3466 ἀγένητον
2766 3394 2946 3461 οὐσία,
2999 3394 3057 3460 ἐξ
3100 3395 3346 3466 ἀνάγκης
3392 3395 3540 3449 ἔσται
3577 3397 3670 3448 καὶ
3703 3396 3762 3448 τὸ

2175 3485 2402 3556 γενητὸν
2429 3486 2584 3540 οὐσία
2607 3501 2621 3517 ο
2651 3487 2700 3538 εἰ
2731 3485 2788 3543 δὲ
2812 3486 2970 3538 οὐσία
3002 3485 3260 3556 ἑκάτερα,
3305 3487 3404 3540 οὐκ
3437 3487 3588 3540 ἔσται
3611 3489 3763 3542 ἐναν-

2173 3575 2289 3629 τίον
2327 3577 2406 3646 τῷ
2441 3563 2690 3648 ἀγενήτῳ
2719 3577 2780 3630 τὸ
2830 3578 3080 3648 γενητὸν,
3123 3578 3262 3634 ἀλλά
3307 3580 3525 3634 ταυτόν.
3552 3580 3626 3632 Οὐ
3655 3581 3764 3648 γὰρ

2175 3670 2413 3724 ἐναντίον
2438 3669 2597 3723 οὐσία
2629 3670 2764 3740 πρὸς
2792 3670 2998 3726 οὐσίαν.

2859 3867 3062 3924 ΑΛΛΟ.

2249 3982 2312 4035 Εἰ
2344 3981 2402 4034 τὸ
2444 3980 2706 4051 ἀγένητον
2745 3981 2934 4034 οὐσίαν
2975 3979 3111 4035 Θεοῦ
3145 3980 3420 4051 σημαίνει.
3446 3979 3562 4033 ἀλλ’
3607 3979 3667 4031 οὐ
3706 3978 3765 4032 τὸ

2180 4075 2254 4146 μὴ
2288 4073 2541 4144 γενέσθαι
2568 4075 2667 4146 τὴν
2699 4075 2908 4139 οὐσίαν,
2947 4077 3040 4130 καὶ
3079 4075 3140 4128 τὸ
3165 4074 3389 4146 γενητὸν
3417 4075 3641 4138 εἰκότως
3677 4075 3762 4127 οὐ·

2179 4165 2324 4234 σίαν,
2351 4166 2467 4224 ἀλλ’
2500 4167 2559 4219 οὐ
2606 4166 2668 4219 τὸ
2707 4167 2984 4236 γενέσθαι.
3033 4168 3237 4221 Οὐσίαν
3289 4167 3346 4219 δὲ
3390 4165 3765 4237 σημαινόντων

2179 4258 2478 4331 ἑκατέρων,
2511 4258 2676 4312 πόθεν
2717 4259 2830 4330 γνῷ
2877 4279 2961 4324 τις
3005 4260 3104 4332 τὴν
3136 4261 3232 4330 μὲν
3266 4258 3544 4323 ποιοῦσαν,
3578 4259 3677 4328 τὴν
3708 4257 3764 4310 δὲ

2177 4348 2492 4419 γινομένην,
2538 4347 2684 4414 ἅπαξ
2741 4347 2849 4402 τῶν
2897 4347 3180 4417 ὀνομάτων
3236 4346 3389 4400 οὐδὲν
3439 4343 3760 4414 δηλούντων,

498 4449 620 4501 dem
643 4447 974 4518 gignentem,
999 4447 1222 4502 alteram
1251 4449 1506 4528 genitam,
1533 4462 1651 4503 cum
1702 4449 1919 4504 nomina
1945 4451 2065 4504 niltii

2181 4439 2296 4491 ἀλλ’
2329 4438 2363 4510 ἢ
2403 4439 2563 4509 μόνον
2596 4439 2818 4506 οὐσίαν;

498 4537 808 4609 signiﬁcent
837 4537 936 4593 nisi
961 4538 1375 4593 substantiam?"

1169 4645 1404 4704 ALIUD.

570 4764 631 4822 Si
660 4764 958 4836 ingenitum
984 4761 1286 4817 substantia
1317 4771 1420 4826 est,
1449 4758 1756 4816 substantia
1808 4769 1990 4814 autem
2017 4759 2083 4814 de

496 4857 754 4915 omnibus
802 4857 1034 4910 univoce
1088 4853 1328 4909 dicitur:
1383 4851 1682 4922 ingenitum
1737 4851 1800 4905 dc
1827 4850 2081 4904 omnibus

499 4949 817 5007 substantiis
842 4948 1072 5013 dicetur,
1097 4947 1279 5000 autde
1339 4944 1592 4999 omnibus
1635 4959 1754 5014 qum
1784 4942 1884 4998 sul)
1950 4942 2083 5013 ipsis

501 5051 647 5097 sunt.
680 5041 736 5096 Si
756 5041 1199 5112 veroingenitum
1224 5038 1290 5094 de
1317 5037 1570 5094 omnibus
1601 5052 1705 5092 non
1735 5035 2082 5106 prmdicatur,

501 5133 804 5188 substantia
829 5145 1011 5190 autem
1037 5132 1104 5188 de
1129 5133 1384 5188 omnibus
1405 5171 1421 5199 ,
1450 5145 1558 5202 quo
1585 5141 1745 5202 pacto
1770 5145 1933 5184 unum
1970 5128 2084 5183 fue-

506 5227 616 5283 rint
644 5225 944 5282 substantia
974 5235 1030 5281 et
1053 5225 1399 5297 ingenitum?

1175 5333 1406 5389 ALIUD.

579 5454 635 5508 Si
663 5447 964 5522 ingenitum
994 5448 1296 5504 substantia
1321 5455 1427 5513 est,
1480 5446 1534 5500 in
1597 5448 1895 5502 substantia
1956 5461 2088 5501 vero

1425 5553 1531 5594 non
1584 5541 1690 5596 crit
1748 5542 1850 5596 hac
1881 5540 2090 5594 ratione

508 5564 615 5602 non
641 5545 788 5602 cadit
825 5540 996 5612 magis
1022 5550 1078 5596 ct
1140 5542 1341 5607 minus,

510 5639 682 5706 magis
708 5636 1026 5706 ingenitum,
1055 5635 1151 5692 sed
1185 5651 1358 5707 neque
1388 5634 1564 5690 minus
1597 5631 1749 5702 quid.
1791 5632 1846 5686 Si
1903 5639 2085 5685 autem

509 5730 690 5786 ontnia
721 5729 931 5785 caccdit
963 5728 1277 5798 ingenitum,
1347 5741 1681 5797 nequaquam
1730 5740 1854 5780 vero
1923 5722 2085 5778 etiam

2875 4645 3079 4700 AAAO.

2255 4760 2319 4815 Εί
2349 4759 2698 4832 τδεάγένητον
2719 4759 2909 4813 οὐσία·
2934 4759 2967 4828 ἡ
3005 4757 3061 4810 δὲ
3087 4756 3242 4810 οὐσία
3279 4755 3371 4810 ἐπὶ
3401 4757 3617 4811 πάντων
3644 4775 3767 4811 συν·

2184 4850 2417 4922 ωνύμως
2458 4850 2710 4919 λέγεταιο
2773 4849 2834 4903 τὺ
2880 4850 3138 4920 ἀγένητον
3179 4849 3272 4902 ἐπὶ
3316 4847 3504 4903 πασῶν
3534 4849 3640 4902 τῶν
3674 4850 3766 4902 οὺ-

2187 4941 2318 4994 σιῶν
2347 4940 2692 5010 λεχθήσεται,
2727 4942 2761 5012 ἢ
2794 4941 2887 4995 ἐπὶ
2933 4940 3150 4994 πάντων
3186 4939 3294 4994 τῶν
3329 4941 3420 4992 ὑπ’
3457 4939 3668 5001 αὐταῖς.
3705 4939 3768 4990 El

2185 5031 2240 5084 δὲ
2273 5032 2333 5084 τὸ
2381 5031 2644 5102 ἀγένητον
2675 5032 2767 5085 ἐπὶ
2810 5032 3027 5087 πάντων
3071 5033 3132 5084 οὺ
3187 5031 3594 5099 κατηγορεῖται,
3642 5027 3675 5097 ὴ
3714 5027 3769 5080 δὲ

2186 5123 2348 5178 οὐσία
2375 5122 2467 5176 ἐπὶ
2506 5124 2744 5189 πάντων,
2780 5123 2896 5187 πῶς
2925 5122 3120 5178 ταυτὸν
3147 5120 3303 5173 οὐσία
3337 5119 3430 5171 καὶ
3475 5118 3765 5187 ἀγένητον·

2869 5325 3074 5377 ΔΛΛΟ.

2264 5445 2324 5496 Εἰ
2355 5444 2411 5496 τὸ
2457 5442 2718 5510 ἀγένητον
2763 5437 2942 5502 οὐσία,
2973 5438 3130 5492 οὐσία
3179 5439 3234 5491 δὲ
3287 5439 3474 5503 οὐσίας
3519 5439 3619 5491 οὐκ
3657 5436 3771 5488 ἐστι

2196 5535 2393 5605 μᾶλλον
2421 5533 2516 5587 καὶ
2562 5528 2744 5603 ἦττον,
2779 5531 2879 5584 οὐκ
2922 5531 3074 5584 ἔσται
3114 5531 3253 5586 κατὰ
3281 5531 3440 5584 τοῦτο
3485 5529 3684 5599 μᾶλλον
3713 5527 3773 5578 τὸ

2194 5629 2478 5698 ἀγένητον,
2530 5624 2642 5678 ἀλλ’
2678 5623 2798 5678 οὐδὲ
2829 5619 2991 5696 ἦττόν
3025 5642 3076 5676 τι
3125 5623 3312 5678 αὑτοῦ.
3363 5624 3425 5676 Ei
3455 5623 3510 5674 δὲ
3556 5620 3774 5674 πάντων

2199 5721 2291 5791 μὲν
2327 5719 2580 5790 ὐπερὲχει
2628 5716 2685 5770 τὸ
2741 5717 3024 5790 ἀγένητον,
3063 5716 3244 5770 οὐκέτι
3277 5715 3331 5767 δὲ
3379 5714 3468 5768 καὶ
3508 5715 3538 5779 ἡ
3583 5710 3770 5765 οὐσίαο
