4056 6264
261 421 330 475 ss
1675 417 2115 474 'IHESAURUS.
2184 501 2204 512 χ
3459 432 3530 490 3,,

260 541 307 591 εί
330 537 389 591 δὲ
425 538 525 607 μὴ,
553 537 744 592 πάντα
769 537 989 592 πάντων
1023 538 1273 609 ὑπερέξει
1299 555 1312 568 ·
1345 538 1444 592 οὐκ
1476 503 1767 611 ἄραῗὲσται
1794 541 1857 593 τὸ

1926 503 2300 607 ,ευὺειοηιίοῑ
2353 542 2548 612 alioqui
2599 547 2781 601 omnia
2851 550 3182 618 praestabunt
3240 559 3528 619 omnibus:

270 629 523 700 ἱγένητον
558 629 748 682 οὐσία.

1952 640 2101 686 certe
2141 631 2431 702 ingenitum
2465 635 2766 690 substantia
2805 655 2909 694 non
2940 641 3066 697 erit.

950 743 1153 797 AAAO.
2620 746 2853 803 ALIUD.

332 854 402 908 Et
436 856 502 908 τὸ
532 857 787 925 ἀγένητον
833 857 1022 911 οὐσίαν
1054 856 1188 910 Θεοῦ
1235 859 1510 930 σημαίνει,
1553 859 1667 913 ἀλλ’
1697 860 1758 914 οὐ
1785 862 1846 915 τὸ

2023 852 2082 908 Si
2113 853 2405 926 ingenitum
2427 857 2784 914 substantiam
2809 861 2902 917 Del
2919 862 3323 933 signiﬁcat,non
3345 877 3523 922 autem

270 948 345 1018 μὴ
378 948 652 1014 γενέσθαι,
702 948 980 1017 ὀνομάτων
1014 948 1163 1019 αὐτῷ
1208 949 1409 1020 ἐτέρων
1431 950 1589 1022 χρεία
1625 951 1732 1004 τῶν
1751 951 1845 1005 δυ-

1950 947 2091 1014 quod
2123 947 2339 1016 genitus
2392 963 2497 1004 non
2569 951 2662 1015 sit,
2704 951 2824 1007 aliis
2878 956 3186 1011 nominibus
3239 973 3375 1026 opus
3424 961 3527 1012 erit

276 1043 523 1111 ναμένων
564 1041 744 1106 δεῖξαι,
783 1042 844 1095 τὸ
880 1043 955 1114 μὴ
987 1043 1053 1097 ἐκ
1079 1061 1225 1106 τινος
1249 1043 1423 1096 αἰτίου
1454 1043 1708 1111 γενέσθαι
1752 1045 1846 1098 τὸν

1949 1049 2070 1102 qua:
2098 1034 2333 1092 habeant
2369 1039 2476 1093 vim
2510 1041 2823 1097 declarandi
2883 1044 3050 1101 Deum
3108 1063 3174 1102 ex
3233 1048 3334 1104 alia
3366 1065 3524 1105 causa

273 1131 426 1186 Θεόν.
453 1133 625 1196 Ἀπαξ
648 1133 756 1204 γὰρ
784 1134 846 1186 τὸ
875 1134 1141 1206 ἀγένητον
1169 1133 1284 1188 τοῦ
1303 1134 1435 1188 Θεοῦ
1464 1135 1618 1188 οὐδὲν
1646 1135 1845 1206 σημαί-

1949 1125 2064 1179 sive
2086 1127 2559 1198 originegenitum
2587 1147 2694 1187 non
2736 1149 2876 1190 esse.
2899 1134 3200 1206 lugenitum
3260 1142 3405 1196 enim
3433 1141 3524 1197 Dei

273 1240 370 1291 νει,
396 1225 507 1279 ἀλλ’
535 1226 568 1295 ἦ
601 1225 985 1296 μόνονούσίαν
1007 1228 1167 1284 Θεοῦ.

1949 1216 2082 1270 nihil
2134 1220 2356 1276 omnino
2415 1221 2710 1290 signiﬁcat,
2771 1225 2868 1281 sed
2912 1236 3121 1284 tantum
3172 1231 3526 1288 substantiam

1945 1306 2065 1361 Dei.

1995 1323 2065 1362 οι.

960 1431 1161 1486 ᾹΛΛο.
2619 1430 2850 1489 ALIUD.

329 1549 388 1601 Εἰ
417 1550 450 1618 ἡ
481 1546 643 1600 οὐσία
665 1545 761 1599 τοῦ
789 1543 925 1598 Θεοῦ
959 1544 1018 1597 ἓν
1044 1544 1095 1597 τί
1123 1545 1295 1608 ἐστιν,
1325 1546 1442 1599 ἀλλ’
1472 1546 1533 1599 οὐ
1559 1547 1730 1602 πολλὰ
1762 1548 1842 1616 τῷ

2020 1534 2079 1591 Si
2103 1537 2404 1595 substantia
2439 1541 2532 1597 Dei
2578 1559 2744 1599 unum
2784 1546 2990 1617 aliquid
3041 1558 3143 1614 est,
3182 1567 3286 1607 non
3343 1565 3520 1610 autem

252 1638 497 1710 ἀριθμῷ,
527 1639 590 1692 τὸ
641 1622 702 1692 δὲ
750 1637 1034 1706 ἀγένητον,
1077 1632 1176 1690 καὶ
1222 1637 1595 1701 ἀσασίλευτον,
1648 1638 1843 1693 καὶτὰ

1946 1629 2119 1686 multa
2141 1648 2365 1691 numero
2388 1652 2404 1702 ;
2425 1637 2722 1708 ingenitum
2789 1625 2938 1707 vero,
2970 1653 3024 1698 et
3067 1643 3418 1698 ἀϐασίλευτον
3450 1648 3522 1716 (id

253 1730 440 1794 ὶοιπὰ,
491 1729 688 1792 πολλὰ,
729 1727 846 1781 ἀλλ’
880 1728 977 1796 οὐχ
1025 1726 1084 1780 ἓν
1136 1727 1213 1798 τῷ
1257 1727 1512 1798 ἀριθμῷο
1556 1729 1657 1781 οὐκ
1688 1728 1841 1782 ἔσται

1945 1730 2048 1787 est,
2089 1723 2532 1798 nulliusimperio
2562 1730 2886 1804 subditum),
2912 1743 2968 1788 et
3002 1735 3107 1790 alia
3141 1736 3258 1807 ejus
3285 1743 3518 1808 generis,

257 1821 368 1891 ἄρα
395 1821 597 1874 ταυτὸν
621 1822 656 1886 ἡ
686 1819 845 1872 οὐσία
873 1819 952 1890 τῷ
981 1820 1229 1890 ἀγενήτῳ
1259 1821 1352 1874 καὶ
1378 1819 1736 1888 ἀδασιλεύτῳ,
1765 1819 1842 1883 ὡς

1947 1824 2074 1869 sunt
2099 1817 2288 1882 multa,
2316 1835 2491 1890 neque
2521 1839 2687 1878 unum
2726 1841 2950 1885 numero
2987 1844 3136 1884 :non
3195 1833 3301 1886 erit
3339 1834 3521 1903 utique

248 1913 384 1965 οὐδὲ
417 1912 478 1965 τὸ
506 1912 697 1972 ἒνιτοῑς
720 1910 950 1973 πολλοῖς.
1355 1965 1357 1968 ί

1911 1945 1914 1957 ι
1942 1906 2082 1961 idem
2107 1910 2411 1968 substantia
2439 1929 2560 1970 cum
2591 1917 2831 1987 ingenito
2846 1930 2901 1975 et
2923 1921 3365 1994 nulliuslmperio
3394 1926 3513 1980 sub-

1945 1994 2078 2062 dito,
2103 1997 2243 2053 sicut
2271 2016 2370 2058 nec
2399 2019 2564 2061 unum
2595 2022 2718 2064 cum
2741 2011 2978 2068 multis.’

949 2109 1154 2162 AAA‘O.
2599 2119 2848 2177 ALIUD.

326 2221 390 2273 Et
417 2219 478 2272 τὸ
510 2219 907 2289 ἀγένητον,καὶ
940 2217 1001 2270 τὸ
1021 2215 1269 2288 γενητὸν,
1307 2219 1398 2271 καὶ
1436 2217 1504 2271 τὰ
1534 2215 1713 2279 λοιπὰ,
1745 2216 1837 2270 οὐ-

2015 2218 2073 2274 Si
2101 2221 2401 2294 ingenitum
2437 2236 2490 2283 et
2511 2232 3080 2304 genitum,etc:etera,
3107 2250 3232 2293 sunt
3265 2240 3515 2297 substan-

251 2312 349 2364 σία
379 2311 540 2374 Θεοῦ,
572 2310 738 2380 ἕτερα
763 2309 822 2362 δέ
863 2311 969 2361 εἱσι
1007 2309 1182 2362 ταῦτα
1223 2311 1340 2372 ταῖς
1379 2313 1599 2377 φωναῖς,
1628 2309 1837 2378 ἀνάγκη

1944 2310 2014 2363 tia
2049 2311 2165 2395 Dei,
2193 2317 2408 2372 diversa
2444 2334 2574 2374 vero
2609 2335 2737 2378 sunt
2770 2326 2884 2382 haec
2912 2330 3188 2385 vocabulis
3232 2333 3381 2401 ipsis,
3425 2350 3511 2388 ne-

237 2404 360 2472 ’τὴν
392 2403 582 2454 οὐσίαν
609 2401 829 2470 ἐκείνην
852 2400 997 2452 οῦτω
1034 2399 1353 2468 συγκεῖσθαι
1379 2401 1515 2454 κατὰ
1535 2401 1632 2464 τὰς
1651 2400 1839 2469 διαφό-

1940 2415 2096 2457 cesse
2125 2407 2589 2464 estsubstantiam
2627 2413 2772 2467 illam
2806 2417 2879 2470 ita
2913 2399 3267 2488 compositam
3289 2439 3409 2478 esse
3433 2441 3518 2479 se-

250 2508 391 2561 ρους
451 2489 635 2558 φωνάς
659 2505 673 2519 ο
707 2488 773 2542 ἵν’
819 2489 1042 2552 οἰκείως
1085 2490 1144 2540 αἱ
1183 2488 1358 2556 φωναὶ
1389 2489 1512 2542 κατ’
1558 2489 1841 2585 αὐτῆςῡλέ-

1939 2496 2175 2549 cundum
2236 2497 2539 2555 dill‘erentia
2609 2506 2892 2574 vocabula,
2931 2519 2988 2563 ut
3031 2513 3250 2581 proprie
3295 2514 3362 2570 de
3404 2516 3515 2585 ipsa

239 2595 490 2647 γωνταιο
529 2578 560 2647 ῆ
612 2577 687 2647 μὴ
743 2578 1109 2648 συγκειμένης
1150 2578 1339 2648 αὐτῆς,
1383 2577 1670 2632 ἀκόλουθον
1698 2574 1836 2631 εἶναι

1939 2586 2043 2640 dici
2091 2590 2343 2658 possint:
2377 2603 2472 2648 aut
2495 2596 2540 2650 si
2571 2601 2870 2667 composita
2900 2601 3014 2671 ipsa
3033 2574 3156 2658 1.9.3
3197 2605 3290 2671 sit,
3326 2574 3516 2663 cosse.

243 2671 423 2723 ταῦτα
451 2669 560 2722 τῶν
607 2669 924 2739 προσόντων
956 2671 1022 2741 τῇ
1047 2670 1204 2740 οὐσίᾳ
1236 2671 1575 2740 -σημαντικὰ,
1612 2671 1737 2724 «ἀλλ’
1771 2671 1833 2725 οὐ

1929 2691 2106 2746 quens
2131 2691 2213 2734 est
2236 2680 2327 2735 illa
2367 2697 2473 2738 non
2505 2701 2602 2755 per
2633 2703 2691 2743 se
2712 2669 3206 2761 substantiam,sed
3230 2669 3348 2768 quae
3389 2702 3514 2757 sub-

234 2763 370 2816 auﬂ’
403 2762 544 2816 αὐτά
578 2761 787 2825 οὐσίας.
1627 2774 1632 2780 ·

1627 2774 1632 2780 ·
1935 2771 2148 2826 stantia:
2179 2774 2434 2830 accidunt
2455 2777 2786 2848 signiﬁcare.

935 2876 1135 2928 AAAO.
2572 2893 2680 2964 ιε
2711 2894 2946 2953 ALIUD.

313 2991 379 3042 Εἰ
409 2990 444 3059 ἡ
474 2989 628 3042 οὐσία
673 2987 768 3041 τοῦ
803 2987 942 3040 Θεοῦ
988 2987 1046 3040 οὐ
1074 2987 1160 3042 διά
1193 3004 1245 3040 τι
1283 2987 1497 3056 λέγεται
1538 2986 1676 3058 (ἐστι
1723 2989 1834 3060 γὰρ

1994 2991 2066 3046 'Si
2102 2993 2404 3052 substantia
2424 2999 2516 3054 Dei
2539 3015 2644 3056 non
2673 3004 2853 3072 aliqua
2880 3021 2945 3060 ex
2976 3023 3138 3064 causa
3182 3013 3383 3068 dicitur
3413 3017 3501 3083 (ex

240 3082 309 3135 δι’
340 3081 541 3148 οὐδὲν),
564 3082 599 3150 ὴ
626 3080 682 3132 δὲ
709 3079 1000 3149 ἀγένητος
1029 3078 1200 3149 φωνὴ,
1221 3078 1309 3133 διὰ
1337 3079 1400 3132 τὺ
1429 3080 1644 3134 πάντων
1667 3080 1834 3169 αὐτὸν

1936 3084 2076 3138 nulla
2099 3087 2242 3141 eiiim
2266 3103 2427 3145 causa
2451 3091 2576 3160 εει),
2612 3107 2714 3149 vox
2750 3105 2931 3150 autem
2958 3099 3177 3169 ingenui
3206 3117 3267 3156 ea
3299 3105 3363 3159 dc
3381 3078 3510 3159 can-

242 3166 386 3223 εἷναι
413 3169 649 3240 κρείττω
679 3169 770 3221 καὶ
808 3169 1096 3238 ὑπερέχειν
1118 3183 1133 3198 ο
1162 3168 1264 3221 οὐκ
1306 3168 1460 3222 ἔσται
1497 3169 1604 3238 ἄρα
1637 3168 1833 3223 ταυτὸν

1935 3190 1993 3230 sa
2023 3178 2221 3233 dicitur
2244 3181 2388 3250 quod
2417 3185 2666 3241 omnibus
2689 3187 2975 3244 antecellat
3016 3166 3082 3245 vet
3114 3203 3330 3262 praestet
3355 3213 3369 3250 :
3404 3213 3507 3252 nnn

232 3262 277 3329 ἠ
313 3261 390 3331 μὴ
425 3239 517 3314 διά
541 3277 595 3313 τι
624 3259 887 3331 λεγομένη
909 3259 996 3330 τῷ
1024 3257 1092 3311 δι’
1127 3258 1313 3348 αἰτίαν
1340 3258 1637 3330 λεγομένῳ.

1934 3265 2038 3319 erit
2070 3266 2210 3320 idem
2236 3269 2289 3323 id
2318 3272 2460 3340 quod
2491 3274 2633 3329 nulla
2665 3291 2729 3329 ex
2763 3291 2923 3332 causa
2979 3239 3198 3348 dicitur,
3260 3298 3385 3340 cum
3441 3302 3508 3342 eo

1306 3347 1317 3358 '
1929 3358 2070 3426 quod
2103 3359 2284 3430 aliqua
2315 3378 2382 3418 ex
2416 3379 2576 3423 causa
2601 3369 2815 3423 dicitur.

929 3463 1138 3517 ΑΛΛΟ.

2595 3477 2829 3535 ALIUD.

287 3573 365 3628 Ἑί
396 3575 458 3628 τό
485 3575 756 3646 ἀγένητον
788 3576 926 3647 πρὸς
961 3576 1061 3647 τὴν
1093 3576 1390 3648 ἀγενησίαν
1419 3575 1532 3647 ἔχει
1557 3576 1656 3648 τὴν
1695 3579 1826 3636 ἀνα-

1997 3581 2052 3636 Si
2086 3583 2384 3653 ingenitum
2413 3590 2728 3649 relationem
2768 3595 2929 3650 liabet
2959 3597 3025 3652 ad
3048 3599 3504 3670 d72v1;aiav,sub-

233 3668 424 3736 φορὰν,
453 3669 486 3738 ὴ
513 3666 580 3722 δὲ
616 3667 778 3720 οὐσία
807 3667 902 3719 τοῦ
942 3667 1076 3720 Θεοῦ
1104 3669 1239 3737 πρὸς
1261 3668 1413 3722 οὐδὲν
1433 3669 1544 3739 ἔχει
1571 3670 1671 3739 τὴν
1696 3670 1822 3739 σχέ.

1923 3675 2120 3728 stantia
2149 3691 2275 3733 vero
2307 3678 2398 3735 Dei
2421 3684 2618 3738 nullam
2653 3687 2720 3742 ad
2758 3688 2960 3758 aliquid
3007 3666 3320 3747 relationem
3383 3712 3503 3750 sus-

231 3775 333 3822 σιν,
371 3758 492 3822 πῶς
521 3758 726 3812 ταυτὸν
761 3757 915 3812 ἔσται
945 3759 1004 3811 τὸ
1042 3759 1178 3829 πρός
1207 3758 1258 3813 τί
1286 3777 1404 3824 πως
1445 3760 1567 3831 ἔχον
1587 3763 1653 3832 τῇ
1685 3762 1822 3832 πρὸς

1924 3765 2056 3854 cipit
2088 3787 2100 3821 :
2133 3783 2240 3836 quo
2279 3781 2434 3838 pacto
2479 3775 2619 3831 idem
2669 3779 2792 3842 erit,
2826 3781 2876 3834 id
2906 3782 3046 3850 quod
3078 3784 3143 3836 ad
3187 3785 3386 3854 aliquid
3420 3803 3503 3841 rc-

219 3849 394 3920 .μηδὲν
427 3849 639 3921 ἐχούσῃ
673 3850 834 3922 οὐσίᾳ
854 3867 872 3916 ;

1921 3853 2094 3909 fertur
2121 3873 2241 3912 cum
2270 3861 2572 3919 substantia
2605 3865 2659 3920 in
2717 3883 2877 3938 quam
2926 3849 3125 3925 relatio
3184 3876 3251 3927 ad
3279 3849 3500 3944 aliquid

1919 3963 2026 4003 non
2073 3951 2259 4007 cadit?

933 4030 1133 4086 ΑΛΛΟ.

2590 4049 2823 4106 ALIUD.

288 4146 350 4199 EI
377 4149 444 4216 τῇ
473 4144 575 4198 τοῦ
607 4144 742 4197 Θεοῦ
770 4145 926 4216 οὐσίᾳ
951 4145 1099 4198 οὐδὲν
1123 4147 1630 4213 ἀντιδιαστέλλεται,
1659 4147 1736 4217 τῷ
1757 4148 1815 4201 δὲ

1989 4157 2046 4213 Si
2084 4161 2174 4215 Dei
2195 4161 2510 4217 substantia:
2541 4165 2674 4216 nihil
2696 4165 3017 4232 opponitur,
3057 4169 3293 4236 ingenito
3316 4179 3496 4228 autem

209 4235 465 4306 ’ἀγενήτῳ
511 4232 1016 4288 ἀντιδιαστέλλεται
1062 4233 1124 4287 τὸ
1165 4234 1410 4306 γενητὸν,
1457 4236 1576 4298 πῶς
1613 4231 1723 4289 οἷόν
1754 4253 1811 4288 τε

1907 4251 2204 4317 opponitur
2235 4253 2476 4321 genitum
2509 4272 2522 4307 :
2549 4231 2821 4324 quomodo
2859 4255 3001 4312 idem
3033 4231 3152 4315 esse
3169 4264 3340 4331 possit
3366 4268 3495 4321 sub.

223 4323 351 4381 εἶναι
375 4325 593 4382 ταυτὸν
616 4325 809 4378 οὐσίαν
833 4325 924 4377 καὶ
954 4327 1216 4397 ἀγένητον
1241 4342 1256 4391 ;

954 4327 1216 4397 ἀγένητον
1241 4342 1256 4391 ;
1913 4341 2111 4396 stantia
2130 4352 2186 4398 et
2203 4344 2500 4414 ingenitum
2519 4347 2542 4402 τ

924 4439 1124 4493 ΔΛΛΟ.
2573 4461 2805 4520 ALIUD.

290 4552 350 4603 Εί
380 4553 529 4604 πᾶσα
564 4550 735 4604 οὐσία
781 4551 1008 4622 ῥηθεῖσα
1037 4550 1244 4618 θατέρα
1274 4550 1408 4622 πρὸς
1447 4550 1702 4621 θατέραν,
1744 4551 1806 4604 οὐ
1838 4570 1886 4630 ο

1884 4586 1886 4612 ι
1983 4565 2038 4621 Si
2069 4570 2246 4624 omnis
2269 4571 2570 4629 substantia
2605 4580 2880 4633 nominata
2906 4580 3075 4636 altera
3123 4582 3191 4636 ad
3235 4584 3486 4651 alteram,

212 4638 365 4709 ῗηὶρῖ
405 4641 502 4711 τὴν
535 4643 744 4713 ἑαυτῆς
789 4641 1082 4712 ὑπεροχὴν,
1126 4643 1201 4711 μὴ
1247 4642 1804 4713 συμπαραληφθέντος

1914 4669 2065 4710 suam
2094 4659 2264 4727 ipsius
2293 4667 2660 4731 praestantiam
2686 4677 2792 4725 'non
2840 4670 3098 4736 declarat,
3134 4675 3234 4728 nisi
3290 4693 3485 4732 nomen

219 4731 312 4784 τοῦ
343 4732 441 4801 τῆς
479 4732 768 4804 ὑπεροχῆς
815 4733 1096 4803 ὀνόματος,
1150 4733 1311 4804 ῥηθὲν
1353 4733 1405 4786 δὲ
1434 4735 1495 4788 τὸ
1541 4737 1805 4805 ἀγένητον

1913 4747 2086 4814 ipsum
2111 4755 2437 4818 praestantia:
2466 4757 2769 4826 adjiciatur,
2809 4761 3103 4830 ingenitum
3160 4777 3288 4818 vero
3325 4767 3481 4819 simul

215 4822 379 4886 εὐθὺς
417 4825 672 4893 ἐμφαίνει
699 4825 988 4896 διαφορὰν,
1011 4823 1128 4886 πῶς
1149 4825 1268 4894 οὐχὶ
1294 4826 1343 4877 οἱ
1368 4825 1635 4895 λέγοντες,
1664 4828 1804 4881 Ταυ-

1918 4851 2084 4909 atque
2108 4843 2418 4899 nominatur
2447 4822 2805 4905 differentiam
2862 4822 3144 4908 declarat:
3187 4868 3293 4920 quo
3328 4867 3485 4922 pacto

216 4914 304 4966 τὸν
335 4913 498 4966 οὐσία
526 4915 620 4968 καὶ
643 4914 940 4986 ἀγένητον,
970 4915 1360 4986 ἀφρονέστατοι
1386 4932 1399 4981 ;

1914 4949 2018 4986 non
2045 4934 2324 4992 dementes
2352 4938 2630 5007 iudicandi
2664 4956 2812 5006 sunt,
2838 4945 2928 5013 qui
2967 4945 3109 4998 idem
3143 4959 3263 4998 esse
3299 4945 3487 5002 dicunt

1906 5025 2264 5079 substantiam
2298 5038 2352 5082 et
2382 5030 2710 5098 ingenitum?

905 5141 1109 5194 ΑΛΛΟ.
2577 5137 2809 5194 ALIUD.

275 5255 335 5306 Ei
361 5255 424 5307 τὸ
448 5255 721 5325 ἀγένητον
751 5253 933 5317 οὐσία,
964 5253 1118 5307 ἔσται
1149 5253 1299 5306 πᾶσα
1329 5250 1482 5303 οὐσία
1509 5251 1795 5321 ἀγένητον,

1979 5245 2034 5296 Si
2071 5245 2366 5314 ingenitum
2407 5246 2708 5304 substantia
2750 5263 2853 5318 est,
2921 5253 3024 5308 erit
3081 5258 3246 5313 etiam
3303 5265 3479 5318 omnis

208 5342 340 5414 ὅπερ
378 5342 602 5407 ἀσεϐές.

1907 5335 2208 5388 substantia
2241 5335 2556 5408 ingenitum,
2581 5345 2722 5412 quod
2749 5345 2972 5414 impium
2999 5359 3098 5405 est.

903 5454 1103 5506 AAAO.
2572 5455 2804 5513 ALIUD.

270 5565 331 5618 Εί
382 5567 444 5620 τὸ
492 5568 773 5638 ἀγένητον
826 5566 1006 5629 οὐσία,
1041 5566 1170 5619 ἴδιον
1203 5566 1259 5620 δὲ
1300 5566 1486 5630 οὐσίας
1531 5566 1793 5620 τάναντία

1975 5562 2028 5614 Si
2062 5563 2355 5633 ingenitum
2391 5569 2690 5624 substantia
2717 5582 2818 5637 est,
2844 5576 3116 5642 proprium
3143 5579 3322 5628 autem
3354 5578 3481 5630 sub-

208 5654 465 5724 δέχεσθαι,
498 5659 614 5712 τῶν
642 5657 914 5711 ἐναντίων
940 5657 1274 5711 ἐπιδεκτικὸν
1306 5657 1458 5710 ἔσται
1487 5658 1548 5710 τὸ
1597 5658 1791 5730 ἀγένη-

1905 5656 2119 5709 stantia:
2152 5659 2430 5728 suscipere
2454 5665 2752 5727 contraria,
2814 5665 3108 5731 ingenitum
3159 5663 3322 5716 etiam
3354 5681 3481 5717 cnn-

207 5763 304 5803 τον.
333 5751 396 5806 Εἰ
415 5752 472 5805 δὲ
495 5753 633 5806 ἴδιον
665 5752 770 5822 μὲν
795 5751 954 5804 τοῦτο
970 5751 1152 5813 οὐσίας
1176 5752 1273 5821 (τῷ
1299 5753 1404 5822 γὰρ
1437 5753 1508 5820 μὴ
1535 5753 1791 5822 δημιουρ-

1902 5750 2064 5799 traria
2087 5752 2360 5818 suscipiet.
2393 5753 2449 5806 Si
2478 5769 2605 5807 vero
2654 5756 2755 5807 hoc
2803 5755 3020 5820 quidem
3078 5752 3355 5820 proprium
3394 5763 3477 5803 est

208 5842 310 5904 γεῖν
344 5843 404 5896 τὸ
453 5844 827 5915 δημιουργεῖν
884 5842 1203 5912 ἀντίκειται,
1242 5843 1422 5897 οὐκέτι
1478 5844 1532 5897 δὲ
1585 5843 1677 5896 καὶ
1712 5841 1787 5913 τῷ

1899 5841 2212 5896 substantiae
2242 5850 2450 5908 (create
2485 5847 2628 5904 enim
2667 5846 3087 5916 opponiturnon
3125 5854 3331 5902 creare,
3370 5854 3477 5891 "0“
