4056 6264
540 438 610 493 33
1566 430 1622 488 S.
1661 429 1936 487 CYRILLI
1979 423 2450 483 ALEXANDRINI
2467 425 2813 524 .ARCIIIEI’.
3014 409 3016 413 ν
3556 497 3561 502 ,
3729 436 3799 490 36

542 565 725 623 autem
752 555 1014 626 ingenito,
1046 568 1218 623 neque
1247 556 1389 608 enim
1425 553 1651 630 contigit
1666 551 1713 606 ei
1768 551 2005 622 genitum
2031 564 2116 606 es-

2221 551 2502 621 ἀγενήτῳ·
2535 551 2595 604 οὐ
2651 551 2759 621 γὰρ
2812 549 3007 621 συνέϐη
3052 550 3199 621 αὐτῷ
3250 552 3308 604 τὸ
3330 553 3667 622 γεγονέναι)’
3701 557 3803 610 οῦκ

541 647 643 720 se),
669 658 814 704 certe
846 646 1144 716 ingenitum
1173 660 1278 700 non
1307 645 1408 698 erit
1435 643 1763 699 subStantia.

1211 756 1444 811 ALIUD.

517 883 522 910 ί
616 874 674 931 Si
701 874 1057 930 substantiam
1106 872 1348 926 dicentes
1398 871 1465 926 de
1509 871 1618 924 Deo
1673 868 2114 937 philosophorum

544 967 866 1023 sententiam
893 972 1218 1034 sequuntur,
1241 962 1520 1033 proprium
1574 961 1679 1014 erit
1714 961 1820 1014 Deo
1843 959 2114 1014 contraria

542 1057 842 1125 suscipere.
873 1053 928 1108 Si
958 1068 1086 1108 vero
1113 1067 1236 1108 esse
1299 1051 1463 1106 Deum
1512 1047 1820 1118 signiﬁcare
1876 1048 2116 1102 volentes

544 1145 859 1200 substantiae
891 1143 1156 1198 vocabulo
1203 1142 1424 1213 perinde
1485 1149 1647 1204 atque
1692 1155 1790 1194 nos
1845 1148 2113 1203 utuntur,

539 1239 841 1293 substantia
871 1253 1000 1292 vero
1029 1247 1084 1291 et
1140 1237 1436 1307 ingenitum
1471 1235 1609 1291 idem
1658 1244 1820 1291 sunt:
1849 1233 2114 1305 reliquum

538 1329 642 1382 erit
679 1344 867 1383 vocem
903 1327 1128 1396 ingeniti
1160 1327 1450 1382 essentiam
1493 1325 1588 1380 Dei
1640 1325 1966 1397 signiﬁcare,
2022 1325 2115 1381 sed

545 1437 650 1476 non
681 1421 855 1490 ipsum
891 1419 1220 1475 substantia.

1203 1529 1364 1585 ALIU
1377 1530 1440 1585 D.

610 1646 668 1702 Si
708 1646 964 1716 quidquid
999 1654 1080 1700 est
1108 1644 1206 1700 sub
1236 1660 1434 1713 genere
1460 1656 1510 1700 et
1535 1644 1712 1715 specie
1731 1645 1938 1714 absque
1967 1643 2113 1698 acci-

542 1741 813 1806 dentibus,
843 1740 947 1794 boc
974 1739 1194 1809 proprie
1211 1739 1513 1793 substantia
1546 1746 1649 1801 est,
1681 1737 1825 1792 Deus
1854 1751 1984 1790 vero
2011 1735 2116 1791 sub

2219 643 2326 713 ἄρα
2359 641 2509 696 ἔσται
2534 642 2687 695 οὐσία
2713 643 2774 695 τὸ
2798 643 3084 712 ἀγένητον.

2907 754 3113 809 ΑΛΛΟ.

2290 865 2353 918 Ei
2377 866 2565 921 οὐσίαν
2617 866 2868 936 λέγοντες
2909 869 3003 922 ἐπὶ
3028 869 3187 936 Θεοῦ,
3241 873 3307 942 τῇ
3335 871 3445 924 τῶν
3493 873 3802 945 φιλοσόφων

2216 956 2439 1010 ἕπονται
2484 957 2635 1032 δόξῃ,
2670 959 2799 1012 ῐδιον
2835 959 2989 1014 ἔσται
3033 961 3189 1027 Θεοῦ,
3226 964 3486 1018 τάναντία
3525 965 3796 1036 δέχεσθαι.

2217 1049 2280 1101 Εἰ
2330 1048 2386 1102 δὲ
2414 1045 2554 1104 εῖναι
2600 1050 2692 1104 τὸν
2739 1051 2872 1108 Θεὸν
2911 1055 3155 1124 σημᾶναι
3203 1054 3536 1126 βουλόμενοι,
3575 1058 3652 1129 τῷ
3700 1061 3799 1129 τῆς

2216 1139 2427 1205 οὐσίας,
2461 1140 2605 1196 καθὰ
2649 1144 2744 1196 καὶ
2775 1145 2956 1215 ἡμεῖς,
3002 1148 3240 1218 χρῶνται
3293 1149 3551 1219 ὀνόματιο
3582 1149 3698 1203 ἔστι
3741 1151 3799 1204 δὲ

2214 1236 2414 1290 ταυτὸν
2446 1240 2512 1308 τῇ
2548 1238 2704 1310 οὐσίᾳ
2733 1239 2795 1292 τὸ
2840 1241 3104 1313 ἀγένητον
3123 1258 3137 1273 ο
3164 1243 3336 1313 δνομα
3381 1241 3536 1296 ἔσται
3561 1243 3624 1297 τὸ
3666 1243 3798 1312 ἀγέ-

2215 1344 2378 1396 νητον
2405 1327 2499 1380 τοῦ
2539 1325 2678 1383 εῖναι
2719 1329 2811 1384 τὸν
2842 1330 2975 1385 Θεὸν
3010 1332 3363 1403 σημαντικὸν,
3393 1332 3512 1387 ἀλλ’
3532 1333 3632 1387 οὐκ
3669 1334 3802 1388 αὐτὸ

2215 1418 2396 1472 οὐσία.

2909 1538 3112 1595 ΑΛΛΟ.

2287 1654 2352 1708 Εί
2374 1655 2481 1707 πᾶν
2521 1653 2581 1704 τὸ
2616 1651 2720 1704 ὑπὸ
2743 1650 2898 1719 γένος
2941 1651 3036 1704 καὶ
3077 1648 3217 1716 εἶδος
3249 1653 3420 1724 χωρὶς
3452 1653 3559 1707 τῶν
3596 1651 3801 1722 συμϐε-

2217 1744 2484 1813 ϐηκότων,
2531 1741 2691 1796 τοῦτο
2732 1741 2890 1795 οὐσία
2937 1741 3162 1814 κυρίως,
3195 1744 3284 1795 ὑπ’
3317 1743 3470 1796 οὐδὲν
3509 1743 3565 1796 δὲ
3595 1743 3797 1796 τούτων

543 1831 688 1886 nullo
711 1831 901 1886 borum
933 1839 1016 1886 est
1044 1844 1061 1883 :
1102 1845 1208 1904 non
1243 1831 1408 1900 igitur
1427 1831 1645 1900 proprie
1694 1828 1836 1884 Deus
1868 1828 2115 1882 substan-

2219 1836 2338 1888 ἐστὶ
2363 1834 2517 1898 Θεὸς,
2563 1834 2663 1888 οὐκ
2693 1834 2800 1905 ἄρα
2843 1832 3004 1887 οῦσία
3049 1833 3252 1904 κυρίως
3300 1834 3518 1901 λέγεται
3541 1834 3700 1896 Θεός.
3733 1835 3796 1886 Εί

542 1925 614 1977 tia
644 1923 863 1978 dicitur.
904 1921 964 1977 Si
995 1894 1174 1978 autem
1208 1892 1507 1992 ingenitum
1531 1892 1769 1991 proprie
1789 1913 1856 1973 d'e
1887 1919 1996 1973 Deo
2028 1917 2114 1972 di-

2217 1926 2272 1978 δὲ
2296 1925 2356 1978 τὸ
2379 1892 2644 1997 ἀγένητον
2672 1892 2875 1997 κῦρίως
2910 1892 3135 1992 λέγεται
3160 1892 3247 1977 ἐπζ
3274 1892 3439 1977 αὐτοῦ
3465 1926 3552 1996 (οὐ
3583 1892 3691 1995 γὰῇ
3712 1924 3799 1991 γέ-

538 2017 682 2069 citur
710 2015 908 2084 (neque
939 2017 1084 2069 enim
1109 2013 1324 2084 genitus
1355 2010 1483 2082 est),
1509 2027 1613 2066 non
1647 2021 1824 2065 autem
1855 2011 1961 2080 19
1981 2008 2114 2064 sub-

539 2107 761 2170 stantia,
821 2120 929 2174 quo
955 2114 1112 2174 pacto
1137 2105 1277 2160 idem
1308 2103 1474 2159 fuerit
1505 2103 1558 2158 id
1575 2104 1717 2173 quod
1744 2103 1961 2172 preprie
1993 2115 2115 2156 cum

538 2210 603 2252 eo
629 2197 771 2267 quod
796 2196 1020 2253 abusive
1041 2196 1276 2251 dicitur?

1205 2308 1365 2364 ALIU
1377 2307 1438 2362 D.

608 2419 666 2476 Si
694 2420 933 2474 maxime
958 2421 1174 2490 propria
1206 2429 1261 2474 et
1309 2420 1481 2488 prima
1538 2418 1932 2487 signiﬁcatione
1993 2418 2122 2474 sub-

537 2511 734 2566 stantia
768 2511 912 2565 dicta
941 2521 1044 2572 est,
1068 2511 1212 2580 quod
1243 2511 1498 2566 omnibus
1568 2510 1945 2565 accidentibus
1993 2510 2121 2565 sub-

533 2596 674 2664 iecta
715 2598 805 2664 sit,
848 2597 1052 2652 nullum
1083 2612 1214 2653 vero
1273 2606 1360 2652 est
1406 2599 1658 2652 accidens
1713 2599 1798 2652 cui
1843 2599 2122 2668 subjectus

537 2691 609 2744 sit
633 2690 776 2745 Deus
809 2707 824 2747 :
862 2702 1012 2745 certe
1036 2704 1213 2760 neque
1245 2690 1549 2746 substantia
1574 2693 1791 2760 preprie
1820 2691 1924 2746 dici
1947 2701 2123 2761 potest

448 2849 460 2861 ι
538 2778 606 2833 de
648 2781 776 2834 Deo.
804 2780 898 2834 Est
930 2780 1073 2834 enim
1109 2782 1254 2835 omni
1283 2781 1596 2836 substantia
1621 2783 1894 2851 superior.
1947 2782 2002 2837 Si
2032 2798 2124 2838 ve-

539 2888 599 2928 ro
621 2871 916 2942 ingenitum
951 2873 1168 2942 proprie
1221 2873 1288 2929 de
1323 2888 1389 2930 eo
1446 2876 1646 2930 dicitur
1697 2874 1931 2946 (genitus
1977 2877 2120 2932 enim

539 2977 642 3018 non
676 2962 803 3033 est),
837 2962 1142 3018 substantia
1193 2974 1374 3020 autem
1433 2978 1821 3038 nequaquam:
1869 2984 1974 3026 non
2036 2977 2122 3024 est

536 3053 679 3109 idem
708 3053 1016 3111 substantia
1052 3067 1107 3113 et
1141 3055 1462 3127 ingenitum.

1206 3169 1442 3226 ALIUD.

610 3279 666 3334 Si
692 3280 1013 3349 ingenitum,
1035 3292 1090 3335 et
1111 3280 1464 3335 ἀϐασίλευτον
1488 3280 1564 3354 (id
1592 3293 1695 3350 est,
1722 3286 1916 3343 nullius
1945 3289 2116 3361 impe-

539 3370 623 3424 rio
657 3372 978 3441 subditum),
1009 3382 1064 3427 et
1091 3373 1317 3442 reliqua,
1353 3377 1722 3444 comparative
1782 3379 2114 3438 substantias

539 3463 758 3531 signant
788 3465 1277 3531 atqueostendunt,
1336 3473 1392 3519 at
1432 3481 1564 3521 vero
1617 3470 1840 3536 signans
1872 3488 1977 3526 non
2035 3483 2117 3528 est

539 3551 677 3607 idem
699 3568 820 3608 cum
848 3554 1058 3623 signato
1097 3572 1109 3607 :
1145 3572 1247 3610 non
1279 3556 1384 3612 erit
1421 3557 1607 3628 utique
1648 3560 1786 3615 idem
1819 3563 2114 3620 substantia

536 3656 591 3700 et
627 3645 948 3715 ingenitum,
1017 3648 1468 3716 quemadmodum
1531 3665 1704 3720 neque
1755 3652 2115 3723 signiﬁcatum

535 3753 658 3792 cum
683 3737 1041 3808 signiﬁcante.

1206 3852 1441 3909 ALIUD.

606 3963 664 4018 Si
696 3963 993 4034 ingenitum
1017 3981 1123 4022 non
1143 3981 1209 4021 ex
1243 3983 1309 4025 eo
1337 3970 1478 4037 quod
1515 3972 1754 4040 genitum
1772 3987 1879 4027 non
1901 3973 1990 4040 sit,
2022 3978 2116 4030 sed

531 4056 675 4124 quod
693 4055 764 4109 sit
793 4056 1098 4111 substantia
1136 4057 1253 4124 Dei,
1291 4059 1498 4115 dictum
1525 4071 1609 4116 est
1643 4072 1739 4118 :et
1783 4080 2117 4134 unaquaque

532 4147 696 4200 etiam
730 4147 1035 4204 substantia
1061 4148 1167 4205 erit
1187 4151 1508 4220 ingenitum.
1539 4153 1596 4209 Si
1635 4169 1764 4210 vero
1787 4155 1971 4210 multa:
1993 4156 2116 4225 qui-

533 4235 657 4289 dem
693 4247 820 4292 sunt
839 4240 1178 4309 substantiae,
1212 4244 1436 4313 lngeuiti
1459 4260 1590 4301 vero
1620 4261 1728 4302 non
1789 4248 1955 4306 item:
2007 4262 2114 4302 non

536 4327 720 4394 utique
747 4328 1040 4397 ingenitum
1077 4332 1352 4400 signiﬁcat
1399 4336 1783 4401 substantiam,
1844 4340 1939 4394 sed
1981 4339 2114 4394 sub-

533 4418 749 4472 stantia:
769 4420 1165 4502 praestantiam.~

1183 4535 1425 4592 .ALIUD.

612 4641 668 4698 Si
693 4643 748 4698 in
778 4644 889 4702 Deo
927 4655 1135 4703 tantum
1161 4649 1483 4720 ingenitum,
1508 4660 1570 4706 ut
1601 4652 1773 4719 aiunt,
1809 4653 2114 4711 substantia

534 4746 640 4802 est,
673 4735 838 4792 fuerit
867 4739 1032 4794 etiam
1079 4741 1322 4797 deﬁnitio
1375 4741 1511 4810 ejus,
1562 4743 1717 4810 cujus
1779 4744 2117 4800 solummodo

535 4831 814 4901 proprium
843 4840 926 4886 est
956 4832 1273 4901 ingenitum.
1307 4833 1364 4886 Si
1397 4847 1524 4888 vero
1547 4835 1692 4888 nulla
1735 4844 1822 4889 est
1873 4834 2117 4891 deﬁnitio

533 4923 617 4976 cui
652 4922 974 4990 subjiciatur
1003 4923 1305 4978 substantia
1344 4924 1460 4990 Dei,
1517 4940 1586 4980 ne
1640 4939 1836 4980 nomen
1898 4927 2115 4996 quidem

534 5016 810 5084 proprium
839 5021 1012 5073 estde
1043 5016 1154 5072 Deo
1181 5018 1501 5088 ingenitum,
1541 5027 1602 5074 ut
1644 5019 1775 5074 nihil
1825 5020 1970 5075 aliud
2010 5035 2116 5074 vox

536 5105 651 5169 ipsa
703 5116 1052 5174 reprzesentet
1111 5122 1471 5178 praeterquam
1533 5109 1703 5164 solam
1773 5107 1876 5166 Dei
1930 5125 2117 5166 essen—

535 5191 688 5244 tiam.

908 5327 1480 5417 ASSEBTIO
1569 5333 1734 5418 IV.

533 5468 793 5522 Adversus
811 5484 896 5521 eos
928 5469 1015 5538 qui
1035 5469 1205 5539 dicere
1236 5487 1337 5525 non
1369 5482 1644 5528 verentur:
1675 5473 1808 5528 Erat
1825 5475 2112 5539 aliquando

599 5541 812 5607 quando
860 5537 962 5592 non
1017 5549 1130 5615 erat
1179 5537 1372 5596 Filius.
1401 5542 1711 5615 Aﬂ'eruntur
1733 5537 2021 5615 syllogismi
2064 5556 2114 5598 et

601 5619 1026 5678 argumentorum
1079 5611 1567 5678 demonstrationes,
1623 5611 2108 5669 cum'tesiimoniis

603 5677 934 5754 scripturis;
974 5695 1036 5732 ex
1061 5679 1247 5748 quibus
1288 5681 1526 5737 omnibus
1554 5685 1776 5754 eﬁicitur
1796 5687 1934 5754 quod
1977 5682 2104 5738 Ver-

601 5748 723 5800 bum
749 5746 842 5800 Dei
870 5749 938 5802 sit
970 5746 1242 5803 wternum.

598 5839 849 5910 ιιιψρτὶιο
889 5839 1076 5898 dicunt
1111 5842 1294 5898 hostes
1346 5843 1437 5901 Dei
1497 5845 1562 5903 de
1612 5845 1769 5915 Filio,
1809 5847 1951 5920 quod
1985 5855 2102 5904 erat

2141 3240 2188 3296 ε

2215 2018 2416 2089 γονεν),
2462 2018 2644 2072 οὐκέτι
2685 2017 2740 2070 δὲ
2778 2017 2872 2070 καὶ
2905 2017 2938 2087 ἡ
2979 2017 3158 2081 οὐσία,
3199 2017 3318 2080 πῶς
3357 2016 3553 2070 ταυτὸν
3595 2016 3662 2070 ἂν
3709 2016 3795 2084 εἴη

2216 2111 2294 2182 τῷ
2322 2109 2746 2181 καταχρηστικῷ
2773 2109 2834 2163 τὸ
2867 2109 3091 2181 κῦριονς

2908 2307 3110 2362 ΑΛΛΟ.

2289 2419 2354 2472 El
2380 2419 2443 2473 τὸ
2474 2419 2812 2491 κυριώτατον
2853 2420 2949 2474 καὶ
2986 2419 3200 2491 πρῶτον
3225 2416 3385 2472 οὐσία
3408 2415 3679 2482 λέλεκται,
3710 2418 3804 2473 διὰ

2217 2512 2279 2565 τὸ
2323 2513 2456 2564 πᾶσι
2499 2514 2614 2574 τοῖς
2658 2511 3064 2580 συμϐεϐηκόσιν
3113 2510 3246 2564 αὐτὸ
3294 2508 3654 2563 ὑποκεῖσθαι·
3700 2510 3802 2562 οὐκ

2219 2601 2336 2654 εστι
2386 2601 2443 2654 δὲ
2503 2602 2872 2672 συμϐεϐηκὸς,
2915 2594 2960 2669 ᾧ
3019 2601 3414 2656 καθυπόκείται
3459 2601 3623 2665 Θεόςο
3679 2601 3802 2654 οῦδὲ

2220 2692 2377 2746 οὐσία
2405 2694 2511 2765 ἄρα
2533 2693 2738 2765 κυρίως
2755 2693 2970 2762 λέγεται
2996 2696 3086 2748 ἐπὶ
3118 2695 3276 2751 Θεοῦ.
3309 2697 3464 2749 Ἔστι
3493 2694 3603 2765 γὰρ
3629 2695 3802 2766 ὑπερ-

2220 2784 2422 2848 ούσιος.
2471 2784 2534 2838 Ei
2569 2785 2624 2838 δὲ
2668 2785 2728 2838 τὸ
2777 2787 3040 2857 ἀγένητον
3076 2787 3282 2858 κυρίως
3322 2787 3536 2856 λέγεται
3580 2786 3668 2840 ἐπ’
3700 2786 3800 2840 αὺ-

2220 2875 2314 2929 τοῦ
2347 2875 2484 2948 (ἔστι
2513 2877 2622 2947 γὰρ
2659 2876 2731 2948 μὴ
2751 2877 3089 2948 γενόμενος),
3115 2879 3300 2932 οὐκέτι
3330 2879 3390 2933 δὲ
3427 2879 3523 2933 καὶ
3553 2878 3764 2951 ἡούσία
3789 2892 3802 2905 ·

2220 2967 2280 3021 οὺ
2307 2967 2504 3021 ταυτὸν
2532 2967 2690 3021 οὐσία
2717 2969 2810 3021 καὶ
2830 2968 3114 3040 ἀγένητον.

2912 3165 3116 3221 ΑΛΛΟ.

2293 3282 2355 3334 El
2388 3281 2448 3335 τὸ
2472 3282 2757 3354 ἀγένητον,
2777 3281 2872 3336 καὶ
2901 3281 3278 3345 ἀϐασίλευτον,
3311 3281 3407 3336 καὶ
3426 3280 3496 3335 τὰ
3524 3281 3708 3348 λοιπὰ,
3735 3283 3797 3337 ἐκ

2221 3373 2567 3446 παραλλήλου
2607 3350 2793 3438 οὐσίας
2835 3373 3210 3444 σημαίνουσιν,
3254 3373 3353 3425 οὑκ
3388 3373 3493 3426 είσὶ
3525 3372 3582 3426 δὲ
3626 3373 3798 3426 ταυτα

2219 3467 2328 3526 τοῖς
2383 3464 2708 3534 σημαίνουσι
2755 3464 2824 3517 τὰ
2879 3464 3294 3534 σημαινόμεναο
3341 3463 3442 3516 οὐκ
3490 3463 3643 3516 ἔσται
3691 3463 3799 3533 ἄρα

2218 3554 2412 3608 ταυτὸν
2440 3554 2601 3608 οὐσία
2638 3555 2734 3608 καὶ
2763 3555 3026 3626 ἀγένητον
3049 3570 3064 3585 °
3105 3555 3180 3619 ὡς
3209 3554 3330 3610 οὐδὲ
3369 3554 3447 3626 τῷ
3484 3553 3800 3626 σημαίνοντι

2217 3649 2277 3702 τὸ
2309 3649 2727 3721 σημαινόμενον.

2909 3845 3112 3900 AAAO.

2288 3944 2368 4010 Eii
2393 3957 2454 4010 τὸ
2491 3957 2756 4030 ἀγένητον
2800 3957 2860 4010 οὐ
2886 3957 2977 4012 διὰ
3009 3957 3069 4010 τὸ
3104 3958 3178 4029 μὴ
3201 3956 3502 4026 γεγονέναι,
3533 3953 3667 4007 ἀλλά
3710 3953 3800 4007 διὰ

2216 4048 2276 4100 τὸ
2305 4046 2445 4101 εἶναι
2477 4049 2666 4102 οὐσίαν
2706 4049 2800 4102 τοῦ
2839 4049 2999 4115 Θεοῦ,
3047 4048 3313 4112 λέλεκται,
3346 4047 3441 4100 καί
3467 4045 3574 4099 τῶν
3601 4043 3800 4098 οὐσιῶν

2217 4140 2424 4210 ἑκάστη
2455 4140 2521 4194 ἂν
2546 4141 2633 4211 είη
2667 4141 2947 4211 ἀγένητον.
2977 4142 3039 4194 El
3074 4139 3131 4193 δὲ
3175 4140 3284 4193 εἰσὶ
3324 4141 3423 4211 μὲν
3454 4138 3636 4191 οὐσίαι
3672 4136 3801 4189 πολ-

2216 4227 2324 4292 λαἰ,
2357 4231 2538 4285 οὐκέτι
2563 4231 2619 4284 δὲ
2647 4232 2740 4286 καὶ
2769 4233 3055 4304 ἀγένητοι·
3083 4233 3182 4286 οὐκ
3203 4233 3390 4285 οὐσίαν
3415 4231 3522 4301 ἄρα
3543 4227 3801 4299 ἐμφαίνει

2214 4321 2276 4372 τὸ
2308 4322 2592 4395 ἀγένητον,
2629 4324 2764 4378 ἀλλὰ
2793 4324 2892 4395 τῆς
2924 4324 3110 4388 οὐσίας
3147 4324 3246 4396 τὴν
3272 4322 3566 4394 ὑπεροχήν.

2907 4530 3108 4585 ΑΛΛΟ.

2290 4644 2353 4697 Ei
2392 4643 2485 4697 ἐπὶ
2517 4643 2652 4697 Θεοῦ
2703 4644 2861 4715 μόνον
2893 4643 2952 4697 τὸ
2986 4643 3268 4712 ἀγένητον,
3299 4641 3372 4705 ὣς
3411 4657 3594 4709 φασιν,
3640 4642 3799 4697 οὐσία

2217 4734 2388 4801 ἐστὶν,
2422 4733 2508 4805 εἴη
2535 4733 2601 4788 ἂν
2629 4735 2799 4804 αὐτῆς
2822 4734 2918 4788 καὶ
2952 4735 3096 4805 ὄρος.
3134 4729 3202 4805 ἧς
3231 4733 3389 4804 μόνον
3423 4731 3551 4785 ἴδιον
3579 4732 3642 4786 τὸ
3672 4733 3801 4802 ἀγέ-

2217 4845 2398 4898 νητον.
2423 4829 2487 4880 Ei
2514 4828 2571 4881 δὲ
2605 4829 2796 4899 μηδείς
2833 4829 2981 4882 ἐστιν
3018 4828 3142 4898 ὅρος
3172 4819 3217 4896 ᾧ
3263 4826 3625 4880 ὐποὸάλλεται
3643 4826 3800 4880 οὐσία

2224 4920 2383 4987 Θεοῦ,
2424 4921 2531 4974 οὐδ’
2558 4921 2730 4992 ὄνομα
2763 4921 2873 4993 ἄρα
2897 4921 3088 4993 κύριόν
3119 4923 3266 4976 ἐστιν
3295 4921 3387 4974 ἐπὶ
3416 4919 3552 4973 Θεοῦ
3582 4919 3642 4972 τὸ
3670 4919 3802 4985 ἀγέ-

2217 5027 2401 5082 νητον,
2431 5011 2507 5074 ὡς
2536 5012 2702 5082 μηδὲν
2734 5012 2863 5066 ἄλλο
2905 5014 3036 5068 αὐτὸ
3068 5014 3373 5085 ἐμφαίνειν,
3408 5011 3523 5065 ἀλλ’
3557 5011 3590 5082 ἢ
3639 5009 3800 5080 μόνον

2215 5102 2402 5156 οὐσίαν
2429 5101 2585 5158 Θεοῦ.

2711 5312 3079 5398 ΛΟΓΟΣ
3157 5307 3276 5404 Δ’.

2215 5474 2370 5541 Πρὸς
2402 5472 2545 5544 τορς
2591 5469 2940 5544 toga?)qu
2968 5470 3191 5544 λέγειν,
3225 5461 3452 5544 ὅτι-Ἦν
3497 5481 3662 5544 ποτε,
3700 5465 3798 5544 ὅτε

2285 5535 2396 5598 οὔκ
2449 5535 2530 5609 ἦν(
2577 5543 2610 5594 ὁ
2669 5535 2822 5604 Υἱός.
2885 5535 3156 5609 Ἑκλόγαὶ
3207 5535 3794 5609 συλλογισμὼνηκᾳζ

2283 5605 2599 5684 νοημάτων
2642 5609 3028 5684 κατασκευαὶ,
3057 5605 3180 5684 σίζν
3205 5605 3686 5684 μαρτυρίαις-το
3731 5605 3798 5684 δέ

2283 5675 2701 5749 συᾶίαγόμενον
2729 5681 2798 5733 ἐκ
2819 5680 3080 5743 πάντων,
3116 5675 3422 5743 ὅτίάτδιος
3449 5681 3482 5731 ό
3517 5675 3625 5730 τοῦ
3649 5675 3796 5729 Θεοῦ

2285 5753 2494 5821 Λόγος.

2298 5845 2558 5916 manu;
2585 5843 2833 5914 λέγουσιν
2863 5848 2910 5901 oi
2941 5845 3200 5917 θεομάχοι
3247 5842 3374 5917 περὶ
3407 5842 3499 5898 τοῦ
3536 5840 3689 5911 Υίοῦ,
3709 5838 3793 5893 ὅτι
