4056 6264
303 421 372 473 57
1713 420 1986 478 TIIESAU
1999 420 2158 476 RUS.
3495 433 3564 486 3,3

338 526 441 591 Ἦν
466 539 558 590 ὅτε
576 537 682 591 οὐκ
705 531 797 608 ἦν.
814 556 833 589 ι
851 538 914 590 El
941 538 1036 608 μὲν
1052 538 1157 607 γὰρ
1177 536 1437 590 έπάύτοῧ
1457 538 1694 609 φέροιτο,
1723 540 1874 608 φασὶ,

1991 537 2200 606 quando
2227 550 2329 591 non
2353 544 2488 590 erat.
2513 534 2646 590 Nam
2678 537 2723 591 si
2759 537 2860 592 hoc
2891 537 3135 604 verbum,
3170 541 3319 605 Erat,
3360 545 3565 599 refera-

300 627 392 679 τοῦ
421 627 631 694 Λόγου,
657 628 720 680 16
737 622 866 692 Ἦν,
896 626 1076 680 οὐδένα
1094 626 1255 678 τόπον
1279 625 1388 692 ἕξει
1418 627 1477 678 16
1494 627 1605 680 Οὐκ
1627 623 1713 698 ἦν.
1741 628 1800 680 Εἰ
1821 627 1880 680 δέ

301 737 385 782 τις
408 720 508 772 ἐπὶ
541 720 738 790 χρόνου
757 719 1013 788 λαμϐάνοι
1041 719 1103 770 τὸ
1133 715 1262 782 Ἦν,
1295 720 1381 772 ἵνα
1399 719 1533 792 λέγῃ
1564 720 1766 788 σαφῶς,
1799 723 1882 774 ὅτι

303 806 374 880 ἦν
408 812 606 881 χρόνος
632 813 715 864 ὅτε
741 811 835 863 οὐκ
858 807 925 880 ἦν
957 812 985 863 6
1021 810 1166 873 Υἱὸς,
1199 810 1414 880 ἀμαθὴς
1437 809 1511 862 ὢν
1537 812 1630 864 καὶ
1659 811 1883 878 ἀνόητος

310 904 721 974 ἐλεγχθήσεται,
755 904 938 972 χρόνον
965 899 1104 955 εἶναι
1148 904 1321 971 λέγων
1351 904 1455 974 πρὸ
1477 903 1576 973 τῆς
1600 904 1882 974 ὑπάρξεως

247 993 255 999 ’
316 991 414 1043 106
474 992 628 1055 Υἱοῦ,
682 992 747 1044 δι’
792 986 854 1044 οὗ
907 991 1236 1062 πεποιῆσθαι
1294 992 1418 1055 τοὺς
1467 993 1669 1055 αἰῶνας
1739 992 1885 1044 Παῦ-

320 1080 412 1146 λός
441 1100 512 1152 φη
519 1101 614 1135 σιν.

439 1287 564 1340 Ὀτι
591 1285 781 1351 ἀΐδιος
812 1288 846 1339 ὁ
873 1285 980 1340 τοῦ
1010 1286 1164 1340 Θεοῦ
1187 1287 1395 1355 Λόγος,
1424 1287 1761 1356 μαρτυρίαι.

385 1415 406 1448 Ἰ
453 1397 536 1449 Ἑν
566 1399 714 1469 ἀρχῇ
742 1393 812 1468 ἦν
840 1400 870 1450 ὁ
893 1397 1085 1465 Λόγος,
1127 1397 1222 1452 καὶ
1254 1399 1282 1450 6
1312 1398 1481 1466 Λόγος
1506 1394 1572 1468 ἦν
1593 1422 1596 1426 ’
1615 1398 1754 1468 πρὸς
1789 1398 1881 1451 τὸν

307 1486 455 1551 θεὸν,
499 1489 596 1542 καὶ
621 1489 756 1552 Θεὸς
783 1485 851 1559 ἦν
895 1491 926 1541 6
968 1488 1159 1558 Λόγος.
1207 1507 1226 1539 ι
1284 1489 1371 1542 Ἐν
1411 1491 1477 1559 τῇ
1517 1489 1881 1558 Ἀποκαλύψει

303 1582 368 1648 τῇ
405 1580 651 1633 Ἰωάννου
673 1580 803 1633 τάδε
826 1580 1003 1648 λέγει,
1033 1598 1052 1632 ι
1095 1581 1154 1632 Ὀ
1178 1579 1272 1645 ὢν,
1295 1581 1326 1632 6
1349 1574 1436 1650 ἦν,
1465 1583 1494 1632 6
1517 1581 1827 1652 ἐρχόμενος,
1856 1601 1874 1633 ι

303 1669 383 1721 ὅτι
410 1673 439 1722 6
471 1673 794 1742 ἐρχόμενος,
823 1673 1037 1740 όΛόγος
1069 1674 1202 1739 ἐστὶ,
1234 1672 1355 1725 καθ’
1384 1667 1444 1727 o6
1477 1673 1536 1726 16
1575 1675 1633 1726 ὐ
1667 1673 1762 1740 ὢν,
1787 1675 1882 1727 καὶ

317 1759 376 1812 ὐ
394 1757 463 1831 ἦν
482 1763 767 1816 τέτακται.
789 1781 807 1814 ι
827 1763 961 1817 Ἰδοὺ
987 1763 1118 1834 γὰρ,
1148 1763 1331 1833 φησὶν,
1359 1760 1471 1830 ἐγὼ
1503 1763 1756 1834 ἔρχομαι,
1788 1763 1883 1815 καὶ

305 1855 726 1925 κατασκηνώσω
761 1857 823 1909 ὲν
853 1856 1000 1927 μέσῳ
1037 1874 1149 1922 σου,
1186 1858 1330 1925 λέγει
1367 1857 1586 1929 Κύριος.
1637 1877 1655 1909 ι
1688 1857 1882 1926 Σαφῶς

1994 628 2162 681 turad
2193 625 2423 680 Verbum
2464 643 2479 679 :
2528 626 2731 682 nullum
2766 627 2940 682 locum
2983 630 3201 684 habebit
3239 633 3391 700 illud,
3454 635 3567 690 Non

1990 727 2127 772 erat.
2155 717 2210 770 Si
2236 717 2356 787 quis
2384 732 2513 772 vero
2534 716 2683 780 illud,
2715 718 2823 788 ao
2843 720 2989 783 Erat,
3015 721 3080 773 de
3106 730 3344 792 tempore
3367 725 3565 779 intelli-

1990 815 2100 875 gat,
2135 816 2192 860 ut
2225 816 2408 873 aperte
2443 806 2607 870 dicat,
2631 805 2797 862 fuisse
2831 820 3061 877 tempus,
3081 813 3295 878 quando
3325 824 3565 870 nouerat

1990 896 2182 963 Filius,
2219 896 2335 963 ejus
2361 897 2630 966 imperitia
2663 913 2727 954 ac
2743 900 2970 953 stultitia
2998 913 3253 968 arguetur
3311 905 3400 972 qui
3429 914 3566 957 tem-

1991 1003 2090 1057 pus
2178 977 2452 1044 ex’stitisse
2528 990 2695 1054 dicat,
2779 1001 3063 1060 antequam
3141 1004 3285 1047 esset
3373 995 3562 1061 Filius,

1991 1091 2085 1148 per
2142 1093 2303 1147 quem
2369 1078 2564 1134 saecula
2643 1081 2860 1136 condita
2931 1095 3052 1134 esse
3129 1081 3327 1138 Paulus
3403 1093 3567 1139 testa-

1993 1168 2137 1222 tur’.

2131 1277 2285 1342 Quod
2309 1285 2558 1331 a-teruum
2590 1279 2658 1332 sit
2698 1278 2915 1332 Verbum
2947 1280 3066 1349 Dei,
3109 1284 3423 1339 testimonia.

2025 1381 2034 1389 ”
2064 1407 2084 1442 ι
2133 1389 2191 1444 In
2224 1390 2488 1459 principio
2508 1401 2624 1445 erat
2651 1390 2908 1459 Verbum,
2943 1405 2996 1448 et
3032 1391 3266 1450 Verbum
3289 1409 3406 1452 erat
3431 1402 3569 1471 apud

1989 1482 2181 1548 Deum,
2210 1490 2264 1536 et
2339 1482 2476 1536 Deus
2520 1491 2639 1537 erat
2689 1482 2920 1538 Verbum
2982 1486 3047 1539 ".
3109 1505 3126 1538 ι
3162 1487 3216 1541 In
3248 1489 3568 1563 Apocalypsi

1989 1572 2215 1628 Joannis
2244 1571 2360 1626 hare
2382 1573 2548 1626 dicit:
2576 1589 2594 1622 ι
2633 1572 2732 1640 Qui
2753 1585 2856 1640 est,
2890 1577 2980 1644 qui
3027 1587 3165 1642 erat,
3189 1587 3241 1633 et
3261 1581 3350 1648 qui
3380 1593 3568 1636 ventu-

1992 1681 2085 1720 rus
2116 1674 2199 1720 est
2229 1664 2292 1716 η.
2324 1683 2343 1717 ι
2384 1663 2515 1718 Nam
2571 1667 2662 1732 qui
2710 1677 2966 1722 venturus
3017 1678 3132 1733 est,
3165 1671 3395 1725 \‘erhum
3441 1683 3564 1741 est,

1989 1756 2058 1811 de
2101 1771 2208 1826 quo
2251 1756 2454 1809 dictum
2510 1756 2648 1822 fuit,
2686 1757 2789 1824 Qui
2835 1769 2933 1824 eu,
2973 1771 3026 1815 et
3071 1764 3161 1831 qui
3206 1775 3337 1818 erat.
3373 1783 3390 1817 ι
3424 1765 3564 1822 Ecce

1983 1835 2156 1910 enim,
2185 1849 2380 1917 inquit,
2413 1863 2512 1917 ego
2545 1850 2756 1903 veniam
2779 1861 2830 1904 et
2858 1852 3117 1908 habitabo
3152 1854 3203 1908 in
3243 1855 3416 1910 medio
3463 1857 3560 1922 tui,

303 1946 373 1997 ’δὲ
405 1947 502 2000 καὶ
521 1948 812 2017 ὁἹωάννης
835 1950 926 2000 ἐπὶ
954 1949 1047 2001 τοῦ
1074 1949 1247 2017 Λόγου
1268 1949 1447 2020 τίθησι
1467 1951 1528 2003 16
1543 1945 1650 2002 Ἦν
1668 1967 1681 1979 ·
1715 1967 1734 2001 ι
1771 1945 1882 2001 ’Ἦν

1991 1941 2116 1995 dicit
2140 1939 2483 1996 Dominus".
2522 1959 2544 1993 ι
2575 1940 2857 1998 Manifeste
2913 1955 3092 1999 autem
3145 1948 3306 2001 etiam
3331 1947 3565 2003 Joannes

310 2035 444 2106 γὰρ.
479 2038 659 2108 φησὶν,
691 2041 719 2091 6
749 2040 919 2106 Λόγος
946 2041 1084 2110 πρὸς
1128 2041 1219 2094 16v
1257 2042 1406 2097 Θεόν.
1451 2061 1473 2094 ι
1512 2043 1799 2112 Προσεῖναι
1827 2042 1884 2096 δὲ

311 2127 530 2192 πάντως
575 2129 656 2182 δεῖ
702 2129 762 2183 16
788 2132 955 2184 ἀΐδιον
998 2132 1076 2202 τῷ
1103 2132 1224 2186 καθ’
1258 2128 1318 2187 o6
1347 2133 1409 2186 16
1434 2134 1529 2187 ’Ὧν
1559 2135 1651 2187 καὶ
1686 2134 1748 2187 16
1776 2131 1884 2188 Ἦν

295 2217 587 2274 ῒτέτακται.

933 2338 1280 2404 Μαρτυρίαι.
1301 2354 1310 2360 '

401 2535 460 2588 '0
488 2533 704 2598 Παῦλος
745 2536 869 2605 περὶ
909 2536 1211 2588 ἰουδαίωνο
1247 2554 1266 2587 ι
1305 2532 1403 2589 ’Ὡν
1431 2539 1480 2590 οἱ
1511 2539 1759 2611 πατέρες,
1795 2543 1888 2594 καὶ

307 2625 371 2691 ἐξ
400 2620 475 2678 ὧν
509 2628 537 2678 6
569 2627 806 2696 Χριστὸς
853 2627 914 2679 16
954 2626 1092 2679 κατά
1137 2627 1328 2698 σάρκα,
1363 2629 1392 2681 6
1419 2629 1497 2680 ὢν
1536 2630 1627 2682 ἐπὶ
1675 2632 1888 2686 πάντων

1987 2030 2053 2082 de
2076 2027 2253 2082 Verbo
2295 2029 2446 2093 dicit,
2486 2027 2644 2095 Erat,
2696 2031 2769 2084 ita
2828 2031 3122 2102 inquiens:
3182 2054 3201 2088 ι
3239 2036 3367 2090 Erat
3419 2039 3563 2092 enim

1989 2119 2223 2175 Verbum
2250 2121 2390 2187 apud
2422 2121 2610 2175 Deum.
2655 2140 2674 2174 ι
2714 2121 3095 2180 Necessarium
3127 2143 3256 2183 vero
3281 2129 3438 2199 plane
3486 2139 3569 2184 est

1985 2211 2340 2266 aeternitatem
2370 2212 2544 2268 inesse
2569 2214 2642 2278 ei,
2679 2215 2748 2270 de
2786 2230 2892 2285 quo
2941 2218 3146 2274 dictum
3188 2231 3293 2286 est,
3334 2219 3439 2287 Qui
3467 2233 3563 2287 est,

1976 2313 2040 2356 et
2080 2301 2231 2357 Εηι.

2549 2415 2578 2469 1
2584 2426 2684 2469 tem
2715 2419 3038 2476 testimonia.

2054 2524 2257 2580 Paulus
2296 2527 2366 2579 de
2387 2524 2587 2580 Iudaeis
2620 2544 2633 2580 :
2664 2545 2682 2578 ι
2719 2527 2959 2594 Quorum
2991 2540 3174 2600 patres
3195 2543 3245 2587 et
3267 2548 3331 2589 ex
3372 2538 3569 2606 quibus

1987 2614 2235 2669 Christus
2288 2618 2583 2670 secundum
2623 2633 2865 2684 carnem,
2909 2623 2998 2691 qui
3041 2635 3120 2677 est
3173 2641 3334 2694 super
3385 2631 3569 2685 omnia

297 2719 440 2780 Θεὸς
481 2718 771 2788 εὐλογητὸς
815 2719 896 2780 εἰς
923 2720 1050 2781 τοὺς
1083 2718 1299 2782 αἰῶνας.
1339 2720 1530 2790 Ἀμήν.
1574 2738 1593 2770 ι
1636 2721 1692 2774 '0
1729 2721 1887 2784 αὐτὸς

1993 2706 2132 2758 Deus
2148 2704 2462 2759 benedictus
2491 2707 2540 2760 in
2565 2708 2781 2762 saecula.
2798 2712 2966 2766 Amen
2990 2714 3082 2767 η.»
3106 2715 3244 2770 Idem
3264 2719 3330 2773 de
3351 2719 3526 2777 Vetto
3556 2743 3569 2779 :

307 2811 437 2878 ιπερὶ
472 2807 564 2861 τοῦ
606 2809 782 2876 Λόγου
806 2825 817 2837 °
855 2829 874 2860 ι
914 2809 991 2862 Τὰ
1023 2809 1134 2880 γὰρ
1178 2811 1379 2882 ἀόρατα
1422 2812 1589 2865 αὐτοῦ
1622 2813 1730 2865 ἀπὸ
1771 2812 1890 2865 κτί-

314 2917 447 2962 σεως
493 2899 700 2969 κόσμου
756 2902 869 2962 τοῖς
921 2902 1186 2970 ποιήμασι
1237 2901 1500 2972 νοούμενα
1551 2902 1888 2972 καθορᾶται·

1995 2813 2012 2844 ι
2045 2791 2339 2849 Invisibilia
2369 2799 2513 2850 enim
2539 2800 2654 2864 ejus
2680 2813 2707 2852 a
2752 2803 3031 2857 creatione
3063 2809 3242 2860 mundi
3305 2814 3570 2869 creaturis

1993 2884 2264 2939 intellecta
2300 2888 2730 2956 conspiciuntur,
2764 2901 2816 2946 et
2840 2903 3042 2949 :eterna
3068 2902 3304 2963 potentia
3333 2903 3449 2971 ejus
3503 2919 3568 2958 ac

312 2992 346 3062 ἢ
375 3009 432 3044 τε
462 2993 632 3055 ἀΐδιος
660 2990 826 3044 αὐτοῦ
869 2991 1116 3062 δύναμις,
1153 2994 1246 3045 καὶ
1275 2994 1510 3064 θειότης.
1541 3013 1562 3045 ι
1592 2991 1656 3046 Εἰ
1699 2993 1756 3045 δὲ
1796 2993 1887 3045 ἐπὶ

1991 2977 2162 3031 deitas
2193 2977 2259 3030 ⁸⁸.
2287 2997 2305 3029 ι
2341 2979 2398 3033 Si
2433 2994 2562 3034 vero
2594 2981 2798 3035 dictum
2835 2985 2937 3040 hoc
2964 2987 3016 3040 iu
3040 2987 3254 3044 Patrem
3283 2993 3570 3063 referatur,

311 3085 401 3138 τοῦ
427 3084 637 3152 Πατρός
685 3083 930 3153 ἐνεχθείη
979 3084 1038 3135 τὸ
1072 3084 1252 3152 ῥητὸν,
1279 3084 1484 3155 ἑτέρως
1528 3086 1607 3147 εις
1635 3083 1728 3136 16v
1762 3084 1887 3137 Υἱὸν

1991 3067 2146 3121 aliter
2179 3069 2231 3122 in
2261 3067 2456 3123 Filium
2499 3082 2869 3128 convertetur.
2899 3077 3154 3142 Quaenam
3187 3083 3330 3134 enim
3374 3086 3447 3137 sit
3478 3101 3573 3154 po-

305 3177 797 3247 περιτραπήσεται.
840 3175 934 3237 Ti;
991 3176 1101 3247 γὰρ
1143 3178 1176 3246 ὴ
1228 3175 1320 3229 τοῦ
1372 3175 1509 3230 Θεοῦ
1557 3175 1814 3247 δύναμις,
1861 3179 1887 3229 6

1992 3157 2154 3209 tentia
2181 3155 2296 3221 Dei,
2333 3159 2531 3213 Paulus
2573 3160 2770 3214 clamat
2801 3179 2814 3216 :
2851 3181 2869 3214 ι
2910 3162 3162 3222 Christus
3197 3167 3287 3223 Del
3336 3176 3572 3240 potentia

307 3243 516 3328 Παῦλος
557 3266 686 3336 βοᾷ’
734 3283 752 3315 ι
804 3265 863 3316 '0
903 3265 1156 3335 Χριστος,
1194 3264 1331 3317 Θεοῦ
1372 3264 1599 3334 δύναμις
1629 3266 1887 3336 καὶβεοῦ

1992 3256 2043 3300 et
2069 3243 2162 3300 Dei
2197 3249 2548 3316 sapientia".
2571 3269 2590 3302 ι
2619 3251 2761 3306 Idem
2799 3262 2850 3308 et
2882 3253 3172 3311 Psalmista
3206 3276 3222 3316 :
3283 3280 3300 3312 ι
3355 3261 3570 3331 Blanda,

314 3355 490 3424 σοφία.
530 3357 586 3408 Ὀ
615 3355 920 3426 Ψαλμῳδὸς
972 3355 1033 3408 16
1079 3355 1244 3408 αὑτό·
1283 3373 1304 3406 ι
1344 3356 1632 3422 Ἔντειλαι,
1661 3357 1688 3408 6
1737 3357 1888 3422 Θεὸς,

311 3450 370 3518 τῇ
401 3447 624 3518 δυνάμει
651 3463 765 3498 σου.
803 3447 1154 3515 Δυνάμωσον,
1187 3444 1392 3510 όθεὸς,
1425 3445 1581 3500 τοῦτο
1617 3446 1645 3499 6
1678 3465 1891 3519 κατειρο

309 3542 458 3607 γάσω
491 3542 548 3594 ἐν
592 3543 745 3611 ἡμῖν.
797 3560 813 3591 ι
844 3540 939 3602 Τίς
963 3540 1018 3592 δὲ
1065 3541 1092 3591 6
1121 3537 1448 3609 δυναμὼσας
1474 3537 1632 3592 τοῦτο
1659 3539 1718 3592 16
1755 3557 1888 3592 κατ-

310 3634 558 3704 αρτισθὲν
591 3635 749 3705 ἡμῖν,
785 3634 834 3685 εἰ
870 3633 946 3702 μὴ
973 3634 1001 3686 6
1043 3633 1107 3685 ὲκ
1155 3631 1251 3701 τῆς
1275 3630 1480 3703 φθορᾶς
1513 3633 1656 3702 ἡμᾶς
1683 3631 1890 3703 λυτρω-

311 3727 545 3797 σάμενος
582 3727 678 3781 106
709 3725 845 3779 Θεοῦ
883 3725 1074 3794 Λόγος,
1103 3724 1196 3777 καὶ
1228 3724 1536 3795 ἀναστήσας
1566 3726 1645 3790 εἰς
1680 3725 1891 3796 ἀφθαρ-

311 3822 433 3872 σίαν
445 3832 467 3884 .;

996 3909 1197 3964 ΑΛΛΟ.

300 4028 412 4091 Εἷς
445 4026 510 4080 τὸ
541 4025 691 4080 αὐτό
724 4025 1067 4093 κατασκευὴ
1109 4024 1351 4093 πιθανὴ,
1387 4024 1475 4079 ὅτι
1505 4025 1572 4078 τὸ
1597 4025 1786 4092 ῥητόν
1822 4027 1888 4080 τὸ

378 4097 632 4164 λέγον,ει
698 4097 777 4150 Τὰ
826 4096 1046 4164 ἀόρατα
1097 4095 1282 4149 αὐτοῦ
1330 4095 1448 4150 ἀπὸ
1497 4097 1748 4160 κτίσεως
1791 4097 1912 4150 κό-⁶

369 4180 561 4235 νσμου,
614 4167 741 4232 τοῖς
793 4165 1081 4235 ποιήμασι
1123 4167 1418 4234 νοούμενα
1457 4164 1774 4233 καθορᾶται
1804 4181 1818 4196 ο
1848 4165 1887 4233 ἢ

373 4233 688 4313 {aeratae
732 4233 1244 4313 αὑτοῦ-⁷-δύ-ιςαιᾳς,
1268 4233 1277 4234 ί
1302 4235 1690 4312 καὶ-θειότης,
1729 4253 1747 4284 ι
1781 4235 1913 4313 τόν·⁴

386 4305 532 4376 -ηὸν
571 4306 867 4376 σημαίνει.
914 4306 979 4358 ‘0
1022 4305 1090 4358 δὲ
1131 4307 1316 4373 λόγος
1359 4305 1470 4370 τῆς
1507 4305 1890 4374 κατασκευῆς

381 4372 600 4442 οὗτος·

374 4492 696 4562 Γέγραπται
717 4509 732 4524 ο
762 4509 785 4542 ι
815 4490 1006 4554 Οὐδεὶς
1054 4490 1312 4560 γινώσκει
1339 4490 1429 4542 16v
1459 4489 1698 4562 Πατέρα,
1725 4489 1774 4542 εὶ
1813 4489 1887 4560 μὴ

1995 3335 2158 3402 Deus,
2178 3341 2428 3406 potentiae
2455 3350 2576 3396 tute.
2609 3341 2878 3398 Conﬁrma
2918 3347 3042 3413 hoc,
3067 3348 3228 3415 Deus,
3277 3359 3418 3422 quod
3447 3371 3578 3424 ope—

1994 3440 2142 3482 ratus
2168 3444 2228 3484 es
2260 3430 2312 3484 in
2341 3433 2495 3488 nobis
2519 3434 2581 3488 “.
2618 3454 2636 3486 ι
2667 3435 2799 3502 Quis
2852 3448 3032 3494 autent
3093 3451 3178 3496 est
3230 3446 3320 3513 qui
3374 3447 3574 3502 confir-

1992 3520 2160 3573 mavit
2212 3523 2574 3579 instauratum
2627 3541 2825 3596 corpus
2869 3541 3136 3598 nostrum,
3191 3535 3296 3589 nisi
3353 3539 3444 3607 qui
3505 3541 3573 3594 ab

1989 3608 2212 3666 interitu
2258 3628 2358 3670 nos
2394 3615 2642 3683 redemit,
2667 3626 2724 3672 et
2755 3618 3144 3692 iucorruptioni
3194 3627 3430 3684 restituit
3475 3626 3570 3684 Dei

1989 3699 2200 3758 Filius?

2658 3894 2896 3954 λιιυι).

1994 3997 2361 4086 Εείιιιιίειιιιινιί¹
2391 4008 2867 4086 probatioreritati
2900 4027 3266 4086 consentanea,
3287 4021 3428 4086 quod
3483 4023 3572 4075 di-

2056 4080 2208 4124 ctum
2229 4074 2361 4128 illud
2387 4093 2406 4130 :
2455 4095 2487 4147 VC
2530 4077 2829 4133 Invisibilia
2888 4085 3002 4147 ejus
3031 4102 3062 4137 a
3093 4074 3337 4140 crealur'a
3393 4074 3573 4145 munrli

2061 4157 2152 4207 per
2174 4158 2235 4223 eo
2277 4161 2395 4211 (μίαν
2436 4146 2578 4212 facta
2641 4161 2760 4223 sunt
2805 4146 3086 4223 intellecta,
3142 4157 3571 4223 conspiciuntur:

2061 4213 2407 4294 sempiterno”
2426 4231 2627 4294 quoque
2681 4219 2804 4294 ejus
2846 4222 3012 4276 uirtus
3053 4213 3394 4294 eldivinitas,
3426 4248 3444 4282 ι
3480 4213 3568 4286 Εἱέ

2057 4278 2185 4334 Iiunt
2229 4278 2516 4352 signiﬁcat.
2539 4278 2829 4343 'Probutur
2867 4303 3040 4346 autem
3065 4294 3160 4347 hoc
3188 4278 3382 4354 modo}

2061 4494 2332 4566 Scriptum
2375 4509 2458 4555 est
2493 4520 2504 4555 :
2537 4522 2555 4553 ι
2615 4502 2803 4561 Nullus
2841 4511 3120 4578 cognoscit
3174 4511 3388 4570 Patrem
3471 4518 3572 4572 nisi

305 4586 339 4637 6
367 4584 494 4648 Υἱὸς
513 4625 527 4648 ,
558 4576 714 4652 καὶῷ
749 4584 815 4637 ἂν
845 4585 876 4636 6
899 4583 1026 4646 Υἱὸς
1054 4582 1399 4654 ἀποκαλύψῃ.
1422 4601 1440 4634 ι
1468 4584 1531 4636 Εἰ
1561 4583 1616 4636 δὲ
1639 4584 1784 4654 μόνῳ
1811 4581 1887 4652 τῷ

1992 4587 2181 4652 Filius,
2211 4601 2264 4646 et
2293 4594 2377 4646 cui
2411 4594 2578 4650 Filius
2615 4601 2932 4654 revelaverit
2965 4603 3025 4657 ¹⁷.
3062 4621 3080 4655 ι
3131 4603 3185 4658 Si
3245 4617 3426 4661 autem
3476 4611 3573 4663 soli

310 4675 426 4746 Υἱῷ
466 4677 495 4729 6
529 4677 713 4748 Πατὴρ
746 4675 1096 4744 γινώσκεται,
1135 4675 1230 4727 καὶ
1265 4675 1332 4727 δι’
1361 4673 1526 4727 αὐτοῦ
1581 4675 1739 4745 μόνου
1777 4676 1887 4736 τοῖς

1992 4675 2130 4732 Filio
2156 4677 2318 4734 Pater
2348 4686 2719 4750 cognoscitur,
2744 4697 2797 4740 et
2816 4703 2910 4755 per
2937 4689 3110 4743 solum
3137 4691 3284 4744 illum
3331 4694 3451 4747 aliis
3484 4709 3572 4746 re—

311 4769 489 4830 ἀλλοις
519 4768 990 4833 ἀποκαλύπτεται,
1021 4769 1083 4821 οὐ
1111 4767 1201 4820 διὰ
1226 4767 1454 4830 κτίσεως
1476 4767 1605 4837 ἄρα,
1639 4766 1758 4820 οὐδὲ
1778 4768 1887 4830 τοῖς

1997 4770 2222 4838 velatur,
2253 4784 2400 4828 certe
2420 4791 2523 4829 non
2558 4791 2654 4846 per
2706 4789 3030 4848 creaturam,
3081 4798 3255 4852 neque
3305 4786 3574 4836 creaturis

312 4861 576 4928 ποιήμασι
606 4859 727 4912 νοού
737 4877 896 4930 μενος
927 4861 959 4912 6
987 4859 1172 4930 Πατὴρ
1201 4859 1521 4927 καθορᾶται.
1566 4858 1706 4911 Ἀλλ’
1791 4859 1887 4928 μὲν

1994 4862 2300 4918 intellectus
2331 4866 2679 4936 conspicitur.
2705 4869 2966 4924 Caeterum
3003 4882 3248 4926 creatura
3274 4873 3376 4939 21
3407 4872 3572 4925 Deum

311 4946 486 5010 κτίσις
509 4948 602 5001 τὸν
636 4949 837 5018 ἑαυτῆς
879 4950 1206 5021 δημιουργὸν
1242 4949 1333 5002 τὸν
1377 4949 1510 5002 Θεὸν
1548 4949 1750 5017 Λόγονο
1777 4951 1805 5001 6
1833 4948 1887 5001 δὲ

1998 4951 2231 5007 Verbum
2270 4968 2568 5012 creatorem
2590 4975 2744 5013 suum
2779 4978 2899 5015 esse
2925 4962 3122 5015 clamat
3157 4979 3170 5014 :
3202 4960 3433 5014 Verbum
3481 4977 3574 5015 au-

311 5039 484 5106 Λόγος
520 5040 577 5092 ὲν
605 5041 782 5110 ἐαυτῷ
819 5041 1053 5094 δεικνύει
1093 5043 1180 5094 τὸν
1225 5040 1463 5110 Πατέρα.
1505 5041 1613 5094 Καὶ
1640 5039 1771 5108 γοῦν
1813 5038 1887 5109 τῷ

1998 5052 2103 5096 tem
2158 5043 2208 5095 in
2261 5046 2437 5111 seipso
2489 5050 2726 5101 ostendit
2787 5049 3024 5102 Patrem.
3083 5048 3290 5102 Idcirco
3329 5048 3582 5122 Philippo

309 5129 565 5202 Φιλίππῳ
612 5132 843 5200 λέγοντι,
881 5152 898 5183 ι
944 5132 1126 5197 Δεῖξον
1157 5135 1286 5203 ἡμῖν
1318 5133 1409 5186 τὸν
1455 5134 1695 5202 Πατέρα,
1734 5151 1752 5182 ι
1796 5133 1887 5185 οὐκ

1994 5133 2218 5197 dicenti,
2255 5131 2278 5185 ἶ
2314 5133 2550 5189 Ostende
2589 5138 2742 5190 nobis
2766 5139 2981 5191 Patrem
3009 5140 3071 5205 ¹⁸,
3112 5157 3130 5191 ι
3161 5155 3266 5194 non
3312 5157 3377 5197 ex
3423 5161 3574 5199 crea—

309 5221 375 5272 ἐκ
422 5220 521 5290 τῆς
563 5220 672 5274 τῶν
724 5222 1046 5292 ποιημάτων
1095 5222 1358 5290 καλλονῆς
1409 5219 1682 5288 ἀναλόγως
1733 5220 1887 5273 αὑτὸν

1993 5235 2232 5279 turarum
2268 5225 2662 5295 pulchritudine
2684 5232 3086 5297 comparatione
3120 5231 3258 5287 facta
3294 5249 3414 5289 eum
3441 5251 3574 5290 cou-

306 5310 538 5381 Οεωρεῖν
565 5313 862 5380 ἐπιτάττει,
894 5313 1006 5366 ἀλλ’
1027 5314 1216 5367 ἑαυτὸν
1245 5311 1501 5376 δεικνύει,
1535 5311 1734 5378 λέγων·
1773 5332 1790 5363 ι
1832 5313 1887 5364 Ὀ

2001 5319 2244 5388 templari
2274 5318 2451 5388 jubet,
2485 5319 2577 5373 sed
2612 5321 2843 5388 seipsutn
2878 5324 3131 5391 ostendit,
3162 5327 3344 5381 dicens
3371 5345 3384 5382 :
3423 5347 3439 5379 ι
3472 5326 3572 5393 Qui

303 5400 569 5472 ἑωρακὼς
601 5404 722 5474 ἐμὲ,
761 5405 973 5475 ἑώρακε
1006 5406 1100 5458 καὶ
1126 5405 1216 5458 16v
1249 5403 1486 5474 Πατέρα.
1517 5422 1537 5454 ι
1723 5423 1774 5463 ο

2002 5409 2135 5462 vidit
2163 5425 2268 5471 me,
2308 5410 2437 5463 vidit
2466 5420 2520 5464 cl
2552 5411 2762 5465 Patrem
2803 5412 2864 5466 η,
2905 5433 2922 5466 ι

511 5515 745 5584 Ἕτεραι
769 5519 1112 5588 μαρτυρίαι,
1138 5517 1225 5570 ὅτι
1252 5518 1441 5582 ἀΐδιος
1474 5520 1506 5569 ὀ
1545 5517 1692 5580 Υἶός.

2157 5520 2277 5572 Alia
2323 5522 2640 5586 testimonia,
2678 5521 2815 5591 quod
2840 5535 3064 5580 wternus
3098 5528 3160 5578 sit
3200 5524 3395 5579 Filius.

383 5627 447 5682 '0
468 5628 778 5700 Ψαλμῳδὺς
806 5631 968 5684 αὑτὸν
999 5630 1173 5694 καλεῖ,
1208 5649 1226 5681 ι
1269 5631 1326 5682 Ὀ
1356 5630 1617 5700 ὑπάρχων
1651 5628 1753 5698 πρὸ
1782 5629 1888 5681 τῶν

373 5739 396 5767 ⁹
434 5744 598 5797 Ilehr.
645 5762 692 5807 ι,
735 5745 791 5797 2.
872 5746 915 5777 ¹⁶
944 5743 1100 5798 .Ioan.
1141 5762 1187 5808 ι,
1233 5745 1282 5799 I.
1363 5745 1600 5812 “Apoc.
1664 5762 1746 5809 tv,
1795 5746 1847 5800 8.
1928 5747 1969 5776 ”
2012 5747 2179 5800 Exod.
2228 5763 2364 5810 xxv,
2417 5747 2471 5800 8.
2557 5746 2597 5775 ¹²¹
2634 5747 2793 5798 Rom.
2829 5761 2878 5798 Ix
2909 5789 2923 5810 ,
2980 5751 3033 5802 5.

301 5812 345 5846 "
375 5813 422 5868 Il
457 5814 584 5869 Cur.
623 5832 660 5880 ι,
694 5816 787 5868 24.
869 5817 912 5846 ¹⁶
943 5814 1085 5869 Psal.
1119 5832 1282 5883 vau,
1322 5816 1410 5870 5|.
1489 5819 1529 5847 ⁸⁷
1575 5817 1760 5870 Matth.
1798 5833 1872 5882 χι,

1991 5857 1997 5869 .
2079 5820 2121 5848 ¹⁸
2149 5817 2305 5872 Jouu.
2346 5834 2452 5885 Juv,
2493 5818 2546 5872 8.
2629 5819 2672 5899 ,η’
2719 5814 2850 5867 ibid.
2885 5818 2937 5873 9.

2075 5632 2356 5688 Psalmista
2410 5635 2490 5690 sic
2530 5649 2652 5686 eum
2713 5643 2914 5690 vocat:
2971 5656 2989 5687 ι
3026 5635 3128 5701 Qui
3191 5634 3402 5689 exsistit
3452 5642 3578 5686 ante

3113 5747 3153 5777 "'
3187 5747 3343 5799 Rom.
3399 5760 3449 5811 ι,
3481 5743 3573 5795 ‘30.
