4056 6264
463 421 533 475 59
817 433 826 438 “
1439 432 1494 486 S.
1539 433 1810 488 CYIIlLLI
1850 432 2324 496 ALEXANDRINI
2369 433 2686 490 ARCHIEP.
3659 437 3729 494 60

460 544 653 602 saecula
684 547 752 610 ’⁸,
788 563 807 596 ι
851 561 956 602 non
989 548 1080 619 qui
1114 548 1286 603 factus
1315 561 1416 606 est.
1465 552 1532 607 Et
1581 553 1748 610 Isaias
1781 575 1794 611 :
1822 575 1840 608 ι
1898 558 2041 613 Deus

2159 557 2371 620 ιίὡνων,
2395 557 2496 628 οὑχ
2522 559 2550 609 6
2571 557 2892 626 γενόμενος·
2922 559 2949 610 ὁ
2991 557 3238 622 Ἡσαΐας,
3271 575 3290 609 ι
3321 557 3452 622 Θεὸς
3476 555 3689 622 αἰώνιος
3707 598 3726 622 ,

459 647 717 705 αξιοι-ους,
751 639 891 694 Deus
920 640 1010 709 qui
1051 641 1294 697 fundavit
1322 648 1694 702 extremitates
1723 659 1883 704 tet-rte
1905 652 1972 704 ".
2016 668 2036 702 ι

461 731 517 786 Si
549 741 730 786 autem
765 733 999 788 Verbum
1049 735 1420 791 extremitates
1459 747 1618 794 teme
1660 738 1923 810 fundavit,
1959 743 2041 797 di-

460 825 602 879 citur
628 837 806 880 autem
832 828 897 882 de
941 844 1007 884 eo
1046 832 1191 900 quod
1243 841 1480 886 aeternus
1549 840 1678 889 est:
1715 846 1832 889 erat
1896 845 2045 892 certe

461 931 696 986 semper,
727 928 782 974 et
837 920 1034 974 factum
1061 936 1168 975 non
1209 931 1311 977 est.

1135 1058 1370 1116 ALIUD.

536 1183 724 1241 Paulus
746 1187 906 1242 etiam
937 1189 1002 1245 de
1017 1188 1192 1244 Verbo
1241 1194 1314 1246 ita
1344 1193 1538 1249 scribit
1575 1213 1588 1249 :
1625 1213 1645 1246 ι
1681 1196 1781 1262 Qui
1815 1211 1937 1250 cum
1972 1197 2044 1250 sit

463 1277 714 1346 splendor
749 1279 934 1350 gloriae
964 1291 1018 1336 et
1045 1285 1333 1339 character
1386 1285 1702 1341 substantiae
1759 1289 1965 1356 ejus“.
2021 1307 2038 1341 ι

461 1370 628 1425 David
659 1373 982 1448 quoqueita
1035 1375 1221 1442 psallit
1251 1392 1264 1428 :
1308 1395 1327 1427 ι
1360 1377 1426 1431 Ει
1453 1378 1524 1432 sit
1548 1379 1806 1448 splendor
1831 1380 2042 1434 Domini

463 1458 555 1513 Dei
589 1461 756 1515 nostri
788 1476 950 1530 super
974 1477 1072 1518 nos
1102 1464 1169 1518 ’³.
1207 1482 1225 1515 ι
1267 1464 1332 1518 Ει
1367 1481 1558 1522 rursus
1588 1481 1600 1516 :
1659 1485 1680 1517 ι
1748 1467 1808 1520 In
1845 1465 2045 1519 lumine

462 1558 554 1602 tuo
582 1551 881 1607 videbimus
910 1551 1092 1608 lumen
1116 1552 1184 1609 ’⁸.
1221 1573 1241 1607 ι
1284 1554 1507 1622 Quando
1549 1556 1713 1625 igitur
1746 1555 2045 1612 eratPater

463 1640 668 1710 absque
690 1657 787 1697 suo
814 1643 1146 1711 splendore?
1189 1654 1282 1699 aut
1308 1647 1522 1716 quando
1568 1663 1675 1702 non
1732 1647 1940 1701 exstitit
1991 1648 2044 1701 in

463 1733 575 1788 Deo
605 1734 858 1805 splendor
887 1737 1050 1806 ejus?
1075 1739 1143 1792 Et
1174 1754 1395 1794 rursum
1432 1758 1447 1795 :
1489 1741 1546 1794 Si
1593 1740 1773 1794 lumen
1835 1747 1918 1794 est
1977 1755 2046 1793 ex

465 1827 671 1882 lumine
708 1826 888 1884 Patris
911 1828 1101 1895 Filius,
1130 1833 1351 1902 quando
1373 1847 1477 1888 non
1505 1840 1626 1886 erat
1675 1834 1726 1886 in
1758 1832 1917 1887 Patre
1963 1832 2046 1886 Ιιισ

463 1933 585 1973 men
618 1921 771 1990 ejus?
794 1920 1264 1988 Quemadmodum
1291 1925 1434 1980 enim
1467 1925 1791 1982 illuminatio
1834 1925 1903 1978 ab
1925 1925 2046 1992 igne

465 2015 707 2082 separari
741 2031 847 2069 non
884 2025 1082 2085 potest,
1111 2018 1190 2074 sic
1221 2032 1397 2089 neque
1427 2034 1456 2074 a
1497 2018 1661 2076 Patre
1692 2019 1871 2074 lumen
1902 2017 2047 2089 quod

463 2118 530 2158 ex
563 2119 627 2160 eo
652 2105 910 2176 gignitur.

1156 2241 1389 2300 ALIUD.

537 2351 704 2406 David
768 2352 947 2407 canit:
983 2370 1002 2404 ι
1041 2352 1286 2423 Regnum
1345 2363 1492 2408 tuum
1538 2369 1759 2426 regnum
1802 2360 2042 2414 omnium

463 2445 784 2499 saeculorum
809 2451 893 2499 est
908 2445 976 2501 ".
1007 2462 1027 2496 ι
1060 2443 1115 2499 Si
1143 2455 1320 2499 autem
1353 2459 1515 2501 omne
1544 2455 1754 2516 tempus
1792 2450 2046 2508 omnibus

465 2536 679 2592 saeculis
703 2537 1194 2604 circumscribitur,
1235 2537 1473 2593 Verbum
1506 2555 1635 2595 vero
1656 2543 1908 2597 omnibus
1942 2559 2046 2598 sae-

464 2629 602 2683 culis
629 2639 820 2697 regnat
851 2645 866 2682 ι
894 2629 1100 2683 nullum
1126 2630 1317 2698 utique
1381 2641 1591 2697 tempus
1640 2642 1776 2694 erat,
1834 2636 2050 2704 quando

468 2734 573 2775 non
603 2729 726 2777 erat
745 2718 937 2777 Filius.

1145 2835 1376 2894 ALIUD.

471 2947 862 3005 Demonstratio
884 2967 974 3018 per
1007 2952 1304 3006 testimonia
1349 2951 1490 3024 quod
1545 2970 1714 3010 sat-rw
1761 2954 2050 3023 Scriptum

541 3037 691 3091 voces
712 3025 828 3082 has,
857 3031 992 3085 erat,
1019 3025 1305 3083 exsistens,
1336 3039 1453 3086 ens,
1480 3039 1652 3086 eram,
1680 3042 1832 3084 sum.
1863 3038 1910 3081 et
1943 3037 2046 3091 est,

537 3091 602 3145 de
637 3089 804 3144 Verbo
839 3091 1012 3145 solum
1059 3093 1287 3146 dicunt:
1321 3095 1385 3146 de
1446 3097 1705 3148 creaturis
1758 3112 1875 3150 vero
1947 3089 2050 3151 nati

540 3162 696 3223 item;
739 3162 830 3215 sed
853 3163 1027 3238 potius
1053 3163 1181 3238 olim
1205 3165 1315 3238 sive
1333 3164 1646 3238 aliquando,
1696 3176 1748 3222 et
1796 3168 2024 3238 pridem,

539 3241 594 3286 et
627 3243 777 3298 ante,
805 3242 853 3286 et
881 3231 1004 3296 fuit,
1023 3232 1234 3296 aliaque
1261 3234 1344 3287 his
1371 3231 1590 3289 similia.

547 3429 808 3486 Servator
836 3430 1196 3487 aeternitatem
1229 3433 1464 3504 propria;
1498 3435 1854 3506 hypostaseos
1879 3435 2054 3504 signi-

475 3520 647 3577 ﬁcans
677 3521 843 3576 dicit:
884 3541 902 3574 ι
944 3521 1054 3594 Ego
1079 3538 1197 3578 sum
1228 3526 1462 3592 veritas;
1497 3541 1597 3596 ego
1648 3541 1765 3581 sum
1791 3527 1917 3590 lux;
1956 3541 2056 3597 ego
2153 3520 2233 3599 "‘1

477 3630 596 3671 sum
630 3623 816 3684 pastor
845 3615 923 3686 “,
943 3633 962 3666 ›
1001 3614 1070 3669 Et
1096 3631 1285 3671 rursus
1307 3619 1373 3672 ad
1398 3618 1728 3688 discipulos:
1755 3638 1775 3671 ι
1807 3620 1915 3675 Vos
1967 3635 2058 3673 νο-
2157 3603 2275 3688 ξρως

475 3709 614 3763 catis
644 3723 730 3762 me
751 3707 1036 3762 Dominum
1069 3717 1124 3764 et
1151 3709 1492 3778 magistrum,
1532 3721 1587 3765 et
1649 3720 1797 3766 recte
1850 3711 2054 3778 dicitis,

475 3817 594 3857 sum
633 3801 834 3856 etenim
864 3801 930 3855 "’.
960 3820 979 3852 ι
1011 3800 1075 3854 Ει
1106 3799 1394 3856 Psalmista
1419 3802 1488 3856 de
1505 3818 1569 3857 eo
1595 3804 1739 3858 canit
1775 3820 1788 3855 :
1821 3822 1840 3854 ι
1895 3803 2061 3859 Ante—

476 3908 640 3963 quam
675 3902 886 3949 montes
908 3891 1255 3948 ﬁrmarentur
1272 3903 1328 3948 et
1359 3893 1686 3950 l'o'rmaretur
1720 3905 1860 3952 terra
1887 3905 1941 3951 et
1970 3911 2061 3951 or-

477 3984 580 4049 bis,
617 3993 672 4040 et
706 4000 734 4038 a
764 3983 962 4040 sacculo
991 3999 1160 4053 usque
1209 3985 1274 4038 ad
1327 3985 1581 4040 sarculum
1609 3995 1662 4041 tu
1690 4001 1749 4042 es
1799 3986 1864 4040 ’⁸.
1904 4005 1924 4039 ι
1995 3990 2064 4041 At

477 4079 594 4148 ipse
613 4081 677 4134 de
701 4079 880 4147 seipse
909 4095 923 4132 :
964 4095 981 4129 ι
1009 4077 1122 4148 Ego
1137 4092 1256 4132 sum
1288 4077 1395 4146 22
1425 4077 1561 4144 νιος(
1578 4085 1652 4145 et,
1671 4092 1802 4147 »τεο
1834 4093 1952 4133 sum
1980 4079 2065 4149 ja-

481 4184 587 4223 nua
621 4169 688 4222 ²⁹.
727 4187 746 4220 ι
784 4168 946 4222 Pater
971 4181 1098 4222 vero
1125 4167 1192 4222 de
1224 4167 1339 4236 ipso
1372 4184 1387 4220 :
1426 4186 1444 4218 ι
1484 4167 1564 4222 Τιι
1607 4183 1665 4223 es
1697 4167 1868 4224 Filius
1912 4183 2064 4224 meus

481 4258 707 4313 dilectus
734 4258 797 4310 ³⁸.
835 4277 854 4310 ι
887 4258 1122 4312 Rursum
1150 4275 1166 4312 :
1201 4278 1218 4308 ι
1260 4257 1518 4314 Dominus
1562 4259 1702 4315 dixit
1735 4261 1802 4316 ad
1835 4275 1918 4316 me
1944 4277 1960 4316 :
1982 4260 2064 4315 Fi-

481 4349 586 4404 lius
622 4363 774 4402 meus
800 4362 858 4402 es
894 4359 948 4401 tu
971 4349 1037 4401 ".
1081 4366 1098 4399 ι
1138 4348 1197 4401 ιιι
1226 4350 1476 4404 omnibus
1516 4350 1624 4414 bis,
1677 4362 1776 4415 est,
1835 4366 1889 4406 et
1925 4363 2062 4419 erat,

481 4441 702 4503 dicitur,
735 4454 1074 4508 nequaquam
1105 4454 1234 4492 vero
1267 4439 1389 4505 fuit.
1422 4440 1497 4494 De
1547 4443 1821 4496 creaturis
1856 4454 2064 4507 autem,

486 4551 505 4584 ι
538 4532 776 4602 Spiritus
804 4533 1020 4586 divinus
1053 4532 1143 4602 qui
1181 4532 1308 4586 l'ecit
1333 4548 1418 4586 me
1455 4532 1521 4586 ³⁸.
1559 4552 1577 4584 ›
1609 4531 1786 4588 Moses
1815 4535 1881 4590 de
1921 4551 2070 4590 crea-

484 4624 631 4678 tione
653 4623 834 4677 mundi
867 4637 1032 4693 agens
1063 4639 1105 4676 :c
1142 4620 1203 4676 Et
1223 4638 1383 4677 omne
1409 4623 1581 4679 viride
1612 4625 1748 4695 agri,
1775 4636 2061 4696 antequam
2096 4663 2138 4715 Β

481 4714 686 4770 factum
713 4725 860 4770 esset
893 4715 945 4769 in
973 4725 1138 4779 terra,
1164 4725 1219 4768 et
1251 4725 1539 4784 antequam
1559 4730 1717 4771 omne
1742 4716 1920 4772 l'enum
1947 4718 2059 4788 agri

478 4815 658 4864 ortum
681 4816 842 4863 esset.
880 4807 1066 4876 Neque
1093 4808 1238 4862 enim
1272 4807 1409 4877 pluit
1451 4808 1590 4862 Deus
1640 4823 1801 4878 super
1838 4817 2061 4874 terram,

480 4915 655 4970 neque
687 4901 850 4956 homo
878 4900 1083 4954 eratad
1114 4899 1400 4955 colendam
1434 4909 1636 4956 terram
1670 4901 1736 4954 ³³.
1771 4919 1790 4980 ι

581 5209 736 5276 Quod
759 5210 941 5276 dictio,
969 5210 1208 5280 quando,
1244 5227 1444 5281 semper
1475 5220 1678 5280 tempus
1711 5209 1990 5278 signiﬁcet.

558 5361 614 5414 In
652 5360 1088 5428 Dcuterouomio,
1143 5381 1161 5412 ι
1195 5360 1422 5428 Quando
1474 5361 1652 5415 divisit
1721 5359 1859 5415 Deus
1929 5374 2062 5429 gen-

485 5465 564 5508 tes
590 5454 655 5508 ".
695 5471 716 5506 ι

559 5675 606 5706 ὀ
644 5675 786 5728 Psal.
827 5690 1022 5738 Luttt,
1065 5674 1151 5728 I2.
1229 5675 1271 5706 ¹¹
1300 5674 1403 5730 lsa.
1441 5673 1650 5733 “£8.
1729 5675 1773 5705 ²²
1804 5673 2048 5734 Heln-.1,
2089 5674 2143 5727 5.

2078 3313 2125 3374 C

2147 648 2279 711 Θεὸς
2311 648 2339 700 ὁ
2389 645 2806 709 κατασκευάσας
2837 645 2904 700 τὰ
2947 646 3092 718 ἄκρα
3141 645 3240 714 τῆς
3286 643 3410 715 γῆς.
3448 664 3466 696 ι
3493 645 3556 698 Εἰ
3607 645 3665 698 δὲ
3698 648 3729 697 6

2141 739 2314 808 Λόγος
2340 741 2488 793 ἐστὶν
2509 741 2536 792 6
2557 737 2974 800 κατασκευάσας
3005 737 3074 791 τὰ
3103 736 3246 808 ἄκρα
3271 737 3370 807 τῆς
3389 736 3512 806 γῆς,
3549 739 3727 790 κεῖται

2141 830 2198 883 δὲ
2246 830 2333 883 ἐπ’
2364 828 2530 885 αὐτοῦ
2575 829 2655 895 τὸ,
2689 827 2923 895 αἰώνιος,
2953 822 3022 898 ἦν
3059 828 3146 882 ἀεὶ
3192 827 3452 899 δηλονότι,
3498 827 3590 880 καὶ
3627 827 3725 882 οὐκ

2139 919 2379 989 ἐγένετο.

2832 1052 3036 1106 ΔΛΛΟ.

2213 1193 2417 1264 Γράφει
2442 1190 2653 1256 Παῦλος
2698 1192 2951 1264 περὶτοῦ
2977 1193 3184 1262 Λόγου⁶
3222 1212 3240 1245 ι
3293 1194 3389 1257 Ὃς
3428 1192 3505 1245 ὢν
3544 1190 3722 1245 ἀπαύ-

2145 1303 2335 1357 γασμα
2364 1287 2463 1356 τῆς
2481 1286 2664 1357 δόξης.
2684 1289 2780 1339 καὶ
2808 1287 3096 1358 χαρακτὴρ
3119 1287 3217 1357 τῆς
3246 1286 3600 1348 ὑποστάσεως
3631 1286 3726 1338 αὑ-

2143 1379 2260 1432 τοῦ.
2285 1396 2310 1430 ⁷)
2346 1378 2551 1432 Ψάλλει
2603 1381 2696 1432 καὶ
2734 1379 2924 1432 Δαϐίδ’
2965 1397 2984 1430 ι
3025 1381 3136 1433 Καὶ
3168 1380 3308 1432 ἔστω
3346 1378 3725 1448 ἡλαμπρότῃς

2143 1468 2349 1538 Κυρίου
2374 1467 2468 1520 τοῦ
2493 1467 2627 1521 Θεοῦ
2657 1468 2814 1538 ἡμῶν
2837 1469 2921 1537 ἐφ’
2946 1468 3122 1540 ήμῶνι
3157 1487 3175 1519 ι
3208 1468 3319 1521 Καὶ
3346 1468 3534 1520 ιτιόιλιν⁸
3569 1486 3587 1518 ι
3637 1468 3726 1519 Ἐν

2144 1559 2222 1630 τῷ
2250 1560 2388 1629 φωτί
2424 1577 2516 1612 σου
2563 1559 2810 1630 ὀψόμεθα
2863 1560 2999 1630 φῶς.
3037 1579 3056 1612 ι
3091 1560 3228 1614 Πότε
3258 1554 3352 1612 οῦν
3375 1554 3442 1630 ῆν
3469 1561 3498 1612 6
3536 1555 3725 1627 Πατὴρ

2145 1654 2314 1723 χωρὶς
2340 1653 2434 1706 τοῦ
2488 1653 2620 1706 ἰδίου
2655 1653 3120 1724 ἀπαυγάσματοςς
3173 1653 3304 1705 πότε
3335 1651 3392 1705 δὲ
3433 1652 3533 1704 οὐκ
3560 1646 3627 1720 ἦν
3665 1651 3724 1703 ἐν

2145 1742 2266 1812 Θεῷ
2301 1745 2336 1814 ἡ
2357 1743 2677 1815 λαμπρότης
2711 1743 2908 1810 αὑτοῦ;
2944 1745 3056 1797 Καὶ
3099 1742 3292 1796 πάλινσ
3329 1742 3392 1794 El
3427 1741 3540 1810 φῶς
3576 1740 3724 1791 ἐστιν

2148 1842 2213 1894 ὲκ
2241 1838 2417 1908 φωτὸς
2449 1836 2545 1890 τοῦ
2586 1835 2796 1909 Πατρὸς
2827 1837 2856 1888 6
2892 1835 3041 1898 Υἱὸς,
3075 1833 3205 1888 πότε
3233 1833 3333 1886 οὐκ
3356 1829 3424 1901 ἦν
3447 1832 3503 1884 ὲν
3547 1830 3725 1900 Πατρὶ

2147 1930 2209 1985 τὸ
2255 1929 2372 2000 φῶς
2420 1927 2620 1994 αὐτοῦ;
2659 1928 2746 1990 Ὠς
2794 1925 2904 1996 γὰρ
2954 1924 3256 1996 ἀχώριστον
3307 1927 3401 1978 τοῦ
3447 1925 3616 1994 πυρὸς
3663 1922 3726 1974 τὸ

2152 2022 2431 2091 φωτίζειν,
2460 2020 2602 2074 οὕτω
2642 2019 2735 2073 καὶ
2771 2018 2865 2073 τοῦ
2900 2016 3111 2088 Πατρὸς
3142 2015 3204 2070 τὸ
3243 2014 3303 2079 ἐξ
3332 2015 3497 2069 αὑτοῦ
3527 2012 3727 2084 γεννώ-

2154 2129 2316 2179 μενον
2341 2111 2477 2181 φῶς.

2830 2243 3034 2298 ΑΛΛΟ.

2221 2358 2430 2413 Ψάλλει
2469 2357 2667 2412 Δαϐίδ·
2707 2375 2725 2408 ι
2773 2356 2841 2410 Ἠ
2888 2355 3136 2426 βασιλεία
3174 2373 3266 2410 σου
3310 2355 3555 2425 βασιλεία
3590 2357 3726 2410 πᾶν-

2151 2470 2258 2506 των
2285 2452 2393 2506 τῶν
2421 2450 2652 2505 αἰώνων.
2693 2469 2712 2501 ι
2742 2451 2804 2502 El
2832 2449 2890 2503 δὲ
2921 2452 2949 2503 6
2989 2450 3097 2512 πᾶς
3125 2448 3313 2519 χρόνος
3345 2449 3401 2501 ἐν
3423 2450 3534 2511 τοῖς
3567 2449 3724 2501 αἱῶσι

2153 2548 2453 2616 μετρεῖται,
2497 2541 2770 2612 βασιλεύει
2809 2541 2866 2593 δὲ
2905 2543 2964 2594 ὲν
3004 2542 3189 2604 αὐτοῖς
3215 2543 3244 2594 6
3296 2540 3488 2609 Λόγος,
3529 2540 3625 2593 οὐκ
3657 2536 3723 2610 ῆν

2149 2641 2257 2709 ἄρα
2286 2636 2474 2709 χρόνος
2505 2635 2592 2688 ὅτε
2618 2631 2719 2686 οὐκ
2740 2626 2810 2704 ἦν
2835 2634 2864 2686 6
2897 2631 3041 2696 Υἱός.

2837 2815 3037 2871 ΑΛΛΟ.

2163 2933 2496 3002 Ἀπόδειξις
2540 2930 2638 2986 διὰ
2678 2929 3038 3002 μαρτυριῶν,
3066 2930 3155 3002 ὅτι
3183 2929 3244 3002 αὶ
3279 2927 3425 3002 θεῖαι
3473 2926 3724 3002 Γραραῑ,

2221 3006 2287 3058 τὸ
2317 3001 2405 3076 ἦν,
2468 2999 2565 3076 καὶ
2613 2999 2890 3076 τὸίὸςῶν,
2919 3001 3026 3076 ⁸ιτιιιιζ
3067 2999 3137 3076 τὸ
3189 3000 3619 3076 ὑπᾴρχιυν,-καὶ-
3661 2999 3726 3052 τὸ

2219 3066 2400 3147 ἥμην,
2427 3073 2524 3127 καὶ
2562 3072 2639 3147 τὸ
2666 3072 2803 3147 ειμι,
2836 3071 2935 3147 acui
2954 3071 3030 3147 16
3065 3069 3233 3147 gmw,
3265 3066 3369 3124 ἐὰτῖ
3390 3069 3506 3147 τοῦ
3537 3066 3746 3147 ᾼότοιί

2220 3139 2448 3201 έὶθέασι
2488 3139 2857 3213 μόνου,’ὲπὶ
2904 3142 2972 3213 δὲ
3017 3139 3137 3213 τῶν
3169 3139 3461 3213 ⁵γενητῶν
3493 3139 3728 3213 Δοὐκέτι,

2220 3217 2380 3271 ἀλλὰ
2412 3207 2654 3284 μᾶλλον
2686 3214 2751 3268 τὸ
2798 3212 3087 3284 ποτὲηκαὶ
3121 3207 3382 3284 τόπρὶν,
3408 3209 3508 3264 καὶ
3535 3209 3598 3262 τὸ
3627 3207 3733 3279 πρὸ

2222 3286 2341 3354 τοῦ,
2366 3279 2463 3338 καὶ
2490 3283 2556 3336 τὸ
2585 3282 2794 3352 γέγονε,
2823 3282 2922 3336 καὶ
2948 3283 3065 3336 ὅσα
3093 3279 3325 3346 τούτοις
3349 3279 3539 3350 ὅμοια.

2231 3402 2292 3456 '0
2321 3399 2511 3472 Σωτὴρ
2533 3398 2594 3453 τὸ
2641 3399 2811 3453 ἀΐδιον
2840 3397 2942 3466 τῆς
2983 3396 3118 3458 ἰδίας
3147 3395 3498 3461 ὑποστάσεως
3537 3391 3734 3465 σημαε-

2152 3512 2258 3548 νων
2303 3493 2522 3561 ἔλεγεν
2556 3509 2575 3542 ι
2620 3488 2762 3559 Ἐγώ
2805 3490 2919 3558 εἰμι
2960 3489 2993 3558 ἡ
3050 3485 3306 3558 ἀλήθεια·
3361 3485 3472 3554 ἐγώ
3527 3487 3642 3555 εἰμι
3676 3484 3735 3536 τὸ

2293 3603 2307 3617 ·
2339 3583 2450 3655 ἐγὼ
2480 3584 2594 3654 εἰμι
2619 3583 2647 3636 6
2671 3581 2895 3652 ποιμήν.
2924 3599 2944 3632 ι
2983 3580 3094 3633 Καὶ
3125 3579 3288 3632 πάλιν
3309 3578 3444 3650 πρὸς
3477 3577 3604 3641 τοὺς
3633 3594 3737 3647 μα-

2157 3678 2356 3749 Θητάς·
2393 3695 2412 3728 ι
2467 3675 2658 3746 Ὑμεῖς
2693 3671 2909 3726 καλεῖτέ
2955 3689 3042 3742 με,
3071 3673 3099 3725 ὀ
3133 3669 3336 3742 Κύριος
3377 3671 3469 3724 καλ⁵
3507 3670 3536 3721 6
3582 3668 3739 3723 Διδὰ-

2160 3771 2378 3833 σκαλος,
2407 3767 2502 3822 καὶ
2528 3764 2708 3828 καλῶς
2739 3763 2925 3832 λέγετε
2947 3779 2961 3793 ο
2994 3762 3111 3833 εἰμὶ
3136 3763 3243 3833 γάρ
3261 3777 3273 3790 ·
3313 3781 3330 3814 ι
3371 3762 3465 3816 καὶ¹
3493 3763 3521 3815 6
3539 3761 3737 3832 Ψαλμ-

2158 3858 2292 3928 ῳδὸς
2317 3857 2442 3929 περὶ
2457 3853 2623 3908 αὑτοῦ
2649 3871 2661 3884 ·
2692 3872 2710 3904 ι
2737 3853 2848 3924 Πρὸ
2876 3851 2970 3905 τοῦ
2989 3853 3090 3922 ὅρη
3108 3851 3454 3922 ἑδρασθῆναι,
3481 3852 3574 3905 καὶ
3600 3849 3736 3904 πλα-

2163 3951 2351 4021 σθῆναι
2390 3951 2487 4020 τὴν
2533 3949 2639 4017 γῆν
2671 3948 2765 4000 καὶ
2814 3945 2913 4016 τὴν
2969 3945 3324 4016 οἰκουμένην·
3355 3945 3449 3998 καὶ
3487 3945 3593 3997 ἀπὸ
3641 3942 3736 3997 τοῦ

2162 4044 2356 4108 αἰῶνος
2383 4045 2477 4096 καὶ
2519 4042 2625 4104 ἓως
2664 4039 2759 4093 τοῦ
2801 4037 2998 4101 αἰῶνος
3026 4038 3090 4091 σὺ
3119 4033 3185 4090 εἷ.
3223 4057 3242 4089 ι
3273 4038 3444 4100 Αὐτὸς
3465 4037 3590 4108 περὶ¹
3616 4037 3739 4089 ἑαυι

2163 4137 2257 4192 τοῦ
2279 4153 2293 4168 ο
2331 4154 2348 4186 ι
2400 4132 2542 4202 Ἐγώ
2565 4135 2682 4204 εἰμι
2720 4134 2753 4202 ἠ
2781 4131 2928 4194 ὁδόςο
2961 4131 3053 4184 κα)⁸
3088 4128 3200 4200 ἐγώ
3225 4130 3393 4198 εἰμιή
3425 4127 3582 4198 θύρα.
3618 4146 3637 4177 ι
3679 4126 3738 4180 ’0

2163 4229 2355 4300 Πατὴρ
2384 4227 2440 4280 δὲ
2465 4225 2594 4297 περὶ
2629 4223 2822 4277 αὐτοῦ·
2860 4242 2878 4276 ι
2911 4224 2984 4277 Σὺ
3021 4219 3071 4276 εἴ
3094 4225 3122 4276 6
3148 4221 3274 4284 Υἱός
3320 4238 3418 4290 μου
3445 4221 3473 4272 6
3519 4221 3738 4287 ἀγαπη-

2164 4321 2281 4385 τός⁹
2315 4339 2333 4371 ι
2372 4319 2467 4374 καὶ
2492 4317 2671 4382 πάλιν,
2703 4335 2721 4368 ι
2756 4315 2962 4387 Κύριος
3001 4310 3124 4367 εἷπε
3169 4313 3304 4383 πρός
3338 4328 3435 4382 με·
3475 4310 3602 4372 Υἱός
3637 4325 3738 4378 μου

2167 4407 2217 4464 εἴ
2246 4412 2331 4464 σύ.
2382 4430 2399 4462 ι
2435 4408 2718 4479 Πανταχοῦ
2748 4409 2806 4460 16
2833 4403 2906 4470 εἷ,
2935 4406 3028 4458 καὶ
3050 4404 3108 4457 16
3138 4400 3236 4473 ἦν,
3265 4405 3322 4455 ὲν
3351 4400 3558 4461 τούτοις
3588 4398 3741 4467 φέρε-

2166 4519 2290 4557 ται·
2326 4501 2563 4573 οὐδαμοῦ
2589 4502 2646 4555 δὲ
2669 4501 2730 4554 τὸ
2779 4499 3045 4568 γέγονεν.
3090 4494 3212 4548 Ἐπὶ
3247 4493 3302 4546 δὲ
3328 4491 3433 4545 τῶν
3461 4489 3702 4560 γενητῶν
3725 4508 3738 4520 ·

2175 4614 2193 4646 ι
2224 4593 2448 4662 Πνεῦμα
2489 4592 2632 4645 θεῖον
2672 4589 2734 4643 16
2765 4585 2996 4658 ποιῆσάν
3041 4601 3105 4655 με
3131 4599 3145 4614 ⁸
3185 4601 3203 4635 ι
3237 4583 3265 4634 6
3284 4579 3488 4646 Μωσῆς
3517 4578 3586 4631 τὰ
3614 4577 3741 4647 περὶ

2167 4685 2434 4753 γενέσεως
2483 4683 2688 4752 κόσμου
2748 4677 3132 4747 διηγούμενος·
3183 4691 3203 4725 ι
3253 4671 3362 4725 Καὶ
3401 4671 3510 4723 πᾶν
3535 4669 3742 4740 χλωρὸν

2166 4775 2338 4847 ἀγροῦ
2388 4775 2493 4846 πρὸ
2538 4773 2631 4827 τοῦ
2682 4770 2935 4840 γενέσθαι
2981 4767 3075 4821 ἐπὶ
3111 4765 3211 4836 τῆς
3240 4764 3375 4834 γῆςι
3427 4763 3521 4816 καὶ
3567 4761 3742 4814 πάντα

2166 4867 2358 4939 χόρτον
2392 4865 2561 4937 ἀγροῦ
2606 4865 2714 4936 πρὸ
2741 4862 2836 4917 τοῦ
2887 4859 3195 4916 ἀνατεῖλαι·
3226 4858 3287 4910 οὐ
3325 4856 3430 4926 γὰρ
3467 4854 3684 4925 ἔϐρεξεν
3715 4853 3744 4904 6

2165 4959 2296 5023 Θεὸς
2323 4961 2417 5012 ἐπὶ
2445 4958 2542 5029 τὴν
2571 4957 2697 5028 γῆν,
2728 4957 2821 5009 καὶ
2851 4954 3136 5026 ἄνθρωπος
3179 4952 3278 5004 οὐκ
3314 4945 3382 5020 ἦν
3421 4943 3743 5018 ἐργάζεσθαι

2164 5051 2264 5122 τὴν
2295 5051 2420 5120 γῆν.
2460 5067 2478 5101 ι

2411 5205 2532 5256 ’Ὁτι
2553 5201 2638 5267 τὸ,
2675 5201 2786 5264 ὅτε,
2822 5200 3047 5268 χρόνον
3075 5195 3166 5251 ἀεὶ
3206 5191 3503 5262 σημαίνει.

2254 5359 2340 5460 ’Fév
2372 5357 2448 5428 τῷ
2478 5350 2901 5423 Δευτερονομίῳ,
2935 5367 2954 5403 ι
3009 5351 3137 5402 Ὅτε
3174 5345 3480 5419 διεμέριζεν
3521 5348 3548 5400 6
3585 5344 3744 5415 ’Ὑψι-

2172 5449 2321 5514 στοξ
2333 5449 2480 5520 ἔθνη.
2515 5467 2534 5499 ι

2220 5673 2264 5704 ³³
2299 5671 2436 5725 Psal.
2475 5683 2710 5730 Lxxxtx,
2749 5665 2836 5720 I7.
2913 5663 3128 5720 "Psal.
3173 5680 3348 5726 xxxv,
3383 5661 3466 5716 I0.
3529 5660 3575 5692 ’⁸
3602 5656 3742 5730 ΡδειῘο

487 5726 667 5809 cxuv,
701 5726 784 5800 I5.
829 5726 910 5776 “’V‘I
937 5726 1242 5805 Joantxw,
1277 5726 1342 5809 (ἕξ
1376 5726 1492 5808 (ιιι,
1528 5726 1622 5805 l2;
1657 5760 1710 5805 χ,
1742 5726 1842 5797 II.
1905 5726 2058 5796 "717021

2159 5759 2275 5806 xm,
2307 5743 2392 5795 I5.
2471 5740 2518 5772 “
2547 5726 2948 5796 Psalauxxtx.
2976 5737 3029 5790 2.
3063 5807 3078 5809 A
3109 5737 3154 5768 ²⁹
3182 5735 3337 5791 Jean.
3366 5747 3473 5796 xlv,
3501 5731 3568 5799 6;
3593 5743 3648 5795 x,
3689 5726 3742 5784 9-

493 5815 536 5847 ”
579 5815 743 5871 Marc.
780 5832 816 5878 ι,
851 5816 932 5868 Il.
1016 5817 1056 5846 ³¹

1089 5815 1230 5870 Paul.
1268 5807 1333 5878 ιι,
1367 5817 1418 5870 ’7.
1498 5816 1541 5845 ³¹
1578 5813 1730 5868 Deut.
1770 5831 1945 5880 xxx",
1977 5817 2029 5867 6.

2195 5814 2328 5867 Gen.
2360 5829 2420 5877 tt,
2591 5811 2634 5840 "‘
2664 5810 2818 5865 Deut.
2851 5824 3022 5874 xxx",
3054 5807 3106 5861 8.

4014 307 4018 370 ,'

4015 535 4026 620 ἱ

4019 621 4026 664 l
