4056 6264
503 387 574 446 Β
1531 374 1589 430 S.
1633 370 1911 429 CYRILLI
1945 365 2418 424 ALEXANDRINI
2454 363 2772 424 ARCHIEP.

3678 356 3763 412 τοι

503 506 770 554 creatum.
825 494 884 550 Si
931 502 1111 548 autem
1153 491 1270 546 -hoc
1321 504 1505 543 verum
1552 496 1656 552 est,
1706 501 1812 541 non
1861 483 2115 544 habebit,

2215 482 2328 552 ἑνῳ
2357 482 2418 536 τδ
2447 481 2780 551 κτιξὸμενον.
2839 480 2902 532 Ei
2949 476 3006 532 δὲ
3049 474 3205 530 τοῦτο
3245 473 3477 544 ἀληθὲς,
3506 471 3604 542 οὐχ
3640 472 3762 538 ἔξει

506 590 684 644 locum
715 587 867 654 illud,
912 585 1034 640 Non
1064 591 1197 648 erat,
1229 582 1295 636 de
1323 579 1481 648 Filio,
1532 581 1676 649 quod
1715 577 1968 631 nimirum
2013 575 2078 629 de

2215 577 2341 630 όπον
2372 576 2453 638 τὸ,
2497 577 2618 629 οὐκ
2672 571 2772 644 ἦν,
2807 575 2890 643 ἐφ’
2925 570 3077 635 Υίοῦ,
3117 568 3259 624 κατά
3317 567 3493 637 μόνων
3527 567 3767 635 κτισμά-

509 681 639 738 solis
671 677 940 735 creaturis
965 677 1179 748 proprie
1213 673 1436 736 dicitur.

1191 783 1418 840 ALIUD.

588 906 644 962 Si
677 905 847 960 Filius
875 903 1086 976 genitus
1115 909 1199 956 est
1226 916 1255 954 a
1293 899 1451 953 Patre
1483 915 1498 951 :
1529 895 1655 950 illud
1689 909 1819 948 vero
1844 890 1983 961 quod
2017 905 2081 944 ex

516 998 674 1054 Patre
703 996 941 1067 genitum
975 1002 1075 1058 est,
1106 992 1340 1048 Verbum
1380 988 1548 1058 ipsius
1579 995 1681 1050 est,
1717 993 1770 1039 et
1800 980 2082 1050 sapientia,

2178 687 2286 724 των
2321 668 2524 738 κυρίως
2557 667 2863 736 τιθέμενον.

2883 777 3087 830 ΑΛΛΟ.

2253 897 2314 948 Εἰ
2357 892 2620 962 ἐγεννήθη
2661 893 2689 944 ὁ
2722 891 2848 954 Υἱὸς
2895 887 3044 959 παρὰ
3092 885 3184 940 τοῦ
3221 885 3452 956 Πατρὺς,
3494 883 3552 936 τὸ
3593 883 3648 936 δὲ
3698 882 3770 933 ἐκ

2183 986 2276 1038 τοῦ
2321 983 2530 1054 Πατρὸς
2580 980 2836 1050 γεννηθὲν
2894 978 3120 1045 ὃΛόγος
3169 977 3315 1030 ἐστὶν
3366 972 3556 1034 αὑτοῦ,
3602 972 3698 1024 καὶ
3730 973 3766 1039 ἡ

515 1100 570 1146 et
610 1061 866 1159 splendor
887 1085 967 1150 ³⁹;
1007 1084 1097 1154 qui
1148 1083 1334 1138 dicunt
1368 1079 1539 1136 :Erat
1583 1078 1792 1147 quando
1835 1091 1936 1128 non
1975 1081 2085 1128 erat

2215 1072 2370 1146 ‘ocha,
2395 1077 2487 1129 καὶ
2511 1073 2572 1127 τὸ
2598 1072 2956 1140 ἀπαύγασμα,
2985 1071 3031 1122 οἱ
3058 1068 3305 1135 λέγοντες
3327 1083 3339 1096 ⁸
3376 1061 3484 1120 Ἦν
3521 1063 3617 1118 ὅτε
3650 1067 3772 1117 οὐκ

522 1151 712 1242 Filius,
745 1174 928 1245 procul
965 1151 1127 1227 dubio
1161 1179 1409 1226 aSserunt
1439 1169 1603 1224 fuisse
1635 1176 1844 1236 tempus
1875 1160 2088 1232 quando

2215 1171 2267 1239 ir
2292 1172 2324 1224 ό
2351 1168 2500 1233 Υἱὸς,
2528 1166 2784 1234 ἄντικρυς
2809 1162 3078 1230 λέγουσιν,
3109 1155 3218 1212 τΗν
3247 1160 3334 1212 ὅτε
3362 1157 3554 1225 ἄλογος
3568 1151 3635 1226 ἦν
3668 1155 3775 1208 καὶ

517 1265 674 1322 Pater
736 1265 943 1331 absque
1001 1260 1201 1325 Verbo,
1257 1259 1463 1328 absque
1515 1255 1797 1325 sapientia,
1858 1252 2090 1319 denique

2215 1263 2406 1330 ισοφος,
2433 1260 2524 1312 καὶ
2551 1257 2719 1328 χωρὶς
2744 1254 2837 1308 τοῦ
2866 1253 2997 1306 ίδίου
3029 1250 3464 1319 ἁπαυγάσματος
3489 1250 3517 1302 ὁ
3550 1247 3771 1316 Πατήρ.

516 1356 722 1423 absque
771 1351 993 1420 proprio
1041 1363 1138 1402 suo
1183 1347 1466 1418 splendore
1495 1344 1784 1400 exstiterit.
1831 1341 1923 1395 Sin
1962 1353 2089 1393 vero

522 1450 623 1502 hoc
657 1445 951 1499 absurdum
982 1449 1085 1509 est,
1114 1450 1260 1494 certe
1306 1437 1454 1499 illud,
1509 1434 1631 1490 Non
1662 1443 1794 1496 erat,
1835 1433 1900 1487 de
1930 1430 2086 1493 Filio,

521 1539 753 1592 otiosum
789 1535 913 1589 erit.
960 1533 1074 1585 Erit
1106 1533 1286 1600 itaque
1315 1527 1463 1582 Patri
1495 1535 1818 1581 coaeternus.

1175 1619 1402 1675 ALIUD.

527 1741 763 1808 Obiectio
805 1754 905 1790 non
942 1751 1087 1798 vera,
1115 1747 1241 1808 quae
1271 1729 1397 1808 Filii
1431 1728 1775 1782 aeterni-tatem
1801 1724 2094 1777 subvertere

1195 1802 1418 1855 videtur.

597 1923 678 1989 Si,
715 1920 986 1990 inquiunt,
1026 1914 1205 1969 divina
1252 1922 1446 1966 natura
1479 1909 1796 1964 divisionem
1848 1919 1950 1958 non
1998 1903 2088 1958 ad-

529 2017 718 2079 mittit,
747 2029 811 2068 eo
831 2013 972 2082 quod
1000 2008 1147 2063 nulla
1178 2005 1360 2077 passio
1391 2004 1442 2057 in
1469 2017 1585 2057 eam
1614 1999 1758 2054 cadit
1785 1996 1926 2066 (quae
1953 1994 2094 2050 enim

528 2106 767 2179 passioni
815 2102 1046 2158 obnoxia
1082 2109 1232 2162 sunt,
1268 2097 1334 2151 iis
1366 2095 1527 2149 etiam
1557 2089 1833 2160 proprium
1885 2096 1967 2141 est
2016 2086 2096 2140 di-

530 2176 660 2268 vidi)
693 2212 797 2251 non
829 2206 915 2250 est
944 2191 1054 2263 24
1085 2189 1347 2244 dicendus
1367 2185 1536 2238 Filius
1565 2198 1630 2236 ex
1659 2179 1895 2235 essentia
1926 2176 2100 2230 Patris

527 2305 672 2354 esse,
714 2303 782 2342 ne
804 2285 984 2356 passio
1012 2284 1191 2350 aliqua
1237 2289 1292 2334 et
1320 2275 1513 2331 divisio
1542 2273 1594 2326 in
1639 2270 1868 2340 simplici
1907 2277 2097 2322 natura

531 2384 792 2437 videatur.
841 2377 897 2432 Si
933 2375 1078 2432 enim
1128 2373 1178 2425 id
1215 2368 1358 2440 quod
1411 2381 1475 2421 ex
1512 2365 1695 2432 aliquo
1725 2361 1987 2433 procedit,
2023 2360 2100 2414 di-

530 2487 741 2527 versum
789 2470 948 2538 plane
989 2477 1220 2520 numero
1270 2467 1355 2516 est
1400 2457 1469 2512 ab
1516 2471 1583 2510 eo
1636 2456 1776 2510 unde
1815 2451 2100 2521 processit,

533 2563 727 2618 divisio
758 2559 1002 2628 quaedam
1035 2565 1197 2622 atque
1231 2549 1402 2605 sectio
1439 2547 1493 2599 in
1527 2546 1703 2599 divina
1737 2553 1930 2597 natura
1957 2543 2104 2596 vide-

536 2661 643 2713 tur,
686 2648 730 2701 si
773 2662 877 2702 non
922 2642 1284 2701 extrinsecus,
1327 2637 1420 2690 sed
1483 2650 1670 2690 revera
1723 2650 1789 2689 ex
1833 2635 1948 2702 ipsa
1981 2646 2102 2702 pro-

534 2739 767 2795 cessisse
794 2735 990 2790 Filium
1031 2739 1357 2787 statuamus.
1391 2723 1448 2778 Si
1479 2741 1607 2780 vero
1638 2723 1974 2780 extrinsecus
2002 2730 2104 2785 est,

537 2843 665 2900 ergo
694 2841 856 2896 super
883 2823 1138 2886 accessit,
1181 2832 1354 2889 neque
1384 2825 1467 2872 est
1503 2815 1652 2870 Patri
1675 2823 1997 2870 coaeternus.

1039 2993 1246 3051 Salutio
1279 2993 1602 3063 objectionis.

608 3111 744 3167 Male
784 3109 1142 3179 imperiteque
1187 3119 1478 3176 corporum
1528 3102 1885 3172 proprietates
1927 3099 2110 3153 incor-
2138 3157 2176 3179 η

541 3219 718 3275 porca:
748 3201 1000 3257 essentia:
1033 3195 1468 3252 accommodant.
1520 3192 1575 3244 ιιι
1610 3189 1926 3260 corporibus
1967 3189 2108 3241 enim

543 3305 691 3352 recte
741 3292 848 3348 dici
887 3300 1065 3360 potest
1098 3287 1214 3342 ﬁeri
1264 3286 1569 3354 passionem
1617 3291 1670 3335 et
1723 3280 2016 3334 sectionem
2052 3294 2114 3333 ac

543 3385 898 3449 divisionem;
948 3391 1003 3434 at
1051 3379 1104 3433 in
1138 3387 1386 3432 naturam
1421 3377 1796 3443 incorpoream
1845 3371 1980 3424 nihil
2016 3371 2113 3424 lio-

549 3495 665 3534 rum
723 3477 890 3532 cadit.
937 3462 1166 3528 Si'vero
1216 3470 1358 3523 Deus
1406 3469 1758 3534 incorporeus
1799 3472 1900 3527 est,
1947 3461 2117 3531 gignit

546 3571 681 3626 citra
719 3569 798 3622 sui
850 3565 1197 3630 divisionem,
1231 3571 1456 3633 generat
1509 3560 1645 3615 citra
1697 3556 2014 3612 sectionem.
2056 3553 2113 3606 Si

549 3662 766 3733 quidem
795 3659 963 3714 etiam
1009 3657 1149 3729 ignis
1176 3655 1434 3726 gignites
1456 3666 1514 3706 se
1542 3651 1747 3712 lumen,
1800 3645 2002 3701 nullam
2035 3651 2118 3697 ta-

551 3769 672 3809 men
694 3751 1007 3807 divisionem
1034 3748 1256 3817 patitur,
1285 3743 1495 3800 tametsi
1521 3739 1854 3811 cOgitatione
1877 3733 2118 3805 separari

551 3843 941 3916 quodammodo
974 3841 1044 3895 ab
1086 3856 1153 3896 eo
1180 3840 1429 3894 videatur
1457 3835 1509 3889 id
1541 3832 1688 3902 quod
1725 3845 1792 3885 ex
1833 3843 1898 3883 eo
1929 3841 2116 3896 proce-

551 3940 648 3992 dit.
682 3934 739 3989 Si
774 3935 896 4004 quis
921 3947 1048 3987 vero
1082 3943 1358 3999 corporea:
1404 3922 1714 3980 necessitati
1746 3922 2120 3986 incorpoream

552 4039 800 4084 naturam
848 4025 1126 4094 subjiciat,
1180 4021 1379 4078 mentis
1414 4032 1525 4072 suae
1573 4012 1996 4070 imbecillitatem
2041 4007 2124 4060 in-

552 4127 723 4184 cuset,
756 4133 873 4187 quae
902 4131 964 4170 ea
993 4114 1297 4182 intelligere
1325 4110 1514 4179 nequit
1547 4120 1665 4175 quae
1697 4113 1906 4157 natura:
1947 4101 2125 4154 incor-

553 4219 729 4274 porea:
757 4203 1107 4258 conveniunt.
1137 4201 1202 4254 Et
1229 4213 1444 4253 rursum
1479 4215 1492 4249 :
1527 4195 1581 4249 Si
1615 4191 1856 4248 nonnulli
1888 4191 1939 4244 in
1968 4189 2126 4244 intel-

553 4293 766 4363 ligenda
817 4300 1018 4345 mterna
1060 4288 1186 4342 Filii
1239 4301 1306 4339 ex
1338 4295 1542 4339 aeterno
1589 4280 1748 4334 Patre
1777 4277 2127 4349 generatione

558 4385 841 4443 laborant,
888 4390 1052 4446 atque
1083 4376 1202 4429 ideo
1232 4372 1505 4442 corporeis
1538 4368 1840 4423 rationibus
1879 4377 2125 4420 naturam

2191 1354 2254 1408 Εἰ
2288 1354 2344 1407 δὲ
2384 1351 2540 1404 τοῦτο
2572 1349 2794 1411 ἄτοπον,
2837 1345 3067 1416 ἀργήσει
3107 1341 3323 1404 πάντως
3355 1340 3446 1392 ἐπὶ
3498 1338 3592 1392 τοῦ
3633 1336 3771 1390 Υίοῦ

2193 1443 2272 1509 τὸ,
2306 1445 2427 1496 Οὺκ
2465 1437 2562 1495 ἦν.
2596 1440 2786 1492 Ἔσται
2820 1433 2912 1489 οὖν
2942 1433 3019 1487 τῶ
3053 1431 3231 1502 Πατρὶ
3267 1428 3553 1489 συναῒδιος.

2880 1608 3078 1661 ΑΛΛΟ.

2207 1728 2525 1792 Ἀντιθεσις
2553 1742 2664 1778 ουκ
2698 1718 3336 1792 ἀληθὴς-,ἀνατρέπειν
3361 1715 3627 1769 δοκοῦσα
3664 1714 3774 1767 τοῦ

2756 1789 2893 1846 Υὶοῦν
2921 1791 2986 1845 τὸ
3020 1789 3230 1843 ἀΐδιον.

2266 1911 2330 1964 Et
2366 1907 2559 1978 τομὴν,
2592 1905 2775 1976 φησὶν,
2803 1905 2837 1974 ἡ
2871 1902 2992 1956 Θεία
3013 1901 3172 1970 φύσις
3199 1900 3299 1952 οὑκ
3331 1898 3656 1968 ἐπιδέχεται,
3687 1895 3777 1948 διὰ

2196 2003 2257 2055 τὺ
2295 2001 2369 2072 μὴ
2413 1997 2553 2053 εἷναι
2595 1996 2800 2060 πάθους
2845 1995 3097 2065 δεκτικὴν
3147 1987 3258 2062 (οἷς
3300 1992 3408 2062 γὰρ
3449 1992 3508 2044 τὸ
3549 1989 3776 2059 πάσχειν

2198 2091 2340 2146 κατὰ
2374 2089 2534 2158 φύσιν
2571 2087 2834 2156 ὑπάρχει,
2882 2083 3090 2145 τούτοις
3145 2081 3291 2133 ἐστὶν
3324 2081 3520 2132 οἰκεῖον
3569 2078 3660 2127 καὶ
3709 2073 3774 2124 τὸ

2198 2180 2538 2254 τέμνεσθαι),
2567 2180 2626 2231 οὑ
2661 2176 2766 2247 χρὴ
2795 2175 2974 2242 λέγειν
3006 2175 3068 2226 ἐκ
3097 2172 3194 2242 τῆς
3227 2171 3415 2232 οὐσίας
3439 2167 3529 2221 τοῦ
3562 2162 3770 2232 Πατρὺς

2199 2269 2341 2329 εἶναι
2373 2273 2463 2326 τὸν
2498 2270 2648 2335 Υἱὸν,
2691 2269 2777 2320 ἵνα
2808 2267 2882 2336 μή
2926 2282 2978 2316 τι
3010 2263 3182 2326 πάθος
3213 2262 3306 2314 καὶ
3352 2259 3611 2330 διαίρεσις
3645 2254 3776 2322 περὶ

2200 2367 2297 2437 τὴν
2326 2364 2503 2433 ἁπλῆν
2537 2361 2794 2431 φαίνηται
2825 2356 3006 2424 φύσιν.
3052 2357 3114 2407 El
3148 2355 3255 2424 γὰρ
3285 2353 3345 2405 τὸ
3375 2351 3438 2404 ἐκ
3473 2365 3614 2410 τινος
3645 2359 3780 2414 προ-

2201 2432 2374 2522 ελθὸν,
2403 2432 2589 2524 ἕτερόν
2623 2468 2676 2504 τι
2721 2450 2938 2510 πάντως
2978 2447 3053 2518 τῷ
3085 2443 3302 2517 ἀριθμῷ
3341 2443 3470 2513 παρ’
3494 2442 3690 2499 ἐκεῖνο,
3724 2432 3787 2495 ἐξ

2203 2543 2264 2603 οὗ
2298 2550 2392 2603 καὶ
2428 2523 2686 2617 προῆλθε,
2728 2540 2992 2613 μερισμός
3023 2555 3105 2601 τις
3141 2536 3232 2590 καὶ
3261 2532 3493 2602 διακοπὴ
3528 2530 3658 2598 περὶ
3687 2523 3788 2594 τὴν

2206 2640 2355 2693 θείαν
2385 2613 2574 2706 ὁράται
2606 2632 2786 2701 φύσιν,
2813 2631 2860 2682 εἰ
2898 2628 2972 2700 μὴ
3004 2626 3221 2693 ἔξωθεν,
3253 2621 3365 2676 ἀλλ’
3393 2620 3559 2680 ὅντως
3592 2617 3650 2682 ἐξ
3680 2613 3784 2666 αὺ-

2204 2731 2302 2800 τῆς
2334 2727 2556 2796 δοίημεν
2592 2721 2873 2794 προελθεῖν
2904 2719 2996 2773 τὸν
3027 2717 3174 2770 Υίόν.
3205 2717 3267 2768 Et
3301 2714 3358 2766 δὲ
3386 2709 3582 2775 ἔξωθέν
3613 2710 3788 2767 ἐστιν,

2207 2818 2644 2892 ὲπισυμδέϐηκεν
2685 2814 2822 2885 ἄρα,
2869 2812 2965 2866 καὶ
2999 2811 3098 2863 οὐκ
3145 2804 3256 2861 ἔστι
3309 2805 3385 2874 τῷ
3437 2800 3613 2870 Ila-cpi.
3663 2815 3792 2850 συν-

2207 2912 2394 2976 ἀΐδιος.
3836 2879 3842 2935 ἶ

2701 2997 2854 3066 Πρὸς
2880 2993 3053 3049 τοῦτο
3087 2993 3284 3056 λύσις.

2280 3115 2482 3178 Κακῶς
2513 3114 2604 3166 καὶ
2633 3111 2975 3173 ἀπαιδεύτως
3004 3108 3073 3161 τὰ
3110 3105 3378 3176 σωμάτων
3413 3099 3518 3151 ἴδια
3549 3097 3616 3166 τῇ
3651 3095 3793 3147 ἀσω-

2216 3210 2368 3281 μάτῳ
2397 3208 2537 3268 τινὲς
2569 3203 2974 3275 προσάπτουσιν
3007 3198 3184 3269 οὐσίᾳ.
3226 3193 3348 3247 Ἐπὶ
3386 3188 3652 3259 σωμάτων
3695 3185 3794 3254 μὲν

2213 3275 2580 3368 γὰρ-ἁρμόσει
2613 3294 2814 3360 λέγειν,
2858 3290 3026 3351 πάθος
3055 3285 3300 3355 γίνεσθαι
3343 3281 3439 3333 καὶ
3481 3276 3652 3347 τομὴν
3703 3275 3796 3328 κοιλ⁸

2213 3389 2504 3458 διαίρεσιν·
2547 3385 2638 3437 ἐπὶ
2669 3384 2727 3436 δὶ
2758 3383 2858 3450 τῆς
2903 3378 3201 3446 ἀσωμάτου
3248 3373 3459 3441 φύσεως
3489 3368 3638 3422 οὐδέν
3681 3369 3796 3418 ἐστι

2214 3481 2324 3532 τῶν
2360 3475 2635 3530 τοιούτων.
2682 3474 2745 3524 Εἰ
2790 3472 2844 3523 δὲ
2883 3467 3171 3536 ἀσώματος
3219 3465 3246 3516 ὁ
3282 3461 3443 3523 Θεὸς,
3493 3460 3667 3511 τίκτει
3725 3454 3798 3526 μὴ

2220 3570 2595 3640 μεριζόμενος,
2640 3563 2805 3633 γεννᾷ
2843 3559 2916 3629 μὴ
2951 3556 3303 3627 τεμνόμενος.
3346 3550 3564 3618 Ἐπειδὴ
3603 3548 3697 3600 καὶ
3739 3545 3800 3596 τὸ

2218 3660 2330 3730 πῦρ
2374 3659 2435 3722 ἐξ
2477 3655 2670 3710 ἑαυτοῦ
2710 3653 2884 3706 τίκτει
2931 3649 2990 3701 τὸ
3037 3645 3186 3715 φῶς,
3239 3640 3494 3711 οὐδεμίαν
3530 3636 3801 3706 ὑπομένον

2217 3729 2498 3823 διαίρεσιν,
2531 3747 2634 3800 κᾶν
2663 3747 2727 3814 τῇ
2771 3741 2982 3811 ἐπινοίᾳ
3012 3736 3336 3808 χωρίζεσθαι
3369 3733 3497 3801 δοκῇ
3544 3745 3663 3790 πως
3704 3729 3804 3778 αὺ-

2220 3843 2313 3895 τοῦ
2351 3842 2411 3893 τὸ
2447 3839 2507 3905 ἐξ
2549 3839 2712 3892 αὐτοῦ
2757 3833 3040 3908 προελθὸν.
3088 3831 3150 3883 El
3181 3829 3237 3881 δέ
3269 3843 3351 3889 τις
3397 3826 3513 3886 ταῖς
3550 3837 3805 3889 μσωματι·

2223 3937 2345 3998 καῖς
2367 3933 2629 4001 ἀνάγκαις
2662 3927 2951 3982 ὑποϐάλλοι
2981 3925 3042 3978 τὸ
3075 3920 3382 3992 ἀσώματον,
3417 3912 3679 3969 αἰτιάσθω
3709 3907 3804 3961 τοῦ

2223 4027 2424 4080 οίκείου
2457 4022 2547 4076 νοῢ
2575 4021 2671 4089 τὴν
2703 4018 3010 4080 ἀσθένειαν,
3034 4014 3094 4066 οὑ
3133 4009 3430 4079 δυναμένου
3468 4007 3607 4057 νοεῖν
3634 4001 3703 4053 τὰ
3739 4002 3803 4068 τῇ

2224 4115 2499 4186 ἀσωμάτῳ
2534 4114 2809 4182 πρέποντα
2833 4108 3030 4178 φύσει.
3070 4104 3180 4157 Καὶ
3219 4100 3406 4154 πάλιν·
3439 4097 3486 4148 εί
3521 4088 3808 4148 ἀσθενοῦσί

2224 4181 2369 4273 τινες
2400 4181 2528 4276 περὶ
2553 4181 2612 4258 τί)
2643 4205 2834 4272 νοῆσαι
2860 4201 2958 4272 τὴν
2989 4198 3048 4264 ἐξ
3077 4196 3244 4250 ἀϊδίου
3277 4190 3487 4263 Πατρὸς
3516 4186 3682 4239 ἀΐδιον
3713 4181 3809 4236 τοῦ

2227 4301 2358 4354 Υἱοῦ
2389 4301 2663 4368 γέννησιν,
2689 4295 2777 4349 διά
2804 4312 2864 4347 τε
2892 4292 3050 4345 τοῦτο
3080 4292 3198 4350 ταῖς
3229 4283 3562 4355 σωματικαῖς
3587 4275 3812 4330 ἀκολου-

2227 4393 2367 4455 θίαις
2401 4391 2754 4443 ὑποϐάλλουσι
2781 4386 2840 4439 τὸ
2868 4382 3176 4452 ἀσώματον,
3211 4375 3397 4445 ἐπειδὴ
3426 4372 3521 4425 καὶ
3545 4368 3600 4420 τί
3631 4370 3806 4428 ἐστιν,

559 4476 932 4541 incorpoream
982 4466 1326 4535 subjiciunt:
1362 4478 1482 4517 cum
1539 4473 1712 4527 neque
1759 4458 1885 4526 quid
1937 4456 2006 4512 sit
2047 4457 2115 4509 ve‘:

2231 4482 2262 4553 ἢ
2294 4479 2528 4541 ποδαπὸς
2555 4481 2583 4531 ὁ
2611 4476 2800 4543 Πατὴρ
2828 4473 2967 4526 κατὰ
2993 4473 3090 4540 τὴν
3118 4468 3275 4537 φύσιν
3305 4465 3362 4517 οὑ
3371 4481 3402 4534 χ
3446 4458 3810 4527 εὑρίσκουσιν,

560 4562 737 4632 qualis
771 4557 1068 4613 secundum
1113 4567 1363 4607 naturam
1411 4553 1483 4605 sit
1511 4549 1672 4602 Pater
1700 4562 1804 4600 non
1837 4547 2130 4610 inveniant,

564 4661 761 4722 negent
809 4651 973 4704 etiam
1023 4650 1220 4717 ipsum.
1277 4643 1332 4699 Si
1389 4657 1516 4697 vero
1558 4655 1620 4694 ea
1670 4654 1789 4708 quae
1828 4653 1989 4707 supra
2038 4651 2135 4691 nos

564 4750 713 4809 sunt,
744 4739 849 4795 ﬁde
890 4735 1392 4808 apprehenduntur,
1427 4742 1479 4786 et
1506 4729 1628 4783 Filii
1663 4727 1941 4797 generatio
1973 4740 2133 4795 supra

568 4849 668 4891 nos
716 4841 824 4900 est,
901 4844 1058 4885 nemo
1127 4827 1269 4879 enim
1337 4825 1452 4892 ejus
1499 4823 1896 4893 generationem
1949 4833 2138 4872 narra-

568 4928 665 4994 bit,
723 4935 783 4980 ut
829 4924 906 4979 ait
957 4921 1218 4993 prOpbcta
1255 4916 1323 4981 “,
1359 4917 1524 4970 etiam
1570 4917 1673 4968 boc
1721 4911 1826 4966 [ide
1873 4909 2136 4978 suscipia-

573 5027 676 5081 tur,
708 5013 1030 5082 irritumque
1061 5009 1134 5064 sit
1171 5007 1322 5072 illud,
1357 5005 1480 5059 Non
1511 5013 1646 5069 erat,
1693 5017 1756 5057 ex
1797 5001 2016 5056 humani
2059 5001 2140 5053 in-

575 5106 815 5160 tellectus
845 5103 1219 5160 imbecillitate
1253 5101 1542 5154 invectum.

1011 5212 1241 5269 ALIUD.
1283 5210 1358 5265 De
1383 5212 1694 5266 calamitate.

578 5329 926 5401 Syllogismus
957 5327 1328 5401 cum_quadam
1359 5322 1646 5401 quastione
1682 5322 2140 5401 connexnusmrmde

646 5389 914 5466 colligitur
960 5389 1310 5466 conﬁtendum
1361 5389 1512 5466 esse;
1552 5390 1936 5466 Exmessentie
1964 5389 2141 5444 Patris

646 5458 792 5530 esse:
813 5483 914 5519 non
952 5458 1274 5519 ea-trinsecus
1306 5463 1584 5516 accessisse
1617 5458 1817 5514 Filium
1843 5476 1861 5516 :
1890 5461 1936 5515 si
1966 5470 2144 5513 autem

650 5540 720 5591 ita
753 5546 852 5599 est,
894 5544 1208 5589 coa’leruum
1235 5533 1392 5586 etiam
1427 5531 1582 5584 Patri
1609 5545 1739 5583 esse.

656 5784 701 5816 ”
733 5780 752 5836 Ι
781 5781 910 5836 Cor.
937 5797 979 5847 ι,
1010 5779 1112 5844 ἳίς
1153 5777 1312 5830 llcbr.
1347 5792 1381 5840 ι,
1417 5777 1469 5830 5.
1548 5775 1592 5805 ⁶⁰
1623 5773 1721 5826 Isa.
1759 5786 1874 5837 LIII,
1911 5770 1962 5826 8.

2236 4569 2607 4643 ἀρνείσθωσαν
2639 4570 2733 4619 καὶ
2764 4565 2944 4619 αὑτόν.
2979 4562 3040 4614 Εἰ
3078 4560 3134 4613 δὲ
3175 4558 3352 4610 πίστει
3389 4553 3455 4606 τὰ
3485 4551 3626 4620 ὑπὲρ
3666 4547 3813 4616 ἡμᾶς

2241 4639 2754 4734 παραλαμϐάνεται,
2783 4656 2923 4727 ὑπὲρ
2957 4654 3100 4725 ἡμᾶς
3125 4649 3302 4704 δὲκαὶ
3329 4649 3362 4716 ἡ
3396 4643 3490 4698 τοῦ
3532 4640 3664 4695 Υἱοῦ
3699 4639 3816 4706 γέν-

2240 4729 2394 4825 νησις
2413 4771 2425 4784 ·
2450 4729 2623 4815 οὐδεὶς
2649 4750 2757 4821 γὰρ
2789 4748 2950 4802 αὑτοῦ
2978 4749 3073 4816 τὴν
3099 4743 3290 4813 γενεὰν
3314 4739 3650 4810 διηγήσεται,
3676 4729 3817 4785 καθά

2241 4819 2408 4915 φησιν
2439 4845 2466 4896 ὁ
2501 4819 2806 4914 προφήτης,
2859 4841 3041 4891 πίστει
3088 4832 3324 4905 δεχέσθω
3371 4829 3465 4882 καὶ
3504 4825 3681 4883 τοῦτο,
3728 4819 3816 4873 καὶ

2242 4912 2480 5008 ἀργείτω
2500 4912 2580 5000 to,
2609 4935 2728 4986 Οὐκ
2755 4929 2852 5002 ἦν,
2881 4933 2938 4994 ἐξ
2967 4926 3321 4998 ἀνθρωπίνων
3351 4915 3627 4988 λογισμῶν
3661 4912 3818 4966 ἀσθερ

2247 5028 2352 5090 νὼς
2386 5028 2536 5094 είσφε
2547 5025 2791 5096 ρόμενον.

2643 5204 2846 5256 ΑᾹΛΟ.
2892 5200 3026 5266 Περὶ
3061 5198 3417 5262 ἀῑδιότητος.

2245 5315 2683 5385 Sunio-110.1169
2712 5311 3069 5385 μετά-τινος
3104 5307 3552 5385 -ἐπιιπορήσρως
3606 5304 3823 5385 afﬂig-

2315 5368 2568 5453 πλέὼᾷ
2592 5368 2691 5437 occ-tl
2712 5368 3017 5453 ’συνάγων
3045 5368 3152 5446 ἐίς
3170 5450 3178 5453 _
3198 5368 3665 5453 όμοξζογίᾳῖτοῦ
3701 5368 3824 5453 δεῖν

2332 5439 2425 5508 Ἕκ
2607 5452 2821 5521 οὐσίας
2853 5439 2960 5504 uir;
2997 5439 3259 5521 Πατρὸς’,
3289 5439 3404 5500 οὐκ
3443 5445 3666 5521 ἔξωθεν
3698 5439 3822 5520 ἐπι·-

2387 5509 2603 5592 τονὸξα
2633 5520 2753 5592 τὸνΔ
2775 5509 2910 5592 ιλιρν
2944 5509 3424 5592 ὐπολὶιμϐάνειψ
3453 5518 3505 5569 εἰ
3535 5513 3604 5567 δὲ
3630 5509 3822 5570 τοῦτο,

2363 5586 2517 5661 ἧλον
2549 5591 2638 5646 ὅτι
2663 5589 2760 5644 καὶ
2794 5590 2873 5656 τῷ
2910 5590 3091 5660 "arpi
3128 5586 3462 5644 ἀυναΐδιον.
