4056 6264
257 387 326 442 ‘5
1681 383 1902 444 τιιεεΑ
1913 376 2116 446 UBUS.
3447 375 3514 437 ιο

319 506 380 558 Ei
417 505 562 558 κατὰ
596 505 702 575 τὴν
743 503 1018 574 ὑμετέραν
1062 501 1338 566 ὑπόνοιαν,
1379 495 1424 554 ὦ
1456 500 1743 570 θεομάχοι,
1777 499 1835 564 ἐξ

2011 497 2067 552 Si
2096 501 2246 566 juxta
2279 509 2538 564 vestram,
2585 499 2768 556 hostes
2814 501 2930 566 Dei,
2977 500 3314 570 Opinionem,
3347 499 3516 556 Filius

253 597 346 651 οὐκ
385 598 560 650 ὄντων
591 598 753 652 εστὶν
779 599 812 650 ὁ
850 595 996 660 Υἱὸς,
1029 596 1121 648 καὶ
1163 595 1266 648 οὐκ
1311 587 1381 662 ἦν
1413 591 1540 663 πρὶν
1581 590 1838 660 γεννηθῇ,

251 687 388 742 κατὰ
423 688 488 740 τὸ
540 687 798 758 μετέχειν
836 687 926 740 τοῦ
976 685 1134 748 Θεοῦ,
1181 685 1425 754 δηλονότι
1475 683 1725 752 καθάπερ
1773 682 1842 734 τά

245 777 382 832 ἄλλα
407 778 640 844 λογικὰ,
671 779 764 830 καὶ
806 777 964 840 αὐτὸς
1008 776 1210 846 ἐκλήθη
1241 773 1392 838 Θεὸς,
1434 772 1529 826 καὶ
1569 772 1714 834 Υἱὸς,
1749 773 1842 824 καὶ

245 871 446 940 Σοφία.
473 870 648 922 Τοῦτο
673 869 780 940 γάρ
823 870 1059 938 ὑπάρχει
1101 871 1212 930 τοῖς
1249 867 1486 934 λογικοῖς
1525 865 1840 934 κτίσμασιν,

247 956 332 1024 οἷς
358 963 424 1015 οὺ
463 961 624 1030 φύσει
651 961 712 1013 τὸ
747 961 846 1030 τῆς
879 959 1132 1028 θεότητος
1175 955 1574 1026 ἐπαληθεύεται
1619 955 1840 1018 κάλλος,

250 1053 373 1106 ἀλλ’
400 1055 436 1122 ή
475 1051 569 1104 τοῦ
601 1052 836 1114 διδόντος
882 1052 1042 1122 χάρις
1081 1049 1360 1122 προξενεῖ·
1405 1047 1480 1110 ὡς
1517 1049 1646 1100 ὅταν
1674 1047 1838 1120 λέγῖΓ

262 1160 284 1194 ι
327 1142 476 1211 Ἐγὼ
501 1139 679 1196 εἷπον·
707 1143 834 1196 Θεοί
861 1144 1006 1204 ἐστε,
1037 1144 1132 1196 καὶ
1159 1143 1264 1194 υἱοὶ
1297 1140 1552 1209 Ὑψίστου
1581 1140 1838 1202 πάντες.»

259 1232 458 1302 Σχὲσει
502 1233 608 1302 γάρ
635 1236 704 1303 τῇ
742 1233 880 1301 πρὸς
910 1232 1040 1284 Θεὸν
1073 1230 1472 1301 υἱοποιηθέντες
1521 1231 1651 1300 παρ’
1679 1229 1844 1282 αὑτοῦ

265 1322 674 1394 θεοποιούμεθα.
707 1323 770 1377 Εἰ
802 1325 984 1376 τοίνυν
1013 1323 1150 1376 θεοῦ
1185 1321 1544 1392 μετασχόντες
1571 1321 1712 1374 κατά
1743 1321 1845 1392 χά-

269 1430 370 1486 ριν,
395 1417 498 1468 υἱοὶ
523 1413 658 1468 Θεοῦ
685 1407 1027 1486 κεκλήμεθα,
1061 1415 1202 1476 τίνος
1239 1413 1306 1466 ἂν
1337 1413 1558 1484 δοίημεν
1603 1413 1846 1484 μετέχειν

265 1505 354 1558 τὸν
375 1507 570 1574 Λόγον,
597 1507 688 1562 ἵνα
714 1509 938 1578 γένηται
963 1507 1090 1568 Tib;
1113 1506 1146 1576 ἢ
1172 1505 1336 1570 θεός;
1371 1505 1562 1574 Ἡμεῖς
1591 1503 1690 1574 μὲν
1715 1504 1844 1574 γὰρ,

263 1599 354 1652 τοῦ
388 1601 544 1668 ἁγίου
591 1601 938 1670 Πνεὺματος’
973 1599 1148 1652 satae
1175 1597 1266 1651 τοῦ
1297 1598 1472 1666 Λόγου
1501 1597 1658 1649 τοῦτο
1695 1596 1846 1666 νομί-

265 1690 400 1753 ζειν,
431 1691 664 1762 ἀμαθές,
695 1693 862 1754 Ait-rb;
903 1692 1011 1761 γάρ
1039 1707 1170 1762 φησι
1215 1688 1346 1760 περὶ
1374 1687 1468 1741 τοῦ
1497 1688 1846 1756 Πνεύματος⁹

274 1782 428 1834 ιὈτι
451 1785 516 1834 ὲκ
535 1781 630 1834 τοῦ
657 1780 791 1850 ἒ.μοῦ
811 1781 1078 1850 λαμϐάνει
1097 1795 1110 1809 ’
1141 1799 1160 1830 ι
1177 1780 1334 1842 Τίνος
1353 1773 1446 1832 οὖν
1464 1776 1572 1848 ἄρα
1595 1776 1808 1847 μετέχει
1829 1791 1844 1839 ;

273 1873 536 1926 Λεὶπεται
563 1873 764 1940 λέγειν,
793 1871 886 1925 τοῦ
939 1873 1163 1943 Πατρός.
1213 1871 1318 1924 Καὶ
1361 1869 1446 1932 τίς
1491 1872 1636 1922 ἐστιν
1673 1869 1702 1920 ό
1746 1867 1844 1936 τῆς

281 1964 574 2034 μετουσίας
603 1965 826 2034 τρόπος;
863 1965 892 2034 ἦ
927 1965 978 2016 τί
1005 1964 1063 2016 τὸ
1091 1965 1154 2016 ἐκ
1195 1962 1286 2016 τοῦ
1323 1961 1539 2032 Πατρδς
1569 1957 1706 2024 ἐξιὸν
1750 1957 1846 2010 καὶ

271 2057 334 2108 ἑν
371 2054 446 2124 τῷ
477 2056 616 2124 λόγῳ
655 2055 956 2124 γινόμενον,
995 2055 1082 2107 ἵνα
1112 2055 1204 2108 καὶ
1235 2053 1551 2124 μετέχηται.
1581 2051 1716 2122 Φέρε
1767 2051 1846 2101 εί-

263 2144 404 2204 πεῖν,
443 2144 519 2206 ὡς
545 2145 652 2196 ἀπὸ
691 2145 862 2214 πυρὸς
899 2131 1172 2215 θερμότης
1201 2145 1256 2195 ὲν
1287 2141 1516 2212 σώματι,
1543 2141 1577 2212 ἢ
1609 2139 1670 2192 ἔκ
1701 2153 1846 2200 τινος

255 2229 454 2294 ἄνθους
490 2233 720 2285 εὐωδία·
757 2232 960 2302 μᾶλλον
987 2234 1044 2284 δὲ
1083 2232 1270 2296 ὥσπερ
1295 2234 1372 2294 είς
1398 2232 1555 2302 ἡμῶν
1592 2229 1652 2282 τὸ
1675 2227 1846 2282 Πνεῦ-

257 2340 358 2393 μα,
393 2324 527 2394 περὶ
569 2319 632 2378 οὗ
667 2341 834 2392 φησιν
875 2326 914 2393 ἡ
951 2325 1172 2394 Γραφή·
1212 2342 1232 2374 ι
1259 2324 1382 2375 Ὅτι
1411 2323 1474 2374 ἐκ
1503 2321 1595 2374 τοῦ
1633 2319 1846 2390 Πατρός

258 2415 654 2483 ἐκπορεύεται.
681 2432 700 2464 ι
739 2413 806 2464 Τί
841 2408 936 2466 οὖν
971 2415 1086 2464 ἐστι
1134 2413 1194 2464 τὸ
1231 2413 1296 2464 ἐκ
1323 2409 1416 2462 τοῦ
1455 2409 1668 2480 Ila-.96;
1710 2409 1847 2474 ἐξιὸν

258 2507 358 2558 καὶ
391 2508 452 2558 ἐν
491 2505 572 2574 τῷ
605 2505 764 2574 Λόγῳ
795 2498 1262 2573 γινόμενον;τΛρ“
1285 2504 1350 2554 ὲκ
1387 2501 1486 2570 τῆς
1515 2501 1608 2554 τοῦ
1641 2501 1848 2572 Πατρός

251 2597 484 2658 οὐσίας,
533 2595 566 2664 ἦ
601 2595 807 2658 ἔξωθέν
858 2593 1026 2647 ποθεν
1061 2593 1152 2646 καὶ
1191 2593 1346 2646 τοῦτο
1399 2591 1460 2644 τὸ
1499 2591 1730 2662 ληφθείη
1779 2593 1842 2644 Εἰ

253 2687 352 2756 μὲν
410 2683 506 2740 οὖν
557 2685 760 2752 ἔξωθέν
819 2688 992 2748 ἐστιν,
1033 2684 1154 2738 οὐδὲ
1203 2683 1296 2736 τοῦ
1351 2683 1562 2754 Πατρός
1615 2683 1841 2754 μέτοχός

251 2783 398 2833 ἐστιν
450 2779 480 2830 ό
511 2778 665 2841 Υἱὸς,
697 2777 814 2830 ἀλλ’
844 2779 1030 2848 ἑτέρου
1065 2773 1208 2840 τινὸς
1239 2776 1482 2846 μετέχων
1531 2776 1838 2844 ἁγιάζεται,

252 2873 386 2942 ὅπερ
411 2869 531 2924 ἐστὶ
561 2871 658 2923 καὶ
695 2870 858 2940 μόνον
886 2870 1134 2937 ἐννοῆσαι
1163 2868 1438 2930 δυσσεϐὲς.
1467 2868 1530 2920 Εἰ
1564 2867 1618 2920 δὲ
1649 2869 1712 2920 ἐκ
1737 2867 1841 2937 τῆς

255 2961 438 3024 οὐσίας
469 2959 564 3014 τοῦ
599 2959 816 3030 Πατρὸς
848 2961 1180 3029 συγχωρεῖτε
1211 2959 1451 3012 νοεῖσθαι
1481 2957 1542 3010 τὸ
1568 2957 1644 3027 τῷ
1677 2957 1840 3028 Λόγῳ

259 3051 396 3121 πρὸς
446 3051 676 3121 μετοχὴν
722 3049 856 3120 παρ’
900 3049 1064 3102 αὐτοῦ
1114 3050 1540 3120 χορηγούμενον,
1586 3049 1620 3118 ἦ
1665 3049 1840 3120 τομήν

260 3153 383 3196 τινα
415 3143 508 3194 καὶ
551 3141 812 3213 μερισμὸν
856 3142 950 3193 καὶ
985 3141 1154 3203 πάθος
1203 3139 1466 3192 δύνασθαι
1516 3140 1839 3210 συμϐαίνειν

1943 605 2009 644 ex
2047 591 2216 644 nihilo
2255 592 2545 662 productus
2580 601 2684 658 est,
2717 607 2889 662 neque
2922 601 3042 648 eral.
3085 591 3400 662 priusquam
3437 595 3518 660 gi-

1945 693 2220 750 gneretur,
2257 697 2318 736 ea
2353 683 2564 738 ratione
2595 700 2698 754 qua
2743 685 3014 754 particeps
3055 694 3138 740 est
3171 683 3286 748 Dei,
3324 699 3520 753 nempe

1945 775 2088 828 sicut
2141 774 2430 828 rationales
2467 787 2754 838 creaturae,
2795 777 2958 830 etiam
3009 777 3126 846 ipse
3173 785 3397 830 vocatus
3435 787 3520 828 est

1949 861 2108 928 Dens,
2143 872 2196 918 et
2223 861 2413 932 Filius,
2449 874 2504 920 et
2545 867 2841 934 Sapientia.
2889 865 2944 920 id
2983 868 3123 920 enim
3159 865 3516 920 rationalibus

1945 956 2214 1008 creaturis
2261 957 2542 1020 tribuitur,
2587 957 2784 1026 quibus
2831 959 2942 1026 ipsa
2989 957 3204 1012 deitatis
3249 955 3354 1028 35
3399 957 3516 1026 pul-

1945 1047 2196 1100 chritudo
2245 1048 2570 1102 naturaliter
2615 1051 2788 1104 inesse
2835 1063 2958 1102 vere
3007 1051 3112 1102 dici
3165 1065 3270 1102 non
3305 1057 3512 1116 potest;

1947 1139 2041 1191 sed
2085 1139 2256 1208 gratia
2296 1139 2480 1194 dantis
2511 1139 2610 1194 hoc
2649 1141 2728 1194 eis
2773 1141 3064 1194 conciliat:
3099 1149 3156 1194 ut
3189 1155 3310 1194 cum
3341 1141 3470 1196 dicit
3500 1159 3516 1194 :

1951 1245 1968 1278 ι
2001 1227 2112 1298 Ego
2139 1229 2248 1282 dixi
2271 1228 2386 1283 :Dii
2417 1230 2572 1292 estis,
2600 1238 2654 1284 et
2677 1230 2768 1284 lilii
2801 1231 3008 1286 Excelsi
3041 1247 3228 1286 omnes
3253 1233 3338 1286 δ⁰⁶.
3371 1251 3390 1282 ι
3413 1233 3520 1286 lle-

1947 1317 2148 1373 Iatione
2186 1320 2330 1374 enim
2360 1323 2428 1376 ad
2459 1321 2626 1376 Deum
2663 1322 2902 1392 adoptati
2937 1323 3006 1376 ab
3033 1323 3146 1392 ipso
3182 1323 3518 1380 dcilicamttr.

1947 1407 2002 1462 Si
2037 1409 2198 1479 igitur
2241 1411 2332 1466 Dei
2366 1413 2652 1484 participes
2683 1412 2810 1466 facti
2865 1427 2958 1482 per
2999 1414 3257 1484 gratiam,
3297 1415 3392 1468 lilii
3428 1415 3518 1468 Dei

1947 1501 2122 1552 vocati
2169 1515 2378 1564 sumus,
2425 1501 2706 1568 cuiusnam
2739 1506 3012 1574 particeps
3053 1520 3173 1560 esse
3217 1515 3522 1560 statuemus

1949 1588 2202 1653 Verbum,
2245 1601 2306 1644 ut
2343 1591 2436 1646 (lat
2471 1591 2636 1648 Filius
2681 1603 2771 1647 aut
2813 1593 2989 1648 Deus?
3019 1595 3126 1650 Nos
3153 1597 3297 1650 enim
3345 1597 3522 1666 Spiri-

1947 1689 2032 1732 tus
2055 1683 2224 1734 sancti
2257 1685 2672 1753 participatione
2699 1687 2752 1742 id
2789 1690 3174 1756 consequimur
3204 1706 3216 1741 :
3249 1691 3314 1743 de
3339 1689 3518 1744 Verbo

1947 1781 2126 1824 autem
2187 1775 2452 1842 ejusmodi
2503 1777 2708 1844 aliquid
2769 1779 3009 1848 cogitare
3051 1781 3344 1836 absurdum
3413 1791 3514 1836 est.

1949 1857 2067 1928 Ipse
2101 1860 2246 1914 enim
2273 1861 2342 1916 de
2373 1864 2574 1932 Spiritu
2605 1867 2737 1922 dicit
2768 1885 2782 1922 :
2815 1885 2834 1920 ι
2866 1869 3128 1934 Quoitiam
3179 1873 3244 1926 de
3277 1885 3398 1936 meo,
3429 1887 3520 1926 ac-

1897 1951 1918 1971 "
1947 1951 2162 2020 cipit“.
2201 1971 2219 2004 ι
2251 1953 2544 2022 Cujusnam
2579 1957 2744 2028 igitur
2779 1961 3052 2030 particeps
3074 1961 3200 2016 est?
3227 1963 3514 2034 Reliquum

1947 2051 2030 2096 est
2059 2051 2118 2096 ut
2147 2043 2390 2100 dicamus
2429 2047 2626 2104 Patris.
2656 2049 2912 2116 Quaenam
2945 2067 3074 2108 vero
3105 2063 3190 2108 est
3223 2057 3518 2124 participi»-

1949 2133 2110 2186 tionis
2149 2136 2324 2190 ratio?
2356 2148 2448 2192 aut
2473 2141 2600 2208 quid
2637 2157 2666 2196 a
2707 2141 2870 2196 Patre
2901 2146 3146 2213 procedit
3177 2155 3230 2200 et
3260 2147 3312 2198 in
3343 2147 3516 2202 Verbo

1945 2231 2048 2290 est,
2087 2236 2144 2279 ut
2195 2227 2342 2282 illius
2375 2233 2646 2304 particeps
2689 2233 3062 2304 sitiﬁxempli
3101 2237 3298 2306 gratia,
3327 2251 3518 2306 qttem-

1945 2316 2230 2372 admodum
2283 2336 2350 2376 ex
2405 2323 2526 2391 igne
2575 2325 2724 2380 calor
2757 2326 2810 2380 in
2846 2341 3094 2398 corpore,
3133 2329 3212 2384 vel
3267 2345 3330 2384 ex
3383 2329 3518 2384 ﬂore

1945 2408 2128 2478 aliquo
2157 2413 2339 2466 suavis
2383 2417 2519 2470 odor
2553 2432 2566 2468 :
2597 2427 2686 2470 aut
2727 2419 2906 2486 potius
2945 2419 3086 2474 sicut
3119 2421 3171 2472 in
3209 2435 3306 2475 nos
3349 2422 3520 2490 Spiri-

1945 2511 2050 2564 tns,
2083 2505 2162 2556 de
2179 2519 2286 2573 quo
2325 2505 2458 2562 dicit
2503 2507 2780 2576 Scriptura
2815 2525 2830 2564 :
2863 2529 2880 2560 σ
2915 2509 3068 2576 Quod
3099 2527 3164 2566 ex
3199 2511 3358 2564 Patre
3391 2529 3518 2582 pro-

1943 2595 2086 2646 cedit
2109 2593 2176 2648 “.
2210 2615 2228 2646 ι
2265 2595 2534 2661 Quidnam
2565 2597 2728 2666 igitur
2751 2609 2834 2654 est
2865 2603 3006 2670 quod
3032 2619 3060 2656 ο
3087 2603 3244 2658 Patre
3269 2607 3520 2672 procedit

1943 2691 1996 2734 ct
2044 2683 2096 2736 in
2140 2683 2319 2740 Verbo
2371 2685 2496 2740 est?
2557 2689 2640 2742 An
2701 2705 2766 2745 ex
2815 2693 3116 2746 substantia
3179 2693 3378 2760 Patris,
3421 2710 3516 2752 aut.

1941 2774 2280 2830 extrinsecus
2310 2789 2394 2832 est
2429 2777 2482 2832 id
2519 2782 2660 2850 quod
2695 2783 2990 2852 accipitur?
3019 2786 3188 2842 Porro
3227 2789 3272 2842 si
3313 2791 3516 2842 extrin-

1943 2879 2099 2918 secus
2123 2875 2226 2932 est,
2257 2883 2360 2922 mm
2385 2878 2466 2922 est
2495 2871 2677 2938 utique
2702 2871 2876 2928 Patris
2899 2877 3170 2945 particeps
3197 2875 3388 2944 Filius,
3419 2879 3514 2932 scd

1943 2955 2164 3011 alterius
2199 2957 2426 3027 alicujus
2469 2961 2882 3030 participatione
2925 2967 3328 3036 sanctiﬁcatur;
3371 2973 3514 3040 quod

1941 3047 2022 3099 vel
2046 3049 2284 3118 cogitare
2316 3051 2599 3120 duntaxat,
2631 3053 2854 3122 impium
2885 3067 2986 3112 est.
3009 3057 3266 3114 Sin'vero
3295 3062 3345 3114 id
3368 3063 3512 3130 quod

1941 3151 1969 3189 a
2001 3137 2162 3192 Patre
2192 3139 2330 3193 Filio
2359 3143 2792 3212 participandnm
2829 3148 3224 3215 suppeditatur,
3273 3165 3340 3204 ex
3381 3153 3512 3206 sub-

264 3235 393 3306 περὶ
431 3234 528 3304 τὴν
556 3232 650 3286 τοῦ
683 3232 812 3286 Θεοῦ
844 3232 1005 3301 φύσιν
1032 3231 1324 3295 δεδώκατε,
1352 3232 1386 3302 ἢ
1414 3231 1664 3299 λέγοντες
1692 3233 1834 3285 άπα-

1938 3231 2138 3284 stantia
2204 3231 2320 3301 ejus
2369 3248 2490 3288 esse
2553 3237 2870 3300 conceditis,
2921 3247 3012 3290 aut
3065 3241 3360 3296 sectionem
3413 3245 3515 3298 ali-

259 3325 368 3388 θῶς
397 3325 490 3380 καὶ
528 3323 828 3394 ἁμερίστως
857 3326 916 3376 ὲν
945 3322 1026 3392 τῷ
1059 3322 1178 3392 Θεῷ
1211 3323 1280 3376 τά
1313 3321 1535 3376 τοιαῦτα
1562 3321 1830 3388 γίνεσθαι,

252 3417 432 3486 μάτην
463 3415 796 3485 άνατρέπετε
825 3415 925 3483 τὴν
957 3413 1052 3465 τοῦ
1085 3412 1216 3467 Υἱοῦ
1251 3413 1528 3482 γέννησιν,
1567 3414 1834 3484 μερισμὸν

245 3508 337 3558 καὶ
370 3506 544 3568 πάθος
579 3507 706 3576 περὶ
749 3505 918 3574 αὐτὴν
949 3503 1280 3572 εἰσάγοντες.
1323 3505 1386 3556 Ei
1433 3505 1489 3556 δὲ
1521 3505 1832 3574 ἀμερίστως

241 3599 414 3651 τίκτει
451 3597 605 3661 θεὸς,
635 3598 801 3666 γεννᾷ.
827 3613 884 3648 τε
927 3593 1153 3658 ἀπαθῶς
1181 3595 1242 3658 ἐξ
1272 3595 1487 3661 ἑαυτοῦ,
1529 3595 1682 3650 οὐδὲν
1720 3615 1828 3650 κω-

239 3688 356 3741 λύει
384 3689 448 3740 τὸ
474 3687 734 3758 γεννηθὲν
763 3685 1140 3757 ὁμολογεῖσθαι
1167 3685 1257 3738 τὸν
1287 3685 1463 3749 ζῶντα
1487 3687 1580 3739 τοῦ
1613 3688 1826 3759 Πατρός

239 3777 435 3842 Λόγον.
494 3778 554 3828 Ὀ
598 3776 655 3828 δὲ
711 3775 772 3838 ἐξ
819 3775 991 3828 ἀϊδίου
1041 3777 1254 3847 Πατρὸς
1319 3775 1616 3845 προελθὼν,
1673 3775 1825 3830 ἔσται

241 3869 459 3930 πάντως
495 3868 593 3920 καὶ
639 3867 841 3930 ἀΐδιος*
888 3865 1030 3919 οὔτω
1066 3867 1174 3936 γὰρ
1205 3865 1270 3919 ἂν
1307 3869 1400 3919 καὶ
1433 3869 1530 3940 τὴν
1563 3859 1826 3939 ἆτατρῴαν

241 3957 522 4026 εὐγένειαν
571 3959 713 4026 ἔχων
763 3959 858 4010 καὶ
900 3956 1180 4020 διασώζων
1226 3957 1283 4008 ἐν
1315 3958 1521 4028 ἐαυτῷ,
1569 3957 1826 4030 ἀληθεύει

239 4047 410 4115 λέγων
430 4065 444 4079 ”
481 4068 498 4096 ε
541 4049 600 4100 '0
633 4046 895 4118 ἑωρακὼς
923 4047 1022 4117 ἐμὲ
1067 4046 1274 4118 ἑώρακε
1304 4048 1394 4100 τὸν
1425 4051 1662 4119 Πατέρα.
1697 4067 1714 4101 ι
1749 4049 1824 4102 Οὐ

239 4141 344 4213 γὰρ
370 4145 428 4194 ἐν
458 4143 535 4212 τῷ
569 4140 788 4210 γενητῷ
815 4141 876 4194 τὸ
906 4141 1072 4194 άῖδιον
1104 4143 1352 4210 φαίνεται

1939 3337 2126 3390 qnam,
2159 3323 2478 3378 divisionem
2531 3329 2946 3399 passionemqne
2971 3331 3022 3384 in
3053 3331 3144 3386 Dei
3181 3343 3369 3388 natura
3405 3348 3514 3390 sta-

1940 3409 2014 3464 tui
2047 3425 2206 3480 posse
2244 3417 2498 3480 censetis,
2530 3428 2622 3471 aut
2660 3421 2896 3474 dicentes
2927 3421 3063 3476 citra
3099 3423 3259 3478 ullam
3304 3430 3512 3492 passio-

1939 3517 2059 3555 nem
2103 3517 2168 3556 ac
2210 3503 2530 3561 divisionem
2575 3511 2838 3576 ejusmodi
2888 3512 2938 3564 in
2977 3512 3084 3566 Deo
3131 3515 3267 3577 ﬂeri,
3306 3529 3510 3572 temere

1937 3589 2058 3646 Filii
2095 3595 2500 3664 generationem
2548 3599 2882 3664 subvenitis,
2931 3603 3246 3658 divisionem
3289 3619 3344 3660 et
3394 3625 3512 3677 pas-

1935 3685 2146 3739 sionem
2179 3687 2230 3740 in
2275 3687 2441 3756 ipsam
2472 3689 2808 3747 inducentes.
2849 3693 2905 3748 Si
2944 3709 3070 3750 vero
3105 3697 3240 3750 citra
3285 3701 3510 3754 divisio-

1935 3789 2056 3827 nem
2090 3775 2260 3845 gignit
2297 3777 2456 3845 Deus,
2487 3791 2542 3834 et
2569 3783 2770 3851 alisque
2799 3786 3053 3853 passione
3079 3805 3142 3840 ex
3171 3803 3230 3842 se
3259 3803 3506 3858 general,

1935 3865 2066 3920 nihil
2093 3867 2270 3922 obstat
2313 3875 2622 3939 quominus,
2653 3874 2702 3927 id
2729 3877 2872 3942 quod
2905 3877 3141 3946 genitum
3185 3891 3288 3946 est,
3317 3882 3500 3934 vivum

1929 3953 2107 4013 Patris
2161 3959 2395 4014 Verbum
2451 3977 2574 4016 esse
2634 3967 3004 4032 proliteamur.
3049 3967 3150 4032 Qui
3211 3980 3390 4020 autem
3441 3985 3502 4021 ex

1928 4057 2133 4104 :eterno
2183 4049 2342 4106 Patre
2385 4055 2673 4122 processit,
2726 4056 2830 4108 erit
2876 4057 3094 4109 omnino
3133 4057 3294 4110 etiam
3345 4071 3504 4113 mter-

1932 4155 2034 4195 nus
2065 4157 2078 4193 :
2109 4143 2181 4194 ita
2213 4144 2357 4196 enim
2388 4147 2547 4196 etiam
2577 4157 2855 4210 paternam
2899 4145 3237 4201 nobilitatem
3283 4149 3491 4203 habens

243 4245 400 4304 atque
431 4237 486 4289 in
527 4251 590 4290 se
625 4249 958 4288 conservans
987 4251 1110 4292 vere
1144 4237 1292 4303 dicit,
1337 4237 1625 4304 inquiens:
1664 4255 1680 4285 ι
1715 4234 1817 4301 Qui
1861 4235 1991 4288 vidit
2023 4249 2127 4301 me,
2197 4237 2327 4286 vidit
2349 4243 2400 4288 et
2433 4234 2646 4287 Patrem
2672 4235 2738 4289 ⁸³.
2775 4255 2792 4288 ι
2830 4235 3012 4308 Neque
3076 4241 3217 4294 enim
3243 4251 3503 4296 aeternum

242 4327 292 4379 in
326 4338 586 4382 creatura
615 4325 848 4379 videtur.

933 4463 1131 4516 ΛΛΛΟ.

2597 4461 2824 4518 ALlUD.

307 4578 372 4630 Ei
403 4579 430 4629 ὁ
459 4578 708 4646 μετέχων
734 4576 828 4628 τοῦ
861 4575 984 4628 ἰ’ίοῦ
1015 4576 1162 4638 θείας
1196 4577 1400 4644 γίνεται
1429 4575 1685 4639 κοινωνὸς
1717 4573 1814 4642 φύ-

1998 4565 2052 4620 Si
2081 4568 2170 4636 qui
2203 4571 2470 4638 particeps
2504 4579 2586 4624 est
2617 4570 2760 4636 Filii,
2800 4574 2992 4630 divinae
3025 4588 3230 4636 naturze
3264 4600 3499 4638 conmm-

239 4682 401 4730 σεως,
429 4665 568 4718 κατὰ
593 4667 696 4735 τὴν
724 4664 819 4717 τοῦ
851 4667 1056 4737 Πέτρου
1087 4665 1292 4736 φωνὴν,
1324 4667 1416 4718 καὶ
1447 4667 1495 4718 εί
1534 4665 1652 4719 ναοὶ
1679 4665 1814 4718 Θεοῦ

237 4754 670 4826 χρηματίζουσιν
713 4750 796 4818 οἷς
825 4757 854 4807 ό
901 4756 1074 4822 Λόγος
1117 4757 1338 4820 ἐνοικεῖ,
1381 4756 1595 4826 ἀνάγκη
1635 4755 1813 4824 λέγειν

233 4847 300 4897 ἐκ
333 4845 434 4914 τῆς
461 4847 644 4907 οὐσίας
671 4845 766 4898 τοῦ
797 4845 932 4898 Θεοῦ
964 4846 1055 4900 τὸν
1093 4847 1240 4900 Υἱόν.
1279 4849 1388 4900 Καὶ
1423 4851 1472 4900 εἰ
1505 4849 1655 4901 οὐδὲν
1693 4850 1813 4900 ἐπι-

229 4937 460 5004 γενητὸν
503 4939 560 4990 ἐν
605 4936 726 5006 Θεῷ
773 4937 998 5005 (τέλειος
1036 4939 1144 5008 γὰρ
1177 4941 1272 4991 καὶ
1311 4940 1669 5011 ἀπροσδεὴς),
1713 4943 1813 4994 οὐκ

230 5029 548 5098 ὶπιγέγονεν
573 5030 604 5081 ὁ
635 5028 782 5094 Υἱὸς,
815 5029 930 5082 ἀλλ’
959 5025 1026 5100 ἦν
1057 5028 1134 5098 τῷ
1171 5029 1343 5099 Πατρὶ
1378 5017 1664 5092 συναῒδιος.

515 5317 658 5380 Ἔτι,
691 5316 826 5386 περὶ
859 5315 1190 5384 ἀῖδιότητος
1225 5314 1332 5368 τοῦ
1371 5313 1526 5367 Υίοῦ.

291 5431 517 5502 Πατέρα
547 5431 786 5502 λέγομεν
817 5429 912 5484 τὸν
949 5430 1107 5493 Θεὸν,
1137 5432 1263 5484 Υἱδν
1290 5429 1347 5483 δὲ
1380 5429 1473 5482 τὸν
1508 5427 1680 5496 Λόγον
1721 5431 1816 5482 καὶ

219 5521 370 5587 Θεὸν,
409 5521 510 5594 οὐχ
563 5521 654 5574 ἵνα
686 5521 782 5574 τὸν
817 5519 918 5592 μὲν
973 5521 1393 5592 προῦπάρχοντα
1416 5560 1430 5584 ,
1479 5521 1570 5572 τὸν
1607 5519 1664 5571 δὲ
1703 5523 1816 5587 μετ’

220 5616 377 5668 αὐτὸν
432 5615 708 5684 γεγονότα
759 5612 996 5683 νοῶμεν,
1049 5611 1191 5663 κατὰ
1247 5612 1346 5679 τὴν
1399 5615 1454 5662 ὲν
1505 5609 1818 5681 ἀνθρώποις

283 5795 346 5826 ’θ’
391 5795 532 5849 l’sal.
573 5809 768 5858 natu,
813 5791 868 5847 6.
949 5789 1168 5842 “Joan.
1209 5806 1315 5854 xii,
1354 5789 1434 5840 Η,

1516 5791 1556 5820 ³³
1587 5787 1740 5842 Joan.
1775 5804 1860 5846 XV,
1899 5789 1984 5842 ‘26.

1927 4657 2068 4708 nicat
2095 4657 2244 4726 juxta
2285 4657 2428 4711 Petri
2471 4663 2818 4730 sententiam,
2854 4674 2908 4719 et
2952 4668 2995 4720 si
3037 4670 3232 4738 templa
3271 4671 3362 4728 Dei
3401 4693 3496 4732 vo-

1924 4757 2117 4802 cantur
2147 4763 2336 4804 Omnes
2371 4751 2421 4803 in
2456 4752 2652 4818 quibus
2679 4754 2910 4810 Verbum
2947 4760 3155 4816 habitat
3177 4763 3243 4828 “,
3277 4781 3496 4818 necasse

1921 4840 2141 4892 mnnino
2168 4852 2248 4894 est
2287 4840 2482 4894 Filium
2511 4858 2572 4896 ex
2617 4845 2918 4902 substantia
2955 4851 3043 4903 Dei
3082 4867 3198 4907 esse
3231 4855 3491 4906 dicamus.

1921 4930 2030 4999 26
2053 4930 2118 4982 Et
2148 4933 2192 4982 si
2229 4933 2360 4986 nihil
2397 4935 2448 4986 in
2490 4936 2595 4990 Deo
2622 4947 2706 4990 est
2733 4943 3116 5005 accessorium,
3143 4943 3256 4994 sive
3288 4945 3492 4994 extrin-

1919 5032 2076 5072 secus
2093 5021 2386 5076 adveniens
2406 5027 2702 5090 (perfectus
2719 5030 2861 5081 enim
2889 5040 3044 5082 estet
3065 5031 3262 5083 nullius
3285 5035 3486 5102 egens),

1921 5127 2026 5164 non
2076 5120 2256 5180 postea
2313 5117 2541 5167 accessit
2591 5115 2790 5183 Filius,
2837 5119 2929 5172 sed
2978 5131 3095 5173 erat
3151 5121 3296 5178 Patri
3349 5139 3488 5180 cna:-

1919 5211 2119 5258 ternos.

2257 5318 2524 5386 Amplius,
2561 5323 2624 5377 de
2659 5326 2952 5380 Met-nitate
2985 5325 3136 5382 Filii.

1985 5430 2197 5484 Patrem
2235 5431 2467 5488 dicimus
2495 5434 2685 5502 Deum,
2723 5439 2915 5494 Filium
2947 5453 3124 5497 autem
3162 5443 3390 5495 Veritum
3435 5454 3490 5497 et

1915 5525 2119 5586 Deum,
2169 5539 2275 5578 non
2320 5535 2380 5580 ut
2426 5527 2577 5582 illum
2631 5532 2784 5599 prius
2819 5535 3119 5598 exstitisse,
3175 5537 3314 5586 hunc
3365 5549 3491 5586 vero

1913 5623 2096 5678 postea
2149 5611 2348 5669 factum
2407 5619 2642 5674 humano
2697 5637 2844 5674 utare
2892 5625 3298 5691 intelligamus:
3331 5639 3490 5691 stipo-

2067 5789 2295 5848 “1mm.
2331 5813 2434 5860 xw,
2475 5799 2525 5850 9.
2607 5799 2646 5830 ³³
2687 5801 2700 5852 Ι
2738 5801 2862 5851 (lor.
2897 5817 2974 5866 tn,
3013 5803 3091 5852 l6.
