4056 6264
505 370 591 441 4'7'
1505 377 1563 433 ε.
1604 373 1878 432 CYRlLLl
1919 365 2396 430 A-L‘EXANDRINI
2434 367 2757 428 ARCHIEP.
3720 361 3798 416 ιε

509 507 619 561 rior
643 501 1066 560 enim'est'omni
1098 498 1538 570 tempore‘Deus;
1575 497 1670 552 se‘d
1696 507 1755 552 ut
1789 496 1939 551 illum
1964 496 2084 565 qui-
2117 552 2118 559 η

2224 494 2368 560 ἀξιν·
2415 492 2529 547 ἄνω
2577 491 2687 560 γὰρ
2725 486 2927 550 παντὸς
2975 486 3170 558 χρόνου
3211 485 3380 549 Θεὸς,
3421 484 3549 538 ἀλλ’
3575 483 3660 538 ἵνα
3697 485 3801 536 τὸν

505 598 629 653 dem
657 606 714 649 ut
744 595 1079 658 GenitOrem,
1111 590 1254 662 quod
1287 589 1458 658 patris
1485 595 1569 643 cst
1593 585 1868 656 proprium
1897 601 1913 649 ;
1943 585 2088 638 hunc

509 703 637 744 vero
659 699 717 743 ut
744 687 1041 757 legitimum
1069 682 1268 737 Filium
1303 677 1742 735 ineﬁ‘abiliter‘ex
1767 674 2087 732 substantia

513 781 689 835 Patris
715 777 954 847 genitum
979 775 1287 830 adoremus.
1316 770 1476 826 Pater
1501 769 1702 838 itaque,
1731 767 1856 837 quia
1880 764 2086 836 genuit,

511 872 701 940 Filius,
735 870 860 941 quia
902 868 1115 940 genitus
1145 883 1159 920 :
1189 874 1244 922 et
1288 865 1391 920 hoc
1425 864 1599 920 solum
1645 861 1922 917 nominum
1959 870 2092 911 usus

509 982 577 1019 ex
628 963 987 1020 similitudine
1043 959 1201 1014 nobis
1235 957 1523 1026 signiﬁcat.
1561 955 1618 1011 Si
1655 955 1840 1023 ’igitur
1880 952 1933 1006 in
1981 949 2092 1004 Deo

513 1071 734 1121 nomen,
785 1052 974 1117 Pater,
1008 1049 1180 1106 solum
1229 1057 1576 1120 generantem
1613 1044 1906 1116 signiﬁcat,
1946 1040 2091 1096 nulla

514 1149 651 1202 ratio
677 1155 760 1201 est
789 1159 906 1214 quze
935 1151 1096 1212 cogat
1129 1151 1184 1196 ut
1227 1141 1390 1205 Deus,
1423 1139 1512 1208 qui
1562 1139 1682 1192 sine
1709 1142 1972 1204 tempere
2001 1147 2093 1204 ge-

513 1248 693 1304 nerat,
730 1238 942 1308 primus
980 1234 1260 1290 exstitisse
1303 1233 1538 1297 dicatur,
1569 1229 1813 1300 quam‘id
1850 1225 1994 1296 quod
2027 1225 2094 1278 ab

511 1345 575 1386 eo
601 1329 844 1402 genitum
887 1335 991 1382 est.
1023 1325 1090 1379 Et
1116 1324 1161 1380 si
1210 1323 1419 1379 nullum
1466 1332 1680 1391 tempus
1712 1317 2094 1386 interpositum

514 1423 616 1478 l‘uit
666 1422 808 1475 inter
837 1427 1190 1490 generantem
1226 1424 1278 1471 et
1333 1415 1595 1485 genitum,
1650 1411 1976 1478 non‘utique
2015 1414 2098 1461 est

515 1509 786 1582 posterior
823 1517 1086 1578 tempore,
1123 1507 1216 1562 sed
1253 1513 1556 1560 coaeternus
1587 1511 1670 1558 est
1708 1499 1856 1554 Patri
1891 1497 2092 1554 Filius.

1185 1689 1415 1746 ALIUD.

591 1786 646 1840 Si
684 1785 826 1839 Deus
857 1798 920 1837 ex
973 1789 1164 1835 natura
1213 1794 1315 1833 sua
1354 1786 1438 1832 est
1485 1783 1722 1838 creator,
1771 1784 1947 1840 neque
1984 1771 2100 1823 haec

2199 584 2296 654 μὲν
2324 583 2401 646 ὼς
2434 582 2796 652 Γεννήσαντα,
2825 578 3110 648 ὅπερέστὶ
3153 576 3364 649 πατρὸς
3412 575 3544 629 ἴδιον
3565 592 3578 606 ·
3611 575 3705 629 τὸν
3739 574 3802 625 δὲ

2195 676 2271 739 ὡς
2309 675 2533 746 γνήσιον
2566 673 2694 725 Tib»
2727 671 2968 743 ἆρῤητον
2994 671 3058 722 ὲκ
3088 669 3188 741 τῆς
3231 669 3418 732 οὐσίας
3443 667 3537 720 τοῦ
3576 665 3804 735 Πατρὸς

2197 768 2470 840 ἐσχηκότα
2495 765 2594 838 τὴν
2622 767 2876 835 γέννησιν
2906 762 3328 835 προσκυνῶμεν.
3361 760 3552 832 Πατὴρ
3582 756 3679 813 οὖν
3713 758 3806 810 ὅτι

2197 861 2556 933 γεγέννηκεν·
2595 858 2729 922 Υἱὸς
2761 858 2845 923 δὲ,
2883 857 2968 910 ὅτι
3014 855 3287 927 ἐγενήθη·
3320 855 3417 907 καὶ
3453 852 3592 923 ’πρὸς
3633 851 3807 920 μόνον

2197 955 2308 1009 τῶν
2339 953 2620 1024 ὀνομάτων
2651 952 2686 1021 ἡ
2725 949 2887 1022 χρεία
2931 949 3026 1002 καὶ
3058 948 3120 1000 τὸ
3152 947 3242 1000 διὰ
3288 946 3390 1016 τῆς
3442 943 3578 1014 πρὸς
3635 939 3807 1011 ἡμῶν

2199 1043 2511 1116 ὁμοιώσεως
2570 1039 2997 1113 σημαινόμενον.
3046 1039 3110 1091 Ei
3167 1039 3348 1090 τοίνυν
3397 1035 3493 1088 ἐπὶ
3543 1033 3680 1085 Θεοῦ
3741 1031 3810 1083 τὸ

2199 1137 2404 1206 Πατὴρ
2438 1136 2625 1206 ίδνομα
2675 1134 2837 1205 μόνου
2879 1119 2977 1186 τοῦ
3027 1132 3221 1202 γεννᾷν
3267 1132 3386 1183 ἐστι
3436 1125 3805 1198 σημαντικὸν,

2200 1229 2384 1292 οὐδεὶς
2427 1224 2731 1294 ἀναγκάσει
2763 1223 2920 1292 λόγος
2954 1221 3332 1292 προϋπάρχειν
3372 1216 3468 1270 τοῦ
3503 1216 3632 1270 ἰδίου
3676 1231 3810 1280 γεν-

2205 1323 2445 1393 νήματος
2473 1320 2566 1373 τὺν
2605 1317 2854 1389 ἀχρόνως
2899 1314 3172 1385 γεννῶντα
3199 1303 3352 1366 Θεόν.
3385 1310 3495 1363 Καὶ
3525 1310 3574 1361 εἰ
3605 1305 3810 1378 χρόνος

2201 1409 2270 1484 ἦν
2299 1412 2474 1474 οὐδεὶς
2512 1408 2718 1482 μεταξὺ
2757 1407 2852 1461 τοῦ
2900 1407 3262 1477 γεννήσαντος
3308 1403 3402 1456 καὶ
3449 1399 3803 1469 γενηθέντος,

2203 1503 2304 1557 οὐκ
2351 1501 2690 1571 ἐπιγέγονεν,
2724 1499 2852 1553 ἀλλ’
2893 1494 2962 1569 ἦν
2992 1498 3079 1551 ἀεὶ
3125 1495 3202 1566 τῷ
3250 1495 3428 1565 Πατρὶ
3462 1489 3731 1553 σὐναῖδιος
3774 1489 3807 1540 6

2207 1597 2353 1660 Υἱός.
2522 1596 2524 1599 ’

2889 1682 3112 1736 ·ΑΛΛυ.

2275 1780 2341 1833 Εἰ
2374 1771 2604 1850 ποιητής
2633 1780 2750 1832 ἐστι
2788 1775 2938 1829 ’κατὰ
2968 1774 3129 1844 φύσιν
3169 1775 3197 1827 ὁ
3229 1772 3383 1837 Θεὸς,
3417 1771 3512 1825 καὶ
3545 1771 3644 1824 οὐκ
3675 1771 3804 1821 ἐπι-

523 1877 748 1932 facultas
778 1875 1122 1928 extrinsecus
1153 1869 1398 1932 advenit,
1439 1879 1499 1921 ut
1537 1873 1722 1936 posset
1760 1878 1848 1917 res
1890 1867 2102 1914 creatas

2224 1869 2603 1941 γέγονεναύτῷ
2629 1871 2689 1923 τὸ
2716 1868 2976 1922 δύνασθαι
3009 1866 3282 1938 παράγειν
3314 1867 3378 1918 ἐκ
3408 1863 3501 1916 τοῦ
3533 1863 3608 1933 μὴ
3647 1862 3807 1920 (meo;

522 1985 589 2022 ex
615 1967 783 2021 nihilo
811 1964 1110 2034 producere
1139 1961 1206 2015 ad
1234 1974 1384 2026 esse;
1417 1959 1598 2012 omnia
1640 1966 1767 2011 vero
1791 1969 1886 2025 per
1908 1950 2104 2005 Filium

525 2060 655 2115 l'acit
690 2069 850 2127 atque
875 2065 1154 2126 operatur,
1184 2068 1290 2121 quo
1338 2061 1498 2122 pacto
1535 2065 1639 2103 non
1674 2047 1837 2102 fuerit
1883 2044 2105 2116 impium

525 2152 708 2206 dicere
739 2169 751 2204 :
805 2146 936 2200 Erat
973 2144 1186 2216 quando
1217 2160 1320 2199 non
1359 2143 1515 2197 erat?
1543 2141 1774 2199 Perinde
1805 2139 1952 2194 enim
2003 2137 2107 2190 hoc

526 2252 608 2298 est
645 2256 710 2296 ac
747 2241 792 2295 si
825 2240 1012 2294 dicas:
1047 2237 1178 2291 Erat
1203 2235 1420 2305 quando
1449 2249 1558 2289 non
1609 2242 1730 2288 erat
1770 2231 1932 2291 Deus,
1967 2225 2108 2298 quod

529 2336 799 2406 posterius
853 2331 1052 2386 factum
1103 2331 1175 2385 sit
1225 2328 1461 2384 Verbum
1517 2340 1612 2396 per
1657 2325 1800 2395 quod
1858 2323 2110 2375 universa

528 2436 707 2481 creata
745 2434 908 2479 sunt:
947 2441 964 2474 ι
995 2423 1124 2476 Sine
1174 2424 1291 2490 ipso
1325 2420 1470 2474 enim
1500 2417 1720 2472 'l'actunt
1769 2425 1850 2470 est
1896 2412 2054 2477 nihil,
2087 2429 2104 2463 ι

530 2528 588 2572 ιιι
632 2517 710 2572 ait
742 2514 982 2571 Joannes
1004 2512 1072 2565 ".
1102 2511 1157 2567 Si
1191 2526 1319 2565 vero
1349 2523 1565 2578 semper
1601 2519 1655 2562 et
1691 2508 1985 2560 sectmdum
2009 2517 2116 2555 'na-

531 2621 706 2664 turam
743 2617 959 2663 creator
990 2615 1073 2660 est
1107 2604 1246 2658 Deus
1279 2618 1343 2656 ac
1383 2601 1570 2666 l’ater,
1616 2610 1735 2654 erat
1769 2598 1954 2665 utique
1988 2606 2112 2648 cum

534 2703 652 2772 ipso
696 2701 742 2755 is
809 2711 904 2768 per
949 2709 1108 2766 quem
1161 2704 1376 2748 creator
1426 2702 1541 2757 est,
1576 2693 1702 2746 'hoc
1745 2699 1828 2744 est
1880 2686 2115 2742 Verbum

536 2792 728 2862 ipsius.
780 2785 1243 2856 Quemadmodum
1293 2785 1438 2840 enim
1504 2783 1558 2836 id
1606 2781 1751 2852 quod
1799 2779 2121 2834 naturaliter

536 2886 743 2944 homini
784 2886 946 2950 inest,
976 2880 1216 2951 separari
1258 2879 1325 2934 ab
1358 2893 1422 2934 eo
1457 2891 1562 2932 non
1594 2882 1795 2945 potest,
1846 2873 1923 2927 ita
1956 2886 2053 2927 nec
2090 2887 2120 2927 a

539 2982 648 3035 Deo
677 2976 937 3048 quidquid
984 2977 1037 3028 in
1074 2974 1191 3044 ipso
1235 2982 1290 3027 et
1319 2986 1384 3026 ex
1419 2969 1538 3038 ipso
1566 2975 1669 3021 est.
1708 2965 1804 3019 Est
1844 2972 2023 3017 autem
2066 2962 2120 3016 in

539 3071 701 3125 Patre
724 3077 778 3124 et
817 3083 883 3124 cx
932 3065 1094 3122 Patre
1120 3061 1405 3120 Verbum:
1441 3056 1804 3130 inseparabile
1842 3057 2024 3125 itaque
2072 3063 2128 3109 et

539 3173 866 3218 co‘aaternum
875 3197 888 3211 .

716 3253 958 3317 ALIUD,
997 3265 1089 3317 per
1137 3247 1493 3302 reductionem
1537 3247 1604 3300 ad
1636 3243 1945 3301 absurdum.

619 3367 676 3422 Si
725 3381 832 3420 non
905 3369 990 3416 est
1039 3357 1210 3413 Filius
1251 3356 1398 3411 Patri
1449 3364 1792 3419 coaeternus,
1847 3350 1942 3408 sed
1996 3349 2126 3421 Erqt

542 3461 752 3537 quando
778 3472 879 3511 non
902 3461 1043 3516 erat,
1067 3463 1124 3505 ut
1144 3467 1242 3507 vos
1269 3432 1590 3520 opinamini,
1619 3460 1843 3502 necesse
1867 3443 1974 3498 erit
1999 3457 2130 3498 eon-

544 3557 740 3612 cedere
771 3549 1149 3622 imperfectam
1185 3542 1480 3617 aliquando
1509 3542 1679 3598 fuisse
1707 3553 1950 3599 sanctam
2006 3539 2130 3594 Tri-

548 3649 792 3704 nitatem.
831 3643 961 3697 Erat
993 3640 1138 3697 enim
1176 3639 1377 3704 unitas,
1411 3645 1470 3690 ut
1491 3634 1726 3699 videtur,
1754 3642 1881 3687 ante
1913 3630 2128 3685 Filium.

549 3741 745 3794 Postea
788 3743 968 3789 autem
1013 3732 1154 3786 facta
1203 3739 1288 3785 cst
1321 3727 1711 3796 Trinitas,.27
1734 3740 1856 3780 cum
1901 3720 2132 3778 accessit

548 3829 692 3900 quod
731 3826 935 3881 deerat.
977 3822 1113 3878 Cum
1145 3835 1276 3876 vero
1307 3818 1569 3888 quidquid
1608 3815 1923 3870 accessione
1955 3811 2131 3880 aliqua

548 3923 758 3985 crevit,
802 3915 1143 3972 detractione
1207 3914 1526 3967 decrescere
1554 3908 1777 3977 possit,
1838 3903 2131 3983 verendum

549 4025 630 4072 est
663 4029 731 4069 ne
751 4029 858 4083 qua
892 4011 1156 4064 rationes
1182 4022 1342 4078 cogat
1370 4002 1643 4065 conﬁteri,
1673 4007 1920 4054 sanctam
1955 3994 2134 4049 Trini-

553 4117 717 4163 tatem
758 4120 946 4160 rursus
979 4102 1044 4156 ad
1102 4100 1368 4155 unitatem
1417 4093 1586 4165 redigi
1638 4104 1816 4162 posse.
1863 4089 1920 4142 Si
1953 4095 2131 4140 autem

554 4203 626 4256 ita
657 4199 867 4254 sentire
918 4195 1002 4250 vel
1054 4193 1199 4262 loqui
1231 4204 1449 4246 omnem
1483 4186 1822 4262 impietatem
1868 4187 2132 4250 superat»;

551 4301 673 4345 erat
733 4287 956 4342 omnino
1005 4298 1222 4353 semper
1275 4296 1398 4336 cum
1452 4287 1642 4334 sancta
1688 4263 1966 4329 ’Trinitate
2001 4271 2134 4333 'ejus

553 4381 847 4455 plenitudo.

1043 4464 1252 4522 ALIUD
1288 4464 1412 4517 'hut'c
1450 4461 1642 4516 simile.

2207 1966 2288 2028 εἰς
2329 1963 2389 2017 τὸ
2429 1958 2670 2016 εἶναιτὰ
2710 1961 2876 2014 ὄντα·
2910 1960 3092 2013 πάντα
3131 1959 3188 2011 δὲ
3221 1957 3288 2010 δι’
3333 1955 3462 2009 Υἱοῦ
3513 1957 3658 2008 ποιεῖ
3707 1955 3806 2007 καὶ

2209 2055 2640 2128 κατεργάζεται,
2685 2053 2802 2116 πῶς
2839 2053 2940 2106 οὐκ
2989 2050 3183 2113 ἀσεϐὲς
3223 2049 3281 2102 τὸ
3313 2048 3526 2116 λέγειν·
3558 2043 3671 2101 Ἦν
3705 2046 3808 2099 ὅτε

2210 2152 2322 2205 οὐκ
2361 2145 2472 2220 ἦν;
2522 2149 2636 2202 ἴσον
2670 2147 2776 2219 γάρ
2811 2147 2965 2199 ’ἐστιν
3015 2145 3222 2197 είπεῖν’
3253 2137 3360 2194 Ἦν
3393 2141 3480 2193 ὅτε
3522 2140 3625 2191 οὐκ
3668 2135 3738 2208 ἦν
3771 2137 3810 2190 '6

2211 2243 2364 2306 Θεὸς,
2399 2241 2624 2312 ὕστερον
2653 2236 3040 2308 ἐπιγενομένου
3071 2233 3163 2288 τοῦ
3199 2233 3416 2286 πάντων
3461 2227 3810 2300 δημιουργοῦ

2213 2338 2418 2406 Λόγου·
2458 2354 2477 2387 ι
2510 2335 2692 2406 Χωρὶς
2734 2331 2843 2403 γὰρ
2883 2329 3049 2385 αὐτοῦ
3084 2328 3300 2397 ἐγένετο
3326 2324 3452 2378 οὐδὲ
3496 2323 3626 2388 ἓν,·ι
3663 2322 3810 2376 κατὰ

2212 2431 2311 2500 τὴν
2348 2428 2598 2483 Ἰωάννου
2629 2426 2836 2496 φωνήν.
2867 2425 2927 2476 Ei
2956 2423 3012 2475 δὲ
3046 2421 3132 2475 ἀεὶ
3161 2421 3252 2473 καὶ
3280 2418 3421 2472 κατὰ
3451 2409 3615 2485 φύσιν
3649 2417 3808 2484 τὲοιη-

2214 2522 2314 2591 τὴς
2353 2524 2380 2574 6
2411 2521 2543 2583 Θεὸς
2575 2519 2668 2571 καὶ
2695 2516 2910 2585 Πατὴρ,
2937 2510 3005 2585 ἦν
3038 2514 3145 2584 ἄρα
3177 2512 3274 2564 σὺν
3303 2508 3452 2579 αὐτῷ
3474 2509 3539 2562 δι’
3569 2503 3628 2560 οὗ
3664 2522 3809 2576 ποιη-

2216 2613 2315 2684 τὴς
2346 2610 2622 2680 ἐφαίνετο,
2647 2606 2929 2660 τουτέστιν
2959 2607 2987 2658 ὁ
3018 2605 3188 2672 Λόγος
3245 2601 3434 2656 αὐτοῦ.
3465 2601 3670 2670 Ὥσπερ
3698 2598 3808 2665 γὰρ

2225 2702 2529 2774 ἆχώριστον
2579 2699 2870 2770 ἀνθρώπου
2924 2697 3032 2749 πᾶν
3071 2695 3132 2747 τὸ
3187 2694 3347 2763 φύσει
3381 2691 3578 2764 προσὸν
3632 2687 3808 2757 αὐτῷ’

2221 2791 2368 2848 οὕτω
2399 2793 2492 2848 καὶ
2519 2791 2676 2846 ’Θεοῦ
2719 2792 2826 2844 πᾶν
2860 2789 2920 2842 τὸ
2967 2790 3025 2841 ὲν
3061 2787 3211 2858 αὐτῷ
3258 2787 3354 2840 καὶ
3399 2785 3457 2851 ἐξ
3501 2782 3687 2838 αὐτοῦ.
3724 2781 3811 2832 Ἐν

2224 2878 2399 2956 Πατρι
2435 2880 2493 2937 δὲ
2534 2882 2630 2936 και
2674 2881 2738 2935 ὲκ
2782 2879 2995 2950 Πατρὸς
3037 2879 3065 2930 ὁ
3103 2851 3310 2946 Λόγος·
3357 2875 3658 2946 ἀχώριστος
3708 2872 3814 2940 ἄρα

2227 2976 2320 3030 καὶ
2349 2973 2637 3035 συνὰῖδιος.
3861 2962 3866 3028 ζ

2425 3226 2632 3297 ΑΛΛΟ,
2662 3233 2760 3288 διὰ
2788 3231 2896 3302 τῆς
2928 3235 3016 3300 είς
3045 3232 3274 3287 ἄτοπον
3300 3230 3658 3301 ’ἆπαγωγῆς.

2298 3349 2362 3402 El
2391 3349 2492 3402 οὐκ
2523 3347 2671 3402 ἔστιν
2697 3348 2725 3400 ὁ
2761 3348 2889 3410 Υἱὸς
2920 3347 2997 3418 τῷ
3033 3344 3208 3417 Ilath
3243 3346 3533 3410 συναῖδιος,
3567 3344 3683 3397 ἀλλ’
3709 3340 3818 3398 Ἦν

2229 3441 2326 3496 ὅτε
2359 3437 2604 3512 οὐχ’ἦν,
2633 3440 2754 3494 καθ’
2801 3442 2967 3512 ὑμᾶς,
2994 3439 3207 3510 ἀνάγκη
3243 3438 3620 3508 συνομολογεῖν
3653 3437 3820 3506 ἀτελῆ

2231 3541 2360 3591 ποτε
2408 3535 2672 3606 ὑπάρχειν
2700 3524 2798 3604 τὴν
2832 3534 2997 3602 ἁγίαν
3041 3528 3412 3604 Τριάδα..τῐῐν
3463 3531 3572 3602 γὰρ
3629 3529 3817 3600 μονὰς,

2228 3627 2304 3692 ὡς
2333 3628 2499 3692 εἰκὸς,
2529 3626 2636 3697 πρὸ
2666 3624 2815 3680 Υίοῦ.
2847 3624 3044 3694 Γέγονε
3080 3611 3147 3678 ιδὲ
3185 3616 3415 3692 ὕστερον
3462 3621 3655 3692 Τριὰς,
3699 3623 3822 3672 tm.

2230 3719 2524 3799 γενομένου
2571 3718 2664 3772 τοῦ
2699 3718 2998 3780 λείποντος.
3043 3716 3263 3787 Ἐπειδὴ
3306 3716 3366 3768 δὲ
3411 3715 3520 3768 πᾶν
3571 3715 3709 3782 ὅπερ
3755 3706 3823 3764 ἂν

2233 3796 2436 3882 συμϐῇ,
2467 3809 2562 3862 καὶ
2607 3808 2994 3879 ἀποπμὸἧναι
3045 3806 3295 3869 δύναται,
3329 3796 3458 3868 ”δέος
3497 3796 3571 3874 μὴ
3607 3803 3699 3856 καί
3739 3803 3824 3864 τίς

2233 3904 2381 3975 ἡμᾶς
2409 3901 2697 3974 ἀναγκάσῃ
2725 3900 2881 3968 λόγος
2907 3899 3201 3970 ὁμολογεῖν
3230 3897 3491 3950 δύνασθαι
3529 3896 3629 3966 τὴν
3662 3895 3825 3964 ἁγίαν

2234 3993 2442 4066 Τριὰδα
2467 3992 2607 4074 Δπρὸς
2648 3991 2809 4046 ἐνάδα
2853 3989 3257 4060 παλινδρομεῖν.
3291 3990 3353 4041 Εἰ
3398 3988 3454 4041 δὲ
3489 3987 3647 4040 τοῦτο
3691 4003 3830 4057 φρο-

2233 4092 2344 4145 νεῖν
2373 4088 2406 4159 ῆ
2445 4075 2625 4156 λέγειν
2671 4087 2889 4164 ἁπάσης
2921 4086 3040 4139 ἐστὶ
3071 4083 3390 4148 δυσσεϐείας
3425 4085 3713 4148 ἐπέκεινα,
3757 4079 3827 4154 ἦν

2236 4180 2322 4233 ἀεὶ
2346 4177 2504 4249 μετὰ
2545 4177 2759 4247 Πατρὸς
2791 4177 2890 4246 τῆς
2919 4177 3078 4244 ἁγίας
3109 4176 3152 4229 Τ
3159 4175 3338 4246 ριάδος
3366 4177 3426 4228 τὸ
3457 4176 3751 4246 πλήρωμα.

2702 4444 2910 4509 ΑΛΛΟ,
2933 4443 3117 4506 τούτῳ
3145 4443 3364 4509 ὅμοιον.

626 4586 687 4642 Si
732 4583 1048 4640 Filius‘nOn
1090 4587 1175 4634 est
1213 4577 1488 4648 proprium
1530 4572 1780 4646 genimen
1821 4568 2118 4624 substantia

2316 4561 2379 4614 Εἰ
2416 4561 2514 4614 οὐκ
2550 4559 2695 4612 ἔστιν
2722 4560 2750 4611 6
2786 4558 2912 4622 Υἱὸς
2949 4556 3079 4609 ἴδιον
3112 4553 3356 4624 γέννημα
3383 4551 3486 4619 τῆς
3513 4551 3712 4615 οὐσίας
3732 4550 3828 4605 τοῦ

558 4680 769 4743 Patris,
800 4675 894 4732 sed
926 4679 990 4729 ex
1026 4672 1195 4728 nihilo
1227 4669 1401 4724 factus
1431 4676 1546 4731 est,
1581 4662 1859 4720 dissimilis
1894 4662 1996 4717 sibi
2035 4660 2137 4730 ipsi

559 4773 723 4829 fuerit
746 4779 936 4826 sancta
959 4765 1202 4820 Trinitas
1228 4771 1294 4817 ex
1321 4759 1492 4815 nihilo
1516 4771 1670 4813 suam
1697 4753 2138 4811 constitutionem

559 4867 804 4923 trahens.
833 4863 1008 4932 Atque
1035 4859 1106 4913 ita
1138 4855 1393 4923 deinceps
1417 4860 1669 4907 ereatura
1694 4845 1936 4904 Creatori
1963 4861 2137 4900 annu-

561 4957 878 5022 merabitur,
907 4961 963 5008 et
992 4963 1129 5021 opus
1162 4945 1404 5018 ejusdem
1441 4943 1544 4999 erit
1577 4955 1699 4996 cum
1733 4937 1928 5009 opiﬁce
1963 4935 2141 5007 digni-

562 5051 707 5105 tatis.
745 5049 815 5102 At
855 5046 904 5102 si
939 5047 1040 5100 hoc
1081 5040 1303 5112 impium
1344 5048 1459 5102 est,
1501 5049 1605 5090 una
1656 5031 1799 5089 enim
1839 5041 1925 5086 est
1964 5029 2144 5084 Deitas

562 5142 763 5190 sanctae
784 5133 1103 5199 Trinitatis,
1133 5137 1236 5185 una
1269 5127 1610 5198 gloriﬁcatio,
1639 5125 1936 5192 eademque
1967 5119 2143 5175 domi-

567 5226 750 5291 natio;
786 5224 968 5292 iniqne
1002 5223 1168 5292 igitur
1201 5223 1253 5275 in
1287 5217 1602 5274 dill‘erentes
1633 5213 1903 5270 essentias
1935 5209 2141 5265 scindi-

567 5333 674 5376 tur.
713 5317 831 5384 Quo
868 5325 1024 5384 pacto
1059 5323 1247 5370 autem
1292 5327 1398 5366 non
1439 5309 1603 5364 fuerit
1643 5305 1978 5368 absurdum,
2019 5316 2140 5356 cum

565 5413 724 5466 Pater
753 5407 826 5461 sit
855 5415 1110 5470 aeternus,
1145 5403 1348 5458 audere
1382 5401 1564 5456 dicere
1591 5399 1828 5454 Verbum
1864 5397 2010 5465 quod
2044 5392 2142 5462 ipsi

561 5504 766 5559 assidet
806 5509 1020 5567 unaque
1059 5505 1282 5565 regnat,
1321 5491 1614 5562 aliquando
1649 5505 1758 5544 non
1797 5488 2000 5552 fuisse;
2045 5484 2140 5540 sed

562 5591 842 5666 postmodo
878 5589 1077 5643 factum
1112 5599 1254 5650 esse,
1287 5594 1341 5639 et
1379 5598 1575 5638 novum
1615 5579 1906 5651 quemdam
1950 5591 2014 5632 ac
2057 5589 2141 5629 re-

563 5703 689 5745 cens
715 5685 915 5738 l'actum
947 5679 1116 5734 Deum
1144 5677 1444 5734 inducere?

627 5845 676 5879 δ’
701 5841 856 5898 Joan.
891 5859 930 5912 ι,
953 5844 1008 5898 3.

2246 4652 2628 4726 Πατρὺς,·ἁλλ“
2669 4649 2728 4714 ἐξ
2761 4649 2860 4702 οὐκ
2901 4647 3068 4701 ὄντων
3096 4644 3330 4714 ἐγένετο,
3375 4641 3630 4712 ἀνόμοιος
3677 4641 3829 4694 ἔσται

2250 4747 2384 4819 πρὸς
2410 4745 2608 4816 ἑαυτὴν
2631 4747 2664 4815 ἡ
2702 4743 2833 4810 ἁγία
2864 4740 3035 4810 Τριὰς
3074 4738 3132 4803 ἐξ
3163 4739 3261 4790 οὑκ
3294 4736 3462 4788 ὄντων
3493 4733 3691 4804 ἔχουσα
3734 4732 3832 4803 τὴν

2249 4841 2525 4894 σύστασιν.
2566 4837 2677 4890 Καὶ
2715 4834 2899 4886 λοιπον
2929 4832 2990 4884 τὸ
3019 4831 3223 4901 κτίσμα
3252 4827 3330 4899 τῷ
3362 4826 3570 4896 Κτίστῃ
3615 4841 3836 4894 συναρι-

2249 4936 2485 5006 θμεῖται.
2513 4931 2608 4985 καὶ
2643 4928 2707 4982 τὸ
2740 4927 2960 4996 ποίημα
2993 4925 3070 4995 τῷ
3107 4926 3306 4996 ποιητῇ
3339 4918 3740 4986 συνδοξάζεται.
3772 4918 3834 4970 Εἰ

2249 5029 2306 5082 δὲ
2337 5024 2494 5080 τοῦτο
2531 5021 2747 5085 ἀσεϐὲς,
2782 5021 2879 5092 μία
2913 5019 3017 5090 γὰρ
3040 5019 3236 5087 θεότης
3265 5016 3361 5086 τῆς
3399 5013 3559 5080 ἁγίας
3587 5009 3833 5080 Τριάδος,

2256 5117 2353 5189 μία
2400 5112 2703 5181 δοξολογία,
2741 5110 3066 5181 κυριότηςή
3115 5108 3287 5174 αὐτὴ,
3333 5103 3435 5155 οὐκ
3470 5103 3706 5169 εὐλόγως
3757 5101 3836 5162 είς

2249 5208 2539 5279 διαφόρους
2581 5204 2768 5265 οὐσίας
2799 5201 3058 5271 σχίζεται.
3112 5197 3237 5257 Πῶς
3265 5193 3322 5246 δὲ
3357 5193 3456 5246 οὐκ
3491 5193 3690 5247 ἄτοπον
3741 5189 3836 5243 τοῦ

2251 5301 2465 5373 Πατρὺς
2522 5299 2674 5361 ὄντος
2705 5293 2898 5355 ἀϊδίου,
2946 5290 3036 5342 τὸν
3087 5285 3505 5356 συγκαθήμενον
3559 5284 3706 5355 αὖτῷ
3744 5283 3838 5337 καὶ

2253 5367 2722 5464 συμέασιλεύοντα
2770 5382 2940 5449 Λόγον
2995 5377 3266 5449 τολμῆσαι
3317 5375 3496 5445 λέγειν
3545 5376 3646 5430 οὐκ
3698 5367 3838 5428 εἶναι.

2250 5484 2353 5556 μέν
2386 5496 2548 5534 ’ποτε⁹
2589 5473 2962 5543 έπιγεγονέναι
2995 5469 3050 5524 δὲ
3101 5468 3350 5540 ὕστερον,
3398 5467 3493 5521 καὶ
3531 5465 3838 5535 πρόσφατον

2250 5578 2381 5647 ἡμῖν
2412 5567 2761 5640 εἰσφέρεσθαι
2799 5565 2931 5619 Θεόν
2954 5583 2970 5632 ;
