4056 6264
271 356 346 412 49.
1682 367 2120 425 T-HESAURUS.
3458 374 3526 430 50

959 478 1157 533 AAAO.

2621 481 2852 537 ALIUD.

330 581 489 653 Πηγὴ
521 586 723 654 σοφίας
765 589 860 642 καὶ
894 585 1036 667 ζωῆς
1058 591 1301 648 καλεῖται
1329 595 1422 648 καὶ
1451 593 1594 647 ἔστιν
1622 596 1649 646 6
1687 593 1834 654 Θεός.

2014 591 2154 647 Fons
2187 594 2546 660 sapientiaet
2579 595 2698 649 vita:
2728 606 2952 650 vocatur
2980 605 3031 650 et
3064 606 3147 651 est
3183 597 3345 652 Deus.
3381 598 3516 652 Nam

265 672 356 725 Διὰ
397 675 500 742 μὲν
547 677 663 747 γὰρ
698 679 955 750 Ἱερεμίου
1003 683 1166 753 φησίν
1193 701 1208 717 ο
1252 703 1270 735 ι
1311 685 1440 754 Ἐμὲ
1489 684 1842 751 ἐγκατέλιπον

265 763 447 832 πηγὴν
479 763 674 829 ὓδατος
717 768 932 834 ζῶντος.
963 791 981 822 ι
1020 774 1131 827 Καὶ
1175 775 1335 830 πάλιν
1355 793 1370 807 σ
1409 793 1427 826 ι
1458 774 1655 844 Θρόνος
1687 773 1844 842 86in;

264 852 578 922 ὑψωμένος,
606 859 845 930 ἁγίασμα
874 864 1052 934 ἡμῶν,
1085 867 1326 939 ὑπομονὴ
1359 867 1590 937 Ἰσραὴλ,
1619 867 1840 937 Κύριος.

267 942 485 1006 Πάντες
520 946 570 997 oi
611 948 996 1034 καταλιπόντες
1043 973 1101 1016 σε
1139 957 1706 1028 καταισχυνθήτωσαν,
1743 957 1842 1022 ἀφ-

270 1035 566 1102 εστηκότες
593 1039 682 1090 ἐπὶ
706 1041 808 1109 τῆς
837 1045 960 1114 γῆς,
992 1046 1363 1120 Γραφήτωσαν
1393 1049 1473 1102 ὅτι
1495 1048 1848 1115 ἐγκατέλιπον

275 1123 463 1193 πηγὴν
511 1125 652 1196 ζωῆς
703 1131 795 1182 τὸν
859 1133 1078 1204 Κύριον.
1112 1154 1128 1186 ι
1187 1136 1284 1189 Διὰ
1337 1136 1394 1189 δὲ
1448 1136 1539 1189 τοῦ
1595 1135 1841 1205 Βαρούχ·

283 1229 300 1260 ⁴
347 1212 758 1279 Ἐγκατελίπετε
788 1221 886 1290 τὴν
921 1223 1099 1294 πηγὴν
1130 1226 1224 1295 τῆς
1255 1225 1462 1292 σοφίας.
1498 1245 1515 1276 ι
1555 1223 1710 1276 Οὕτω
1739 1218 1846 1276 toi?

277 1317 372 1352 νυν
411 1303 555 1368 ὄντος
603 1326 662 1360 τε
695 1311 795 1377 καὶ
846 1313 1178 1386 καλουμένου
1214 1315 1305 1370 τοῦ
1345 1314 1501 1380 Θεοῦ,
1553 1314 1846 1380 ἀκόλουθόν

277 1393 387 1444 ἐστι
422 1396 483 1464 τῇ
533 1401 684 1468 πηγῇ
733 1400 834 1470 τῆς
869 1403 1061 1472 σοφίας
1116 1407 1480 1475 συνυπάρχειν
1524 1405 1593 1458 τὰ
1640 1405 1699 1468 ἐξ
1744 1406 1843 1457 αὐ-

274 1484 365 1552 τῆς
385 1501 397 1513 ⁸
427 1488 550 1540 ἐπεὶ
577 1491 676 1550 οὒκ
708 1493 773 1544 ἂν
806 1479 893 1564 ὲῖη
925 1497 1075 1567 πηγὴ
1120 1498 1286 1567 μηδὲν
1317 1498 1712 1561 ἀναϐλύζουσα.
1742 1498 1846 1549 Οὐ-

274 1575 398 1634 κοῦν
439 1579 496 1630 ὲν
534 1581 612 1651 τῷ
649 1584 863 1652 λέγειν·
899 1585 1008 1642 Ἦν
1050 1590 1147 1643 ὅτε
1179 1593 1291 1644 οὐκ
1334 1587 1414 1660 ἦν
1471 1592 1630 1656 Υἱὸς,
1677 1591 1704 1642 6
1759 1589 1846 1641 λέ-

275 1688 418 1737 γων’
459 1675 602 1743 Ἐγώ
643 1679 756 1747 είμι
784 1680 818 1748 ἡ
862 1677 994 1750 ζωὴ,
1025 1682 1114 1732 καὶ
1148 1682 1257 1749 ὲγὼ
1286 1684 1318 1752 ἡ
1365 1682 1546 1750 σοφία,
1578 1680 1843 1746 κατεσκής

1951 699 2047 755 per
2083 685 2367 740 Jeremiam
2415 686 2485 739 ita
2532 687 2609 741 ait
2654 706 2668 742 :
2719 706 2737 739 ι
2793 686 3148 756 Reliquerunt
3193 704 3278 743 me
3323 688 3523 743 fontem

1949 791 2102 844 aqua
2127 777 2258 830 viva;
2274 777 2340 830 ⁵1.
2374 795 2393 828 ›
2431 776 2496 830 Ει
2526 793 2740 832 rursum
2774 795 2788 832 :
2829 797 2846 829 ι
2881 777 3132 832 Thronus
3161 777 3342 847 gloria:
3367 777 3520 832 exal-

1952 877 2110 931 tatns,
2141 868 2497 925 sanctiﬁcatio
2528 880 2731 936 nostra,
2762 871 3096 940 exspectatio
3126 872 3311 936 Israel,
3343 871 3522 925 Domi-

1951 975 2068 1015 nus.
2118 960 2451 1015 Erubescant
2496 978 2683 1016 omnes
2728 963 2818 1032 qui
2867 963 3199 1031 reliquerunt
3246 972 3318 1026 te,
3369 976 3519 1018 rece-

1950 1048 2136 1102 dentes
2176 1063 2206 1101 a
2252 1059 2414 1103 terra.
2460 1051 2779 1104 Scribautur
2816 1052 3072 1119 quoniam
3117 1051 3523 1120 dereliquerunt

1954 1139 2151 1194 fontem
2185 1141 2308 1194 vita
2344 1140 2626 1194 Dominum
2646 1143 2711 1194 δ’.
2753 1161 2770 1192 ι
2807 1142 2869 1195 Et
2904 1157 2999 1208 per
3028 1141 3238 1196 Baruch
3275 1161 3287 1195 :
3323 1161 3341 1193 ι
3380 1141 3522 1196 Fon-

1952 1241 2058 1284 tem
2101 1231 2379 1298 sapientiae
2416 1233 2781 1301 dereliquistis
2800 1233 2868 1285 ⁸⁸.
2915 1253 2934 1284 ι
2977 1234 3111 1288 Cum
3159 1236 3339 1303 itaque
3378 1235 3525 1304 ejus-

1954 1323 2094 1376 modi
2138 1325 2209 1376 sit
2248 1331 2302 1378 et
2340 1333 2560 1378 vocetur
2601 1325 2762 1391 Deus,
2807 1339 3148 1392 consequens
3191 1336 3276 1379 est
3319 1336 3378 1379 ut
3417 1342 3521 1382 una

1953 1427 2076 1464 cum
2107 1411 2252 1466 fonte
2282 1413 2546 1474 exsistant
2574 1429 2693 1483 qua:
2720 1431 2783 1468 ex
2811 1429 2876 1468 eo
2903 1423 3142 1470 manant.
3171 1414 3353 1484 Neque
3379 1418 3522 1470 enim

1956 1503 2114 1558 fuerit
2159 1504 2279 1560 fons
2320 1507 2418 1559 nisi
2465 1516 2664 1562 manet.
2707 1507 2944 1562 Dicendo
2989 1508 3152 1577 igitur
3192 1525 3205 1561 :
3252 1506 3382 1561 Erat
3426 1508 3520 1560 ali-

1952 1599 2163 1664 quando
2209 1596 2416 1663 quando
2462 1614 2562 1650 non
2611 1608 2724 1652 erat
2775 1597 2978 1661 Filius,
3026 1598 3117 1667 qui
3169 1598 3298 1652 dicit
3349 1616 3362 1652 :
3415 1597 3523 1667 Ego

1953 1699 2068 1738 sum
2101 1685 2240 1748 vita,
2273 1695 2326 1739 et
2357 1700 2456 1755 ego
2489 1687 2760 1755 Sapientia
2793 1689 3025 1742 habitavi
3061 1689 3112 1742 in
3145 1687 3411 1753 consiliis,
3445 1689 3524 1742 fa-

277 1780 424 1816 νωσα
469 1765 686 1836 βουλὴν,
720 1773 1092 1840 συνομολογεῖν
1123 1773 1231 1825 ἔστι
1264 1773 1448 1841 σαφῶς
1497 1772 1665 1842 ξηράν
1715 1787 1843 1822 ποτε

1956 1776 2171 1829 tendum
2207 1778 2426 1831 omnino
2458 1779 2562 1832 erit
2594 1778 2795 1833 siccum
2831 1789 2993 1850 atque
3024 1781 3366 1836 infecundum
3405 1795 3524 1834 esse

285 1857 381 1907 καὶ
411 1856 602 1924 ἄγονον
629 1857 760 1912 εἶναι
799 1863 894 1933 τὴν
924 1867 1119 1937 :rqyfjv.
1150 1867 1212 1918 Εί
1239 1867 1290 1918 δὲ
1323 1865 1478 1919 τοῦτο
1515 1866 1728 1928 ἀσεϐὲς,
1758 1865 1845 1916 ἀεὶ

288 1945 396 2015 γὰρ
424 1952 748 2018 καρπογόνος
773 1955 803 2023 ἡ
851 1954 968 2008 θεία
997 1956 1177 2026 φύσις,
1207 1961 1297 2011 καὶ
1334 1959 1484 2012 οὐδὲν
1525 1959 1582 2010 ὲν
1613 1957 1748 2027 αὐτῇ
1787 1955 1848 2008 τὸ

283 2040 479 2104 καινὸν,
508 2037 573 2111 ἦν
598 2043 702 2113 ἄρα
731 2046 808 2115 τῷ
843 2049 1171 2120 Γεννήσαντι
1221 2052 1486 2114 συναῖδιος
1518 2053 1546 2104 6
1589 2050 1646 2114 ἐξ
1680 2045 1846 2102 αὑτοῦ

273 2130 488 2198 γνήσιος
514 2135 704 2202 Λόγος,
731 2135 882 2191 ὥσπε
891 2157 922 2210 ρ
951 2141 1062 2194 ἀπὸ
1089 2159 1233 2204 τινος
1261 2142 1440 2212 πηγῆς
1467 2143 1562 2210 τῆς
1594 2138 1849 2211 πατρῴας

266 2219 588 2285 ἀναϐλύζων
617 2227 829 2290 οὐσίας.

608 2339 814 2393 ΑΛΛΟ,
848 2344 953 2406 Εἰς
985 2342 1054 2394 τὸ
1087 2343 1231 2397 αὐτὸ
1265 2347 1532 2398 πιθανόν.

360 2444 791 2517 ἐπαγγέλλεται
842 2453 1095 2522 ποιήσειν
1122 2456 1150 2510 6
1189 2453 1317 2522 Θεὸς
1366 2456 1486 2518 τοὺς
1516 2454 1855 2520 δουλεύοντας

266 2535 439 2606 αάτῷρ
471 2537 550 2600 ὡς
587 2542 769 2610 πηγὴν
799 2542 864 2611 ἧν
895 2544 973 2614 μὴ
1017 2543 1262 2622 ἐξέλιπεν
1303 2546 1458 2617 ὕδωρ.
1489 2549 1641 2602 Οὕτω
1679 2567 1734 2602 τε
1763 2550 1850 2602 διὰ

263 2628 357 2680 τοῦ
421 2633 708 2701 προφήτου
753 2636 918 2705 φησὶν
973 2637 1231 2701 Ἡσαΐουο
1285 2640 1436 2692 «Καὶ
1489 2641 1848 2714 ἐμπλησθήσῃ

269 2718 518 2790 καθάπερ
546 2722 860 2796 ἐπιθυμεῐή
889 2727 1033 2797 ψυχή
1064 2745 1176 2792 σου,
1203 2732 1292 2782 καὶ
1316 2732 1384 2784 τὰ
1407 2733 1540 2786 ὀστᾶ
1567 2749 1659 2785 σου
1691 2750 1850 2785 πιαν-

271 2813 522 2882 θὴσεται·
556 2817 649 2868 καὶ
684 2816 837 2870 ἔσται
871 2818 946 2881 ὡς
989 2823 1165 2890 κῆπος
1195 2823 1428 2892 μεθύων,
1467 2827 1562 2878 καὶ
1590 2825 1665 2888 ὡς
1696 2826 1848 2896 πηγὴ

271 2897 338 2970 ἧς
367 2903 439 2973 μὴ
466 2902 710 2968 ἐξέλιπεν
739 2908 938 2982 ὕδωρ.»
968 2912 1150 2966 Ταῦτα
1185 2913 1275 2966 τοῦ
1307 2915 1442 2969 Θεοῦ
1487 2918 1732 2986 ποιήσειν
1762 2917 1850 2969 ἐπ’

277 2991 572 3060 ἀνθρώπων
627 2999 1076 3073 ὑπισχνουμένου,
1130 3005 1246 3068 πῶς
1303 3006 1362 3060 οὐ
1397 3007 1580 3078 πάσης
1626 3008 1690 3059 ἂν
1741 3001 1853 3060 εἷεν

285 3082 535 3147 ἀσεϐείας
578 3088 888 3155 ὑπεύθυνοι,
921 3094 968 3144 οἱ
1003 3096 1101 3163 τὴν
1134 3093 1283 3148 θείαν
1325 3097 1542 3167 ἐκείνην
1594 3098 1685 3152 καὶ
1714 3096 1854 3166 ἀκή-

293 3178 659 3254 ρατονυπηγὴν
691 3179 849 3250 ξηράν
894 3201 1032 3250 ποτε
1077 3187 1411 3258 γεγενῆσθαι
1445 3188 1725 3257 λέγοντες·
1765 3188 1853 3240 ἵνα
1881 3166 1924 3225 C

291 3265 383 3316 καὶ
424 3267 718 3338 ἀνθρώπων
744 3272 988 3346 δεύτερος
1036 3279 1296 3349 φαίνηται
1329 3279 1495 3345 Θε6ς;
1523 3271 1584 3332 Εἰ
1617 3281 1671 3333 δὲ
1697 3280 1854 3333 τοῦτο

281 3356 496 3422 ἄτοπον,
531 3356 597 3432 ἦν
627 3362 732 3432 ἄρα
760 3367 826 3429 ἐν,
844 3371 908 3438 τῇ
943 3373 1096 3439 πηγῇ
1126 3370 1186 3423 τὸ
1219 3371 1363 3443 ὕδωρ
1390 3373 1490 3443 τῆς
1519 3372 1665 3442 ζωῆς
1695 3376 1790 3426 καὶ
1821 3377 1859 3444 ἠ

278 3447 530 3521 Eia-517;;
561 3456 737 3522 σοφία,
769 3459 1048 3516 τουτέστιν
1075 3464 1102 3516 6
1132 3463 1278 3531 Υἱός.

446 3633 653 3699 ΑΛΛΟ,
683 3635 780 3691 διὰ
818 3638 928 3708 τῆς
957 3643 1042 3708 είς
1070 3642 1295 3701 ἄτοπον
1330 3645 1668 3719 ἀπαγωγῆς.

344 3745 656 3816 Γέγραπται
678 3765 691 3778 ’
733 3771 750 3802 ι
780 3747 876 3816 Εἷς
903 3755 1036 3818 Θεὸς
1063 3757 1092 3807 6
1123 3758 1330 3830 Πατὴρ,
1361 3761 1420 3824 ἐξ
1459 3757 1519 3816 οὗ
1547 3764 1614 3816 τὰ
1648 3766 1849 3830 πάντα,

387 3838 418 3930 :1
429 3841 549 3930 psi;
570 3841 650 3903 είς
689 3843 848 3911 αὐτόν
865 3863 878 3874 ο
911 3841 1104 3915 καὶ-εἷς
1130 3849 1333 3922 Κύριος
1367 3855 1569 3930 Ἰησοῦς
1594 3857 1847 3927 Χριστὸς.

274 3925 338 3976 δι’
357 3920 418 3978 οὗ
450 3927 518 3982 τὰ
553 3931 752 3997 πάντα,
778 3936 870 3988 καὶ
911 3939 1070 4007 ἡμεῖς
1092 3937 1156 3992 δι’
1181 3942 1366 4007 αὑτοῦ,
1397 3962 1413 3993 ι
1448 3920 1561 3998 ἀλλ’
1589 3947 1641 3999 εί
1658 3966 1738 4012 τις
1762 3947 1852 4000 τὸν

274 4016 334 4070 δι’
361 4015 419 4074 οὗ
455 4022 522 4096 (ξι
557 4022 739 4076 πάντα
771 4027 1013 4094 γέγονεν,
1043 4030 1137 4083 ἕνα
1169 4032 1276 4085 τῶν
1322 4035 1536 4090 πάντων
1575 4033 1714 4090 εἶναι
1762 4039 1851 4090 λέα

277 4127 376 4176 γοι,
402 4112 463 4164 τὸ
494 4115 707 4168 κωλῦον
742 4118 915 4182 οὐδὲν,
960 4121 1052 4175 καὶ
1081 4123 1172 4176 τὸν
1214 4124 1281 4191 ἐξ,
1309 4119 1371 4178 οὗ
1419 4126 1488 4180 τὰ
1531 4129 1706 4182 πάντα
1741 4131 1852 4191 τοῖς

279 4205 448 4267 αὐτοῖς
478 4205 812 4262 ὑποϐάλλειν
846 4211 1235 4284 συλλογισμοῖς.
1265 4217 1327 4268 Εί
1360 4217 1416 4269 δὲ
1445 4216 1604 4270 τοῦτο
1632 4219 1849 4286 ἀσεϐὲς,

279 4294 388 4347 οὐδὲ
418 4298 447 4349 6
482 4297 618 4361 Υἱὸς
650 4297 710 4350 ἓν
749 4298 899 4354 ἔσται
935 4303 1040 4356 τῶν
1078 4305 1314 4370 πάντων,
1350 4308 1418 4359 δι’
1456 4300 1518 4360 οῦ
1565 4307 1632 4361 τὰ
1676 4311 1853 4364 πάντα

281 4387 512 4454 γέγονεν,
535 4390 711 4453 ἀΐδιος
732 4388 842 4446 οὖν.
863 4393 920 4446 Ὀ
946 4395 1051 4466 γὰρ
1085 4397 1221 4462 ὅλως
1258 4398 1318 4450 τὸ
1349 4394 1486 4453 εἶναι
1523 4401 1725 4471 κτίσμα
1760 4403 1852 4455 καὶ

1955 1865 2177 1917 fontem.
2216 1863 2270 1918 Si
2312 1880 2436 1919 vero
2478 1867 2579 1921 hoc
2615 1868 2837 1935 impium
2881 1877 2991 1932 cst,
3031 1868 3256 1923 fecunda
3291 1870 3434 1923 enim
3470 1880 3523 1924 et

1925 1952 2230 2008 .l‘ructifera
2263 1969 2473 2027 semper
2505 1964 2586 2011 est
2626 1957 2802 2012 divina
2839 1969 3058 2022 natura,
3096 1959 3337 2028 nihilque
3371 1959 3422 2012 in
3457 1974 3520 2013 ea

1955 2044 2132 2109 inane,
2161 2053 2277 2100 erat
2307 2047 2490 2117 utique
2517 2059 2842 2104 coaternum
2875 2049 3018 2103 Patri
3050 2049 3278 2104 Verbum
3310 2066 3374 2105 ex
3408 2052 3527 2119 ipso

1953 2137 2213 2206 genitum,
2241 2152 2270 2192 e
2295 2147 2518 2207 paterna
2546 2142 2777 2195 essentia
2805 2141 2966 2195 veluti
3000 2142 3146 2195 fonte
3173 2157 3523 2210 promanaus.

2205 2338 2317 2408 28
2356 2337 2592 2402 ALIUD,
2631 2338 2862 2406 ejusdem
2902 2341 2974 2393 rei
3015 2341 3266 2408 probatio.

2020 2451 2294 2509 Promittit
2327 2452 2469 2506 Deus
2499 2451 2763 2506 facturum
2795 2468 2852 2507 se
2884 2468 2978 2508 eos
3007 2455 3096 2522 qui
3129 2454 3227 2520 ipsi
3259 2454 3523 2515 serviunt,

1954 2543 2100 2598 velut
2129 2543 2350 2606 fontem,
2381 2541 2535 2609 cujus
2571 2557 2707 2610 aqua
2742 2559 3013 2612 nunquam
3047 2545 3246 2598 deficit.
3277 2543 3349 2596 Ita
3381 2543 3522 2596 enim

1955 2650 2050 2698 per
2075 2634 2221 2687 Isaiae
2249 2633 2522 2702 propheta:
2544 2647 2728 2689 vocem
2758 2637 2831 2687 alt
2861 2652 2874 2688 :
2909 2653 2928 2685 ι
2965 2635 3021 2687 Et
3057 2635 3362 2704 implcbcris
3388 2635 3524 2689 sicut

1956 2727 2132 2780 anima
2176 2736 2262 2779 tua
2302 2725 2604 2786 desiderat,
2641 2736 2694 2778 et
2741 2725 3088 2795 pinguescent
3129 2741 3248 2779 ossa
3295 2736 3381 2779 tua
3423 2742 3434 2777 :
3473 2734 3524 2779 et

1956 2827 2115 2873 erunt
2158 2816 2307 2892 quasi
2353 2815 2543 2870 hortus
2589 2815 2860 2892 irriguus,
2909 2829 2962 2870 et
3002 2817 3162 2870 veluti
3213 2817 3332 2870 l'ons
3373 2817 3528 2883 cujus

1958 2924 2094 2978 aqua
2116 2887 2414 2968 nondelicit
2439 2905 2503 2956 ".
2528 2923 2545 2956 ι
2574 2903 2697 2958 llaec
2729 2921 2848 2958 cum
2874 2905 3016 2970 Deus
3046 2907 3098 2958 in
3131 2906 3436 2960 hominibus
3467 2919 3526 2958 se

1960 3001 2318 3072 prastitnrum
2356 2999 2664 3066 promittat,
2697 3012 2803 3066 quo
2836 3007 2989 3062 pacto
3020 3011 3122 3048 non
3152 3005 3393 3049 extreme
3427 2994 3530 3048 im-

1961 3092 2032 3161 pii
2072 3089 2324 3144 censendi
2367 3097 2518 3152 sunt,
2555 3089 2643 3158 qui
2682 3087 2922 3142 divinum
2961 3086 3106 3140 illum
3143 3097 3303 3156 atque
3339 3099 3531 3154 pereno

1960 3199 2079 3238 nem
2115 3182 2347 3245 inuitem,
2379 3181 2582 3234 siccum
2617 3180 2905 3248 aliquando
2939 3178 3102 3233 fuisse
3132 3178 3350 3242 dicunt,
3383 3189 3440 3232 ut
3472 3183 3527 3232 et

1961 3275 2225 3329 secundus
2255 3271 2473 3341 quidam
2507 3272 2785 3324 hominum
2818 3269 2958 3326 Deus
2993 3286 3114 3325 esse
3144 3268 3429 3324 videatur?
3458 3270 3527 3324 At

1960 3381 2085 3419 vero
2114 3365 2158 3418 si
2193 3366 2290 3417 hoc
2319 3362 2607 3416 absurdum
2635 3372 2740 3427 cst,
2771 3373 2887 3418 erat
2913 3364 3096 3432 utique
3125 3366 3176 3417 in
3210 3363 3356 3418 fonte
3387 3377 3523 3432 aqua

1959 3459 2079 3510 vitae
2117 3465 2172 3511 et
2212 3454 2473 3524 sapientia
2515 3468 2634 3525 quae
2677 3455 2798 3509 inde
2837 3463 3136 3524 promanat,
3179 3456 3279 3509 hoc
3315 3464 3398 3509 est
3437 3453 3528 3509 Fi-

1960 3547 2081 3607 lius.

2134 3632 2372 3697 ALIUD,
2415 3649 2506 3701 per
2542 3634 2891 3686 reductionem
2932 3632 3000 3684 ad
3040 3632 3348 3686 absurdum.

2031 3746 2304 3814 Scriptum
2333 3754 2414 3803 est
2443 3762 2456 3798 :
2491 3763 2509 3796 ι
2544 3744 2690 3800 Unus
2721 3743 2860 3799 Deus
2885 3743 3066 3810 Pater,
3094 3761 3157 3798 ex
3188 3761 3295 3812 quo
3323 3745 3524 3808 omnia,

1959 3844 2012 3890 et
2038 3851 2134 3890 nos
2162 3836 2211 3888 in
2240 3836 2357 3904 ipso
2385 3853 2398 3889 :
2426 3844 2477 3888 et
2508 3849 2648 3887 unus
2676 3833 2933 3888 Dominus
2958 3833 3112 3888 Jcsus
3139 3834 3404 3895 Christus,
3433 3849 3526 3900 per

1958 3941 2116 3993 quem
2153 3928 2366 3989 omnia,
2399 3936 2452 3980 et
2487 3941 2583 3979 nos
2620 3940 2712 3993 per
2744 3926 2913 3993 ipsum
2937 3925 3014 3987 ll°;
3054 3944 3070 3974 ι
3112 3927 3154 3978 si
3192 3926 3310 3991 quis
3347 3934 3524 3976 autem

1961 4019 2106 4071 illum
2135 4033 2230 4087 per
2254 4032 2411 4087 quem
2440 4019 2617 4071 omnia
2651 4018 2790 4070 facta
2823 4024 2969 4076 sunt,
2997 4031 3158 4066 unum
3187 4029 3248 4067 ex
3279 4013 3527 4067 oniuibus

1960 4125 2079 4164 esse
2124 4110 2300 4174 dicat;
2355 4108 2488 4162 nihil
2538 4107 2712 4160 oberit
2755 4104 3041 4173 quominus
3086 4105 3246 4159 etiam
3292 4119 3413 4157 eum
3461 4120 3525 4159 ex

1959 4217 2066 4271 quo
2094 4202 2309 4265 omnia,
2342 4200 2529 4254 eodem
2563 4199 2614 4251 in
2645 4198 2832 4251 ordine
2861 4212 2982 4249 cum
3013 4196 3262 4251 omnibus
3293 4195 3526 4252 colloce-

1962 4310 2098 4348 mus.
2128 4295 2183 4348 Si
2213 4309 2339 4348 vero
2371 4293 2421 4346 id
2454 4291 2734 4347 manifeste
2766 4293 2989 4360 impium
3020 4302 3120 4358 est,
3158 4307 3328 4360 neque
3359 4290 3525 4346 Filius

1961 4402 2120 4438 unum
2150 4387 2253 4438 erit
2277 4401 2340 4438 cx
2366 4383 2646 4450 omnibus,
2676 4400 2770 4452 per
2796 4401 2952 4452 quem
2983 4386 3162 4439 omnia
3196 4387 3333 4439 facta
3365 4397 3522 4449 sunt,

284 4476 485 4547 ποίημα
509 4481 906 4551 διαπεφευγὼς,
937 4487 1036 4538 οὐκ
1060 4487 1119 4540 ὲν
1138 4490 1250 4551 τοῖς
1278 4489 1439 4541 πᾶσιν
1461 4489 1554 4556 ὢν,
1579 4491 1692 4544 ἀλλ’
1713 4493 1850 4563 ὑπὲρ

1958 4488 2191 4532 aeternus
2227 4477 2428 4546 itaque.
2463 4478 2505 4530 A
2543 4493 2647 4544 quo
2681 4481 2822 4530 enim
2861 4477 2912 4530 in
2952 4479 3259 4531 universum
3306 4477 3356 4530 id
3397 4478 3525 4530 alie-

283 4565 460 4618 πάντα
488 4571 582 4620 καὶ
612 4572 704 4623 ἐπὶ
738 4573 954 4628 πάντων
983 4575 1121 4639 Θεὸς
1145 4576 1483 4648 νοηθήσεται.

648 4856 827 4910 ΛΑΛὰ
860 4853 1026 4913 ἁπλᾶ
1066 4859 1164 4913 και
1196 4860 1485 4913 ἀπόλυτα.

349 4966 410 5018 Ei
445 4966 560 5034 φῶς
592 4969 737 5021 ἐστιν
771 4971 800 5021 ὁ
837 4969 969 5032 Θεος
1011 4972 1102 5024 καὶ
1144 4969 1448 5044 Πατὴρ,νῆν
1477 4975 1563 5026 ἀεὶ
1607 4975 1662 5025 ὲν
1704 4973 1852 5042 αὐτῷ

284 5057 336 5109 τὸ
367 5059 708 5129 ἀπαύγασμα
732 5061 918 5115 αὐτοῦ.
953 5065 1015 5116 Εἰ
1049 5065 1332 5134 χαρακτήρ
1366 5065 1512 5116 ἐστιν
1540 5067 1568 5117 6
1594 5064 1725 5125 Υἱὸς
1753 5063 1852 5132 τῆς

281 5149 366 5201 τοῦ
397 5152 609 5219 Πατρὸς
655 5154 1028 5218 ὑποστάσεως,
1060 5157 1199 5209 κατὰ
1232 5157 1328 5226 τὴν
1357 5154 1451 5206 τοῦ
1491 5156 1704 5208 Παύλου
1737 5171 1849 5220 φω-

281 5241 388 5306 νὴν,
421 5241 729 5310 λεγέτωσαν
763 5246 814 5296 οί
849 5247 935 5297 ἐπ’
961 5245 1122 5300 αὑτοῦ
1150 5249 1231 5310 τὸ,
1263 5249 1384 5300 Οὺκ
1418 5242 1513 5314 ἦν,
1550 5243 1855 5314 τολμῶντες

280 5333 479 5404 φέρειν,
519 5335 650 5404 πότε
693 5338 1040 5410 χαρακτῆρος
1071 5340 1234 5410 χωρὶς
1277 5336 1344 5409 ἦν
1375 5341 1407 5408 ή
1439 5337 1731 5399 ὑπόστασις
1763 5336 1852 5388 τοῦ

232 5492 234 5494 γ
281 5423 516 5492 Πατρός;
559 5424 727 5495 Ὁμοῦ
761 5424 873 5496 γὰρ
907 5431 971 5498 τῇ
1002 5429 1293 5481 ὑποστάσει
1324 5430 1417 5481 καὶ
1458 5431 1484 5481 6
1523 5426 1724 5495 ταύτης
1765 5443 1858 5495 χα-

284 5516 482 5586 ρακτὴρ
518 5519 924 5586 συνεισάγεται.
957 5521 1017 5573 Ei
1053 5520 1281 5592 ἀλήθεια
1319 5523 1412 5574 καὶ
1465 5521 1624 5586 σοφία
1660 5508 1803 5570 ἐστὶν
1831 5522 1858 5572 6

343 5691 384 5720 ”
406 5690 610 5747 Jerem.
657 5710 720 5759 ιι,
758 5694 845 5749 15.

963 5695 1001 5726 ⁸⁷
1029 5695 1224 5751 Jercm.
1261 5711 1386 5760 sui,
1440 5698 1521 5759 l2,
1568 5698 1648 5749 15.

285 5757 317 5787 ³³
352 5761 504 5817 llcbr.
543 5781 584 5830 ι,
628 5764 684 5822 5..

1763 5696 1804 5724 ⁸⁸
1833 5693 2038 5746 Buruch
2100 5707 2178 5756 In,
2225 5689 2308 5743 12.

1961 4588 2120 4633 num,
2153 4581 2210 4625 ut
2237 4587 2370 4640 opus
2401 4581 2492 4624 aut
2522 4581 2767 4623 creatura
2798 4572 2899 4632 sit,
2937 4570 2980 4622 is
3013 4586 3116 4624 non
3149 4585 3285 4622 unus
3314 4584 3376 4622 ex
3411 4585 3526 4624 om-

1960 4665 2138 4725 nibus,
2178 4663 2272 4717 sed
2316 4678 2475 4732 super
2513 4664 2693 4714 omnia
2738 4673 2792 4714 et
2834 4661 2886 4714 iu
2935 4662 3184 4715 omnibus
3231 4660 3368 4713 Deus
3407 4674 3524 4714 esse

1958 4756 2284 4811 censebitur.

2249 4864 2404 4917 ALIA
2443 4864 2701 4931 simplicia
2741 4873 2786 4914 et
2829 4861 3234 4914 indissolubilia.

2030 4973 2084 5026 Si
2127 4972 2261 5024 Deus
2296 4983 2350 5025 et
2380 4973 2540 5026 Pater
2573 4974 2749 5024 lumen
2784 4980 2895 5032 est,
2927 4981 3044 5023 erat
3077 4981 3290 5035 semper
3321 4966 3373 5020 in
3408 4967 3524 5036 ipso

1959 5065 2134 5116 lumen
2173 5063 2306 5127 ejus.
2340 5059 2396 5114 Si
2431 5061 2599 5112 Filius
2626 5069 2707 5113 est
2737 5059 3018 5111 character
3049 5059 3163 5112 sive
3197 5055 3368 5112 forma
3399 5061 3524 5114 sub-

1956 5155 2166 5209 stantia:
2202 5152 2408 5213 Patris,
2447 5150 2597 5218 juxta
2635 5148 2784 5201 Pauli
2824 5163 3008 5202 vocem
3033 5150 3104 5213 ",
3145 5149 3323 5204 dicant
3360 5151 3395 5204 ii
3432 5153 3520 5220 qui

1954 5249 2076 5309 hoc,
2117 5243 2236 5296 Non
2278 5249 2411 5305 erat,
2453 5242 2519 5294 de
2560 5256 2625 5294 eo
2667 5241 2846 5295 dicere
2888 5241 3104 5305 audent,
3140 5243 3353 5311 quando
3397 5244 3524 5296 sub-

1955 5337 2151 5392 stantia
2182 5333 2359 5388 Patris
2392 5334 2594 5400 absque
2624 5349 2720 5388 suo
2753 5333 3064 5387 charactere
3093 5334 3400 5389 exstiterit?
3432 5334 3519 5386 Si-

1959 5427 2069 5481 mul
2102 5426 2243 5478 enim
2279 5439 2402 5478 cum
2435 5426 2732 5478 substantia
2767 5424 2930 5478 etiam
2965 5427 3246 5479 character
3277 5424 3395 5491 ejus
3437 5425 3521 5476 in-

1959 5517 2193 5570 ducitur.
2214 5514 2269 5567 Si
2295 5514 2492 5569 vcritas
2513 5525 2565 5569 et
2586 5514 2847 5582 sapientia
2871 5524 2953 5567 est
2974 5514 3164 5578 Filius,
3183 5511 3396 5580 quando
3417 5527 3522 5567 non

2421 5692 2463 5722 δ’
2502 5692 2601 5745 lsa.
2636 5702 2789 5751 Lvut,
2825 5691 2903 5742 Il.
3019 5690 3062 5718 '°
3100 5688 3118 5739 l
3156 5687 3276 5739 Cor.
3315 5699 3430 5746 \‘lll,
3469 5683 3522 5736 6.
