4056 6264
511 381 572 443 δι
1493 375 1548 428 S.
1591 372 1861 428 CYRILLI
1902 371 2372 427 ALEXANDIHNI
2415 372 2734 431 ARCHIEP.
3700 382 3768 439 53

514 497 613 549 [nit
647 493 698 547 in
726 493 934 558 Patre?
974 492 1197 562 Semper
1231 493 1374 547 enim
1409 493 1672 562 sapientia
1706 501 1760 545 et
1796 489 1996 548 veritas
2029 489 2080 542 in

2214 489 2341 556 leg,
2379 493 2508 545 πότε
2551 495 2650 547 οὐκ
2682 490 2751 565 ἦν
2783 496 2841 547 ἐν
2874 495 2952 566 τῷ
2990 498 3198 568 Πατρί;
3244 499 3355 550 Ἀεὶ
3397 498 3505 568 γὰρ
3546 495 3764 568 ἀλήθεια

513 583 622 641 Deo
653 597 706 641 et
734 587 896 639 Patre
925 586 1044 639 fuit.

1188 697 1417 753 ALIUD.
1507 674 1518 677 ’

591 810 646 864 Si
682 811 732 865 in
765 811 902 866 Filio
932 811 1145 866 videtur
1177 811 1335 864 Pater
1361 820 1415 866 et
1448 810 1646 874 Filius,
1679 821 1733 864 et
1764 819 1845 863 est
1879 806 2089 862 indiffe-

520 916 646 955 rens
679 902 852 971 imago
884 904 1130 955 essentia:
1158 902 1462 964 Geuitoris,
1488 902 1640 969 juxta
1674 902 1724 954 id
1757 902 1898 971 quod
1934 903 1998 954 de
2029 914 2094 952 eo

520 992 717 1046 dicitur
745 1011 757 1046 :
793 1012 811 1046 ε
846 994 945 1060 Qui
975 994 1110 1048 vidit
1136 1008 1242 1058 me,
1271 993 1401 1048 vidit
1429 1003 1482 1047 et
1511 993 1725 1048 Patrem
1758 1007 1935 1047 meum
1957 994 2027 1055 ³⁸,
2070 1011 2087 1044 ι

523 1096 743 1136 necesse
780 1083 1001 1137 omnino
1039 1093 1122 1137 est
1161 1093 1221 1137 ut
1259 1085 1308 1138 ei
1352 1084 1519 1138 insint
1560 1085 1883 1138 naturaliter
1912 1085 2092 1139 omnia

521 1188 639 1240 qua!
678 1171 846 1229 Patri.
883 1173 996 1243 29
1031 1174 1110 1238 Ita
1151 1175 1294 1229 enim
1334 1178 1440 1229 erit
1473 1175 1746 1244 perfectus
1786 1178 2090 1230 character.

523 1263 781 1320 {Eternns
811 1251 988 1320 autem
1017 1277 1100 1323 est
1125 1265 1308 1332 Pater,
1339 1269 1687 1332 immortalis,
1719 1283 1831 1331 rex,
1861 1278 2094 1334 creator,

520 1358 895 1426 omnipotens,
933 1359 1102 1424 Deus,
1134 1359 1312 1427 opifex
1352 1376 1365 1412 :
1399 1360 1512 1414 haec
1548 1360 1661 1428 ipsa
1698 1371 1780 1414 est
1815 1368 1869 1413 et
1902 1359 2093 1414 Filius.

525 1449 593 1498 At
622 1461 730 1516 quo
759 1457 917 1516 pacto
946 1448 1000 1502 in
1029 1458 1276 1503 creatura
1307 1460 1565 1518 appareat
1595 1451 1902 1506 aeternitas?
1926 1461 2017 1504 aut
2044 1452 2095 1505 in

528 1551 592 1588 eo
625 1535 714 1604 qui
754 1537 1040 1607 aliquando
1078 1555 1182 1594 non
1221 1550 1364 1605 erat,
1400 1541 1686 1610 perfectio,
1721 1551 1813 1595 ant
1847 1543 1900 1596 in
1935 1558 2098 1612 opere

528 1627 743 1695 upil'ea?
774 1629 1038 1697 Imagines
1067 1632 1207 1684 enim
1244 1643 1501 1702 perpetuo
1531 1633 1916 1700 exemplarium
1948 1636 2100 1689 siuti-

515 1718 807 1799 Ilitudiuem
842 1721 1101 1778 referunt.

531 1849 885 1922 Intermgatia
917 1858 1283 1979 Itwretirarzltm
1325 1857 1481 1911 veluti
1501 1858 1569 1911 ad
1605 1859 1792 1918 stultas
1823 1861 2099 1929 mulieres,

1215 1944 1309 1979 twc
1341 1938 1438 1979 est.

1215 1938 1309 1981 twc
1341 1938 1438 1990 est,

598 2061 681 2115 An
712 2063 966 2128 habuisti,
999 2063 1269 2133 inquiunt,
1319 2064 1510 2129 (ilium,
1576 2065 1894 2134 priusquam
1940 2079 2102 2133 pepe-

534 2153 668 2207 reris
691 2154 714 2206 ?
741 2154 1202 2221 Quemadmodum
1230 2167 1410 2212 autem
1457 2173 1566 2212 non
1615 2157 1874 2219 habuisti,
1906 2156 1977 2209 ita
2010 2171 2105 2208 nc-

531 2261 636 2312 que
669 2245 824 2300 Deus.
853 2246 984 2300 Erat
1022 2250 1200 2316 itaque
1235 2257 1442 2318 tempus
1469 2250 1686 2318 quando
1736 2264 1840 2302 non
1873 2257 1990 2301 erat
2018 2246 2107 2300 Fi-

534 2334 657 2388 lins.
687 2337 822 2402 Quid
853 2338 1018 2406 igitur
1057 2337 1124 2390 ad
1157 2340 1258 2392 hoc
1287 2340 1572 2395 dicemus?
1608 2338 1664 2393 Si
1718 2340 1784 2392 ad
1814 2339 2106 2392 tollendam

531 2428 890 2482 aeternitatem
958 2428 1081 2483 Filii
1156 2431 1404 2484 humanae
1468 2441 1677 2486 natura:
1743 2433 2108 2501 preprietates

535 2517 730 2571 divina:
793 2522 1207 2582 accommodare
1269 2537 1374 2575 non
1433 2534 1728 2585 verentur,
1767 2525 2103 2590 interrogent

534 2607 698 2660 etiam
755 2609 1107 2675 architectos,
1177 2626 1244 2664 an
1297 2614 1503 2683 absque
1562 2615 1790 2668 materia
1839 2615 2110 2668 aediﬁcare

537 2696 768 2765 possint.
803 2697 868 2750 Et
898 2695 941 2751 si
975 2708 1193 2769 negent,
1233 2699 1462 2757 latentes
1502 2703 1552 2756 id
1599 2706 1741 2770 quod
1786 2719 1969 2756 verum
2007 2715 2108 2768 est,

538 2802 644 2851 non
699 2800 900 2856 posse:
962 2788 1329 2843 dicantetiatu
1369 2791 1477 2846 Deo
1537 2793 1602 2846 ad
1662 2794 1827 2848 tutius
1877 2795 2113 2849 universi

539 2877 868 2932 creationem
903 2881 1124 2934 materia
1150 2897 1286 2952 opus
1329 2881 1519 2950 fuisse,
1569 2886 1792 2953 perinde
1824 2895 1987 2954 atque
2015 2889 2114 2939 ho-

539 2963 667 3019 mini
703 2982 716 3018 :
755 2967 827 3022 ita
857 2978 915 3021 ut
947 2983 1050 3024 non
1069 2967 1180 3039 jam
1214 2981 1498 3026 censeatur
1520 2972 1771 3039 Creator,
1800 2975 1888 3043 qui
1916 2991 1975 3028 ea
2000 2990 2117 3043 qua:

540 3055 592 3108 ia
627 3065 820 3110 natura
849 3075 1029 3114 rerum
1068 3062 1361 3126 exsistunt,
1399 3078 1428 3116 e
1468 3064 1637 3118 nihilo
1665 3065 1728 3117 ad
1760 3080 1880 3120 es»:
1927 3069 2110 3120 tradu-

2193 583 2286 635 ιιιιύ⁸
2314 584 2471 652 σοφία
2501 587 2558 638 ὲν
2592 586 2709 658 Θεῷ
2745 589 2838 641 καὶ
2869 587 3064 659 Ιῐατρί.

2862 699 3066 753 ΛΛΛυ.

2265 806 2326 858 Εἰ
2377 807 2434 859 ὲν
2481 806 2594 877 Tit?)
2646 807 2930 878 θεωρεῖται
2971 811 2998 862 6
3040 810 3247 880 Πατὴρ,
3291 809 3384 862 καὶ
3421 807 3582 860 εἰκών
3627 808 3774 859 ἐστιν

2193 899 2605 969 ἀπαράλλακτος
2642 901 2738 972 τῆς
2766 901 2862 953 τοῦ
2900 902 3266 971 Γεννήσαντος
3301 902 3509 963 οὐσίας,
3543 899 3682 952 κατά
3715 897 3776 949 τὸ

2193 991 2484 1061 λεγόμενον
2526 993 2654 1064 παρ’
2699 993 2894 1046 αὐτοῦ’
2932 1012 2950 1045 ι
2991 994 3049 1046 '0
3088 992 3346 1061 ἑωρακὼς
3381 993 3514 1062 ἐμὲ,
3564 990 3776 1060 ἑώρακε

2195 1084 2290 1136 καὶ
2320 1085 2411 1137 τὸν
2438 1085 2675 1156 Πατέρα,
2703 1103 2722 1136 ›
2758 1087 3040 1156 προσεῖναι
3069 1085 3286 1146 πάντως
3313 1083 3457 1152 αὐτῷ
3486 1080 3778 1146 ἀναγκαῖον

2197 1177 2336 1230 κατὰ
2386 1177 2546 1245 φύσιν
2591 1178 2690 1230 ὅσα
2735 1178 2827 1231 καὶ
2862 1179 2941 1249 τῷ
2991 1177 3185 1248 Πατρί.
3218 1177 3408 1227 Ἔσται
3459 1173 3568 1242 γὰρ
3609 1171 3782 1233 οὕτως

2197 1266 2430 1337 ἀκριϐὴς
2462 1268 2488 1318 6
2527 1269 2834 1338 χαρακτήρ.
2879 1267 3074 1329 Ἀΐδιος
3104 1266 3158 1318 δὲ
3193 1265 3221 1316 6
3253 1261 3458 1330 Πατὴρ,
3492 1259 3780 1319 ἀθάνατος,

2199 1358 2450 1429 βασιλεὺς
2469 1400 2484 1424 ,
2536 1359 2758 1427 κτίστης
2778 1399 2793 1423 ,
2837 1358 3255 1428 παντοκράτωρ,
3291 1355 3423 1416 Θεὸς
3443 1395 3457 1418 ,
3512 1351 3743 1420 ποιητής
3768 1365 3779 1376 ·

2196 1451 2369 1512 ταῦτα
2399 1451 2495 1504 καὶ
2535 1451 2563 1502 6
2598 1450 2747 1513 Υἱός.
2779 1451 2848 1504 Ἦ
2888 1449 3004 1513 πῶς
3050 1451 3106 1502 ὲν
3140 1447 3217 1518 τῷ
3251 1445 3464 1517 γενητῷ
3510 1444 3569 1496 τὸ
3613 1441 3784 1496 ἀίδιον

2201 1545 2484 1614 (petiverat;
2515 1543 2546 1613 ἢ
2579 1544 2637 1595 ὲν
2665 1542 2744 1614 τῷ
2774 1561 2901 1597 ποτε
2938 1543 3010 1614 μὴ
3045 1542 3157 1595 ὄντι
3189 1542 3250 1593 τὸ
3277 1540 3502 1601 τέλειον,
3534 1538 3566 1606 ἣ
3608 1539 3663 1589 ὲν
3704 1532 3785 1604 τῷ

2200 1639 2465 1706 ποιήματι
2509 1638 2536 1689 6
2569 1635 2835 1705 ποιητής;
2884 1634 2950 1687 Δί
2992 1633 3101 1705 γὰρ
3150 1632 3357 1694 είκὸνες
3407 1631 3494 1684 ἀεὶ
3533 1627 3669 1698 πρὸς
3717 1625 3784 1680 τὰ

2200 1729 2480 1800 ἀρχέτυπα
2503 1729 2602 1800 τὴν
2632 1727 2925 1798 ἐμφέρειαν
2955 1726 3187 1796 ἔχουσιν.

2217 1866 2538 1935 Ἐρώτησις
2569 1862 2875 1933 αἱρετικῶν
2898 1863 2986 1949 ὡς,
3005 1861 3153 1929 πρὸς
3173 1859 3466 1927 ἀνοήτους
3496 1854 3787 1927 γυναῖκας

2913 1949 3082 1999 αυτη.

2277 2073 2340 2124 Εἰ
2369 2067 2530 2140 εἶχες,
2557 2073 2738 2138 φασιν,
2793 2067 2908 2120 υἱὸν
2951 2065 3078 2136 πρὶν
3107 2064 3298 2134 τέκῃςς
3336 2061 3542 2130 Ὥσπερ
3596 2058 3650 2112 δὲ
3686 2056 3790 2108 οὐκ

2207 2158 2371 2233 εἶχες,
2407 2161 2547 2214 οὕτω
2567 2161 2660 2214 καὶ
2684 2159 2878 2222 ὁθεός.
2904 2155 3114 2211 Οὐκοῦν
3155 2150 3224 2225 ἦν
3261 2168 3392 2204 ποτε
3421 2150 3508 2203 ὅτε
3532 2149 3632 2200 οὐκ
3661 2142 3730 2216 ἦν
3761 2148 3791 2197 6

2209 2255 2355 2317 Υἱός.
2399 2254 2462 2306 Τί
2514 2247 2606 2305 οὖν
2653 2251 2790 2322 πρὸς
2850 2248 3039 2313 toﬁ-:0;
3097 2245 3160 2298 Εἰ
3220 2245 3306 2296 ἐπ’
3353 2239 3632 2308 ἀναιρέσει
3688 2235 3790 2304 τῆς

2208 2343 2508 2412 ἀῗδιότητος
2531 2339 2624 2392 τοῦ
2676 2337 2806 2391 Υἱοῦ
2845 2337 2911 2389 τὰ
2963 2337 3061 2404 τῆς
3110 2329 3525 2401 ἁνθρωπότητος
3583 2325 3692 2377 ἴδια
3722 2325 3788 2392 τῇ

2209 2433 2330 2502 θεία
2353 2431 2510 2501 φύσει
2541 2429 2910 2501 περιτιθέντες
2928 2427 3025 2479 οὐκ
3051 2417 3788 2493 αἱσχύνονται,ἐρωτάτωσαν
3840 2423 3848 2430 '

2210 2524 2306 2578 καὶ
2331 2524 2439 2576 τῶν
2463 2520 2860 2592 ἀρχιτεκτόνων
2889 2516 3062 2577 τινάς,
3092 2516 3140 2566 ει
3178 2513 3429 2565 δύνανται
3461 2509 3627 2578 χωρὶς
3659 2505 3785 2573 ὕλης

2212 2615 2532 2683 οἰκοδομεῖν.
2585 2611 2647 2662 Εἰ
2701 2607 2758 2661 δὲ
2796 2605 3127 2667 ἀνανεύοιεν,
3167 2599 3553 2672 ὁμολογοῦντες
3575 2596 3632 2648 τὸ
3655 2595 3782 2662 ἀλη-

2214 2707 2323 2770 θὲς,
2357 2705 2430 2767 ὡς
2458 2704 2518 2756 οὐ
2553 2701 2826 2760 δύνανται,
2871 2696 3182 2764 λεγέτωσαν
3217 2693 3348 2762 ὕλης
3388 2687 3664 2759 δεδεῆσθαι
3694 2683 3788 2736 καὶ

2213 2796 2345 2849 Θεὸν
2378 2797 2457 2857 εἰς
2506 2792 2604 2863 τὴν
2639 2791 2747 2843 τῶν
2802 2789 2937 2842 ὅλων
2973 2785 3321 2853 κατασκευὴν
3372 2783 3447 2844 ὼς
3483 2780 3782 2848 ἀνορωπονη

2215 2890 2303 2944 ἵνα
2338 2887 2533 2960 μηκέτι
2556 2885 2741 2955 νοῆται
2798 2881 3034 2952 Ποιητὴς
3089 2882 3154 2932 ὲκ
3202 2877 3294 2932 τοῦ
3331 2876 3405 2947 μὴ
3435 2876 3582 2937 ὄντος
3610 2874 3689 2934 εἰς
3733 2870 3792 2922 τὸ

2213 2976 2353 3033 εἶναι
2409 2978 2478 3032 τὰ
2516 2978 2645 3031 ὄντα
2677 2975 2961 3046 παράγων,
2994 2972 3108 3025 ἀλλ’
3145 2971 3206 3023 ἔκ
3238 2986 3378 3031 τινος
3427 2965 3792 3034 ὑποκειμένης

2216 3070 2390 3141 ἀρχῆς
2415 3085 2475 3122 τε
2522 3069 2616 3122 καί
2669 3066 2835 3136 ὕλης,
2882 3064 2956 3128 ὡς
2997 3063 3299 3134 ἅνθρωπος,
3352 3052 3795 3131 μετασκευαστὴς

540 3149 702 3214 xerit,
732 3153 825 3204 sed
862 3167 926 3216 ex
965 3153 1208 3222 subjecto
1255 3154 1439 3222 aliquo
1469 3155 1736 3224 principio
1765 3167 1819 3211 et
1850 3158 2071 3214 materia
2095 3197 2110 3224 ,

2219 3157 2474 3231 μᾶλλονῆ
2511 3156 2737 3227 ποιητὴς
2767 3155 3172 3224 εὑρισκόμενος.
3208 3154 3270 3205 Ei
3300 3151 3355 3204 δὲ
3392 3150 3547 3202 τοῦτο
3591 3147 3792 3200 ἄτοπον

542 3249 601 3292 ιιι
627 3241 810 3306 homo,
835 3252 892 3295 et
923 3253 1166 3301 mutasse
1193 3247 1372 3314 potius
1398 3262 1556 3313 quam
1588 3249 2114 3318 creassejudicetur.

543 3329 602 3385 Si
632 3346 761 3383 vero
795 3332 896 3386 hoc
926 3334 1217 3389 absurdum
1252 3352 1374 3391 esse
1419 3338 1625 3404 dicunt,
1679 3341 1841 3394 etiam
1875 3341 2002 3395 illud
2027 3342 2118 3395 de-

547 3431 829 3488 testentur,
860 3433 954 3484 ant
982 3439 1202 3483 causam
1245 3427 1494 3494 aﬂ‘erant,
1527 3429 1597 3483 ob
1636 3446 1798 3499 quam
1837 3433 1969 3486 nihil
1999 3449 2118 3487 am-

544 3512 684 3580 plius
713 3513 764 3566 in
807 3517 1113 3583 generando
1153 3518 1258 3572 Deo
1283 3520 1528 3574 tribuant
1569 3536 1731 3589 quam
1761 3523 1963 3576 homini
1991 3541 2007 3591 ;
2067 3525 2116 3577 in

543 3603 782 3656 creando
809 3616 987 3658 autem
1021 3622 1123 3661 non
1151 3608 1277 3662 item
1298 3625 1416 3677 qua:
1445 3610 1679 3664 hominis
1701 3622 1846 3676 sunt,
1869 3611 1916 3666 ei
1947 3613 2117 3666 ascri-

545 3693 692 3748 bant.
748 3695 804 3747 Si
859 3705 1035 3750 autem
1085 3710 1300 3753 creator
1349 3712 1452 3765 est,
1505 3701 1958 3770 quemadmodum
2014 3703 2119 3761 Deo

544 3788 822 3851 convenit,
875 3788 976 3842 erit
1011 3790 1172 3842 etiam
1218 3801 1507 3858 generator
1535 3793 1720 3847 eadem
1749 3793 1976 3848 ratione.

544 3918 898 3994 Interrogatio
933 3924 1248 3980 Arianorum
1295 3927 1448 3994 plena
1485 3927 1849 3992 absurditatis,
1891 3929 1976 3980 cui
2013 3930 2119 3981 alia

615 3994 801 4064 similis
854 3993 1198 4062 interrogatio
1249 3993 1546 4064 opponitur,
1601 3999 1812 4064 docens,
1868 4015 1968 4052 non
2015 4015 2121 4052 esse

611 4061 814 4130 aliquid
838 4067 994 4117 stulte
1017 4061 1472 4135 interrogandum.

621 4195 781 4258 Deus,
821 4195 1101 4264 inquiunt,
1154 4201 1452 4264 exsistens,
1500 4202 1858 4261 exsistentent
1919 4199 2118 4266 Filium

549 4280 696 4343 fecit,
729 4289 822 4333 aut
850 4298 956 4334 non
986 4285 1377 4338 exsisteutent?

937 4393 1144 4452 Salutio
1162 4411 1252 4448 seu
1269 4398 1442 4463 potius
1458 4399 1730 4466 subjectio.

621 4503 760 4558 Deus
782 4504 1074 4568 exsistens,
1109 4507 1353 4563 factusne
1373 4517 1456 4564 est
1499 4509 1789 4573 exsistens,
1815 4521 1908 4564 aut
1946 4513 2120 4580 prius-
2155 4514 2196 4566 D

549 4613 710 4664 quam
743 4598 894 4650 ﬁeret
936 4596 1276 4652 exsistebat?
1313 4599 1408 4662 Et,
1462 4598 1665 4654 fecitne
1718 4601 1978 4669 seipsum,
2031 4613 2123 4656 aut

547 4703 613 4742 ex
644 4688 812 4741 nihilo
847 4689 1020 4743 factus
1055 4689 1174 4742 est?
1204 4690 1284 4742 An
1310 4703 1432 4744 cum
1465 4690 1612 4758 prius
1641 4690 1772 4744 nihil
1798 4693 2119 4758 exsisteret,

549 4781 665 4848 ipse
701 4790 920 4849 repente
974 4781 1262 4851 apparuit?
1320 4782 1398 4834 Ad
1449 4781 1565 4837 haec
1619 4782 1930 4850 responderi
1984 4784 2118 4837 citra

549 4874 938 4944 blasphemiam
993 4889 1097 4928 non
1137 4881 1352 4940 potest:
1395 4871 1460 4928 iis
1510 4873 1696 4940 itaque
1735 4872 1827 4940 qui
1857 4873 2118 4940 ejusmodi

546 4967 875 5034 quaestiones
888 4973 1193 5034 proponunt
1208 4964 1637 5032 respondendum
1655 4980 1759 5018 non
1782 4964 1891 5040 30
1905 4978 1982 5020 est
1995 4967 2123 5030 ,imo

549 5058 726 5119 potius
762 5058 848 5126 pie
885 5057 1168 5112 dicendum
1203 5056 1416 5110 Patrem
1472 5056 1539 5109 ab
1597 5065 1800 5109 aeterno
1831 5056 2118 5112 exsistere.

548 5145 682 5198 Cum
721 5145 903 5214 itaque
947 5158 1183 5201 aeternus
1217 5146 1290 5201 sit
1321 5143 1508 5208 Pater,
1569 5144 1636 5199 ab
1693 5154 1901 5198 αξιοι·ηο
1955 5145 2118 5198 etiam

549 5236 970 5298 exsistitFilius.
998 5238 1456 5305 Quemadmodum
1478 5236 1620 5291 enim
1640 5252 1913 5306 nunquam
1941 5235 2119 5290 lumen

548 5329 839 5398 splendore
894 5345 990 5384 suo
1027 5331 1342 5388 destitutum
1377 5327 1636 5393 cernitur,
1707 5328 1778 5382 ita
1807 5343 1983 5397 neque
2017 5325 2117 5380 Pa-

553 5431 633 5475 ter
665 5421 820 5485 Filio,
847 5437 943 5489 per
973 5436 1131 5489 quem
1161 5421 1322 5475 Pater
1355 5420 1592 5475 videtur.
1620 5421 1748 5475 Erat
1777 5429 1957 5474 autem
1979 5432 2120 5472 sem-

552 5529 647 5583 per
677 5513 818 5568 Dcus
843 5511 1004 5578 Pater
1025 5530 1043 5588 ;‘
1069 5525 1186 5566 erat
1227 5514 1410 5583 itaque
1436 5513 1658 5581 omnino
1684 5513 1844 5576 etiam
1886 5511 1930 5566 is
1964 5507 2120 5577 cujus

551 5614 628 5670 est
659 5604 836 5658 Pater.

619 5783 664 5830 ξ’
690 5779 844 5851 ,ξοιιηε
876 5799 982 5848 xw,
1017 5784 1075 5852 υ,

2217 3246 2355 3304 εἶναί
2404 3267 2557 3320 φασι,
2618 3249 2838 3302 κάκεῖνο
2884 3243 3315 3315 φευγέτωσαψῆ
3347 3241 3646 3309 λεγέτωσαν
3693 3235 3793 3308 τὴν

2216 3341 2415 3407 αἰτίαν,
2445 3339 2512 3395 δι’
2537 3339 2602 3411 ἢν
2635 3340 2726 3392 ἐπὶ
2759 3338 2857 3408 μὲν
2915 3336 3007 3389 τοῦ
3055 3337 3250 3405 γεννᾷν
3302 3333 3454 3386 οὐδὲν
3503 3328 3791 3401 ἀνθρώπου

2217 3436 2378 3489 πλέον
2402 3436 2543 3506 ἔχειν
2584 3433 2860 3504 βούλονται
2892 3431 2984 3484 τὸν
3013 3430 3167 3495 Θεὸν,
3203 3429 3295 3482 ἐπὶ
3342 3427 3399 3481 δὲ
3443 3424 3536 3478 τοῦ
3590 3422 3793 3486 κτίζειν

2216 3528 2397 3580 οὐκέτι
2415 3528 2480 3579 τὰ
2500 3524 2787 3594 ἀνθρώπου
2811 3523 3216 3593 προσάπτουσιν
3235 3517 3399 3588 αὐτῷ.
3419 3518 3480 3570 Et
3497 3517 3553 3568 δὲ
3569 3513 3796 3583 ποιητής

2217 3620 2384 3683 ἐστιν,
2410 3619 2485 3681 ὡς
2511 3618 2711 3687 πρέπει
2737 3614 2850 3684 Θεῷ
2904 3613 3056 3667 ἔσται
3097 3611 3190 3665 καὶ
3235 3610 3512 3680 γεννήτωρ
3542 3605 3684 3660 κατὰ
3708 3602 3798 3657 τὸν

2221 3711 2334 3764 ῐσον
2355 3709 2575 3781 τρόπον.

2233 3927 2579 4000 ἘρώτησιςΔ
2605 3921 2920 4000 Ἀρειαιςῶν
2943 3920 3196 4000 ἀτοπίας
3225 3914 3445 4000 ’,μεστὴ
3464 3955 3476 3974 ,
3527 3907 3800 4000 τιτρὸξῂᾒγ

2289 3981 2766 4064 ἆντεὲτερὡτηονές
2796 3981 3183 4064 ᾀτοπξωτέραζ
3217 3981 3305 4039 ὅτι
3345 3986 3461 4052 χρὴ
3510 3981 3592 4052 μὴ
3622 3981 3798 4034 ἀπαι-

2290 4060 2519 4133 δεύτως(
2542 4061 2765 4134 ἐρωτᾷν
2799 4060 3266 4114 ἑκδιδάσκουσα.

2302 4201 2362 4254 Ὀ
2391 4196 2488 4261 ὢν,
2534 4197 2719 4267 φασιν,
2759 4194 2892 4259 Θεὸς
2958 4193 3082 4245 ὄντα
3123 4190 3212 4244 τὸν
3266 4188 3395 4241 Υίὸν
3447 4185 3719 4254 ἐποίησεν,
3759 4181 3796 4254 ἢ

2225 4292 2298 4364 μὴ
2323 4290 2452 4344 ὄντα
2475 4306 2488 4354 ;

2429 4399 2582 4464 Πρὸς
2615 4396 2788 4450 τοῦτο
2816 4395 2996 4460 λύσις
3035 4391 3166 4460 ἤτοι
3191 4385 3597 4454 ἀνθ-υποφορά.

2306 4513 2366 4566 '0
2387 4511 2461 4564 ὢν
2489 4510 2642 4574 Θεὸς,
2673 4507 2749 4560 ὢν
2777 4507 3018 4576 γέγονεν,
3050 4505 3082 4574 ἦ
3121 4504 3214 4557 καὶ
3243 4501 3370 4571 πρὶν
3395 4495 3621 4568 γένηταί
3651 4499 3802 4550 ἐστιν

2229 4602 2475 4667 mmihi,
2511 4600 2698 4653 ἑαυτὸν
2734 4598 3011 4667 ἐποίησεν,
3057 4596 3090 4664 ἢ
3142 4591 3203 4658 ἐξ
3249 4590 3462 4654 οὐδενὸς
3492 4589 3636 4653 ἔστις
3688 4589 3801 4641 Καὶ

2232 4691 2459 4765 μηδενὸς
2515 4691 2666 4752 ὄντος
2719 4689 3004 4758 πρότερον,
3057 4683 3313 4751 ἐξαίφνης
3371 4681 3532 4743 αὐτὸς
3586 4679 3797 4748 ἐφάνης

2241 4786 2328 4853 Ἐν
2379 4782 2585 4844 τούτοις
2607 4781 2756 4837 πᾶσα
2787 4779 3076 4846 ἀπόκρισις,⁹
3102 4774 3162 4826 τὸ
3206 4773 3488 4842 δύσφημον
3536 4769 3665 4838 ἔχει’
3693 4768 3798 4838 χρὴ

2227 4877 2404 4930 τοίνυν
2447 4877 2558 4936 τοῖς
2609 4871 2780 4933 οὕτως
2813 4869 3058 4940 ἐρωτῶσι
3107 4867 3182 4938 μὴ
3233 4862 3620 4935 ἀποκρίνεσθαι
3664 4859 3800 4930 πρὸς

2227 4965 2327 5036 τὴν
2352 4961 2713 5034 προταθεῖσαν
2749 4958 2964 5024 πεῦσιν,
2993 4956 3129 5010 ἀλλὰ
3152 4955 3352 5027 μᾶλλον
3376 4951 3611 5010 εὐσεϐῶς
3632 4949 3800 5036 λέγωῖ

2232 5035 2330 5127 μεν
2353 5055 2426 5116 ὡς
2451 5051 2596 5104 ἔστιν
2629 5051 2798 5114 ἀΐδιος
2826 5052 2854 5104 6
2906 5048 3119 5118 Πατήρ.
3154 5046 3343 5105 Ὀντος
3389 5037 3483 5093 οὖν
3512 5038 3681 5092 ἀϊδίου
3705 5035 3798 5089 τοῦ

2228 5147 2461 5217 Πατρὸς,
2501 5142 2575 5198 ὧν
2608 5145 2754 5196 ἐστιν
2787 5141 2954 5203 ἀΐδιος
2997 5141 3092 5192 καὶ
3128 5139 3156 5189 6
3208 5135 3354 5195 Υἱός.
3403 5132 3489 5194 Ὠς
3537 5129 3645 5202 γὰρ
3700 5129 3800 5182 οὐκ

2229 5238 2294 5294 ἄν
2317 5251 2448 5288 ποτε
2472 5232 2585 5303 φῶς
2613 5229 2804 5299 ὀφθείη
2826 5227 2918 5280 τοῦ
2945 5226 3074 5278 ἰδίου
3104 5220 3530 5289 ἀπαυγάσματος
3562 5219 3762 5303 ἔρημον
3785 5259 3796 5277 ,

2224 5328 2396 5388 οὕτως
2432 5300 2533 5377 ουκ
2566 5322 2630 5374 ἂν
2655 5320 2738 5388 εἴη
2785 5317 2974 5386 Πατὴρ
3024 5313 3098 5385 μὴ
3148 5311 3300 5374 ὄντος
3331 5309 3485 5375 Υίοῦ,
3516 5309 3581 5361 δι’
3611 5300 3672 5359 οὗ
3708 5305 3801 5391 καῖ

2227 5420 2415 5490 Πατὴρ
2441 5414 2707 5485 φαίνεται.
2735 5403 2843 5462 7Hii
2873 5408 2929 5462 δὲ
2989 5407 3075 5459 ἀεὶ
3107 5404 3295 5477 Πατὴρ
3338 5405 3366 5458 6
3414 5404 3564 5471 Θεὸς,
3594 5396 3660 5474 ἦν
3695 5400 3802 5470 ἄρα

2231 5511 2446 5578 πάντως
2477 5499 2537 5558 οὗ
2563 5502 2657 5556 καὶ
2683 5499 2794 5553 ἔστι
2827 5498 3037 5569 Πατήρ.
