4056 6264
317 435 384 492 53
1737 435 1871 490 THE

1975 433 2178 492 URUS.
3520 433 3590 488 5-4

1016 554 1228 606 ΛΛΔΟ..

2670 549 2900 607 ALIUD.

375 663 460 726 Ei,
485 663 748 734 καθάπερ
773 663 952 730 λέγειν
1005 661 1276 733 τολμῶσιν
1315 663 1610 733 Ἀρειανοὶ,
1664 663 1871 732 δργανο·

2075 663 2158 726 Si,
2191 662 2644 732 quemadmodum
2681 661 2870 716 Ariani
2903 663 3092 716 dicere
3141 679 3248 716 non
3291 675 3584 728 verentur,

305 753 488 823 ἑαυτῷ
521 755 550 806 6
583 755 775 826 Πατὴρ
820 755 913 808 τὸν
945 755 1070 808 Υἰὺν
1101 754 1498 820 κατεσκεύασε,
1520 752 1890 825 χρησιμεῦσαι

304 847 612 916 δυνάμενον
651 847 729 910 είς
771 848 872 918 τὴν
923 848 1032 901 τῶν
1061 847 1228 902 ὄντων
1279 845 1664 919 δημιουργίαν,
1705 847 1794 900 διά
1833 863 1891 898 τε

305 937 520 1008 ταύτην
552 937 646 1010 τὴν
671 940 846 991 αίτίαν
879 941 945 992 ὲκ
969 939 1064 993 τοῦ
1096 941 1170 1012 μὴ
1197 941 1348 1004 ὄντος
1370 940 1532 993 αὑτὸν
1559 941 1640 1002 είς
1665 940 1726 992 τὸ
1753 934 1892 992 εἶναι

311 1027 622 1098 παρήγαγε,
675 1029 988 1098 λεγέτωσαν
1015 1033 1148 1104 fiva
1199 1033 1245 1085 ei
1295 1035 1323 1084 6
1385 1031 1460 1084 ὣν
1486 1029 1580 1084 τοῦ
1629 1031 1704 1102 μὴ
1738 1030 1892 1095 ὄντος

310 1117 544 1189 Iunge;
575 1117 638 1172 Τί
667 1115 762 1174 οὖν
793 1121 902 1192 ἄρα
933 1121 1086 1175 ἔσται
1121 1121 1340 1192 μεῖζονς
1376 1121 1436 1174 τὸ
1475 1123 1530 1174 ἐν
1555 1122 1716 1192 χρείᾳ
1743 1121 1890 1185 τινὸς

309 1209 660 1280 καθεστηκὸς,
692 1211 724 1282 ἢ
754 1212 816 1264 τὸ
837 1213 938 1282 τὴν
966 1213 1158 1284 χρείαν
1205 1211 1597 1283 ἀναπληρῶσαι
1653 1211 1890 1281 δυνάμε-

308 1319 398 1356 νον
421 1320 436 1366 ;
475 1303 629 1356 ’Λλλά
655 1303 922 1374 πρόδηλον
951 1306 1034 1358 ὅτι
1053 1305 1112 1358 τὸ
1145 1305 1320 1369 ἐνδεὲς
1343 1305 1400 1356 ὲν
1439 1305 1656 1374 ἑκάστῳ
1677 1302 1746 1355 δι’
1777 1303 1890 1372 dp.-

305 1393 542 1464 φοτέρων
569 1393 892 1465 πληροῦται,
947 1397 1042 1450 καὶ
1075 1395 1336 1467 ἑκάτερον
1369 1395 1560 1458 ἀτελές
1613 1398 1730 1448 ἐστι
1762 1394 1888 1447 καθ’

297 1486 477 1539 ἑαυτό.
517 1487 582 1540 Ei
607 1487 666 1540 δὲ
694 1489 752 1540 ἐν
783 1487 942 1559 χρείᾳ
997 1487 1220 1556 γέγονεν
1259 1490 1288 1540 ὁ
1327 1487 1494 1552 ἀίδιος
1546 1487 1738 1558 Πατὴρ
1789 1485 1886 1540 τοῦ

297 1575 494 1646 μικρὸν
541 1576 772 1648 ὕστερον
831 1579 1207 1648 ὲπιγεγονότος
1263 1579 1416 1644 Υίοῦ,
1459 1582 1579 1636 κατ’
1619 1580 1884 1644 ὲκείνους,

293 1667 576 1738 πλήρωμα
617 1669 716 1739 τῆς
762 1670 1060 1742 ὰῖδιὸτητος
1099 1671 1192 1724 τοῦ
1249 1672 1464 1742 Πατρδς
1492 1675 1526 1744 ἠ
1559 1671 1760 1742 γενητὴ
1790 1669 1886 1724 τοῦ

295 1756 430 1810 Υἰοῦ
465 1758 666 1825 γέγονε
704 1759 882 1826 φύσις·
937 1760 1032 1813 καὶ
1061 1760 1244 1814 λοιπὸν
1293 1761 1498 1834 ἐμίχθη
1553 1761 1622 1814 τὰ
1651 1761 1880 1832 ἄμικτα.

1999 753 2164 809 Pater
2197 755 2298 810 sibi
2336 753 2528 810 Filium
2573 765 2832 826 tanquam
2861 755 3289 810 instrumentum
3321 757 3580 818 confecit,

1999 863 2106 916 quo
2133 849 2197 901 ad
2225 849 2388 902 totius
2419 849 2654 904 universi
2685 849 3020 904 creationem
3051 857 3318 910 uteretur,
3347 861 3580 916 eamque

1997 939 2068 994 ob
2097 953 2322 993 causam
2358 953 2480 994 eum
2513 955 2542 993 e
2579 941 2752 996 nihilo
2803 942 2868 996 ad
2917 955 3040 996 esse
3090 939 3350 1002 traduxit,
3397 939 3578 992 dicant

1997 1029 2153 1093 mihi,
2178 1045 2246 1082 an
2284 1031 2328 1084 is
2357 1031 2447 1100 qui
2509 1031 2832 1098 exsistebat,
2863 1047 2930 1086 eo
2987 1031 3078 1100 qui
3111 1045 3216 1084 non
3241 1029 3574 1094 exsistebat,

1995 1118 2328 1189 indiguerit?
2357 1117 2636 1184 Quodnam
2663 1121 2828 1191 igitur
2879 1129 2962 1176 est
2993 1121 3190 1190 majus,
3221 1121 3272 1173 id
3311 1121 3456 1189 quod
3499 1119 3578 1172 al-

1995 1219 2114 1264 tero
2161 1217 2304 1280 eget.
2338 1220 2428 1264 aut
2468 1210 2520 1264 id
2543 1211 2686 1280 quod
2729 1213 2958 1268 alterius
2997 1221 3296 1281 egestatem
3325 1211 3576 1280 supplet?

1993 1300 2156 1370 Atqui
2191 1301 2538 1356 manifestum
2575 1311 2662 1357 est
2711 1303 2984 1358 defectum
3019 1305 3112 1372 qui
3139 1305 3192 1358 in
3217 1304 3450 1374 singulis
3495 1315 3578 1356 est

1991 1405 2086 1460 per
2113 1399 2403 1463 utrumque
2431 1393 2690 1462 suppleri,
2715 1403 2767 1448 et
2799 1405 3092 1464 utrumque
3115 1393 3170 1447 in
3199 1408 3260 1446 se
3313 1393 3574 1462 imperfe-

1991 1489 2138 1536 ctum
2165 1482 2420 1537 inveniri.
2453 1481 2510 1537 Si
2545 1498 2672 1540 vero
2697 1493 2930 1538 aeternus
2959 1483 3118 1538 Pater
3143 1482 3374 1550 indiguit
3405 1481 3568 1548 Filio,

1991 1573 2082 1640 qui
2111 1571 2270 1642 paulo
2293 1583 2436 1642 post,
2469 1584 2526 1630 ut
2549 1575 2650 1644 ipsi
2683 1575 2998 1644 opinantur,
3033 1573 3206 1630 factus
3235 1583 3352 1638 est;
3385 1573 3570 1640 genita

1989 1678 2120 1734 ergo
2181 1665 2302 1720 Filii
2357 1677 2557 1722 natura
2603 1667 2784 1722 Patris
2831 1668 3196 1722 mter-nitatem
3257 1664 3566 1734 supplevit;

1969 1763 2152 1825 atque
2185 1757 2258 1810 ita
2289 1758 2448 1812 mista
2511 1759 2736 1822 fuerint,
2784 1774 2904 1828 quat
2943 1758 3086 1812 nulla
3119 1759 3330 1814 ratione
3353 1757 3564 1812 misceri

299 1849 366 1900 Ei
393 1847 452 1900 δὲ
487 1848 652 1901 τοῦτο
679 1849 856 1917 λέγειν
885 1850 916 1922 ἢ
943 1854 1158 1921 φρονεῖν
1185 1853 1394 1918 ἀσεϐὲς,
1429 1855 1532 1907 οὐκ
1563 1853 1871 1921 ὲπιγέγονει

1991 1857 2234 1916 possunt.
2279 1847 2336 1902 Si
2385 1864 2516 1904 vero
2543 1850 2646 1904 hoc
2681 1861 2736 1904 et
2783 1850 2930 1904 dictu
2967 1860 3022 1904 et
3063 1849 3304 1918 cogitatu
3337 1847 3562 1916 impium

306 1939 418 2010 ἄρα
441 1939 520 2008 τῷ
549 1941 720 2012 Πατρὶ
747 1943 774 1994 ό
812 1941 950 2005 Υἱὸς,
990 1942 1056 1994 δι’
1087 1937 1148 1996 οὗ
1181 1943 1249 1998 τὰ
1279 1945 1458 1998 πάντα
1497 1945 1775 2014 εποίησεν,
1799 1943 1884 1996 οὐ·

303 2030 360 2082 δὲ
387 2031 464 2093 ὡς
493 2031 718 2102 ὄργανον
764 2035 1174 2108 κατεσκευάσθη
1225 2037 1360 2108 πρὸς
1423 2035 1602 2091 τοῦτο·
1663 2035 1778 2090 ἀλλ’
1811 2031 1882 2106 ἦν

291 2119 440 2191 αὐτῷ
463 2123 730 2188 συναῖδιος
755 2165 770 2187 ,
798 2123 1030 2198 δύναμις
1064 2126 1232 2181 αὑτοῦ
1261 2131 1354 2182 καὶ
1404 2129 1565 2198 σοφία
1589 2127 1878 2202 ὑπάρχων.

283 2339 455 2410 Πρὸς,
477 2339 624 2404 τοὺς
645 2339 1008 2406 ὲρωτῶντασ
1041 2345 1114 2394 Et
1129 2339 1291 2408 εἶχες
1314 2341 1446 2394 υἱὸν·
1473 2343 1614 2410 πρὶν·
1665 2341 1878 2409 τέκῃςξ

361 2409 466 2480 καί
505 2411 808 2480 ,λέγοντας
827 2426 842 2438 ·
871 2409 1038 2462 Οὕτω
1064 2411 1164 2466 καὶ
1190 2415 1220 2464 ὁ
1251 2413 1394 2476 Θεὸς
1425 2409 1534 2465 οὐδὲ⁹
1563 2409 1720 2480 εἶχεν
1751 2411 1882 2464 Υίὸν

363 2479 516 2544 πρὶν
544 2476 844 2546 γεννήσῃ.

353 2615 418 2665 (li
455 2615 722 2680 γυναῖκας
748 2615 1085 2684 ἐρωτῶντες·
1109 2615 1170 2667 Ei
1197 2611 1342 2683 εἶχες
1371 2615 1482 2667 υἱὸν
1507 2617 1632 2684 πρὶν
1669 2617 1830 2689 τέκῃς
1858 2633 1872 2680 ;

279 2704 386 2758 ἀπό
417 2721 478 2758 τε
499 2705 602 2774 τῆς
626 2705 754 2758 καθ’
787 2706 946 2774 ἡμῶν
975 2705 1259 2776 συνηθείας
1279 2707 1348 2758 τὰ
1375 2705 1622 2776 ϐειότερα
1651 2706 1876 2777 δοκιμά-

280 2797 482 2860 ζοντες,
509 2795 882 2866 ὲρωτάτωσαν
909 2797 1108 2865 ὁμοίως
1140 2796 1380 2868 πατέρας
1409 2795 1440 2867 ἢ
1473 2797 1738 2868 μητέρας·
1776 2801 1874 2852 Ἂν

278 2887 442 2958 τέκῃς
473 2887 611 2952 υἱον,
634 2888 822 2954 ὅμοιος
846 2886 956 2956 ἄρα
982 2888 1064 2939 σοὶ
1097 2885 1237 2940 κατὰ
1269 2887 1430 2955 φύσιν
1451 2889 1742 2957 γενήσεται
1767 2907 1782 2954 ;
1835 2889 1868 2960 ἢ

280 2978 380 3045 τῆς
397 2979 568 3046 αὐτῆς
599 2979 682 3030 σοὶ
717 2977 814 3030 καὶ
859 2977 1023 3040 αὐτὸς
1061 2977 1249 3040 οὐσίας
1283 2977 1499 3047 μεθέξει
1521 2979 1592 3049 ;ἢ
1625 2979 1874 3049 ὲτεροού-

289 3085 398 3130 σιος
429 3069 580 3122 ἔσται
624 3069 716 3122 καὶ
769 3068 1218 3138 ἁπεξενωμένος;
1283 3068 1664 3131 Μανθάνοντες
1696 3071 1754 3122 δὲ
1811 3070 1874 3124 τὸ

293 3157 518 3226 ἀληθὲς,
551 3157 690 3211 οὓτω
709 3158 1074 3230 φρονείτωσαν
1110 3161 1204 3213 καὶ
1251 3159 1380 3230 περὶ
1427 3159 1585 3212 Θεοῦ.
1637 3162 1750 3213 Καὶ
1794 3161 1870 3231 μὴ

292 3248 384 3300 τὸν
409 3248 598 3317 χρόνον
629 3250 722 3318 μὲν
745 3251 820 3313 εἰς
847 3249 946 3321 τὴν
979 3251 1192 3304 ἑαυτῶν
1218 3249 1536 3304 δυσσέϐειαν
1573 3251 1647 3315 ὡς
1674 3253 1870 3322 χρήσι-

292 3355 394 3408 μον
433 3339 838 3411 ἁρπαζέτωσαν·
867 3343 930 3396 τὸ
963 3343 1022 3396 δὲ
1049 3345 1114 3396 ἐκ
1137 3345 1237 3414 τῆς
1268 3343 1412 3398 κατὰ
1439 3345 1600 3414 φύσιν
1622 3335 1884 3416 διαδοχῆς

285 3433 502 3500 γνήσιον
539 3435 956 3504 παροράτωσαν.
985 3436 1096 3489 Καὶ
1115 3436 1282 3490 πάλιν
1301 3437 1430 3489 ὅταν
1463 3437 1678 3506 μάθωσι
1722 3435 1872 3506 παρά

281 3521 386 3573 τῶν
405 3523 775 3592 ὲρωτωμένων
803 3525 1032 3592 γονέων,
1059 3527 1140 3580 ὅτι
1171 3525 1238 3597 δὴ
1257 3525 1324 3580 τὰ
1345 3525 1406 3591 ἐξ
1427 3525 1609 3580 αὐτῶν
1637 3528 1874 3598 ἐσόμενα

277 3612 444 3666 τέκνα
487 3614 702 3678 πάντως
733 3615 889 3670 ἔσται
919 3620 1030 3680 τοῖς
1073 3619 1291 3672 τοκεῦσι
1349 3620 1728 3692 παραπλήσια,
1776 3624 1868 3676 καὶ

279 3705 398 3756 κατ’
426 3705 582 3758 οὐδὲν
611 3707 794 3760 αὐτῶν
815 3707 1228 3775 διαλλάττοντα,
1270 3713 1410 3766 κατά
1443 3729 1504 3781 γε
1533 3713 1625 3768 τὸν
1646 3715 1744 3785 τῆς
1775 3715 1866 3768 οὺ-

283 3795 403 3856 σίας
427 3795 604 3864 λόγον,
639 3797 1036 3852 διακείσθωσαν
1059 3800 1201 3854 οὕτω
1247 3802 1340 3854 καὶ
1407 3803 1536 3872 περὶ
1583 3804 1676 3856 τοῦ
1730 3805 1865 3859 Θεοῦ

277 3886 474 3952 Λόγου.
503 3887 614 3939 Καὶ
645 3887 834 3940 λοιπον
858 3889 1244 3959 ὁμολογοῦντες
1271 3895 1334 3945 ἐκ
1367 3892 1467 3960 τῆς
1486 3893 1672 3958 οὐσίας
1699 3897 1865 3951 αὐτὸν

275 3978 636 4048 γεγεννῆσθαι
661 3979 752 4033 τοῦ
793 3981 1032 4053 Πατρὺς,
1057 3982 1185 4055 περὶ
1219 3983 1378 4054 μόνου
1421 3985 1515 4038 τοῦ
1547 3988 1741 4058 χρόνου
1771 3987 1866 4058 ζη-

275 4069 557 4133 τείτωσαν,
589 4072 683 4124 καὶ
717 4071 1032 4140 λεγέτωσαν
1062 4076 1193 4144 ἡμῖν
1227 4075 1280 4126 τί
1306 4075 1366 4127 τὺ
1397 4077 1602 4130 κωλῦον
1635 4079 1721 4130 ἀεὶ
1753 4079 1866 4130 Πα-

275 4161 404 4230 τέρα
425 4157 572 4215 εἶναι
600 4163 692 4216 τὸν
719 4163 876 4227 Θεὸν,
903 4167 950 4218 εἰ
979 4167 1050 4236 μή
1077 4183 1156 4228 τις
1200 4166 1362 4220 αὑτὸν
1384 4159 1502 4230 ταῖς
1524 4167 1622 4237 τῆς
1651 4168 1862 4238 ἁνθρωυ

277 4253 508 4324 πότητος
539 4256 812 4322 ἀνάγκαις
840 4257 934 4309 καὶ
963 4259 1075 4320 τοῖς
1128 4257 1228 4328 τῆς
1261 4257 1482 4325 φύσεως
1527 4258 1685 4330 ἡμῶν
1718 4259 1865 4330 ὅροις

277 4345 604 4399 ὑποκεῖσθαι
628 4345 796 4414 λέγοι·
823 4349 956 4418 ὅπερ
987 4349 1130 4402 ἐστὶν
1185 4349 1566 4402 ἀσεϐέστατον.
1609 4351 1742 4420 Περὶ
1769 4349 1862 4403 τοῦ

277 4435 466 4504 χρόνον
509 4436 690 4490 τοίνυν
735 4439 1128 4510 σκεπτόμενος,
1185 4440 1264 4510 μὴ
1306 4439 1374 4494 τά
1419 4439 1720 4512 ἀνθρώπων
1755 4443 1860 4496 tata

275 4527 924 4599 πολυπραγμονείτωσαν·
978 4531 1111 4584 πολὺ
1168 4530 1278 4602 γάρ
1331 4531 1502 4586 ταῦτα
1551 4533 1650 4602 τῆς
1706 4533 1857 4596 θείας

273 4617 584 4688 ἀπῴκισται
612 4621 850 4690 φύσεως.
887 4622 1024 4676 Ἀλλ’
1047 4623 1432 4696 ὲρωτάτωσαν,
1453 4625 1501 4677 εί
1536 4623 1855 4694 βούλονται,

274 4708 366 4762 τὸν
397 4708 570 4779 ἥλιον,
596 4713 642 4764 εἰ
679 4713 742 4766 τὸ
799 4713 862 4780 ἐξ
910 4714 1075 4768 αὑτοῦ
1128 4714 1466 4784 γεννώμενον
1509 4715 1624 4784 φῶς
1654 4711 1723 4787 ἦν
1770 4715 1857 4770 ἀεὶ

275 4801 374 4854 σὺν
407 4800 576 4872 αὐτῷ,
621 4805 1054 4860 Μανθανέτωσαν
1103 4807 1198 4860 καὶ
1251 4807 1398 4876 παρὰ
1436 4807 1530 4861 τοῦ
1571 4807 1760 4878 πυρὸς,
1806 4811 1856 4860 εἰ

273 4895 488 4966 προσῆν
515 4896 660 4967 αὐτῷ
700 4898 761 4952 τὸ
817 4897 1131 4968 θερμαίνειν
1175 4898 1278 4952 ἀεί.
1327 4897 1388 4951 Εἰ
1428 4897 1484 4950 δὲ
1525 4899 1618 4952 ἐπὶ
1650 4897 1856 4951 τούτων

271 4985 548 5060 σύνδρομα
569 5005 627 5041 τε
677 4991 772 5043 καὶ
815 4987 902 5042 ἀεὶ
935 4989 1162 5042 συνόντα
1185 4989 1252 5041 τὰ
1284 4985 1348 5052 ἐξ
1373 4989 1550 5042 αὐτῶν
1582 4989 1852 5057 φαίνεται,

271 5081 422 5151 πόσῳ
449 5080 652 5148 μᾶλλον
679 5081 776 5134 ἐπὶ
831 5081 926 5134 τοῦ
983 5081 1154 5136 ἀϊδίου
1190 5081 1363 5146 Θεοῦ;
1397 5081 1461 5136 Εἰ
1493 5079 1672 5132 τοίνυν
1713 5081 1854 5134 κατὰ

271 5170 428 5237 φύσιν
451 5173 516 5224 ὲκ
548 5171 643 5225 τοῦ
667 5173 883 5243 Πατρός
911 5175 1059 5227 ἐστιν
1080 5174 1108 5226 6
1137 5173 1284 5236 Υἱὸς,
1318 5174 1414 5226 καὶ
1446 5172 1506 5223 τὸ
1546 5169 1854 5237 ἀναγκάζον

270 5262 416 5316 οὐδὲν
439 5265 496 5316 ὲν
533 5265 712 5336 χρόνῳ
767 5263 978 5316 τίκτειν
1003 5264 1092 5316 τὸν
1135 5263 1288 5326 Θεὸν,
1317 5257 1384 5332 ἦν
1418 5261 1526 5331 ἄρα
1573 5259 1650 5330 τῷ
1679 5261 1854 5328 Πατρὶ

269 5355 534 5418 συναῒδιος
557 5358 586 5409 ὁ
609 5356 671 5422 ἐξ
695 5355 866 5410 αὑτοῦ
898 5355 1176 5427 προελθὼν
1210 5356 1400 5422 Λόγος,
1459 5352 1524 5405 δι’
1554 5346 1616 5405 οὗ
1635 5357 1745 5416 τοῖς
1778 5352 1853 5426 μὴ

269 5441 376 5501 οὖσι
399 5447 623 5518 γέγονεν
654 5449 688 5521 ή
718 5450 802 5513 είς
832 5448 896 5503 1:6
923 5444 1060 5502 εἶναι
1083 5447 1332 5520 πάροδος.

961 5562 1160 5616 ΔΛΛΟ.

331 5671 536 5729 Είδέναι
567 5679 674 5748 χρὴ
707 5677 842 5737 τοὺς
867 5675 1012 5727 νοεῖν
1033 5675 1312 5739 ἐθέλοντας
1373 5676 1574 5738 καλῶς,
1607 5677 1689 5728 ὅτι
1727 5675 1850 5728 οὔτε

268 5769 575 5840 μεριστῶςῆ
613 5767 874 5842 ρευστῶς
900 5766 1158 5836 ἐγέννησε
1188 5768 1338 5830 Θεὸς,
1359 5769 1443 5821 ἵνα
1473 5787 1524 5820 τι
1555 5768 1649 5822 καὶ
1680 5767 1850 5830 πάθος

263 5861 374 5928 περὶ
408 5861 573 5916 αὐτὸν
603 5858 880 5932 γενέσθαι
917 5857 1246 5926 νομίσωμεν·
1301 5861 1360 5912 τὸ
1395 5860 1488 5926 μὲν
1517 5859 1626 5924 γὰο
1657 5859 1845 5925 τέμνε-

1985 1947 2088 2004 est,
2129 1955 2235 1995 non
2271 1950 2508 2012 estergo
2533 1942 2800 2011 posterior
2851 1943 3008 1996 Patre
3055 1941 3248 2004 Filius,
3275 1955 3372 2010 per
3402 1953 3562 2008 quem

1987 2031 2074 2087 ille
2097 2033 2278 2086 omnia
2313 2032 2460 2096 fecit,
2487 2049 2662 2104 neque
2699 2034 2860 2088 veluti
2915 2035 3340 2090 instrumentum
3369 2033 3436 2086 ad
3463 2033 3562 2086 ltoc

1983 2123 2160 2178 factus
2185 2133 2270 2180 est
2298 2141 2314 2178 :
2343 2125 2436 2180 sed
2477 2133 2599 2180 erat
2629 2125 2677 2180 ei
2708 2135 3032 2190 coaeternus,
3061 2125 3304 2196 potentia
3337 2123 3456 2192 ejus
3497 2137 3562 2178 ac

1981 2215 2246 2284 sapientia
2277 2216 2564 2270 exsistens.

1979 2351 2240 2407 Adversus
2271 2353 2646 2418 interrogantes
2673 2369 2690 2406 :
2720 2353 2798 2406 An
2829 2353 3060 2405 habuisti
3080 2351 3250 2418 ﬁlium
3281 2361 3558 2418 antequam

2045 2423 2324 2544 pignores?
2349 2431 2394 2473 et
2436 2423 2662 2474 dicentes
2693 2439 2710 2476 :
2741 2421 2838 2502 Ilta
2889 2439 3050 2492 neque
3085 2422 3224 2476 Deus
3255 2423 3438 2476 [tabuit
3469 2419 3564 2472 Fi-

2069 2505 2199 2544 xum.
2231 2505 2536 2544 priusquam
2560 2507 2676 2544 eum
2701 2503 2954 2544 omnem.

2069 2505 2199 2556 tum,
2229 2505 2536 2560 priusquam
2560 2507 2676 2544 eum
2699 2503 2954 2562 gigneret.

2045 2625 2146 2692 Qui
2179 2625 2436 2680 mulieres
2459 2625 2800 2695 interrogant
2837 2643 2850 2680 :
2907 2625 3226 2681 llabuistine
3259 2625 3426 2680 illium
3457 2639 3554 2678 an-

1976 2725 2192 2784 tequam
2221 2717 2480 2784 pareres?
2501 2719 2736 2772 humano
2763 2733 2912 2772 more
2937 2719 3146 2774 divinas
3175 2733 3260 2774 res
3287 2719 3558 2774 aestiman-

1977 2821 2080 2874 tes,
2141 2811 2478 2880 interrogent
2517 2811 2678 2864 etiam
2737 2821 2918 2880 patres
2977 2829 3040 2868 ac
3074 2823 3275 2867 matres
3310 2831 3322 2866 :
3363 2811 3420 2867 Si
3457 2812 3550 2866 tibi

1976 2909 2134 2956 natus
2154 2903 2228 2962 sit
2278 2901 2440 2966 illius,
2465 2903 2638 2956 eritne
2672 2903 2716 2956 is
2749 2903 2842 2956 tibi
2867 2903 3096 2980 .sitnilis
3130 2905 3426 2958 secundum
3461 2921 3552 2958 na-

1975 2999 2186 3056 turam,
2215 2991 2300 3046 vel
2335 2991 2652 3058 ejusdemne
2689 3001 2868 3046 tecum
2911 2993 3232 3048 substantiae
3285 2995 3556 3062 particeps

1972 3082 2122 3136 erit?
2157 3098 2224 3136 an
2255 3083 2435 3152 petitis
2466 3081 2692 3138 alterius
2751 3083 3070 3138 eubstantite
3121 3085 3312 3138 aliene
3359 3101 3386 3138 a
3421 3087 3556 3140 tua?

1975 3171 2218 3230 Veritate
2251 3175 2432 3244 itaque
2461 3175 2640 3244 agnita
2661 3213 2676 3238 ,
2711 3176 2780 3229 ita
2813 3179 2980 3230 etiam
3023 3175 3090 3230 de
3131 3173 3240 3230 Deo
3298 3177 3550 3230 sentiant.

1976 3265 2156 3336 Neque
2183 3277 2395 3336 tempus
2419 3268 2638 3338 quidem
2667 3267 2734 3320 ad
2765 3283 2916 3322 suam
2943 3268 3270 3340 impietatem
3299 3279 3552 3338 tanquam

1975 3358 2108 3413 utile
2167 3359 2442 3428 abripiant
2471 3378 2484 3413 :
2525 3359 2788 3413 naturalis
2819 3374 2946 3414 vero
3001 3361 3352 3430 proprietatis
3375 3361 3550 3416 conti-

1975 3449 2286 3504 nuationem
2317 3450 2638 3520 despiciant.
2667 3449 2732 3504 Et
2765 3467 2974 3516 rursus,
3008 3465 3128 3505 cum
3150 3467 3215 3506 ex
3241 3453 3552 3521 parentibus

1973 3539 2324 3609 interrogatis
2353 3540 2663 3603 didicerint,
2721 3541 2864 3596 ﬁlios
2907 3541 2998 3610 qui
3031 3557 3096 3597 ex
3127 3541 3258 3610 ipsis
3289 3545 3547 3598 nascituri

1972 3640 2120 3698 sunt,
2181 3633 2389 3686 similes
2436 3633 2660 3694 omnino
2729 3633 3044 3704 parentibus
3093 3632 3244 3700 fore,
3299 3635 3550 3704 nulloque

1973 3721 2156 3787 modo,
2207 3731 2468 3792 quantum
2519 3723 2584 3774 ad
2641 3723 2960 3776 substantia:
3021 3725 3286 3778 rationem
3315 3726 3546 3790 attinet,

1970 3813 2213 3866 diversos
2251 3813 2318 3866 ab
2341 3813 2472 3882 ipsis
2497 3811 2636 3871 fore.
2670 3813 2741 3866 ita
2767 3813 2930 3868 etiam
2983 3814 3050 3867 de
3085 3813 3174 3868 Dei
3219 3811 3394 3868 Verbo
3419 3829 3546 3868 sen-

1971 3901 2124 3956 tiant.
2149 3907 2224 3958 Ac
2251 3903 2507 3974 deinceps
2539 3903 2642 3975 31
2691 3904 2919 3960 fatentes
2957 3903 3152 3958 Filium
3209 3919 3272 3958 ex
3310 3905 3546 3958 essentia

1971 3995 2146 4050 Patris
2178 3997 2422 4066 genitum
2460 4013 2600 4059 esse,
2630 3997 2698 4051 dc
2731 4007 2976 4066 tempore
2997 3996 3172 4049 solum
3199 4004 3465 4062 quaerant,
3489 4003 3546 4049 et

1967 4087 2148 4142 dicant
2183 4090 2310 4158 quid
2345 4091 2654 4160 prohibeat,
2692 4103 2800 4155 quo
2833 4088 3010 4139 minus
3055 4085 3215 4138 Pater
3235 4085 3306 4138 sit
3335 4099 3547 4152 semper

1968 4177 2126 4246 Deus,
2151 4180 2256 4233 nisi
2287 4181 2413 4248 quis
2441 4194 2564 4232 eum
2611 4181 2860 4231 humanae
2881 4175 3211 4230 conditionis
3261 4185 3315 4232 et
3339 4187 3545 4230 natura:

1965 4267 2170 4338 legibus
2195 4267 2498 4337 subjectuttt
2525 4283 2648 4324 esse
2669 4270 2812 4323 dicat
2839 4288 2853 4326 :
2884 4265 3028 4337 (Illud
3053 4267 3276 4338 impium
3303 4284 3540 4324 suntmo-

1965 4376 2092 4430 pere
2122 4371 2226 4417 est.
2269 4361 2504 4433 Tempus
2531 4363 2712 4432 itaque
2746 4361 3179 4422 considerantes.
3207 4377 3273 4416 ne
3320 4377 3381 4416 ca
3419 4378 3540 4431 quae

1965 4454 2273 4509 hominibus
2303 4456 2518 4524 propria
2549 4465 2694 4520 sunt,
2719 4455 2994 4523 inquirant
3020 4471 3034 4508 :
3063 4455 3378 4522 longissime
3395 4457 3536 4510 enim

1966 4545 2076 4600 limo
2109 4561 2136 4597 a
2169 4546 2348 4598 divina
2377 4555 2569 4600 natura
2621 4553 2748 4598 sunt
2805 4555 3030 4616 remota.
3065 4543 3170 4599 Sed
3225 4557 3432 4616 rogent,
3489 4547 3536 4600 si

1963 4639 2152 4701 velint,
2180 4637 2372 4703 solem,
2406 4655 2470 4690 an
2503 4639 2680 4692 lumen
2730 4639 2871 4706 quod
2908 4654 2971 4692 ex
3000 4653 3059 4692 se
3101 4641 3290 4710 gignit,
3323 4655 3537 4709 semper

1959 4744 2142 4782 secum
2185 4728 2370 4782 fuerit.
2399 4728 2746 4796 Cognoscattt
2778 4729 2937 4781 etiam
2962 4744 3027 4782 ex
3053 4729 3197 4798 igne,
3221 4745 3288 4783 an
3321 4745 3538 4798 semper

1957 4821 2005 4875 ei
2037 4819 2184 4874 calor
2218 4818 2473 4872 adfuerit.
2517 4818 2574 4872 Si
2607 4833 2733 4870 vero
2785 4819 2835 4872 in
2893 4820 2974 4872 Itis
3015 4835 3228 4887 semper
3255 4820 3535 4874 concomi-

1958 4922 2141 4966 tantur
2171 4917 2331 4978 atque
2364 4909 2680 4976 insuntqum
2708 4923 2772 4962 ex
2808 4909 2940 4976 ipsis
2970 4909 3282 4978 gignuntur,
3329 4917 3536 4976 quanto

1960 4999 2130 5069 magis
2159 4999 2208 5050 in
2227 5009 2433 5053 teterno
2459 4999 2600 5053 Deo?
2630 4997 2772 5068 Ergo
2804 4999 2848 5051 si
2875 4999 3196 5052 naturaliter
3224 5009 3309 5052 est
3337 5015 3404 5052 ex
3431 4997 3534 5054 Pa-

1960 5104 2040 5147 tre
2067 5092 2256 5154 Filius,
2287 5089 2540 5157 nullaque
2588 5088 2888 5142 necessitas
2919 5089 2990 5141 sit
3051 5098 3110 5140 ut
3139 5089 3280 5142 Deus
3307 5090 3358 5143 in
3391 5100 3531 5146 tem-

1957 5203 2083 5257 pore
2109 5187 2293 5256 gignat
2327 5204 2338 5236 :
2368 5191 2486 5236 erat
2521 5181 2703 5248 itaque
2750 5188 3080 5234 contentum
3115 5179 3259 5236 Patri
3296 5181 3528 5240 Verbum

1957 5287 2022 5327 ex
2053 5273 2169 5342 ipso
2199 5269 2516 5340 procedens,
2543 5281 2641 5338 per
2683 5281 2842 5336 quem
2872 5283 2933 5325 ea
2969 5284 3088 5338 quae
3141 5289 3245 5329 non
3271 5285 3426 5330 erant
3461 5276 3529 5329 ad

1957 5381 2076 5421 esse
2121 5363 2362 5420 traducta
2391 5369 2537 5422 sunt.

2621 5558 2850 5616 ALIUD.

2027 5675 2180 5729 Scire
2207 5681 2417 5742 oportet
2442 5687 2535 5726 eos
2569 5672 2659 5741 qui
2711 5680 2858 5726 recte
2890 5671 3098 5724 sentire
3129 5669 3317 5731 velint,
3359 5669 3524 5722 Deum

1956 5784 2059 5822 non
2091 5781 2184 5834 per
2217 5765 2636 5833 separationem,
2667 5773 2761 5818 aut
2812 5762 3106 5816 ﬂusionem
3134 5759 3411 5830 genuisse,
3451 5760 3520 5809 ita

1961 5867 2016 5912 ut
2073 5856 2376 5924 passionem
2439 5854 2670 5922 aliquam
2731 5853 2780 5909 ei
2845 5845 3110 5904 accidisse
3169 5857 3520 5899 censeamus:
