  <div class='ocr_page' id='page_1' title='image "/cluster/home/n/w/nwhite01/storage/ocr_20150623/75/mdp.39015078384495/035.png"; bbox 0 0 4056 6264; ppageno 0'>
   <div class='ocr_carea' id='block_1_1' title="bbox 528 395 3768 454">
    <p class='ocr_par' dir='ltr' id='par_1_1' title="bbox 528 395 3768 454">
     <span class='ocr_line' id='line_1_1' title="bbox 528 395 3768 454; baseline 0.001 -4"><span class='ocrx_word' id='word_1_1' title='bbox 528 398 594 450; x_wconf 74' lang='lat'><strong>55</strong></span> <span class='ocrx_word' id='word_1_2' title='bbox 1509 398 1564 451; x_wconf 82' lang='lat' dir='ltr'><strong>S.</strong></span> <span class='ocrx_word' id='word_1_3' title='bbox 1606 399 1876 454; x_wconf 70' lang='lat' dir='ltr'><strong>CUULLI</strong></span> <span class='ocrx_word' id='word_1_4' title='bbox 1919 395 2742 454; x_wconf 29' lang='lat' dir='ltr'><strong>ALEXANDHINI—AltCHIEP.</strong></span> <span class='ocrx_word' id='word_1_5' title='bbox 3703 398 3768 453; x_wconf 65' lang='lat'><em>56</em></span> 
     </span>
    </p>
   </div>
   <div class='ocr_carea' id='block_1_2' title="bbox 519 508 2078 588">
    <p class='ocr_par' dir='ltr' id='par_1_2' title="bbox 519 509 2078 585">
     <span class='ocr_line' id='line_1_2' title="bbox 519 509 2078 585; baseline 0.003 -23"><span class='ocrx_word' id='word_1_6' title='bbox 519 511 692 564; x_wconf 84' lang='lat' dir='ltr'><strong>secari</strong></span> <span class='ocrx_word' id='word_1_7' title='bbox 743 509 886 564; x_wconf 77' lang='lat' dir='ltr'><strong>enim</strong></span> <span class='ocrx_word' id='word_1_8' title='bbox 934 527 995 563; x_wconf 82' lang='lat' dir='ltr'><strong>ar</strong></span> <span class='ocrx_word' id='word_1_9' title='bbox 1027 511 1196 564; x_wconf 78' lang='lat' dir='ltr'><strong>fluere</strong></span> <span class='ocrx_word' id='word_1_10' title='bbox 1254 526 1527 579; x_wconf 69' lang='lat' dir='ltr'><strong>certiorem</strong></span> <span class='ocrx_word' id='word_1_11' title='bbox 1575 526 1780 570; x_wconf 74' lang='lat' dir='ltr'><strong>natura:</strong></span> <span class='ocrx_word' id='word_1_12' title='bbox 1813 519 2078 585; x_wconf 83' lang='lat' dir='ltr'><strong>preprinm</strong></span> 
     </span>
    </p>
   </div>
   <div class='ocr_carea' id='block_1_3' title="bbox 2184 508 3767 588">
    <p class='ocr_par' dir='ltr' id='par_1_3' title="bbox 2196 508 3767 588">
     <span class='ocr_line' id='line_1_3' title="bbox 2196 508 3767 588; baseline -0.01 -16"><span class='ocrx_word' id='word_1_13' title='bbox 2196 520 2318 572; x_wconf 90' lang='grc' dir='ltr'>σθαι</span> <span class='ocrx_word' id='word_1_14' title='bbox 2351 520 2444 572; x_wconf 75' lang='grc' dir='ltr'><strong>καὶ</strong></span> <span class='ocrx_word' id='word_1_15' title='bbox 2471 522 2583 588; x_wconf 80' lang='grc' dir='ltr'>ῥεῖν</span> <span class='ocrx_word' id='word_1_16' title='bbox 2616 519 2714 587; x_wconf 84' lang='grc' dir='ltr'><strong>τῆς</strong></span> <span class='ocrx_word' id='word_1_17' title='bbox 2745 515 3066 586; x_wconf 73' lang='grc' dir='ltr'><strong>σωματικῆς</strong></span> <span class='ocrx_word' id='word_1_18' title='bbox 3125 515 3190 568; x_wconf 85' lang='grc' dir='ltr'><strong>ἂν</strong></span> <span class='ocrx_word' id='word_1_19' title='bbox 3238 512 3322 582; x_wconf 76' lang='grc' dir='ltr'><strong>εἴη</strong></span> <span class='ocrx_word' id='word_1_20' title='bbox 3358 511 3570 580; x_wconf 72' lang='grc' dir='ltr'>φύσεως</span> <span class='ocrx_word' id='word_1_21' title='bbox 3620 508 3767 561; x_wconf 72' lang='grc' dir='ltr'><strong>ἴδιον⁸</strong></span> 
     </span>
    </p>
   </div>
   <div class='ocr_carea' id='block_1_4' title="bbox 515 600 2085 674">
    <p class='ocr_par' dir='ltr' id='par_1_4' title="bbox 515 600 2085 674">
     <span class='ocr_line' id='line_1_4' title="bbox 515 600 2085 674; baseline 0.005 -22"><span class='ocrx_word' id='word_1_22' title='bbox 515 608 631 665; x_wconf 89' lang='lat' dir='ltr'><strong>est;</strong></span> <span class='ocrx_word' id='word_1_23' title='bbox 691 600 1026 670; x_wconf 58' lang='lat' dir='ltr'><strong>incorporeas</strong></span> <span class='ocrx_word' id='word_1_24' title='bbox 1079 613 1255 654; x_wconf 86' lang='lat' dir='ltr'><strong>autem</strong></span> <span class='ocrx_word' id='word_1_25' title='bbox 1312 603 1614 674; x_wconf 60' lang='lat' dir='ltr'><strong>divinaque</strong></span> <span class='ocrx_word' id='word_1_26' title='bbox 1679 610 1930 662; x_wconf 72' lang='lat' dir='ltr'><strong>essentia:</strong></span> <span class='ocrx_word' id='word_1_27' title='bbox 1979 625 2085 663; x_wconf 90' lang='lat' dir='ltr'><strong>non</strong></span> 
     </span>
    </p>
   </div>
   <div class='ocr_carea' id='block_1_5' title="bbox 515 693 2086 764">
    <p class='ocr_par' dir='ltr' id='par_1_5' title="bbox 515 693 2086 764">
     <span class='ocr_line' id='line_1_5' title="bbox 515 693 2086 764; baseline 0.007 -21"><span class='ocrx_word' id='word_1_28' title='bbox 515 693 718 761; x_wconf 85' lang='lat' dir='ltr'><strong>passio,</strong></span> <span class='ocrx_word' id='word_1_29' title='bbox 749 710 854 747; x_wconf 90' lang='lat' dir='ltr'><strong>non</strong></span> <span class='ocrx_word' id='word_1_30' title='bbox 883 696 1076 758; x_wconf 90' lang='lat' dir='ltr'><strong>sectio,</strong></span> <span class='ocrx_word' id='word_1_31' title='bbox 1106 695 1188 748; x_wconf 85' lang='lat' dir='ltr'><strong>vel</strong></span> <span class='ocrx_word' id='word_1_32' title='bbox 1228 695 1335 749; x_wconf 90' lang='lat' dir='ltr'><strong>tale</strong></span> <span class='ocrx_word' id='word_1_33' title='bbox 1361 697 1560 764; x_wconf 83' lang='lat' dir='ltr'><strong>aliquid</strong></span> <span class='ocrx_word' id='word_1_34' title='bbox 1590 699 1809 753; x_wconf 86' lang='lat' dir='ltr'><strong>accidit.</strong></span> <span class='ocrx_word' id='word_1_35' title='bbox 1837 699 1950 754; x_wconf 84' lang='lat' dir='ltr'><strong>Non</strong></span> <span class='ocrx_word' id='word_1_36' title='bbox 1980 701 2086 754; x_wconf 86' lang='lat' dir='ltr'><strong>erit</strong></span> 
     </span>
    </p>
   </div>
   <div class='ocr_carea' id='block_1_6' title="bbox 515 783 2083 857">
    <p class='ocr_par' dir='ltr' id='par_1_6' title="bbox 515 783 2083 857">
     <span class='ocr_line' id='line_1_6' title="bbox 515 783 2083 857; baseline 0.004 -19"><span class='ocrx_word' id='word_1_37' title='bbox 515 787 700 854; x_wconf 89' lang='lat' dir='ltr'><strong>itaque</strong></span> <span class='ocrx_word' id='word_1_38' title='bbox 727 783 894 840; x_wconf 84' lang='lat' dir='ltr'><strong>Filius</strong></span> <span class='ocrx_word' id='word_1_39' title='bbox 932 787 1093 840; x_wconf 77' lang='lat' dir='ltr'><strong>Veluti</strong></span> <span class='ocrx_word' id='word_1_40' title='bbox 1128 802 1252 854; x_wconf 88' lang='lat' dir='ltr'><strong>pars</strong></span> <span class='ocrx_word' id='word_1_41' title='bbox 1311 789 1556 855; x_wconf 70' lang='lat' dir='ltr'><strong>quaedam</strong></span> <span class='ocrx_word' id='word_1_42' title='bbox 1624 790 1832 857; x_wconf 87' lang='lat' dir='ltr'><strong>Patris,</strong></span> <span class='ocrx_word' id='word_1_43' title='bbox 1891 794 1984 845; x_wconf 88' lang='lat' dir='ltr'><strong>sed</strong></span> <span class='ocrx_word' id='word_1_44' title='bbox 2019 808 2083 845; x_wconf 77' lang='lat' dir='ltr'><strong>ex</strong></span> 
     </span>
    </p>
   </div>
   <div class='ocr_carea' id='block_1_7' title="bbox 515 876 2085 950">
    <p class='ocr_par' dir='ltr' id='par_1_7' title="bbox 515 876 2085 950">
     <span class='ocr_line' id='line_1_7' title="bbox 515 876 2085 950; baseline 0.002 -19"><span class='ocrx_word' id='word_1_45' title='bbox 515 880 634 947; x_wconf 89' lang='lat' dir='ltr'><strong>ipso</strong></span> <span class='ocrx_word' id='word_1_46' title='bbox 677 887 727 933; x_wconf 90' lang='lat' dir='ltr'><strong>et</strong></span> <span class='ocrx_word' id='word_1_47' title='bbox 764 879 815 931; x_wconf 93' lang='lat' dir='ltr'><strong>in</strong></span> <span class='ocrx_word' id='word_1_48' title='bbox 846 879 981 947; x_wconf 86' lang='lat' dir='ltr'><strong>ipso.</strong></span> <span class='ocrx_word' id='word_1_49' title='bbox 1009 878 1086 932; x_wconf 90' lang='lat' dir='ltr'><strong>Ac</strong></span> <span class='ocrx_word' id='word_1_50' title='bbox 1114 894 1209 946; x_wconf 89' lang='lat' dir='ltr'><strong>per</strong></span> <span class='ocrx_word' id='word_1_51' title='bbox 1239 876 1358 946; x_wconf 81' lang='lat' dir='ltr'><strong>Filii</strong></span> <span class='ocrx_word' id='word_1_52' title='bbox 1408 880 1622 947; x_wconf 80' lang='lat' dir='ltr'><strong>quidem</strong></span> <span class='ocrx_word' id='word_1_53' title='bbox 1675 883 2085 950; x_wconf 70' lang='lat' dir='ltr'><strong>appellationem</strong></span> 
     </span>
    </p>
   </div>
   <div class='ocr_carea' id='block_1_8' title="bbox 514 971 2086 1043">
    <p class='ocr_par' dir='ltr' id='par_1_8' title="bbox 514 971 2086 1043">
     <span class='ocr_line' id='line_1_8' title="bbox 514 971 2086 1043; baseline 0.001 -20"><span class='ocrx_word' id='word_1_54' title='bbox 514 985 582 1024; x_wconf 82' lang='lat' dir='ltr'><strong>ex</strong></span> <span class='ocrx_word' id='word_1_55' title='bbox 617 971 731 1040; x_wconf 89' lang='lat' dir='ltr'><strong>ipso</strong></span> <span class='ocrx_word' id='word_1_56' title='bbox 762 987 778 1024; x_wconf 88' lang='lat'><strong>:</strong></span> <span class='ocrx_word' id='word_1_57' title='bbox 810 987 904 1040; x_wconf 89' lang='lat' dir='ltr'><strong>per</strong></span> <span class='ocrx_word' id='word_1_58' title='bbox 932 972 1208 1039; x_wconf 74' lang='lat' dir='ltr'><strong>sapientia:</strong></span> <span class='ocrx_word' id='word_1_59' title='bbox 1235 987 1363 1026; x_wconf 88' lang='lat' dir='ltr'><strong>vero</strong></span> <span class='ocrx_word' id='word_1_60' title='bbox 1390 983 1443 1027; x_wconf 90' lang='lat' dir='ltr'><strong>et</strong></span> <span class='ocrx_word' id='word_1_61' title='bbox 1470 973 1628 1027; x_wconf 82' lang='lat' dir='ltr'><strong>Verbi</strong></span> <span class='ocrx_word' id='word_1_62' title='bbox 1653 976 2086 1043; x_wconf 77' lang='lat' dir='ltr'><strong>appellationem,</strong></span> 
     </span>
    </p>
   </div>
   <div class='ocr_carea' id='block_1_9' title="bbox 514 1061 2080 1134">
    <p class='ocr_par' dir='ltr' id='par_1_9' title="bbox 514 1061 2080 1134">
     <span class='ocr_line' id='line_1_9' title="bbox 514 1061 2080 1134; baseline 0.004 -20"><span class='ocrx_word' id='word_1_63' title='bbox 514 1062 567 1114; x_wconf 91' lang='lat' dir='ltr'><strong>in</strong></span> <span class='ocrx_word' id='word_1_64' title='bbox 602 1061 717 1130; x_wconf 91' lang='lat' dir='ltr'><strong>ipso</strong></span> <span class='ocrx_word' id='word_1_65' title='bbox 771 1077 892 1117; x_wconf 89' lang='lat' dir='ltr'><strong>esse</strong></span> <span class='ocrx_word' id='word_1_66' title='bbox 939 1063 1298 1132; x_wconf 72' lang='lat' dir='ltr'><strong>significatur,</strong></span> <span class='ocrx_word' id='word_1_67' title='bbox 1329 1063 1445 1118; x_wconf 87' lang='lat' dir='ltr'><strong>Erit</strong></span> <span class='ocrx_word' id='word_1_68' title='bbox 1490 1066 1672 1134; x_wconf 83' lang='lat' dir='ltr'><strong>itaque</strong></span> <span class='ocrx_word' id='word_1_69' title='bbox 1729 1067 1958 1134; x_wconf 80' lang='lat' dir='ltr'><strong>genitori</strong></span> <span class='ocrx_word' id='word_1_70' title='bbox 1996 1084 2080 1120; x_wconf 82' lang='lat' dir='ltr'><strong>co-</strong></span> 
     </span>
    </p>
   </div>
   <div class='ocr_carea' id='block_1_10' title="bbox 515 1153 2085 1226">
    <p class='ocr_par' dir='ltr' id='par_1_10' title="bbox 515 1153 2085 1226">
     <span class='ocr_line' id='line_1_10' title="bbox 515 1153 2085 1226; baseline 0.006 -21"><span class='ocrx_word' id='word_1_71' title='bbox 515 1162 768 1208; x_wconf 61' lang='lat' dir='ltr'><strong>aeternus.</strong></span> <span class='ocrx_word' id='word_1_72' title='bbox 803 1153 985 1224; x_wconf 84' lang='lat' dir='ltr'><strong>Neque</strong></span> <span class='ocrx_word' id='word_1_73' title='bbox 1014 1157 1155 1210; x_wconf 90' lang='lat' dir='ltr'><strong>enim</strong></span> <span class='ocrx_word' id='word_1_74' title='bbox 1185 1159 1470 1226; x_wconf 88' lang='lat' dir='ltr'><strong>quisquam</strong></span> <span class='ocrx_word' id='word_1_75' title='bbox 1509 1174 1651 1212; x_wconf 69' lang='lat' dir='ltr'><strong>sana:</strong></span> <span class='ocrx_word' id='word_1_76' title='bbox 1678 1159 2085 1214; x_wconf 82' lang='lat' dir='ltr'><strong>mentisdixerit</strong></span> 
     </span>
    </p>
   </div>
   <div class='ocr_carea' id='block_1_11' title="bbox 514 1241 2084 1319">
    <p class='ocr_par' dir='ltr' id='par_1_11' title="bbox 514 1241 2084 1319">
     <span class='ocr_line' id='line_1_11' title="bbox 514 1241 2084 1319; baseline 0.003 -23"><span class='ocrx_word' id='word_1_77' title='bbox 514 1241 724 1299; x_wconf 81' lang='lat' dir='ltr'><strong>Patrem</strong></span> <span class='ocrx_word' id='word_1_78' title='bbox 762 1246 978 1315; x_wconf 86' lang='lat' dir='ltr'><strong>inquam</strong></span> <span class='ocrx_word' id='word_1_79' title='bbox 1019 1251 1222 1317; x_wconf 87' lang='lat' dir='ltr'><strong>absque</strong></span> <span class='ocrx_word' id='word_1_80' title='bbox 1261 1248 1430 1302; x_wconf 83' lang='lat' dir='ltr'><strong>Verbo</strong></span> <span class='ocrx_word' id='word_1_81' title='bbox 1463 1258 1517 1302; x_wconf 87' lang='lat' dir='ltr'><strong>et</strong></span> <span class='ocrx_word' id='word_1_82' title='bbox 1565 1249 1847 1319; x_wconf 81' lang='lat' dir='ltr'><strong>Sapientia</strong></span> <span class='ocrx_word' id='word_1_83' title='bbox 1915 1252 2084 1309; x_wconf 62' lang='lat' dir='ltr'><strong>exsili-.-</strong></span> 
     </span>
    </p>
   </div>
   <div class='ocr_carea' id='block_1_12' title="bbox 515 1347 666 1391">
    <p class='ocr_par' dir='ltr' id='par_1_12' title="bbox 515 1347 666 1391">
     <span class='ocr_line' id='line_1_12' title="bbox 515 1347 666 1391; baseline 0.026 -4"><span class='ocrx_word' id='word_1_84' title='bbox 515 1347 666 1391; x_wconf 76' lang='lat' dir='ltr'><strong>tisse.</strong></span> 
     </span>
    </p>
   </div>
   <div class='ocr_carea' id='block_1_13' title="bbox 1180 1451 1406 1509">
    <p class='ocr_par' dir='ltr' id='par_1_13' title="bbox 1180 1451 1406 1509">
     <span class='ocr_line' id='line_1_13' title="bbox 1180 1451 1406 1509; baseline 0.022 -5"><span class='ocrx_word' id='word_1_85' title='bbox 1180 1451 1406 1509; x_wconf 85' lang='lat' dir='ltr'><strong>ALIUD.</strong></span> 
     </span>
    </p>
   </div>
   <div class='ocr_carea' id='block_1_14' title="bbox 585 1561 2080 1636">
    <p class='ocr_par' dir='ltr' id='par_1_14' title="bbox 585 1561 2080 1636">
     <span class='ocr_line' id='line_1_14' title="bbox 585 1561 2080 1636; baseline 0.006 -24"><span class='ocrx_word' id='word_1_86' title='bbox 585 1561 642 1614; x_wconf 85' lang='lat' dir='ltr'><strong>Si</strong></span> <span class='ocrx_word' id='word_1_87' title='bbox 677 1577 828 1617; x_wconf 89' lang='lat' dir='ltr'><strong>mens</strong></span> <span class='ocrx_word' id='word_1_88' title='bbox 855 1563 1089 1618; x_wconf 87' lang='lat' dir='ltr'><strong>humana</strong></span> <span class='ocrx_word' id='word_1_89' title='bbox 1116 1565 1247 1620; x_wconf 88' lang='lat' dir='ltr'><strong>citra</strong></span> <span class='ocrx_word' id='word_1_90' title='bbox 1309 1567 1468 1621; x_wconf 90' lang='lat' dir='ltr'><strong>ullam</strong></span> <span class='ocrx_word' id='word_1_91' title='bbox 1503 1568 1826 1622; x_wconf 80' lang='lat' dir='ltr'><strong>divisionem</strong></span> <span class='ocrx_word' id='word_1_92' title='bbox 1857 1570 2080 1636; x_wconf 79' lang='lat' dir='ltr'><strong>verbum</strong></span> 
     </span>
    </p>
   </div>
   <div class='ocr_carea' id='block_1_15' title="bbox 513 1655 2082 1730">
    <p class='ocr_par' dir='ltr' id='par_1_15' title="bbox 513 1655 2082 1730">
     <span class='ocr_line' id='line_1_15' title="bbox 513 1655 2082 1730; baseline 0.006 -25"><span class='ocrx_word' id='word_1_93' title='bbox 513 1655 655 1720; x_wconf 92' lang='lat' dir='ltr'><strong>quod</strong></span> <span class='ocrx_word' id='word_1_94' title='bbox 692 1655 895 1722; x_wconf 80' lang='lat' dir='ltr'><strong>profert</strong></span> <span class='ocrx_word' id='word_1_95' title='bbox 953 1671 1016 1711; x_wconf 78' lang='lat' dir='ltr'><strong>ex</strong></span> <span class='ocrx_word' id='word_1_96' title='bbox 1066 1658 1265 1727; x_wconf 91' lang='lat' dir='ltr'><strong>seipsa,</strong></span> <span class='ocrx_word' id='word_1_97' title='bbox 1328 1659 1520 1728; x_wconf 80' lang='lat' dir='ltr'><strong>gignit,</strong></span> <span class='ocrx_word' id='word_1_98' title='bbox 1574 1675 1749 1729; x_wconf 87' lang='lat' dir='ltr'><strong>neque</strong></span> <span class='ocrx_word' id='word_1_99' title='bbox 1793 1662 2082 1730; x_wconf 88' lang='lat' dir='ltr'><strong>quidquam</strong></span> 
     </span>
    </p>
   </div>
   <div class='ocr_carea' id='block_1_16' title="bbox 515 1744 2082 1820">
    <p class='ocr_par' dir='ltr' id='par_1_16' title="bbox 515 1744 2082 1820">
     <span class='ocr_line' id='line_1_16' title="bbox 515 1744 2082 1820; baseline 0.006 -26"><span class='ocrx_word' id='word_1_100' title='bbox 515 1745 627 1811; x_wconf 87' lang='lat' dir='ltr'><strong>ipsa</strong></span> <span class='ocrx_word' id='word_1_101' title='bbox 659 1759 722 1797; x_wconf 80' lang='lat' dir='ltr'><strong>ex</strong></span> <span class='ocrx_word' id='word_1_102' title='bbox 754 1744 840 1797; x_wconf 91' lang='lat' dir='ltr'><strong>illa</strong></span> <span class='ocrx_word' id='word_1_103' title='bbox 903 1746 1051 1801; x_wconf 82' lang='lat' dir='ltr'><strong>verbi</strong></span> <span class='ocrx_word' id='word_1_104' title='bbox 1109 1747 1413 1816; x_wconf 87' lang='lat' dir='ltr'><strong>prolatione</strong></span> <span class='ocrx_word' id='word_1_105' title='bbox 1446 1750 1692 1818; x_wconf 88' lang='lat' dir='ltr'><strong>patitur:</strong></span> <span class='ocrx_word' id='word_1_106' title='bbox 1734 1750 1829 1820; x_wconf 85' lang='lat' dir='ltr'><strong>sed</strong></span> <span class='ocrx_word' id='word_1_107' title='bbox 1860 1757 2082 1803; x_wconf 80' lang='lat' dir='ltr'><strong>verbum</strong></span> 
     </span>
    </p>
   </div>
   <div class='ocr_carea' id='block_1_17' title="bbox 512 1836 2082 1906">
    <p class='ocr_par' dir='ltr' id='par_1_17' title="bbox 512 1836 2082 1906">
     <span class='ocr_line' id='line_1_17' title="bbox 512 1836 2082 1906; baseline 0.007 -22"><span class='ocrx_word' id='word_1_108' title='bbox 512 1836 727 1900; x_wconf 85' lang='lat' dir='ltr'><strong>quidem</strong></span> <span class='ocrx_word' id='word_1_109' title='bbox 756 1837 806 1889; x_wconf 93' lang='lat' dir='ltr'><strong>in</strong></span> <span class='ocrx_word' id='word_1_110' title='bbox 835 1849 1033 1906; x_wconf 81' lang='lat' dir='ltr'><strong>mente,</strong></span> <span class='ocrx_word' id='word_1_111' title='bbox 1066 1854 1213 1893; x_wconf 89' lang='lat' dir='ltr'><strong>mens</strong></span> <span class='ocrx_word' id='word_1_112' title='bbox 1247 1839 1298 1893; x_wconf 92' lang='lat' dir='ltr'><strong>in</strong></span> <span class='ocrx_word' id='word_1_113' title='bbox 1344 1840 1506 1894; x_wconf 78' lang='lat' dir='ltr'><strong>verbo</strong></span> <span class='ocrx_word' id='word_1_114' title='bbox 1567 1842 1828 1906; x_wconf 83' lang='lat' dir='ltr'><strong>cernitur,</strong></span> <span class='ocrx_word' id='word_1_115' title='bbox 1862 1851 1917 1895; x_wconf 89' lang='lat' dir='ltr'><strong>et</strong></span> <span class='ocrx_word' id='word_1_116' title='bbox 1944 1843 2082 1896; x_wconf 90' lang='lat' dir='ltr'><strong>alte-</strong></span> 
     </span>
    </p>
   </div>
   <div class='ocr_carea' id='block_1_18' title="bbox 515 1932 2079 2004">
    <p class='ocr_par' dir='ltr' id='par_1_18' title="bbox 515 1932 2079 2004">
     <span class='ocr_line' id='line_1_18' title="bbox 515 1932 2079 2004; baseline 0.005 -22"><span class='ocrx_word' id='word_1_117' title='bbox 515 1947 631 1984; x_wconf 90' lang='lat' dir='ltr'><strong>rum</strong></span> <span class='ocrx_word' id='word_1_118' title='bbox 667 1932 734 1985; x_wconf 91' lang='lat' dir='ltr'><strong>ab</strong></span> <span class='ocrx_word' id='word_1_119' title='bbox 787 1933 957 1987; x_wconf 87' lang='lat' dir='ltr'><strong>altero</strong></span> <span class='ocrx_word' id='word_1_120' title='bbox 1000 1934 1308 2004; x_wconf 80' lang='lat' dir='ltr'><strong>depingitur</strong></span> <span class='ocrx_word' id='word_1_121' title='bbox 1347 1952 1360 1988; x_wconf 92' lang='lat'>:</span> <span class='ocrx_word' id='word_1_122' title='bbox 1409 1944 1464 1990; x_wconf 87' lang='lat' dir='ltr'><strong>et</strong></span> <span class='ocrx_word' id='word_1_123' title='bbox 1510 1950 1668 1991; x_wconf 92' lang='lat' dir='ltr'><strong>nemo</strong></span> <span class='ocrx_word' id='word_1_124' title='bbox 1715 1937 1832 2002; x_wconf 86' lang='lat' dir='ltr'><strong>sani</strong></span> <span class='ocrx_word' id='word_1_125' title='bbox 1889 1934 2079 2003; x_wconf 85' lang='lat' dir='ltr'><strong>judicii</strong></span> 
     </span>
    </p>
   </div>
   <div class='ocr_carea' id='block_1_19' title="bbox 511 2021 2082 2095">
    <p class='ocr_par' dir='ltr' id='par_1_19' title="bbox 511 2021 2082 2095">
     <span class='ocr_line' id='line_1_19' title="bbox 511 2021 2082 2095; baseline 0.001 -19"><span class='ocrx_word' id='word_1_126' title='bbox 511 2021 710 2076; x_wconf 82' lang='lat' dir='ltr'><strong>dixerit</strong></span> <span class='ocrx_word' id='word_1_127' title='bbox 759 2033 990 2084; x_wconf 85' lang='lat' dir='ltr'><strong>mentem</strong></span> <span class='ocrx_word' id='word_1_128' title='bbox 1035 2040 1273 2095; x_wconf 85' lang='lat' dir='ltr'><strong>unquam</strong></span> <span class='ocrx_word' id='word_1_129' title='bbox 1309 2027 1513 2095; x_wconf 87' lang='lat' dir='ltr'><strong>absque</strong></span> <span class='ocrx_word' id='word_1_130' title='bbox 1550 2027 1717 2080; x_wconf 87' lang='lat' dir='ltr'><strong>verbo</strong></span> <span class='ocrx_word' id='word_1_131' title='bbox 1745 2025 1957 2080; x_wconf 79' lang='lat' dir='ltr'><strong>fuisse:</strong></span> <span class='ocrx_word' id='word_1_132' title='bbox 1990 2041 2082 2078; x_wconf 90' lang='lat' dir='ltr'><strong>ne-</strong></span> 
     </span>
    </p>
   </div>
   <div class='ocr_carea' id='block_1_20' title="bbox 511 2102 2075 2186">
    <p class='ocr_par' dir='ltr' id='par_1_20' title="bbox 511 2102 2075 2186">
     <span class='ocr_line' id='line_1_20' title="bbox 511 2102 2075 2186; baseline 0.002 -21"><span class='ocrx_word' id='word_1_133' title='bbox 511 2126 616 2181; x_wconf 90' lang='lat' dir='ltr'><strong>que</strong></span> <span class='ocrx_word' id='word_1_134' title='bbox 643 2102 795 2168; x_wconf 82' lang='lat' dir='ltr'><strong>mens</strong></span> <span class='ocrx_word' id='word_1_135' title='bbox 816 2130 1051 2184; x_wconf 89' lang='lat' dir='ltr'><strong>unquam</strong></span> <span class='ocrx_word' id='word_1_136' title='bbox 1080 2103 1241 2170; x_wconf 88' lang='lat' dir='ltr'><strong>fuerit</strong></span> <span class='ocrx_word' id='word_1_137' title='bbox 1273 2131 1394 2186; x_wconf 72' lang='lat' dir='ltr'><strong>qua:</strong></span> <span class='ocrx_word' id='word_1_138' title='bbox 1438 2107 1671 2171; x_wconf 82' lang='lat' dir='ltr'><strong>verbum</strong></span> <span class='ocrx_word' id='word_1_139' title='bbox 1704 2131 1808 2170; x_wconf 91' lang='lat' dir='ltr'><strong>non</strong></span> <span class='ocrx_word' id='word_1_140' title='bbox 1844 2115 2075 2182; x_wconf 86' lang='lat' dir='ltr'><strong>habeat;</strong></span> 
     </span>
    </p>
   </div>
   <div class='ocr_carea' id='block_1_21' title="bbox 510 2205 2078 2277">
    <p class='ocr_par' dir='ltr' id='par_1_21' title="bbox 510 2205 2078 2277">
     <span class='ocr_line' id='line_1_21' title="bbox 510 2205 2078 2277; baseline 0.003 -21"><span class='ocrx_word' id='word_1_141' title='bbox 510 2205 731 2259; x_wconf 89' lang='lat' dir='ltr'><strong>verbum</strong></span> <span class='ocrx_word' id='word_1_142' title='bbox 781 2215 960 2260; x_wconf 88' lang='lat' dir='ltr'><strong>autem</strong></span> <span class='ocrx_word' id='word_1_143' title='bbox 1019 2207 1250 2263; x_wconf 85' lang='lat' dir='ltr'><strong>dicimus</strong></span> <span class='ocrx_word' id='word_1_144' title='bbox 1301 2223 1406 2263; x_wconf 90' lang='lat' dir='ltr'><strong>non</strong></span> <span class='ocrx_word' id='word_1_145' title='bbox 1460 2208 1512 2262; x_wconf 89' lang='lat' dir='ltr'><strong>in</strong></span> <span class='ocrx_word' id='word_1_146' title='bbox 1575 2209 1886 2261; x_wconf 86' lang='lat' dir='ltr'><strong>universum</strong></span> <span class='ocrx_word' id='word_1_147' title='bbox 1935 2207 2078 2277; x_wconf 91' lang='lat' dir='ltr'><strong>quod</strong></span> 
     </span>
    </p>
   </div>
   <div class='ocr_carea' id='block_1_22' title="bbox 511 2294 2081 2369">
    <p class='ocr_par' dir='ltr' id='par_1_22' title="bbox 511 2294 2081 2369">
     <span class='ocr_line' id='line_1_22' title="bbox 511 2294 2081 2369; baseline 0.001 -21"><span class='ocrx_word' id='word_1_148' title='bbox 511 2294 688 2366; x_wconf 80' lang='lat' dir='ltr'><strong>lingua</strong></span> <span class='ocrx_word' id='word_1_149' title='bbox 723 2297 1022 2365; x_wconf 71' lang='lat' dir='ltr'><strong>profertur,</strong></span> <span class='ocrx_word' id='word_1_150' title='bbox 1049 2315 1233 2353; x_wconf 86' lang='lat' dir='ltr'><strong>verum</strong></span> <span class='ocrx_word' id='word_1_151' title='bbox 1266 2301 1430 2354; x_wconf 88' lang='lat' dir='ltr'><strong>etiam</strong></span> <span class='ocrx_word' id='word_1_152' title='bbox 1463 2299 1515 2354; x_wconf 88' lang='lat' dir='ltr'><strong>id</strong></span> <span class='ocrx_word' id='word_1_153' title='bbox 1541 2301 1683 2369; x_wconf 88' lang='lat' dir='ltr'><strong>quod</strong></span> <span class='ocrx_word' id='word_1_154' title='bbox 1717 2309 1897 2356; x_wconf 88' lang='lat' dir='ltr'><strong>mente</strong></span> <span class='ocrx_word' id='word_1_155' title='bbox 1927 2299 2081 2353; x_wconf 88' lang='lat' dir='ltr'><strong>intel-</strong></span> 
     </span>
    </p>
   </div>
   <div class='ocr_carea' id='block_1_23' title="bbox 509 2387 2077 2457">
    <p class='ocr_par' dir='ltr' id='par_1_23' title="bbox 509 2387 2077 2457">
     <span class='ocr_line' id='line_1_23' title="bbox 509 2387 2077 2457; baseline 0.002 -18"><span class='ocrx_word' id='word_1_156' title='bbox 509 2387 811 2441; x_wconf 79' lang='lat' dir='ltr'><strong>lectualiter</strong></span> <span class='ocrx_word' id='word_1_157' title='bbox 843 2389 1115 2457; x_wconf 85' lang='lat' dir='ltr'><strong>agitatur;</strong></span> <span class='ocrx_word' id='word_1_158' title='bbox 1149 2391 1216 2442; x_wconf 91' lang='lat' dir='ltr'><strong>ita</strong></span> <span class='ocrx_word' id='word_1_159' title='bbox 1269 2392 1432 2444; x_wconf 90' lang='lat' dir='ltr'><strong>etiam</strong></span> <span class='ocrx_word' id='word_1_160' title='bbox 1483 2405 1643 2444; x_wconf 89' lang='lat' dir='ltr'><strong>nemo</strong></span> <span class='ocrx_word' id='word_1_161' title='bbox 1703 2390 1924 2455; x_wconf 78' lang='lat' dir='ltr'><strong>dixerit,</strong></span> <span class='ocrx_word' id='word_1_162' title='bbox 1973 2404 2077 2442; x_wconf 92' lang='lat' dir='ltr'><strong>non</strong></span> 
     </span>
    </p>
   </div>
   <div class='ocr_carea' id='block_1_24' title="bbox 509 2480 2078 2551">
    <p class='ocr_par' dir='ltr' id='par_1_24' title="bbox 509 2480 2078 2551">
     <span class='ocr_line' id='line_1_24' title="bbox 509 2480 2078 2551; baseline 0.003 -20"><span class='ocrx_word' id='word_1_163' title='bbox 509 2494 628 2534; x_wconf 89' lang='lat' dir='ltr'><strong>esse</strong></span> <span class='ocrx_word' id='word_1_164' title='bbox 653 2480 872 2536; x_wconf 89' lang='lat' dir='ltr'><strong>omnino</strong></span> <span class='ocrx_word' id='word_1_165' title='bbox 901 2483 952 2534; x_wconf 94' lang='lat' dir='ltr'><strong>in</strong></span> <span class='ocrx_word' id='word_1_166' title='bbox 995 2481 1102 2536; x_wconf 78' lang='lat' dir='ltr'><strong>Deo</strong></span> <span class='ocrx_word' id='word_1_167' title='bbox 1127 2483 1402 2551; x_wconf 87' lang='lat' dir='ltr'><strong>proprium</strong></span> <span class='ocrx_word' id='word_1_168' title='bbox 1433 2483 1602 2549; x_wconf 88' lang='lat' dir='ltr'><strong>ipsius</strong></span> <span class='ocrx_word' id='word_1_169' title='bbox 1644 2481 1905 2544; x_wconf 84' lang='lat' dir='ltr'><strong>Verbum,</strong></span> <span class='ocrx_word' id='word_1_170' title='bbox 1933 2486 2078 2550; x_wconf 86' lang='lat' dir='ltr'><strong>quod</strong></span> 
     </span>
    </p>
   </div>
   <div class='ocr_carea' id='block_1_25' title="bbox 509 2567 2080 2638">
    <p class='ocr_par' dir='ltr' id='par_1_25' title="bbox 509 2567 2080 2638">
     <span class='ocr_line' id='line_1_25' title="bbox 509 2567 2080 2638; baseline 0.003 -18"><span class='ocrx_word' id='word_1_171' title='bbox 509 2582 574 2620; x_wconf 81' lang='lat' dir='ltr'><strong>ex</strong></span> <span class='ocrx_word' id='word_1_172' title='bbox 604 2568 814 2636; x_wconf 75' lang='lat' dir='ltr'><strong>integro</strong></span> <span class='ocrx_word' id='word_1_173' title='bbox 846 2567 1007 2622; x_wconf 82' lang='lat' dir='ltr'><strong>Patre</strong></span> <span class='ocrx_word' id='word_1_174' title='bbox 1041 2571 1330 2638; x_wconf 76' lang='lat' dir='ltr'><strong>imaginem</strong></span> <span class='ocrx_word' id='word_1_175' title='bbox 1388 2571 1571 2634; x_wconf 82' lang='lat' dir='ltr'><strong>refert,</strong></span> <span class='ocrx_word' id='word_1_176' title='bbox 1613 2578 1668 2623; x_wconf 87' lang='lat' dir='ltr'><strong>et</strong></span> <span class='ocrx_word' id='word_1_177' title='bbox 1720 2571 1771 2624; x_wconf 92' lang='lat' dir='ltr'><strong>iu</strong></span> <span class='ocrx_word' id='word_1_178' title='bbox 1811 2568 1976 2622; x_wconf 87' lang='lat' dir='ltr'><strong>Patre</strong></span> <span class='ocrx_word' id='word_1_179' title='bbox 2009 2570 2080 2624; x_wconf 84' lang='lat' dir='ltr'><strong>ob</strong></span> 
     </span>
    </p>
   </div>
   <div class='ocr_carea' id='block_1_26' title="bbox 509 2658 1882 2718">
    <p class='ocr_par' dir='ltr' id='par_1_26' title="bbox 509 2658 1882 2718">
     <span class='ocr_line' id='line_1_26' title="bbox 509 2658 1882 2718; baseline 0.003 -8"><span class='ocrx_word' id='word_1_180' title='bbox 509 2659 759 2715; x_wconf 70' lang='lat' dir='ltr'><strong>essentia:</strong></span> <span class='ocrx_word' id='word_1_181' title='bbox 785 2658 1388 2714; x_wconf 70' lang='lat' dir='ltr'><strong>incon:mutabilitatem</strong></span> <span class='ocrx_word' id='word_1_182' title='bbox 1409 2661 1590 2716; x_wconf 88' lang='lat' dir='ltr'><strong>animo</strong></span> <span class='ocrx_word' id='word_1_183' title='bbox 1620 2663 1882 2718; x_wconf 84' lang='lat' dir='ltr'><strong>cernitur.</strong></span> 
     </span>
    </p>
   </div>
   <div class='ocr_carea' id='block_1_27' title="bbox 1157 2771 1514 2843">
    <p class='ocr_par' dir='ltr' id='par_1_27' title="bbox 1157 2771 1514 2843">
     <span class='ocr_line' id='line_1_27' title="bbox 1157 2771 1514 2843; baseline 0.006 -17"><span class='ocrx_word' id='word_1_184' title='bbox 1157 2771 1514 2843; x_wconf 66' lang='lat' dir='ltr'><strong>szauun</strong></span> 
     </span>
    </p>
   </div>
   <div class='ocr_carea' id='block_1_28' title="bbox 583 2882 2074 2952">
    <p class='ocr_par' dir='ltr' id='par_1_28' title="bbox 583 2882 2074 2952">
     <span class='ocr_line' id='line_1_28' title="bbox 583 2882 2074 2952; baseline 0.001 -15"><span class='ocrx_word' id='word_1_185' title='bbox 583 2883 640 2937; x_wconf 89' lang='lat' dir='ltr'><strong>Si</strong></span> <span class='ocrx_word' id='word_1_186' title='bbox 677 2891 822 2939; x_wconf 87' lang='lat' dir='ltr'><strong>recte</strong></span> <span class='ocrx_word' id='word_1_187' title='bbox 852 2883 1055 2938; x_wconf 81' lang='lat' dir='ltr'><strong>sentire</strong></span> <span class='ocrx_word' id='word_1_188' title='bbox 1087 2882 1335 2945; x_wconf 85' lang='lat' dir='ltr'><strong>velimus.</strong></span> <span class='ocrx_word' id='word_1_189' title='bbox 1363 2899 1584 2938; x_wconf 84' lang='lat' dir='ltr'><strong>necesse</strong></span> <span class='ocrx_word' id='word_1_190' title='bbox 1615 2891 1697 2938; x_wconf 89' lang='lat' dir='ltr'><strong>est</strong></span> <span class='ocrx_word' id='word_1_191' title='bbox 1727 2893 1785 2938; x_wconf 93' lang='lat' dir='ltr'><strong>ut</strong></span> <span class='ocrx_word' id='word_1_192' title='bbox 1812 2887 2074 2952; x_wconf 89' lang='lat' dir='ltr'><strong>dicamus,</strong></span> 
     </span>
    </p>
   </div>
   <div class='ocr_carea' id='block_1_29' title="bbox 513 2975 2080 3044">
    <p class='ocr_par' dir='ltr' id='par_1_29' title="bbox 513 2975 2080 3044">
     <span class='ocr_line' id='line_1_29' title="bbox 513 2975 2080 3044; baseline 0.001 -16"><span class='ocrx_word' id='word_1_193' title='bbox 513 2992 616 3029; x_wconf 91' lang='lat' dir='ltr'><strong>non</strong></span> <span class='ocrx_word' id='word_1_194' title='bbox 644 2977 938 3031; x_wconf 81' lang='lat' dir='ltr'><strong>accessisse</strong></span> <span class='ocrx_word' id='word_1_195' title='bbox 995 2976 1096 3030; x_wconf 88' lang='lat' dir='ltr'><strong>hoc</strong></span> <span class='ocrx_word' id='word_1_196' title='bbox 1151 2986 1332 3044; x_wconf 84' lang='lat' dir='ltr'><strong>postea</strong></span> <span class='ocrx_word' id='word_1_197' title='bbox 1368 2975 1514 3030; x_wconf 86' lang='lat' dir='ltr'><strong>Patri</strong></span> <span class='ocrx_word' id='word_1_198' title='bbox 1563 2987 1617 3029; x_wconf 89' lang='lat' dir='ltr'><strong>ut</strong></span> <span class='ocrx_word' id='word_1_199' title='bbox 1667 2977 1737 3030; x_wconf 92' lang='lat' dir='ltr'><strong>sit</strong></span> <span class='ocrx_word' id='word_1_200' title='bbox 1772 2976 1953 3041; x_wconf 84' lang='lat' dir='ltr'><strong>Pater,</strong></span> <span class='ocrx_word' id='word_1_201' title='bbox 1985 2978 2080 3033; x_wconf 87' lang='lat' dir='ltr'><strong>sed</strong></span> 
     </span>
    </p>
   </div>
   <div class='ocr_carea' id='block_1_30' title="bbox 511 3066 2080 3136">
    <p class='ocr_par' dir='ltr' id='par_1_30' title="bbox 511 3066 2080 3136">
     <span class='ocr_line' id='line_1_30' title="bbox 511 3066 2080 3136; baseline 0.004 -20"><span class='ocrx_word' id='word_1_202' title='bbox 511 3080 722 3132; x_wconf 82' lang='lat' dir='ltr'><strong>semper</strong></span> <span class='ocrx_word' id='word_1_203' title='bbox 755 3066 807 3119; x_wconf 79' lang='lat' dir='ltr'><strong>id</strong></span> <span class='ocrx_word' id='word_1_204' title='bbox 869 3067 1085 3122; x_wconf 81' lang='lat' dir='ltr'><strong>fuisse:</strong></span> <span class='ocrx_word' id='word_1_205' title='bbox 1137 3067 1334 3136; x_wconf 87' lang='lat' dir='ltr'><strong>alioqui</strong></span> <span class='ocrx_word' id='word_1_206' title='bbox 1370 3067 1646 3121; x_wconf 83' lang='lat' dir='ltr'><strong>mutabilis</strong></span> <span class='ocrx_word' id='word_1_207' title='bbox 1701 3077 1905 3122; x_wconf 72' lang='lat' dir='ltr'><strong>natura:</strong></span> <span class='ocrx_word' id='word_1_208' title='bbox 1956 3083 2080 3124; x_wconf 87' lang='lat' dir='ltr'><strong>esse</strong></span> 
     </span>
    </p>
   </div>
   <div class='ocr_carea' id='block_1_31' title="bbox 2193 598 3768 680">
    <p class='ocr_par' dir='ltr' id='par_1_31' title="bbox 2193 598 3768 680">
     <span class='ocr_line' id='line_1_31' title="bbox 2193 598 3768 680; baseline -0.008 -17"><span class='ocrx_word' id='word_1_209' title='bbox 2193 611 2287 663; x_wconf 78' lang='grc' dir='ltr'><strong>ἐπὶ</strong></span> <span class='ocrx_word' id='word_1_210' title='bbox 2315 610 2372 663; x_wconf 79' lang='grc' dir='ltr'><strong>δὲ</strong></span> <span class='ocrx_word' id='word_1_211' title='bbox 2398 611 2496 680; x_wconf 81' lang='grc' dir='ltr'>τῆς</span> <span class='ocrx_word' id='word_1_212' title='bbox 2527 607 2820 678; x_wconf 80' lang='grc' dir='ltr'><strong>ἀσωμάτου</strong></span> <span class='ocrx_word' id='word_1_213' title='bbox 2851 606 2943 657; x_wconf 73' lang='grc' dir='ltr'>καὶ</span> <span class='ocrx_word' id='word_1_214' title='bbox 2975 604 3121 666; x_wconf 80' lang='grc' dir='ltr'>θείας</span> <span class='ocrx_word' id='word_1_215' title='bbox 3150 604 3358 664; x_wconf 74' lang='grc' dir='ltr'>οὐσίας,</span> <span class='ocrx_word' id='word_1_216' title='bbox 3395 602 3454 658; x_wconf 88' lang='grc' dir='ltr'>οὐ</span> <span class='ocrx_word' id='word_1_217' title='bbox 3491 598 3680 662; x_wconf 82' lang='grc' dir='ltr'>πάθος,</span> <span class='ocrx_word' id='word_1_218' title='bbox 3710 599 3768 650; x_wconf 82' lang='grc' dir='ltr'>οὐ</span> 
     </span>
    </p>
   </div>
   <div class='ocr_carea' id='block_1_32' title="bbox 2195 689 3769 772">
    <p class='ocr_par' dir='ltr' id='par_1_32' title="bbox 2195 689 3769 772">
     <span class='ocr_line' id='line_1_32' title="bbox 2195 689 3769 772; baseline -0.009 -17"><span class='ocrx_word' id='word_1_219' title='bbox 2195 701 2460 772; x_wconf 75' lang='grc' dir='ltr'>μερισμὸς</span> <span class='ocrx_word' id='word_1_220' title='bbox 2488 699 2596 753; x_wconf 83' lang='grc' dir='ltr'><strong>τῶν</strong></span> <span class='ocrx_word' id='word_1_221' title='bbox 2621 698 2875 753; x_wconf 73' lang='grc' dir='ltr'><strong>τοιούτων</strong></span> <span class='ocrx_word' id='word_1_222' title='bbox 2900 695 3052 748; x_wconf 75' lang='grc' dir='ltr'>οὐδὲν</span> <span class='ocrx_word' id='word_1_223' title='bbox 3087 695 3452 764; x_wconf 77' lang='grc' dir='ltr'>συμϐήσεται.</span> <span class='ocrx_word' id='word_1_224' title='bbox 3481 692 3593 743; x_wconf 82' lang='grc' dir='ltr'>Οὐκ</span> <span class='ocrx_word' id='word_1_225' title='bbox 3617 689 3769 742; x_wconf 77' lang='grc' dir='ltr'>ἔσται</span> 
     </span>
    </p>
   </div>
   <div class='ocr_carea' id='block_1_33' title="bbox 2190 779 3770 860">
    <p class='ocr_par' dir='ltr' id='par_1_33' title="bbox 2190 779 3770 860">
     <span class='ocr_line' id='line_1_33' title="bbox 2190 779 3770 860; baseline -0.009 -16"><span class='ocrx_word' id='word_1_226' title='bbox 2190 791 2368 844; x_wconf 80' lang='grc' dir='ltr'>τοίνυν</span> <span class='ocrx_word' id='word_1_227' title='bbox 2397 790 2584 860; x_wconf 82' lang='grc' dir='ltr'>ὥσπερ</span> <span class='ocrx_word' id='word_1_228' title='bbox 2614 808 2667 844; x_wconf 90' lang='grc' dir='ltr'><strong>τι</strong></span> <span class='ocrx_word' id='word_1_229' title='bbox 2726 787 2892 858; x_wconf 80' lang='grc' dir='ltr'>μέρος</span> <span class='ocrx_word' id='word_1_230' title='bbox 2931 785 3024 838; x_wconf 91' lang='grc' dir='ltr'>τοῦ</span> <span class='ocrx_word' id='word_1_231' title='bbox 3074 785 3288 853; x_wconf 76' lang='grc' dir='ltr'>Πατρὸς</span> <span class='ocrx_word' id='word_1_232' title='bbox 3321 785 3348 836; x_wconf 99' lang='lat'><strong>6</strong></span> <span class='ocrx_word' id='word_1_233' title='bbox 3379 782 3527 848; x_wconf 81' lang='grc' dir='ltr'>Υἱὸς,</span> <span class='ocrx_word' id='word_1_234' title='bbox 3567 779 3682 834; x_wconf 80' lang='grc' dir='ltr'><strong>ἀλλ’</strong></span> <span class='ocrx_word' id='word_1_235' title='bbox 3714 780 3770 843; x_wconf 80' lang='grc' dir='ltr'>ἐξ</span> 
     </span>
    </p>
   </div>
   <div class='ocr_carea' id='block_1_34' title="bbox 2190 872 3769 950">
    <p class='ocr_par' dir='ltr' id='par_1_34' title="bbox 2190 872 3769 950">
     <span class='ocr_line' id='line_1_34' title="bbox 2190 872 3769 950; baseline -0.008 -14"><span class='ocrx_word' id='word_1_236' title='bbox 2190 881 2378 948; x_wconf 76' lang='grc' dir='ltr'>αὐτοῦ,</span> <span class='ocrx_word' id='word_1_237' title='bbox 2412 885 2507 937; x_wconf 79' lang='grc' dir='ltr'>καὶ</span> <span class='ocrx_word' id='word_1_238' title='bbox 2535 883 2591 934; x_wconf 85' lang='grc' dir='ltr'><strong>ὲν</strong></span> <span class='ocrx_word' id='word_1_239' title='bbox 2621 879 2786 950; x_wconf 82' lang='grc' dir='ltr'>αὐτῷ.</span> <span class='ocrx_word' id='word_1_240' title='bbox 2815 879 2914 931; x_wconf 86' lang='grc' dir='ltr'>Διά</span> <span class='ocrx_word' id='word_1_241' title='bbox 2965 877 3063 948; x_wconf 81' lang='grc' dir='ltr'>μὲν</span> <span class='ocrx_word' id='word_1_242' title='bbox 3093 875 3187 928; x_wconf 88' lang='grc' dir='ltr'>τοῦ</span> <span class='ocrx_word' id='word_1_243' title='bbox 3219 873 3500 933; x_wconf 79' lang='grc' dir='ltr'>καλεῖσθαι,</span> <span class='ocrx_word' id='word_1_244' title='bbox 3552 872 3680 934; x_wconf 80' lang='grc' dir='ltr'>Υἱὸς</span> <span class='ocrx_word' id='word_1_245' title='bbox 3709 873 3769 923; x_wconf 81' lang='grc' dir='ltr'>τὸ</span> 
     </span>
    </p>
   </div>
   <div class='ocr_carea' id='block_1_35' title="bbox 2190 963 3768 1043">
    <p class='ocr_par' dir='ltr' id='par_1_35' title="bbox 2190 963 3768 1043">
     <span class='ocr_line' id='line_1_35' title="bbox 2190 963 3768 1043; baseline -0.01 -14"><span class='ocrx_word' id='word_1_246' title='bbox 2190 976 2250 1039; x_wconf 80' lang='grc' dir='ltr'>ἐξ</span> <span class='ocrx_word' id='word_1_247' title='bbox 2272 976 2459 1043; x_wconf 63' lang='grc' dir='ltr'>αυτοῦ,</span> <span class='ocrx_word' id='word_1_248' title='bbox 2486 975 2574 1040; x_wconf 72' lang='grc' dir='ltr'><strong>διὰ</strong></span> <span class='ocrx_word' id='word_1_249' title='bbox 2597 973 2653 1027; x_wconf 83' lang='grc' dir='ltr'><strong>δὲ</strong></span> <span class='ocrx_word' id='word_1_250' title='bbox 2683 972 2777 1026; x_wconf 89' lang='grc' dir='ltr'>τοῦ</span> <span class='ocrx_word' id='word_1_251' title='bbox 2808 969 3086 1036; x_wconf 73' lang='grc' dir='ltr'>καλεῖσθαι</span> <span class='ocrx_word' id='word_1_252' title='bbox 3116 966 3275 1036; x_wconf 78' lang='grc' dir='ltr'>σοφία</span> <span class='ocrx_word' id='word_1_253' title='bbox 3328 967 3422 1018; x_wconf 72' lang='grc' dir='ltr'><strong>καὶ</strong></span> <span class='ocrx_word' id='word_1_254' title='bbox 3463 965 3654 1032; x_wconf 76' lang='grc' dir='ltr'>Λόγος,</span> <span class='ocrx_word' id='word_1_255' title='bbox 3709 963 3768 1015; x_wconf 76' lang='grc' dir='ltr'>τὸ</span> 
     </span>
    </p>
   </div>
   <div class='ocr_carea' id='block_1_36' title="bbox 2189 1053 3768 1133">
    <p class='ocr_par' dir='ltr' id='par_1_36' title="bbox 2189 1053 3768 1133">
     <span class='ocr_line' id='line_1_36' title="bbox 2189 1053 3768 1133; baseline -0.01 -17"><span class='ocrx_word' id='word_1_256' title='bbox 2189 1065 2247 1116; x_wconf 79' lang='grc' dir='ltr'><strong>ἐν</strong></span> <span class='ocrx_word' id='word_1_257' title='bbox 2278 1063 2426 1133; x_wconf 84' lang='grc' dir='ltr'>αὑτῷ</span> <span class='ocrx_word' id='word_1_258' title='bbox 2455 1063 2754 1133; x_wconf 78' lang='grc' dir='ltr'>γνωρίζων.</span> <span class='ocrx_word' id='word_1_259' title='bbox 2784 1057 2994 1112; x_wconf 80' lang='grc' dir='ltr'>Οὐκοῦν</span> <span class='ocrx_word' id='word_1_260' title='bbox 3025 1057 3177 1109; x_wconf 75' lang='grc' dir='ltr'>ἔσται</span> <span class='ocrx_word' id='word_1_261' title='bbox 3216 1054 3293 1124; x_wconf 79' lang='grc' dir='ltr'>τῷ</span> <span class='ocrx_word' id='word_1_262' title='bbox 3339 1053 3547 1106; x_wconf 84' lang='grc' dir='ltr'>τεκόντι</span> <span class='ocrx_word' id='word_1_263' title='bbox 3585 1053 3768 1104; x_wconf 77' lang='grc' dir='ltr'>συνατ-</span> 
     </span>
    </p>
   </div>
   <div class='ocr_carea' id='block_1_37' title="bbox 2189 1141 3767 1225">
    <p class='ocr_par' dir='ltr' id='par_1_37' title="bbox 2189 1141 3767 1225">
     <span class='ocr_line' id='line_1_37' title="bbox 2189 1141 3767 1225; baseline -0.014 -11"><span class='ocrx_word' id='word_1_264' title='bbox 2189 1155 2319 1217; x_wconf 84' lang='grc' dir='ltr'>διος.</span> <span class='ocrx_word' id='word_1_265' title='bbox 2349 1156 2424 1207; x_wconf 80' lang='grc' dir='ltr'>Οὐ</span> <span class='ocrx_word' id='word_1_266' title='bbox 2449 1154 2558 1225; x_wconf 78' lang='grc' dir='ltr'>γὰρ</span> <span class='ocrx_word' id='word_1_267' title='bbox 2587 1153 2652 1208; x_wconf 83' lang='grc' dir='ltr'><strong>ἄν</strong></span> <span class='ocrx_word' id='word_1_268' title='bbox 2704 1167 2789 1214; x_wconf 84' lang='grc' dir='ltr'><strong>τις</strong></span> <span class='ocrx_word' id='word_1_269' title='bbox 2823 1151 2966 1203; x_wconf 78' lang='grc' dir='ltr'>εἴποι</span> <span class='ocrx_word' id='word_1_270' title='bbox 2997 1149 3104 1201; x_wconf 83' lang='grc' dir='ltr'>τῶν</span> <span class='ocrx_word' id='word_1_271' title='bbox 3141 1143 3200 1200; x_wconf 80' lang='grc' dir='ltr'><strong>εὖ</strong></span> <span class='ocrx_word' id='word_1_272' title='bbox 3253 1147 3470 1218; x_wconf 82' lang='grc' dir='ltr'>φρονεῖν</span> <span class='ocrx_word' id='word_1_273' title='bbox 3497 1141 3767 1196; x_wconf 85' lang='grc' dir='ltr'>είωθότων</span> 
     </span>
    </p>
   </div>
   <div class='ocr_carea' id='block_1_38' title="bbox 2189 1233 3762 1322">
    <p class='ocr_par' dir='ltr' id='par_1_38' title="bbox 2189 1233 3762 1318">
     <span class='ocr_line' id='line_1_38' title="bbox 2189 1233 3762 1318; baseline -0.01 -16"><span class='ocrx_word' id='word_1_274' title='bbox 2189 1246 2382 1315; x_wconf 69' lang='grc' dir='ltr'><strong>ἄλογόν</strong></span> <span class='ocrx_word' id='word_1_275' title='bbox 2442 1262 2500 1310; x_wconf 70' lang='grc' dir='ltr'><strong>τε</strong></span> <span class='ocrx_word' id='word_1_276' title='bbox 2557 1245 2647 1298; x_wconf 77' lang='grc' dir='ltr'>καὶ</span> <span class='ocrx_word' id='word_1_277' title='bbox 2707 1243 2908 1311; x_wconf 60' lang='grc' dir='ltr'>ἄσοφον</span> <span class='ocrx_word' id='word_1_278' title='bbox 2960 1237 3291 1318; x_wconf 62' lang='grc' dir='ltr'><strong>¹γεγενῆσθαί</strong></span> <span class='ocrx_word' id='word_1_279' title='bbox 3345 1252 3473 1290; x_wconf 86' lang='grc' dir='ltr'>ποτε</span> <span class='ocrx_word' id='word_1_280' title='bbox 3520 1234 3612 1288; x_wconf 79' lang='grc' dir='ltr'><strong>τὸν</strong></span> <span class='ocrx_word' id='word_1_281' title='bbox 3652 1233 3762 1294; x_wconf 83' lang='grc' dir='ltr'>Πα-</span> 
     </span>
    </p>
   </div>
   <div class='ocr_carea' id='block_1_39' title="bbox 2186 1340 2338 1410">
    <p class='ocr_par' dir='ltr' id='par_1_39' title="bbox 2186 1340 2338 1410">
     <span class='ocr_line' id='line_1_39' title="bbox 2186 1340 2338 1410; baseline 0 -18"><span class='ocrx_word' id='word_1_282' title='bbox 2186 1340 2338 1410; x_wconf 84' lang='grc' dir='ltr'>τέρα.</span> 
     </span>
    </p>
   </div>
   <div class='ocr_carea' id='block_1_40' title="bbox 2880 1447 3080 1503">
    <p class='ocr_par' dir='ltr' id='par_1_40' title="bbox 2880 1447 3080 1503">
     <span class='ocr_line' id='line_1_40' title="bbox 2880 1447 3080 1503; baseline -0.005 -2"><span class='ocrx_word' id='word_1_283' title='bbox 2880 1447 3014 1503; x_wconf 69' lang='grc' dir='ltr'><strong>ΑΛᾹ</strong></span> <span class='ocrx_word' id='word_1_284' title='bbox 3022 1450 3080 1500; x_wconf 86' lang='grc' dir='ltr'><strong>Ο.</strong></span> 
     </span>
    </p>
   </div>
   <div class='ocr_carea' id='block_1_41' title="bbox 2258 1550 3766 1634">
    <p class='ocr_par' dir='ltr' id='par_1_41' title="bbox 2258 1550 3766 1634">
     <span class='ocr_line' id='line_1_41' title="bbox 2258 1550 3766 1634; baseline -0.011 -16"><span class='ocrx_word' id='word_1_285' title='bbox 2258 1566 2319 1618; x_wconf 82' lang='grc' dir='ltr'><strong>Εἰ</strong></span> <span class='ocrx_word' id='word_1_286' title='bbox 2349 1568 2376 1618; x_wconf 85' lang='grc' dir='ltr'>ὁ</span> <span class='ocrx_word' id='word_1_287' title='bbox 2409 1563 2746 1634; x_wconf 79' lang='grc' dir='ltr'><strong>ἀνθρώπινος</strong></span> <span class='ocrx_word' id='word_1_288' title='bbox 2810 1560 2933 1622; x_wconf 87' lang='grc' dir='ltr'>νοῦς</span> <span class='ocrx_word' id='word_1_289' title='bbox 2985 1557 3296 1628; x_wconf 83' lang='grc' dir='ltr'>ἀμερίστως</span> <span class='ocrx_word' id='word_1_290' title='bbox 3342 1553 3403 1618; x_wconf 80' lang='grc' dir='ltr'>ἐξ</span> <span class='ocrx_word' id='word_1_291' title='bbox 3446 1550 3641 1606; x_wconf 80' lang='grc' dir='ltr'>ἑαυτοῦ</span> <span class='ocrx_word' id='word_1_292' title='bbox 3671 1550 3766 1603; x_wconf 73' lang='grc' dir='ltr'>τὸν</span> 
     </span>
    </p>
   </div>
   <div class='ocr_carea' id='block_1_42' title="bbox 2189 1641 3762 1728">
    <p class='ocr_par' dir='ltr' id='par_1_42' title="bbox 2189 1641 3762 1728">
     <span class='ocr_line' id='line_1_42' title="bbox 2189 1641 3762 1728; baseline -0.012 -18"><span class='ocrx_word' id='word_1_293' title='bbox 2189 1656 2519 1728; x_wconf 70' lang='grc' dir='ltr'>προφορικδν</span> <span class='ocrx_word' id='word_1_294' title='bbox 2571 1653 2846 1723; x_wconf 83' lang='grc' dir='ltr'>ἀπογεννᾷ</span> <span class='ocrx_word' id='word_1_295' title='bbox 2888 1651 3066 1718; x_wconf 85' lang='grc' dir='ltr'>λόγον,</span> <span class='ocrx_word' id='word_1_296' title='bbox 3103 1649 3196 1700; x_wconf 81' lang='grc' dir='ltr'><strong>καὶ</strong></span> <span class='ocrx_word' id='word_1_297' title='bbox 3247 1645 3419 1708; x_wconf 83' lang='grc' dir='ltr'>πάθος</span> <span class='ocrx_word' id='word_1_298' title='bbox 3456 1644 3607 1697; x_wconf 76' lang='grc' dir='ltr'>οὐδὲν</span> <span class='ocrx_word' id='word_1_299' title='bbox 3632 1641 3762 1710; x_wconf 66' lang='grc' dir='ltr'>περὶ</span> 
     </span>
    </p>
   </div>
   <div class='ocr_carea' id='block_1_43' title="bbox 2187 1732 3762 1813">
    <p class='ocr_par' dir='ltr' id='par_1_43' title="bbox 2187 1732 3762 1813">
     <span class='ocr_line' id='line_1_43' title="bbox 2187 1732 3762 1813; baseline -0.012 -10"><span class='ocrx_word' id='word_1_300' title='bbox 2187 1750 2348 1804; x_wconf 75' lang='grc' dir='ltr'>αὑτὸν</span> <span class='ocrx_word' id='word_1_301' title='bbox 2380 1751 2442 1801; x_wconf 81' lang='grc' dir='ltr'><strong>ὲκ</strong></span> <span class='ocrx_word' id='word_1_302' title='bbox 2463 1747 2652 1799; x_wconf 76' lang='grc' dir='ltr'>τούτου</span> <span class='ocrx_word' id='word_1_303' title='bbox 2682 1745 2911 1813; x_wconf 84' lang='grc' dir='ltr'>γίνεται,</span> <span class='ocrx_word' id='word_1_304' title='bbox 2949 1742 3065 1794; x_wconf 72' lang='grc' dir='ltr'><strong>ἀλλ’</strong></span> <span class='ocrx_word' id='word_1_305' title='bbox 3106 1741 3250 1793; x_wconf 81' lang='grc' dir='ltr'>ἔστιν</span> <span class='ocrx_word' id='word_1_306' title='bbox 3299 1738 3426 1792; x_wconf 86' lang='grc' dir='ltr'>ἰδεῖν</span> <span class='ocrx_word' id='word_1_307' title='bbox 3471 1737 3527 1788; x_wconf 74' lang='grc' dir='ltr'><strong>ἐν</strong></span> <span class='ocrx_word' id='word_1_308' title='bbox 3558 1734 3654 1804; x_wconf 84' lang='grc' dir='ltr'>μὲν</span> <span class='ocrx_word' id='word_1_309' title='bbox 3684 1732 3762 1802; x_wconf 80' lang='grc' dir='ltr'>τῷ</span> 
     </span>
    </p>
   </div>
   <div class='ocr_carea' id='block_1_44' title="bbox 2116 1827 3761 1910">
    <p class='ocr_par' dir='ltr' id='par_1_44' title="bbox 2116 1827 3761 1910">
     <span class='ocr_line' id='line_1_44' title="bbox 2116 1827 3761 1910; baseline -0.012 -15"><span class='ocrx_word' id='word_1_310' title='bbox 2116 1855 2157 1908; x_wconf 81' lang='grc' dir='ltr'><strong><em>Β</em></strong></span> <span class='ocrx_word' id='word_1_311' title='bbox 2186 1841 2261 1910; x_wconf 80' lang='grc' dir='ltr'>νῷ</span> <span class='ocrx_word' id='word_1_312' title='bbox 2287 1841 2379 1893; x_wconf 76' lang='grc' dir='ltr'><strong>τὸν</strong></span> <span class='ocrx_word' id='word_1_313' title='bbox 2411 1840 2588 1908; x_wconf 79' lang='grc' dir='ltr'>λόγον,</span> <span class='ocrx_word' id='word_1_314' title='bbox 2621 1841 2678 1892; x_wconf 84' lang='grc' dir='ltr'>ὲν</span> <span class='ocrx_word' id='word_1_315' title='bbox 2710 1837 2766 1890; x_wconf 75' lang='grc' dir='ltr'><strong>δὲ</strong></span> <span class='ocrx_word' id='word_1_316' title='bbox 2786 1836 2864 1907; x_wconf 82' lang='grc' dir='ltr'>τῷ</span> <span class='ocrx_word' id='word_1_317' title='bbox 2895 1835 3036 1904; x_wconf 76' lang='grc' dir='ltr'>λόγῳ</span> <span class='ocrx_word' id='word_1_318' title='bbox 3064 1834 3155 1886; x_wconf 85' lang='grc' dir='ltr'>τὸν</span> <span class='ocrx_word' id='word_1_319' title='bbox 3204 1831 3348 1896; x_wconf 92' lang='grc' dir='ltr'>νοῦν,</span> <span class='ocrx_word' id='word_1_320' title='bbox 3381 1829 3474 1882; x_wconf 75' lang='grc' dir='ltr'>καὶ</span> <span class='ocrx_word' id='word_1_321' title='bbox 3503 1827 3761 1895; x_wconf 80' lang='grc' dir='ltr'>ἑκάτερον</span> 
     </span>
    </p>
   </div>
   <div class='ocr_carea' id='block_1_45' title="bbox 2185 1917 3763 2001">
    <p class='ocr_par' dir='ltr' id='par_1_45' title="bbox 2185 1917 3763 2001">
     <span class='ocr_line' id='line_1_45' title="bbox 2185 1917 3763 2001; baseline -0.012 -14"><span class='ocrx_word' id='word_1_322' title='bbox 2185 1933 2365 1989; x_wconf 76' lang='grc' dir='ltr'>αὐτῶν</span> <span class='ocrx_word' id='word_1_323' title='bbox 2400 1933 2648 2001; x_wconf 77' lang='grc' dir='ltr'>ἐκατέρῳ</span> <span class='ocrx_word' id='word_1_324' title='bbox 2680 1927 3166 2000; x_wconf 73' lang='grc' dir='ltr'>ζωγραφούμενον,</span> <span class='ocrx_word' id='word_1_325' title='bbox 3223 1923 3316 1975; x_wconf 74' lang='grc' dir='ltr'><strong>καὶ</strong></span> <span class='ocrx_word' id='word_1_326' title='bbox 3365 1922 3466 1973; x_wconf 74' lang='grc' dir='ltr'><strong>οὐκ</strong></span> <span class='ocrx_word' id='word_1_327' title='bbox 3489 1921 3555 1973; x_wconf 77' lang='grc' dir='ltr'><strong>ἄν</strong></span> <span class='ocrx_word' id='word_1_328' title='bbox 3574 1935 3658 1981; x_wconf 91' lang='grc' dir='ltr'><strong>τις</strong></span> <span class='ocrx_word' id='word_1_329' title='bbox 3683 1917 3763 1969; x_wconf 70' lang='grc' dir='ltr'><strong>ετ-</strong></span> 
     </span>
    </p>
   </div>
   <div class='ocr_carea' id='block_1_46' title="bbox 2185 2007 3755 2095">
    <p class='ocr_par' dir='ltr' id='par_1_46' title="bbox 2185 2007 3755 2095">
     <span class='ocr_line' id='line_1_46' title="bbox 2185 2007 3755 2095; baseline -0.013 -17"><span class='ocrx_word' id='word_1_330' title='bbox 2185 2043 2276 2078; x_wconf 82' lang='grc' dir='ltr'><strong>ποι</strong></span> <span class='ocrx_word' id='word_1_331' title='bbox 2328 2022 2618 2095; x_wconf 79' lang='grc' dir='ltr'>σωφρονῶν</span> <span class='ocrx_word' id='word_1_332' title='bbox 2673 2019 2866 2086; x_wconf 77' lang='grc' dir='ltr'><strong>ἄλογόν</strong></span> <span class='ocrx_word' id='word_1_333' title='bbox 2909 2034 3039 2069; x_wconf 85' lang='grc' dir='ltr'>ποτε</span> <span class='ocrx_word' id='word_1_334' title='bbox 3094 2010 3418 2082; x_wconf 80' lang='grc' dir='ltr'>γεγενῆσθαι</span> <span class='ocrx_word' id='word_1_335' title='bbox 3471 2009 3562 2061; x_wconf 80' lang='grc' dir='ltr'><strong>τὸν</strong></span> <span class='ocrx_word' id='word_1_336' title='bbox 3597 2007 3755 2061; x_wconf 86' lang='grc' dir='ltr'>νοῦν·</span> 
     </span>
    </p>
   </div>
   <div class='ocr_carea' id='block_1_47' title="bbox 2182 2098 3765 2182">
    <p class='ocr_par' dir='ltr' id='par_1_47' title="bbox 2182 2098 3765 2182">
     <span class='ocr_line' id='line_1_47' title="bbox 2182 2098 3765 2182; baseline -0.015 -12"><span class='ocrx_word' id='word_1_337' title='bbox 2182 2115 2367 2170; x_wconf 82' lang='grc' dir='ltr'>οὐκέτι</span> <span class='ocrx_word' id='word_1_338' title='bbox 2400 2106 2508 2182; x_wconf 66' lang='grc' dir='ltr'><strong>γάρ</strong></span> <span class='ocrx_word' id='word_1_339' title='bbox 2541 2112 2693 2166; x_wconf 81' lang='grc' dir='ltr'>ἕσται</span> <span class='ocrx_word' id='word_1_340' title='bbox 2726 2111 2849 2172; x_wconf 87' lang='grc' dir='ltr'>νοῦς</span> <span class='ocrx_word' id='word_1_341' title='bbox 2875 2109 3029 2176; x_wconf 80' lang='grc' dir='ltr'>λόγον</span> <span class='ocrx_word' id='word_1_342' title='bbox 3057 2107 3154 2164; x_wconf 78' lang='grc' dir='ltr'>οὐκ</span> <span class='ocrx_word' id='word_1_343' title='bbox 3177 2104 3336 2173; x_wconf 79' lang='grc' dir='ltr'>ἔχων,</span> <span class='ocrx_word' id='word_1_344' title='bbox 3376 2099 3533 2167; x_wconf 81' lang='grc' dir='ltr'>λόγον</span> <span class='ocrx_word' id='word_1_345' title='bbox 3556 2098 3614 2150; x_wconf 84' lang='grc' dir='ltr'><strong>δέ</strong></span> <span class='ocrx_word' id='word_1_346' title='bbox 3653 2114 3765 2165; x_wconf 57' lang='grc' dir='ltr'><strong>φας</strong></span> 
     </span>
    </p>
   </div>
   <div class='ocr_carea' id='block_1_48' title="bbox 2187 2191 3755 2278">
    <p class='ocr_par' dir='ltr' id='par_1_48' title="bbox 2187 2191 3755 2278">
     <span class='ocr_line' id='line_1_48' title="bbox 2187 2191 3755 2278; baseline -0.014 -17"><span class='ocrx_word' id='word_1_347' title='bbox 2187 2226 2284 2278; x_wconf 90' lang='grc' dir='ltr'><strong>μεν</strong></span> <span class='ocrx_word' id='word_1_348' title='bbox 2319 2208 2376 2259; x_wconf 77' lang='grc' dir='ltr'>οὐ</span> <span class='ocrx_word' id='word_1_349' title='bbox 2411 2207 2626 2269; x_wconf 75' lang='grc' dir='ltr'>πάντως</span> <span class='ocrx_word' id='word_1_350' title='bbox 2683 2204 2772 2256; x_wconf 80' lang='grc' dir='ltr'><strong>τὸν</strong></span> <span class='ocrx_word' id='word_1_351' title='bbox 2832 2201 2919 2254; x_wconf 72' lang='grc' dir='ltr'><strong>διὰ</strong></span> <span class='ocrx_word' id='word_1_352' title='bbox 2966 2197 3208 2267; x_wconf 80' lang='grc' dir='ltr'><strong>γλώττης</strong></span> <span class='ocrx_word' id='word_1_353' title='bbox 3234 2191 3755 2260; x_wconf 76' lang='grc' dir='ltr'>ἀποκτυποὺμενον,</span> 
     </span>
    </p>
   </div>
   <div class='ocr_carea' id='block_1_49' title="bbox 2183 2277 3757 2364">
    <p class='ocr_par' dir='ltr' id='par_1_49' title="bbox 2183 2277 3757 2364">
     <span class='ocr_line' id='line_1_49' title="bbox 2183 2277 3757 2364; baseline -0.014 -13"><span class='ocrx_word' id='word_1_354' title='bbox 2183 2277 2317 2351; x_wconf 82' lang='grc' dir='ltr'>ἀλλά</span> <span class='ocrx_word' id='word_1_355' title='bbox 2351 2299 2445 2358; x_wconf 75' lang='grc' dir='ltr'><strong>καὶ</strong></span> <span class='ocrx_word' id='word_1_356' title='bbox 2500 2297 2593 2355; x_wconf 76' lang='grc' dir='ltr'><strong>τὸν¹</strong></span> <span class='ocrx_word' id='word_1_357' title='bbox 2615 2298 2672 2348; x_wconf 81' lang='grc' dir='ltr'>ὲν</span> <span class='ocrx_word' id='word_1_358' title='bbox 2705 2294 2781 2364; x_wconf 82' lang='grc' dir='ltr'><strong>τῷ</strong></span> <span class='ocrx_word' id='word_1_359' title='bbox 2819 2293 2892 2362; x_wconf 75' lang='grc' dir='ltr'>νῷ</span> <span class='ocrx_word' id='word_1_360' title='bbox 2927 2286 3269 2361; x_wconf 75' lang='grc' dir='ltr'>νο·ηματιγ.ιῖ›ς</span> <span class='ocrx_word' id='word_1_361' title='bbox 3301 2282 3634 2351; x_wconf 71' lang='grc' dir='ltr'>κινούμενοψ</span> <span class='ocrx_word' id='word_1_362' title='bbox 3666 2277 3757 2330; x_wconf 61' lang='grc' dir='ltr'><strong>οὗ-</strong></span> 
     </span>
    </p>
   </div>
   <div class='ocr_carea' id='block_1_50' title="bbox 2181 2370 3758 2455">
    <p class='ocr_par' dir='ltr' id='par_1_50' title="bbox 2181 2370 3758 2455">
     <span class='ocr_line' id='line_1_50' title="bbox 2181 2370 3758 2455; baseline -0.012 -14"><span class='ocrx_word' id='word_1_363' title='bbox 2181 2407 2293 2452; x_wconf 88' lang='grc' dir='ltr'>τως-</span> <span class='ocrx_word' id='word_1_364' title='bbox 2315 2390 2415 2442; x_wconf 82' lang='grc' dir='ltr'>οὐκ</span> <span class='ocrx_word' id='word_1_365' title='bbox 2439 2389 2502 2442; x_wconf 87' lang='grc' dir='ltr'><strong>ἄν</strong></span> <span class='ocrx_word' id='word_1_366' title='bbox 2534 2405 2619 2450; x_wconf 83' lang='grc' dir='ltr'><strong>τις</strong></span> <span class='ocrx_word' id='word_1_367' title='bbox 2677 2388 2818 2441; x_wconf 79' lang='grc' dir='ltr'>εἴποι</span> <span class='ocrx_word' id='word_1_368' title='bbox 2851 2384 2925 2455; x_wconf 85' lang='grc' dir='ltr'>μὴ</span> <span class='ocrx_word' id='word_1_369' title='bbox 2970 2381 3108 2443; x_wconf 79' lang='grc' dir='ltr'>εἶναι</span> <span class='ocrx_word' id='word_1_370' title='bbox 3139 2379 3352 2439; x_wconf 81' lang='grc' dir='ltr'>πάντως</span> <span class='ocrx_word' id='word_1_371' title='bbox 3403 2376 3458 2426; x_wconf 78' lang='grc' dir='ltr'>ὲν</span> <span class='ocrx_word' id='word_1_372' title='bbox 3509 2372 3630 2442; x_wconf 82' lang='grc' dir='ltr'>Θεῷ</span> <span class='ocrx_word' id='word_1_373' title='bbox 3667 2370 3758 2424; x_wconf 80' lang='grc' dir='ltr'>τὸν</span> 
     </span>
    </p>
   </div>
   <div class='ocr_carea' id='block_1_51' title="bbox 2183 2463 3755 2547">
    <p class='ocr_par' dir='ltr' id='par_1_51' title="bbox 2183 2463 3755 2547">
     <span class='ocr_line' id='line_1_51' title="bbox 2183 2463 3755 2547; baseline -0.014 -12"><span class='ocrx_word' id='word_1_374' title='bbox 2183 2483 2312 2535; x_wconf 80' lang='grc' dir='ltr'>ἴδιον</span> <span class='ocrx_word' id='word_1_375' title='bbox 2339 2481 2503 2534; x_wconf 71' lang='grc' dir='ltr'>αὑτοῦ</span> <span class='ocrx_word' id='word_1_376' title='bbox 2535 2481 2726 2547; x_wconf 79' lang='grc' dir='ltr'>Λόγον,</span> <span class='ocrx_word' id='word_1_377' title='bbox 2759 2479 2884 2546; x_wconf 79' lang='grc' dir='ltr'><strong>ὃλην</strong></span> <span class='ocrx_word' id='word_1_378' title='bbox 2918 2473 2977 2538; x_wconf 81' lang='grc' dir='ltr'>ἐξ</span> <span class='ocrx_word' id='word_1_379' title='bbox 3009 2474 3129 2528; x_wconf 83' lang='grc' dir='ltr'>ὅλου</span> <span class='ocrx_word' id='word_1_380' title='bbox 3172 2469 3264 2523; x_wconf 78' lang='grc' dir='ltr'>τοῦ</span> <span class='ocrx_word' id='word_1_381' title='bbox 3304 2466 3514 2535; x_wconf 74' lang='grc' dir='ltr'>Πατρὺς</span> <span class='ocrx_word' id='word_1_382' title='bbox 3568 2463 3755 2534; x_wconf 77' lang='grc' dir='ltr'>ἔχοντα</span> 
     </span>
    </p>
   </div>
   <div class='ocr_carea' id='block_1_52' title="bbox 2181 2553 3752 2644">
    <p class='ocr_par' dir='ltr' id='par_1_52' title="bbox 2181 2553 3752 2644">
     <span class='ocr_line' id='line_1_52' title="bbox 2181 2553 3752 2644; baseline -0.013 -18"><span class='ocrx_word' id='word_1_383' title='bbox 2181 2574 2277 2644; x_wconf 74' lang='grc' dir='ltr'>τὴν</span> <span class='ocrx_word' id='word_1_384' title='bbox 2305 2573 2510 2636; x_wconf 75' lang='grc' dir='ltr'>εἰκόνα,</span> <span class='ocrx_word' id='word_1_385' title='bbox 2571 2571 2673 2633; x_wconf 13' lang='grc' dir='ltr'>καὶ,</span> <span class='ocrx_word' id='word_1_386' title='bbox 2721 2571 2779 2623; x_wconf 83' lang='grc' dir='ltr'>ὲν</span> <span class='ocrx_word' id='word_1_387' title='bbox 2814 2567 2988 2636; x_wconf 77' lang='grc' dir='ltr'>Πατρὶ</span> <span class='ocrx_word' id='word_1_388' title='bbox 3039 2560 3409 2634; x_wconf 78' lang='grc' dir='ltr'><strong>θεωρούμενον</strong></span> <span class='ocrx_word' id='word_1_389' title='bbox 3458 2557 3542 2622; x_wconf 68' lang='grc' dir='ltr'>διὰ</span> <span class='ocrx_word' id='word_1_390' title='bbox 3571 2555 3630 2607; x_wconf 83' lang='grc' dir='ltr'><strong>τὸ</strong></span> <span class='ocrx_word' id='word_1_391' title='bbox 3655 2553 3752 2624; x_wconf 76' lang='grc' dir='ltr'>τῆς</span> 
     </span>
    </p>
   </div>
   <div class='ocr_carea' id='block_1_53' title="bbox 2181 2661 2851 2734">
    <p class='ocr_par' dir='ltr' id='par_1_53' title="bbox 2181 2661 2851 2734">
     <span class='ocr_line' id='line_1_53' title="bbox 2181 2661 2851 2734; baseline -0.007 -17"><span class='ocrx_word' id='word_1_392' title='bbox 2181 2666 2239 2717; x_wconf 72' lang='grc' dir='ltr'><strong>οὐ</strong></span> <span class='ocrx_word' id='word_1_393' title='bbox 2251 2664 2366 2726; x_wconf 78' lang='grc' dir='ltr'>τίας</span> <span class='ocrx_word' id='word_1_394' title='bbox 2409 2665 2520 2716; x_wconf 84' lang='grc' dir='ltr'><strong>ἀπα</strong></span> <span class='ocrx_word' id='word_1_395' title='bbox 2530 2661 2851 2734; x_wconf 54' lang='grc' dir='ltr'>ράλὶακτονε</span> 
     </span>
    </p>
   </div>
   <div class='ocr_carea' id='block_1_54' title="bbox 2860 2773 3063 2826">
    <p class='ocr_par' dir='ltr' id='par_1_54' title="bbox 2860 2773 3063 2826">
     <span class='ocr_line' id='line_1_54' title="bbox 2860 2773 3063 2826; baseline -0.025 1"><span class='ocrx_word' id='word_1_396' title='bbox 2860 2773 3063 2826; x_wconf 73' lang='grc' dir='ltr'><strong>ΑΑΛΟ.</strong></span> 
     </span>
    </p>
   </div>
   <div class='ocr_carea' id='block_1_55' title="bbox 2253 2869 3763 2963">
    <p class='ocr_par' dir='ltr' id='par_1_55' title="bbox 2253 2869 3763 2963">
     <span class='ocr_line' id='line_1_55' title="bbox 2253 2869 3763 2963; baseline -0.014 -17"><span class='ocrx_word' id='word_1_397' title='bbox 2253 2894 2315 2946; x_wconf 84' lang='grc' dir='ltr'><strong>Εἰ</strong></span> <span class='ocrx_word' id='word_1_398' title='bbox 2345 2890 2666 2963; x_wconf 77' lang='grc' dir='ltr'>βουλοίμεθα</span> <span class='ocrx_word' id='word_1_399' title='bbox 2696 2886 2936 2954; x_wconf 79' lang='grc' dir='ltr'><strong>δοξάζειν</strong></span> <span class='ocrx_word' id='word_1_400' title='bbox 2963 2883 3158 2955; x_wconf 79' lang='grc' dir='ltr'>ὀρθῶς,</span> <span class='ocrx_word' id='word_1_401' title='bbox 3211 2881 3424 2947; x_wconf 81' lang='grc' dir='ltr'><strong>ἀνάγκη</strong></span> <span class='ocrx_word' id='word_1_402' title='bbox 3458 2875 3636 2963; x_wconf 62' lang='grc' dir='ltr'>λέγειν</span> 
     </span>
    </p>
   </div>
   <div class='ocr_carea' id='block_1_56' title="bbox 2180 2959 3760 3051">
    <p class='ocr_par' dir='ltr' id='par_1_56' title="bbox 2180 2959 3760 3051">
     <span class='ocr_line' id='line_1_56' title="bbox 2180 2959 3760 3051; baseline -0.017 -13"><span class='ocrx_word' id='word_1_403' title='bbox 2180 2985 2279 3038; x_wconf 83' lang='grc' dir='ltr'>οὐκ</span> <span class='ocrx_word' id='word_1_404' title='bbox 2318 2959 2600 3051; x_wconf 76' lang='grc' dir='ltr'>ἐπιγέγονε</span> <span class='ocrx_word' id='word_1_405' title='bbox 2625 2980 2703 3051; x_wconf 81' lang='grc' dir='ltr'>τῷ</span> <span class='ocrx_word' id='word_1_406' title='bbox 2729 2979 2848 3050; x_wconf 86' lang='grc' dir='ltr'>Θεῷ</span> <span class='ocrx_word' id='word_1_407' title='bbox 2879 2978 2940 3031; x_wconf 83' lang='grc' dir='ltr'><strong>τὸ</strong></span> <span class='ocrx_word' id='word_1_408' title='bbox 2967 2974 3104 3030; x_wconf 73' lang='grc' dir='ltr'>εἶναι</span> <span class='ocrx_word' id='word_1_409' title='bbox 3143 2971 3384 3042; x_wconf 79' lang='grc' dir='ltr'>Πατέρα,</span> <span class='ocrx_word' id='word_1_410' title='bbox 3432 2966 3546 3023; x_wconf 67' lang='grc' dir='ltr'>ἀλλ’</span> <span class='ocrx_word' id='word_1_411' title='bbox 3579 2959 3647 3033; x_wconf 75' lang='grc' dir='ltr'>ἦν</span> <span class='ocrx_word' id='word_1_412' title='bbox 3673 2962 3760 3014; x_wconf 66' lang='grc' dir='ltr'><strong>ἀεὶ</strong></span> 
     </span>
    </p>
   </div>
   <div class='ocr_carea' id='block_1_57' title="bbox 2181 3056 3759 3150">
    <p class='ocr_par' dir='ltr' id='par_1_57' title="bbox 2181 3056 3759 3150">
     <span class='ocr_line' id='line_1_57' title="bbox 2181 3056 3759 3150; baseline -0.015 -22"><span class='ocrx_word' id='word_1_413' title='bbox 2181 3074 2421 3150; x_wconf 75' lang='grc' dir='ltr'>τοῦτο-ἢ</span> <span class='ocrx_word' id='word_1_414' title='bbox 2463 3075 2572 3143; x_wconf 82' lang='grc' dir='ltr'><strong>γὰρ</strong></span> <span class='ocrx_word' id='word_1_415' title='bbox 2622 3071 2686 3126; x_wconf 82' lang='grc' dir='ltr'>ἂν</span> <span class='ocrx_word' id='word_1_416' title='bbox 2714 3070 2807 3124; x_wconf 74' lang='grc' dir='ltr'><strong>καὶ</strong></span> <span class='ocrx_word' id='word_1_417' title='bbox 2861 3069 3100 3141; x_wconf 76' lang='grc' dir='ltr'>τρεπτῆς</span> <span class='ocrx_word' id='word_1_418' title='bbox 3145 3065 3220 3119; x_wconf 81' lang='grc' dir='ltr'><strong>ὣν</strong></span> <span class='ocrx_word' id='word_1_419' title='bbox 3271 3064 3512 3132; x_wconf 85' lang='grc' dir='ltr'>φαίνοιτο</span> <span class='ocrx_word' id='word_1_420' title='bbox 3545 3056 3759 3127; x_wconf 72' lang='grc' dir='ltr'>φύσεως</span> 
     </span>
    </p>
   </div>
   <div class='ocr_carea' id='block_1_58' title="bbox 512 3151 2078 3240">
    <p class='ocr_par' dir='ltr' id='par_1_58' title="bbox 512 3157 2078 3226">
     <span class='ocr_line' id='line_1_58' title="bbox 512 3157 2078 3226; baseline 0.006 -20"><span class='ocrx_word' id='word_1_421' title='bbox 512 3157 798 3223; x_wconf 76' lang='lat' dir='ltr'><strong>videbitur,</strong></span> <span class='ocrx_word' id='word_1_422' title='bbox 847 3158 1045 3226; x_wconf 84' lang='lat' dir='ltr'><strong>quippe</strong></span> <span class='ocrx_word' id='word_1_423' title='bbox 1097 3157 1189 3226; x_wconf 90' lang='lat' dir='ltr'><strong>qui</strong></span> <span class='ocrx_word' id='word_1_424' title='bbox 1248 3159 1526 3226; x_wconf 79' lang='lat' dir='ltr'><strong>postmodo</strong></span> <span class='ocrx_word' id='word_1_425' title='bbox 1581 3159 1758 3213; x_wconf 85' lang='lat' dir='ltr'><strong>factus</strong></span> <span class='ocrx_word' id='word_1_426' title='bbox 1827 3159 1990 3215; x_wconf 85' lang='lat' dir='ltr'><strong>fuerit</strong></span> <span class='ocrx_word' id='word_1_427' title='bbox 2028 3161 2078 3215; x_wconf 90' lang='lat' dir='ltr'><strong>id</strong></span> 
     </span>
    </p>
   </div>
   <div class='ocr_carea' id='block_1_59' title="bbox 2184 3151 3761 3240">
    <p class='ocr_par' dir='ltr' id='par_1_59' title="bbox 2185 3151 3761 3239">
     <span class='ocr_line' id='line_1_59' title="bbox 2185 3151 3761 3239; baseline -0.015 -19"><span class='ocrx_word' id='word_1_428' title='bbox 2185 3166 2410 3239; x_wconf 80' lang='grc' dir='ltr'>ὕστερον</span> <span class='ocrx_word' id='word_1_429' title='bbox 2432 3162 2692 3235; x_wconf 81' lang='grc' dir='ltr'>γεγονὼς,</span> <span class='ocrx_word' id='word_1_430' title='bbox 2718 3164 2852 3234; x_wconf 79' lang='grc' dir='ltr'>ὅπερ</span> <span class='ocrx_word' id='word_1_431' title='bbox 2874 3163 2974 3214; x_wconf 82' lang='grc' dir='ltr'>οὐκ</span> <span class='ocrx_word' id='word_1_432' title='bbox 3003 3155 3091 3230; x_wconf 76' lang='grc' dir='ltr'><strong>ἦν,</strong></span> <span class='ocrx_word' id='word_1_433' title='bbox 3136 3156 3278 3211; x_wconf 84' lang='grc' dir='ltr'><strong>κατά</strong></span> <span class='ocrx_word' id='word_1_434' title='bbox 3305 3155 3401 3225; x_wconf 80' lang='grc' dir='ltr'>τὴν</span> <span class='ocrx_word' id='word_1_435' title='bbox 3425 3152 3534 3205; x_wconf 80' lang='grc' dir='ltr'>τῶν</span> <span class='ocrx_word' id='word_1_436' title='bbox 3555 3151 3761 3218; x_wconf 79' lang='grc' dir='ltr'>αἱρετι-</span> 
     </span>
    </p>
   </div>
   <div class='ocr_carea' id='block_1_60' title="bbox 512 3248 2079 3319">
    <p class='ocr_par' dir='ltr' id='par_1_60' title="bbox 512 3248 2079 3319">
     <span class='ocr_line' id='line_1_60' title="bbox 512 3248 2079 3319; baseline 0.003 -17"><span class='ocrx_word' id='word_1_437' title='bbox 512 3249 653 3318; x_wconf 83' lang='lat' dir='ltr'><strong>quml</strong></span> <span class='ocrx_word' id='word_1_438' title='bbox 691 3263 800 3304; x_wconf 87' lang='lat' dir='ltr'><strong>non</strong></span> <span class='ocrx_word' id='word_1_439' title='bbox 865 3256 1002 3314; x_wconf 89' lang='lat' dir='ltr'><strong>erat,</strong></span> <span class='ocrx_word' id='word_1_440' title='bbox 1038 3248 1192 3319; x_wconf 76' lang='lat' dir='ltr'><strong>juxta</strong></span> <span class='ocrx_word' id='word_1_441' title='bbox 1236 3250 1613 3304; x_wconf 60' lang='lat' dir='ltr'><strong>hereticorum</strong></span> <span class='ocrx_word' id='word_1_442' title='bbox 1645 3252 1904 3308; x_wconf 91' lang='lat' dir='ltr'><strong>furorem.</strong></span> <span class='ocrx_word' id='word_1_443' title='bbox 1944 3251 2079 3307; x_wconf 87' lang='lat' dir='ltr'><strong>Nam</strong></span> 
     </span>
    </p>
   </div>
   <div class='ocr_carea' id='block_1_61' title="bbox 517 3341 2084 3412">
    <p class='ocr_par' dir='ltr' id='par_1_61' title="bbox 517 3341 2084 3412">
     <span class='ocr_line' id='line_1_61' title="bbox 517 3341 2084 3412; baseline 0.004 -18"><span class='ocrx_word' id='word_1_444' title='bbox 517 3343 558 3394; x_wconf 90' lang='lat' dir='ltr'><strong>si</strong></span> <span class='ocrx_word' id='word_1_445' title='bbox 594 3341 790 3394; x_wconf 91' lang='lat' dir='ltr'><strong>bonum</strong></span> <span class='ocrx_word' id='word_1_446' title='bbox 815 3341 1083 3410; x_wconf 86' lang='lat' dir='ltr'><strong>quoddam</strong></span> <span class='ocrx_word' id='word_1_447' title='bbox 1113 3341 1343 3407; x_wconf 88' lang='lat' dir='ltr'><strong>videtur,</strong></span> <span class='ocrx_word' id='word_1_448' title='bbox 1373 3343 1543 3412; x_wconf 88' lang='lat' dir='ltr'><strong>ipsum</strong></span> <span class='ocrx_word' id='word_1_449' title='bbox 1575 3359 1694 3398; x_wconf 85' lang='lat' dir='ltr'><strong>esse</strong></span> <span class='ocrx_word' id='word_1_450' title='bbox 1722 3343 1959 3410; x_wconf 85' lang='lat' dir='ltr'><strong>Patrem,</strong></span> <span class='ocrx_word' id='word_1_451' title='bbox 1983 3346 2084 3401; x_wconf 88' lang='lat' dir='ltr'><strong>hoc</strong></span> 
     </span>
    </p>
   </div>
   <div class='ocr_carea' id='block_1_62' title="bbox 513 3431 2082 3506">
    <p class='ocr_par' dir='ltr' id='par_1_62' title="bbox 513 3431 2082 3506">
     <span class='ocr_line' id='line_1_62' title="bbox 513 3431 2082 3506; baseline 0.008 -27"><span class='ocrx_word' id='word_1_452' title='bbox 513 3447 642 3485; x_wconf 75' lang='lat' dir='ltr'><strong>vero</strong></span> <span class='ocrx_word' id='word_1_453' title='bbox 674 3447 777 3486; x_wconf 91' lang='lat' dir='ltr'><strong>non</strong></span> <span class='ocrx_word' id='word_1_454' title='bbox 811 3447 1027 3502; x_wconf 76' lang='lat' dir='ltr'><strong>seraper</strong></span> <span class='ocrx_word' id='word_1_455' title='bbox 1083 3431 1204 3499; x_wconf 85' lang='lat' dir='ltr'><strong>fuit,</strong></span> <span class='ocrx_word' id='word_1_456' title='bbox 1235 3443 1355 3486; x_wconf 88' lang='lat' dir='ltr'><strong>erat</strong></span> <span class='ocrx_word' id='word_1_457' title='bbox 1403 3433 1567 3504; x_wconf 82' lang='lat' dir='ltr'><strong>igitur</strong></span> <span class='ocrx_word' id='word_1_458' title='bbox 1594 3445 1806 3504; x_wconf 86' lang='lat' dir='ltr'><strong>tempus</strong></span> <span class='ocrx_word' id='word_1_459' title='bbox 1863 3437 2082 3506; x_wconf 80' lang='lat' dir='ltr'><strong>quando</strong></span> 
     </span>
    </p>
   </div>
   <div class='ocr_carea' id='block_1_63' title="bbox 514 3523 2078 3598">
    <p class='ocr_par' dir='ltr' id='par_1_63' title="bbox 514 3523 2078 3598">
     <span class='ocr_line' id='line_1_63' title="bbox 514 3523 2078 3598; baseline 0.004 -22"><span class='ocrx_word' id='word_1_460' title='bbox 514 3525 714 3577; x_wconf 89' lang='lat' dir='ltr'><strong>bonum</strong></span> <span class='ocrx_word' id='word_1_461' title='bbox 745 3540 849 3578; x_wconf 91' lang='lat' dir='ltr'><strong>non</strong></span> <span class='ocrx_word' id='word_1_462' title='bbox 882 3531 999 3578; x_wconf 88' lang='lat' dir='ltr'><strong>erat</strong></span> <span class='ocrx_word' id='word_1_463' title='bbox 1027 3524 1079 3578; x_wconf 92' lang='lat' dir='ltr'><strong>in</strong></span> <span class='ocrx_word' id='word_1_464' title='bbox 1118 3523 1244 3579; x_wconf 83' lang='lat' dir='ltr'><strong>Deo.</strong></span> <span class='ocrx_word' id='word_1_465' title='bbox 1282 3525 1432 3592; x_wconf 86' lang='lat' dir='ltr'><strong>Quod</strong></span> <span class='ocrx_word' id='word_1_466' title='bbox 1463 3528 1674 3594; x_wconf 81' lang='lat' dir='ltr'><strong>quidem</strong></span> <span class='ocrx_word' id='word_1_467' title='bbox 1708 3544 1828 3581; x_wconf 90' lang='lat' dir='ltr'><strong>cum</strong></span> <span class='ocrx_word' id='word_1_468' title='bbox 1856 3529 2078 3598; x_wconf 74' lang='lat' dir='ltr'><strong>impium</strong></span> 
     </span>
    </p>
   </div>
   <div class='ocr_carea' id='block_1_64' title="bbox 515 3616 2082 3686">
    <p class='ocr_par' dir='ltr' id='par_1_64' title="bbox 515 3616 2082 3686">
     <span class='ocr_line' id='line_1_64' title="bbox 515 3616 2082 3686; baseline 0.004 -18"><span class='ocrx_word' id='word_1_469' title='bbox 515 3616 658 3670; x_wconf 86' lang='lat' dir='ltr'><strong>dictu</strong></span> <span class='ocrx_word' id='word_1_470' title='bbox 688 3617 778 3680; x_wconf 89' lang='lat' dir='ltr'><strong>sit,</strong></span> <span class='ocrx_word' id='word_1_471' title='bbox 803 3625 918 3669; x_wconf 85' lang='lat' dir='ltr'><strong>erat</strong></span> <span class='ocrx_word' id='word_1_472' title='bbox 944 3617 1107 3686; x_wconf 87' lang='lat' dir='ltr'><strong>igitur</strong></span> <span class='ocrx_word' id='word_1_473' title='bbox 1159 3631 1372 3686; x_wconf 87' lang='lat' dir='ltr'><strong>semper</strong></span> <span class='ocrx_word' id='word_1_474' title='bbox 1405 3618 1582 3684; x_wconf 87' lang='lat' dir='ltr'><strong>Pater,</strong></span> <span class='ocrx_word' id='word_1_475' title='bbox 1618 3618 1752 3673; x_wconf 85' lang='lat' dir='ltr'><strong>Filio</strong></span> <span class='ocrx_word' id='word_1_476' title='bbox 1797 3621 2082 3675; x_wconf 86' lang='lat' dir='ltr'><strong>manifeste</strong></span> 
     </span>
    </p>
   </div>
   <div class='ocr_carea' id='block_1_65' title="bbox 516 3705 2081 3773">
    <p class='ocr_par' dir='ltr' id='par_1_65' title="bbox 516 3705 2081 3773">
     <span class='ocr_line' id='line_1_65' title="bbox 516 3705 2081 3773; baseline 0.004 -17"><span class='ocrx_word' id='word_1_477' title='bbox 516 3720 620 3757; x_wconf 90' lang='lat' dir='ltr'><strong>una</strong></span> <span class='ocrx_word' id='word_1_478' title='bbox 650 3705 943 3759; x_wconf 83' lang='lat' dir='ltr'><strong>exsistente</strong></span> <span class='ocrx_word' id='word_1_479' title='bbox 974 3721 988 3758; x_wconf 88' lang='lat'><strong>:</strong></span> <span class='ocrx_word' id='word_1_480' title='bbox 1022 3719 1196 3773; x_wconf 88' lang='lat' dir='ltr'><strong>neque</strong></span> <span class='ocrx_word' id='word_1_481' title='bbox 1241 3705 1381 3760; x_wconf 87' lang='lat' dir='ltr'><strong>enim</strong></span> <span class='ocrx_word' id='word_1_482' title='bbox 1413 3715 1556 3761; x_wconf 83' lang='lat' dir='ltr'><strong>esset</strong></span> <span class='ocrx_word' id='word_1_483' title='bbox 1584 3705 1764 3770; x_wconf 88' lang='lat' dir='ltr'><strong>Pater,</strong></span> <span class='ocrx_word' id='word_1_484' title='bbox 1803 3723 1908 3763; x_wconf 89' lang='lat' dir='ltr'><strong>non</strong></span> <span class='ocrx_word' id='word_1_485' title='bbox 1935 3710 2081 3763; x_wconf 82' lang='lat' dir='ltr'><strong>exsi-</strong></span> 
     </span>
    </p>
   </div>
   <div class='ocr_carea' id='block_1_66' title="bbox 514 3796 2080 3871">
    <p class='ocr_par' dir='ltr' id='par_1_66' title="bbox 514 3796 2080 3871">
     <span class='ocr_line' id='line_1_66' title="bbox 514 3796 2080 3871; baseline 0.003 -21"><span class='ocrx_word' id='word_1_486' title='bbox 514 3806 690 3851; x_wconf 78' lang='lat' dir='ltr'><strong>stunte</strong></span> <span class='ocrx_word' id='word_1_487' title='bbox 721 3796 876 3850; x_wconf 87' lang='lat' dir='ltr'><strong>Filio.</strong></span> <span class='ocrx_word' id='word_1_488' title='bbox 912 3797 967 3850; x_wconf 88' lang='lat' dir='ltr'><strong>Si</strong></span> <span class='ocrx_word' id='word_1_489' title='bbox 1003 3812 1130 3851; x_wconf 85' lang='lat' dir='ltr'><strong>vero</strong></span> <span class='ocrx_word' id='word_1_490' title='bbox 1181 3799 1302 3867; x_wconf 88' lang='lat' dir='ltr'><strong>quis</strong></span> <span class='ocrx_word' id='word_1_491' title='bbox 1344 3797 1586 3869; x_wconf 88' lang='lat' dir='ltr'><strong>objiciat,</strong></span> <span class='ocrx_word' id='word_1_492' title='bbox 1633 3801 1853 3856; x_wconf 88' lang='lat' dir='ltr'><strong>dicens:</strong></span> <span class='ocrx_word' id='word_1_493' title='bbox 1909 3801 2080 3871; x_wconf 83' lang='lat' dir='ltr'><strong>Ergo,</strong></span> 
     </span>
    </p>
   </div>
   <div class='ocr_carea' id='block_1_67' title="bbox 513 3890 2084 3961">
    <p class='ocr_par' dir='ltr' id='par_1_67' title="bbox 513 3890 2084 3961">
     <span class='ocr_line' id='line_1_67' title="bbox 513 3890 2084 3961; baseline 0.005 -19"><span class='ocrx_word' id='word_1_494' title='bbox 513 3890 775 3961; x_wconf 91' lang='lat' dir='ltr'><strong>siquidem</strong></span> <span class='ocrx_word' id='word_1_495' title='bbox 824 3891 1119 3948; x_wconf 79' lang='lat' dir='ltr'><strong>secundum</strong></span> <span class='ocrx_word' id='word_1_496' title='bbox 1193 3900 1442 3945; x_wconf 89' lang='lat' dir='ltr'><strong>naturam</strong></span> <span class='ocrx_word' id='word_1_497' title='bbox 1507 3901 1590 3946; x_wconf 82' lang='lat' dir='ltr'><strong>est</strong></span> <span class='ocrx_word' id='word_1_498' title='bbox 1651 3895 1812 3947; x_wconf 90' lang='lat' dir='ltr'><strong>etiam</strong></span> <span class='ocrx_word' id='word_1_499' title='bbox 1869 3906 2084 3950; x_wconf 89' lang='lat' dir='ltr'><strong>creator</strong></span> 
     </span>
    </p>
   </div>
   <div class='ocr_carea' id='block_1_68' title="bbox 513 3980 2083 4052">
    <p class='ocr_par' dir='ltr' id='par_1_68' title="bbox 513 3980 2083 4052">
     <span class='ocr_line' id='line_1_68' title="bbox 513 3980 2083 4052; baseline 0.002 -18"><span class='ocrx_word' id='word_1_500' title='bbox 513 3982 669 4046; x_wconf 81' lang='lat' dir='ltr'><strong>Deus,</strong></span> <span class='ocrx_word' id='word_1_501' title='bbox 709 3980 923 4037; x_wconf 85' lang='lat' dir='ltr'><strong>fuerunt</strong></span> <span class='ocrx_word' id='word_1_502' title='bbox 957 3981 1120 4036; x_wconf 85' lang='lat' dir='ltr'><strong>etiam</strong></span> <span class='ocrx_word' id='word_1_503' title='bbox 1162 3997 1376 4050; x_wconf 84' lang='lat' dir='ltr'><strong>semper</strong></span> <span class='ocrx_word' id='word_1_504' title='bbox 1429 3992 1738 4048; x_wconf 65' lang='lat' dir='ltr'><strong>creaturae:</strong></span> <span class='ocrx_word' id='word_1_505' title='bbox 1771 3992 1933 4052; x_wconf 87' lang='lat' dir='ltr'><strong>atque</strong></span> <span class='ocrx_word' id='word_1_506' title='bbox 1983 3984 2083 4038; x_wconf 88' lang='lat' dir='ltr'><strong>hoc</strong></span> 
     </span>
    </p>
   </div>
   <div class='ocr_carea' id='block_1_69' title="bbox 510 4073 2082 4144">
    <p class='ocr_par' dir='ltr' id='par_1_69' title="bbox 510 4073 2082 4144">
     <span class='ocr_line' id='line_1_69' title="bbox 510 4073 2082 4144; baseline 0.004 -21"><span class='ocrx_word' id='word_1_507' title='bbox 510 4073 725 4139; x_wconf 87' lang='lat' dir='ltr'><strong>quidem</strong></span> <span class='ocrx_word' id='word_1_508' title='bbox 761 4073 944 4127; x_wconf 83' lang='lat' dir='ltr'><strong>dicere</strong></span> <span class='ocrx_word' id='word_1_509' title='bbox 978 4087 1076 4126; x_wconf 85' lang='lat' dir='ltr'><strong>nos</strong></span> <span class='ocrx_word' id='word_1_510' title='bbox 1103 4087 1331 4128; x_wconf 88' lang='lat' dir='ltr'><strong>necesse</strong></span> <span class='ocrx_word' id='word_1_511' title='bbox 1363 4084 1465 4140; x_wconf 89' lang='lat' dir='ltr'><strong>est,</strong></span> <span class='ocrx_word' id='word_1_512' title='bbox 1499 4089 1564 4128; x_wconf 90' lang='lat' dir='ltr'><strong>ne</strong></span> <span class='ocrx_word' id='word_1_513' title='bbox 1589 4077 1869 4144; x_wconf 87' lang='lat' dir='ltr'><strong>post-modo</strong></span> <span class='ocrx_word' id='word_1_514' title='bbox 1895 4091 2082 4130; x_wconf 84' lang='lat' dir='ltr'><strong>acces-</strong></span> 
     </span>
    </p>
   </div>
   <div class='ocr_carea' id='block_1_70' title="bbox 510 4163 2082 4233">
    <p class='ocr_par' dir='ltr' id='par_1_70' title="bbox 510 4163 2082 4233">
     <span class='ocr_line' id='line_1_70' title="bbox 510 4163 2082 4233; baseline 0.004 -19"><span class='ocrx_word' id='word_1_515' title='bbox 510 4163 644 4216; x_wconf 82' lang='lat' dir='ltr'><strong>sisse</strong></span> <span class='ocrx_word' id='word_1_516' title='bbox 684 4163 795 4217; x_wconf 89' lang='lat' dir='ltr'><strong>Deo</strong></span> <span class='ocrx_word' id='word_1_517' title='bbox 849 4165 1118 4228; x_wconf 85' lang='lat' dir='ltr'><strong>videatur,</strong></span> <span class='ocrx_word' id='word_1_518' title='bbox 1165 4173 1466 4219; x_wconf 88' lang='lat' dir='ltr'><strong>creatorem</strong></span> <span class='ocrx_word' id='word_1_519' title='bbox 1502 4180 1644 4233; x_wconf 90' lang='lat' dir='ltr'><strong>esse,</strong></span> <span class='ocrx_word' id='word_1_520' title='bbox 1697 4181 1833 4221; x_wconf 86' lang='lat' dir='ltr'><strong>neve</strong></span> <span class='ocrx_word' id='word_1_521' title='bbox 1856 4168 2082 4220; x_wconf 80' lang='lat' dir='ltr'><strong>mutatio</strong></span> 
     </span>
    </p>
   </div>
   <div class='ocr_carea' id='block_1_71' title="bbox 511 4253 2082 4321">
    <p class='ocr_par' dir='ltr' id='par_1_71' title="bbox 511 4253 2082 4321">
     <span class='ocr_line' id='line_1_71' title="bbox 511 4253 2082 4321; baseline 0.006 -18"><span class='ocrx_word' id='word_1_522' title='bbox 511 4253 689 4321; x_wconf 89' lang='lat' dir='ltr'><strong>aliqua</strong></span> <span class='ocrx_word' id='word_1_523' title='bbox 731 4254 873 4307; x_wconf 87' lang='lat' dir='ltr'><strong>circa</strong></span> <span class='ocrx_word' id='word_1_524' title='bbox 901 4255 1137 4307; x_wconf 85' lang='lat' dir='ltr'><strong>divinam</strong></span> <span class='ocrx_word' id='word_1_525' title='bbox 1169 4265 1415 4308; x_wconf 87' lang='lat' dir='ltr'><strong>naturam</strong></span> <span class='ocrx_word' id='word_1_526' title='bbox 1441 4256 1579 4310; x_wconf 86' lang='lat' dir='ltr'><strong>facta</strong></span> <span class='ocrx_word' id='word_1_527' title='bbox 1598 4271 1719 4312; x_wconf 91' lang='lat' dir='ltr'><strong>esse</strong></span> <span class='ocrx_word' id='word_1_528' title='bbox 1751 4270 2082 4314; x_wconf 80' lang='lat' dir='ltr'><strong>censeatur:</strong></span> 
     </span>
    </p>
   </div>
   <div class='ocr_carea' id='block_1_72' title="bbox 514 4343 2078 4403">
    <p class='ocr_par' dir='ltr' id='par_1_72' title="bbox 514 4343 2078 4403">
     <span class='ocr_line' id='line_1_72' title="bbox 514 4343 2078 4403; baseline 0.003 -5"><span class='ocrx_word' id='word_1_529' title='bbox 514 4346 614 4398; x_wconf 86' lang='lat' dir='ltr'><strong>hoc</strong></span> <span class='ocrx_word' id='word_1_530' title='bbox 635 4343 776 4396; x_wconf 89' lang='lat' dir='ltr'><strong>enim</strong></span> <span class='ocrx_word' id='word_1_531' title='bbox 800 4343 1034 4397; x_wconf 81' lang='lat' dir='ltr'><strong>diximus</strong></span> <span class='ocrx_word' id='word_1_532' title='bbox 1064 4345 1131 4398; x_wconf 89' lang='lat' dir='ltr'><strong>dc</strong></span> <span class='ocrx_word' id='word_1_533' title='bbox 1184 4344 1342 4398; x_wconf 85' lang='lat' dir='ltr'><strong>Filio.</strong></span> <span class='ocrx_word' id='word_1_534' title='bbox 1378 4345 1484 4398; x_wconf 81' lang='lat' dir='ltr'><strong>Aut</strong></span> <span class='ocrx_word' id='word_1_535' title='bbox 1533 4347 1640 4400; x_wconf 91' lang='lat' dir='ltr'><strong>alio</strong></span> <span class='ocrx_word' id='word_1_536' title='bbox 1687 4349 1848 4401; x_wconf 84' lang='lat' dir='ltr'><strong>etiam</strong></span> <span class='ocrx_word' id='word_1_537' title='bbox 1899 4351 2078 4403; x_wconf 87' lang='lat' dir='ltr'><strong>modo.</strong></span> 
     </span>
    </p>
   </div>
   <div class='ocr_carea' id='block_1_73' title="bbox 510 4435 2082 4507">
    <p class='ocr_par' dir='ltr' id='par_1_73' title="bbox 510 4435 2082 4507">
     <span class='ocr_line' id='line_1_73' title="bbox 510 4435 2082 4507; baseline 0.005 -20"><span class='ocrx_word' id='word_1_538' title='bbox 510 4435 952 4504; x_wconf 84' lang='lat' dir='ltr'><strong>Quandoquidem</strong></span> <span class='ocrx_word' id='word_1_539' title='bbox 989 4439 1185 4492; x_wconf 89' lang='lat' dir='ltr'><strong>bonum</strong></span> <span class='ocrx_word' id='word_1_540' title='bbox 1218 4447 1299 4490; x_wconf 92' lang='lat' dir='ltr'><strong>est</strong></span> <span class='ocrx_word' id='word_1_541' title='bbox 1327 4452 1514 4491; x_wconf 89' lang='lat' dir='ltr'><strong>creare</strong></span> <span class='ocrx_word' id='word_1_542' title='bbox 1543 4450 1596 4492; x_wconf 89' lang='lat' dir='ltr'><strong>et</strong></span> <span class='ocrx_word' id='word_1_543' title='bbox 1619 4438 1797 4494; x_wconf 89' lang='lat' dir='ltr'><strong>facere</strong></span> <span class='ocrx_word' id='word_1_544' title='bbox 1820 4481 1835 4507; x_wconf 96' lang='lat'><strong>,</strong></span> <span class='ocrx_word' id='word_1_545' title='bbox 1864 4441 2082 4495; x_wconf 89' lang='lat' dir='ltr'><strong>fuerunt</strong></span> 
     </span>
    </p>
   </div>
   <div class='ocr_carea' id='block_1_74' title="bbox 2185 3238 3758 3329">
    <p class='ocr_par' dir='ltr' id='par_1_74' title="bbox 2185 3238 3758 3329">
     <span class='ocr_line' id='line_1_74' title="bbox 2185 3238 3758 3329; baseline -0.014 -13"><span class='ocrx_word' id='word_1_546' title='bbox 2185 3263 2296 3316; x_wconf 86' lang='grc' dir='ltr'>κῶν</span> <span class='ocrx_word' id='word_1_547' title='bbox 2331 3258 2547 3329; x_wconf 87' lang='grc' dir='ltr'>μανίαν.</span> <span class='ocrx_word' id='word_1_548' title='bbox 2580 3257 2645 3309; x_wconf 83' lang='lat' dir='ltr'><strong>Ei</strong></span> <span class='ocrx_word' id='word_1_549' title='bbox 2665 3254 2773 3324; x_wconf 83' lang='grc' dir='ltr'>γὰρ</span> <span class='ocrx_word' id='word_1_550' title='bbox 2799 3252 2965 3307; x_wconf 86' lang='grc' dir='ltr'>καλόν</span> <span class='ocrx_word' id='word_1_551' title='bbox 2991 3269 3041 3304; x_wconf 92' lang='grc' dir='ltr'><strong>τι</strong></span> <span class='ocrx_word' id='word_1_552' title='bbox 3064 3249 3312 3319; x_wconf 86' lang='grc' dir='ltr'>φαίνεται</span> <span class='ocrx_word' id='word_1_553' title='bbox 3338 3245 3398 3298; x_wconf 85' lang='grc' dir='ltr'>τὺ</span> <span class='ocrx_word' id='word_1_554' title='bbox 3428 3239 3565 3296; x_wconf 78' lang='grc' dir='ltr'>εἶναι</span> <span class='ocrx_word' id='word_1_555' title='bbox 3597 3238 3758 3296; x_wconf 79' lang='grc' dir='ltr'>αὐτὸν</span> 
     </span>
    </p>
   </div>
   <div class='ocr_carea' id='block_1_75' title="bbox 2185 3331 3761 3422">
    <p class='ocr_par' dir='ltr' id='par_1_75' title="bbox 2185 3331 3761 3422">
     <span class='ocr_line' id='line_1_75' title="bbox 2185 3331 3761 3422; baseline -0.015 -15"><span class='ocrx_word' id='word_1_556' title='bbox 2185 3351 2426 3422; x_wconf 84' lang='grc' dir='ltr'><strong>Πατέρα,</strong></span> <span class='ocrx_word' id='word_1_557' title='bbox 2449 3348 2606 3403; x_wconf 87' lang='grc' dir='ltr'>τοῦτο</span> <span class='ocrx_word' id='word_1_558' title='bbox 2633 3347 2689 3400; x_wconf 82' lang='grc' dir='ltr'>δὲ</span> <span class='ocrx_word' id='word_1_559' title='bbox 2711 3340 2778 3416; x_wconf 79' lang='grc' dir='ltr'><strong>ἦν</strong></span> <span class='ocrx_word' id='word_1_560' title='bbox 2805 3344 2905 3397; x_wconf 80' lang='grc' dir='ltr'><strong>οὐκ</strong></span> <span class='ocrx_word' id='word_1_561' title='bbox 2932 3343 3039 3408; x_wconf 67' lang='grc' dir='ltr'>ἀεὶ,</span> <span class='ocrx_word' id='word_1_562' title='bbox 3069 3336 3137 3410; x_wconf 80' lang='grc' dir='ltr'><strong>ἦν</strong></span> <span class='ocrx_word' id='word_1_563' title='bbox 3182 3339 3290 3408; x_wconf 84' lang='grc' dir='ltr'>ἄρα</span> <span class='ocrx_word' id='word_1_564' title='bbox 3331 3334 3520 3406; x_wconf 79' lang='grc' dir='ltr'>χρόνος</span> <span class='ocrx_word' id='word_1_565' title='bbox 3562 3335 3651 3386; x_wconf 77' lang='grc' dir='ltr'><strong>ὅτε</strong></span> <span class='ocrx_word' id='word_1_566' title='bbox 3697 3331 3761 3385; x_wconf 79' lang='grc' dir='ltr'><strong>τὸ</strong></span> 
     </span>
    </p>
   </div>
   <div class='ocr_carea' id='block_1_76' title="bbox 2184 3423 3760 3512">
    <p class='ocr_par' dir='ltr' id='par_1_76' title="bbox 2184 3423 3760 3512">
     <span class='ocr_line' id='line_1_76' title="bbox 2184 3423 3760 3512; baseline -0.014 -11"><span class='ocrx_word' id='word_1_567' title='bbox 2184 3444 2348 3500; x_wconf 79' lang='grc' dir='ltr'>καλὸν</span> <span class='ocrx_word' id='word_1_568' title='bbox 2371 3444 2471 3497; x_wconf 79' lang='grc' dir='ltr'>οὐκ</span> <span class='ocrx_word' id='word_1_569' title='bbox 2495 3437 2562 3512; x_wconf 82' lang='grc' dir='ltr'><strong>ἦν</strong></span> <span class='ocrx_word' id='word_1_570' title='bbox 2585 3443 2640 3493; x_wconf 82' lang='grc' dir='ltr'>ὲν</span> <span class='ocrx_word' id='word_1_571' title='bbox 2669 3437 2808 3508; x_wconf 80' lang='grc' dir='ltr'>Θεῷ.</span> <span class='ocrx_word' id='word_1_572' title='bbox 2841 3437 2903 3489; x_wconf 83' lang='lat' dir='ltr'><strong>Ei</strong></span> <span class='ocrx_word' id='word_1_573' title='bbox 2938 3435 2994 3488; x_wconf 82' lang='grc' dir='ltr'>δὲ</span> <span class='ocrx_word' id='word_1_574' title='bbox 3027 3432 3183 3486; x_wconf 86' lang='grc' dir='ltr'>τοῦτο</span> <span class='ocrx_word' id='word_1_575' title='bbox 3223 3431 3522 3499; x_wconf 70' lang='grc' dir='ltr'>δύσφημον,</span> <span class='ocrx_word' id='word_1_576' title='bbox 3553 3423 3621 3498; x_wconf 77' lang='grc' dir='ltr'>ἦν</span> <span class='ocrx_word' id='word_1_577' title='bbox 3649 3425 3760 3495; x_wconf 78' lang='grc' dir='ltr'>ἄρα</span> 
     </span>
    </p>
   </div>
   <div class='ocr_carea' id='block_1_77' title="bbox 2183 3513 3760 3606">
    <p class='ocr_par' dir='ltr' id='par_1_77' title="bbox 2183 3513 3760 3606">
     <span class='ocr_line' id='line_1_77' title="bbox 2183 3513 3760 3606; baseline -0.015 -16"><span class='ocrx_word' id='word_1_578' title='bbox 2183 3537 2271 3602; x_wconf 76' lang='grc' dir='ltr'><strong>ἀεὶ</strong></span> <span class='ocrx_word' id='word_1_579' title='bbox 2302 3535 2513 3606; x_wconf 83' lang='grc' dir='ltr'>Πατὴρ,</span> <span class='ocrx_word' id='word_1_580' title='bbox 2549 3531 2678 3585; x_wconf 80' lang='grc' dir='ltr'>Υίοῦ</span> <span class='ocrx_word' id='word_1_581' title='bbox 2709 3527 2948 3596; x_wconf 79' lang='grc' dir='ltr'>δηλονότι</span> <span class='ocrx_word' id='word_1_582' title='bbox 2979 3523 3432 3592; x_wconf 66' lang='grc' dir='ltr'>συνυπάρχοντοςο</span> <span class='ocrx_word' id='word_1_583' title='bbox 3465 3518 3524 3571; x_wconf 82' lang='grc' dir='ltr'><strong>οὺ</strong></span> <span class='ocrx_word' id='word_1_584' title='bbox 3554 3517 3662 3586; x_wconf 83' lang='grc' dir='ltr'><strong>γὰρ</strong></span> <span class='ocrx_word' id='word_1_585' title='bbox 3692 3513 3760 3568; x_wconf 80' lang='grc' dir='ltr'>ἂν</span> 
     </span>
    </p>
   </div>
   <div class='ocr_carea' id='block_1_78' title="bbox 2183 3607 3764 3698">
    <p class='ocr_par' dir='ltr' id='par_1_78' title="bbox 2183 3607 3764 3698">
     <span class='ocr_line' id='line_1_78' title="bbox 2183 3607 3764 3698; baseline -0.016 -16"><span class='ocrx_word' id='word_1_586' title='bbox 2183 3628 2270 3698; x_wconf 82' lang='grc' dir='ltr'>εἴη</span> <span class='ocrx_word' id='word_1_587' title='bbox 2304 3625 2494 3696; x_wconf 80' lang='grc' dir='ltr'>Πατὴρ</span> <span class='ocrx_word' id='word_1_588' title='bbox 2525 3623 2626 3678; x_wconf 77' lang='grc' dir='ltr'>οὐκ</span> <span class='ocrx_word' id='word_1_589' title='bbox 2682 3622 2834 3682; x_wconf 72' lang='grc' dir='ltr'>ὄντος</span> <span class='ocrx_word' id='word_1_590' title='bbox 2872 3616 3024 3672; x_wconf 83' lang='grc' dir='ltr'>Υίοῦ.</span> <span class='ocrx_word' id='word_1_591' title='bbox 3073 3616 3136 3669; x_wconf 78' lang='grc' dir='ltr'><strong>ΕΞ</strong></span> <span class='ocrx_word' id='word_1_592' title='bbox 3189 3613 3245 3666; x_wconf 84' lang='grc' dir='ltr'><em>δέ</em></span> <span class='ocrx_word' id='word_1_593' title='bbox 3279 3629 3361 3674; x_wconf 88' lang='grc' dir='ltr'><strong>τις</strong></span> <span class='ocrx_word' id='word_1_594' title='bbox 3393 3607 3764 3698; x_wconf 79' lang='grc' dir='ltr'><strong>ἀνθυποφέρει</strong></span> 
     </span>
    </p>
   </div>
   <div class='ocr_carea' id='block_1_79' title="bbox 2182 3697 3757 3787">
    <p class='ocr_par' dir='ltr' id='par_1_79' title="bbox 2182 3697 3757 3787">
     <span class='ocr_line' id='line_1_79' title="bbox 2182 3697 3757 3787; baseline -0.015 -15"><span class='ocrx_word' id='word_1_595' title='bbox 2182 3697 2375 3787; x_wconf 60' lang='grc' dir='ltr'><strong>λέγων·</strong></span> <span class='ocrx_word' id='word_1_596' title='bbox 2407 3716 2530 3786; x_wconf 78' lang='grc' dir='ltr'><strong>Ἀρ⁹</strong></span> <span class='ocrx_word' id='word_1_597' title='bbox 2556 3709 2649 3768; x_wconf 76' lang='grc' dir='ltr'><strong>οὖν</strong></span> <span class='ocrx_word' id='word_1_598' title='bbox 2675 3710 2860 3782; x_wconf 77' lang='grc' dir='ltr'>ἐπειδὴ</span> <span class='ocrx_word' id='word_1_599' title='bbox 2888 3709 3030 3762; x_wconf 70' lang='grc' dir='ltr'>κατὰ</span> <span class='ocrx_word' id='word_1_600' title='bbox 3061 3705 3220 3776; x_wconf 80' lang='grc' dir='ltr'>φύσιν</span> <span class='ocrx_word' id='word_1_601' title='bbox 3247 3703 3361 3756; x_wconf 72' lang='grc' dir='ltr'>ἐστὶ</span> <span class='ocrx_word' id='word_1_602' title='bbox 3403 3700 3499 3754; x_wconf 68' lang='grc' dir='ltr'>καὶ</span> <span class='ocrx_word' id='word_1_603' title='bbox 3526 3697 3757 3768; x_wconf 80' lang='grc' dir='ltr'>ποιητὴς</span> 
     </span>
    </p>
   </div>
   <div class='ocr_carea' id='block_1_80' title="bbox 2181 3789 3763 3876">
    <p class='ocr_par' dir='ltr' id='par_1_80' title="bbox 2181 3789 3763 3876">
     <span class='ocr_line' id='line_1_80' title="bbox 2181 3789 3763 3876; baseline -0.016 -12"><span class='ocrx_word' id='word_1_604' title='bbox 2181 3814 2210 3866; x_wconf 90' lang='lat'><strong>6</strong></span> <span class='ocrx_word' id='word_1_605' title='bbox 2242 3810 2394 3872; x_wconf 86' lang='grc' dir='ltr'>Θεὸς,</span> <span class='ocrx_word' id='word_1_606' title='bbox 2433 3803 2501 3876; x_wconf 77' lang='grc' dir='ltr'><strong>ἦν</strong></span> <span class='ocrx_word' id='word_1_607' title='bbox 2523 3805 2613 3861; x_wconf 77' lang='grc' dir='ltr'>ἀεὶ</span> <span class='ocrx_word' id='word_1_608' title='bbox 2644 3805 2710 3859; x_wconf 75' lang='grc' dir='ltr'>τὰ</span> <span class='ocrx_word' id='word_1_609' title='bbox 2739 3805 3038 3874; x_wconf 85' lang='grc' dir='ltr'>ποιήματα·</span> <span class='ocrx_word' id='word_1_610' title='bbox 3066 3799 3158 3852; x_wconf 68' lang='grc' dir='ltr'><strong>καὶ</strong></span> <span class='ocrx_word' id='word_1_611' title='bbox 3200 3795 3358 3849; x_wconf 87' lang='grc' dir='ltr'>τοῦτο</span> <span class='ocrx_word' id='word_1_612' title='bbox 3395 3793 3574 3860; x_wconf 82' lang='grc' dir='ltr'>λέγειν</span> <span class='ocrx_word' id='word_1_613' title='bbox 3613 3789 3763 3860; x_wconf 80' lang='grc' dir='ltr'>ἡμᾶς-</span> 
     </span>
    </p>
   </div>
   <div class='ocr_carea' id='block_1_81' title="bbox 2183 3877 3759 3967">
    <p class='ocr_par' dir='ltr' id='par_1_81' title="bbox 2183 3877 3759 3967">
     <span class='ocr_line' id='line_1_81' title="bbox 2183 3877 3759 3967; baseline -0.015 -14"><span class='ocrx_word' id='word_1_614' title='bbox 2183 3901 2499 3967; x_wconf 86' lang='grc' dir='ltr'>ἀναγκαῖον,</span> <span class='ocrx_word' id='word_1_615' title='bbox 2529 3897 2616 3948; x_wconf 86' lang='grc' dir='ltr'>ἴνα</span> <span class='ocrx_word' id='word_1_616' title='bbox 2651 3893 2724 3965; x_wconf 85' lang='grc' dir='ltr'>μὴ</span> <span class='ocrx_word' id='word_1_617' title='bbox 2754 3892 2978 3962; x_wconf 76' lang='grc' dir='ltr'>ὕστερον</span> <span class='ocrx_word' id='word_1_618' title='bbox 3008 3887 3320 3956; x_wconf 73' lang='grc' dir='ltr'>ὲπιγεγονὸς</span> <span class='ocrx_word' id='word_1_619' title='bbox 3369 3882 3447 3953; x_wconf 81' lang='grc' dir='ltr'>τῷ</span> <span class='ocrx_word' id='word_1_620' title='bbox 3484 3881 3603 3952; x_wconf 81' lang='grc' dir='ltr'><strong>Θεῷ</strong></span> <span class='ocrx_word' id='word_1_621' title='bbox 3637 3877 3759 3946; x_wconf 56' lang='grc' dir='ltr'>φαίδ-</span> 
     </span>
    </p>
   </div>
   <div class='ocr_carea' id='block_1_82' title="bbox 2183 3969 3759 4061">
    <p class='ocr_par' dir='ltr' id='par_1_82' title="bbox 2183 3969 3759 4061">
     <span class='ocr_line' id='line_1_82' title="bbox 2183 3969 3759 4061; baseline -0.015 -18"><span class='ocrx_word' id='word_1_622' title='bbox 2183 4008 2340 4061; x_wconf 28' lang='grc' dir='ltr'>νητιαι</span> <span class='ocrx_word' id='word_1_623' title='bbox 2373 3988 2433 4042; x_wconf 81' lang='grc' dir='ltr'><strong>τὸ</strong></span> <span class='ocrx_word' id='word_1_624' title='bbox 2486 3981 2624 4040; x_wconf 78' lang='grc' dir='ltr'>εἶναι</span> <span class='ocrx_word' id='word_1_625' title='bbox 2656 3983 2904 4056; x_wconf 83' lang='grc' dir='ltr'>ποιητὴν,</span> <span class='ocrx_word' id='word_1_626' title='bbox 2939 3981 3033 4035; x_wconf 69' lang='grc' dir='ltr'><strong>καὶ</strong></span> <span class='ocrx_word' id='word_1_627' title='bbox 3085 3977 3256 4042; x_wconf 77' lang='grc' dir='ltr'>δόξειὲ</span> <span class='ocrx_word' id='word_1_628' title='bbox 3298 3993 3381 4038; x_wconf 89' lang='grc' dir='ltr'><strong>τις</strong></span> <span class='ocrx_word' id='word_1_629' title='bbox 3422 3973 3596 4042; x_wconf 82' lang='grc' dir='ltr'>τροπὴ</span> <span class='ocrx_word' id='word_1_630' title='bbox 3632 3969 3759 4061; x_wconf 51' lang='grc' dir='ltr'>περι</span> 
     </span>
    </p>
   </div>
   <div class='ocr_carea' id='block_1_83' title="bbox 2182 4059 3760 4152">
    <p class='ocr_par' dir='ltr' id='par_1_83' title="bbox 2182 4059 3760 4152">
     <span class='ocr_line' id='line_1_83' title="bbox 2182 4059 3760 4152; baseline -0.016 -17"><span class='ocrx_word' id='word_1_631' title='bbox 2182 4059 2280 4152; x_wconf 68' lang='grc' dir='ltr'><strong>την</strong></span> <span class='ocrx_word' id='word_1_632' title='bbox 2309 4080 2457 4133; x_wconf 74' lang='grc' dir='ltr'>θείαν</span> <span class='ocrx_word' id='word_1_633' title='bbox 2479 4077 2722 4147; x_wconf 87' lang='grc' dir='ltr'>γίνεσθαι</span> <span class='ocrx_word' id='word_1_634' title='bbox 2766 4073 2950 4143; x_wconf 79' lang='grc' dir='ltr'>φύσιν·</span> <span class='ocrx_word' id='word_1_635' title='bbox 3000 4071 3156 4124; x_wconf 83' lang='grc' dir='ltr'>τοῦτο</span> <span class='ocrx_word' id='word_1_636' title='bbox 3217 4067 3324 4137; x_wconf 83' lang='grc' dir='ltr'>γὰρ</span> <span class='ocrx_word' id='word_1_637' title='bbox 3381 4065 3642 4133; x_wconf 79' lang='grc' dir='ltr'>ἐλέγομεν</span> <span class='ocrx_word' id='word_1_638' title='bbox 3668 4059 3760 4152; x_wconf 77' lang='grc' dir='ltr'>ἐπὶ</span> 
     </span>
    </p>
   </div>
   <div class='ocr_carea' id='block_1_84' title="bbox 2183 4151 3760 4235">
    <p class='ocr_par' dir='ltr' id='par_1_84' title="bbox 2183 4151 3760 4235">
     <span class='ocr_line' id='line_1_84' title="bbox 2183 4151 3760 4235; baseline -0.017 -6"><span class='ocrx_word' id='word_1_639' title='bbox 2183 4151 2276 4229; x_wconf 82' lang='grc' dir='ltr'>τοῦ</span> <span class='ocrx_word' id='word_1_640' title='bbox 2300 4172 2453 4227; x_wconf 89' lang='grc' dir='ltr'>Υίοῦ.</span> <span class='ocrx_word' id='word_1_641' title='bbox 2491 4172 2564 4224; x_wconf 86' lang='grc' dir='ltr'>Ἢ</span> <span class='ocrx_word' id='word_1_642' title='bbox 2589 4170 2680 4222; x_wconf 67' lang='grc' dir='ltr'><strong>καὶ</strong></span> <span class='ocrx_word' id='word_1_643' title='bbox 2724 4166 2844 4221; x_wconf 83' lang='grc' dir='ltr'>καθ’</span> <span class='ocrx_word' id='word_1_644' title='bbox 2877 4165 3062 4235; x_wconf 78' lang='grc' dir='ltr'>ἕτερον</span> <span class='ocrx_word' id='word_1_645' title='bbox 3099 4161 3322 4232; x_wconf 82' lang='grc' dir='ltr'><strong>τρόπον·</strong></span> <span class='ocrx_word' id='word_1_646' title='bbox 3363 4155 3550 4224; x_wconf 74' lang='grc' dir='ltr'>ἐπειδὴ</span> <span class='ocrx_word' id='word_1_647' title='bbox 3595 4151 3760 4206; x_wconf 82' lang='grc' dir='ltr'>καλὸν</span> 
     </span>
    </p>
   </div>
   <div class='ocr_carea' id='block_1_85' title="bbox 2183 4243 3758 4330">
    <p class='ocr_par' dir='ltr' id='par_1_85' title="bbox 2183 4243 3758 4330">
     <span class='ocr_line' id='line_1_85' title="bbox 2183 4243 3758 4330; baseline -0.015 -10"><span class='ocrx_word' id='word_1_648' title='bbox 2183 4267 2243 4327; x_wconf 76' lang='grc' dir='ltr'><strong>τὸ</strong></span> <span class='ocrx_word' id='word_1_649' title='bbox 2267 4264 2472 4330; x_wconf 79' lang='grc' dir='ltr'><strong>κτίζειν</strong></span> <span class='ocrx_word' id='word_1_650' title='bbox 2508 4262 2602 4317; x_wconf 74' lang='grc' dir='ltr'><strong>καὶ</strong></span> <span class='ocrx_word' id='word_1_651' title='bbox 2640 4261 2832 4322; x_wconf 85' lang='grc' dir='ltr'>ποιεῖν,</span> <span class='ocrx_word' id='word_1_652' title='bbox 2861 4253 2929 4326; x_wconf 80' lang='grc' dir='ltr'>ἦν</span> <span class='ocrx_word' id='word_1_653' title='bbox 2981 4256 3067 4309; x_wconf 76' lang='grc' dir='ltr'><strong>ἀεὶ</strong></span> <span class='ocrx_word' id='word_1_654' title='bbox 3125 4254 3195 4306; x_wconf 76' lang='grc' dir='ltr'>τὰ</span> <span class='ocrx_word' id='word_1_655' title='bbox 3230 4251 3531 4320; x_wconf 80' lang='grc' dir='ltr'>ποιήματα,</span> <span class='ocrx_word' id='word_1_656' title='bbox 3557 4247 3642 4299; x_wconf 81' lang='grc' dir='ltr'><strong>ἵνα</strong></span> <span class='ocrx_word' id='word_1_657' title='bbox 3684 4243 3758 4313; x_wconf 84' lang='grc' dir='ltr'>μὴ</span> 
     </span>
    </p>
   </div>
   <div class='ocr_carea' id='block_1_86' title="bbox 2184 4336 3761 4428">
    <p class='ocr_par' dir='ltr' id='par_1_86' title="bbox 2184 4336 3761 4428">
     <span class='ocr_line' id='line_1_86' title="bbox 2184 4336 3761 4428; baseline -0.015 -15"><span class='ocrx_word' id='word_1_658' title='bbox 2184 4358 2440 4428; x_wconf 80' lang='grc' dir='ltr'>φαίνηταί</span> <span class='ocrx_word' id='word_1_659' title='bbox 2464 4371 2595 4408; x_wconf 87' lang='grc' dir='ltr'>ποτε</span> <span class='ocrx_word' id='word_1_660' title='bbox 2649 4352 2722 4424; x_wconf 78' lang='grc' dir='ltr'>μὴ</span> <span class='ocrx_word' id='word_1_661' title='bbox 2745 4350 2804 4403; x_wconf 80' lang='grc' dir='ltr'><strong>ὃν</strong></span> <span class='ocrx_word' id='word_1_662' title='bbox 2839 4351 2896 4402; x_wconf 80' lang='grc' dir='ltr'>ὲν</span> <span class='ocrx_word' id='word_1_663' title='bbox 2937 4347 3054 4417; x_wconf 82' lang='grc' dir='ltr'>Θεῷ</span> <span class='ocrx_word' id='word_1_664' title='bbox 3104 4346 3162 4398; x_wconf 85' lang='grc' dir='ltr'><strong>τὸ</strong></span> <span class='ocrx_word' id='word_1_665' title='bbox 3203 4344 3385 4398; x_wconf 85' lang='grc' dir='ltr'>καλόν.</span> <span class='ocrx_word' id='word_1_666' title='bbox 3417 4341 3560 4410; x_wconf 82' lang='grc' dir='ltr'>Πρὸς</span> <span class='ocrx_word' id='word_1_667' title='bbox 3585 4336 3761 4390; x_wconf 83' lang='grc' dir='ltr'>ταῦτα</span> 
     </span>
    </p>
   </div>
   <div class='ocr_carea' id='block_1_87' title="bbox 2185 4430 3758 4520">
    <p class='ocr_par' dir='ltr' id='par_1_87' title="bbox 2185 4430 3758 4520">
     <span class='ocr_line' id='line_1_87' title="bbox 2185 4430 3758 4520; baseline -0.012 -21"><span class='ocrx_word' id='word_1_668' title='bbox 2185 4449 2290 4520; x_wconf 83' lang='grc' dir='ltr'><strong>χρὴ</strong></span> <span class='ocrx_word' id='word_1_669' title='bbox 2321 4447 2508 4509; x_wconf 84' lang='grc' dir='ltr'>τοῦτον</span> <span class='ocrx_word' id='word_1_670' title='bbox 2531 4445 2840 4513; x_wconf 84' lang='grc' dir='ltr'>ὑπαντῆσαι</span> <span class='ocrx_word' id='word_1_671' title='bbox 2867 4442 2956 4495; x_wconf 85' lang='grc' dir='ltr'><strong>τὸν</strong></span> <span class='ocrx_word' id='word_1_672' title='bbox 2991 4441 3209 4510; x_wconf 84' lang='grc' dir='ltr'>τρόπον·</span> <span class='ocrx_word' id='word_1_673' title='bbox 3234 4438 3360 4500; x_wconf 78' lang='grc' dir='ltr'>Υἱὸς</span> <span class='ocrx_word' id='word_1_674' title='bbox 3386 4435 3478 4487; x_wconf 75' lang='grc' dir='ltr'>καὶ</span> <span class='ocrx_word' id='word_1_675' title='bbox 3513 4430 3723 4520; x_wconf 87' lang='grc' dir='ltr'>ποίημα</span> <span class='ocrx_word' id='word_1_676' title='bbox 3742 4468 3758 4493; x_wconf 93' lang='grc'>,</span> 
     </span>
    </p>
   </div>
   <div class='ocr_carea' id='block_1_88' title="bbox 510 4518 2078 4608">
    <p class='ocr_par' dir='ltr' id='par_1_88' title="bbox 510 4528 2078 4598">
     <span class='ocr_line' id='line_1_88' title="bbox 510 4528 2078 4598; baseline 0.004 -17"><span class='ocrx_word' id='word_1_677' title='bbox 510 4543 724 4598; x_wconf 88' lang='lat' dir='ltr'><strong>semper</strong></span> <span class='ocrx_word' id='word_1_678' title='bbox 756 4538 1041 4592; x_wconf 65' lang='lat' dir='ltr'><strong>creaturae,</strong></span> <span class='ocrx_word' id='word_1_679' title='bbox 1072 4543 1138 4582; x_wconf 88' lang='lat' dir='ltr'><strong>ne</strong></span> <span class='ocrx_word' id='word_1_680' title='bbox 1178 4528 1230 4582; x_wconf 87' lang='lat' dir='ltr'><strong>id</strong></span> <span class='ocrx_word' id='word_1_681' title='bbox 1256 4529 1399 4597; x_wconf 89' lang='lat' dir='ltr'><strong>quod</strong></span> <span class='ocrx_word' id='word_1_682' title='bbox 1450 4529 1646 4582; x_wconf 90' lang='lat' dir='ltr'><strong>bonum</strong></span> <span class='ocrx_word' id='word_1_683' title='bbox 1683 4540 1786 4595; x_wconf 90' lang='lat' dir='ltr'><strong>est,</strong></span> <span class='ocrx_word' id='word_1_684' title='bbox 1837 4533 2078 4587; x_wconf 82' lang='lat' dir='ltr'><strong>videatur</strong></span> 
     </span>
    </p>
   </div>
   <div class='ocr_carea' id='block_1_89' title="bbox 2184 4518 3761 4608">
    <p class='ocr_par' dir='ltr' id='par_1_89' title="bbox 2188 4518 3761 4608">
     <span class='ocr_line' id='line_1_89' title="bbox 2188 4518 3761 4608; baseline -0.013 -17"><span class='ocrx_word' id='word_1_685' title='bbox 2188 4518 2322 4592; x_wconf 57' lang='grc' dir='ltr'>πολὺ</span> <span class='ocrx_word' id='word_1_686' title='bbox 2350 4538 2447 4607; x_wconf 78' lang='grc' dir='ltr'><strong>τῆς</strong></span> <span class='ocrx_word' id='word_1_687' title='bbox 2469 4535 2603 4608; x_wconf 77' lang='grc' dir='ltr'>πρὸς</span> <span class='ocrx_word' id='word_1_688' title='bbox 2629 4535 2835 4605; x_wconf 79' lang='grc' dir='ltr'>ἄλληλα</span> <span class='ocrx_word' id='word_1_689' title='bbox 2859 4529 3142 4592; x_wconf 88' lang='grc' dir='ltr'>κοινωνίας</span> <span class='ocrx_word' id='word_1_690' title='bbox 3182 4526 3512 4596; x_wconf 79' lang='grc' dir='ltr'>ἀπῴκισται,</span> <span class='ocrx_word' id='word_1_691' title='bbox 3553 4518 3648 4574; x_wconf 69' lang='grc' dir='ltr'><strong>καὶ</strong></span> <span class='ocrx_word' id='word_1_692' title='bbox 3669 4521 3761 4571; x_wconf 77' lang='grc' dir='ltr'><strong>οὐ·</strong></span> 
     </span>
    </p>
   </div>
   <div class='ocr_carea' id='block_1_90' title="bbox 510 4617 2077 4688">
    <p class='ocr_par' dir='ltr' id='par_1_90' title="bbox 510 4617 2077 4688">
     <span class='ocr_line' id='line_1_90' title="bbox 510 4617 2077 4688; baseline 0.004 -16"><span class='ocrx_word' id='word_1_693' title='bbox 510 4619 800 4687; x_wconf 87' lang='lat' dir='ltr'><strong>aliquando</strong></span> <span class='ocrx_word' id='word_1_694' title='bbox 824 4619 877 4671; x_wconf 91' lang='lat' dir='ltr'><strong>in</strong></span> <span class='ocrx_word' id='word_1_695' title='bbox 943 4619 1050 4672; x_wconf 83' lang='lat' dir='ltr'><strong>Deo</strong></span> <span class='ocrx_word' id='word_1_696' title='bbox 1103 4634 1206 4672; x_wconf 91' lang='lat' dir='ltr'><strong>non</strong></span> <span class='ocrx_word' id='word_1_697' title='bbox 1239 4619 1423 4673; x_wconf 85' lang='lat' dir='ltr'><strong>fuisse.</strong></span> <span class='ocrx_word' id='word_1_698' title='bbox 1485 4617 1621 4673; x_wconf 85' lang='lat' dir='ltr'><strong>Huic</strong></span> <span class='ocrx_word' id='word_1_699' title='bbox 1667 4620 1956 4688; x_wconf 84' lang='lat' dir='ltr'><strong>objectioni</strong></span> <span class='ocrx_word' id='word_1_700' title='bbox 2007 4624 2077 4678; x_wconf 90' lang='lat' dir='ltr'><strong>ita</strong></span> 
     </span>
    </p>
   </div>
   <div class='ocr_carea' id='block_1_91' title="bbox 507 4709 2078 4779">
    <p class='ocr_par' dir='ltr' id='par_1_91' title="bbox 507 4709 2078 4779">
     <span class='ocr_line' id='line_1_91' title="bbox 507 4709 2078 4779; baseline 0.004 -15"><span class='ocrx_word' id='word_1_701' title='bbox 507 4710 907 4765; x_wconf 82' lang='lat' dir='ltr'><strong>occurrendum</strong></span> <span class='ocrx_word' id='word_1_702' title='bbox 938 4720 1022 4764; x_wconf 90' lang='lat' dir='ltr'><strong>est</strong></span> <span class='ocrx_word' id='word_1_703' title='bbox 1048 4727 1063 4765; x_wconf 93' lang='lat'><strong>:</strong></span> <span class='ocrx_word' id='word_1_704' title='bbox 1097 4709 1269 4763; x_wconf 83' lang='lat' dir='ltr'><strong>Filius</strong></span> <span class='ocrx_word' id='word_1_705' title='bbox 1307 4719 1362 4764; x_wconf 90' lang='lat' dir='ltr'><strong>et</strong></span> <span class='ocrx_word' id='word_1_706' title='bbox 1393 4725 1528 4779; x_wconf 90' lang='lat' dir='ltr'><strong>opus</strong></span> <span class='ocrx_word' id='word_1_707' title='bbox 1556 4711 1821 4768; x_wconf 90' lang='lat' dir='ltr'><strong>iuunenso</strong></span> <span class='ocrx_word' id='word_1_708' title='bbox 1851 4715 1992 4770; x_wconf 88' lang='lat' dir='ltr'><strong>inter</strong></span> <span class='ocrx_word' id='word_1_709' title='bbox 2019 4732 2078 4772; x_wconf 89' lang='lat' dir='ltr'><strong>se</strong></span> 
     </span>
    </p>
   </div>
   <div class='ocr_carea' id='block_1_92' title="bbox 508 4786 2078 4872">
    <p class='ocr_par' dir='ltr' id='par_1_92' title="bbox 508 4786 2078 4872">
     <span class='ocr_line' id='line_1_92' title="bbox 508 4786 2078 4872; baseline -0.017 -14"><span class='ocrx_word' id='word_1_710' title='bbox 508 4801 792 4858; x_wconf 87' lang='lat' dir='ltr'><strong>intervallo</strong></span> <span class='ocrx_word' id='word_1_711' title='bbox 851 4802 1136 4865; x_wconf 89' lang='lat' dir='ltr'><strong>dissident,</strong></span> <span class='ocrx_word' id='word_1_712' title='bbox 1198 4816 1374 4868; x_wconf 88' lang='lat' dir='ltr'><strong>neque</strong></span> <span class='ocrx_word' id='word_1_713' title='bbox 1435 4803 1726 4871; x_wconf 66' lang='lat' dir='ltr'><strong>quidquam</strong></span> <span class='ocrx_word' id='word_1_714' title='bbox 1772 4786 2078 4872; x_wconf 45' lang='lat' dir='ltr'><strong>“muniens</strong></span> 
     </span>
    </p>
   </div>
   <div class='ocr_carea' id='block_1_93' title="bbox 507 4891 2078 4968">
    <p class='ocr_par' dir='ltr' id='par_1_93' title="bbox 507 4891 2078 4968">
     <span class='ocr_line' id='line_1_93' title="bbox 507 4891 2078 4968; baseline 0.004 -20"><span class='ocrx_word' id='word_1_715' title='bbox 507 4894 796 4950; x_wconf 88' lang='lat' dir='ltr'><strong>intercedit</strong></span> <span class='ocrx_word' id='word_1_716' title='bbox 835 4912 847 4948; x_wconf 94' lang='lat'><strong>:</strong></span> <span class='ocrx_word' id='word_1_717' title='bbox 890 4891 1063 4948; x_wconf 85' lang='lat' dir='ltr'><strong>Filius</strong></span> <span class='ocrx_word' id='word_1_718' title='bbox 1113 4893 1255 4946; x_wconf 88' lang='lat' dir='ltr'><strong>enim</strong></span> <span class='ocrx_word' id='word_1_719' title='bbox 1282 4908 1348 4946; x_wconf 75' lang='lat' dir='ltr'><strong>ex</strong></span> <span class='ocrx_word' id='word_1_720' title='bbox 1393 4891 1692 4966; x_wconf 86' lang='lat' dir='ltr'><strong>substantia</strong></span> <span class='ocrx_word' id='word_1_721' title='bbox 1750 4894 1928 4952; x_wconf 84' lang='lat' dir='ltr'><strong>Patris</strong></span> <span class='ocrx_word' id='word_1_722' title='bbox 1961 4915 2078 4968; x_wconf 90' lang='lat' dir='ltr'><strong>pro-</strong></span> 
     </span>
    </p>
   </div>
   <div class='ocr_carea' id='block_1_94' title="bbox 507 4985 2078 5056">
    <p class='ocr_par' dir='ltr' id='par_1_94' title="bbox 507 4985 2078 5056">
     <span class='ocr_line' id='line_1_94' title="bbox 507 4985 2078 5056; baseline 0.004 -18"><span class='ocrx_word' id='word_1_723' title='bbox 507 5003 746 5056; x_wconf 83' lang='lat' dir='ltr'><strong>gressus,</strong></span> <span class='ocrx_word' id='word_1_724' title='bbox 775 4986 958 5040; x_wconf 90' lang='lat' dir='ltr'><strong>statim</strong></span> <span class='ocrx_word' id='word_1_725' title='bbox 1001 4999 1123 5038; x_wconf 88' lang='lat' dir='ltr'><strong>eum</strong></span> <span class='ocrx_word' id='word_1_726' title='bbox 1179 4985 1474 5056; x_wconf 89' lang='lat' dir='ltr'><strong>genitorem</strong></span> <span class='ocrx_word' id='word_1_727' title='bbox 1519 5001 1640 5040; x_wconf 86' lang='lat' dir='ltr'><strong>esse</strong></span> <span class='ocrx_word' id='word_1_728' title='bbox 1683 4990 1940 5045; x_wconf 88' lang='lat' dir='ltr'><strong>ostendit.</strong></span> <span class='ocrx_word' id='word_1_729' title='bbox 1994 4990 2078 5046; x_wconf 85' lang='lat' dir='ltr'><strong>Sit</strong></span> 
     </span>
    </p>
   </div>
   <div class='ocr_carea' id='block_1_95' title="bbox 507 5078 2072 5148">
    <p class='ocr_par' dir='ltr' id='par_1_95' title="bbox 507 5078 2072 5148">
     <span class='ocr_line' id='line_1_95' title="bbox 507 5078 2072 5148; baseline 0.005 -17"><span class='ocrx_word' id='word_1_730' title='bbox 507 5089 689 5132; x_wconf 89' lang='lat' dir='ltr'><strong>autem</strong></span> <span class='ocrx_word' id='word_1_731' title='bbox 731 5079 894 5133; x_wconf 79' lang='lat' dir='ltr'><strong>veluti</strong></span> <span class='ocrx_word' id='word_1_732' title='bbox 927 5079 993 5133; x_wconf 91' lang='lat' dir='ltr'><strong>de</strong></span> <span class='ocrx_word' id='word_1_733' title='bbox 1021 5078 1329 5132; x_wconf 87' lang='lat' dir='ltr'><strong>hominibus</strong></span> <span class='ocrx_word' id='word_1_734' title='bbox 1351 5094 1531 5132; x_wconf 90' lang='lat' dir='ltr'><strong>sermo</strong></span> <span class='ocrx_word' id='word_1_735' title='bbox 1557 5094 1571 5144; x_wconf 91' lang='lat'><strong>;</strong></span> <span class='ocrx_word' id='word_1_736' title='bbox 1608 5094 1742 5148; x_wconf 79' lang='lat' dir='ltr'><strong>Opus</strong></span> <span class='ocrx_word' id='word_1_737' title='bbox 1768 5097 1892 5136; x_wconf 87' lang='lat' dir='ltr'><strong>vero</strong></span> <span class='ocrx_word' id='word_1_738' title='bbox 1919 5096 2072 5140; x_wconf 79' lang='lat' dir='ltr'><strong>extra</strong></span> 
     </span>
    </p>
   </div>
   <div class='ocr_carea' id='block_1_96' title="bbox 504 5170 2068 5239">
    <p class='ocr_par' dir='ltr' id='par_1_96' title="bbox 504 5170 2068 5239">
     <span class='ocr_line' id='line_1_96' title="bbox 504 5170 2068 5239; baseline 0.004 -14"><span class='ocrx_word' id='word_1_739' title='bbox 504 5170 797 5225; x_wconf 79' lang='lat' dir='ltr'><strong>essentiam</strong></span> <span class='ocrx_word' id='word_1_740' title='bbox 824 5181 928 5232; x_wconf 88' lang='lat' dir='ltr'><strong>est,</strong></span> <span class='ocrx_word' id='word_1_741' title='bbox 952 5170 1174 5224; x_wconf 90' lang='lat' dir='ltr'><strong>omnino</strong></span> <span class='ocrx_word' id='word_1_742' title='bbox 1201 5179 1325 5224; x_wconf 90' lang='lat' dir='ltr'><strong>tunc</strong></span> <span class='ocrx_word' id='word_1_743' title='bbox 1356 5171 1602 5239; x_wconf 80' lang='lat' dir='ltr'><strong>epiﬂccm</strong></span> <span class='ocrx_word' id='word_1_744' title='bbox 1632 5173 1925 5229; x_wconf 80' lang='lat' dir='ltr'><strong>ostendens</strong></span> <span class='ocrx_word' id='word_1_745' title='bbox 1945 5191 2068 5230; x_wconf 88' lang='lat' dir='ltr'><strong>eum</strong></span> 
     </span>
    </p>
   </div>
   <div class='ocr_carea' id='block_1_97' title="bbox 509 5260 2078 5334">
    <p class='ocr_par' dir='ltr' id='par_1_97' title="bbox 509 5260 2078 5334">
     <span class='ocr_line' id='line_1_97' title="bbox 509 5260 2078 5334; baseline 0.003 -18"><span class='ocrx_word' id='word_1_746' title='bbox 509 5263 598 5331; x_wconf 88' lang='lat' dir='ltr'><strong>qui</strong></span> <span class='ocrx_word' id='word_1_747' title='bbox 631 5262 682 5315; x_wconf 88' lang='lat' dir='ltr'><strong>id</strong></span> <span class='ocrx_word' id='word_1_748' title='bbox 715 5260 861 5325; x_wconf 90' lang='lat' dir='ltr'><strong>fecit,</strong></span> <span class='ocrx_word' id='word_1_749' title='bbox 892 5262 1104 5330; x_wconf 84' lang='lat' dir='ltr'><strong>quando</strong></span> <span class='ocrx_word' id='word_1_750' title='bbox 1131 5261 1188 5315; x_wconf 85' lang='lat' dir='ltr'><strong>lit</strong></span> <span class='ocrx_word' id='word_1_751' title='bbox 1221 5279 1234 5314; x_wconf 90' lang='lat'><strong>:</strong></span> <span class='ocrx_word' id='word_1_752' title='bbox 1269 5271 1387 5315; x_wconf 90' lang='lat' dir='ltr'><strong>erat</strong></span> <span class='ocrx_word' id='word_1_753' title='bbox 1418 5263 1560 5316; x_wconf 87' lang='lat' dir='ltr'><strong>enim</strong></span> <span class='ocrx_word' id='word_1_754' title='bbox 1595 5265 1648 5317; x_wconf 93' lang='lat' dir='ltr'><strong>in</strong></span> <span class='ocrx_word' id='word_1_755' title='bbox 1709 5265 1822 5334; x_wconf 91' lang='lat' dir='ltr'><strong>ipso</strong></span> <span class='ocrx_word' id='word_1_756' title='bbox 1869 5281 1957 5321; x_wconf 87' lang='lat' dir='ltr'><strong>ars</strong></span> <span class='ocrx_word' id='word_1_757' title='bbox 2003 5267 2078 5322; x_wconf 85' lang='lat' dir='ltr'><strong>fa-</strong></span> 
     </span>
    </p>
   </div>
   <div class='ocr_carea' id='block_1_98' title="bbox 507 5353 2070 5424">
    <p class='ocr_par' dir='ltr' id='par_1_98' title="bbox 507 5353 2070 5424">
     <span class='ocr_line' id='line_1_98' title="bbox 507 5353 2070 5424; baseline 0.001 -14"><span class='ocrx_word' id='word_1_758' title='bbox 507 5353 708 5418; x_wconf 88' lang='lat' dir='ltr'><strong>ciendi,</strong></span> <span class='ocrx_word' id='word_1_759' title='bbox 729 5367 888 5420; x_wconf 87' lang='lat' dir='ltr'><strong>quam</strong></span> <span class='ocrx_word' id='word_1_760' title='bbox 915 5353 1135 5406; x_wconf 88' lang='lat' dir='ltr'><strong>omnino</strong></span> <span class='ocrx_word' id='word_1_761' title='bbox 1161 5353 1308 5421; x_wconf 88' lang='lat' dir='ltr'><strong>prius</strong></span> <span class='ocrx_word' id='word_1_762' title='bbox 1331 5353 1599 5407; x_wconf 79' lang='lat' dir='ltr'><strong>exstitisse</strong></span> <span class='ocrx_word' id='word_1_763' title='bbox 1623 5367 1833 5422; x_wconf 79' lang='lat' dir='ltr'><strong>Oportet</strong></span> <span class='ocrx_word' id='word_1_764' title='bbox 1866 5357 1930 5410; x_wconf 93' lang='lat' dir='ltr'><strong>iis</strong></span> <span class='ocrx_word' id='word_1_765' title='bbox 1962 5374 2070 5424; x_wconf 66' lang='lat' dir='ltr'><strong>qua</strong></span> 
     </span>
    </p>
   </div>
   <div class='ocr_carea' id='block_1_99' title="bbox 507 5447 2034 5524">
    <p class='ocr_par' dir='ltr' id='par_1_99' title="bbox 507 5447 2034 5524">
     <span class='ocr_line' id='line_1_99' title="bbox 507 5447 2034 5524; baseline -0.001 -17"><span class='ocrx_word' id='word_1_766' title='bbox 507 5468 603 5524; x_wconf 90' lang='lat' dir='ltr'><strong>per</strong></span> <span class='ocrx_word' id='word_1_767' title='bbox 627 5452 796 5520; x_wconf 89' lang='lat' dir='ltr'><strong>ipsam</strong></span> <span class='ocrx_word' id='word_1_768' title='bbox 851 5448 1027 5503; x_wconf 83' lang='lat' dir='ltr'><strong>ﬁunt:</strong></span> <span class='ocrx_word' id='word_1_769' title='bbox 1063 5447 1211 5516; x_wconf 91' lang='lat' dir='ltr'><strong>prius</strong></span> <span class='ocrx_word' id='word_1_770' title='bbox 1256 5448 1399 5503; x_wconf 88' lang='lat' dir='ltr'><strong>enim</strong></span> <span class='ocrx_word' id='word_1_771' title='bbox 1457 5448 1651 5516; x_wconf 87' lang='lat' dir='ltr'><strong>aliquis</strong></span> <span class='ocrx_word' id='word_1_772' title='bbox 1682 5452 1786 5504; x_wconf 89' lang='lat' dir='ltr'><strong>erit</strong></span> <span class='ocrx_word' id='word_1_773' title='bbox 1842 5452 2034 5506; x_wconf 77' lang='lat' dir='ltr'><strong>artifex</strong></span> 
     </span>
    </p>
   </div>
   <div class='ocr_carea' id='block_1_100' title="bbox 507 5538 2075 5611">
    <p class='ocr_par' dir='ltr' id='par_1_100' title="bbox 507 5538 2075 5611">
     <span class='ocr_line' id='line_1_100' title="bbox 507 5538 2075 5611; baseline -0.001 -15"><span class='ocrx_word' id='word_1_774' title='bbox 507 5541 698 5597; x_wconf 81' lang='lat' dir='ltr'><strong>deinde</strong></span> <span class='ocrx_word' id='word_1_775' title='bbox 719 5539 921 5611; x_wconf 76' lang='lat' dir='ltr'><strong>opifex.</strong></span> <span class='ocrx_word' id='word_1_776' title='bbox 951 5538 1086 5593; x_wconf 88' lang='lat' dir='ltr'><strong>Cum</strong></span> <span class='ocrx_word' id='word_1_777' title='bbox 1113 5538 1274 5607; x_wconf 81' lang='lat' dir='ltr'><strong>igitur</strong></span> <span class='ocrx_word' id='word_1_778' title='bbox 1305 5547 1512 5592; x_wconf 86' lang='lat' dir='ltr'><strong>tantum</strong></span> <span class='ocrx_word' id='word_1_779' title='bbox 1541 5540 1876 5598; x_wconf 88' lang='lat' dir='ltr'><strong>discriminis</strong></span> <span class='ocrx_word' id='word_1_780' title='bbox 1905 5545 2075 5596; x_wconf 84' lang='lat' dir='ltr'><strong>inter-</strong></span> 
     </span>
    </p>
   </div>
   <div class='ocr_carea' id='block_1_101' title="bbox 507 5629 2069 5703">
    <p class='ocr_par' dir='ltr' id='par_1_101' title="bbox 507 5629 2069 5703">
     <span class='ocr_line' id='line_1_101' title="bbox 507 5629 2069 5703; baseline -0.001 -14"><span class='ocrx_word' id='word_1_781' title='bbox 507 5633 738 5702; x_wconf 87' lang='lat' dir='ltr'><strong>positum</strong></span> <span class='ocrx_word' id='word_1_782' title='bbox 761 5633 850 5695; x_wconf 85' lang='lat' dir='ltr'><strong>sit,</strong></span> <span class='ocrx_word' id='word_1_783' title='bbox 879 5645 1112 5698; x_wconf 88' lang='lat' dir='ltr'><strong>cumque</strong></span> <span class='ocrx_word' id='word_1_784' title='bbox 1141 5629 1310 5685; x_wconf 84' lang='lat' dir='ltr'><strong>Filius</strong></span> <span class='ocrx_word' id='word_1_785' title='bbox 1341 5645 1448 5684; x_wconf 88' lang='lat' dir='ltr'><strong>una</strong></span> <span class='ocrx_word' id='word_1_786' title='bbox 1471 5645 1592 5684; x_wconf 90' lang='lat' dir='ltr'><strong>cum</strong></span> <span class='ocrx_word' id='word_1_787' title='bbox 1637 5629 1816 5688; x_wconf 87' lang='lat' dir='ltr'><strong>Patris</strong></span> <span class='ocrx_word' id='word_1_788' title='bbox 1837 5636 2069 5703; x_wconf 87' lang='lat' dir='ltr'><strong>appella-</strong></span> 
     </span>
    </p>
   </div>
   <div class='ocr_carea' id='block_1_102' title="bbox 508 5719 2077 5796">
    <p class='ocr_par' dir='ltr' id='par_1_102' title="bbox 508 5719 2077 5796">
     <span class='ocr_line' id='line_1_102' title="bbox 508 5719 2077 5796; baseline 0.003 -18"><span class='ocrx_word' id='word_1_789' title='bbox 508 5725 656 5778; x_wconf 87' lang='lat' dir='ltr'><strong>tione</strong></span> <span class='ocrx_word' id='word_1_790' title='bbox 690 5721 852 5776; x_wconf 87' lang='lat' dir='ltr'><strong>simul</strong></span> <span class='ocrx_word' id='word_1_791' title='bbox 893 5722 1058 5775; x_wconf 81' lang='lat' dir='ltr'><strong>etiam</strong></span> <span class='ocrx_word' id='word_1_792' title='bbox 1113 5719 1469 5789; x_wconf 79' lang='lat' dir='ltr'><strong>intelligatur,</strong></span> <span class='ocrx_word' id='word_1_793' title='bbox 1515 5721 1782 5792; x_wconf 82' lang='lat' dir='ltr'><strong>simulque</strong></span> <span class='ocrx_word' id='word_1_794' title='bbox 1833 5742 2077 5796; x_wconf 85' lang='lat' dir='ltr'><strong>compre—</strong></span> 
     </span>
    </p>
   </div>
   <div class='ocr_carea' id='block_1_103' title="bbox 513 5811 2077 5880">
    <p class='ocr_par' dir='ltr' id='par_1_103' title="bbox 513 5811 2077 5880">
     <span class='ocr_line' id='line_1_103' title="bbox 513 5811 2077 5880; baseline -0.002 -7"><span class='ocrx_word' id='word_1_795' title='bbox 513 5815 810 5880; x_wconf 79' lang='lat' dir='ltr'><strong>hendatur;</strong></span> <span class='ocrx_word' id='word_1_796' title='bbox 853 5811 1014 5870; x_wconf 86' lang='lat' dir='ltr'><strong>simul</strong></span> <span class='ocrx_word' id='word_1_797' title='bbox 1053 5811 1196 5868; x_wconf 84' lang='lat' dir='ltr'><strong>enim</strong></span> <span class='ocrx_word' id='word_1_798' title='bbox 1259 5826 1320 5867; x_wconf 83' lang='lat' dir='ltr'><strong>ac</strong></span> <span class='ocrx_word' id='word_1_799' title='bbox 1350 5811 1509 5868; x_wconf 82' lang='lat' dir='ltr'><strong>Pater</strong></span> <span class='ocrx_word' id='word_1_800' title='bbox 1559 5823 1658 5879; x_wconf 80' lang='lat' dir='ltr'><strong>est,</strong></span> <span class='ocrx_word' id='word_1_801' title='bbox 1687 5817 1868 5872; x_wconf 83' lang='lat' dir='ltr'><strong>statim</strong></span> <span class='ocrx_word' id='word_1_802' title='bbox 1902 5829 1957 5872; x_wconf 87' lang='lat' dir='ltr'><strong>et</strong></span> <span class='ocrx_word' id='word_1_803' title='bbox 1991 5817 2077 5874; x_wconf 84' lang='lat' dir='ltr'><strong>Fi-</strong></span> 
     </span>
    </p>
   </div>
   <div class='ocr_carea' id='block_1_104' title="bbox 2187 4611 3762 4696">
    <p class='ocr_par' dir='ltr' id='par_1_104' title="bbox 2187 4611 3762 4696">
     <span class='ocr_line' id='line_1_104' title="bbox 2187 4611 3762 4696; baseline -0.012 -13"><span class='ocrx_word' id='word_1_804' title='bbox 2187 4631 2275 4684; x_wconf 77' lang='grc' dir='ltr'><strong>δὲν</strong></span> <span class='ocrx_word' id='word_1_805' title='bbox 2295 4632 2352 4682; x_wconf 80' lang='grc' dir='ltr'>ἐν</span> <span class='ocrx_word' id='word_1_806' title='bbox 2375 4611 2558 4696; x_wconf 73' lang='grc' dir='ltr'>αὐτοῖς</span> <span class='ocrx_word' id='word_1_807' title='bbox 2588 4627 2648 4680; x_wconf 82' lang='grc' dir='ltr'><strong>τὸ</strong></span> <span class='ocrx_word' id='word_1_808' title='bbox 2670 4628 2802 4679; x_wconf 81' lang='grc' dir='ltr'>ἴσον·</span> <span class='ocrx_word' id='word_1_809' title='bbox 2830 4627 2858 4678; x_wconf 87' lang='lat'><strong>6</strong></span> <span class='ocrx_word' id='word_1_810' title='bbox 2883 4624 2980 4694; x_wconf 86' lang='grc' dir='ltr'>μὲν</span> <span class='ocrx_word' id='word_1_811' title='bbox 3003 4623 3109 4694; x_wconf 87' lang='grc' dir='ltr'><strong>γὰρ</strong></span> <span class='ocrx_word' id='word_1_812' title='bbox 3135 4623 3198 4674; x_wconf 79' lang='grc' dir='ltr'>ὲκ</span> <span class='ocrx_word' id='word_1_813' title='bbox 3225 4621 3324 4690; x_wconf 83' lang='grc' dir='ltr'>τῆς</span> <span class='ocrx_word' id='word_1_814' title='bbox 3352 4617 3537 4678; x_wconf 78' lang='grc' dir='ltr'>οὐσίας</span> <span class='ocrx_word' id='word_1_815' title='bbox 3566 4611 3762 4685; x_wconf 86' lang='grc' dir='ltr'>προελ-</span> 
     </span>
    </p>
   </div>
   <div class='ocr_carea' id='block_1_105' title="bbox 2189 4705 3760 4794">
    <p class='ocr_par' dir='ltr' id='par_1_105' title="bbox 2189 4705 3760 4794">
     <span class='ocr_line' id='line_1_105' title="bbox 2189 4705 3760 4794; baseline -0.013 -16"><span class='ocrx_word' id='word_1_816' title='bbox 2189 4724 2317 4790; x_wconf 86' lang='grc' dir='ltr'>θὼν,</span> <span class='ocrx_word' id='word_1_817' title='bbox 2369 4724 2585 4794; x_wconf 79' lang='grc' dir='ltr'>Πατέρα</span> <span class='ocrx_word' id='word_1_818' title='bbox 2605 4721 2765 4784; x_wconf 82' lang='grc' dir='ltr'>εὐθὺς</span> <span class='ocrx_word' id='word_1_819' title='bbox 2797 4719 2963 4783; x_wconf 78' lang='grc' dir='ltr'>ἔδειξε</span> <span class='ocrx_word' id='word_1_820' title='bbox 2987 4717 3077 4770; x_wconf 71' lang='grc' dir='ltr'>τὸν</span> <span class='ocrx_word' id='word_1_821' title='bbox 3104 4716 3459 4784; x_wconf 78' lang='grc' dir='ltr'>γεννήσαντα.</span> <span class='ocrx_word' id='word_1_822' title='bbox 3500 4709 3680 4760; x_wconf 78' lang='grc' dir='ltr'>Ἔστω</span> <span class='ocrx_word' id='word_1_823' title='bbox 3703 4705 3760 4758; x_wconf 81' lang='grc' dir='ltr'><strong>δὲ</strong></span> 
     </span>
    </p>
   </div>
   <div class='ocr_carea' id='block_1_106' title="bbox 2185 4797 3761 4885">
    <p class='ocr_par' dir='ltr' id='par_1_106' title="bbox 2185 4797 3761 4885">
     <span class='ocr_line' id='line_1_106' title="bbox 2185 4797 3761 4885; baseline -0.013 -15"><span class='ocrx_word' id='word_1_824' title='bbox 2185 4817 2261 4880; x_wconf 87' lang='grc' dir='ltr'>ὡς</span> <span class='ocrx_word' id='word_1_825' title='bbox 2297 4818 2384 4869; x_wconf 80' lang='grc' dir='ltr'>ἐπ’</span> <span class='ocrx_word' id='word_1_826' title='bbox 2414 4813 2716 4885; x_wconf 79' lang='grc' dir='ltr'>ἀνθρώπων</span> <span class='ocrx_word' id='word_1_827' title='bbox 2759 4815 2787 4865; x_wconf 93' lang='lat'><strong>6</strong></span> <span class='ocrx_word' id='word_1_828' title='bbox 2834 4801 3011 4878; x_wconf 83' lang='grc' dir='ltr'><strong>λόγος’</strong></span> <span class='ocrx_word' id='word_1_829' title='bbox 3043 4809 3104 4861; x_wconf 84' lang='grc' dir='ltr'>τὺ</span> <span class='ocrx_word' id='word_1_830' title='bbox 3127 4807 3185 4860; x_wconf 76' lang='grc' dir='ltr'><strong>δὲ</strong></span> <span class='ocrx_word' id='word_1_831' title='bbox 3218 4803 3412 4872; x_wconf 72' lang='grc' dir='ltr'>ἔξωθεν</span> <span class='ocrx_word' id='word_1_832' title='bbox 3447 4801 3549 4870; x_wconf 83' lang='grc' dir='ltr'>τῆς</span> <span class='ocrx_word' id='word_1_833' title='bbox 3573 4797 3761 4860; x_wconf 79' lang='grc' dir='ltr'>οὐσίας</span> 
     </span>
    </p>
   </div>
   <div class='ocr_carea' id='block_1_107' title="bbox 2186 4889 3762 4973">
    <p class='ocr_par' dir='ltr' id='par_1_107' title="bbox 2186 4889 3762 4973">
     <span class='ocr_line' id='line_1_107' title="bbox 2186 4889 3762 4973; baseline -0.013 -12"><span class='ocrx_word' id='word_1_834' title='bbox 2186 4909 2354 4973; x_wconf 76' lang='grc' dir='ltr'>ἐστὶν,</span> <span class='ocrx_word' id='word_1_835' title='bbox 2378 4908 2500 4960; x_wconf 85' lang='grc' dir='ltr'>τότε</span> <span class='ocrx_word' id='word_1_836' title='bbox 2527 4906 2742 4968; x_wconf 86' lang='grc' dir='ltr'>πάντως</span> <span class='ocrx_word' id='word_1_837' title='bbox 2795 4900 3023 4972; x_wconf 82' lang='grc' dir='ltr'>ποιητὴν</span> <span class='ocrx_word' id='word_1_838' title='bbox 3059 4899 3356 4968; x_wconf 84' lang='grc' dir='ltr'>ἀποφαῖνον</span> <span class='ocrx_word' id='word_1_839' title='bbox 3403 4893 3495 4946; x_wconf 76' lang='grc' dir='ltr'><strong>τὸν</strong></span> <span class='ocrx_word' id='word_1_840' title='bbox 3534 4889 3762 4961; x_wconf 75' lang='grc' dir='ltr'><strong>ἐργαζό-</strong></span> 
     </span>
    </p>
   </div>
   <div class='ocr_carea' id='block_1_108' title="bbox 2189 4981 3760 5069">
    <p class='ocr_par' dir='ltr' id='par_1_108' title="bbox 2189 4981 3760 5069">
     <span class='ocr_line' id='line_1_108' title="bbox 2189 4981 3760 5069; baseline -0.013 -16"><span class='ocrx_word' id='word_1_841' title='bbox 2189 5017 2368 5069; x_wconf 87' lang='grc' dir='ltr'>μενον,</span> <span class='ocrx_word' id='word_1_842' title='bbox 2403 5000 2494 5056; x_wconf 80' lang='grc' dir='ltr'>ὃτε,</span> <span class='ocrx_word' id='word_1_843' title='bbox 2524 4996 2618 5051; x_wconf 75' lang='grc' dir='ltr'><strong>καὶ</strong></span> <span class='ocrx_word' id='word_1_844' title='bbox 2643 4995 2869 5064; x_wconf 84' lang='grc' dir='ltr'>γίνεται·</span> <span class='ocrx_word' id='word_1_845' title='bbox 2904 4987 2972 5065; x_wconf 78' lang='grc' dir='ltr'><strong>ἦν</strong></span> <span class='ocrx_word' id='word_1_846' title='bbox 2995 4983 3118 5062; x_wconf 66' lang='grc' dir='ltr'><strong>’γὰρ</strong></span> <span class='ocrx_word' id='word_1_847' title='bbox 3155 4994 3211 5044; x_wconf 84' lang='grc' dir='ltr'>ὲν</span> <span class='ocrx_word' id='word_1_848' title='bbox 3239 4987 3386 5059; x_wconf 74' lang='grc' dir='ltr'>αὐτῷ</span> <span class='ocrx_word' id='word_1_849' title='bbox 3407 4984 3501 5038; x_wconf 88' lang='grc' dir='ltr'>τοῦ</span> <span class='ocrx_word' id='word_1_850' title='bbox 3524 4983 3698 5035; x_wconf 87' lang='grc' dir='ltr'>ποιεῖν</span> <span class='ocrx_word' id='word_1_851' title='bbox 3725 4981 3760 5050; x_wconf 72' lang='grc' dir='ltr'><strong>ἡ</strong></span> 
     </span>
    </p>
   </div>
   <div class='ocr_carea' id='block_1_109' title="bbox 2182 5073 3763 5161">
    <p class='ocr_par' dir='ltr' id='par_1_109' title="bbox 2182 5073 3763 5161">
     <span class='ocr_line' id='line_1_109' title="bbox 2182 5073 3763 5161; baseline -0.013 -17"><span class='ocrx_word' id='word_1_852' title='bbox 2182 5091 2370 5160; x_wconf 78' lang='grc' dir='ltr'>τέχνη,</span> <span class='ocrx_word' id='word_1_853' title='bbox 2406 5091 2472 5161; x_wconf 75' lang='grc' dir='ltr'><strong>ἦν</strong></span> <span class='ocrx_word' id='word_1_854' title='bbox 2500 5091 2594 5141; x_wconf 77' lang='grc' dir='ltr'><strong>καὶ</strong></span> <span class='ocrx_word' id='word_1_855' title='bbox 2647 5089 2892 5159; x_wconf 83' lang='grc' dir='ltr'>προεῖναι</span> <span class='ocrx_word' id='word_1_856' title='bbox 2920 5085 3135 5144; x_wconf 79' lang='grc' dir='ltr'>πάντως</span> <span class='ocrx_word' id='word_1_857' title='bbox 3172 5080 3387 5146; x_wconf 81' lang='grc' dir='ltr'>ἀνάγκη</span> <span class='ocrx_word' id='word_1_858' title='bbox 3421 5077 3529 5128; x_wconf 85' lang='grc' dir='ltr'><strong>τῶν</strong></span> <span class='ocrx_word' id='word_1_859' title='bbox 3572 5075 3637 5126; x_wconf 80' lang='grc' dir='ltr'>δι’</span> <span class='ocrx_word' id='word_1_860' title='bbox 3667 5073 3763 5124; x_wconf 81' lang='grc' dir='ltr'>αὐ-</span> 
     </span>
    </p>
   </div>
   <div class='ocr_carea' id='block_1_110' title="bbox 2182 5161 3762 5251">
    <p class='ocr_par' dir='ltr' id='par_1_110' title="bbox 2182 5161 3762 5251">
     <span class='ocr_line' id='line_1_110' title="bbox 2182 5161 3762 5251; baseline -0.011 -17"><span class='ocrx_word' id='word_1_861' title='bbox 2182 5182 2301 5251; x_wconf 59' lang='grc' dir='ltr'><strong>τῆς</strong></span> <span class='ocrx_word' id='word_1_862' title='bbox 2337 5161 2598 5251; x_wconf 76' lang='grc' dir='ltr'>πρότερον</span> <span class='ocrx_word' id='word_1_863' title='bbox 2621 5179 2730 5248; x_wconf 85' lang='grc' dir='ltr'>γάρ</span> <span class='ocrx_word' id='word_1_864' title='bbox 2772 5195 2855 5240; x_wconf 85' lang='grc' dir='ltr'><strong>τις</strong></span> <span class='ocrx_word' id='word_1_865' title='bbox 2881 5177 3032 5229; x_wconf 75' lang='grc' dir='ltr'>ἔσται</span> <span class='ocrx_word' id='word_1_866' title='bbox 3063 5172 3334 5242; x_wconf 85' lang='grc' dir='ltr'>τεχνίτης,</span> <span class='ocrx_word' id='word_1_867' title='bbox 3370 5167 3467 5221; x_wconf 79' lang='grc' dir='ltr'><strong>εἷθ’</strong></span> <span class='ocrx_word' id='word_1_868' title='bbox 3496 5167 3640 5220; x_wconf 76' lang='grc' dir='ltr'>οὕτω</span> <span class='ocrx_word' id='word_1_869' title='bbox 3665 5165 3762 5234; x_wconf 67' lang='grc' dir='ltr'>δηετ</span> 
     </span>
    </p>
   </div>
   <div class='ocr_carea' id='block_1_111' title="bbox 2190 5259 3764 5344">
    <p class='ocr_par' dir='ltr' id='par_1_111' title="bbox 2190 5259 3764 5344">
     <span class='ocr_line' id='line_1_111' title="bbox 2190 5259 3764 5344; baseline -0.011 -17"><span class='ocrx_word' id='word_1_870' title='bbox 2190 5273 2469 5344; x_wconf 85' lang='grc' dir='ltr'>μιουργός.</span> <span class='ocrx_word' id='word_1_871' title='bbox 2499 5271 2780 5338; x_wconf 84' lang='grc' dir='ltr'>Τοσαύτης</span> <span class='ocrx_word' id='word_1_872' title='bbox 2806 5269 2983 5320; x_wconf 79' lang='grc' dir='ltr'>τοίνυν</span> <span class='ocrx_word' id='word_1_873' title='bbox 3033 5263 3237 5333; x_wconf 76' lang='grc' dir='ltr'>μεταξὺ</span> <span class='ocrx_word' id='word_1_874' title='bbox 3271 5261 3533 5332; x_wconf 79' lang='grc' dir='ltr'>κειμένης</span> <span class='ocrx_word' id='word_1_875' title='bbox 3577 5259 3764 5326; x_wconf 74' lang='grc' dir='ltr'>διαφοο</span> 
     </span>
    </p>
   </div>
   <div class='ocr_carea' id='block_1_112' title="bbox 2190 5349 3764 5437">
    <p class='ocr_par' dir='ltr' id='par_1_112' title="bbox 2190 5349 3764 5437">
     <span class='ocr_line' id='line_1_112' title="bbox 2190 5349 3764 5437; baseline -0.008 -21"><span class='ocrx_word' id='word_1_876' title='bbox 2190 5365 2307 5432; x_wconf 84' lang='grc' dir='ltr'>ρᾶς,</span> <span class='ocrx_word' id='word_1_877' title='bbox 2340 5349 2434 5418; x_wconf 75' lang='grc' dir='ltr'><strong>καὶ</strong></span> <span class='ocrx_word' id='word_1_878' title='bbox 2461 5363 2554 5415; x_wconf 88' lang='grc' dir='ltr'>τοῦ</span> <span class='ocrx_word' id='word_1_879' title='bbox 2586 5362 2683 5430; x_wconf 83' lang='grc' dir='ltr'>μὲν</span> <span class='ocrx_word' id='word_1_880' title='bbox 2712 5357 2843 5410; x_wconf 83' lang='grc' dir='ltr'>Υίοῦ</span> <span class='ocrx_word' id='word_1_881' title='bbox 2867 5358 2982 5426; x_wconf 79' lang='grc' dir='ltr'>ἃμα</span> <span class='ocrx_word' id='word_1_882' title='bbox 3020 5358 3086 5426; x_wconf 86' lang='grc' dir='ltr'>τῇ</span> <span class='ocrx_word' id='word_1_883' title='bbox 3117 5355 3210 5408; x_wconf 90' lang='grc' dir='ltr'>τοῦ</span> <span class='ocrx_word' id='word_1_884' title='bbox 3246 5354 3457 5437; x_wconf 75' lang='grc' dir='ltr'>Πατρὸς</span> <span class='ocrx_word' id='word_1_885' title='bbox 3492 5367 3764 5422; x_wconf 80' lang='grc' dir='ltr'>προσηγο-</span> 
     </span>
    </p>
   </div>
   <div class='ocr_carea' id='block_1_113' title="bbox 2185 5445 3762 5526">
    <p class='ocr_par' dir='ltr' id='par_1_113' title="bbox 2185 5445 3762 5526">
     <span class='ocr_line' id='line_1_113' title="bbox 2185 5445 3762 5526; baseline -0.009 -17"><span class='ocrx_word' id='word_1_886' title='bbox 2185 5456 2279 5526; x_wconf 68' lang='grc' dir='ltr'><strong>ρίᾳ</strong></span> <span class='ocrx_word' id='word_1_887' title='bbox 2312 5451 2812 5520; x_wconf 79' lang='grc' dir='ltr'>συνεπινοουμένον,</span> <span class='ocrx_word' id='word_1_888' title='bbox 2871 5449 2963 5502; x_wconf 75' lang='grc' dir='ltr'><strong>καὶ</strong></span> <span class='ocrx_word' id='word_1_889' title='bbox 2997 5447 3478 5508; x_wconf 74' lang='grc' dir='ltr'>συνεισὸαίνοντοςσ</span> <span class='ocrx_word' id='word_1_890' title='bbox 3530 5445 3646 5513; x_wconf 75' lang='grc' dir='ltr'><strong>ἅμα</strong></span> <span class='ocrx_word' id='word_1_891' title='bbox 3705 5461 3762 5495; x_wconf 84' lang='grc' dir='ltr'><strong>τε</strong></span> 
     </span>
    </p>
   </div>
   <div class='ocr_carea' id='block_1_114' title="bbox 2185 5535 3765 5616">
    <p class='ocr_par' dir='ltr' id='par_1_114' title="bbox 2185 5535 3765 5616">
     <span class='ocr_line' id='line_1_114' title="bbox 2185 5535 3765 5616; baseline -0.007 -17"><span class='ocrx_word' id='word_1_892' title='bbox 2185 5548 2292 5616; x_wconf 77' lang='grc' dir='ltr'><strong>γὰρ</strong></span> <span class='ocrx_word' id='word_1_893' title='bbox 2320 5544 2529 5613; x_wconf 78' lang='grc' dir='ltr'>Πατὴρ,</span> <span class='ocrx_word' id='word_1_894' title='bbox 2561 5541 2723 5604; x_wconf 79' lang='grc' dir='ltr'>εὐθὺς</span> <span class='ocrx_word' id='word_1_895' title='bbox 2771 5542 2864 5596; x_wconf 68' lang='grc' dir='ltr'><strong>καὶ</strong></span> <span class='ocrx_word' id='word_1_896' title='bbox 2892 5543 2920 5594; x_wconf 89' lang='lat'><strong>6</strong></span> <span class='ocrx_word' id='word_1_897' title='bbox 2948 5541 3095 5603; x_wconf 84' lang='grc' dir='ltr'>Υἱὸς,</span> <span class='ocrx_word' id='word_1_898' title='bbox 3149 5539 3264 5609; x_wconf 76' lang='grc' dir='ltr'><strong>ἅμα</strong></span> <span class='ocrx_word' id='word_1_899' title='bbox 3310 5555 3369 5590; x_wconf 90' lang='grc' dir='ltr'><strong>τε</strong></span> <span class='ocrx_word' id='word_1_900' title='bbox 3429 5537 3574 5599; x_wconf 80' lang='grc' dir='ltr'>Υἱὸς,</span> <span class='ocrx_word' id='word_1_901' title='bbox 3601 5535 3765 5598; x_wconf 67' lang='grc' dir='ltr'>εὐθὺς</span> 
     </span>
    </p>
   </div>
   <div class='ocr_carea' id='block_1_115' title="bbox 2181 5624 3764 5704">
    <p class='ocr_par' dir='ltr' id='par_1_115' title="bbox 2181 5624 3764 5704">
     <span class='ocr_line' id='line_1_115' title="bbox 2181 5624 3764 5704; baseline -0.011 -12"><span class='ocrx_word' id='word_1_902' title='bbox 2181 5637 2281 5693; x_wconf 68' lang='grc' dir='ltr'><strong>καὶ</strong></span> <span class='ocrx_word' id='word_1_903' title='bbox 2305 5634 2514 5704; x_wconf 79' lang='grc' dir='ltr'>Πατὴρ,</span> <span class='ocrx_word' id='word_1_904' title='bbox 2551 5632 2644 5686; x_wconf 72' lang='grc' dir='ltr'><strong>καὶ</strong></span> <span class='ocrx_word' id='word_1_905' title='bbox 2675 5633 2774 5685; x_wconf 83' lang='grc' dir='ltr'>οὐκ</span> <span class='ocrx_word' id='word_1_906' title='bbox 2804 5633 2869 5686; x_wconf 80' lang='grc' dir='ltr'><strong>ἂν</strong></span> <span class='ocrx_word' id='word_1_907' title='bbox 2903 5631 3122 5702; x_wconf 86' lang='grc' dir='ltr'>νοηθείη</span> <span class='ocrx_word' id='word_1_908' title='bbox 3159 5631 3330 5701; x_wconf 76' lang='grc' dir='ltr'>χωρὶς</span> <span class='ocrx_word' id='word_1_909' title='bbox 3369 5627 3460 5681; x_wconf 84' lang='grc' dir='ltr'>τοῦ</span> <span class='ocrx_word' id='word_1_910' title='bbox 3490 5625 3676 5695; x_wconf 76' lang='grc' dir='ltr'>ἐτέρου</span> <span class='ocrx_word' id='word_1_911' title='bbox 3705 5624 3764 5676; x_wconf 80' lang='grc' dir='ltr'>τὸ</span> 
     </span>
    </p>
   </div>
   <div class='ocr_carea' id='block_1_116' title="bbox 2184 5715 3761 5797">
    <p class='ocr_par' dir='ltr' id='par_1_116' title="bbox 2184 5715 3761 5797">
     <span class='ocr_line' id='line_1_116' title="bbox 2184 5715 3761 5797; baseline -0.011 -13"><span class='ocrx_word' id='word_1_912' title='bbox 2184 5730 2387 5797; x_wconf 70' lang='grc' dir='ltr'>ἓτερον.</span> <span class='ocrx_word' id='word_1_913' title='bbox 2424 5726 2466 5778; x_wconf 86' lang='grc' dir='ltr'><strong>Τ</strong></span> <span class='ocrx_word' id='word_1_914' title='bbox 2469 5725 2530 5778; x_wconf 84' lang='grc' dir='ltr'>οῦ</span> <span class='ocrx_word' id='word_1_915' title='bbox 2558 5724 2612 5777; x_wconf 81' lang='grc' dir='ltr'><strong>δὲ</strong></span> <span class='ocrx_word' id='word_1_916' title='bbox 2642 5726 2945 5796; x_wconf 78' lang='grc' dir='ltr'>ποιήματος</span> <span class='ocrx_word' id='word_1_917' title='bbox 2980 5725 3072 5777; x_wconf 67' lang='grc' dir='ltr'>καὶ</span> <span class='ocrx_word' id='word_1_918' title='bbox 3099 5723 3235 5793; x_wconf 85' lang='grc' dir='ltr'><strong>μετὰ</strong></span> <span class='ocrx_word' id='word_1_919' title='bbox 3260 5721 3356 5790; x_wconf 79' lang='grc' dir='ltr'>τὴν</span> <span class='ocrx_word' id='word_1_920' title='bbox 3391 5717 3620 5788; x_wconf 72' lang='grc' dir='ltr'>ὕπαρξιν</span> <span class='ocrx_word' id='word_1_921' title='bbox 3669 5715 3761 5768; x_wconf 77' lang='grc' dir='ltr'>τοῦ</span> 
     </span>
    </p>
   </div>
   <div class='ocr_carea' id='block_1_117' title="bbox 2194 5804 3762 5884">
    <p class='ocr_par' dir='ltr' id='par_1_117' title="bbox 2194 5804 3762 5884">
     <span class='ocr_line' id='line_1_117' title="bbox 2194 5804 3762 5884; baseline 0.005 -17"><span class='ocrx_word' id='word_1_922' title='bbox 2194 5813 2408 5884; x_wconf 76' lang='grc' dir='ltr'>ποιητοῦ</span> <span class='ocrx_word' id='word_1_923' title='bbox 2437 5814 2735 5884; x_wconf 78' lang='grc' dir='ltr'>δυναμένου</span> <span class='ocrx_word' id='word_1_924' title='bbox 2758 5813 3042 5883; x_wconf 75' lang='grc' dir='ltr'>φαίνεσθαι</span> <span class='ocrx_word' id='word_1_925' title='bbox 3070 5812 3166 5882; x_wconf 80' lang='grc' dir='ltr'><strong>(οὐ</strong></span> <span class='ocrx_word' id='word_1_926' title='bbox 3196 5811 3302 5879; x_wconf 68' lang='grc' dir='ltr'><strong>γὰρ</strong></span> <span class='ocrx_word' id='word_1_927' title='bbox 3329 5810 3390 5862; x_wconf 76' lang='grc' dir='ltr'>ἐκ</span> <span class='ocrx_word' id='word_1_928' title='bbox 3419 5810 3516 5871; x_wconf 70' lang='grc' dir='ltr'><strong>τῆε</strong></span> <span class='ocrx_word' id='word_1_929' title='bbox 3549 5804 3762 5873; x_wconf 52' lang='grc' dir='ltr'><strong>φύσεέτ</strong></span> 
     </span>
    </p>
   </div>
  </div>
