4056 6264
319 420 384 474 57
1727 399 2164 457 TllESAURUS.

3497 381 3564 438 58

321 540 430 590 ἐστι
465 535 557 588 τοῦ
591 533 904 595 ποιοῦντος,
937 527 1066 582 ἀλλὰ
1095 527 1287 596 τέχνης
1318 523 1554 594 εὕρημα·
1590 520 1698 590 ἡδὲ
1731 519 1893 589 τέχνη
1925 576 1930 590 Ι

2029 522 2124 580 ;ns,
2143 513 2302 568 simul
2332 525 2394 565 ac
2421 507 2610 566 Filius.
2643 503 2828 557 statim
2855 509 2908 556 et
2929 497 3114 560 Pater,
3137 509 3310 564 neque
3340 495 3566 550 alterum

322 627 480 695 φύσις
510 625 614 678 οὐκ
637 623 810 686 ἔστιν,
847 621 956 673 ἀλλ’
979 619 1034 670 ἓν
1059 619 1168 670 τῶν
1199 619 1266 686 τῇ
1317 613 1474 682 φύσει
1522 611 1862 682 προσόντων)
1881 649 1894 670 ,

323 719 441 782 πῶς
467 734 618 778 τινες
638 717 729 768 ἐπὶ
757 713 888 766 Θεοῦ
913 712 984 776 ὡς
1005 709 1198 763 ταυτὸν
1221 707 1534 776 εἰσφέρουσι
1565 703 1776 774 ποίημα
1805 703 1900 754 καὶ

324 809 604 878 γέννημα,
645 805 856 874 Πατέρα
893 801 1148 856 δύνασθαι
1199 797 1384 851 καλεῖν
1424 795 1673 864 λέγοντες
1701 793 1860 847 αὑτὸν
1883 835 1898 858 ,

329 903 430 956 καὶ
467 903 570 952 οὐκ
602 899 744 960 ὄντος
771 893 900 949 Υξοῦ
926 914 940 960 ;
969 890 1186 962 Ἐπειδὴ
1213 890 1306 942 καὶ
1329 886 1659 958 δημιουργὸς
1690 884 1902 954 ὑπῆρχε

335 994 446 1064 πρὸ
477 992 584 1044 τῶν
617 987 1130 1060 δημιουργημὰτων.
1159 984 1380 1051 Ὅμοιον
1415 979 1524 1049 γάρ
1561 981 1708 1031 ἐστιν
1749 977 1826 1039 ὡς
1856 975 1910 1028 εἴ

339 1102 424 1148 τις
455 1082 650 1134 καὶτὸν
681 1077 1026 1150 ναυπηγικὴν
1060 1076 1256 1145 ἔχοντα
1307 1071 1522 1142 τέχνην,
1557 1067 1776 1139 Πατέρα
1809 1083 1908 1120 κα-

340 1175 460 1242 λοίη
493 1173 582 1225 καὶ
618 1171 692 1242 μὴ
731 1171 883 1232 ὄντος
919 1168 1073 1221 Υὶοῦ·
1105 1166 1228 1219 ἐπεὶ
1279 1165 1372 1216 καὶ
1425 1160 1706 1230 ναυπηγός
1762 1161 1910 1212 ἐστιν

275 1331 280 1334 ,
345 1267 467 1320 ὅσον
493 1268 566 1328 εὶς
585 1265 682 1334 τὴν
703 1263 922 1334 τέχνην,
941 1261 1034 1314 καὶ
1061 1259 1158 1330 τὴν
1187 1256 1278 1310 τοῦ
1309 1254 1566 1308 δύνασθαι
1597 1254 1768 1306 ποιεῖν
1799 1253 1912 1303 ὲπι-

345 1357 656 1426 τηδειότητα
691 1355 826 1426 ἔχει,
849 1356 942 1408 καὶ
975 1355 1022 1406 εἰ
1044 1355 1118 1423 μή
1147 1349 1310 1402 πωτό
1329 1347 1534 1416 σκάφος
1567 1343 1910 1399 κατεσκεύα-

346 1469 453 1504 σεν.
495 1449 634 1502 Ἀλλ’
667 1451 696 1502 6
725 1445 970 1510 τοιοῦτος
1012 1442 1291 1513 ναυπηγὸς
1338 1440 1436 1510 μὲν
1485 1439 1656 1498 ἔσται,
1687 1435 1782 1488 xui.
1807 1432 1914 1503 πρὸ

341 1541 432 1598 τοῦ
464 1542 705 1610 σκάφους
731 1539 816 1593 διὰ
845 1538 946 1608 τὴν
969 1535 1185 1606 τέχνην.
1217 1531 1408 1600 Πατὴρ
1434 1529 1490 1582 δὲ
1517 1526 1698 1581 οὐκέτι
1728 1525 1802 1594 μή
1830 1539 1916 1575 πω

344 1633 628 1702 γεγονότος
645 1630 739 1684 τοῦ
759 1630 824 1684 δι’
835 1629 894 1682 ὃν
916 1629 1066 1680 ἔσται
1087 1626 1292 1695 πατήρ.
1309 1621 1420 1674 Καὶ
1435 1619 1503 1673 τὰ
1529 1619 1626 1688 μὲν
1643 1615 1918 1685 ποιήματα

349 1724 444 1776 καὶ
475 1723 551 1794 μὴ
571 1721 833 1790 γεγονότα
858 1719 957 1771 οὐκ
979 1716 1187 1785 ἀναιρεῖ
1219 1713 1278 1766 τὸ
1317 1707 1578 1763 δύνασθαί
1627 1722 1746 1758 τινα
1777 1697 1916 1755 εἶναι

356 1816 608 1884 ποιητὴν·
634 1815 662 1866 ὸ
689 1812 746 1864 δὲ
801 1811 912 1872 υἱὸς
939 1807 1086 1861 οὔπω
1121 1805 1424 1875 γενόμενος,
1460 1799 1746 1868 ἀναιρήσει
1779 1793 1916 1847 πάν-

2001 607 2203 673 absque
2269 601 2436 656 altero
2485 594 2706 662 intelligi
2753 601 2946 660 potest.
2995 587 3142 656 Opus
3179 597 3360 640 autem
3403 585 3568 640 etiam

2000 712 2120 768 post
2155 694 2522 752 exsisteutiam
2551 687 2760 758 epil‘tcis
2786 685 2954 754 possit
2983 681 3152 735 videri
3181 681 3388 748 (neque
3415 693 3564 732 enim

2001 801 2084 845 est
2115 803 2177 842 ex
2212 795 2400 840 natura
2427 781 2660 852 opificis,
2691 777 2784 832 sed
2811 777 2942 828 artis
2983 773 3260 826 inventum
3295 789 3306 824 :
3355 785 3448 824 ars
3471 783 3570 822 au-

2004 891 2111 933 tem
2143 892 2244 930 non
2283 883 2364 928 est
2395 883 2610 931 natura,
2639 867 2732 922 sed
2770 879 2934 918 unum
2982 859 3184 930 aliquid
3214 873 3402 912 eorum
3451 871 3570 924 qua:

2005 981 2208 1024 natura:
2239 964 2494 1034 insunt);
2551 973 2784 1030 quonam
2835 965 2992 1025 pacto
3053 949 3292 1006 nonnulli
3348 949 3400 1002 in
3463 947 3572 1002 Deo

2005 1071 2262 1130 tanquam
2287 1059 2428 1112 idem
2462 1061 2706 1108 statuunt
2729 1050 2932 1103 factum
2959 1055 3014 1100 et
3037 1043 3302 1114 genitum,
3325 1041 3570 1094 dicentes

2007 1169 2164 1224 posse
2197 1165 2322 1204 eum
2345 1145 2524 1200 vocari
2555 1145 2794 1202 Patrem,
2819 1139 2982 1193 etiam
3011 1150 3118 1190 non
3157 1133 3454 1186 exsistente
3491 1127 3574 1184 Fi-

2009 1219 2116 1298 lio?
2139 1239 2416 1310 Siquidem
2443 1245 2494 1289 et
2541 1232 2718 1302 opifex
2749 1229 2962 1283 exsistit
3007 1237 3136 1280 ante
3163 1223 3396 1294 Opiilcia.
3435 1219 3570 1276 Per-

2009 1335 2132 1390 inde
2191 1331 2334 1386 enim
2363 1335 2446 1382 est
2479 1339 2542 1380 ac
2593 1324 2636 1378 si
2671 1321 2794 1390 quis
2819 1333 2942 1373 eum
2983 1317 3072 1386 qui
3129 1323 3246 1368 arte
3277 1311 3572 1366 fabricandi

2013 1439 2176 1480 naves
2197 1419 2452 1491 pmditus
2503 1417 2594 1482 sit,
2635 1419 2846 1482 patrem
2879 1421 3076 1464 vocare
3139 1405 3374 1458 voluerit
3401 1403 3570 1458 etiam

2016 1533 2120 1572 non
2156 1513 2451 1568 exsistente
2477 1509 2610 1572 filio,
2628 1503 2886 1574 quoniam
2939 1511 2994 1556 et
3041 1497 3336 1552 fabricator
3363 1496 3580 1548 navium

2015 1617 2098 1662 est
2117 1614 2378 1676 quantum
2403 1601 2594 1654 attinet
2619 1589 2684 1652 ad
2705 1601 2900 1658 artem,
2923 1601 2978 1646 et
2999 1587 3304 1643 facultatem
3329 1583 3578 1640 bztbilita-

2019 1711 2230 1768 temque
2245 1697 2310 1750 ad
2331 1689 2696 1748 fabricandum
2721 1687 2902 1750 habet,
2919 1681 3132 1740 etiamsi
3151 1680 3382 1734 nondum
3403 1677 3582 1730 navim

2018 1767 2508 1860 33construxerit.
2529 1782 2792 1836 Caeterum
2805 1773 3066 1846 ejusmodi
3079 1771 3276 1840 aliquis
3295 1767 3588 1820 fabricator

365 1857 587 1884 ""'t"t'
637 1857 660 1866 ν
694 1857 746 1864 --
806 1857 911 1872 ---v
947 1857 1082 1861 -v~v-
1133 1857 1258 1875 ιην.
1381 1857 1424 1866 η
1589 1857 1601 1868 .
1646 1857 1656 1867 .

365 1923 472 1967 τως
503 1905 564 1958 τὺ
587 1899 720 1956 εἶναι
779 1901 984 1970 πατέρα
1019 1899 1153 1952 τινὰ.
1210 1898 1370 1948 Ὥστε
1425 1893 1524 1945 οὐκ
1571 1890 1636 1944 ἂν
1690 1889 1802 1942 ἴσον
1831 1883 1918 1951 εἴη

2029 1879 2234 1950 quidem
2267 1876 2420 1930 navis
2461 1873 2588 1938 erit,
2631 1872 2796 1926 etiam
2843 1877 2968 1922 ante
3021 1865 3216 1918 lactant
3281 1859 3484 1922 navim,
3513 1857 3582 1910 ob

2491 1965 2522 1970 --
2801 1958 2838 1970 ..
2882 1967 2890 1970 -
3070 1969 3075 1970 ,
3347 1949 3554 1970 ψη.--

371 1997 574 2066 ποίημα
601 1994 688 2048 καὶ
717 1993 861 2054 Fid;
889 1993 978 2044 καὶ
1033 1989 1256 2058 ποιητὴς
1311 1987 1408 2056 μὲν
1449 1983 1622 2044 ἔστιν,
1665 1980 1788 2032 ὅσον
1841 1977 1920 2040 εἰς

361 2087 457 2156 τὴν
478 2085 676 2138 οὲκείαν
697 2083 878 2153 φύσιν,
913 2081 1010 2135 καὶ
1067 2081 1172 2151 πρὸ
1193 2079 1302 2132 τῶν
1347 2073 1668 2147 ποιημάτων
1689 2073 1718 2124 6
1747 2067 1882 2130 Θεὸς
1903 2105 1920 2132 ,

353 2178 542 2248 Πατὴρ
569 2176 626 2228 δὲ
649 2173 897 2243 οὐδαμῶς
926 2173 1027 2226 οὐκ
1056 2170 1204 2231 ὄντος
1227 2167 1381 2220 Υἱοῦ.

353 2272 657 2339 impediunt
713 2267 1008 2338 quominus
1035 2263 1296 2332 quispiam
1343 2259 1520 2328 epifex
1553 2271 1672 2310 esse
1701 2251 1876 2324 possit
1903 2267 1916 2304 :

2029 1949 2198 2024 artem
2228 1981 2332 2036 qua
2361 1965 2616 2034 praeditus
2647 1971 2750 2016 est.
2799 1958 2960 2014 Pater
2987 1969 3114 2009 vero
3161 1951 3306 2006 nulla
3347 1949 3590 2010 ratione,

2031 2075 2150 2114 eum
2167 2059 2402 2112 nondum
2425 2055 2628 2110 factum
2651 2055 2722 2108 sit
2753 2053 2804 2106 id
2823 2065 2918 2121 per
2935 2048 3078 2118 quod
3095 2045 3308 2100 futurus
3325 2051 3404 2096 est
3417 2049 3589 2110 pater.

2039 2155 2196 2220 Atqui
2215 2163 2378 2218 opera
2405 2149 2644 2216 quidem,
2662 2141 2872 2198 etiamsi
2897 2139 3134 2196 nondum
3157 2135 3294 2190 facta
3323 2134 3449 2196 sint,
3477 2145 3581 2184 non

1959 2247 2102 2301 ﬁlius
2169 2259 2298 2298 vero
2357 2241 2590 2296 nondum
2653 2247 2810 2290 natus
2847 2234 3002 2304 plane
3039 2228 3258 2300 impedit
3279 2235 3336 2280 ut
3377 2223 3496 2294 quis
3525 2221 3594 2276 sit

360 2321 688 2430 ναῖοι-ἰδέαι
734 2321 827 2412 est
871 2373 1002 2424 ergo
1054 2321 1202 2409 idem
1227 2395 1240 2416 ,
1281 2321 1416 2418 opus
1469 2359 1522 2402 et
1559 2321 1724 2400 Filius
1751 2363 1766 2398 :
1798 2339 1942 2410 atqui
1981 2335 2160 2408 opifex
2203 2335 2416 2402 quidem
2445 2342 2548 2394 est,
2579 2339 2838 2399 quantum
2877 2325 2944 2378 ad
2983 2321 3254 2394 propriam
3305 2331 3458 2372 suam
3495 2327 3590 2368 na-

373 2467 578 2518 tut'am,
615 2453 780 2510 etiam
803 2461 930 2505 ante
954 2463 1116 2519 opera
1143 2447 1304 2511 facta,
1339 2442 1476 2496 Dens
1504 2438 1702 2499 :Pater
1729 2445 1900 2490 autem
1939 2444 2306 2492 neouauuam,
2345 2441 2450 2480 non
2485 2425 2782 2478 exsistente
2819 2417 2979 2472 Filio.

883 2571 1244 2657 ΛΟΓΟΣ
1317 2567 1440 2652 E’.

357 2714 490 2766 Ὅτι
539 2713 613 2764 οἱ»
677 2707 1059 2776 προῦπίίρχεί
1111 2701 1212 2757 τοῦ
1247 2701 1386 2776 fio-t7
1441 2694 1757 2776 δώΠατῖιρ,
1821 2695 1940 2776 κᾷν

427 2764 734 2906 3γὲνέτοςῖ
753 2774 817 2848 ᾖ,
853 2764 991 2831 dif
1023 2771 1100 2845 ἦν
1122 2772 1277 2838 αὐτῷ
1304 2768 1617 2832 συναΐδιος
1653 2764 1941 2833 γεννητὸς

594 2871 646 2916 ς.

641 2963 964 3022 Ἀντίοεσις
1001 2957 1077 3022 ὡς
1105 2956 1170 3007 ἐκ
1199 2953 1317 3006 τῶν
1343 2949 1660 3005 Εὐιόιιίου.

357 3132 362 3134 _
437 3081 500 3132 El.
550 3079 692 3130 ἔστιν
743 3074 998 3144 ἀνάρχως
1047 3071 1136 3122 καὶ
1183 3070 1460 3137 ἀγενήτως
1493 3064 1580 3118 ἀεὶ
1637 3065 1666 3116 6
1722 3061 1935 3130 Πατὴρ,

2441 2543 3010 2640 ASSERTIO
3079 2545 3194 2636 V.

2040 2687 2190 2754 Qucd
2225 2683 2380 2736 Pater
2407 2699 2506 2754 non
2537 2679 2737 2754 exsistit
2769 2687 2888 2730 ante
2917 2671 3148 2754 Filium,
3175 2668 3382 2750 (auulsi
3407 2667 3602 2736 ingeni-

2179 2767 2259 2808 tus
2288 2755 2376 2818 sit,
2401 2753 2486 2804 sed
2513 2759 2622 2802 erat
2651 2751 2694 2801 ei
2723 2755 3008 2800 rorem-nus
3043 2741 3214 2794 Filius
3239 2741 3460 2810 genitus.

2283 2949 2515 3018 Objectio
2548 2957 2794 3013 tanquam
2825 2956 2887 2994 ex
2915 2939 3070 2992 dictis
3101 2935 3368 2990 Eunomii.

2117 3063 2171 3116 Si
2207 3061 2408 3128 alisque
2439 3054 2701 3126 principio
2735 3061 2896 3120 atque
2925 3059 3042 3101 ortu
3079 3063 3292 3114 semper
3319 3054 3400 3096 est
3427 3043 3608 3106 i'atcr,

383 3169 561 3240 ὥσπερ
593 3167 681 3221 οὖν
715 3168 807 3219 καὶ
845 3165 1014 3227 ἔστιν,
1056 3161 1316 3230 ἐγεννήθη
1341 3160 1398 3212 δὲ
1437 3161 1464 3210 ὁ
1506 3158 1654 3220 Υἰδς,
1688 3153 1805 3217 πῶς
1837 3152 1930 3204 οὐκ

2040 3163 2094 3206 ιιι
2131 3167 2314 3206 revera
2351 3159 2464 3214 est,
2501 3147 2669 3200 Filius
2704 3155 2882 3196 autem
2921 3140 3134 3210 genitus
3168 3148 3280 3200 est,
3317 3153 3421 3206 quo
3455 3147 3608 3204 pacto

387 3261 592 3330 ἀνάγκη
625 3263 765 3312 nisa
791 3259 848 3311 τὸ
877 3255 1136 3325 γεννηθὲν
1170 3255 1312 3324 ἀρχῇ
1345 3246 1816 3320 περιγράφεσθαι;

851 3437 1007 3506 Πρὸς
1037 3433 1211 3488 τοῦτο
1240 3433 1443 3496 λύσις.

445 3555 626 3617 Οὐδεὶς
659 3552 960 3622 ἀναγκάσει
986 3551 1144 3618 λόγος
1177 3547 1520 3616 ἀνύπαρκτον
1551 3540 1685 3597 εἶναι
1726 3543 1942 3606 πάντως

377 3647 478 3718 πρὸ
519 3647 615 3715 τῆς
643 3646 920 3714 γενήσεως
959 3641 1021 3696 τὸ
1050 3639 1296 3711 γενηθὲν,
1322 3638 1354 3708 ἢ
1385 3638 1474 3691 καὶ
1499 3638 1640 3708 ἀρχῇ
1677 3635 1944 3707 περιγράι-

376 3758 435 3812 es
446 3739 582 3802 σθαι,
612 3737 714 3792 κᾶν
733 3741 762 3790 6
781 3735 1268 3804 γεννῶν-ἀγένητος
1291 3727 1380 3802 ἦν.
1407 3731 1480 3784 Οὐ
1503 3733 1610 3800 γὰρ
1639 3730 1768 3800 περί
1799 3744 1944 3790 τινος

374 3829 478 3882 τῶν
512 3825 632 3880 καθ’
658 3827 810 3896 ἡμᾶς
841 3827 870 3878 ὁ
903 3825 1058 3892 λόγος
1084 3826 1236 3894 ἡμῖν,
1269 3817 1314 3876 ὧ
1355 3815 1530 3884 οὗτος,
1561 3821 1645 3874 ἵνα
1669 3820 1732 3891 δὴ
1766 3820 1861 3874 καὶ
1887 3821 1944 3872 ὲν

375 3919 550 3990 χρόνῳ
579 3919 640 3971 τὺ
677 3916 1015 3987 γεννώμενον
1049 3915 1287 3984 φαίνοιτο
1343 3915 1436 3968 καὶ
1473 3912 1724 3984 καθάπερ
1768 3913 1834 3964 ὲκ
1869 3909 1944 3980 μὴ

374 4011 523 4074 ὄντος
551 4012 629 4074 εἰς
655 4009 718 4062 τὸ
749 4005 888 4061 εἶναι
915 4008 1144 4078 βαδίζον,
1176 4009 1316 4078 ἀρχῇ
1351 4003 1741 4076 περιγράφοιτο
1764 4019 1777 4032 ·
1809 4001 1946 4054 ἀλλὰ

375 4104 501 4173 περὶ
533 4101 632 4170 τῆς
663 4101 812 4164 θείας
835 4117 894 4152 τε
923 4101 1017 4153 καὶ
1041 4101 1390 4170 ἀπερινοήτου
1425 4097 1658 4168 φύσεως,
1689 4096 1945 4166 ἀρρήτως

371 4195 552 4246 πάντα
587 4191 848 4262 ποιούσης
867 4193 960 4244 καὶ
981 4191 1316 4262 θεοπρεπῶς.
1347 4189 1552 4242 Οὐκοῦν
1573 4187 1944 4258 ὑπερϐήσεται

367 4285 468 4354 τὴν
515 4283 640 4336 καθ’
669 4285 818 4352 ἡμᾶς
855 4283 1051 4350 γνῶσιν
1089 4282 1180 4335 καὶ
1227 4281 1256 4332 ὁ
1305 4283 1404 4350 τῆς
1443 4279 1589 4342 Θείας
1637 4279 1944 4346 γεννήσεως

365 4375 597 4444 τρόπος,
624 4375 718 4426 καὶ
750 4374 809 4426 οὐ
845 4376 954 4436 τοῖς
985 4373 1344 4446 ἀνθρωπίνοις
1378 4371 1598 4440 θεσμοῖς
1629 4370 1940 4424 ὑπόκειται·

365 4465 485 4520 ἀλλ’
517 4467 644 4518 ὅσον
675 4467 773 4534 τῆς
802 4465 858 4517 ἐν
883 4465 1010 4534 ἡμῖν
1049 4461 1516 4534 σμικροπρεπείας
1548 4463 1580 4532 ἡ
1631 4460 1748 4514 θεία
1782 4461 1940 4530 φύσις

367 4559 704 4629 ἀπῴκισται,
745 4556 998 4610 τοσοῦτον
1041 4557 1098 4608 ὲν
1143 4558 1256 4618 τοῖς
1295 4554 1412 4608 καθ’
1447 4553 1642 4624 ἑαυτὴν
1687 4553 1944 4623 ὑπερέχει

369 4651 450 4702 τὰ
480 4651 736 4721 ἡμέτερα.
769 4648 1136 4703 Παυέσθωσαν
1177 4648 1354 4700 τοίνυν
1402 4647 1614 4718 ἀνάγκη
1660 4648 1756 4699 καὶ
1801 4645 1942 4716 ἀρχῇ

375 4741 804 4810 περιγράφοντες
851 4740 944 4794 τὸν
1000 4740 1244 4810 ἀνάγκης
1291 4739 1590 4812 κρείττονα,
1635 4737 1730 4790 καὶ
1771 4735 1942 4808 ἀρχὴν

375 4831 482 4911 μὲν
524 4831 618 4902 τὴν
659 4835 715 4886 ὲν
759 4833 936 4903 χρόνῳ
969 4833 1397 4903 παραιτούμενον
1417 4845 1432 4862 ·
1460 4830 1682 4898 λέγοντα
1720 4829 1774 4880 δὲ
1807 4829 1944 4900 πρὸς

369 4925 582 4990 Μωσέα
609 4923 696 4976 τὸν
725 4923 1068 4994 σοφώτατον·
1105 4941 1123 4974 ι
1171 4922 1311 4990 Ἐγώ
1343 4924 1456 4992 εἰμι
1489 4925 1518 4976 6
1550 4922 1644 4974 ὧν.
1696 4942 1714 4974 ι
1753 4921 1842 4992 Τῷ
1883 4921 1940 4974 δὲ

366 5014 466 5069 ἀεὶ
495 5015 604 5068 ὄντι
635 5015 811 5081 (τοῦτο
843 5015 952 5084 γὰρ
983 5015 1236 5086 σημαίνει
1267 5014 1327 5066 τὸ
1354 5015 1481 5085 ὢν),
1523 5015 1682 5067 ποίαν
1709 5031 1790 5076 τις
1829 5013 1943 5082 δοίη

363 5106 471 5176 τὴν
513 5107 604 5159 τοῦ
654 5103 794 5160 εἷναι
841 5107 982 5160 κατά
1034 5107 1221 5177 χρόνον
1257 5108 1462 5176 ἀρχήν;
1516 5107 1727 5166 ’Ἄλλως
1775 5122 1834 5157 τε
1883 5104 1944 5156 οὑ

365 5197 592 5260 πάντως
640 5199 778 5268 ὅπερ
829 5197 897 5250 ἂν
955 5199 1066 5260 τοῖς
1113 5197 1206 5250 τοῦ
1255 5199 1612 5266 γεννήσαντος
1667 5194 1946 5264 ἱδιώμασιν

361 5289 610 5341 ἐναντίον
650 5285 792 5344 εἶναι
832 5289 984 5360 δοκῇ,
1024 5288 1180 5342 τοῦτο
1225 5287 1302 5358 τῷ
1345 5285 1654 5355 γεννηθέντι
1700 5288 1947 5355 φαίνεται

360 5379 593 5450 προσόν.
639 5379 728 5444 Ὦς
775 5381 912 5449 γοῦν
961 5379 1108 5433 ἔστιν
1140 5382 1168 5432 6
1213 5379 1377 5442 Θεός·
1419 5377 1481 5430 τὺ
1534 5377 1590 5430 δὲ
1635 5378 1951 5430 ἀντιπίπτον

365 5469 540 5538 τούτῳ
571 5471 664 5524 καὶ
697 5470 1080 5538 ἀντικείμενον
1105 5468 1165 5519 οὐ
1198 5466 1349 5528 Θεός.
1392 5463 1530 5516 Ἀλλ’
1564 5463 1678 5515 ἐστι
1705 5463 1834 5527 Θεὸς
1860 5463 1952 5515 καὶ

357 5563 388 5618 ἀ
425 5561 572 5624 Υἱὸς,
612 5561 795 5615 καίτοι
838 5559 935 5614 τοῦ
979 5558 1192 5628 Πατρὸς
1217 5557 1367 5619 ὄντος
1406 5555 1560 5620 Θεοῦ,
1596 5554 1858 5624 βασιλέως
1893 5571 1952 5606 τε

359 5653 518 5718 ὄντος
555 5653 764 5724 ὁμοίως
798 5651 894 5707 τοῦ
923 5649 1158 5720 Πατρὺς,
1192 5647 1442 5718 βασιλεύς
1469 5650 1580 5704 ἐστι
1612 5647 1702 5701 καὶ
1747 5649 1774 5699 ὁ
1804 5647 1947 5710 Υἱός.

433 5831 482 5866 ³³
513 5832 682 5894 Exod.
703 5845 798 5896 ιιι,
842 5829 926 5883 Η.

2044 3260 2148 3299 non
2174 3243 2394 3298 omnino
2427 3253 2646 3294 necesse
2675 3235 2864 3294 fuerit.
2895 3243 2950 3287 ut
2981 3232 3032 3285 id
3063 3231 3204 3302 quod
3235 3231 3470 3301 genitura
3501 3239 3610 3290 est,

2041 3336 2305 3408 principio
2333 3327 2844 3390 circumscribatur?

2539 3421 2746 3478 Salutio
2789 3419 3115 3492 objectiouis.

2113 3541 2268 3596 Nulla
2311 3539 2466 3610 plane
2506 3539 2642 3592 ratio
2686 3545 2842 3606 coget
2882 3543 2942 3588 ut
2983 3533 3034 3586 id
3075 3529 3216 3601 quod
3259 3528 3494 3599 genitum
3536 3535 3616 3578 est

2045 3649 2172 3694 ante
2213 3634 2617 3706 generationem
2661 3645 2766 3682 non
2805 3625 3101 3688 exstiterit,
3134 3631 3226 3678 aut
3263 3630 3318 3674 ut
3353 3617 3617 3690 principio

2043 3727 2540 3788 circumscribatur,
2561 3727 2770 3778 tametsi
2796 3721 3006 3788 genitor
3029 3716 3294 3788 ingenitus
3324 3714 3412 3766 sit.
3435 3711 3616 3778 Neque

2045 3823 2226 3887 enim,
2251 3835 2285 3875 ο
2321 3822 2489 3884 bone,
2519 3817 2585 3870 de
2615 3829 2884 3884 quoquam
2923 3819 3166 3864 nostrum
3201 3819 3382 3862 sermo
3417 3810 3530 3864 est,
3562 3811 3618 3852 ut

2048 3915 2296 3968 nimirum
2328 3911 2380 3966 id
2407 3909 2546 3979 quod
2579 3907 2821 3976 genitum
2851 3913 2953 3968 est,
2980 3903 3030 3955 in
3063 3911 3303 3967 tempore
3329 3909 3449 3948 esse
3475 3893 3620 3944 dica-

2049 4018 2154 4070 tur,
2181 4015 2234 4062 et
2256 4005 2411 4072 quasi
2442 4017 2472 4056 a
2505 4017 2608 4055 non
2636 4013 2756 4053 esse
2783 3997 2848 4050 ad
2876 4009 2994 4049 esse
3023 3991 3324 4046 traductum
3358 3983 3620 4053 principio

2044 4095 2554 4152 circumscribatur;
2585 4089 2676 4142 sed
2705 4089 2768 4140 de
2796 4085 2971 4138 divina
3002 4091 3056 4134 et
3081 4073 3612 4142 incompreliensibili

2047 4197 2392 4254 natura,qua:
2421 4177 2761 4234 ineﬂabiliter
2783 4187 2954 4240 coque
2987 4170 3144 4224 modo
3170 4169 3258 4238 qui
3289 4166 3396 4220 Deo
3423 4183 3620 4222 conve-

2047 4283 2122 4336 nit
2144 4277 2320 4334 omnia
2348 4273 2492 4328 facit.
2515 4271 2743 4338 Superat
2767 4267 2948 4332 itaque
2976 4265 3264 4316 humanum
3290 4259 3618 4315 intellectum

2045 4373 2237 4430 divina:
2273 4361 2636 4438 generationis
2673 4359 2893 4420 modus,
2930 4369 3102 4425 neque
3139 4353 3384 4408 humanis
3417 4353 3622 4417 legibus

2047 4461 2284 4526 subiacet
2313 4475 2325 4508 :
2360 4455 2453 4510 sed
2487 4461 2688 4522 quanto
2718 4449 2894 4501 divina
2925 4456 3114 4500 natura
3146 4453 3327 4500 nostra
3364 4443 3622 4495 tenuitate

1977 4527 2018 4570 υ
2047 4564 2128 4606 est
2169 4547 2538 4610 excellentior,
2575 4551 2721 4596 tanto
2761 4539 2922 4594 etiam
2966 4540 3080 4606 ejus
3117 4537 3363 4592 actiones
3407 4543 3622 4587 nostras

2043 4651 2319 4713 superant.
2356 4639 2612 4693 Desinant
2650 4635 2831 4700 itaque
2891 4630 3216 4684 necessitate
3263 4635 3317 4680 et
3357 4623 3621 4693 principio

2043 4733 2488 4792 circumscribere
2522 4743 2644 4784 eum
2679 4729 2769 4797 qui
2803 4725 2951 4780 omni
2990 4722 3311 4776 neceSsitate
3345 4728 3426 4770 est
3460 4729 3620 4782 supe-

2041 4830 2172 4892 rior,
2192 4835 2246 4879 et
2276 4821 2600 4893 principium
2625 4819 2676 4872 in
2705 4827 2944 4886 tempore
2969 4814 3273 4868 consistens
3297 4823 3400 4860 non
3425 4818 3624 4873 cogno-

2039 4919 2170 4982 scit;
2213 4916 2340 4984 quin
2380 4913 2558 4984 potius
2597 4910 2664 4964 ad
2709 4906 3168 4976 sapientissimum
3211 4900 3393 4951 Mosen
3433 4895 3565 4948 dicit
3606 4910 3621 4948 :

2053 5011 2162 5077 Ego
2184 5022 2415 5061 sumens
2433 5004 2498 5057 ⁸³.
2516 5005 2572 5057 Ei
2600 5017 2725 5055 vero
2751 5001 2841 5068 qui
2869 5009 3077 5062 semper
3098 4989 3310 5046 exsistit
3335 4987 3458 5056 (hoc
3481 4987 3621 5040 enim

2053 5101 2319 5170 significat
2341 5095 2476 5166 ens),
2500 5095 2769 5162 quodnam
2799 5085 3092 5142 exsistendi
3127 5083 3179 5135 in
3216 5089 3450 5146 tempore
3481 5078 3622 5148 prin-

2053 5195 2250 5264 cipium
2294 5188 2560 5260 quispiam
2605 5183 2833 5236 tribuet?
2869 5177 3039 5232 Aliter
3073 5190 3178 5229 non
3221 5173 3271 5227 in
3315 5174 3622 5226 universum

2053 5285 2110 5339 id
2155 5281 2294 5350 quod
2344 5275 2604 5348 genitoris
2653 5267 3070 5341 proprietatibus
3116 5265 3446 5321 contrariqu
3505 5275 3624 5314 esse

2049 5383 2318 5436 censetur,
2351 5371 2455 5423 hoc
2483 5365 2591 5438 34
2621 5365 2802 5434 genito
2839 5360 3122 5414 tribuetur.
3159 5359 3297 5412 Deus
3333 5356 3510 5423 itaque
3541 5361 3624 5404 est

2049 5467 2239 5530 Pater;
2283 5475 2587 5532 repugnans
2625 5472 2750 5512 vero
2785 5453 2910 5508 huic
2947 5459 3106 5518 atque
3144 5447 3481 5519 oppositum,
3520 5459 3623 5494 non

2055 5557 2213 5609 Deus.
2239 5553 2399 5621 Atqui
2435 5552 2573 5604 Deus
2600 5557 2683 5603 est
2715 5546 2878 5600 etiam
2912 5541 3105 5605 Filius,
3135 5535 3348 5593 tametsi
3384 5544 3437 5588 et
3471 5533 3629 5584 Pater

2055 5647 2124 5702 sit
2163 5648 2332 5712 Deus;
2369 5652 2422 5697 et
2455 5640 2701 5696 similiter
2733 5652 2851 5691 cum
2889 5646 2984 5688 rex
3019 5632 3086 5684 sit
3121 5630 3302 5688 Pater,
3331 5639 3424 5679 rex
3467 5621 3628 5676 etiam
