4056 6264
449 405 518 463 5'}
1476 408 1532 462 S.
1571 407 1846 463 CYRILLI
1887 410 2359 467 ALEXANDHINI
2393 413 2712 468 ARCHIEP.

3623 407 3715 460 ει»

448 529 526 574 est
555 517 735 572 Filius.
770 518 1074 587 Eademque
1097 520 1233 573 ratio
1253 528 1335 574 cst
1363 521 1426 574 de
1444 521 1810 588 immortali,et
1831 523 2016 578 invisi-

2135 522 2191 578 Ὀ
2219 524 2276 577 δὲ
2309 526 2468 589 αὐτὸς
2498 526 2727 591 σώζεται
2754 526 2908 594 λόγος
2937 526 3027 579 ἐπί
3060 505 3122 579 τε
3151 525 3244 580 τοῦ
3289 528 3565 597 ἀφθάρτου
3599 529 3708 583 και

451 611 570 675 bili,
602 619 654 664 et
704 610 1053 677 incorporeo,
1083 609 1313 678 aliisque
1356 610 1614 677 ejusmodi
1662 629 1782 684 qua:
1827 614 2018 669 divina:

449 710 656 755 natura:
697 699 900 752 insunt.
929 696 984 751 Si
1023 714 1150 768 ergo
1192 715 1293 754 non
1334 701 1388 755 iu
1429 703 1736 759 universum
1774 706 2020 774 opposita

450 808 636 848 eorum
687 806 805 861 quae
853 793 1161 846 tribuuntur
1207 793 1385 858 Patri,
1437 795 1622 849 insunt
1670 795 1837 860 Filio,
1887 796 2021 850 nihil

454 886 607 939 laedet
633 884 751 938 Filii
781 884 1068 938 essentiam
1102 884 1408 952 generatio,
1438 887 1648 942 etiamsi
1678 885 1839 942 Pater
1868 889 2020 958 inge-

455 978 602 1032 nitus
632 977 879 1031 exsistat.
909 976 1017 1030 Erit
1048 985 1224 1032 autem
1258 977 1304 1031 ei
1337 989 1642 1035 cozeternus
1670 996 1774 1050 non
1804 994 2021 1050 prorsus

456 1069 659 1122 habens
707 1068 759 1121 in
815 1082 874 1122 se
921 1068 1191 1121 contraria
1249 1070 1576 1124 naturalium
1631 1047 2020 1141 proprietatum

454 1161 649 1230 ipsius,
675 1159 814 1214 sicut
841 1161 1267 1214 demonstratum
1295 1169 1395 1214 est.

453 1272 572 1343 Alia
598 1271 976 1343 demonstratio
1005 1287 1022 1323 :
1059 1269 1353 1343 Quodqqure
1383 1272 1519 1324 inter
1544 1290 1598 1326 se
1631 1276 1864 1340 opposita
1891 1291 2022 1343 quo-

522 1342 800 1394 dammodo
847 1343 1074 1392 nominis
1124 1342 1325 1394 ratione
1367 1343 1625 1400 ridentur.
1673 1342 2024 1406 strpenuntero

522 1410 777 1465 nonnulla
806 1412 993 1463 habent
1026 1413 1321 1464 communia
1353 1413 1404 1465 in
1435 1412 1782 1466 natantibus.

524 1527 640 1581 Non
692 1527 742 1580 in
787 1527 1097 1580 universum
1142 1539 1475 1596 quaecunque
1518 1527 1688 1596 prima
1735 1543 1865 1582 voce
1913 1520 2037 1583 sive

459 1619 608 1673 vocis
642 1617 1036 1688 signiﬁcatione
1071 1617 1342 1672 contraria
1377 1618 1519 1672 inter
1549 1633 1607 1672 se
1642 1627 1793 1683 sunt,
1827 1619 2025 1672 nullam

456 1726 641 1764 eorum
680 1726 800 1780 quae
842 1711 1154 1765 substantiis
1203 1709 1384 1764 insunt
1421 1711 1848 1766 convenientiam
1891 1712 2030 1764 inter

459 1817 518 1855 se
573 1800 792 1854 habent.
843 1800 1118 1867 Siquidem
1181 1799 1378 1853 animal
1431 1801 1733 1870 oppositum
1793 1810 1871 1854 est
1924 1816 2028 1854 non

457 1891 675 1945 animali
719 1910 732 1946 :

457 1985 686 2050 animal,
713 1985 1166 2053 quemadmodum
1198 1999 1365 2054 equus
1391 1995 1442 2039 et
1469 1985 1668 2054 planta.
1701 1985 1757 2037 Si
1789 1999 1914 2037 vero
1946 1985 2028 2037 his

457 2077 703 2145 quamvis
733 2076 966 2132 similem
998 2074 1350 2130 dill‘erentiam
1385 2091 1488 2130 non
1523 2077 1844 2130 habentibus
1879 2091 2028 2129 com-

457 2167 640 2221 munio
671 2167 916 2234 quaedam
949 2167 1092 2221 circa
1129 2182 1242 2220 rem
1275 2166 1506 2235 aliquam
1542 2167 1851 2230 intercedit,
1882 2181 2024 2233 qua:-

456 2272 580 2312 nam
619 2258 754 2310 ratio
788 2267 941 2324 coget
975 2265 1032 2310 nt
1063 2256 1197 2309 nihil
1234 2270 1516 2310 commune
1551 2256 1747 2311 habent
1781 2255 1938 2309 Pater
1969 2274 2030 2310 ac

360 2409 364 2412 ,
457 2349 598 2402 Deus
640 2364 760 2401 cum
803 2347 938 2401 Filio
980 2358 1032 2402 et
1073 2347 1201 2410 Deo,
1240 2348 1358 2401 ideo
1400 2347 1538 2415 quod
1577 2348 1665 2401 ille
1707 2347 1922 2417 quidem
1962 2347 2030 2401 sit

455 2441 758 2509 ingenitus.
794 2440 878 2493 hic
907 2456 1032 2493 vero
1068 2443 1278 2508 genitus
1299 2480 1312 2503 ,
1341 2451 1388 2494 et
1426 2441 1734 2494 numinibus
1765 2441 2030 2506 quodam-

455 2531 613 2585 modo
641 2531 854 2583 differre
877 2530 1192 2583 videantur?
1223 2531 1403 2598 Neque
1426 2532 1569 2584 enim
1594 2532 1718 2599 quia
1747 2532 1846 2585 hoc
1872 2532 2029 2583 modo

455 2638 512 2676 se
553 2623 709 2674 habet
754 2621 953 2683 Filius,
989 2619 1149 2673 Pater
1195 2637 1297 2673 non
1348 2622 1508 2684 item,
1549 2624 1872 2677 substantia;
1915 2625 2030 2692 ejus

457 2714 838 2782 [ﬁ'Oprietatem
869 2711 1026 2763 tollit.
1051 2710 1340 2764 Generatio
1370 2713 1634 2780 siquidem
1669 2723 1874 2768 tantum
1900 2730 2032 2784 quo-

459 2808 617 2861 tnmlo
650 2807 720 2858 sit
750 2805 1048 2871 signiﬁcat;
1085 2820 1257 2872 neque
1289 2805 1579 2873 quidquam
1613 2806 1731 2874 ejus
1764 2807 1853 2876 qtti
1889 2823 2034 2862 sent-

458 2914 555 2968 pcr
587 2899 639 2950 in
673 2897 828 2951 Patre
857 2895 1098 2960 exsistit,
1128 2896 1482 2949 aeternitatem
1515 2897 1675 2950 laedit.

1133 3007 1340 3063 ALIUD

462 3103 544 3155 lix
578 3103 836 3170 opposito,
867 3101 1140 3154 ostendens
1174 3102 1318 3170 quod
1345 3116 1524 3167 expers
1557 3101 1801 3169 principii
1835 3111 2032 3170 tempo-

1021 3170 1146 3222 ralis
1175 3167 1242 3221 sit
1273 3167 1469 3222 Filius.

531 3284 586 3336 Si
623 3281 882 3350 quidquid
919 3297 983 3334 ex
1021 3281 1203 3348 genito
1237 3289 1292 3334 et
1327 3280 1537 3332 mortali
1575 3283 1815 3352 genitum
1850 3281 2030 3346 luerit,

462 3375 513 3428 id
543 3373 764 3427 omnino
795 3373 1024 3440 genitori
1057 3371 1233 3423 simile
1265 3371 1332 3424 sit
1359 3382 1592 3437 Oportet,
1624 3373 1860 3440 genitum
1890 3374 2036 3428 scili-

461 3474 549 3519 cet
581 3472 637 3517 et
673 3461 900 3516 mortale
949 3479 962 3516 :
1012 3477 1232 3514 necesse
1267 3463 1428 3514 etiam
1466 3473 1546 3515 est
1580 3477 1609 3515 e
1643 3465 1947 3528 contrario,
1983 3475 2039 3518 ut

464 3554 725 3624 quidquid
747 3568 810 3606 ex
838 3553 1073 3621 ingenito
1096 3563 1258 3621 atque
1281 3553 1567 3606 inunortali
1593 3555 1829 3623 genitum
1853 3551 2036 3620 fuerit,

464 3650 566 3698 hoc
596 3644 889 3713 ingenitum
921 3645 990 3696 sit
1020 3653 1183 3713 atque
1217 3643 1541 3698 immortale.
1575 3643 1822 3712 Ejusdem
1861 3646 2039 3714 itaque

461 3736 565 3788 erit
604 3746 809 3787 natura:
847 3735 1012 3789 Filius
1053 3745 1214 3804 atque
1253 3735 1300 3788 is
1339 3735 1430 3804 qui
1473 3751 1594 3789 eum
1636 3737 1840 3805 genuit.
1874 3736 2037 3802 Atqui

465 3825 622 3880 Pater
653 3823 824 3879 factus
853 3840 958 3878 non
991 3834 1072 3878 est
1109 3844 1122 3879 :
1159 3841 1332 3894 neque
1363 3826 1532 3881 Filius
1564 3842 1694 3897 ergo
1727 3828 1899 3882 factus
1929 3827 2037 3898 35

461 3925 571 3970 est:
604 3917 693 3985 qui
725 3931 850 3969 vero
881 3917 1052 3971 factus
1087 3932 1191 3970 non
1229 3926 1342 3977 est.
1368 3917 1526 3985 quale
1561 3919 1722 3973 habet
1746 3919 2038 3974 exsistendi

461 4009 816 4078 principium?
841 4008 1154 4064 Comternns
1179 4009 1345 4077 igitur
1371 4010 1470 4063 fuit
1496 4009 1662 4067 Patri.

659 4096 898 4162 ALIUD,
927 4100 995 4151 ad
1029 4100 1102 4152 rei
1132 4097 1534 4165 explicationem
1560 4099 1844 4165 pertinens.

531 4206 630 4272 Qui
675 4207 989 4261 existimant
1022 4206 1189 4260 Deum
1228 4208 1293 4262 ab
1329 4208 1510 4279 aliquo
1559 4208 1828 4279 principio
1871 4224 2036 4279 gene-

463 4311 585 4350 rare
623 4298 882 4364 cuspisse,
909 4299 1257 4350 vehementer
1299 4299 1352 4350 in
1394 4313 1518 4352 suas
1557 4299 1796 4366 ipsorum
1833 4300 2040 4354 animas

463 4387 611 4456 impii
643 4397 788 4450 sunt,
817 4389 950 4440 nihil
981 4388 1028 4441 ei
1058 4389 1288 4456 amplius
1319 4402 1481 4454 quam
1514 4392 1664 4443 nobis
1698 4391 1991 4444 tribuentes
2023 4406 2038 4444 :

464 4480 624 4534 homo
651 4480 791 4532 enim
824 4494 944 4532 cum
975 4479 1265 4554 exsistendi
1295 4479 1507 4532 initium
1546 4476 1760 4543 habeat,
1789 4479 2038 4550 gignendi

2062 3210 2109 3272 C

2120 617 2372 687 ἀοράτου,
2411 619 2504 670 κοιλ⁸
2541 617 2851 688 ἀσωμάτου,
2897 618 2990 670 καὶ
3026 619 3128 670 ὅσα
3159 619 3383 671 τοιαῦτα
3432 619 3698 688 πρόσεστι

2119 705 2184 774 τῇ
2227 702 2345 775 θείᾳ
2379 703 2558 772 φύσει.
2593 705 2655 758 Ei
2701 705 2878 758 τοίνυν
2907 706 2966 758 οὐ
3003 707 3219 770 πάντως
3247 706 3315 759 τὰ
3343 707 3698 777 ἀντικείμενα

2119 794 2229 855 τοῖς
2261 796 2536 864 προσεῖναι
2577 794 2887 865 λεγομένοις
2931 794 3007 865 τῷ
3055 796 3250 865 Πατρὶ,
3303 796 3559 866 πρόσεστι
3617 795 3699 865 τῷ

2120 881 2254 952 Υἱῷ,
2289 882 2441 937 οὐδὲν
2489 885 2735 955 ἀδικήσει
2773 884 2865 938 τοῦ
2900 883 3030 938 Υίοῦ
3062 886 3158 956 τὴν
3192 886 3378 939 οὐσίαν
3420 889 3452 956 ἡ
3497 885 3699 956 γέννη-

2123 993 2228 1040 σις,
2269 976 2373 1031 κᾶν
2418 977 2707 1047 ἀγέννητος
2758 979 2785 1030 6
2839 979 3027 1049 Πατὴρ
3072 979 3333 1050 τυγχάνῃ.
3397 980 3589 1032 Ἔσται
3633 978 3700 1049 δὴ

2121 1066 2270 1138 αὐτῷ
2303 1069 2568 1132 συναῖδιος
2603 1070 2663 1122 οὐ
2699 1069 2914 1132 πάντως
2945 1069 3081 1139 έχων
3109 1070 3176 1122 τὰ
3211 1069 3427 1123 ἐναντία
3457 1069 3564 1122 τῶν
3592 1087 3701 1138 φυ-

2125 1159 2290 1214 σικῶν
2321 1160 2623 1232 ἰδιωμάτων
2649 1162 2836 1225 αὑτοῦ,
2867 1162 3010 1215 καθά
3037 1162 3323 1216 δέδεικται.

2137 1277 2464 1342 Ἀπόδειξις
2516 1276 2760 1345 ἐφεξῆς,
2826 1278 2954 1330 Ὅτι
3013 1275 3085 1330 τὰ
3147 1274 3524 1344 ἀντικείμενὰ
3571 1289 3703 1340 πως

2195 1347 2341 1412 πρὸς
2383 1347 2621 1414 ἄλληλα
2652 1347 2801 1400 κατὰ
2831 1347 2944 1412 τὴν
2969 1347 3322 1413 ὀνομασίαν,
3353 1346 3522 1399 κοινὰ
3551 1347 3706 1397 πολ-

2193 1416 2370 1482 λάκις
2397 1417 2520 1484 ἔχει
2556 1417 2685 1470 τινὰ
2725 1418 2843 1470 τῶν
2875 1415 3168 1486 φυσικῶν.

2196 1530 2269 1582 Οὐ
2304 1531 2519 1591 πάντως
2559 1525 2656 1582 δσά
2689 1530 2830 1583 κατά
2863 1530 2959 1598 τὴν
3004 1529 3292 1601 πρόχειρον
3345 1527 3527 1597 φωνὴν
3583 1529 3704 1597 ἦτοι

2128 1621 2186 1675 τὸ
2208 1624 2264 1674 ἐν
2289 1621 2431 1687 λέξει
2458 1623 2850 1693 σημαινόμενον
2881 1624 3137 1684 ἐναντίως
3169 1620 3281 1690 ἔχει
3312 1620 3446 1690 πρὸς
3476 1619 3704 1687 ἄλληλα,

2127 1711 2299 1764 ταῦτα
2335 1713 2427 1765 καὶ
2456 1714 2570 1764 κατ’
2605 1712 2792 1765 οὐδένα
2822 1712 3019 1783 τρόπον
3047 1710 3154 1764 τῶν
3193 1712 3292 1764 ὅσα
3333 1714 3451 1773 ταῖς
3492 1711 3705 1772 obsim;

2132 1805 2420 1875 πρόσεστιν
2476 1805 2721 1874 ἀλλήλοις
2777 1802 3228 1856 ἐπικοινωνοῦντα
3277 1802 3543 1870 φαίνεται.
3595 1801 3705 1852 Καὶ

776 1891 869 1946 sed
912 1892 1302 1946 incrementum
1349 1893 1574 1960 suscipit
1605 1892 1800 1946 animal
1836 1901 1888 1946 et
1923 1908 2026 1946 non

2135 1894 2260 1964 γοῦν
2296 1896 2355 1948 τὸ
2402 1893 2536 1959 ζῶον
2589 1895 2886 1948 ἀντίκειται
2923 1894 3001 1964 τῷ
3048 1894 3121 1964 μὴ
3185 1893 3341 1963 ζῶῳ·
3399 1893 3704 1962 ἀὶιλάῦξην

2129 1985 2436 2055 ἐπιδέχεται
2473 1984 2533 2038 τό
2563 2003 2620 2038 τε
2663 1985 2798 2048 ζῶον
2829 1986 2920 2038 καὶ
2948 1985 3007 2036 τὸ
3039 1983 3112 2055 μὴ
3148 1983 3306 2047 ζῶον,
3342 1981 3453 2036 οἷον
3481 1985 3508 2036 ὁ
3544 1986 3704 2045 ἵππος

2131 2075 2224 2127 καὶ
2270 2074 2330 2126 τὸ
2382 2074 2562 2142 φυτόν.
2619 2074 2681 2126 El
2727 2074 2782 2128 δὲ
2829 2074 3036 2137 τούτοις
3083 2074 3256 2127 καίτοι
3295 2074 3393 2144 τὴν
3443 2073 3720 2144 διαφορὰν.

2131 2167 2319 2236 ὁμοίαν
2351 2167 2450 2219 οὑκ
2482 2165 2662 2236 ἔχουσι
2690 2166 2945 2220 κοινωνία
2976 2185 3060 2230 τις
3090 2167 3216 2238 περί
3258 2185 3314 2220 τι
3353 2167 3588 2235 πρᾶγμα
3619 2167 3706 2233 γέ·

2131 2273 2278 2325 γονε,
2326 2256 2412 2318 τίς
2459 2257 2758 2324 ἀναγκάσει
2805 2257 2960 2324 λόγος
3007 2257 3125 2326 Θεῷ
3154 2257 3246 2310 καὶ
3293 2256 3464 2326 Πατρὶ
3504 2256 3710 2329 μηδένα

2133 2353 2439 2420 κοινότητος
2477 2346 2616 2404 εἶναι
2645 2351 2808 2403 τόπον
2862 2350 2994 2421 πρὸς
3032 2350 3160 2402 Υίὺν
3193 2350 3286 2403 καὶ
3327 2351 3480 2415 Θεὸν,
3519 2350 3705 2420 ἐπειδὴ

2131 2445 2158 2495 6
2196 2443 2291 2513 μὲν
2323 2441 2467 2495 ἐστιν
2502 2444 2798 2512 ἀγενήτως,
2831 2443 2858 2494 6
2891 2441 2944 2493 δὲ
2988 2441 3280 2511 γεννητῶς,
3313 2443 3405 2494 καὶ
3437 2446 3548 2504 τοῖς
3590 2441 3707 2493 6‘16—

2137 2551 2298 2603 μασιν
2352 2532 2878 2587 ἀντιδιαστέλλεσοαί
2928 2549 3044 2595 πως
3081 2531 3258 2598 δοκεῖ;
3315 2532 3442 2583 Οὐδέ
3485 2532 3593 2599 γάρ
3643 2531 3703 2581 τὺ

2134 2619 2275 2677 εἶναι
2320 2624 2542 2676 τοιῶσδε
2591 2624 2683 2675 τὸν
2719 2623 2865 2685 Υίὸν,
2903 2624 2950 2674 εί
2989 2622 3082 2674 καὶ
3115 2624 3142 2674 6
3186 2623 3374 2691 Πατὴρ
3427 2621 3498 2691 μὴ
3528 2619 3705 2681 οῦτως

2135 2712 2268 2781 ἔχει,
2300 2711 2357 2763 τὸ
2383 2711 2482 2780 τῆς
2515 2711 2702 2774 οὐσίας
2735 2710 2900 2764 αὑτοῦ
2931 2713 3150 2780 γνήσιον
3178 2712 3408 2781 ἀναιρεῖ.
3447 2711 3706 2778 Σημαίνει

2133 2801 2189 2854 δὲ
2226 2801 2443 2870 μόνονή
2493 2800 2745 2868 γέννησις
2791 2801 2849 2852 τὸ
2893 2799 3007 2863 πῶς
3037 2802 3204 2864 ἐστιν,
3241 2801 3392 2852 οὐδὲν
3417 2802 3503 2860 είς
3549 2799 3714 2853 ἀῖδιό-

2134 2909 2274 2962 τητα
2308 2891 2617 2944 Βλάπτουσα
2648 2892 2738 2944 τὸν
2765 2893 2850 2945 ἀεὶ
2875 2893 3001 2944 όντα
3033 2895 3089 2946 ἐν
3122 2892 3198 2962 τῷ
3238 2893 3427 2962 Πατρί.

2821 3006 3022 3058 AAAO.

2149 3097 2243 3151 Ἐκ
2292 3096 2396 3150 τοῦ
2435 3097 2847 3166 ἀντικειμένου
2891 3097 3170 3149 δεικνύον
3209 3096 3297 3149 ὅτι
3343 3097 3604 3165 ἄναρχος
3649 3097 3716 3150 ἐν

2697 3168 2893 3235 χρόνῳ
2926 3170 2957 3220 ὀ
3005 3169 3154 3231 Υἱός.

2210 3276 2273 3329 Εἰ
2302 3277 2409 3329 πᾶν
2434 3276 2570 3345 ὅπερ
2597 3275 2661 3328 ἂν
2692 3278 2752 3327 ἐκ
2787 3275 2981 3346 Θνητοῦ
3015 3277 3108 3330 καὶ
3133 3276 3370 3346 φθαρτοῦ
3403 3276 3714 3347 γεννηθείη,

2139 3368 2296 3421 τοῦτο
2328 3370 2541 3431 πάντως
2575 3367 2724 3420 ἔσται
2761 3367 2837 3436 τῷ
2867 3368 3094 3436 φύσαντι
3125 3369 3461 3438 προσεοικὸς,
3494 3369 3716 3438 γενητὸν

2139 3459 2339 3529 δηλαδὴ
2376 3461 2468 3513 καὶ
2504 3459 2764 3528 φθαρτόν,
2794 3459 3003 3528 ἀνάγκη
3045 3461 3192 3511 πᾶσα
3240 3459 3333 3510 καὶ
3362 3460 3422 3512 τὸ
3457 3461 3713 3523 ἐναντίον,

2139 3553 2278 3622 ὅπερ
2301 3552 2366 3604 ἀν
2397 3550 2456 3614 ἐξ
2484 3552 2744 3619 ἀγενήτου
2771 3551 2863 3602 καὶ
2891 3549 3166 3618 ἀφθάρτου
3198 3552 3540 3619 γεγέννηται,
3565 3550 3726 3603 τοῦτο,

2141 3643 2358 3705 πάντως
2399 3642 2670 3713 ἄφθαρτον
2701 3637 2840 3695 εἶναι
2870 3643 2961 3695 καὶ
3003 3643 3281 3711 ἀγένητον.
3315 3643 3466 3707 "Elis:
3502 3659 3719 3712 τοιγαρ-

2140 3735 2236 3789 οῦν
2272 3734 2414 3788 οὕτω
2455 3733 2665 3802 φύσεως
2698 3736 2726 3786 6
2760 3733 2882 3795 Υἱὸς
2911 3734 3063 3795 ὅπως
3106 3732 3170 3786 ἂν
3201 3734 3313 3802 ἔχοι
3350 3735 3440 3786 καὶ
3471 3735 3497 3785 ὀ
3524 3735 3715 3802 γεννή-

2144 3845 2242 3890 σας
2277 3826 2457 3880 αὑτόν.
2491 3827 2563 3878 Οὐ
2594 3826 2816 3893 γέγονεν
2849 3827 2903 3877 δὲ
2936 3828 2962 3878 6
2995 3827 3212 3895 Πατήρ
3250 3827 3310 3878 οὐ
3346 3827 3568 3894 γέγονεν
3612 3827 3717 3896 ἄρα

2141 3912 2262 3964 οὐδὲ
2287 3913 2316 3963 6
2348 3911 2498 3974 Υίὸς,
2530 3913 2557 3964 ό
2585 3911 2640 3963 δὲ
2675 3908 2747 3980 μὴ
2790 3908 3047 3979 γεγονὼς,
3083 3911 3242 3962 ποίαν
3288 3909 3398 3980 ἔχει
3438 3908 3530 3961 τοῦ
3578 3905 3716 3961 εἶναι

2141 4001 2244 4071 τὴν
2275 4002 2482 4072 ἀρχήνς
2511 3996 2619 4053 Ἦν
2650 3996 2742 4052 οῦν
2775 4001 2881 4068 ἄρα
2906 4000 2982 4069 τῷ
3025 4001 3200 4070 Πατρὶ
3243 4000 3535 4064 συναῖδιος,

2566 4090 2772 4156 ΑΛΑΟ,
2837 4088 3284 4157 διηγηματικῶς.

2214 4207 2276 4259 Οἱ
2323 4205 2431 4258 ἀπό
2460 4223 2603 4268 τινος
2634 4204 2807 4276 ἀρχῆς
2829 4201 3086 4274 ἄρχεσθαι
3127 4201 3218 4256 τοῦ
3257 4207 3454 4274 γεννᾷν
3479 4203 3725 4271 οἰόμενοι-

2145 4297 2235 4348 τὸν
2268 4295 2420 4360 Θεὸν,
2446 4296 2566 4349 λίαν
2596 4293 2883 4348 ἀσεϐοῦσιν
2915 4293 2993 4354 εἰς
3025 4292 3121 4356 τὰς
3157 4293 3364 4346 ἑαυτῶν
3394 4292 3590 4362 ψυχὰς,
3623 4291 3714 4343 εὑ-

2143 4393 2231 4446 δέν
2259 4391 2406 4461 αὑτῷ
2433 4391 2662 4454 διδόντες
2694 4385 2853 4440 πλέον
2887 4386 3058 4458 ἡμῶν.
3098 4387 3414 4458 ’Ἄνθρωπος
3451 4386 3547 4455 μὲν
3603 4385 3713 4454 γὰρ

2146 4486 2337 4554 ἐπειδὴ
2360 4481 2454 4538 τοῦ
2487 4483 2624 4541 εἶναι
2655 4478 2855 4550 ἤρξατο
2896 4479 3206 4547 ἀναγκαίως
3234 4479 3330 4532 καὶ
3371 4477 3462 4531 τοῦ
3507 4478 3712 4529 τίκτειν

461 4570 621 4623 etiam
661 4569 872 4622 initium
917 4547 1163 4622 habuerit
1202 4582 1423 4622 necesse
1459 4576 1576 4633 est,
1600 4578 1655 4622 et
1689 4570 1830 4638 quod
1876 4585 1942 4623 ex
1978 4585 2030 4624 se

2146 4545 2392 4648 ἄρχεται,
2419 4573 2512 4626 καὶ
2537 4572 2600 4626 τὸ
2653 4545 2710 4638 ἐξ
2735 4545 2927 4626 ἐαυτοῦ
2967 4545 3190 4642 γενητόν
3237 4570 3368 4640 ἔχει·
3394 4572 3421 4623 6
3449 4569 3503 4620 δὲ
3545 4568 3678 4631 Θεὸς
3699 4609 3713 4631 ,

462 4661 702 4730 genitum
746 4669 829 4714 est
866 4660 1054 4724 habet;
1103 4659 1240 4713 Deus
1273 4675 1428 4723 vero,
1462 4675 1581 4714 cum
1625 4659 1696 4715 sit
1738 4661 2032 4730 ingenitus,

465 4769 567 4808 non
613 4760 833 4824 generat
876 4753 927 4806 in
975 4761 1244 4820 tempore,
1280 4767 1452 4820 neque
1493 4765 1558 4806 ex
1596 4766 1655 4805 sc
1695 4751 1937 4822 genitum
1981 4753 2033 4807 in

468 4860 706 4918 tempore
749 4845 910 4899 habet
951 4862 967 4901 :
1007 4845 1103 4899 sed
1138 4845 1590 4914 quemadmodum
1632 4845 1746 4912 ipse
1787 4845 2032 4912 principii

461 4955 623 5009 atque
651 4950 798 4994 ortus
823 4953 1018 5009 expers
1043 4946 1146 4999 est,
1170 4937 1244 4990 ita
1268 4947 1321 4988 et
1344 4935 1576 4990 Verbum
1606 4937 1746 5006 quod
1771 4950 1836 4989 ex
1869 4936 2035 5006 ipsius

464 5032 764 5087 substantia
797 5031 1086 5099 processit,
1117 5027 1416 5096 principio,
1445 5038 1684 5097 tempore
1718 5037 1880 5098 atque
1915 5039 2034 5084 ortn

463 5127 696 5188 carebit,
727 5128 945 5194 perinde
976 5138 1137 5196 atque
1170 5125 1214 5179 is
1244 5125 1332 5194 qui
1366 5123 1415 5178 id
1451 5125 1655 5195 genuit.

627 5236 968 5303 Interrogatio
1000 5245 1247 5305 tanquam
1277 5251 1340 5286 ex
1369 5235 1573 5300 scriptis
1606 5233 1872 5287 Eunomii.

537 5343 726 5396 Dicant
745 5341 1200 5411 nobis,iuquiunt,
1213 5343 1304 5412 qui
1329 5341 1518 5396 Filium
1542 5343 1687 5396 Patri
1711 5353 2034 5398 maternum

467 5450 584 5489 esse
617 5442 865 5498 censent,
892 5448 958 5486 an
992 5433 1217 5489 desierit
1241 5449 1501 5504 generare
1531 5433 1723 5487 Pater?
1748 5435 2036 5488 Enimvero

467 5529 626 5583 desiit
670 5546 683 5581 :
732 5528 870 5596 Ergo
913 5528 999 5582 illa
1041 5531 1274 5583 cessatio
1310 5530 1487 5585 Patris
1530 5547 1556 5584 a
1606 5532 1912 5598 generando
1954 5541 2036 5586 est

467 5620 788 5691 principium
819 5620 1153 5676 exsistentite
1179 5621 1322 5675 Filii.

1141 5732 1363 5788 Salutio.

547 5825 605 5882 Si
640 5827 876 5882 essentia
906 5826 998 5882 Dei
1028 5843 1184 5883 omne
1217 5838 1422 5896 tempus
1449 5835 1502 5883 et
1531 5826 1849 5898 principium
1879 5838 2036 5898 atque

2143 4667 2405 4736 ἀγένητος
2433 4664 2527 4729 ὢν,
2555 4664 2655 4718 οὐκ
2685 4665 2742 4717 ἐν
2765 4663 2941 4733 χρόνῳ
2968 4663 3150 4732 γεννᾷ,
3184 4660 3303 4714 οὐδὲ
3341 4659 3567 4728 γενητὸν
3600 4659 3714 4727 ἔχει

2141 4758 2232 4811 τὸν
2263 4757 2322 4823 ἐξ
2357 4757 2570 4810 ἐαυτοῦσ
2600 4756 2716 4812 ἀλλ’
2761 4755 2948 4825 ὥσπερ
3007 4753 3167 4815 αὐτὸς
3215 4750 3446 4821 ἄναρχὸς
3479 4752 3594 4801 ἐστι
3625 4751 3716 4802 καὶ

2142 4851 2424 4921 ἀγένητος,
2459 4848 2600 4902 οὕτω
2631 4847 2722 4901 καὶ
2745 4849 2772 4900 6
2801 4847 2864 4899 ἐκ
2891 4848 2987 4915 τῆς
3012 4845 3194 4908 οὐςίας
3244 4841 3405 4896 αὑτοῦ
3440 4839 3717 4912 προελθὼν

2143 4943 2335 5011 Λόγος,
2358 4942 2610 5011 ἄναρχος,
2635 4940 2857 5010 ἀχρονος
2886 4937 3038 4991 ἔσται
3066 4938 3156 4990 καὶ
3185 4935 3444 5004 ἀγένητος
3477 4933 3664 5002 ὥσπερ
3689 4933 3717 4984 6

2143 5036 2462 5104 ἀποκυήσας
2495 5030 2674 5086 αὐτόν.

2423 5233 2740 5300 Ἐρώτησις
2773 5232 2853 5296 ὼς
2883 5231 2949 5281 ἐκ
2981 5227 3096 5280 τῶν
3127 5227 3448 5293 Εὐνομιόυ.

2214 5349 2534 5416 Λεγέτωσαν
2578 5348 2727 5416 ἡμῖν,
2757 5344 2938 5411 φασιν,
2985 5343 3032 5393 οἱ
3080 5340 3155 5409 τῷ
3212 5340 3384 5409 Πατρὶ
3441 5339 3536 5390 τόν
3589 5340 3716 5391 Υίδν

2146 5441 2413 5494 συναΐδιον
2459 5436 2596 5492 εἶναι
2649 5436 2968 5504 φάσκοντες,
3020 5433 3296 5486 ἐπαύσατο
3332 5431 3425 5483 τοῦ
3457 5433 3651 5500 γεννᾷν
3687 5431 3718 5483 6

2145 5533 2364 5603 ΙΙατήρ;
2413 5529 2717 5585 Ἐπαῦσατο
2769 5526 2846 5580 δέ.
2893 5525 3091 5596 ’Δρχὴν
3131 5520 3223 5577 οῦν
3269 5523 3494 5591 ἔχειτοῦ
3527 5519 3718 5576 εἶναιό

2147 5624 2291 5685 Υἱὸς,
2324 5622 2420 5691 τὴν
2444 5623 2500 5673 ἐν
2529 5619 2605 5689 τῷ
2629 5619 2823 5688 γεννᾷν
2849 5617 3189 5671 κατάπαυσιν
3213 5613 3304 5666 τοῦ
3338 5615 3569 5682 Πατρός.

2603 5731 2758 5798 Πρὸς
2815 5730 2992 5782 τοῦτο
3045 5728 3243 5790 λύσις.

2218 5827 2277 5878 Εἰ
2315 5823 2508 5886 παντὸς
2549 5821 2803 5891 ἀνωτέρω
2864 5821 3053 5894 χρόνον
3105 5821 3195 5872 καὶ
3232 5814 3403 5884 ἀρχῆς
3434 5815 3464 5883 ἢ
3495 5815 3712 5885 διαστή-
