4056 6264
321 389 382 444 61
1741 377 2008 432 THESAE
2025 373 2180 428 tit‘s.
3515 347 3582 398 οι

325 515 490 567 ματος
519 500 552 567 ὴ
580 497 742 549 οὐσία
765 496 864 548 τοῦ
892 493 1045 559 Θεοῦ,
1077 493 1326 562 ἀνωτέρα
1351 491 1552 544 τούτων
1575 489 1726 542 ἔσται
1753 489 1849 541 καὶ
1877 489 1910 555 ἡ

2037 484 2246 552 patiutn
2305 485 2523 546 superat
2543 515 2556 536 ,

322 587 600 656 γέννησις,
627 586 728 638 καὶ
750 587 810 638 οὗ
841 585 1050 644 πάντως
1071 581 1434 652 ἀποστερήσει
1465 579 1560 648 τὴν
1581 579 1728 631 θείαν
1751 577 1913 646 φύσιν

319 676 416 729 τοῦ
445 675 720 730 δύνασθαι
741 676 953 744 γεννᾷν,
991 673 1052 726 τὸ
1081 671 1156 742 μὴ
1199 673 1258 724 ὲν
1301 670 1479 742 χρόνῳ
1527 669 1686 722 τοῦτο
1717 669 1910 719 ποιεῖν.

325 769 568 839 Ἕτερος
591 768 701 838 γὰρ
719 765 868 836 παρὰ
889 765 978 818 τὸν
999 762 1338 836 ἀνθρώπινον
1363 765 1392 815 ὁ
1415 761 1612 832 τρόπος
1636 759 1735 828 τῆς
1765 757 1916 820 θείας

327 863 670 932 γεννήσεως.
709 858 872 928 Ὁμοῦ
895 857 1004 926 γὰρ
1040 855 1118 925 τῷ
1145 850 1284 908 εῖναι
1307 854 1398 907 τδν
1422 853 1550 906 Θεὸν
1579 849 1674 904 καὶ
1705 849 1768 902 τὸ
1789 863 1912 916 γεν-

329 949 436 1021 νᾷν
465 946 616 1016 αὐτῷ
648 949 1060 1010 συνεπινοεῖται,
1095 944 1188 998 καὶ
1215 939 1284 1014 ἦν
1322 944 1379 994 ὲν
1405 939 1552 1011 αὐτῷ
1579 941 1856 1008 γεννητιῖκ
1885 939 1914 990 ὁ

335 1044 492 1106 Υἱὸς,
521 1044 582 1096 οὐ
603 1043 1010 1113 προτρέχουσαν
1035 1038 1174 1107 ἔχων
1195 1038 1294 1101 τὴν
1333 1035 1584 1104 γέννησιν
1620 1031 1722 1100 τῆς
1747 1029 1918 1100 ὑπάρ-

343 1131 497 1198 ξεως,
529 1131 640 1185 ἀλλ’
663 1131 780 1201 ἅμα
803 1131 900 1184 καὶ
923 1128 998 1181 ὢν
1025 1127 1112 1180 ἀεὶ
1141 1125 1436 1195 γεννητῶς.

1023 1241 1228 1294 ΑΛΛΟ.

421 1333 480 1388 Ὁ
515 1335 794 1404 τολμήσας
825 1335 1026 1386 εἰπεῖν’
1061 1331 1424 1384 Κατέπαυσεν
1449 1328 1555 1396 ἄρα
1585 1321 1680 1378 τοῦ
1723 1321 1920 1391 γεννᾷν

336 1427 364 1478 ὁ
387 1427 596 1498 Πατὴρ,
621 1426 854 1496 ἀφύκτῳ
879 1423 1188 1494 δυσφημίας
1217 1421 1522 1490 ἐγκλήματι
1547 1415 1922 1488 περιπεσεῖται

333 1517 576 1582 δικαίως.
614 1518 778 1588 Τρεῖς
815 1519 928 1588 γὰρ
974 1514 1292 1576 ἀλλοιώσεις
1341 1511 1584 1582 εἰσφέρει
1641 1509 1772 1578 περὶ
1815 1505 1916 1576 τὴν

341 1608 491 1662 θείαν
530 1609 714 1678 φύσιν.
762 1611 1006 1680 Ἀνάγκη
1045 1607 1156 1678 γὰρ
1203 1607 1356 1659 πᾶσα
1399 1605 1466 1674 τῇ
1522 1599 1920 1670 διαστηματικῇ

341 1703 594 1771 γεννήσει
639 1705 788 1771 τρεῖς
846 1702 1026 1754 δοῦναι
1073 1701 1318 1770 χρόνους.
1349 1696 1486 1749 Ἕνα
1527 1695 1646 1765 μὲν,
1697 1691 1790 1744 τὸν
1819 1689 1924 1761 πρὸ

345 1792 444 1860 τῆς
463 1793 794 1860 γεννήσεως·
823 1791 1066 1862 δεύτερον
1104 1791 1178 1856 δὲ,
1208 1790 1296 1842 τὸν
1319 1791 1376 1842 ὲν
1409 1784 1558 1856 αὐτῷ
1587 1783 1664 1854 τῷ
1693 1783 1918 1852 γεννᾷν·
1957 1817 1998 1876 Β

353 1881 540 1950 τρίτον
571 1879 650 1945 δὲ,
681 1880 770 1932 τὸν
817 1882 954 1952 μετά
979 1881 1080 1952 τὴν
1111 1881 1376 1950 γέννησιν.
1409 1877 1474 1930 Ei
1519 1875 1574 1926 δὲ
1615 1877 1672 1927 ὲν
1713 1869 1924 1932 τούτοις

363 1969 550 2038 γέγονε
589 1971 718 2034 Θεὸς
761 1973 1059 2044 ἀρχόμενος
1090 1973 1184 2028 τοῦ
1237 1973 1454 2042 γεννᾷν,
1496 1969 1588 2022 καὶ
1635 1965 1924 2034 γεννήσεις.

359 2060 449 2112 καὶ
479 2061 850 2128 καταπαύσας,
877 2065 996 2130 πῶς
1039 2065 1142 2118 οὐκ
1184 2062 1484 2134 momen;
1521 2059 1636 2121 πῶς
1679 2057 1732 2109 δε
1763 2053 1926 2115 αὐτὸς

347 2149 496 2203 ἔσται
526 2151 634 2206 τῶν
671 2153 886 2208 αἰώνων
911 2158 1185 2225 ποιητής;
1213 2157 1246 2226 ἢ
1287 2155 1403 2216 πῶς
1437 2150 1724 2220 ἀληθεύσει
1753 2147 1928 2212 λέγων

341 2243 370 2293 ὁ
398 2241 612 2337 ξῖαῖδλος
671 2247 801 2316 περῖ¹
830 2248 1098 2317 Χριστοῦ,
1135 2250 1219 2301 ὅτι
1275 2267 1293 2300 ι
1341 2245 1413 2298 Δι’
1445 2244 1606 2298 αὑτοῦ
1650 2241 1836 2308 γέγονε
1861 2235 1930 2290 τά

346 2333 554 2433 scitura,
573 2353 594 2385 ι
617 2335 818 2406 καιροῦ
853 2337 1280 2406 μεσολαϐοῦντος
1301 2339 1396 2390 καὶ
1413 2335 1662 2404 ἀνωτέρω
1681 2331 1928 2402 κειμένου

353 2439 457 2492 της
485 2425 802 2494 γεννήσεως
853 2425 1044 2490 αὑτοῦ,
1100 2427 1242 2481 κατὰ
1285 2427 1383 2496 τὴν
1425 2425 1532 2476 τῶν
1567 2423 1932 2493 χριστομαχων

355 2516 566 2586 μανίαν
587 2535 602 2582 ;

1049 2609 1252 2660 AAAO.

429 2725 518 2777 Ἐν
546 2723 728 2794 χρόνῳ
757 2723 856 2792 μὲν
884 2721 946 2774 οὐ
981 2720 1152 2773 τίκτει
1177 2719 1328 2780 Θεὸς,
1380 2717 1408 2769 6
1443 2715 1647 2787 χρόνων
1673 2709 1932 2779 ἀνωτέρω

347 2816 610 2887 κειμένην
635 2814 778 2884 ἔχων
807 2814 906 2884 τὴν
933 2813 1116 2882 φύσιν·
1142 2811 1260 2864 οὐδὲ
1287 2809 1554 2876 ἀνάγκαις
1583 2803 1934 2860 ὑποκείσεταί

353 2924 506 2973 τισιν,
533 2909 562 2960 6
589 2905 770 2958 πάντα
813 2901 1327 2975 ὑπεραναϐεὸηκὼς.
1378 2902 1452 2953 Οὐ
1503 2900 1722 2960 πάντως
1765 2897 1822 2948 δὲ
1873 2893 1936 2947 τὸ

357 2999 552 3056 τίκτειν
583 2995 849 3067 πεφυκὸς,
883 2995 946 3050 ἐκ
979 2993 1072 3049 τοῦ
1117 2993 1188 3065 μὴ
1213 2993 1417 3048 τίκτειν
1457 2993 1534 3055 εἰς
1567 2987 1724 3044 τοῦτο
1751 2987 1938 3060 πρόειη

365 3109 464 3154 σιν,
485 3091 602 3143 οὐδὲ
628 3089 813 3159 ἐπειδὴ
841 3089 1046 3141 τίκτειν
1077 3084 1203 3150 οἶδε,
1234 3087 1454 3147 παντως
1479 3087 1572 3138 καὶ
1601 3081 1932 3136 καταπαύει.

371 3181 475 3234 Καὶ
498 3181 622 3250 γοῦν
643 3183 800 3251 γεννᾷ
829 3181 927 3250 μὲν
975 3179 1034 3244 ἐξ
1065 3179 1254 3232 ἑαυτοῦ
1286 3178 1348 3230 τὸ
1380 3177 1494 3247 πῦρ
1545 3178 1642 3246 τήν
1684 3193 1742 3227 τε

374 3273 530 3341 φύσιν
557 3271 698 3343 αὐτῷ
721 3274 1026 3344 προσοῦσαν
1059 3273 1376 3342 θερμότητα
1397 3271 1491 3322 καὶ
1519 3269 1610 3320 τὸν
1633 3265 1936 3336 φωτισμόν·

370 3365 488 3416 οὔτε
513 3364 566 3416 δὲ
587 3366 649 3417 ἐκ
676 3365 766 3417 τοῦ
795 3365 870 3436 μὴ
904 3360 1046 3417 εἶναι
1074 3362 1278 3434 θερμὸν
1330 3363 1412 3422 εἰς
1444 3359 1600 3412 τοῦτο
1639 3357 1938 3428 προῆλθεν,

363 3454 482 3507 οὔτε
507 3455 844 3508 πεπαύσεται
868 3454 1074 3522 γεννῶν
1093 3454 1155 3505 τὸ
1175 3453 1316 3505 κατὰ
1351 3449 1517 3520 φύσιν
1543 3449 1692 3518 αὐτῷ
1720 3447 1936 3518 προσόν·

361 3547 474 3600 ἀλλ’
503 3545 618 3618 ἅμα
657 3547 850 3616 γέγονε
913 3545 1044 3615 πῦρ,
1103 3547 1197 3598 καὶ
1252 3539 1321 3614 ἦν
1367 3539 1520 3612 αὐτῷ
1547 3541 1612 3593 τὰ
1641 3539 1824 3593 αὑτοῦ.
1877 3539 1940 3592 Εἰ

361 3641 534 3695 τοίνυν
558 3641 648 3695 καὶ
679 3639 903 3692 ἐπὶτῶν
940 3636 1324 3707 πεποιημένων
1353 3633 1504 3703 παρά
1533 3631 1669 3686 Θεοῦ
1697 3632 1938 3694 τοιοῦτος

364 3735 609 3804 φαίνεται
637 3735 948 3804 γεννήσεως
975 3731 1194 3801 τρόπος,
1224 3728 1339 3793 πῶς
1387 3729 1488 3780 οὐκ
1527 3725 1720 3789 ἀσεδὲς
1755 3725 1830 3795 μὴ
1875 3724 1945 3777 τὰ

364 3825 536 3897 μείζω
566 3825 920 3897 παραχωρεῖν
972 3820 1141 3892 αὐτῷ,
1187 3820 1292 3874 κᾶν
1343 3819 1418 3890 μὴ
1449 3817 1627 3888 φθάνῃ
1660 3815 1794 3887 πρὸς
1845 3833 1944 3867 κα-

360 3919 592 3988 τάληψιν
627 3919 726 3988 τῆς
777 3913 1020 3987 μεγάλης
1060 3911 1224 3966 αὐτοῦ
1256 3911 1469 3980 φύσεως
1529 3910 1556 3962 6
1606 3905 1947 3978 ἀνθρώπινος

359 4007 523 4076 vbis;

1057 4203 1261 4256 AAAO.

433 4319 512 4371 Τὸ
534 4317 767 4388 γενητὸν
792 4313 926 4386 πρὸς
949 4314 1008 4368 τὸ
1030 4313 1318 4383 ἀγένητον,
1351 4312 1448 4364 καὶ
1477 4309 1540 4364 τὸ
1565 4305 1786 4378 ποιηθὲν
1813 4305 1950 4376 πρὸς

357 4411 422 4470 τὸ
457 4411 534 4480 μὴ
566 4407 937 4478 πεποιημένον
962 4405 1158 4475 πολλὴν
1181 4404 1294 4474 ἔχει
1323 4403 1422 4472 τὴν
1449 4399 1752 4454 διάστασιν·
1796 4397 1952 4450 ἐναν-

1795 3173 1938 3226 uti
1966 3171 2008 3230 ο
2041 3155 2254 3225 quidem
2299 3149 2520 3220 gignere
2564 3139 2708 3194 novit

2618 470 2898 543 generatio
2959 479 3176 534 quoque
3239 463 3352 516 haec
3407 457 3584 514 omnia

2017 571 2322 644 superabit;
2357 583 2528 636 neque
2557 563 2776 617 omnino
2803 557 3034 630 privahit
3061 555 3300 606 divinam
3335 557 3584 604 naturam

2015 666 2271 720 facultate
2303 657 2618 732 generandi,
2638 654 2778 724 quod
2805 667 2908 710 non
2933 651 2985 704 in
3009 657 3249 714 tempore
3273 645 3376 698 hoc
3405 639 3584 694 iaciat.

2017 757 2271 812 Diversus
2313 753 2458 808 enim
2505 759 2588 804 est
2628 747 2825 803 divinae
2873 737 3244 813 generationis
3291 733 3482 788 modus
3522 731 3590 784 ab

2017 850 2270 904 humano.
2290 843 2462 899 Simul
2491 841 2633 896 enim
2663 847 2716 893 et
2740 851 2858 891 esse
2883 843 2937 888 et
2959 843 3218 902 generare
3241 827 3407 880 Deum
3435 821 3592 877 intel-

2015 941 2251 1010 ligimus,
2277 945 2506 1006 eratque
2539 935 2590 986 in
2627 933 2742 1002 ipso
2775 928 2986 1000 genitus
3011 923 3212 984 Filius;
3247 931 3424 986 neque
3449 927 3586 984 pra-

2017 1031 2160 1087 cedit
2183 1028 2462 1100 generatio
2491 1025 2606 1093 ejus
2635 1019 3006 1076 casis-tentiam
3025 1059 3040 1082 ,
3069 1013 3164 1070 sed
3193 1009 3350 1067 simul
3373 1015 3432 1088 et
3453 1004 3592 1058 exsi-

2017 1121 2110 1176 stit
2141 1133 2356 1187 semper
2383 1127 2436 1172 et
2465 1121 2774 1186 generatur.

2699 1223 2928 1280 ALIUD.

2091 1327 2194 1394 Qui
2243 1338 2404 1378 ausus
2453 1329 2536 1376 est
2583 1319 2764 1372 dicere
2817 1335 2830 1368 :
2889 1311 3056 1366 Desiit
3109 1309 3290 1376 itaque
3341 1317 3597 1374 generare

2017 1414 2516 1484 Pater,inevitahile
2541 1408 2886 1478 blasphemia:
2908 1405 3112 1456 crimen
3133 1397 3596 1452 meritoincurret.

2021 1509 2158 1564 Tres
2190 1505 2332 1561 enim
2368 1501 2690 1556 mutationes
2725 1498 2776 1550 in
2813 1495 3052 1548 divinam
3089 1497 3336 1543 naturam
3371 1483 3599 1536 inducit.

2025 1601 2254 1656 Necesse
2281 1595 2542 1665 siquidem
2565 1593 2718 1646 estin
2743 1585 3088 1660 generatione
3125 1576 3463 1634 intervallata
3495 1573 3599 1626 tria

2026 1693 2141 1748 dari
2189 1701 2447 1758 tempora.
2489 1685 2662 1740 Unum
2709 1681 2954 1750 quidem,
2993 1683 3118 1730 ante
3161 1667 3598 1744 generationem;

2029 1784 2290 1844 alterum,
2324 1780 2374 1832 in
2406 1779 2516 1846 ipsa
2547 1775 2926 1845 generatione;
2958 1767 3206 1830 tertium,
3233 1771 3350 1832 post
3379 1773 3604 1828 genera—

2033 1875 2254 1930 tionem.
2287 1871 2343 1924 Si
2397 1883 2524 1936 ergo
2577 1867 2648 1920 ita
2701 1863 2884 1929 genuit
2927 1861 3102 1922 Deus,
3139 1867 3198 1910 ut
3243 1861 3298 1908 et
3343 1847 3599 1918 inceperit

2031 1967 2270 2038 gignere,
2291 1971 2344 2015 et
2365 1959 2629 2030 genuerit.
2650 1963 2702 2008 et
2723 1953 2964 2014 desierit,
2985 1965 3090 2016 quo
3115 1955 3272 2016 pacto
3297 1937 3606 1997 mutationis

2037 2071 2234 2126 expers
2268 2051 2402 2108 fuit?
2439 2061 2528 2104 aut
2557 2065 2666 2118 quo
2701 2057 2858 2116 pacto
2891 2045 3004 2114 ipse
3039 2037 3236 2094 saecula
3269 2029 3608 2090 condiderit?

2031 2157 2124 2206 aut
2147 2161 2254 2216 quo
2283 2153 2440 2214 pacto
2467 2155 2592 2196 vere
2633 2139 2698 2194 de
2727 2137 2946 2192 illiristo
2977 2131 3191 2194 dixerit,
3227 2147 3246 2180 ι
3281 2126 3466 2182 omnia
3515 2137 3609 2192 per

2031 2257 2152 2298 curn
2183 2241 2322 2292 facta
2351 2236 2462 2307 36
2487 2247 2608 2288 esse
2629 2231 2710 2284 5"?
2737 2248 2756 2280 ι
2787 2229 2920 2282 Cum
2951 2235 3006 2280 et
3037 2235 3244 2292 tempus
3273 2219 3416 2274 inter
3441 2215 3610 2284 ipsius

2031 2331 2436 2405 generationem
2461 2325 2798 2392 interiectum
2822 2319 3006 2382 fuerit,
3023 2325 3250 2383 eamque
3271 2307 3612 2382 praecesserit

2031 2423 2188 2494 juxta
2221 2421 2468 2474 insanam
2501 2415 2738 2470 hostium
2765 2411 2858 2464 Dei
2891 2407 3222 2476 opinionem.

2720 2565 2952 2623 ALIUD.

2111 2695 2248 2748 Deus
2281 2707 2386 2744 non
2417 2685 2584 2757 gignit
2613 2683 2664 2736 in
2701 2692 2972 2746 tempore,
3005 2673 3202 2742 quippe
3237 2666 3388 2734 cujus
3424 2673 3612 2716 natura

2037 2785 2182 2842 ontni
2213 2795 2456 2849 tenzpore
2485 2775 2730 2844 superior
2759 2783 2842 2825 est
2868 2785 2880 2822 :
2913 2781 3084 2834 neque
3117 2763 3322 2830 legibus
3347 2757 3465 2812 ullis
3491 2757 3618 2808 δυιι-

2034 2879 2198 2946 jaeet,
2225 2873 2314 2944 qui
2349 2867 2528 2924 omnia
2563 2863 2916 2918 transcendit.
2945 2855 3126 2926 Neque
3147 2867 3276 2906 vero
3312 2851 3364 2902 in
3403 2848 3620 2900 univer-

2041 2945 2160 3024 sum
2197 2969 2246 3020 id
2275 2963 2416 3034 quod
2445 2957 2696 3030 gignendi
2727 2953 2982 3006 facultate
3011 2945 3290 3016 praeditum
3323 2950 3428 3002 est,
3455 2953 3484 2990 a
3513 2951 3618 2990 non

2043 3027 2307 3135 gignendo
2351 3054 2416 3110 ad
2448 3027 2796 3123 igiguendum
2847 3038 3124 3109 procedit;
3169 3046 3340 3100 neque
3383 3027 3623 3097 quando—

2725 3175 2740 3202 ,
2778 3135 2996 3205 gignere
3039 3125 3260 3179 omnino
3305 3119 3522 3173 desinit.
3563 3115 3620 3168 Si

2039 3203 2252 3314 quidem
2288 3203 2508 3306 gtiguis
2539 3231 2706 3301 gignit
2735 3203 2798 3278 es
2834 3235 2891 3276 se
2921 3212 3239 3272 naturaliter
3265 3206 3366 3263 sibi
3407 3203 3622 3260 insitum

2044 3295 2107 3314 τί
2145 3295 2149 3296 κ
2391 3295 2418 3306 υ
2544 3295 2566 3301 -
2595 3295 2617 3300 -

2039 3335 2274 3390 calorem
2316 3337 2370 3383 et
2409 3327 2620 3387 lumen;
2669 3329 2845 3386 neque
2895 3325 3026 3364 vero
3069 3320 3138 3360 ex
3185 3317 3290 3357 non
3339 3298 3512 3354 calido
3561 3295 3624 3346 ad

2038 3427 2274 3482 calidum
2319 3416 2616 3490 processit;
2659 3423 2834 3478 neque
2874 3405 3082 3458 desinet
3125 3399 3344 3468 gignere
3391 3393 3440 3446 id
3485 3389 3626 3456 quod

2041 3515 2364 3574 naturaliter
2395 3511 2447 3566 ei
2485 3511 2628 3562 inest
2663 3523 2676 3559 :
2716 3501 2809 3558 sed
2843 3495 3002 3552 simul
3039 3509 3100 3547 ac
3137 3493 3312 3544 factus
3348 3495 3432 3540 est
3465 3481 3626 3552 ignis,

2041 3617 2198 3664 erant
2229 3607 2395 3662 etiam
2437 3604 2490 3658 in
2528 3617 2593 3655 eo
2629 3611 2750 3666 quae
2783 3593 2900 3660 ejus
2923 3597 3070 3652 sunt,
3095 3583 3245 3638 calor
3282 3579 3533 3632 nimirum
3575 3585 3629 3624 et

2045 3681 2246 3756 lumen.
2306 3697 2362 3752 Si
2409 3708 2539 3763 ergo
2597 3691 2760 3745 etiam
2809 3687 2862 3738 in
2908 3681 3107 3737 creatis
3153 3691 3180 3728 a
3223 3673 3330 3726 Deo
3367 3661 3628 3734 ejusmodi

2045 3789 2410 3862 generationis
2439 3773 2628 3838 modus
2655 3779 2920 3837 cernitur,
2943 3787 3051 3842 quo
3086 3779 3242 3838 pacto
3277 3779 3379 3817 non
3410 3758 3632 3827 impiun.

2047 3882 2237 3946 fuerit,
2267 3881 2310 3934 si
2342 3893 2444 3931 non
2478 3873 2648 3928 multo
2681 3869 2885 3936 majora
2917 3864 3026 3918 Deo
3059 3859 3392 3915 tribuamus,
3422 3845 3628 3901 tametsi

2049 3977 2316 4031 humanus
2364 3968 2667 4023 intellectus
2711 3961 2904 4014 divinae
2949 3963 3155 4009 natum
3201 3940 3628 4012 magnitudinem

2050 4065 2330 4138 percipere
2355 4073 2460 4114 non
2493 4052 2696 4126 possit?

2733 4175 2964 4236 ALIUD.

2119 4308 2373 4366 Genitum
2401 4301 2470 4358 ab
2501 4293 2740 4370 ingenito
2762 4333 2777 4360 ,
2804 4300 2858 4346 et
2887 4289 3090 4343 factum
3124 4299 3152 4336 a
3187 4295 3292 4334 non
3327 4276 3470 4332 iacto
3499 4289 3636 4328 mu.-

2051 4414 2170 4461 tum
2203 4405 2404 4459 distant
2433 4418 2449 4455 :
2484 4393 2754 4453 contraria
2786 4389 2933 4446 enim
2963 4387 3102 4440 inter
3129 4397 3186 4436 se
3217 4393 3336 4434 esse
3367 4375 3636 4430 videntur.

359 4503 453 4556 τία
481 4501 590 4573 γὰρ
617 4497 869 4570 ἀλλήλοις
897 4497 968 4550 τὰ
999 4494 1226 4550 τοιαῦτα
1251 4495 1520 4563 φαίνεται.
1545 4491 1616 4544 Εἰ-
1637 4489 1816 4544 τοίνυν
1843 4487 1936 4540 πᾶι

2059 4497 2114 4554 Si
2165 4497 2330 4567 igitur
2375 4505 2536 4548 omne
2582 4485 2726 4556 quod
2781 4499 2846 4537 ex
2891 4481 3033 4534 facto
3081 4475 3350 4546 gignitur,
3391 4475 3638 4522 naturam

369 4596 513 4663 ὅπερ
543 4593 606 4646 ἂν
635 4595 700 4646 ὲκ
727 4587 960 4662 γενητοῦ
991 4589 1240 4658 γένηται,
1277 4585 1559 4639 ἀκολουθεῖ
1617 4581 1833 4643 πάντως
1884 4581 1950 4650 τῇ

372 4685 556 4754 οἰκεία
583 4684 763 4752 φύσει,
796 4681 892 4744 καὶ
923 4679 1040 4733 ἐστι
1057 4678 1284 4748 γενητὸν
1306 4675 1393 4728 διὰ
1413 4675 1473 4728 τὸ
1499 4676 1564 4727 ἐκ
1589 4670 1834 4726 τοιούτου
1855 4668 1954 4739 τὴν

376 4775 611 4846 ὕπαρξιν
635 4773 798 4844 ἔχειν,
831 4771 1144 4839 ἀναγκαίως
1165 4769 1316 4821 ἔσται
1344 4767 1438 4820 καὶ
1466 4767 1524 4820 τὸ
1555 4764 1820 4828 ἐναντίον,
1859 4762 1956 4814 καὶ

376 4869 490 4920 πᾶν
517 4868 650 4934 ὅπερ
695 4867 762 4920 ἂν
786 4863 846 4930 ἐξ
869 4865 1134 4934 ἀγενήτου
1183 4858 1442 4929 γεννηθῇ,
1468 4857 1626 4910 τοῦτό
1656 4858 1804 4908 ἐστιν
1828 4853 1957 4921 ἀγὲ-

374 4976 558 5030 νητον.
597 4957 859 5028 Ἐγενήθη
920 4955 977 5008 δὲ
1027 4956 1053 5007 6
1114 4951 1239 5015 Υἱὸς
1270 4950 1330 5014 ἐξ
1391 4949 1656 5019 ἀγενήτου
1706 4935 1998 5014 Πατρός⁶⁸

368 5051 637 5120 ἀγένητος
659 5049 770 5120 ἄρα
801 5049 897 5101 καὶ
927 5044 1088 5108 αὐτὸς
1141 5044 1236 5096 καὶ
1279 5041 1356 5111 τῷ
1408 5041 1624 5094 τεκόντι
1649 5036 1916 5098 σνναῖδιος
1939 5075 1953 5099 ,

371 5142 566 5209 σώζων
603 5145 660 5196 ὲν
679 5140 860 5210 ἑαυτῷ
883 5141 984 5210 τῆς
1029 5135 1286 5208 πατρῴας
1325 5135 1538 5202 φύσεως
1557 5132 1619 5183 τὸ
1647 5129 1884 5199 ἀξίωμα.

635 5255 956 5320 Ἄντίθεσις
1006 5252 1085 5318 ὡς
1117 5251 1184 5304 ἐκ
1221 5247 1343 5301 τῶν
1384 5241 1712 5313 αἱρετικὼν.

449 5370 606 5425 Κατὰ
628 5369 790 5425 τοῦτό
825 5385 1006 5439 φαμεν
1053 5367 1146 5420 καὶ
1194 5362 1348 5418 αὐτοὶ
1401 5358 1665 5414 συναῒδιον
1698 5349 1836 5409 εἶναι
1889 5354 1964 5422 τῷ

373 5463 556 5535 Πατρὶ
585 5463 677 5516 τὸν
711 5461 864 5527 Υίδν,
899 5460 961 5512 οὐ
1004 5457 1141 5511 καθὸ
1171 5451 1240 5525 ἦν
1271 5455 1358 5508 ἀεὶ
1403 5453 1498 5505 σὺν
1547 5447 1716 5518 αὐτῷ,
1751 5445 1862 5498 ἀλλ’
1885 5446 1964 5496 ὅτι

367 5557 434 5614 τὸ
469 5555 644 5609 θέλειν
670 5555 761 5610 ἀεὶ
789 5553 884 5607 τὸν
909 5550 1042 5606 Tib»
1071 5543 1214 5618 εῖχεν
1244 5548 1273 5599 6
1296 5544 1482 5616 Πατὴρ
1510 5545 1566 5596 ὲν
1588 5537 1785 5610 ἐαυτῷ,

447 5817 495 5852 ⁸⁵
519 5814 674 5884 Joan.
709 5833 746 5884 ι,
784 5815 845 5876 5.

2055 4605 2208 4646 suam
2239 4587 2460 4642 omnino
2485 4585 2755 4652 sequitur,
2776 4587 2826 4631 et
2851 4573 3051 4627 factum
3081 4577 3162 4622 est
3186 4574 3472 4635 prOpterea
3499 4557 3640 4626 quod

2052 4697 2119 4738 ex
2145 4681 2231 4735 tali
2261 4677 2636 4735 exsisteutiam
2661 4684 2811 4726 suam
2839 4667 3065 4724 habeat;
3093 4659 3427 4714 contrarium
3455 4652 3639 4704 eadem

2053 4774 2216 4828 etiam
2247 4771 2458 4824 ratione
2487 4781 2547 4821 se
2579 4766 2776 4819 haheat
2805 4771 3028 4813 necesse
3058 4761 3171 4814 est,
3201 4761 3252 4802 et
3281 4741 3542 4815 quidquid
3577 4752 3638 4788 ex

2057 4880 2164 4918 non
2205 4862 2350 4916 facto
2393 4858 2653 4929 gignitur,
2683 4869 2790 4907 non
2833 4851 3032 4904 factum
3075 4845 3236 4898 etiam
3282 4843 3384 4891 est.
3413 4831 3644 4886 Genitus

2063 4965 2244 5008 autem
2269 4950 2538 5006 estFilius
2567 4964 2632 5001 ex
2665 4961 2770 4998 non
2797 4943 2941 4996 facto
2976 4939 3164 4998 Patre;
3192 4943 3319 4996 ergo
3345 4937 3398 4978 et
3424 4925 3535 4990 ipse
3561 4928 3647 4972 est

2063 5061 2170 5101 non
2205 5045 2410 5102 factus,
2442 5050 2494 5092 et
2531 5035 2761 5104 genitori
2797 5045 2897 5085 suo
2933 5035 3232 5081 comternus
3265 5025 3379 5079 est,
3408 5023 3644 5083 paterna:

2065 5149 2268 5196 natura:
2301 5132 2618 5202 dignitatem
2652 5127 2705 5177 in
2736 5140 2796 5176 se
2825 5123 3082 5175 retinens.

2525 5234 2760 5303 Objectio
2803 5225 3188 5282 lawreticorum.

2139 5360 2246 5414 tlac
2279 5353 2510 5414 ratione,
2537 5344 2806 5415 inquiunt,
2829 5336 2992 5392 etiam
3022 5347 3118 5386 nos
3145 5339 3472 5385 cogitet-num
3499 5317 3644 5372 Patri

2067 5453 2260 5508 Filium
2285 5461 2402 5504 esse
2425 5442 2678 5502 dicimus,
2699 5451 2805 5490 non
2828 5427 2970 5500 quod
2993 5439 3205 5492 semper
3223 5435 3343 5475 cum
3369 5420 3489 5485 ipso
3510 5421 3648 5471 erat,

2069 5544 2162 5600 sed
2193 5540 2338 5611 quod
2369 5535 2700 5590 voluntatem
2740 5518 2973 5582 habendi
3003 5515 3198 5571 Filium
3237 5510 3397 5564 Pater
3434 5512 3642 5568 semper

2091 5639 2141 5692 in
2178 5650 2235 5689 se
2270 5626 2538 5688 habuerit.
