4056 6264
412 364 479 418 63

1091 474 1314 529 Salutio.

484 590 653 658 Atqui.
693 591 791 642 hoc
835 587 1256 657 nugaeissimum
1304 597 1420 651 est,
1457 597 1511 640 et
1557 586 1996 655 incomparabilis
2027 584 2072 640 Α

411 679 689 748 eujusdam
727 678 1007 732 dementia:
1044 676 1388 732 manifestum
1424 687 1820 746 argumentum.
1859 678 1989 743 Quis

412 771 555 824 enim
582 770 792 839 ignorat
813 771 878 824 de
899 769 1122 838 singulis
1141 771 1304 824 etiam
1330 772 1595 825 creaturis
1624 771 1988 840 producendis

413 863 745 916 voluntatem
777 863 836 914 in,
859 861 993 916 Filio
1021 861 1222 916 fuisse?
1245 860 1443 916 Valens
1473 861 1620 916 enim
1657 863 1836 916 omnia
1866 861 1992 916 fecit

413 951 678 1019 Creator,
711 968 884 1020 neque
946 955 1151 1022 absque
1212 954 1328 1023 ejus
1395 955 1669 1008 voluntate
1731 966 1996 1009 creaturae

415 1045 582 1114 ipsius
615 1046 901 1099 exsistunt.
932 1044 1190 1111 Quaenam
1227 1046 1390 1114 igitur
1414 1056 1498 1100 est
1533 1045 1834 1100 tlill‘erentia
1871 1046 1993 1100 Filii

414 1147 468 1190 et
503 1135 750 1200 factum,
778 1145 1042 1191 creaturae
1079 1147 1133 1190 et
1168 1137 1491 1206 genimiuis,
1523 1137 1629 1207 37
1666 1139 1708 1192 si
1748 1137 1996 1191 voluntas

413 1226 479 1279 de
518 1225 759 1294 utrisque
794 1226 848 1280 in
886 1226 995 1281 Deo
1029 1228 1131 1281 sita
1167 1227 1284 1281 est?
1319 1225 1581 1292 Quisnam
1617 1244 1764 1283 sana:
1802 1229 1995 1284 mentis

414 1317 479 1371 iis
505 1318 596 1386 qui
630 1321 701 1370 ita
734 1318 978 1372 sentiunt
1005 1334 1109 1372 non
1143 1320 1436 1386 acclautet,
1464 1321 1602 1386 quod
1629 1336 1689 1374 ea
1724 1337 1843 1390 quae
1875 1333 1992 1374 tau-

414 1419 596 1477 topere
628 1411 768 1463 inter
801 1425 859 1464 se
891 1412 1096 1464 ratione
1124 1421 1330 1464 natura:
1357 1412 1803 1474 distant,,eodem
1837 1415 1994 1467 modo

413 1501 714 1563 :eStinient,
749 1502 800 1555 in
853 1503 964 1556 sola
1015 1501 1106 1556 Dei
1157 1504 1493 1572 praanotione
1546 1515 1773 1572 utraque
1822 1505 1994 1574 posita

414 1608 534 1646 esse
575 1601 901 1657 statuentes,
935 1604 990 1647 et
1024 1592 1201 1648 Verbo
1240 1594 1384 1662 quod
1426 1611 1489 1648 ex
1540 1595 1773 1648 essentia
1819 1595 1997 1651 Patris

414 1690 679 1758 processit
708 1689 834 1741 nihil
871 1689 1100 1757 amplius
1127 1703 1285 1756 quam
1315 1689 1579 1742 creaturis
1610 1689 1881 1743 tribuant?

2032 1828 2075 1881 Β

1125 1890 1350 1946 ALIUD.

419 2003 422 2006 ’
489 2007 545 2060 Si
572 2005 736 2059 Filius
761 2020 864 2058 non
900 2013 1018 2058 erat
1049 2019 1262 2072 semper
1292 2019 1411 2057 cum
1446 2004 1604 2058 Patre
1631 2021 1694 2058 ex
1747 2019 1860 2075 Ipso
1913 2020 1998 2060 se-

417 2099 649 2153 cundum
681 2108 926 2151 naturam
959 2098 1228 2152 exsistens
1257 2106 1310 2151 et
1335 2099 1776 2160 coaeternus,sed
1817 2107 2000 2167 postea

417 2194 464 2243 ei
495 2191 694 2245 accidit
733 2201 788 2243 ut
815 2198 978 2253 esset,
1019 2189 1217 2242 accidit
1247 2189 1436 2256 procul
1461 2188 1628 2243 dubio
1652 2189 1813 2243 etiam
1858 2189 2032 2243 Patri'

418 2291 476 2334 ut
510 2280 660 2333 lieret
693 2279 871 2333 Pater.
910 2279 1088 2347 Atque
1123 2279 1194 2331 ita
1249 2278 1476 2333 mutatio
1533 2279 1780 2347 quaedam
1842 2289 2005 2347 atque

417 2371 664 2425 alteratio
695 2370 747 2423 in
786 2373 898 2439 ipso
941 2368 1080 2424 facta
1124 2371 1359 2424 videtur.
1395 2369 1630 2434 Nam,ex
1669 2379 1848 2424 vestra
1879 2382 2005 2423 sen-

421 2463 583 2517 tentia
617 2505 631 2528 ,
665 2464 806 2533 quod
835 2464 984 2533 prius
1027 2479 1130 2517 non
1161 2472 1300 2524 erat,
1330 2463 1381 2516 id
1417 2474 1600 2532 postea
1663 2463 1842 2516 factus
1897 2472 2001 2515 est.

419 2558 486 2611 At
518 2571 646 2609 vero
676 2554 728 2607 in
767 2555 1001 2608 divinam
1035 2565 1286 2607 naturam
1322 2554 1465 2606 nulla
1502 2553 1732 2607 mutatio
1785 2563 1880 2606 attt
1929 2552 2008 2605 al-

423 2646 610 2701 teratio
639 2645 801 2700 cadit.
836 2645 951 2699 Non
994 2646 1158 2714 igitur
1182 2646 1380 2700 accidit
1408 2647 1515 2698 Deo
1547 2655 1603 2698 ut
1627 2643 1788 2698 Pater
1809 2643 2002 2698 ﬁeret:

421 2740 515 2794 sed
544 2747 659 2793 erat
700 2737 748 2792 ei
780 2748 1106 2792 comternum
1141 2738 1285 2807 quod
1321 2753 1385 2792 ex
1430 2737 1546 2807 ipso
1587 2735 2010 2807 processitVer-

419 2833 545 2886 lium
581 2847 596 2896 ;
633 2831 1088 2901 quemadmodum
1126 2831 1276 2884 calor
1313 2831 1364 2884 in
1399 2830 1540 2900 igne,
1565 2831 1656 2900 qui
1689 2830 1906 2899 quidem
1941 2843 2006 2884 ex

421 2925 544 2994 igne
560 2925 796 2994 gignitur
814 2932 866 2978 et
895 2939 1111 2992 semper
1140 2939 1262 2978 cum
1285 2938 1350 2977 eo
1367 2924 1603 2989 exsistit,
1636 2931 1692 2978 et
1717 2938 1782 2977 ex
1809 2923 2010 2977 lumine

421 3017 659 3087 gignitur
691 3017 1025 3071 exteriorum
1055 3015 1408 3071 illuminatio.

638 3154 884 3218 ALIUD,
925 3153 1008 3207 lia:
1039 3154 1329 3223 objectione
1367 3153 1752 3208 Imrelicorum.
2032 3165 2076 3221 ε

495 3267 550 3321 Si
578 3268 869 3336 perfectus,
899 3267 1173 3334 inquiunt,
1198 3276 1279 3320 est
1308 3265 1467 3321 Pater
1495 3267 1547 3320 in
1580 3283 1675 3320 sua
1704 3268 2008 3337 majestate,

425 3374 600 3426 neque
683 3358 796 3424 ejus
869 3369 1072 3411 natura:
1141 3358 1431 3426 quidquam
1502 3358 1569 3410 ad
1642 3358 1745 3412 hoc
1826 3361 2009 3424 deest,

425 3465 885 3519 supervacaneum
979 3460 1063 3503 est
1133 3449 1298 3504 veluti
1375 3449 1810 3519 supplementum
1895 3452 2014 3506 sive

428 3542 816 3612 plenitudinem
902 3542 1118 3597 deitatis
1184 3542 1354 3612 ipsius
1429 3541 1626 3596 Filium
1689 3542 1738 3597 ei
1807 3542 2012 3613 adjun-

428 3647 575 3704 gere.

1112 3747 1341 3803 Salutio.

502 3877 777 3932 Perfectus
823 3877 1039 3948 quidem
1075 3887 1158 3933 est
1181 3876 1343 3932 Pater
1377 3877 1429 3933 in
1455 3893 1553 3934 sua
1588 3879 1892 3949 majestate,
1920 3893 2015 3934 ne-

429 3988 532 4041 que
566 3972 846 4041 quisquam
873 3985 1018 4025 sanae
1047 3971 1242 4025 mentis
1292 3971 1342 4024 id
1377 3971 1687 4039 negaverit;
1747 3971 2018 4041 perfectus

428 4073 605 4117 autem
645 4074 725 4118 est
765 4079 869 4118 non
901 4079 964 4118 eo
1000 4074 1205 4119 tantum
1247 4063 1466 4118 nomine
1508 4067 1650 4134 quod
1710 4064 1886 4130 Deus,
1924 4079 2016 4119 ve-

432 4168 548 4206 rum
584 4155 743 4205 etiam
779 4153 921 4221 quod
953 4151 1130 4207 Pater.
1149 4151 1285 4207 Nam
1315 4153 1359 4208 si
1380 4153 1487 4208 Deo
1514 4153 1783 4209 ademeris
1799 4153 2015 4210 Patrem

431 4255 571 4303 esse,
594 4241 977 4294 fecunditatem
1011 4257 1043 4295 e
1069 4243 1248 4295 divina
1281 4252 1472 4296 natura
1503 4245 1820 4298 sustuleris:
1859 4245 1930 4300 ita
1962 4255 2019 4299 ut

434 4333 706 4400 perfectus
747 4347 1083 4400 nequaquam
1117 4332 1209 4396 sit,
1246 4347 1368 4386 cum
1403 4335 1694 4402 generandi
1764 4335 2020 4390 facultate

434 4436 637 4479 careat.
673 4425 1060 4478 Documentum
1103 4425 1284 4494 itaque
1312 4425 1662 4496 perfectionis
1703 4437 1784 4482 est
1832 4427 2019 4483 fecun-

1412 355 1470 411 S.
1511 355 1791 412 CYRILLI
1827 354 2296 412 ALEXANDBINI
2328 355 2647 412 ARCHIEP.

3614 349 3691 417 σε

2592 471 2745 539 Πρὸς
2774 471 2947 548 ζοῦτο
2982 471 3184 535 λύσις.

2183 588 2323 640 Ἀλλ’
2389 589 2508 641 ἐστι
2555 587 2714 640 τοῦτο
2771 585 3010 654 φλυαρία
3077 581 3284 652 πολλὴ,
3345 582 3438 634 καὶ
3496 578 3688 642 ἀνοίαις

2098 679 2428 746 ἁσυγκρίτου
2465 679 2638 748 σαφὴς
2691 676 2984 740 ἀπόδειξις.
3020 675 3140 728 Τίνι
3171 674 3280 745 γὰρ
3309 673 3415 726 οὐκ
3444 673 3559 725 ἔστι
3587 671 3686 740 δῆο

2096 769 2184 822 λον
2207 770 2289 822 ὅτι
2316 771 2380 841 δὴ
2404 771 2500 823 καὶ
2523 769 2652 840 περ)¹
2685 768 2916 822 ἑκάστου
2943 765 3052 818 τῶν
3107 763 3492 834 πεποιημένων
3522 757 3590 834 ἢν
3623 763 3686 814 ὲν

2098 862 2177 931 τῷ
2209 860 2327 932 Θεῷ
2355 861 2415 914 τὸ
2435 860 2642 926 θέλειν;
2675 858 2920 929 Θελήσας
2947 856 3055 927 γὰρ
3081 855 3150 908 τὰ
3172 855 3350 908 πάντα
3381 854 3686 924 πεποίηκεν

2094 957 2122 1007 6
2151 953 2501 1024 δημιουργός·
2524 952 2617 1006 καὶ
2649 954 2749 1005 οὑκ
2782 950 3030 1021 ἁθέλητά.
3066 950 3214 1002 ἐστιν
3258 947 3408 1018 αὐτῷ
3453 946 3684 1017 τὰπαρ⁹

2096 1046 2262 1100 αὐτοῦ
2322 1048 2683 1117 πεποιημένα.
2717 1047 2812 1109 Τίς
2865 1041 2956 1099 οῦν
3015 1047 3048 1115 ή
3110 1045 3345 1114 διαφορὰ
3408 1043 3540 1097 Υίοῦ
3589 1045 3687 1096 καὶ

2098 1141 2424 1211 ποιήματος,
2450 1140 2680 1203 κτίσεως
2729 1140 2822 1192 καὶ
2877 1141 3206 1207 γενήματος,
3234 1139 3282 1190 εί
3308 1137 3368 1189 τὸ
3397 1137 3573 1190 Θέλειν
3624 1139 3686 1189 ὲν

2098 1231 2217 1301 Θεῷ
2243 1234 2424 1285 κεῖται
2455 1232 2584 1303 περὶ
2633 1232 2876 1300 ἀμφοίν;
2927 1229 3047 1283 Ούκ
3074 1229 3139 1282 ἄν
3167 1247 3252 1292 τις
3294 1228 3535 1295 εὐλόγως
3574 1227 3686 1280 τῶν

2097 1323 2255 1376 τοῦτο
2293 1322 2631 1394 φρονούντων
2662 1322 3073 1392 καταδοήσειεν,
3097 1323 3180 1374 ὅτι
3210 1321 3278 1373 τὰ
3298 1320 3552 1373 τοσοῦτον
3585 1319 3686 1374 ἁλτ-

2097 1414 2276 1484 λήλων
2304 1414 2627 1485 διεστηκότα
2656 1412 2800 1466 κατὰ
2819 1413 2912 1465 τὸν
2941 1415 3038 1482 τῆς
3063 1411 3278 1481 φύσεως
3315 1411 3472 1480 λόγον
3498 1413 3555 1464 ὲν
3585 1410 3684 1480 ἴσῳ

2104 1509 2287 1580 μέτρῳ
2314 1510 2486 1579 τιμᾷν,
2507 1506 2897 1578 ἐπιχειροῦσιν,
2949 1507 3023 1560 ὲν.
3048 1506 3189 1577 μόνῃ
3226 1505 3534 1575 προγνώσει
3589 1504 3684 1558 τοῦ

2098 1601 2234 1654 Θεοῦ
2267 1599 2479 1655 κεῖσθαι
2535 1600 2767 1662 διδόντες
2805 1598 3113 1668 ἀμφότερα,
3174 1598 3269 1650 καὶ
3319 1597 3476 1649 πλέον
3531 1596 3683 1649 οὐδὲν

2101 1694 2248 1764 ἔχειν
2285 1692 2393 1746 τῶν
2417 1692 2662 1762 γενητῶν
2694 1689 3155 1760 παραχωροῦντες
3205 1688 3283 1760 τῷ
3333 1690 3397 1742 ὲκ
3438 1689 3538 1758 τῆς
3587 1687 3680 1740 τοῦ

2101 1787 2313 1858 Πατρὸς
2338 1786 2524 1848 οὐσίας
2556 1784 2870 1855 προελθόντι
2896 1783 3085 1852 Λόγῳ;

2797 1878 3000 1950 ᾹΛΛΟ.

2176 2017 2238 2070 ΕΞ
2278 2015 2351 2086 μὴ
2419 2015 2583 2082 συνῆν
2616 2016 2643 2066 6
2683 2012 2809 2075 Υἱὸς
2843 2012 2930 2065 ἀεὶ
2964 2009 3042 2081 τῷ
3087 2011 3259 2082 Πατρὶ
3307 2008 3364 2074 ἐξ
3409 2009 3578 2062 αὑτοῦ
3623 2025 3683 2063 τε

2105 2109 2180 2163 ὢν
2209 2109 2350 2163 κατὰ
2379 2109 2538 2177 φύσιν
2568 2107 2661 2160 καὶ
2693 2105 2974 2170 συναῒδιος,
3019 2103 3330 2173 συμϐέϐηκε
3359 2101 3415 2154 δὲ
3444 2101 3595 2171 αύτῷ
3625 2102 3688 2153 τὸ

2107 2196 2268 2267 εἶναι,
2307 2200 2502 2269 συνέϐη
2537 2197 2777 2268 δηλονότι
2819 2197 2913 2249 καὶ
2958 2195 3032 2266 τῷ
3073 2194 3278 2247 τεκόντι
3318 2193 3380 2245 τὸ
3427 2191 3685 2260 γενέσθαι

2108 2296 2346 2368 Πατέρα.
2381 2295 2490 2346 Καὶ
2522 2292 2793 2363 μεταϐολή
2824 2309 2907 2354 τις
2941 2291 3064 2361 περὶ
3094 2287 3254 2342 αὐτὸν
3279 2289 3374 2341 καὶ
3405 2286 3690 2352 ἀλλοίωσις

2106 2386 2369 2459 γενομένη
2422 2385 2694 2454 φαίνεται.
2751 2383 2817 2436 Ὃ
2848 2382 2957 2452 γὰρ
3003 2383 3104 2434 οὑκ
3146 2375 3214 2450 ἦν
3244 2379 3530 2449 πρότερον,
3566 2378 3690 2442 καθ’

2109 2480 2274 2548 ὑμᾶς,
2300 2476 2459 2531 τοῦτο
2482 2476 2708 2544 γέγονεν
2734 2473 2981 2544 ὕστερον.
3012 2472 3234 2542 Τροπῆς
3260 2470 3318 2523 δὲ
3350 2471 3566 2539 ἁπάσης
3595 2471 3684 2523 καὶ

2110 2568 2451 2631 ἀλλοιώσεως
2503 2567 2852 2628 ἀνεπίδεκτος
2904 2566 2937 2634 ἡ
2993 2562 3113 2616 θεία
3169 2561 3351 2631 φύσις.
3411 2562 3522 2614 Οὐκ
3579 2561 3683 2632 ἄρα

2112 2659 2314 2730 συνέϐη
2346 2659 2424 2729 τῷ
2453 2658 2573 2729 Θεῷ
2602 2657 2662 2710 τὸ
2698 2656 2952 2725 γενέσθαι
2995 2654 3251 2726 Πατέρα·
3297 2653 3413 2707 ἀλλ’
3445 2649 3512 2723 ἦν
3542 2651 3687 2722 αὐτῷ

2113 2754 2380 2815 συναῖδιος
2424 2753 2452 2804 6
2499 2751 2559 2816 ἐξ
2606 2750 2771 2805 αὑτοῦ
2806 2748 3086 2820 προελθὼν
3121 2749 3312 2815 Λόγος,
3361 2746 3615 2818 καθάπερ
3656 2747 3691 2816 ἡ

2111 2847 2382 2918 θερμότης
2414 2848 2470 2899 ἐν
2506 2845 2660 2916 πυρὶ,
2691 2841 2966 2914 γεννητῶς
3007 2839 3065 2904 ἐξ
3102 2839 3266 2893 αὑτοῦ
3297 2839 3561 2909 προϊοῦσα
3600 2839 3703 2891 καὶ,

2111 2939 2200 2993 ἀεὶ⁸
2231 2939 2674 3009 συνυπάρχουσα,
2708 2936 2805 2990 καὶ
2834 2937 2897 2988 ὲκ
2931 2934 3110 3004 φωτὸς
3137 2933 3166 2986 6
3199 2933 3329 3003 περὶ
3357 2932 3424 2986 τὰ
3457 2931 3562 2996 ἔξω
3591 2947 3695 3001 φω-

2111 3032 2322 3101 τισμός.

2237 3167 2440 3229 ΑΛΛΟ,
2484 3166 2562 3232 ὡς
2591 3165 2658 3228 ἐξ
2693 3163 3055 3230 ἀντιθέσεως
3091 3163 3210 3216 τῶν
3247 3161 3577 3230 αἱρετικῶν.

2185 3281 2246 3333 El
2275 3281 2502 3343 τέλειος.
2536 3281 2720 3349 φησὶν,
2753 3278 2898 3332 ἔστιν
2927 3280 2955 3331 ὁ
2987 3277 3176 3347 Πατὴρ
3206 3279 3262 3328 ὲν
3295 3279 3360 3345 τῇ
3389 3277 3565 3346 οἰκείᾳ
3599 3293 3696 3346 με-

2115 3370 2421 3440 γαλειότητι
2470 3370 2563 3423 καὶ
2596 3370 2747 3422 οὐδὲν
2792 3368 3026 3420 ἐλλείπει
3074 3367 3209 3436 πρὸς
3239 3365 3396 3419 τοῦτο
3424 3370 3488 3436 τῇ
3528 3366 3694 3419 αὐτοῦ

2116 3461 2296 3530 φύσει,
2328 3461 2596 3533 περιττῶς
2625 3463 2699 3525 ὡς
2737 3461 3011 3531 πλήρωμα
3052 3460 3148 3528 τῆς
3191 3459 3442 3524 θεότητος
3473 3458 3640 3513 αὑτοῦ
3669 3460 3698 3513 6

2115 3554 2244 3618 Υἱὸς
2277 3554 2685 3624 ὲπεισφέρεται.

2607 3759 2764 3826 Πρὸς
2795 3759 2971 3814 τοῦτο
3001 3761 3202 3827 λύσις.

2190 3887 2404 3950 Τέλειος
2449 3887 2546 3955 μὲν
2576 3888 2604 3938 6
2637 3889 2825 3960 Πατὴρ
2857 3890 2914 3940 ὲν
2956 3894 3023 3960 τῇ
3059 3891 3254 3944 ἑαυτοῦ
3288 3891 3697 3962 μεγαλειότητι-⁸

2121 3977 2214 4029 καὶ
2241 3976 2340 4029 ούκ
2367 3975 2432 4030 ἄν
2462 3993 2543 4038 τις
2571 3975 2726 4028 τοῦτο
2762 3977 2871 4032 τῶν
2903 3973 2961 4031 εὖ
2999 3978 3338 4048 φρονούντων
3372 3980 3670 4050 ἀρνήσεται

2121 4068 2324 4130 τέλειος
2354 4066 2428 4130 δὲ,
2459 4067 2556 4136 οὐχ
2585 4067 2664 4119 ὅτι
2698 4067 2856 4136 μόνον
2890 4067 3007 4120 ἐστὶ
3034 4068 3186 4132 Θεὸς,
3217 4069 3330 4122 ἀλλ’
3358 4070 3439 4123 ὅτι
3469 4073 3566 4124 καὶ
3593 4072 3704 4124 Πα-

2121 4162 2245 4230 τήρ.
2282 4161 2344 4212 El
2369 4159 2475 4229 γὰρ
2501 4157 2721 4227 ἀφέλοις
2750 4157 2844 4212 τοῦ
2875 4159 3011 4212 Θεοῦ
3043 4160 3103 4213 τὸ
3124 4156 3264 4214 εἶναι
3289 4161 3526 4232 Πατέρα,
3560 4163 3707 4218 ἀναι-

2125 4252 2312 4323 ρήσεις
2341 4251 2439 4320 τῆς
2468 4249 2617 4314 Θείας
2653 4251 2866 4321 φύσεως
2899 4252 2959 4306 τὸ
2996 4253 3356 4325 καρπογόνον,
3392 4255 3478 4307 ἵνα
3511 4254 3705 4324 μηκέτι

2122 4343 2183 4395 τὸ
2220 4342 2422 4394 τέλειον
2467 4342 2601 4410 ἔχοι,
2639 4342 2917 4408 λείποντος
2970 4345 3107 4416 αὐτῇ
3156 4344 3251 4398 τοῦ
3304 4347 3519 4416 γεννᾷν.
3564 4344 3706 4398 Γνώ-

2129 4451 2299 4506 ρισμα
2347 4432 2522 4486 τοίνυν
2564 4434 2663 4502 τῆς
2713 4435 3070 4508 τελειότητος,
3118 4441 3151 4506 ὴ
3203 4438 3561 4509 καρπογονία,
3613 4437 3708 4490 καὶ

436 4520 610 4581 ditas,
665 4527 718 4571 et
761 4519 975 4588 signum
1041 4519 1184 4587 quod
1238 4518 1454 4573 Patrem
1527 4518 1823 4588 perfectum
1899 4535 2011 4575 esse

2125 4526 2328 4596 σφαγὶς
2353 4523 2430 4594 τῷ
2465 4525 2639 4596 Πατρὶ
2674 4527 2766 4580 τοῦ
2797 4523 2936 4585 εἶναι
2967 4530 3192 4595 τέλειον,
3223 4533 3252 4583 6
3283 4531 3343 4598 ἐξ
3375 4529 3542 4583 αὐτοῦ
3578 4545 3707 4600 προ-

435 4613 693 4676 ostendit,
738 4621 821 4667 est
879 4610 1071 4678 Filius,
1112 4611 1203 4680 qui
1238 4626 1304 4667 ex
1370 4612 1487 4682 ipso
1519 4612 1586 4666 ab
1633 4621 1836 4668 aeterno
1896 4628 2022 4682 pro-

437 4705 623 4761 cessit.

1122 4817 1358 4874 ALIUD.

508 4959 564 5012 Si
589 4958 763 5012 Patris
778 4956 1346 5014 essentiaefecunditas
1375 4956 1696 5012 naturaliter
1717 4971 1820 5011 non
1865 4957 2024 5023 inest,

441 5049 706 5117 perlectus
750 5067 875 5107 vero
896 5062 976 5106 est
1001 5052 1162 5106 etiam
1189 5051 1328 5106 citra
1361 5050 1653 5118 generandi
1688 5049 2022 5114 facultatem,

441 5139 768 5211 superﬂuum
803 5143 967 5212 igitur
1027 5153 1188 5212 atque
1249 5143 1610 5198 adventitium
1642 5144 1744 5197 hoc
1768 5143 1817 5196 ei
1885 5143 2029 5197 acci-

442 5233 556 5286 dit:
597 5241 688 5285 aut
721 5234 899 5300 potius
921 5248 982 5287 eo
1013 5235 1256 5305 indiguit.
1282 5234 1526 5300 Quonam
1575 5249 1702 5289 vero
1736 5245 1892 5304 pacto
1914 5249 2030 5304 per-

443 5327 614 5379 fectus
643 5324 801 5378 fuerit
835 5325 924 5393 qui
951 5326 1130 5394 aliquo
1169 5327 1330 5395 eget?
1350 5325 1460 5395 38
1481 5335 1574 5378 aut
1603 5341 1712 5395 quo
1742 5335 1897 5395 pacto
1924 5343 2025 5378 non

444 5417 733 5470 absurdum
784 5415 857 5470 sit
901 5415 1101 5484 aliquid
1158 5417 1502 5472 extrinsecus
1550 5417 1782 5486 adjicere
1836 5417 2029 5471 divina.-

445 5519 670 5572 natum,
734 5509 953 5578 perinde
1012 5523 1076 5562 ac
1122 5508 1166 5563 si
1234 5508 1617 5578 perfectionem
1690 5524 1756 5562 ex
1816 5524 1873 5562 se
1915 5511 2026 5578 ipsa

446 5618 549 5656 non
585 5598 831 5654 habeat?
893 5598 1164 5656 Naturalis
1227 5602 1406 5669 itaque
1451 5608 1535 5655 est
1591 5599 1740 5654 Patri
1783 5600 2028 5656 fecundi-

446 5706 529 5750 tas
561 5735 575 5759 ,
609 5703 774 5762 atque
814 5692 930 5748 ideo
958 5693 1227 5763 perfectus
1268 5704 1382 5760 est,
1419 5694 1559 5764 quod
1595 5695 1778 5764 genuit
1835 5694 2030 5749 nullius

447 5789 569 5844 lioni
610 5785 840 5856 indigus.

2125 4614 2292 4669 ελθὼν
2321 4614 2565 4686 ἀχρόνως
2594 4616 2740 4680 Υἱός.

2819 4807 3022 4860 ΑΛΛΟ.

2201 4959 2260 5011 Εἰ
2297 4957 2370 5028 μὴ
2406 4954 2545 5010 κατὰ
2573 4954 2735 5023 φύσιν
2770 4954 3028 5025 πρόσεστι
3063 4957 3127 5024 τῇ
3175 4952 3268 5006 τοῦ
3303 4951 3514 5021 Πατρὺς
3554 4950 3712 5021 οὐσία
3745 5003 3752 5010 ,

2125 5049 2186 5102 τὸ
2216 5047 2574 5118 καρπογόνον,
2604 5046 2808 5108 τέλειος
2855 5045 2912 5099 δέ
2945 5046 3058 5098 ἐστι
3101 5045 3194 5098 καὶ
3238 5043 3360 5113 δίχα
3409 5042 3504 5095 τοῦ
3551 5042 3713 5094 δύνα-

2129 5141 2252 5210 σθαι
2284 5139 2498 5210 γεννᾷν,
2537 5137 2788 5208 περιττὸν
2812 5137 2919 5207 ἄρα
2948 5136 3042 5188 καὶ
3071 5135 3392 5188 ἐπείσακτον
3420 5133 3714 5202 ἐγγέγονεν

2128 5207 2276 5307 αὐτῷ
2299 5207 2473 5289 τοῦτο’
2510 5234 2709 5304 μᾶλλον
2733 5231 2788 5284 δὲ
2826 5228 3017 5298 ἐδεήθη
3049 5227 3262 5280 τούτου.
3305 5226 3415 5279 Καὶ
3447 5223 3565 5288 πῶς
3599 5224 3716 5276 ἔστι

2128 5331 2329 5390 τέλειος
2356 5331 2383 5380 6
2403 5327 2610 5397 δεηθείς
2637 5339 2814 5387 τινος;
2853 5321 2968 5384 πῶς
2999 5321 3056 5374 δὲ
3088 5321 3187 5373 ούκ
3213 5320 3412 5373 ἄτοπον
3445 5318 3507 5372 τὸ
3533 5320 3717 5371 ἐπεισ-

2130 5422 2358 5489 ἀγεσΘαί
2383 5438 2435 5473 τι
2464 5422 2530 5489 τῇ
2562 5419 2683 5488 θείᾳ⁹
2715 5415 2897 5484 φύσει,
2931 5414 3005 5477 ὡς
3036 5414 3135 5466 οὐκ
3165 5412 3366 5484 ἐχούσῃ
3411 5411 3474 5462 τὸ
3509 5410 3714 5462 τέλειον

2129 5515 2186 5581 ἐξ
2210 5514 2439 5583 ὲαυτῆς;
2465 5509 2694 5563 Φυσικὸν
2721 5504 2811 5562 οῦν
2840 5507 2917 5577 τῷ
2942 5506 3118 5575 Πατρὶ
3144 5504 3207 5556 τὸ
3233 5501 3591 5572 καρπογόνον,
3624 5501 3718 5554 καὶ

2130 5606 2218 5658 διὰ
2248 5604 2403 5657 τοῦτο
2429 5602 2658 5666 τέλειος,
2696 5602 2774 5656 ὅτι
2807 5601 2899 5654 καὶ
2930 5600 3149 5653 τέτοκεν
3187 5596 3400 5658 οὐδενὸς
3427 5594 3535 5647 τῶν
3575 5594 3717 5664 ἀγα-

2133 5696 2241 5749 Θῶν
2279 5696 2618 5755 λειπόμενος.
