4056 6264
342 389 430 450 εστ
1785 387 1939 442 THE!

2046 387 2232 446 lRUS.
3567 389 3634 442 66

741 507 948 572 AAAO,
979 501 1568 572 διηγηματικώτεροικ

2512 503 2720 560 ALIUD
2750 543 2766 567 ,
2793 505 3122 574 explicatius.

427 621 493 672 Ei
519 617 734 680 τέλειός
761 619 906 670 ἐστιν
925 617 951 669 ὁ
979 615 1164 686 Πατὴρ
1193 615 1250 668 ἐν
1276 617 1340 684 τῇ
1365 613 1530 666 αὐτοῦ
1563 613 1939 682 μεγαλειότητι

2121 614 2176 668 Si
2209 613 2476 682 perfectus
2511 625 2596 668 est
2641 615 2802 670 Pater
2831 615 2882 668 in
2947 631 3042 670 sua
3095 615 3377 686 majestate
3421 619 3634 672 etiarnsi

355 709 464 763 κᾶν
501 709 712 780 μηδένα
744 707 950 776 καρπὸν
985 706 1086 776 ἔχῃ
1118 703 1238 756 καθ’
1273 704 1439 772 ὑμᾶς,
1470 700 1670 766 ἔξωθεν
1701 699 1806 770 ἄρα
1849 699 1944 752 καὶ

355 803 466 856 οὐκ
494 803 562 854 ἐκ
593 801 694 868 τῆς
719 799 900 860 οὐσίας
927 795 1094 852 αὑτοῦ
1133 797 1356 862 γέγονεν
1385 796 1414 848 ὁ
1455 795 1604 857 Υἱὸς,
1635 793 1822 862 ὥσπερ
1853 791 1946 844 καὶ

359 896 434 948 τὰ
459 895 766 964 ποιήματα·
809 890 1040 962 περιττὴ
1079 889 1136 941 δὲ
1167 889 1294 952 ἴσως
1331 888 1424 940 καὶ
1453 887 1574 940 οὐδὲ
1619 886 1751 948 ὅλως
1775 887 1942 952 ἀναγ-

367 985 502 1038 καία
538 988 571 1054 ἡ
609 986 690 1048 είς
729 983 790 1035 τὸ
820 978 961 1035 εἶναι
1009 981 1238 1050 πάροδος
1267 979 1454 1046 αὑτοῦ,
1499 978 1750 1048 καθάπερ
1785 979 1818 1045 ἡ
1850 977 1944 1030 ἁν-

367 1076 602 1148 Θρώπων
625 1076 788 1146 τυχὸν
816 1076 912 1128 καὶ
939 1077 972 1145 ἡ
993 1073 1104 1126 τῶν
1131 1074 1303 1128 ἄλλων
1329 1073 1670 1144 ποιημάτων.
1705 1071 1814 1124 Καὶ
1834 1069 1942 1140 γὰρ

365 1168 464 1219 καὶ
512 1167 636 1236 πρὶν
672 1165 832 1236 ἡμῶν
873 1164 1152 1234 γενέσθαι,
1183 1158 1252 1234 ἦν
1283 1163 1438 1216 τοῦτο
1483 1161 1616 1224 Θεὸς
1661 1162 1798 1232 ὅπερ
1845 1161 1942 1214 νῦν

365 1260 498 1323 ἐστι,
531 1259 624 1310 καὶ
649 1258 958 1327 γενομένων
982 1257 1164 1328 ἡμῶν,
1193 1257 1250 1308 ὲν
1271 1255 1552 1324 ταυτότητι
1578 1253 1748 1323 μένει.
1778 1253 1946 1306 Οὐδὲν

364 1349 470 1419 γὰρ
493 1350 642 1415 αὐτῷ
681 1348 1046 1419 προστίθεμεν
1087 1349 1152 1400 ὲκ
1189 1345 1290 1400 τοῦ
1319 1347 1394 1416 μὴ
1424 1346 1576 1408 ὄντος
1615 1347 1694 1408 είς
1719 1345 1780 1398 τὸ
1803 1341 1944 1398 εῖναι

359 1440 712 1510 καλουμενοι·
761 1438 886 1491 οὔτε
933 1439 1036 1510 μὴν
1087 1436 1508 1508 ἀφαιρησόμεθα
1549 1454 1602 1488 τι
1650 1437 1748 1506 τὴν
1793 1436 1944 1490 θείαν

359 1531 521 1598 φύσιν
557 1528 752 1589 αὑτοῦ,
793 1529 947 1582 οὔπω
985 1529 1046 1582 τὸ
1085 1525 1224 1581 εἶναι
1269 1527 1546 1596 λαχόντες.
1591 1527 1804 1596 Ὥσπερ
1848 1521 1940 1580 οὖν

359 1622 539 1692 ἡμεῖς,
593 1621 782 1690 ἐπειδὴ
831 1620 1195 1690 πεποιήμεθα,
1245 1618 1404 1688 χάριν
1463 1617 1658 1686 ἔχομεν
1707 1615 1784 1686 τῷ
1833 1619 1942 1686 Δη-

365 1712 640 1784 μιουργῷ,
687 1710 1012 1781 ὸμολογείτω
1039 1711 1134 1763 sui.
1181 1711 1210 1762 ὁ
1261 1709 1422 1770 Υίὸς·
1464 1709 1558 1760 καὶ¹
1606 1707 1744 1760 ἔστω
1777 1707 1940 1761 πάλιν

367 1804 503 1874 ἡμῖν
539 1805 643 1854 κάν
672 1802 848 1871 τούτῳ
877 1800 1270 1870 παραπλήσιος,
1300 1799 1502 1863 ἔξωθεν
1537 1799 1625 1852 καὶ
1653 1797 1815 1860 αὐτὸς
1853 1814 1942 1866 γε-

369 1893 571 1962 γονὼς,
605 1893 850 1962 καθάπερ
879 1894 1053 1962 ἡμεῖς.
1099 1892 1232 1943 Ἀλλ’
1276 1891 1390 1942 ἐστι
1423 1890 1582 1942 τοῦτο
1623 1889 1784 1960 βυθὸς
1815 1888 1938 1942 δυσο

377 1985 600 2054 φημίας.
660 1983 882 2051 Φεύγειν
925 1978 1017 2035 οὖν
1061 1983 1356 2050 ἀναγκαῖον
1392 1980 1544 2042 αὐτὸ,
1587 1977 1785 2046 καὶτῷ
1821 1995 1944 2046 γεν-

367 2077 561 2144 νήματι
606 2073 802 2137 σώζειν
845 2071 908 2126 τὸ
955 2076 1022 2126 ὲκ
1067 2073 1168 2142 τῆς
1197 2072 1290 2125 τοῦ
1333 2071 1722 2140 γεγεννηκότος
1754 2068 1940 2131 οὐσίας

357 2163 624 2234 ὑπάρχειν
647 2179 660 2190 ·
687 2162 844 2215 οὕτω
877 2162 986 2232 γὰρ
1020 2161 1084 2215 ἂν
1114 2163 1200 2232 εἴη
1219 2162 1316 2213 καὶ
1343 2161 1608 2229 γέννημα..
1656 2158 1941 2227 ’Λγένητος

313 2315 318 2318 η
354 2254 414 2306 δὲ
462 2256 497 2322 ἡ
545 2254 710 2304 οὐσία
757 2252 852 2304 τοῦ
899 2253 1154 2322 Πατρὸςο
1197 2253 1450 2319 ἀγένητον
1486 2251 1594 2318 ἄρα
1635 2251 1730 2302 καὶ
1775 2249 1836 2302 τὸ
1881 2247 1942 2312 ἐξ

361 2344 538 2411 αὐτῆς
569 2343 872 2412 προελθὸν,
901 2343 1182 2395 τουτέστιν
1215 2344 1242 2394 ὸ
1267 2342 1414 2402 Υἱός.

509 2456 720 2520 ΑΛΛΟ,
755 2457 838 2520 ὡς
866 2455 936 2520 ἐξ
963 2452 1318 2519 ἀντιθέσεως
1357 2451 1476 2506 τῶν
1503 2453 1815 2520 αἱρετικῶν.

434 2549 510 2598 Οὐ
538 2545 784 2609 πάντως,
818 2547 973 2615 φησὶ,
999 2545 1087 2599 διά
1107 2547 1165 2598 τὸ
1197 2541 1332 2598 εἶναι
1358 2545 1711 2614 καρπογόνον,
1739 2543 1938 2608 τέλειός

355 2637 506 2688 ἐστιν
539 2638 569 2688 ὁ
597 2637 752 2699 Θεός.
799 2636 960 2688 Ἀλλὰ
989 2635 1120 2699 Θεὸς
1144 2635 1238 2699 ὢν,
1271 2636 1362 2688 καί
1403 2635 1490 2688 διὰ
1525 2635 1680 2688 τοῦτο
1710 2637 1935 2701 τέλειος,

353 2727 544 2796 γέγονε
573 2729 670 2780 καὶ
707 2727 922 2798 Πατήρ.

859 2839 1014 2907 Πρὸς
1043 2837 1212 2892 τοῦτο
1247 2839 1447 2905 λύσις.

423 2932 626 2986 Εἴπατε
651 2930 946 3001 τοιγαροῦν
977 2931 1106 3000 ἡμῖν
1134 2930 1182 2982 οἱ
1209 2929 1342 2998 πρὸς
1375 2928 1644 2998 τοσαύτην
1681 2921 1938 2982 ἀσέϐειαν

343 3025 622 3078 -ὲκὸαίνειν
669 3025 731 3074 οὐ
767 3021 1220 3092 παραιτούμενοι,
1259 3023 1307 3072 εἰ
1353 3019 1650 3090 ἐπισυνέϐη
1697 3018 1776 3090 τῷ
1817 3017 1938 3088 Θεῷ

370 3114 690 3182 τὸγενέσθαι
717 3113 956 3182 Πατέρα,
983 3113 1033 3164 τί
1060 3108 1126 3183 ἦν
1155 3111 1262 3182 ἄρα
1287 3113 1416 3182 πρὶν
1446 3111 1671 3180 γένηται
1705 3110 1934 3178 Πατήρ;

2053 705 2312 760 fecundus
2354 721 2458 760 non
2487 707 2578 768 sit,
2603 716 2662 760 ιιι
2685 723 2780 762 vos
2811 707 3132 774 opinamini,
3169 716 3224 762 et
3255 709 3596 764 extrinsecus
3617 751 3632 770 .

2059 815 2164 854 non
2189 807 2366 852 autem
2400 813 2466 852 es
2501 797 2620 866 ejus
2643 799 2878 854 essentia
2925 799 3100 854 factus
3143 807 3224 852 est
3259 799 3448 864 Filius,
3493 803 3634 856 sicut

2051 901 2102 942 et
2137 899 2436 944 creaturae:
2469 889 2738 958 superﬂua
2771 889 2934 946 fuerit
2968 905 3141 958 neque
3177 891 3396 946 omnino
3443 906 3634 947 neces-

2049 981 2190 1033 saria
2213 980 2330 1046 ejus
2360 981 2426 1032 ad
2449 993 2568 1034 esse
2599 979 2900 1048 productio,
2943 980 3392 1046 quemadmodum
3451 981 3634 1036 homi-

2051 1084 2174 1122 num
2237 1067 2378 1122 forte
2435 1079 2492 1122 et
2545 1068 2778 1123 aliarum
2849 1079 3244 1126 creaturarum.
3311 1071 3630 1142 Priusquam

2049 1159 2190 1212 enim
2227 1173 2326 1214 nos
2357 1173 2690 1224 crearemur,
2715 1160 2856 1216 Deus
2889 1161 2940 1215 id
2971 1161 3144 1232 ipsum
3175 1171 3294 1217 erat
3321 1163 3464 1232 quod
3493 1179 3634 1218 nunc

2047 1261 2152 1316 est,
2183 1259 2238 1304 ct
2275 1250 2474 1304 creatis
2503 1249 2660 1304 nobis
2685 1250 2824 1304 idem
2861 1253 3181 1318 permansit.
3219 1252 3364 1308 Nihil
3393 1254 3536 1310 enim
3581 1256 3634 1310 ei

2049 1343 2350 1398 addidimus
2376 1357 2440 1396 ex
2461 1343 2630 1396 nihilo
2661 1343 2728 1396 ad
2757 1357 2880 1398 esse
2913 1345 3144 1400 traducti
3173 1361 3188 1410 ;
3237 1361 3412 1414 neque
3475 1347 3634 1418 quid-

2048 1451 2208 1504 quam
2273 1435 2468 1488 divinae
2541 1433 2660 1503 ejus
2737 1445 2942 1490 natura:
2994 1437 3342 1492 detrahemus
3399 1443 3636 1496 nomium

2049 1523 2324 1578 consecuti
2360 1533 2418 1578 ut
2455 1525 2646 1580 simus.
2695 1523 3158 1591 Quemadmodum
3193 1527 3354 1596 igitur
3389 1543 3634 1598 nosgrac

2051 1617 2154 1669 tias
2175 1615 2380 1682 agimus
2407 1615 2674 1681 Creatori,
2705 1619 2848 1685 quod
2874 1615 3002 1670 facti
3031 1633 3242 1682 sumus,
3275 1617 3444 1672 Filius
3493 1633 3634 1688 quo-

2049 1721 2154 1774 que
2177 1707 2428 1761 similiter
2451 1717 2572 1778 agat
2592 1725 2606 1761 :
2627 1708 2922 1778 eademque
2947 1709 3154 1764 ratione
3177 1721 3446 1764 statuatur
3469 1711 3632 1766 etiam

2051 1797 2204 1850 nobis
2238 1797 2452 1862 similis,
2471 1797 2722 1852 nimirum
2747 1799 3106 1866 extrinsecus,
3131 1801 3270 1856 sicut
3287 1817 3406 1866 nos,
3437 1801 3628 1858 factus.

2049 1887 2315 1942 Caeterum
2351 1889 2464 1944 haec
2493 1897 2550 1944 ut
2579 1905 2792 1944 summa
2822 1891 3158 1962 blasphemia
3185 1893 3501 1960 detestanda
3533 1909 3632 1948 tto-

2051 1979 2131 2032 bis
2157 1988 2259 2042 est,
2294 1989 2346 2034 et
2369 1981 2624 2050 genimini
2657 1983 2760 2038 hoc
2779 1983 3136 2039 tribuendum
3171 1993 3276 2048 est,
3303 1995 3362 2040 ut
3417 1999 3484 2040 ex
3523 1985 3632 2040 tie-

2051 2071 2240 2124 nitoris
2293 2073 2524 2126 essentia
2601 2075 2846 2128 exsistat.
2912 2073 3002 2130 Sic
3051 2075 3194 2128 enim
3244 2077 3408 2130 etiam
3481 2079 3632 2146 geni-

2052 2179 2172 2216 ntcn
2231 2163 2410 2218 fuerit.
2459 2163 2574 2219 Non
2635 2177 2716 2220 est
2781 2177 2957 2222 autem
3035 2169 3170 2222 facta
3233 2169 3468 2224 essentia
3529 2169 3630 2222 Pa—

2051 2255 2146 2308 tris
2180 2273 2194 2320 ;
2225 2273 2352 2325 ergo
2399 2271 2495 2310 ure
2551 2257 2602 2312 id
2653 2263 2796 2328 quod
2845 2277 2908 2313 ex
2963 2273 3021 2313 ea
3070 2261 3352 2330 procedit,
3403 2261 3502 2314 hoc
3548 2271 3633 2314 est

2049 2341 2236 2397 Filius.

2295 2457 2508 2514 ALIUD
2529 2499 2544 2522 ,
2583 2476 2645 2513 ex
2680 2461 2963 2528 objections
2993 2462 3378 2514 Itarren'cornm.

2120 2547 2234 2602 Non
2273 2549 2326 2602 in
2361 2555 2694 2616 universum,
2727 2553 2992 2620 inquiunt.
3032 2553 3154 2622 quia
3211 2553 3471 2606 fecundus
3522 2564 3625 2618 est,

2047 2640 2320 2708 perfectus
2355 2651 2438 2695 est
2475 2643 2631 2698 Deus.
2667 2643 2772 2698 Sed
2819 2644 2956 2698 Dens
2985 2663 3106 2698 eum
3159 2645 3250 2710 sit,
3296 2657 3456 2714 atque
3481 2645 3550 2700 ob
3581 2649 3630 2700 id

2049 2732 2342 2798 perfectus,
2372 2733 2544 2787 factus
2575 2745 2654 2788 est
2677 2735 2842 2788 etiam
2873 2733 3051 2789 Pater.

2726 2847 2954 2900 Salutio.

2121 2935 2288 2992 Dicite
2317 2951 2446 3006 ergo
2483 2938 2636 2990 nobis
2663 2939 2750 3006 qui
2777 2938 2830 2990 in
2880 2949 3084 2992 tantam
3111 2939 3442 3008 impietatem
3495 2957 3620 3010 pro-

2049 3043 2294 3098 rumpere
2323 3043 2428 3082 non
2459 3029 2738 3090 veremini,
2769 3028 2814 3082 si
2863 3029 2964 3082 hoc
2999 3040 3178 3096 postea
3236 3032 3466 3084 accessit
3523 3033 3630 3086 Deo

2046 3129 2102 3170 ut
2127 3118 2286 3172 Pater
2337 3119 2508 3180 fieret,
2553 3117 2678 3184 quid
2706 3127 2824 3170 erat
2859 3117 3172 3184 priusquam
3233 3117 3386 3172 ﬁeret
3419 3119 3578 3172 Pater
3609 3123 3632 3174 ΐ

375 3209 447 3261 Τὸ
477 3208 580 3276 γὰρ
605 3207 735 3268 ὅλως
759 3206 836 3270 ὃν,
869 3205 986 3259 ἐστι
1015 3223 1069 3258 τι
1104 3205 1320 3267 πάντως
1339 3219 1352 3233 ·
1375 3204 1410 3274 ἢ
1443 3205 1550 3274 γάρ
1569 3203 1819 3270 λέγοντες
1841 3203 1939 3254 οὐκ

2049 3207 2181 3260 Nam
2213 3208 2261 3260 id
2298 3208 2440 3276 quod
2463 3216 2566 3270 est,
2599 3208 2800 3277 aliquid
2827 3207 3048 3262 omnino
3077 3208 3144 3262 sit
3174 3217 3417 3278 oportet;
3462 3221 3552 3264 aut
3584 3212 3628 3265 si

372 3295 508 3352 εἷναί
541 3315 664 3351 ποτε
701 3298 914 3368 Πατέρα
955 3298 1049 3350 τὸν
1091 3296 1242 3356 Θεὸν,
1298 3295 1594 3364 μαχόμενοι
1627 3296 1826 3356 πάσαις
1855 3294 1943 3346 εὑ-

367 3389 656 3460 ρεθήσεσαε
678 3393 798 3452 ταῖς
829 3389 1076 3458 Γραφαῖς
1101 3403 1112 3414 ·
1147 3389 1208 3438 οὑ
1239 3385 1348 3454 γὰρ
1379 3385 1528 3436 ἴσασι
1557 3385 1645 3436 τὸν
1675 3385 1810 3436 Θεὸν
1845 3387 1942 3438 οὐκ

363 3481 487 3532 ὄντα
511 3481 728 3550 Πατέρα
749 3495 761 3507 ·
792 3478 826 3548 ἦ
859 3479 952 3530 καὶ
992 3477 1146 3530 αὐτοὶ
1177 3471 1590 3545 συγχωροῦντες
1613 3474 1944 3544 ἐνυπάρχειν

347 3573 449 3625 ’ἀεὶ
477 3569 552 3642 τῷ
584 3571 702 3641 Θεῷ
729 3572 830 3640 τὴν
865 3569 960 3622 τοῦ
1004 3567 1218 3638 Πατρὸς
1251 3565 1590 3636 ἐπωνυμίαν,
1629 3565 1940 3634 ἀναγκαίως

363 3661 508 3733 αὐτῷ
553 3664 610 3715 τὸ
637 3663 694 3728 ἐξ
723 3659 894 3714 αὑτοῦ
947 3659 1328 3712 συνεισοίσετε.
1379 3659 1453 3712 Οὐ
1489 3657 1596 3728 γὰρ
1631 3657 1697 3711 ἂν
1731 3657 1942 3726 λέγοιτο

364 3753 548 3824 Πατὴρ
585 3755 686 3807 οὐκ
718 3753 870 3816 ὖντος
905 3749 1057 3804 Υἰοῦ.

1047 3931 1252 3984 ΑΛΛΟ.

421 4047 494 4102 Ἐἰ
535 4049 680 4118 μέγα
711 4065 764 4099 τι
798 4032 1116 4116 χαρίζεσθαι
1150 4042 1464 4114 νομίζουσιν
1497 4045 1546 4096 οἱ
1579 4043 1938 4114 χριστομάχοι

359 4139 435 4207 τῷ
469 4139 610 4208 Θεῷ,
659 4137 880 4207 Πατέρα
938 4135 1033 4204 μὲν
1081 4135 1138 4201 ἐξ
1184 4129 1358 4206 ἀρχῆς
1411 4135 1508 4204 οὺχ
1552 4133 1939 4204 ὁμολογοῦντες

359 4227 545 4294 αὐτὸν,
586 4227 720 4280 Θεὸν
749 4227 806 4280 δὲ
835 4223 970 4279 εἶναι
1015 4225 1268 4289 διδόντες,
1312 4225 1658 4277 ἀκουέτωσαν
1689 4226 1770 4278 ὃτι
1819 4223 1938 4277 λίαν

362 4321 670 4392 ὑϐρίζουσι,
695 4321 1012 4389 πράγματος
1045 4315 1470 4386 ἁξιολογωτέρου
1497 4315 1594 4386 τὴν
1623 4315 1771 4368 θείαν
1803 4317 1937 4369 ἀπο-

361 4411 685 4483 στεροῦντες
720 4410 898 4480 φύσιν.
933 4411 1062 4474 Θεὸς
1110 4409 1209 4480 μὲν
1243 4407 1352 4478 γὰρ
1392 4407 1468 4470 ὡς
1499 4407 1631 4478 πρὸς
1673 4407 1740 4462 τὰ
1776 4406 1938 4461 δοῦλα

2045 3316 2151 3353 non
2186 3314 2306 3354 esse
2335 3300 2550 3354 Patrcut
2583 3301 2746 3354 Deum
2779 3301 2994 3364 dicatis,
3037 3303 3286 3356 omnibus
3317 3303 3490 3356 sacris
3519 3302 3630 3356 Lit-

2047 3387 2174 3440 teris
2206 3401 2502 3458 repugnare
2527 3387 3040 3456 deprehendemini:
3098 3407 3272 3460 neque
3325 3394 3468 3445 enim
3526 3393 3629 3447 ilhe

2043 3485 2340 3542 agnoscunt
2371 3475 2564 3540 Deum,
2607 3477 2695 3546 qui
2731 3475 2886 3531 Pater
2919 3495 3022 3532 non
3061 3481 3130 3534 sit
3158 3497 3172 3544 ;
3199 3489 3292 3534 aut
3321 3482 3362 3534 si
3399 3497 3493 3536 vos
3525 3483 3626 3552 ipsi

2042 3567 2343 3622 c-Onceditis
2371 3584 2590 3638 semper
2625 3569 2802 3624 inesse
2829 3569 2934 3625 Deo
2961 3571 3136 3626 Putris
3185 3575 3624 3642 appellationem,

2043 3657 2350 3712 necessario
2411 3661 2570 3714 etiam
2633 3662 2683 3714 id
2730 3661 2870 3730 quod
2932 3679 2994 3716 ex
3069 3667 3182 3732 ipso
3265 3667 3506 3734 procclit
3574 3667 3624 3721 ei

2045 3747 2312 3802 tribuetis.
2357 3747 2548 3819 Neque
2604 3753 2745 3806 enim
2797 3751 2957 3806 Pater
3009 3753 3112 3807 αἰεὶ
3172 3765 3348 3821 potest
3394 3771 3498 3810 non
3531 3772 3625 3809 ex-

2045 3837 2286 3894 sistentis
2311 3839 2457 3895 Filii.

2671 3931 2780 4002 39
2821 3931 3050 3986 ALIUD.

2114 4041 2168 4098 Si
2193 4045 2429 4098 Ita-retici
2471 4047 2647 4114 magni
2681 4045 2878 4113 aliquid
2905 4059 3025 4097 sese
3054 4043 3289 4098 tribuere
3309 4043 3414 4098 Dco
3438 4044 3624 4100 existi-

2041 4147 2211 4200 mant,
2238 4138 2377 4206 quod
2418 4137 2628 4189 Patrem
2661 4137 2830 4204 ipsum
2859 4138 2925 4188 ab
2961 4136 3110 4188 initio
3161 4134 3324 4191 fuisse
3383 4151 3576 4207 negent
3601 4179 3620 4206 ,

2041 4229 2206 4284 Deum
2235 4228 2450 4280 interim
2481 4242 2605 4282 esse
2634 4227 2984 4290 confitentes,
3023 4227 3130 4281 imo
3182 4243 3374 4297 magna
3431 4243 3617 4286 contu-

2043 4321 2197 4374 melia
2231 4335 2349 4374 sese
2375 4336 2496 4374 eum
2534 4319 2745 4374 allicere
2773 4321 3017 4384 credant,
3050 4335 3173 4373 cum
3231 4321 3462 4376 divinam
3521 4343 3618 4378 na-

2044 4421 2212 4468 turam
2247 4413 2490 4484 digniore
2531 4413 2683 4468 titulo
2711 4415 2943 4482 privant.
2983 4412 3114 4466 Nam
3151 4421 3207 4467 ut
3241 4413 3380 4468 Deus
3406 4417 3620 4470 relatio—

364 4506 457 4556 xui.
479 4504 548 4556 τὰ
574 4502 810 4572 γενητὴν
844 4500 1032 4572 ἔχοντα
1072 4501 1169 4572 τὴν
1200 4501 1387 4554 οὐσίαν
1426 4499 1536 4570 ἔχει
1568 4501 1664 4572 τὴν
1711 4503 1893 4572 σχέσιν
1919 4517 1932 4532 ·

2046 4520 2161 4556 nem
2200 4504 2358 4560 habet
2386 4506 2451 4557 ad
2485 4505 2700 4558 servilia
2731 4515 2785 4558 et
2811 4514 3048 4558 creatam
3102 4505 3458 4559 substantiam
3519 4509 3614 4560 bu-

369 4594 554 4664 Πατὴρ
595 4594 652 4646 δὲ
681 4593 756 4656 ὠς
805 4593 942 4662 πρὸς
974 4591 1121 4646 Υίὸν.
1162 4593 1426 4659 Λέγοντες
1458 4593 1634 4645 τοίνυν
1675 4595 1754 4645 ὅτι
1803 4593 1934 4656 Θεὸς

373 4686 472 4756 μὲν
502 4683 567 4756 ἦν
600 4685 856 4756 ὲξαρχῆς,
889 4683 1044 4737 οὔπω
1089 4683 1147 4736 δὲ
1191 4683 1286 4736 καὶ¹
1313 4683 1526 4753 Πατὴρ,
1573 4683 1668 4752 τὴν
1701 4683 1836 4752 πρὸς
1867 4684 1934 4736 τὰ

366 4781 528 4834 δοῦλα
576 4780 758 4850 σχέσιν
807 4779 1180 4851 προσάπτουσι
1228 4775 1306 4844 τῷ
1357 4777 1492 4846 Θεῷ,
1541 4777 1634 4829 τοῦ
1693 4777 1935 4848 μείζονος

366 4871 792 4942 ἀποστεροῦντες
817 4870 984 4923 αὐτόν
1003 4885 1016 4898 ·
1053 4871 1300 4940 κρεῖττον
1336 4868 1443 4939 γὰρ
1474 4868 1531 4920 τὸ
1570 4869 1786 4938 Πατέρα
1813 4887 1934 4936 γεν-

363 4965 601 5034 νήματος
655 4958 815 5024 εῖναι,
868 4960 962 5013 καὶ
989 4959 1258 5024 τοσοῦτον,
1298 4960 1406 5028 ὅσῳ
1458 4961 1758 5029 ποιήματος
1809 4959 1936 5022 Υἱὸς

361 5056 628 5126 διαφέρει.
696 5052 996 5124 Ἐφ“ἠμῶν
1050 5051 1148 5122 μὲν
1212 5051 1320 5122 γὰρ
1351 5052 1600 5119 λέγεται·
1661 5069 1680 5103 t
1746 5050 1935 5120 Ἡμεῖς

364 5147 486 5212 λαὸς
521 5147 692 5217 νομῆς
715 5143 903 5206 αὐτοῦ,
937 5143 1028 5220 καὶ
1056 5143 1299 5212 πρόϐατα
1333 5142 1511 5212 χειρὸς
1539 5139 1725 5193 αὐτοῦ.
1757 5160 1774 5191 ›
1801 5143 1936 5212 Περὶ

364 5239 421 5292 δὲ
451 5239 580 5291 Υἱοῦ
600 5255 616 5270 ο
656 5258 672 5289 ι
724 5239 820 5300 Ὃς
850 5238 908 5288 ὲν
941 5237 1120 5306 μορφῇ
1153 5232 1286 5288 Θεοῦ
1319 5233 1598 5302 ὑπάρχων,
1629 5233 1726 5301 οὐχ
1761 5234 1936 5302 ἁρπα-

364 5331 501 5400 γμὸν
532 5331 779 5400 ἡγήσατο
813 5328 873 5380 τὸ
925 5321 1061 5380 εἶναι
1111 5329 1200 5378 ἴσα
1229 5323 1381 5396 Θεῷ·
1422 5341 1439 5373 t
1475 5324 1569 5376 καὶ
1603 5325 1762 5377 πάλιν
1803 5325 1937 5394 πρὸς

363 5421 522 5475 αὐτόν
543 5439 555 5451 ·
589 5441 608 5471 ι
639 5419 823 5474 Κάθου
857 5419 921 5470 ὲκ
949 5415 1138 5482 δεξιῶν
1165 5433 1284 5485 μου.
1329 5434 1344 5465 t
1385 5413 1524 5482 Ὀση
1555 5414 1636 5476 τίς
1668 5411 1760 5466 οὖν
1792 5417 1936 5466 ἐστιν

364 5509 396 5577 ὴ
429 5507 658 5578 διαφορὰ
689 5508 998 5577 ποιήματος
1029 5503 1124 5555 καὶ
1161 5502 1310 5567 Υἱοῦ,
1361 5503 1456 5554 καὶ
1495 5502 1581 5555 διὰ
1620 5503 1822 5556 τούτων
1867 5505 1940 5554 εξ-

366 5599 582 5667 σόμεθα.

421 5793 470 5826 ⁸⁵
507 5795 648 5851 Psal.
697 5813 844 5860 seu,
888 5795 943 5848 5.
1022 5796 1065 5825 ⁵⁵
1105 5792 1332 5862 Philipp.
1365 5810 1421 5858 ιι,
1465 5794 1515 5848 7.

1559 5794 1600 5824 ’⁵⁷
1644 5792 1785 5848 Paul.
1828 5801 1933 5860 (:‘tx,
1987 5798 2031 5850 l.

2042 4597 2220 4648 hcntia
2251 4615 2263 4648 :
2300 4596 2372 4648 ita
2409 4596 2572 4650 Pater
2631 4597 2696 4650 ad
2745 4596 2972 4650 Filium.
3022 4594 3156 4650 Cum
3208 4597 3387 4662 itaque
3434 4598 3617 4652 dietmt

2039 4687 2200 4740 Deum
2240 4689 2452 4756 quidem
2488 4691 2555 4744 ab
2597 4690 2753 4744 initio
2787 4693 3082 4756 exstitisse,
3109 4690 3321 4746 Patrem
3349 4706 3477 4744 vero
3513 4708 3616 4743 non

2037 4778 2186 4840 item,
2220 4781 2677 4848 comparationem
2743 4781 2858 4835 sive
2903 4783 3214 4834 relationem
3278 4785 3342 4833 ad
3403 4782 3615 4834 servilia

2041 4867 2147 4920 Deo
2173 4870 2600 4937 accommodant,
2635 4874 3010 4942 praestantiore
3053 4871 3316 4924 relatione
3347 4883 3469 4921 eum
3501 4873 3613 4938 pri-

2045 4969 2233 5013 vanles
2263 4976 2276 5012 :
2310 4963 2655 5029 praestantius
2684 4965 2824 5017 enim
2855 4973 2936 5016 est
2963 4961 3173 5014 Patrem
3195 4957 3482 5026 geniminis
3499 4976 3616 5014 esse

2043 5057 2095 5099 et
2126 5049 2340 5116 quidem
2375 5062 2543 5111 tanto,
2581 5062 2779 5118 quanto
2811 5053 2978 5104 Filius
3003 5057 3249 5102 creatura
3295 5057 3375 5102 est
3433 5052 3614 5105 excel-

2047 5139 2257 5192 It-ntinr.
2285 5139 2423 5192 Nam
2449 5141 2518 5194 de
2544 5141 2700 5194 nobis
2726 5141 2990 5194 dieitur-:1
3022 5139 3129 5192 Nos
3151 5141 3376 5210 populus
3403 5157 3614 5210 pascua:

2044 5230 2176 5298 ejus,
2209 5239 2262 5282 et
2295 5245 2422 5283 oves
2451 5243 2638 5282 manus
2672 5244 2780 5282 suae
2809 5230 2910 5280 ³³.»
2951 5231 3022 5282 De
3055 5229 3188 5284 Filio
3219 5243 3393 5286 autem
3416 5251 3428 5285 :
3455 5251 3471 5281 ι
3513 5232 3611 5297 Qui

2036 5337 2155 5373 cum
2193 5329 2333 5374 esset
2377 5321 2426 5372 in
2461 5320 2627 5373 forma
2666 5321 2780 5388 Dei,
2806 5337 2910 5374 non
2949 5321 3188 5391 rapinam
3217 5323 3616 5378 estarbitratus

2036 5426 2093 5462 se
2117 5426 2235 5464 esse
2265 5412 2526 5480 aequalem
2567 5411 2677 5466 Deo
2727 5413 2770 5444 ⁵⁸
2805 5429 2819 5476 ;

2857 5433 2873 5464 ι
2932 5423 2987 5466 et
3023 5429 3230 5466 rursum
3275 5413 3338 5466 ad
3394 5414 3612 5480 ipsum:

2042 5519 2058 5548 α
2092 5499 2230 5554 Sede
2287 5517 2313 5552 τι
2357 5503 2563 5556 dextris
2621 5504 2756 5558 meis
2809 5505 2873 5558 ⁸⁷.
2923 5523 2941 5554 ι
3003 5502 3273 5568 Quantum
3329 5502 3491 5571 igitur
3536 5502 3614 5552 in-

2040 5591 2192 5643 tersit
2240 5593 2376 5647 inter
2424 5606 2726 5648 creaturam
2780 5607 2831 5650 et
2889 5595 3105 5656 Filium,
3159 5609 3220 5646 ex
3273 5593 3354 5647 his
3417 5591 3610 5644 intelli‘

2039 5681 2233 5768 gimtts.
