4056 6264
408 419 478 477 ⁸37
1475 409 1529 464 S.
1570 407 1842 462 CVRILLI
1881 403 2352 460 ALEXANDRINI
2391 402 2709 458 ARCHIEP.
3607 402 3678 458 68

1087 525 1315 582 ALIUD.

2779 517 2983 569 ΑΛΛΟ.

475 641 938 712 Quemadmodum
984 638 1144 693 Pater
1184 639 1380 693 dicitur
1420 647 1669 707 respectu
1728 635 1873 699 Filii,
1906 635 1979 688 ita

2165 630 2373 701 Ὥσπερ
2408 630 2469 684 τὸ
2496 628 2689 700 Πατὴρ
2713 628 2789 690 ὡς
2817 625 2956 696 πρὸς
2982 625 3114 678 Υίὸν
3142 624 3507 693 λαμϐάνεται,
3535 624 3682 680 οὕτω

410 737 551 790 Deus
584 740 829 802 respectu
860 746 1138 787 servorum
1166 739 1220 784 et
1242 744 1359 799 qua:
1377 744 1483 784 non
1513 728 1754 783 eamdem
1785 726 1984 780 habent

412 835 661 877 naturam
689 834 851 892 atque
887 823 1020 890 ipse.
1054 820 1281 890 Oportet
1312 822 1490 888 itaque
1519 819 1678 874 simul
1713 828 1769 874 et
1816 818 1981 873 Deum

411 924 465 968 et
502 914 713 969 Patrem
760 913 982 981 intelligi
1014 914 1305 978 genitorem
1341 911 1498 965 Verbi
1529 926 1543 962 :
1570 921 1661 964 aut
1681 912 1724 965 si
1759 911 1810 964 in
1848 918 1984 965 tem-

412 1021 543 1075 pore
569 1006 791 1060 ell‘cctus
820 1013 903 1059 est
930 1004 1116 1070 Pater,
1153 1005 1333 1073 genito
1364 1004 1706 1073 postmodum
1742 1001 1901 1067 Filio,
1931 1001 1984 1054 in

414 1109 656 1166 tempore
684 1098 844 1151 etiam
878 1093 1103 1149 effectus
1137 1102 1220 1148 est
1255 1094 1414 1157 Deus,
1440 1095 1656 1162 quando
1707 1108 1805 1162 per
1862 1089 1988 1144 Ver-

412 1191 540 1244 bum
578 1190 643 1242 ad
686 1202 806 1242 esse
845 1188 1089 1240 traducta
1127 1194 1253 1240 sunt
1310 1187 1495 1240 omnia
1557 1200 1784 1255 quorum
1815 1192 1901 1238 est
1934 1193 1989 1237 et

414 1280 571 1335 Deus.
605 1277 671 1332 Et
700 1279 744 1334 si
776 1279 956 1334 omnia
984 1278 1125 1333 facta
1160 1285 1287 1333 sunt
1315 1286 1440 1347 post
1468 1276 1662 1330 Filium
1692 1277 1713 1347 (
1758 1290 1855 1345 per
1905 1277 1986 1343 ip-

410 1387 531 1426 sum
565 1371 707 1424 enim
745 1370 884 1424 facta
911 1378 1036 1424 sunt
1067 1369 1113 1403 ⁵⁸
1137 1368 1188 1439 ),
1241 1369 1553 1438 priusquam
1603 1378 1747 1422 esset
1800 1368 1941 1421 Deus
1969 1406 1983 1429 ,

413 1465 514 1517 hoc
551 1462 716 1516 etiam
750 1460 969 1516 habebit
1004 1470 1062 1515 ιιι
1081 1462 1153 1515 sit
1207 1459 1370 1514 Pater
1420 1461 1510 1529 qui
1570 1461 1742 1529 ipsum
1783 1460 1984 1528 genuit.

414 1551 704 1606 Osiensum
737 1552 880 1606 enim
913 1560 997 1606 est
1025 1566 1145 1606 esse
1163 1550 1496 1621 postFilium
1533 1559 1858 1613 creaturam,
1893 1563 1991 1602 cu-

409 1644 499 1712 jus
532 1652 614 1697 est
644 1646 880 1708 Deus,et
925 1644 990 1697 ad
1026 1659 1187 1712 quam
1250 1643 1445 1697 merito
1498 1641 1735 1697 refertur
1794 1655 1988 1696 nomen

414 1736 654 1791 deitatis.

761 1847 990 1904 ALIUD.
1019 1846 1125 1904 Per
1161 1847 1678 1905 demonstrationem.

418 1961 570 2028 Quod
598 1962 983 2017 conuenientius
1013 1973 1086 2016 est
1127 1962 1343 2016 Patrem
1395 1978 1581 2016 vocare
1616 1960 1776 2014 Deum
1836 1977 1993 2031 quam

1019 2032 1189 2087 solum
1237 2032 1426 2088 Deum.

485 2141 599 2198 Nisi
631 2158 849 2209 nomen,
885 2143 1064 2208 Pater,
1121 2145 1293 2215 magis
1350 2145 1628 2214 proprimn
1679 2143 1998 2215 digniusque

415 2250 559 2295 esset
588 2240 639 2292 in
679 2241 786 2294 Deo
819 2256 979 2309 quam
1014 2241 1135 2304 hoc,
1171 2240 1329 2306 Deus,
1360 2241 1713 2309 quamobrem
1740 2238 2000 2293 Servatur

416 2347 538 2384 cum
576 2332 867 2401 discipulos
894 2347 1023 2386 suos
1049 2332 1114 2403 ιφ
1143 2332 1523 2405 liaptizandttm
1570 2331 1833 2395 mitteret,
1888 2346 1996 2386 non

410 2422 573 2491 jussit
606 2422 867 2490 baptizari
901 2432 1089 2492 gentes
1123 2422 1174 2475 in
1224 2422 1442 2477 nomine
1480 2422 1598 2486 Dei,
1640 2429 1697 2477 et
1748 2422 1893 2486 Filii,
1945 2430 1999 2476 et

418 2512 655 2581 Spiritus
695 2514 891 2577 Sancti,
922 2515 1014 2568 sed
1055 2514 1250 2566 divina:
1290 2523 1497 2567 natura:
1546 2513 1861 2581 dignitatem
1903 2528 1997 2567 ve-

418 2607 531 2661 rius
559 2606 909 2677 signiﬁcans,
941 2605 1115 2658 dixit:
1147 2603 1257 2675 40
1293 2622 1312 2655 ι
1350 2603 1405 2657 1η
1449 2618 1666 2659 nomine
1711 2603 1892 2657 Patris
1946 2614 2000 2657 et

418 2698 538 2752 Filii
599 2711 653 2753 et
700 2698 939 2768 Spiritus
980 2698 1148 2751 sancti
1180 2696 1273 2749 ‘9?
1313 2714 1331 2746 ι
1367 2696 1430 2749 Et
1466 2696 1740 2765 Philippus
1764 2695 1998 2749 divinam

419 2803 663 2844 naturam
699 2791 987 2853 curiosius,
1015 2800 1072 2842 ut
1101 2789 1176 2842 ita
1210 2788 1404 2853 dicam,
1440 2787 1792 2857 investigans,
1813 2787 1953 2842 dixit
1979 2802 1993 2841 :

424 2901 443 2934 ι
485 2882 721 2936 OStende
748 2881 903 2935 nobis
930 2879 1144 2934 Patrem
1171 2879 1238 2931 ³⁸.
1277 2896 1296 2929 ι
1338 2878 1496 2932 Vides
1526 2892 1633 2947 quo
1668 2888 1825 2946 pacto
1877 2894 1998 2931 rur-

418 2990 511 3029 sus
551 2990 656 3028 non
681 2985 832 3028 vocet
869 2973 1056 3038 Deum,
1090 2974 1183 3028 sed
1210 2972 1463 3027 Patrem?
1504 2973 1619 3040 ipse
1649 2987 1773 3027 vero
1800 2972 1998 3027 Serva-

421 3079 502 3120 tor
530 3069 595 3121 ad
648 3068 747 3121 hoc
776 3067 948 3120 dicit:
985 3085 1003 3117 ι
1040 3066 1215 3120 Tanto
1248 3075 1489 3135 tempore
1545 3065 1820 3119 vobiscum
1852 3081 1994 3131 sum,

416 3165 469 3209 ct
498 3171 601 3209 non
643 3156 781 3209 nosti
821 3172 925 3219 me,
981 3154 1266 3222 Philippe?
1295 3155 1394 3220 Qui
1445 3155 1575 3207 vidit
1615 3170 1721 3219 me,
1774 3155 1903 3209 vidit
1946 3165 2000 3209 et

418 3250 629 3304 Patrem
658 3251 759 3301 ⁸³.»
795 3250 1004 3302 Rursus
1031 3264 1135 3301 non
1164 3248 1298 3301 dixit
1329 3247 1459 3301 vidit
1490 3248 1678 3311 Deum,
1740 3250 1833 3302 sed
1894 3248 1998 3301 Pa-

420 3352 578 3405 trem,
604 3340 654 3393 id
693 3341 835 3409 quod
870 3339 1078 3405 majus,
1110 3355 1213 3392 non
1247 3341 1390 3408 quod
1437 3341 1619 3394 minus
1672 3351 1776 3405 est,
1806 3341 1853 3395 ei
1904 3341 2002 3395 tri-

421 3436 616 3487 IIUCIIS.
652 3434 782 3486 Cum
814 3432 958 3487 enim
995 3442 1222 3487 vocatur
1260 3431 1442 3499 Pater,
1480 3446 1544 3486 ex
1598 3434 1800 3501 majore
1831 3442 1886 3487 et
1921 3434 2004 3487 di-

418 3526 626 3595 gniure,
663 3526 919 3578 nimirum
966 3523 1124 3590 Filio,
1159 3524 1518 3595 signiﬁcatur.
1557 3525 1784 3592 Quando
1821 3535 2002 3581 autem

421 3617 582 3684 Deus,
608 3634 671 3671 ex
705 3618 999 3673 creaturis:
1035 3619 1174 3687 quod
1203 3620 1382 3673 minus
1404 3628 1505 3681 est,
1538 3619 1826 3688 etquidem
1854 3626 2004 3673 tanto

418 3719 679 3775 quantum
715 3710 939 3761 interest
968 3708 1110 3763 inter
1130 3723 1349 3761 servam
1405 3716 1458 3761 et
1511 3707 1814 3773 dominum,
1869 3722 2004 3777 opus

416 3809 468 3849 ιιι
502 3797 767 3866 opiﬁcem.

1088 4083 1318 4140 ALIUD.

416 4199 545 4252 Cum
605 4202 882 4270 manifesta
917 4269 929 4270 γ
966 4201 1406 4254 demonstratione
1467 4200 1607 4270 quod
1674 4202 1901 4269 primum
1932 4201 1996 4253 sit

492 4272 672 4332 l’uter,
699 4269 884 4322 deinde
905 4269 1061 4332 Deus,
1089 4273 1292 4323 tametsi
1326 4269 1485 4325 etiam
1514 4272 1670 4323 simul
1699 4279 1995 4339 utrumque.

488 4451 767 4517 Servatur,
800 4467 923 4504 cum
950 4460 1165 4521 peracta
1210 4453 1514 4506 mconomia
1551 4460 1749 4507 nostra:
1782 4454 1993 4518 salutis,

2091 722 2185 774 καὶ
2234 721 2365 784 Θεὸς
2397 720 2474 784 ὡς
2525 719 2664 791 πρὸς
2709 716 2781 771 τὰ
2827 716 2988 771 δοῦλα
3036 717 3134 772 καὶ
3178 718 3250 772 τὰ
3298 718 3372 789 μὴ
3423 717 3683 788 τοιαύτην

2090 814 2283 884 ἔχοντα
2310 813 2409 883 τὴν
2457 811 2618 881 φύσιν
2648 810 2837 863 ὁποίαν
2875 809 3058 874 αὐτός.
3102 810 3343 880 ’Δνάγκη
3390 810 3683 882 τοιγαροῦν

2091 905 2226 976 ὁμοῦ
2261 906 2357 958 καὶ
2386 903 2519 958 Θεὸν
2561 902 2657 955 καὶ
2700 902 2920 972 Πατέρα
2963 901 3203 955 νοεῖσθαι
3233 900 3325 954 τὸν
3362 901 3461 956 τοῦ
3501 902 3683 971 Λόγου

2093 997 2396 1066 γεννήτορά
2416 1012 2429 1026 ·
2461 993 2494 1065 ἢ
2525 994 2683 1064 εἰπερ
2706 995 2763 1046 ὲν
2787 993 2966 1064 χρόνῳ
2995 993 3187 1062 γέγονε
3215 993 3427 1065 Πατὴρ,
3452 993 3685 1064 ὕστερον

2092 1089 2183 1141 τὸν
2227 1086 2356 1140 Υίὸν
2402 1086 2800 1155 ἀπογεννήσας,
2852 1086 2910 1137 ὲν
2944 1085 3121 1156 χρόνῳ
3167 1085 3362 1153 γέγονε
3398 1085 3494 1139 καὶ
3525 1084 3679 1150 Θεὸς,

2093 1180 2182 1233 ὅτε
2221 1178 2310 1233 διὰ
2338 1177 2432 1231 τοῦ
2471 1177 2643 1245 Λόγου
2681 1176 2815 1246 πρὸς
2843 1176 2905 1230 τὸ
2938 1173 3079 1231 εἷναι
3113 1176 3370 1248 παρήχθη
3399 1177 3469 1231 τὰ
3504 1178 3684 1231 πάντα

2095 1265 2169 1325 ὧν
2196 1272 2315 1324 ἐστι
2363 1270 2458 1323 καὶ
2488 1268 2641 1332 Θεός.
2675 1270 2787 1321 Καὶ
2819 1269 2869 1321 εί
2899 1268 3148 1337 φαίνεται
3199 1265 3378 1323 πάντα
3419 1268 3683 1337 γεγονότα

2098 1358 2237 1430 μετὰ
2263 1358 2352 1412 τὸν
2387 1358 2515 1411 Υίὸν
2541 1357 2628 1427 (δι’
2663 1356 2831 1411 αὐτοῦ
2871 1357 2980 1429 γάρ
3013 1358 3247 1427 γέγονε),
3282 1358 3387 1430 πρὸ
3409 1358 3502 1412 τοῦ
3538 1355 3682 1414 εἶναι

2096 1450 2250 1517 Θεὸς,
2305 1450 2416 1517 ἔξει
2458 1449 2520 1503 τὸ
2561 1445 2700 1503 εἶναι
2740 1450 2932 1520 Πατὴρ
2975 1452 3006 1504 6
3051 1451 3321 1521 γεννήσας
3363 1451 3547 1505 αὐτόν.
3586 1451 3682 1505 Δέ-

2096 1543 2307 1597 δεικται
2354 1540 2463 1612 γὰρ
2511 1541 2594 1596 ὅτι
2653 1540 2792 1612 μετὰ
2823 1540 2914 1594 τὸν
2961 1540 3090 1595 Υίὸν
3127 1543 3161 1610 ἡ
3197 1540 3400 1608 κτίσις,
3450 1538 3519 1613 ἧς
3565 1544 3680 1596 ἐστι

2097 1635 2251 1701 Θεὸς,
2283 1635 2377 1689 καὶ
2418 1633 2555 1705 πρὸς
2586 1634 2653 1704 ἢν
2700 1636 2903 1688 νοεῖται
2949 1634 3171 1698 εἰκότως
3203 1633 3263 1687 τὸ
3294 1634 3393 1703 τῆς
3431 1634 3681 1705 θεότητος

2099 1727 2288 1797 όνομα.

2526 1838 2729 1892 ΑΛΛΟ.
2784 1835 3258 1903 Ἀποδεικτικῶς.

2099 1952 2228 2009 Ὀτι
2263 1954 2753 2024 πρεπωδέστερον
2790 1954 2857 2008 τὸ
2910 1957 3141 2024 Πατέρα
3177 1955 3420 2026 μᾶλλον
3475 1957 3683 2011 καλεῖν

2280 2047 2388 2101 τὸν
2432 2046 2602 2114 Θεὸν,
2634 2047 2673 2115 ἣ
2705 2047 2881 2101 τοῦτο
2913 2049 3059 2102 αὐτὸ
3102 2050 3293 2118 μόνον
3335 2048 3501 2101 Θεόν.

2168 2159 2233 2214 Εἰ
2267 2161 2343 2231 μὴ
2385 2160 2447 2214 τὸ
2480 2161 2668 2232 Πατὴρ
2710 2161 2882 2231 ὄνομα
2915 2161 3245 2232 κυριώτερόν
3276 2159 3391 2224 πώς
3434 2163 3552 2215 ἐστι
3586 2164 3681 2215 καὶ

2098 2251 2521 2323 ἀξιολογώτερον
2567 2253 2662 2306 ἐπὶ
2706 2252 2840 2307 Θεοῦ
2888 2253 3085 2325 ἢαὺτὸ
3128 2253 3191 2323 δὴ
3218 2251 3374 2306 τοῦτο
3412 2253 3472 2306 τὸ
3519 2253 3677 2318 Θεὸς,

2098 2342 2220 2395 ὅτου
2268 2341 2333 2413 δὴ
2385 2343 2547 2414 χάριν
2594 2342 2687 2396 ἐπὶ
2731 2343 2791 2397 τὸ
2831 2341 3114 2413 βαπτίζειν
3159 2341 3502 2397 ἀποστέλλων
3553 2343 3679 2408 τοὺς

2100 2434 2297 2490 ἑαυτοῦ
2338 2434 2587 2506 μαθητὰς
2610 2434 2637 2486 6
2664 2434 2877 2504 Σωτὴρ,
2912 2434 3011 2487 οὐκ
3045 2432 3296 2486 ἐκέλευσε
3317 2431 3596 2503 βαπτίζειν
3617 2433 3684 2485 τά

2102 2527 2231 2597 ἔθνη
2260 2529 2341 2590 εἰς
2373 2527 2542 2598 ὄνομα
2566 2524 2724 2589 Θεοῦ,
2747 2527 2840 2578 καὶ
2856 2525 3010 2586 Υἱοῦ,
3040 2525 3133 2578 καί⁹
3160 2525 3314 2594 ἁγίου
3344 2522 3676 2593 Πνεῦματος,

2106 2619 2243 2674 ἀλλὰ
2284 2618 2343 2671 τὸ
2393 2617 2755 2687 ἀληθέστερον
2801 2616 3080 2687 σημαίνων
3121 2617 3220 2687 τῆς
3275 2615 3424 2680 θείας
3471 2615 3675 2685 φύσεως

2101 2708 2352 2778 ἀξίωμα*
2400 2726 2419 2757 ι
2458 2706 2553 2768 Εἰς
2581 2704 2821 2773 Πατέρα,
2849 2706 3002 2774 φησὶ,
3035 2706 3129 2759 καὶ
3173 2708 3253 2770 εἰς
3302 2704 3454 2769 Υίὸν,
3486 2705 3578 2760 καὶ
3600 2707 3676 2768 είς

2099 2800 2160 2854 τὸ
2192 2799 2415 2869 Πνεῦμα
2456 2798 2516 2851 τὸ
2559 2797 2748 2866 ἂγιον;
2798 2794 2858 2850 Ὁ
2893 2797 2950 2850 δέ
2981 2814 3044 2865 γε
3081 2797 3345 2861 Φίλιππος
3382 2800 3482 2870 τὴν
3511 2797 3682 2861 θείαν,

2103 2891 2168 2944 ἵν’
2199 2889 2371 2953 οὕτως
2394 2891 2555 2953 εἴπω,
2589 2888 3083 2960 περιεργαζόμενος
3108 2888 3291 2959 φύσιν,
3323 2890 3527 2959 ἔφασκε
3552 2889 3685 2960 πρὸς

2102 2984 2295 3038 αὐτόν’
2341 3002 2359 3034 ι
2398 2982 2579 3049 Δεῖξον
2611 2983 2744 3052 ἡμῖν
2775 2980 2869 3035 τὸν
2911 2982 3152 3053 Πατέρα.
3189 3000 3208 3032 ›
3255 2982 3417 3053 Ὁρᾷς
3443 2982 3592 3044 ὅπως
3624 2980 3684 3032 οὐ

2102 3073 2234 3126 Θεὸν
2262 3071 2512 3143 ὀνομάζει
2541 3071 2723 3132 πάλιν,
2749 3069 2885 3124 ἀλλὰ
2916 3071 3135 3142 Πατέρα
3165 3071 3359 3136 aculei;
3391 3072 3498 3124 Kal
3523 3070 3686 3133 αὐτὸς

2027 3197 2069 3255 C
2103 3165 2161 3218 δὲ
2188 3164 2323 3236 πρὸς
2346 3163 2502 3217 τοῦτό
2527 3178 2692 3235 φησιν
2712 3163 2740 3215 ὁ
2762 3163 2956 3233 Σωτήρ
2974 3177 2986 3190 ·
3014 3183 3031 3213 ι
3055 3163 3323 3216 Τοσοῦτον
3344 3161 3535 3232 χρόνον
3567 3160 3685 3231 μεθ’

2105 3255 2261 3326 ὑμῶν
2298 3256 2434 3324 εἰμι,
2464 3255 2559 3308 καὶ
2601 3254 2703 3307 οὐκ
2732 3253 2977 3323 ἔγνωκάς
3008 3272 3075 3325 με
3113 3255 3383 3320 Φίλιππες
3427 3255 3484 3309 Ὀ
3514 3256 3686 3325 ἑωραι

2104 3346 2216 3410 κὼς
2264 3346 2363 3416 ἐμὲ
2406 3344 2619 3408 ἑώρακε
2675 3345 2766 3399 τὸν
2810 3346 3049 3417 Πατέρα.
3098 3364 3116 3397 ι
3166 3347 3336 3401 Πάλιν
3374 3347 3473 3400 οὐκ
3508 3342 3681 3408 εἶπεν,

2117 3434 2361 3505 Ἑώρακε
2390 3434 2481 3487 τὸν
2504 3434 2658 3498 Θεὸν,
2694 3433 2831 3487 ἀλλὰ
2862 3434 2950 3487 τὸν
2978 3434 3218 3505 Πατέρα,
3243 3436 3304 3488 τὸ
3329 3435 3516 3506 μεῖζον
3546 3436 3683 3489 ἀπο-

2104 3522 2285 3593 νέμων
2320 3522 2489 3592 αὖτῷ,
2538 3524 2633 3576 καὶ
2678 3523 2739 3576 οὐ
2771 3521 2833 3576 τὸ
2874 3523 3113 3578 ἔλαττον.
3145 3524 3273 3578 ’Ὁτε
3320 3526 3417 3595 μὲν
3446 3526 3554 3597 γὰρ
3585 3543 3684 3579 κα·

2104 3615 2275 3667 λεῖται
2327 3615 2543 3686 Πατὴρ,
2593 3616 2657 3667 ὲκ
2699 3613 2791 3667 τοῦ
2841 3615 3087 3685 μείζονος
3123 3617 3217 3669 καὶ
3263 3616 3684 3688 ἀξιολογωτέρου

2107 3707 2447 3777 σημαίνεται,
2497 3706 2778 3759 τουτέστιν
2809 3706 2873 3759 ἐκ
2903 3706 2996 3760 τοῦ
3025 3706 3156 3759 Υἱοῦ
3177 3724 3192 3738 ο
3221 3707 3308 3759 ὅτε
3339 3706 3397 3761 δὲ
3423 3707 3577 3771 Θεὸς,
3623 3711 3685 3762 ἐκ

2104 3798 2213 3851 τῶν
2249 3796 2569 3867 ποιημάτων
2591 3813 2604 3827 ·
2654 3798 2791 3867 ὅπερ
2840 3799 2988 3851 ἐστὶν
3017 3798 3266 3851 ἔλαττον·
3310 3800 3406 3854 καὶ
3433 3799 3687 3852 τοσοῦτον

2104 3893 2228 3945 ὅσον
2277 3890 2391 3942 ἐστὶ
2426 3889 2485 3942 τὸ
2537 3890 2742 3959 μεταξὺ
2778 3890 2964 3943 δούλου
3009 3890 3101 3943 καὶ
3132 3890 3413 3956 δεσπότου,
3460 3891 3685 3963 ποιητοῦ

2105 3982 2197 4035 καὶ
2226 3983 2546 4053 ποιήματος.

2783 4094 2986 4148 ΑΛΛΟ.

2103 4204 2262 4260 Μετὰ
2283 4205 2518 4275 σαφοῦς
2533 4205 2914 4273 ἀποδείξεως,
2939 4205 3027 4259 ὅτι
3049 4205 3282 4274 πρῶτόν
3303 4207 3433 4261 ἐστι
3457 4210 3679 4279 Πατὴρ,

2366 4293 2495 4350 εἶτα
2528 4297 2693 4363 Θεὸς,
2725 4300 2779 4351 εὶ
2805 4297 2900 4351 καὶ
2934 4297 3054 4364 ἅμα
3084 4298 3406 4366 ἀμφότερα.

2177 4474 2305 4525 Ὅτε
2357 4472 2452 4543 τὴν
2508 4474 2631 4527 καθ’
2670 4474 2830 4545 ἡμῶν
2875 4473 3277 4545 ἀποπληρώσας
3311 4475 3621 4545 οἰκονομίαν
3651 4478 3681 4529 ὁ

416 4552 538 4610 post
569 4556 783 4596 crucem
831 4542 1073 4595 ascendit
1114 4542 1179 4596 ad
1214 4543 1381 4598 (:mlus
1407 4584 1421 4609 ,
1452 4547 1522 4597 ita
1557 4544 1848 4615 discipulos
1869 4560 1994 4599 suos

2104 4565 2295 4635 Σωτὴρ
2325 4564 2584 4634 ἠπείγετο
2626 4566 2763 4635 μετὰ
2788 4566 2879 4620 τὸν
2914 4567 3147 4639 σταυρὸν
3180 4568 3258 4629 εἰς
3281 4566 3562 4636 οὐρανοὺς,
3589 4567 3683 4620 λέ-

415 4642 501 4688 est
558 4633 824 4686 allocutus
851 4652 862 4687 :
892 4652 909 4684 ι
939 4634 1187 4689 Asccndo
1211 4641 1277 4689 ad
1308 4635 1519 4691 Patrem
1550 4654 1746 4705 meum,
1790 4648 1845 4693 et
1900 4638 2000 4693 Pa-

419 4739 553 4780 trem
586 4738 922 4792 veSIrum,et
958 4729 1122 4781 Deum
1161 4745 1336 4783 meum
1364 4741 1418 4783 et
1445 4728 1608 4784 Deum
1637 4737 1873 4784 vestrum
1897 4732 1993 4784 δ’.»

419 4818 651 4872 Videsne
687 4818 773 4872 hic
821 4818 1162 4872 manifestam
1198 4820 1478 4873 nominum
1532 4821 1937 4876 distinctionem
1977 4820 2000 4875 ἲ

415 4906 577 4963 Vides
609 4923 714 4979 quo
746 4918 904 4978 pacto
933 4909 1091 4965 l’ater
1118 4910 1336 4980 quidem
1382 4912 1652 4967 referatur
1677 4913 1741 4966 ad
1775 4913 1995 4979 Filium,

418 4998 558 5055 Deus
607 5016 734 5056 vero
784 5003 850 5056 ad
891 5003 1105 5057 servilia
1140 5012 1195 5059 et
1225 5005 1563 5061 creaturas?
1613 5004 1879 5073 Quocirca
1948 5009 1995 5063 si

416 5094 685 5157 posterior
737 5105 822 5150 est
867 5097 1072 5151 creatio
1110 5107 1485 5153 creaturarum
1551 5115 1710 5170 quam
1764 5117 1994 5173 genera-

420 5182 671 5248 tiu~Filii,
698 5187 927 5254 primum
963 5190 1066 5245 hoc
1099 5191 1260 5246 habet
1308 5194 1447 5261 quod
1479 5194 1552 5248 sit
1590 5192 1771 5257 Pater,
1807 5210 1995 5249 eunsc-

418 5291 592 5344 quens
627 5291 753 5330 vero
801 5280 944 5347 quod
988 5282 1059 5334 sit
1103 5282 1262 5337 Deus.
1311 5282 1449 5339 Hinc
1491 5300 1619 5340 vero
1656 5286 1995 5342 manifestius

415 5370 740 5425 ostendetur
811 5373 1284 5441 contemplationis
1338 5374 1499 5445 hujus
1562 5380 1718 5437 ratio.
1758 5380 1998 5449 Dignita-

420 5470 525 5516 tem
566 5462 708 5515 euim
741 5478 893 5517 suam
928 5479 1045 5532 qua:
1070 5465 1116 5517 ei
1162 5468 1482 5522 naturaliter
1524 5469 1684 5538 inest,
1743 5488 1855 5542 pra:
1898 5473 1999 5527 im-

418 5567 599 5605 mensa
649 5571 743 5608 sua
777 5556 1114 5624 benignitate
1160 5562 1315 5615 nobis
1345 5564 1776 5629 commnnicans,
1810 5566 1997 5631 addit;

419 5664 438 5697 ι
465 5643 680 5700 Patrem
700 5661 962 5702 vestrum:
994 5669 1012 5701 ι
1033 5650 1272 5719 adoptati
1297 5655 1438 5708 enim
1471 5668 1657 5708 sumus
1684 5671 1776 5723 per
1801 5656 1997 5725 ipsum,

2096 4673 2182 4724 γει
2220 4657 2354 4728 πρὸς
2387 4658 2513 4722 τοὺς
2562 4656 2757 4710 ἑαυτοῦ
2808 4658 3093 4730 μαθητάς·
3134 4676 3151 4708 ι
3203 4658 3505 4711 Ἀναϐαίνω
3548 4660 3687 4729 πρὸξ

2096 4748 2188 4801 τὸν
2224 4749 2446 4820 Πατέρα
2505 4766 2605 4817 μου
2642 4749 2733 4802 καὶ
2784 4749 3001 4820 Πατέρα
3052 4749 3228 4819 ὑμῶν,
3278 4751 3370 4802 καὶ
3412 4749 3546 4803 Θεόν
3580 4768 3683 4814 μου

2096 4841 2191 4892 καὶ
2236 4839 2368 4893 Θεὸν
2406 4840 2584 4911 ὑμῶν.
2631 4861 2648 4892 ι
2701 4842 2863 4912 Ὁρᾷς
2909 4843 2966 4894 ὲν
3010 4842 3183 4913 τούτῳ
3235 4841 3382 4912 σαφῆ
3430 4842 3530 4911 τὴν
3574 4842 3685 4896 τῶν

2094 4930 2376 5002 ὀνομάτων
2434 4932 2754 5004 διαστολήν;
2808 4934 2967 5006 Ὁρᾷς
3019 4935 3099 4987 ὅτι
3148 4937 3176 4988 6
3225 4935 3415 5006 Πατὴρ
3465 4934 3566 5004 μὲν
3609 4933 3686 4996 ὡς

2102 5022 2238 5093 πρὸς
2270 5024 2396 5077 Υἰὸν
2439 5026 2662 5088 νοεῖται,
2696 5024 2828 5090 Θεὸς
2872 5026 2953 5089 δὲ,
2993 5025 3067 5089 ὡς
3106 5027 3241 5097 πρὸς
3282 5025 3350 5078 τά
3394 5025 3557 5078 δοῦλα
3591 5026 3686 5078 καὶ

2104 5116 2483 5185 πεποιημένα;
2524 5117 2733 5171 Οὐκοῦν
2762 5119 2812 5170 εί
2855 5119 3083 5188 δεύτερα
3123 5119 3221 5188 τῆς
3255 5121 3559 5189 γεννήσεως
3590 5117 3684 5169 τοῦ

2108 5205 2238 5259 Υἱοῦ
2289 5208 2359 5261 τὰ
2393 5209 2694 5280 ποιήματα,
2744 5210 2959 5280 πρῶτον
3004 5210 3114 5281 ἔχει
3174 5210 3235 5263 τὸ
3283 5206 3422 5263 εἶναι
3473 5209 3683 5280 Πατὴρ,

2105 5298 2503 5353 ἐπακολουθοῦν
2528 5301 2584 5354 δὲ
2613 5302 2727 5372 ἅμα
2759 5302 2853 5355 καὶ
2884 5301 2946 5354 τὸ
2979 5297 3121 5355 εἶναι
3152 5300 3302 5368 Θεός,
3329 5301 3684 5372 Δειχθήσεται

2095 5389 2152 5442 δὲ
2198 5389 2591 5462 ἀκριϐέστερον
2622 5392 2936 5464 ὲντεῦθενὴ
2984 5391 3078 5446 τοῦ
3121 5394 3388 5463 νοήματος
3431 5392 3681 5463 δύναμις.

2098 5479 2170 5531 Τὸ
2201 5480 2309 5551 γὰρ
2344 5481 2544 5552 προσὸν
2571 5481 2718 5551 αὐτῷ
2754 5482 2893 5537 κατὰ
2929 5483 3091 5553 φύσιν
3124 5481 3342 5553 ἀξίωμα
3389 5481 3686 5555 χαριζόμε-

2098 5587 2189 5632 νος
2235 5574 2368 5642 ἡμῖν
2413 5572 2501 5626 διά
2544 5573 2745 5644 πολλὴν
2796 5575 3237 5647 φιλανθρωπίαν,
3296 5573 3683 5645 προστέθεικεν

2100 5663 2201 5725 ὅτι,
2238 5682 2254 5713 ι
2294 5665 2387 5717 καὶ
2421 5665 2642 5734 Πατέρα
2675 5665 2829 5736 ὑμῶν
2853 5681 2866 5693 ‘
2914 5687 2933 5720 ›
2964 5665 3281 5736 κεκλήμεθα
3321 5665 3430 5735 γὰρ
3463 5668 3541 5730 είς
3573 5666 3681 5720 υίο-

486 5827 532 5859 ⁸⁸
569 5825 724 5882 Jnan.
769 5845 807 5895 ι,
842 5828 891 5880 3.
970 5830 1015 5861 ⁵³
1056 5828 1242 5883 Matth.
1286 5844 1475 5895 xvt'ttt,
1522 5832 1604 5884 l9.
1685 5835 1727 5861 ""
1768 5834 1920 5887 Jutn.
1971 5852 2094 5897 vtv.
2141 5841 2189 5891 8.
2270 5840 2309 5870 "
2358 5797 2487 5892 ibid.
2531 5839 2583 5895 9.
2663 5843 2706 5873 ⁶²
2746 5843 2901 5899 Joan.
2947 5862 3037 5909 xx,
3086 5845 3173 5898 l7.
