4056 6264
337 339 420 394 ‘69
1767 335 1933 392 ΤΗΕΕ

2035 335 2204 392 ξιιυε.
2502 291 2512 298 ’
3534 341 3602 394 το

337 451 530 504 Ὀισίαν
558 451 624 506 δι’
653 451 846 516 αὐτοῦ,
877 453 974 504 καί
1005 451 1221 520 γέγονεν
1249 452 1408 522 ἡμῶν
1437 453 1578 506 κατὰ
1625 455 1784 525 χάριν
1813 456 1924 508 Πα-

2035 465 2082 510 et
2113 455 2286 508 factus
2315 465 2396 510 est
2425 454 2584 510 Pater
2627 469 2724 524 per
2751 455 2978 524 gratiam
3024 462 3228 518 noster,
3257 456 3346 524 qui
3379 471 3474 524 per
3505 471 3602 510 na-

347 542 448 613 τὴρ
471 545 499 596 ὁ
523 544 692 596 αὐτοῦ
728 543 870 597 κατὰ
889 544 1064 612 φύσιν.
1101 545 1524 614 ’Δναλαμϐἁνων
1545 545 1602 598 δὲ
1627 548 1708 610 είς
1731 547 1920 600 ἑαυτὸν

339 632 416 700 τὰ
447 634 630 702 ἡμῶν,
668 635 762 687 καὶ
795 634 868 698 ὡς
898 633 996 704 τὴν
1023 633 1114 686 τοῦ
1140 633 1326 689 δούλου
1356 636 1592 706 φορέσας
1617 637 1830 710 μορφὴν
1853 639 1922 692 τὰ

347 723 460 777 τῶν
497 724 718 776 -δοὺλων
762 725 1146 796 οἰκειούμενος,
1181 725 1364 794 λέγει·
1406 745 1424 778 ε
1459 728 1568 782 Καὶ
1612 729 1744 782 Θεόν
1797 747 1920 800 μου,

349 817 450 870 καὶ
480 815 616 869 Θεὸν
659 817 823 884 ὑμῶν.
861 836 880 869 ι
919 816 1128 870 Οὐκοῦν
1155 817 1317 871 αὐτοῦ
1360 819 1458 888 μὲν
1505 818 1664 888 φύσει
1712 819 1918 892 Πατὴρ,

351 907 517 978 ἡμῶν
561 907 614 960 δὲ
661 908 804 972 Θεός.
839 909 948 962 Καὶ
977 909 1184 980 ἐπειδὴ,
1217 909 1466 982 καθάπερ
1499 912 1598 982 ἠδη
1641 915 1921 982 προεῖπον,

353 995 423 1048 δι’
455 996 586 1049 Υἱοῦ
615 996 974 1066 πεποιήμεθα,
1017 997 1232 1068 πρῶτον
1271 997 1424 1051 ἔσται
1465 999 1674 1069 Πατὴρ,
1705 995 1802 1051 εἶθ’
1829 997 1924 1052 οὖ-

357 1105 466 1150 τως
494 1086 640 1150 Θεὸς,
679 1089 726 1138 εἰ
755 1088 850 1140 καὶ
881 1090 998 1158 ἅμα
1026 1090 1116 1141 καὶ
1151 1089 1532 1160 συνημμένως.

481 1269 681 1329 ΑΛΛΟ,
720 1268 802 1334 ὡς
830 1267 899 1332 ἐξ
931 1267 1290 1334 ἀντιθέσεως
1317 1266 1438 1321 τῶν
1461 1267 1782 1336 Εὐνομίου.

425 1379 720 1442 Συναῖδιον,
768 1381 926 1448 φησὶ,
979 1383 1074 1434 καὶ
1121 1381 1276 1434 αὐτοὶ
1323 1381 1400 1452 τῷ
1455 1382 1630 1452 Πατρὶ
1671 1381 1764 1434 τὸν
1801 1379 1930 1434 Υῑὸν

353 1471 722 1542 ὁμολογοῦμεν
777 1468 946 1536 εἶναι,
989 1473 1124 1526 καθὸ
1164 1473 1263 1544 τὴν
1301 1471 1396 1526 τοῦ
1445 1471 1702 1524 δύνασθαι
1747 1472 1928 1523 τεκεῖν

355 1565 515 1618 αὑτὸν
571 1563 822 1630 ἐξουσίαν
877 1561 1021 1635 εἶχεν
1083 1567 1140 1618 ἐν
1191 1563 1370 1634 ἐαυτῷ
1426 1565 1524 1618 καὶ
1589 1564 1716 1634 πρὶν
1767 1561 1930 1614 αὐτὸν

359 1681 512 1753 τέκῃ.

850 1793 1004 1861 Πρὸς
1043 1793 1212 1846 τοῦτο
1250 1793 1446 1857 λύσις.

441 1907 508 1960 Et
535 1906 594 1958 τὸ
627 1905 872 1959 δύνασθαι
901 1906 1093 1976 γεννᾷν
1120 1905 1208 1957 τὸν
1244 1905 1459 1975 Πατέρα
1487 1903 1756 1956 σνναῖδιον
1781 1901 1932 1972 αὖτῷ

357 1997 458 2050 τὸν
495 1998 615 2050 Υἱὸν
641 1992 776 2050 εἶναι
807 1999 968 2059 ποιεῖ,
1006 1998 1097 2048 καὶ
1127 1997 1225 2066 οὐχ
1255 1997 1335 2048 ὅτι
1371 1995 1534 2062 συνῆν
1567 1993 1711 2062 αὐτῷ
1743 2009 1934 2062 γεννη-

359 2089 482 2150 τῶς,
509 2088 562 2139 τί
606 2089 839 2140 κωλύσει
883 2089 1062 2156 λέγειν
1113 2089 1328 2156 ὅτιπερ,
1357 2087 1540 2156 ἐπειδὴ
1583 2087 1643 2138 τὸ
1673 2083 1934 2138 δύνασθαι

353 2178 558 2240 κτίζειν
587 2173 656 2249 ἦν
687 2180 746 2230 ὲν
777 2179 918 2248 Θεῷ,
959 2177 1112 2230 ἔσται
1137 2179 1354 2240 πάντως
1387 2178 1532 2246 αὐτῷ
1559 2177 1652 2228 καὶ
1681 2177 1748 2228 τὰ
1775 2177 1932 2241 ποιή-

357 2286 506 2336 ματα
535 2269 826 2333 συναῒδια;
855 2269 920 2320 Et
947 2269 1054 2336 γὰρ
1081 2269 1144 2319 τὸ
1167 2267 1424 2320 δύνασθαι
1453 2269 1606 2336 μόνον
1647 2266 1708 2317 τὸ
1739 2269 1794 2318 ὲν
1823 2267 1933 2326 τοῖς

359 2359 698 2427 πράγμασιν
733 2357 1084 2424 ἀποτέλεσμα
1119 2361 1294 2427 φορεῖ,
1329 2353 1396 2427 ἦν
1425 2359 1528 2426 ἄρα
1561 2358 1652 2408 καὶ
1693 2357 1818 2426 πρὶν
1843 2357 1934 2422 γέ-

359 2465 526 2516 νηται
573 2447 644 2498 τὰ
691 2445 1110 2516 stetimus-atva
1139 2449 1246 2518 γὰρ
1277 2451 1336 2500 ὲν
1365 2449 1440 2518 τῷ
1469 2451 1664 2518 Ποιητῇ
1697 2449 1754 2500 τὸ
1786 2449 1938 2500 δύνα-

357 2540 484 2592 σθαι
532 2542 714 2591 ποιεῖν
745 2540 906 2593 αὐτοὶ.
942 2541 1001 2592 Et
1027 2540 1082 2591 δὲ
1115 2540 1272 2592 τοῦτο
1297 2542 1510 2602 ἄτοπον,
1547 2541 1638 2594 καὶ
1665 2541 1724 2592 οὐ
1751 2540 1810 2592 τὸ
1839 2538 1932 2592 δύο

349 2628 550 2682 νασοαι
586 2629 796 2692 κτίζειν
837 2628 930 2682 τὸν
977 2629 1108 2682 Θεὸν
1135 2629 1294 2682 τοῦτό
1323 2631 1434 2680 ἐστι
1471 2629 1560 2680 καὶ
1591 2627 1836 2696 γενέσθαι
1867 2629 1936 2682 τὰ

353 2725 640 2793 ποιήματα
659 2739 674 2752 ·
705 2723 806 2774 οὐκ
837 2723 946 2790 ἄρα
989 2722 1050 2773 τὸ
1092 2721 1348 2774 δύνασθαι
1375 2724 1552 2774 τεκεῖν
1575 2721 1664 2773 τὸν
1691 2721 1934 2790 Πατέρα,

353 2817 414 2868 τὸ
447 2811 588 2868 εἷναί
616 2816 742 2866 ἐστι
769 2815 866 2866 τοῦ
899 2813 1050 2877 Υξοῦ,
1075 2813 1188 2868 ἀλλ’
1217 2815 1295 2866 ὅτι
1325 2815 1596 2883 γεννητῶς
1629 2815 1719 2866 καὶ
1748 2813 1810 2878 ἐξ
1835 2814 1936 2866 αὑ-

356 2905 450 2959 τοῦ
478 2907 621 2958 κατὰ
651 2905 812 2973 φύσιν
849 2907 996 2958 ἐστὶν
1037 2905 1150 2974 ἅμα
1183 2906 1276 2958 καὶ
1309 2907 1577 2970 συναϊδιος
1597 2922 1608 2934 ·
1645 2906 1720 2968 ὡς
1747 2907 1812 2958 ὲκ
1837 2923 1938 2958 πυ-

369 2998 456 3067 ρὸς
485 2997 771 3067 θερμότης,
801 2998 834 3067 ἢ
869 2997 964 3050 καὶ
993 2996 1053 3062 ἐξ
1083 2997 1275 3061 ἄνθους
1307 2997 1522 3050 εὐωδία.

1051 3111 1248 3164 ΔΛΛΟ.

445 3222 518 3276 Τὸ
551 3221 801 3276 δύνασθαι
825 3225 1014 3292 γεννᾷν
1051 3222 1202 3275 οὖπω
1234 3223 1334 3291 τὴν
1365 3222 1450 3274 ἐπ’
1482 3221 1628 3292 αὐτῷ
1661 3223 1940 3291 ἐνέργειαν

367 3315 636 3385 ἓχει.”οτε
681 3315 787 3386 γάρ
829 3333 912 3378 τις
957 3315 1154 3379 τίκτει,
1183 3313 1305 3366 τότε
1348 3313 1444 3366 καὶ
1476 3315 1702 3382 ἐνεργεῖ.
1733 3311 1942 3366 Οὐκοῦν

363 3409 426 3460 οὗ
452 3408 513 3460 τὸ
551 3408 806 3460 δύνασθαι
847 3409 1042 3477 γεννᾷν
1077 3407 1165 3458 τὸν
1192 3405 1416 3476 Πατέρα
1445 3405 1505 3457 τὸ
1535 3401 1672 3458 εἷναί
1705 3407 1818 3456 ἐστι
1846 3403 1938 3458 τοῦ

363 3499 511 3564 Υίοῦ,
539 3498 648 3552 ἀλλ’
675 3500 738 3550 ὲκ
763 3497 856 3550 τοῦ
887 3494 1028 3549 εἶναι
1057 3495 1274 3567 Πατέρα
1302 3496 1392 3549 τὸν
1423 3493 1576 3559 Θεὸν,
1598 3495 1658 3547 τὸ
1686 3493 1744 3558 ἐξ
1773 3493 1938 3546 αὐτοῦ

364 3593 782 3652 ουνεπινοεῖται,
805 3590 884 3641 διὸ
917 3589 1010 3641 καὶ
1041 3589 1228 3658 Πατήρ
1255 3589 1420 3640 ἐστιν.
1441 3587 1504 3639 Εἰ
1538 3586 1592 3640 δὲ
1615 3587 1729 3656 ἅμα
1751 3585 1938 3655 Πατὴρ

361 3685 454 3735 καὶ
497 3683 650 3746 Θεὸς,
681 3682 802 3751 ἅμα
847 3681 940 3734 καὶ
989 3681 1136 3746 Υἱὸς,
1172 3680 1476 3750 συντρέχων
1503 3681 1568 3748 τῇ
1601 3679 1693 3731 τοῦ
1725 3677 1937 3748 Πατρὸς

361 3774 622 3842 ἀΐδιότητι
673 3774 768 3826 καὶ
803 3774 1294 3842 συνεκτεινόμενος,
1322 3769 1411 3823 ἵνα
1439 3769 1676 3839 σώζηται
1705 3768 1783 3838 τῷ
1811 3783 1935 3834 γεν-

353 3867 586 3934 νήσαντι
615 3863 676 3916 τὸ
712 3859 852 3916 εἶναι
885 3863 1124 3932 Πατέρα.

465 4067 672 4120 AAAO.
727 4065 822 4132 Ὦς
860 4065 930 4128 ἐξ
967 4063 1319 4129 ἀντιθέσεως
1355 4062 1474 4116 τῶν
1512 4061 1830 4130 Εὐνομίου.

430 4203 493 4256 Ei
535 4202 662 4256 καθ’
692 4203 860 4271 ὑμᾶς,
889 4201 1040 4271 φησι,
1072 4201 1198 4262 τοὺς
1235 4197 1372 4268 ὀρθὰ
1418 4198 1631 4268 φρονεῖν
1681 4194 1938 4261 λέγοντας

367 4293 640 4355 συναϊδιός
667 4294 818 4346 ἐστιν
841 4295 868 4343 ὁ
891 4291 1016 4354 Υἱὸς
1042 4289 1117 4360 τῷ
1151 4288 1350 4359 Πατρὶ,
1383 4285 1506 4339 οὐδέ
1532 4301 1660 4336 ποτε
1705 4283 1810 4352 ἄρα
1843 4281 1936 4350 γέ-

365 4403 518 4454 γονεν
553 4385 778 4455 ἐνεργὸς
805 4384 834 4435 ὁ
865 4383 1051 4455 Πατὴρ
1084 4381 1215 4452 περὶ
1246 4379 1309 4431 τὸ
1338 4378 1540 4430 τίκτειν
1565 4373 1742 4440 αὐτὸν,
1773 4374 1858 4426 ἀεὶ
1879 4372 1936 4426 δὲ

2026 557 2202 600 turam
2229 555 2312 600 est
2343 545 2506 598 illius.
2544 544 2738 601 Nostra
2773 561 2902 602 vero
2949 547 3002 599 in
3069 559 3128 599 se
3182 559 3486 604 assumens.
3539 561 3602 598 ac

2023 636 2186 690 veluti
2241 635 2380 690 servi
2409 635 2636 688 formam
2677 645 2912 706 gestans,
2959 649 3078 704 qua
3134 647 3410 688 servorum
3477 643 3601 686 sunt

2021 727 2122 780 sibi
2181 727 2638 790 acemnmodans,
2681 728 2810 781 dicit
2857 744 2870 780 :
2909 744 2930 778 ι
2975 727 3040 778 Et
3091 725 3256 780 Deum
3311 740 3488 778 meum
3549 735 3606 776 et

2023 815 2193 870 Deum
2229 825 2486 870 vestrum.
2527 836 2546 869 ι
2581 817 2911 872 Naturaliter
2937 819 3118 888 itaque
3149 817 3294 872 illius
3317 816 3472 870 Pater
3495 827 3598 876 est,

2025 917 2208 962 uoster
2271 919 2448 964 autem
2521 911 2677 964 Deus.
2719 910 2784 966 Et
2833 911 3288 982 quandoquidem,
3319 919 3379 964 ut
3445 910 3602 962 modo

2024 999 2130 1054 dixi
2157 1041 2172 1064 ,
2205 1017 2302 1070 per
2347 1000 2543 1054 Filium
2576 1002 2700 1056 facti
2743 1017 2948 1064 smnus,
2989 1003 3216 1071 primum
3261 1011 3344 1056 cst
3395 997 3553 1052 Pater
3583 1035 3602 1060 ,

2025 1105 2088 1144 ac
2125 1091 2318 1146 deinde
2385 1091 2562 1156 Deus,
2621 1093 2868 1161 quamvis
2939 1091 3102 1146 simul
3160 1103 3216 1146 et
3245 1091 3598 1158 cetijunctim.

2378 1272 2606 1330 ALIUD.
2633 1271 2716 1328 Ea:
2745 1273 3030 1341 objections
3061 1271 3330 1326 Eunomii.

2095 1389 2456 1452 Comtcrnnui,
2485 1389 2678 1456 inquit,
2722 1387 2882 1442 etiam
2917 1401 3014 1440 nos
3053 1385 3198 1440 Patri
3249 1385 3444 1440 Filium
3485 1401 3604 1440 esse

2030 1483 2286 1542 fatemur,
2319 1491 2588 1554 quatenus
2619 1478 2932 1532 facultatem
2967 1477 3016 1528 in
3059 1491 3117 1530 se
3141 1477 3322 1530 habuit
3351 1477 3600 1546 gignendi

2029 1574 2192 1626 etiam
2241 1579 2528 1638 antequam
2553 1583 2674 1622 eum
2703 1567 2964 1636 gigneret.

2627 1793 2729 1865 41
2779 1793 3005 1848 Salutio.

2103 1909 2158 1960 Si
2211 1907 2438 1960 facultas
2477 1903 2766 1968 generandi
2820 1917 2924 1970 qua
2979 1901 3136 1955 Pater
3171 1901 3426 1970 prteditus
3461 1907 3600 1960 erat,

2033 2007 2356 2050 ιοειειοιίιιιιη
2385 1995 2430 2046 ei
2463 1991 2656 2046 Filium
2691 1991 2839 2052 facit,
2873 2007 2976 2044 non
3015 1999 3191 2044 autem
3235 1991 3404 2059 ipsius
3436 1989 3600 2060 geniti

2035 2089 2336 2157 pril‘SCfllia,
2372 2085 2500 2154 quid
2553 2083 2785 2137 obstabit
2843 2083 3130 2152 quominus
3167 2082 3432 2146 dicamus,
3477 2095 3600 2134 cum

2035 2179 2256 2233 facultas
2288 2176 2508 2230 creandi
2543 2175 2702 2229 fuerit
2731 2190 2946 2244 semper
2983 2176 3036 2228 in
3077 2175 3206 2238 Deo,
3239 2183 3520 2228 creaturas
3551 2173 3600 2228 ei

2033 2273 2196 2324 etiam
2235 2279 2534 2322 eoa-ternas
2561 2267 2720 2320 esse?
2751 2265 2808 2320 Si
2849 2267 2994 2320 enim
3043 2267 3182 2319 nmla
3213 2267 3444 2320 facultas
3481 2279 3606 2332 per-

2035 2361 2322 2414 fectionem
2371 2360 2534 2412 rebus
2575 2356 2752 2420 aﬂ'ert,
2789 2367 2936 2411 certe
2987 2365 3248 2412 creaturas
3283 2359 3448 2410 etiam
3491 2356 3608 2409 fue-

2035 2453 2144 2505 rint
2183 2451 2500 2519 priusquam
2539 2447 2754 2502 fierent.
2799 2447 2928 2502 Erat
2967 2449 3110 2502 enim
3145 2451 3198 2501 in
3237 2447 3494 2502 Creatore
3523 2449 3604 2498 fa-

2035 2543 2204 2594 cultas
2225 2555 2320 2596 eas
2347 2539 2600 2594 faciendi.
2631 2541 2697 2594 At
2723 2555 2850 2592 vero
2885 2541 2928 2593 si
2963 2541 3064 2594 hoc
3093 2541 3386 2594 absurdum
3413 2551 3518 2604 est,
3551 2549 3606 2594 et

2035 2649 2194 2704 posse
2223 2647 2412 2688 creare
2447 2631 2614 2687 Deum
2645 2645 2750 2684 nou
2797 2643 2876 2685 est
2913 2649 3097 2686 creare
3131 2641 3448 2686 creaturas:
3475 2647 3606 2702 ergo

2040 2741 2194 2794 posse
2215 2727 2438 2794 gignere
2467 2724 2700 2790 Patrem,
2735 2741 2840 2780 non
2883 2737 2968 2780 est
2997 2739 3120 2779 esse
3147 2723 3288 2789 Filii,
3331 2727 3424 2778 sed
3463 2724 3602 2792 quod

2039 2819 2370 2886 generatire,
2403 2827 2456 2870 et
2483 2833 2546 2868 ex
2589 2817 2704 2882 ipso
2732 2819 3032 2870 secundum
3067 2829 3320 2869 naturam
3349 2833 3452 2869 una
3481 2833 3600 2870 cum

2040 2909 2155 2977 ipso
2183 2917 2266 2963 est
2309 2916 2366 2962 et
2403 2915 2728 2966 eoa-tertius,
2775 2905 2912 2960 sicut
2943 2921 3008 2960 ex
3047 2907 3168 2974 igne
3197 2908 3364 2970 calor,
3413 2919 3504 2960 aut
3537 2921 3602 2960 ex

2037 2997 2168 3053 ﬂore
2193 2998 2378 3052 suavis
2403 2997 2558 3052 odor.

2709 3105 2938 3161 ALIUD.

2109 3219 2352 3274 Potentia
2391 3221 2504 3274 sive
2537 3219 2765 3274 facultas
2805 3219 3096 3290 generandi
3133 3217 3368 3272 nondum
3406 3219 3607 3272 exserit

2039 3309 2331 3365 efﬁcaciam
2364 3325 2538 3364 suam.
2559 3309 2782 3376 Quando
2819 3311 2960 3364 enim
2986 3310 3105 3377 quis
3127 3311 3316 3379 gignit,
3349 3321 3458 3364 tum
3485 3319 3604 3366 actu

2040 3404 2226 3458 eﬂicax
2276 3415 2377 3458 est.
2417 3401 2532 3456 Non
2565 3405 2727 3474 igitur
2769 3405 3006 3474 potentia
3063 3405 3312 3474 gignendi
3354 3407 3404 3458 in
3451 3407 3608 3461 Patro

2039 3506 2116 3549 est
2155 3495 2460 3549 substantia
2500 3495 2644 3559 Filii,
2672 3495 2766 3550 sed
2793 3511 2859 3550 ex
2887 3511 2952 3550 eo
2979 3499 3118 3564 quod
3152 3497 3310 3550 Pater
3337 3511 3414 3550 ρει
3445 3497 3604 3560 Dens,

2039 3589 2200 3642 etiam
2243 3589 2294 3642 id
2333 3588 2474 3656 quod
2503 3605 2570 3642 ex
2609 3603 2674 3642 eo
2713 3597 2820 3650 est,
2862 3588 3200 3657 intelligitur,
3237 3605 3334 3657 per
3375 3593 3516 3657 quod
3553 3599 3607 3643 et

2039 3679 2198 3734 Pater
2233 3690 2336 3734 est.
2375 3679 2430 3734 Si
2471 3689 2652 3734 autem
2696 3679 2856 3734 simul
2900 3691 3024 3734 sunt
3065 3679 3224 3734 Pater
3256 3691 3305 3734 et
3341 3682 3494 3742 Deus,
3535 3681 3606 3732 si-

2041 3770 2150 3824 mul
2178 3785 2392 3839 quoque
2424 3779 2476 3825 et
2511 3770 2699 3836 Filius,
2735 3787 3065 3826 concurrens
3098 3788 3202 3824 una
3239 3789 3356 3824 rum
3393 3773 3606 3823 merui-

2039 3870 2147 3914 tate
2189 3861 2386 3926 Patris,
2422 3877 2634 3933 unaque
2670 3864 2986 3934 productus,
3043 3871 3100 3916 ut
3153 3873 3399 3916 servetur
3445 3860 3606 3912 Genii-

2040 3955 2138 4006 tori
2175 3965 2295 4008 esse
2321 3951 2554 4010 Patrem.

2335 4066 2564 4121 ALIUD.
2611 4065 2692 4118 Ea!
2715 4065 3004 4132 objections
3032 4061 3296 4114 Eunomii.

2109 4196 2166 4252 Si
2201 4214 2264 4254 ex
2301 4207 2502 4266 vestra,
2539 4197 2736 4266 inquit,
2765 4197 2853 4266 qui
2891 4209 2983 4250 vos
3013 4205 3156 4250 recte
3187 4197 3384 4250 sentire
3407 4195 3606 4262 dicitis,

2037 4288 2306 4344 sententia
2348 4299 2652 4344 coaeternus
2676 4299 2756 4342 est
2785 4285 2954 4342 Filius
2976 4287 3142 4352 Patri,
3177 4305 3445 4359 nunquam
3479 4304 3608 4341 vero

2037 4381 2226 4436 eﬂicax
2277 4383 2376 4437 fuit
2407 4383 2570 4438 Pater
2607 4383 2671 4436 ad
2714 4385 3034 4455 gignentium
3071 4385 3364 4453 ipsutn,sed
3397 4399 3609 4451 semper

365 4477 554 4546 ἀργὸς,
595 4477 713 4540 πῶς
738 4471 832 4528 οὖν
863 4473 1158 4545 ἐγεννήθη;
1191 4474 1252 4524 Et
1276 4469 1332 4524 δὲ
1354 4471 1574 4539 γέγονεν
1603 4467 1823 4538 ἐνεργὸς
1845 4466 1933 4519 καὶ

2039 4475 2266 4540 otiosus,
2329 4490 2433 4542 quo
2462 4487 2618 4544 pacto
2646 4491 2774 4544 ergo
2809 4479 3021 4545 genitus
3059 4477 3180 4530 est?
3219 4477 3274 4528 Si
3314 4487 3491 4530 autent
3528 4475 3608 4526 ef—

367 4565 577 4630 ἔτεκεν,
605 4567 773 4638 ἀρχὴν
805 4568 915 4633 ἕξει
949 4568 1164 4628 πάντως
1195 4562 1291 4616 τοῦ
1319 4557 1456 4616 εἶναι
1489 4561 1551 4614 τὸ
1585 4559 1860 4629 γεννηθέν.

843 4763 992 4833 Πρὸ(
1038 4763 1216 4842 τοῦτο
1251 4763 1450 4826 λύσις.

439 4895 500 4946 Et
536 4895 635 4964 μὲν
667 4895 790 4966 περὶ
818 4893 964 4954 τινος
992 4896 1098 4948 τῶν
1132 4893 1514 4963 πεποιημένων
1541 4895 1568 4946 ὁ
1600 4892 1754 4959 λόγος
1783 4887 1870 4962 ἦν,
1891 4884 1934 4944 ὧ

365 4977 528 5050 οὗτοι,
559 4985 738 5048 καλῶς
777 4987 1013 5055 ε’ργάτην
1043 4987 1174 5056 ἡμῖν
1217 4987 1499 5055 εἰσφέρετε
1533 4988 1623 5036 τὸν
1664 4985 1814 5046 Θεὸν,
1843 4983 1935 5036 καὶ⁵

363 5075 480 5146 οὐχὶ
507 5075 706 5146 μᾶλλον
736 5079 1060 5146 γεννήτορα.
1078 5076 1295 5146 Ἐπειδὴ
1323 5077 1380 5128 δὲ
1407 5077 1506 5128 οὐκ
1531 5075 1788 5144 ἐργασίαν
1817 5075 1936 5127 τινὰ

362 5167 686 5238 γεγενῆσθαι
731 5168 884 5239 παρὰ
933 5167 1024 5220 τοῦ
1073 5167 1281 5240 Πατρὸς
1331 5163 1700 5236 ὁμολογοῦμεν
1741 5167 1817 5226 είς
1848 5165 1936 5216 τὸν

362 5260 487 5312 Υἱὸν
514 5259 863 5328 (γεγενῆσθαι
885 5259 994 5329 γὰρ
1016 5259 1176 5314 αὐτὸν
1199 5261 1262 5314 ὲκ
1287 5260 1384 5328 τῆς
1401 5255 1607 5320 οὐσίας,
1622 5256 1720 5307 οὐκ
1745 5255 1938 5321 ἔξωθεν

358 5352 682 5420 πεποιῆσθαί
713 5351 954 5422 φαμεν),
988 5351 1102 5414 πῶς
1133 5354 1192 5404 οὐ
1225 5351 1520 5424 διαρρήδην
1550 5348 1938 5418 βλασφημεῖτε,

355 5444 602 5513 λέγοντες
635 5447 858 5519 ἐνεργὸν
902 5445 1228 5515 γεγενῆσθαί
1260 5463 1388 5497 ποτε
1429 5445 1519 5497 τὸν
1547 5441 1769 5506 Πατέρα
1815 5442 1937 5511 περὶ

355 5537 446 5607 τὴν
471 5539 730 5608 γέννησιν
753 5538 852 5591 τοῦ
877 5538 1032 5600 Υἰοῦ,
1059 5535 1248 5590 τοῦτον
1275 5537 1374 5587 οὐκ
1408 5533 1638 5604 ἐχούσης
1665 5533 1752 5585 τὸν
1779 5533 1938 5600 νόμον

355 5629 446 5697 τῆς
479 5633 792 5700 γεννήσεως
830 5631 954 5682 οὐδὲ
999 5631 1081 5696 ἐφ’
1115 5627 1306 5696 ἡμῶν;
1337 5627 1415 5678 Τὰ
1451 5627 1547 5696 μὲν
1579 5626 1686 5696 γὰρ
1720 5624 1935 5690 ἔξωθεν,

353 5723 725 5794 ἐργαζόμεθα·
789 5724 1053 5790 τίκτομεν
1108 5721 1160 5771 δὲ
1220 5719 1282 5770 τὰ
1335 5720 1390 5785 ἐξ
1445 5720 1668 5772 ἑαυτῶν.
1733 5718 1936 5771 Οὐκοῦν

2039 4563 2175 4617 ficax
2225 4564 2324 4618 fuit
2359 4575 2412 4619 et
2463 4575 2583 4618 actu
2619 4569 2803 4635 genuit
2839 4585 2852 4620 :
2897 4583 3116 4623 necesse
3158 4569 3378 4620 omnino
3412 4575 3513 4626 est,
3551 4573 3611 4615 ut

2038 4654 2180 4708 quod
2217 4655 2453 4724 genitum
2482 4667 2564 4711 est
2592 4657 2889 4712 exsistendi
2921 4660 3243 4727 principium
3285 4657 3498 4710 habent.

2711 4767 2938 4825 Salutio.

2101 4901 2167 4952 Si
2217 4903 2281 4956 de
2328 4915 2701 4958 creaturarum
2748 4906 2926 4973 aliqua
2973 4920 3151 4960 sermo
3188 4910 3348 4962 esset,
3387 4915 3419 4952 ο
3461 4900 3606 4964 imni,

2040 5001 2190 5047 recte
2220 4993 2468 5061 opificem
2511 4995 2666 5047 nobis
2697 4995 3022 5048 induceretis
3061 4993 3250 5049 Deum.
3289 5002 3342 5044 et
3381 5007 3484 5044 non
3515 5006 3608 5060 po-

2042 5085 2149 5138 tius
2199 5086 2517 5152 genitorem.
2561 5085 2826 5137 Carterum
2870 5099 2992 5137 cum
3037 5098 3138 5136 non
3171 5099 3304 5151 opus
3343 5083 3608 5153 quoddam

2041 5175 2234 5228 Filium
2283 5189 2310 5227 a
2349 5173 2508 5227 Patre
2559 5173 2764 5226 factum
2809 5188 2928 5228 esse
2969 5172 3313 5242 proﬁteamnr
3348 5174 3605 5243 (genitum

2037 5269 2181 5320 enim
2219 5268 2390 5333 ipsum
2434 5279 2500 5319 ex
2545 5265 2844 5319 substantia
2889 5265 3083 5328 Patris,
3128 5281 3230 5319 non
3267 5268 3610 5320 extrinsecus

2040 5355 2239 5408 factum
2297 5354 2587 5424 dicimus),
2633 5369 2743 5422 quo
2788 5363 2946 5423 pacto
2995 5370 3101 5408 non
3155 5357 3436 5408 immites-te
3492 5355 3609 5408 hla-

2039 5445 2247 5512 Splietni
2301 5444 2454 5506 estis,
2514 5446 2754 5499 dicentes
2809 5456 3142 5513 operatur-em
3199 5446 3489 5512 aliquando
3538 5445 3610 5498 l'a-

2040 5547 2182 5588 ctum
2241 5534 2406 5588 fuisse
2441 5535 2651 5589 Patrem
2697 5537 2845 5591 circa
2879 5537 3278 5605 generationem
3313 5535 3454 5596 Filii,
3487 5551 3606 5588 cum

2039 5627 2318 5693 generatio
2347 5627 2508 5680 etiam
2539 5629 2590 5681 in
2627 5629 2782 5682 nobis
2810 5629 2950 5682 hanc
2983 5628 3150 5696 legem
3187 5643 3289 5680 non
3324 5625 3610 5680 observet?

2039 5717 2145 5789 42
2180 5716 2485 5787 Operamur
2517 5721 2655 5775 enim
2692 5736 2810 5789 quze
2833 5728 2989 5774 extra
3027 5733 3125 5770 nos
3155 5727 3315 5770 sunt:
3344 5719 3612 5785 gignimus
