4056 6264
473 378 532 429 71
1445 370 1503 426 S.
1541 369 1817 426 CYRILLI
1858 367 2326 432 ALEXANDBINI
2363 369 2686 425 ARCHIEP.
3671 369 3743 427 '12

467 499 586 558 qua:
622 499 684 534 ex
729 482 883 537 nobis
919 482 1072 552 ipsis.
1102 481 1236 534 Cum
1273 482 1434 552 igitur
1463 483 1631 538 Filius
1665 499 1769 538 non
1798 484 1868 537 sit
1893 497 2048 551 opus,

2168 483 2451 554 ὲπειδήπερ
2472 484 2572 537 οὑκ
2593 483 2754 554 ἔργον
2775 484 2924 536 ἐστὶν
2949 484 2979 534 ὁ
3007 481 3158 544 Υἱὸς,
3186 478 3431 549 γέννημα
3453 478 3509 532 δὲ
3537 479 3744 549 μᾶλλον

466 578 559 632 sed
609 577 792 645 potius
828 576 1080 642 genimen
1131 577 1320 629 mterni
1387 577 1586 643 Patris,
1623 587 1845 646 paterna
1889 576 2050 628 etiam

469 666 746 720 nobilitate
794 665 1053 736 prmditus
1103 667 1228 731 erit,
1285 676 1518 723 alternus
1574 669 1843 722 exsistcns
1886 664 2054 718 Filius

472 767 529 809 ut
560 756 668 810 ille.

1137 865 1378 922 ALIUD.

543 979 619 1034 Ne
666 981 827 1036 nimis
883 982 1206 1036 contentiosi
1258 997 1382 1036 esse
1428 982 1740 1044 rideamur,
1798 983 2052 1038 dabimus

475 1072 716 1126 hostibus
751 1072 846 1126 Dei
889 1075 1198 1128 dicentibus
1227 1075 1460 1127 activam
1501 1088 1624 1129 esse
1654 1078 2052 1143 generationem

477 1161 617 1228 Filii,
671 1163 812 1232 quod
871 1179 974 1218 non
1027 1180 1092 1218 ex
1140 1165 1395 1233 passione
1432 1165 1680 1234 genuerit
1723 1164 1900 1218 Pater.
1949 1164 2053 1218 Sed

472 1255 926 1322 quemadmodum
979 1266 1061 1310 est
1120 1256 1320 1319 activa,
1358 1257 1428 1309 ita
1475 1257 1636 1310 etiam
1685 1258 1948 1312 naturalis
2003 1266 2056 1312 et

471 1347 795 1410 essentialis,
833 1357 885 1400 et
927 1347 995 1400 ab
1031 1347 1311 1417 bypostasi
1357 1345 1473 1415 ejus
1515 1349 1908 1416 inseparabilis.
1954 1348 2056 1404 Ne-

473 1440 767 1494 cessarium
821 1439 985 1509 igitur
1027 1442 1249 1494 omnino
1293 1449 1395 1504 est,
1439 1441 1648 1494 tametsi
1693 1441 1852 1495 Pater
1881 1443 2056 1496 active

476 1531 669 1585 Filium
697 1569 701 1573 .
731 1540 976 1601 generet,
1043 1547 1166 1586 esse
1210 1531 1371 1598 plane
1418 1542 1748 1587 coaeternum
1801 1533 2052 1588 :dictum

474 1623 618 1676 enim
653 1631 737 1677 est
811 1623 985 1693 ipsum
1021 1623 1244 1692 gignere
1275 1640 1301 1676 a
1344 1624 1562 1692 propria
1588 1624 1756 1693 ipsius
1781 1625 2055 1695 bypostasi

475 1716 713 1783 separari
752 1730 856 1768 non
888 1729 1066 1784 posse.
1099 1715 1230 1769 Cum
1270 1731 1397 1770 vero
1425 1716 1540 1785 ejus
1581 1717 1886 1787 bypostasis
1916 1734 2057 1772 sem-

477 1820 572 1872 per
604 1806 694 1871 sit,
742 1806 848 1860 erit
889 1805 1053 1859 etiam
1090 1820 1306 1876 semper
1341 1822 1407 1861 ex
1452 1818 1644 1862 natura
1672 1809 1840 1878 ipsius
1867 1825 2056 1878 procc-

478 1900 610 1952 deus
647 1897 874 1953 fructus.
912 1897 1192 1962 Quomodo
1238 1901 1402 1970 igitur
1448 1916 1551 1955 non
1597 1901 1700 1954 erit
1756 1911 2055 1956 comternus

481 1989 680 2045 Filius?

1152 2103 1388 2160 ALIUD.

553 2219 748 2274 Videre
795 2230 874 2275 est
912 2220 966 2274 in
1008 2222 1074 2275 iis
1106 2236 1228 2290 quae
1279 2235 1308 2273 a
1358 2220 1465 2273 Deo
1503 2231 1682 2273 creata
1724 2231 1872 2284 sunt,
1915 2223 2057 2291 quod

479 2327 816 2381 quascmque
882 2313 1174 2381 generandi
1237 2312 1547 2366 facultatem
1609 2313 1803 2379 partite
1863 2314 2061 2369 habent

483 2405 618 2475 (tunc
642 2405 786 2456 enim
817 2419 1105 2470 corporum
1145 2404 1226 2456 lex
1258 2405 1384 2470 eat),
1429 2414 1482 2457 et
1515 2405 1731 2471 quando
1761 2403 1826 2454 ad
1856 2412 2058 2456 certam

479 2499 654 2552 artatis
709 2512 1017 2551 mensuram
1074 2497 1440 2565 pervenerint,
1492 2505 1604 2550 tum
1659 2496 1888 2564 primum
1937 2504 2060 2549 actu

481 2605 742 2658 generare
769 2604 946 2658 posse,
978 2600 1034 2641 ut
1060 2589 1248 2650 homo,
1277 2590 1495 2640 brutum
1535 2586 1756 2648 animal,
1785 2596 1840 2639 et
1857 2586 2058 2653 planta.

486 2681 610 2736 Haec
659 2681 804 2734 cnim
853 2695 974 2732 cum
1029 2680 1207 2732 adhuc
1248 2693 1411 2746 parva
1462 2678 1594 2742 sint,
1642 2692 1745 2730 non
1795 2677 2059 2746 gignunt:

485 2773 574 2827 ubi
612 2786 740 2826 vero
780 2771 1014 2840 perlecta
1049 2781 1182 2825 actas
1218 2769 1470 2833 accessit,
1509 2769 1755 2837 gignunt.
1795 2768 1933 2835 Quid
1963 2770 2063 2839 igi-

486 2875 576 2918 tur
631 2863 904 2919 obstiterit
951 2863 1239 2932 quominus
1297 2860 1601 2914 substantia
1673 2858 1884 2921 Patris,
1941 2875 2062 2913 cum

485 2955 724 3026 perlecta
762 2956 851 3019 sit,
897 2954 1147 3024 genuerit
1197 2968 1259 3006 ex
1299 2968 1358 3006 se
1407 2953 1546 3006 citra
1589 2961 1799 3021 tempus
1841 2960 2064 3006 cozrter-

487 3064 612 3102 nttm
655 3047 756 3102 sibi
795 3045 1089 3115 genimen?
1129 3044 1312 3114 Neque
1350 3044 1493 3098 enim
1540 3044 1824 3113 quisquam
1869 3042 2066 3097 dixerit

2154 573 2326 626 ἀϊδίου
2363 574 2597 645 Πατρὸς,
2629 575 2740 640 ἕξει
2779 572 2980 644 δηλαδὴ
3014 570 3107 625 τοῦ
3137 569 3390 632 τεκόντος
3432 571 3533 640 τὴν
3579 571 3744 639 εὐγέ-

2155 684 2324 733 νειαν,
2359 668 2528 731 ἀΐδιος
2559 668 2635 720 ὢν
2665 667 2740 732 ὡς
2769 669 2994 730 ἐκεῖνος.

2841 866 3046 917 AAAU.

2229 977 2344 1031 Ἵνα
2391 977 2466 1048 μὴ
2517 979 2718 1049 σφόδρα
2774 979 3067 1046 φιλόνεικοί
3095 998 3238 1045 τινες
3281 975 3423 1035 εἷναι
3471 981 3744 1054 δοκῶμεν,

2158 1069 2538 1141 συνθησόμεθα
2585 1076 2698 1134 τοῖς
2747 1073 3137 1144 χριστομάχοις
3191 1074 3551 1146 ὲνεργητικὴν
3602 1071 3745 1130 εἶναι

2155 1163 2372 1230 λέγουσι
2400 1163 2498 1235 τὴν
2529 1165 2778 1235 γέννησιν
2807 1165 2900 1218 τοῦ
2936 1165 3087 1229 Υἱοῦ,
3122 1167 3210 1220 διὰ
3247 1167 3309 1220 τὸ
3342 1167 3417 1240 μὴ
3445 1169 3509 1222 ὲκ
3535 1169 3745 1232 πάθους

2153 1255 2435 1308 τετοκέναι
2460 1256 2550 1308 τὸν
2574 1257 2812 1326 Πατέρα.
2832 1257 2970 1309 Ἀλλ’
2997 1257 3186 1328 ὥσπερ
3211 1258 3358 1310 ἐστὶν
3387 1260 3743 1331 ὲνεργητικὴ,

2155 1349 2297 1402 οὕτω
2325 1349 2387 1419 δὴ
2416 1351 2617 1420 φυσική
2645 1367 2704 1402 τε
2727 1349 2819 1402 καὶ
2849 1347 3133 1418 οὑσιώδης,
3153 1351 3247 1403 καὶ
3269 1351 3368 1420 τῆς
3390 1351 3744 1414 ὑποστάσεως

2156 1437 2738 1510 ἁχώριστος.Ἀνάγκη
2779 1438 3087 1508 τοιγαροῦν,
3122 1437 3226 1491 κᾶν
3275 1438 3409 1510 τέκῃ
3470 1439 3562 1492 τὸν
3617 1439 3743 1493 Υἰδν

2157 1530 2525 1602 ἐνεργητικῶς
2556 1532 2584 1583 ὁ
2617 1529 2822 1600 Πατὴρ,
2852 1525 2989 1582 εἶναι
3017 1531 3231 1592 πάντως
3253 1531 3413 1584 αὑτὸν
3441 1532 3738 1584 συναῖδιον·

2158 1623 2484 1694 προείρηται
2512 1624 2621 1693 γὰρ
2655 1621 2736 1674 ὅτι
2759 1622 2860 1692 τῆς
2891 1622 3028 1685 ἰδίας
3060 1621 3411 1683 ὑποστάσεως
3439 1623 3743 1693 ἀχώριστον

2159 1719 2270 1788 ἔχει
2292 1718 2352 1771 τὸ
2376 1717 2602 1770 τίκτειν.
2631 1713 2811 1785 Οὔσης
2840 1715 2896 1767 δὲ
2924 1715 3010 1767 ἀεὶ
3035 1716 3137 1784 τῆς
3169 1716 3520 1779 ὑποστάσεως
3551 1715 3738 1780 αὑτοῦ,

2160 1809 2297 1866 εἶναι
2335 1811 2416 1864 δεῖ
2447 1812 2660 1872 πάντως
2688 1809 2783 1862 καὶ
2822 1808 2883 1860 τὸ
2928 1806 2988 1872 ἐξ
3027 1807 3197 1879 αὑτῆς
3234 1809 3497 1880 προελθὸν
3527 1809 3741 1878 φύσεως

2161 1905 2406 1974 ὑπάρχον
2453 1903 2685 1975 καρπός.
2717 1901 2842 1966 Πῶς
2895 1896 2988 1953 οὖν
3041 1900 3141 1954 οὑκ
3195 1899 3347 1954 ἔσται
3401 1902 3666 1963 συναῖδιος
3711 1903 3740 1954 ὁ

2160 2000 2285 2063 Υἱός
2306 2017 2320 2063 ;

2840 2110 3046 2163 ΑΛΛΟ.

2244 2225 2491 2297 Ὀρῶμεν
2517 2225 2574 2277 ὲν
2601 2226 2712 2287 τοῖς
2743 2222 3133 2292 πεποιημένοις
3173 2220 3319 2291 παρὰ
3357 2219 3512 2282 Θεοῦ,
3543 2220 3740 2290 ὅτιπερ

2159 2321 2258 2374 ὅσα
2293 2317 2388 2371 τοῦ
2417 2321 2611 2388 γεννᾷν
2642 2317 2742 2388 τὴν
2772 2317 3000 2386 δύναμιν
3027 2315 3139 2386 ἔχει
3175 2313 3588 2386 μεμερισμένως
3619 2306 3743 2381 (οῦ-

2160 2429 2251 2476 τος
2283 2412 2394 2482 γὰρ
2443 2411 2710 2482 σωμάτων
2750 2409 2954 2480 νόμος),
2993 2409 3085 2462 καὶ
3129 2409 3254 2462 ὃταν
3285 2408 3362 2469 εἰς
3395 2405 3594 2475 μέτρον
3626 2403 3742 2473 ἡλι-

2162 2506 2286 2569 κίας
2313 2505 2442 2576 ἔλθη
2470 2502 2721 2574 φανερὸν,
2745 2503 2865 2554 τότε
2898 2501 2992 2554 καὶ
3014 2499 3234 2571 ἐνεργὸν
3264 2499 3403 2568 ἴσχει
3429 2494 3490 2548 τὸ
3520 2495 3738 2555 τίκτειν,

2163 2591 2273 2648 οἷον
2302 2594 2604 2666 ἄνθρωπος,
2633 2591 2772 2657 ζῶον
2821 2593 3034 2658 ἄλογον,
3063 2589 3154 2642 καὶ
3201 2587 3386 2658 φυτόν.
3418 2584 3596 2639 Ταῦτα
3636 2583 3736 2652 γὰρ

2169 2686 2340 2758 μικρὰ
2367 2686 2517 2747 ὄντα,
2551 2686 2756 2739 τίκτειν
2786 2685 2846 2738 οὑ
2879 2684 3102 2738 δύναται
3122 2700 3136 2714 ο
3165 2681 3517 2750 τελειούμενα
3547 2677 3621 2740 δὲ,
3649 2675 3739 2728 καὶ¹

2164 2779 2322 2834 τοῦτο
2357 2782 2520 2832 ποιεῖ.
2553 2778 2617 2830 Τί
2641 2774 2734 2832 οὖν
2760 2778 2963 2831 ἐκώλυε
2986 2776 3195 2829 τελείαν
3239 2769 3403 2827 οὖσαν
3431 2770 3529 2842 τὴν
3563 2767 3742 2822 οὐσίαν

2164 2869 2259 2923 τοῦ
2283 2871 2494 2941 Πατρὸς
2514 2870 2720 2924 τίκτειν
2742 2869 2801 2923 τὸ
2823 2869 2882 2935 ἐξ
2912 2871 3082 2939 αὐτῆς
3105 2868 3348 2938 ἀχρόνως
3377 2865 3452 2929 ὡς
3483 2861 3745 2918 συναῒδιον

2167 2965 2334 3035 αὐτῇς
2390 2964 2463 3017 Oti
2498 2963 2606 3034 γὰρ
2636 2963 2805 3036 δήπου
2839 2964 3060 3032 φήσειεν
3087 2962 3152 3016 ἄν
3177 2979 3260 3023 τις
3291 2961 3366 3024 ὼς
3396 2960 3454 3014 ἐν
3484 2957 3662 3029 χρόνῳ
3691 2955 3749 3007 τὸ

2167 3056 2368 3109 τέλειον
2422 3055 2579 3125 ἔσχεν
2629 3058 2660 3126 ή
2717 3055 2812 3108 τοῦ
2862 3054 3076 3125 Πατρὸς
3126 3053 3305 3115 οὐσία,
3349 3052 3437 3104 ἀεὶ
3489 3049 3749 3110 ὡσαύτως

485 3141 842 3196 substantiam
875 3139 970 3193 Dei
1001 3137 1299 3208 perfectam
1337 3137 1390 3188 in
1438 3145 1681 3204 tempore
1713 3133 1914 3189 fuisse:
1940 3150 2061 3189 cum

2168 3149 2385 3220 ἔχουσα,
2435 3149 2528 3201 καὶ
2579 3147 2702 3200 οὔτε
2763 3147 3079 3217 προσθήκης
3129 3145 3274 3208 τινὸς
3326 3139 3749 3213 δεομένη,-οῦτε

485 3248 700 3302 semper
748 3233 936 3285 eodem
983 3231 1142 3283 modo
1191 3243 1250 3282 se
1288 3227 1506 3292 habeat,
1558 3241 1733 3295 neque
1776 3235 2065 3292 augmento

488 3325 595 3378 ullo
625 3335 800 3392 egeat,
841 3337 1015 3391 neque
1057 3321 1226 3374 minui
1269 3320 1374 3373 ulla
1421 3318 1631 3372 ratione
1668 3319 1856 3385 possit.
1894 3315 2068 3386 Opor-

489 3418 590 3470 tuit
626 3415 810 3483 itaque
859 3413 1114 3467 demirari
1149 3427 1241 3466 eos
1289 3410 1392 3464 nisi
1437 3418 1761 3464 comternum
1799 3417 1918 3462 erat
1960 3408 2068 3462 Deo

491 3513 540 3564 id
576 3510 718 3578 quod
761 3523 824 3562 ex
859 3522 922 3561 eo
950 3506 1217 3576 procedit,
1265 3520 1371 3558 non
1417 3519 1482 3558 ex
1515 3501 1806 3556 contrariis
1840 3501 2070 3556 interro-

489 3617 619 3673 gare
650 3602 801 3664 itlttd,
847 3599 1074 3666 Quando
1099 3598 1287 3667 genuit
1316 3594 1548 3648 Filium?
1578 3594 1720 3648 Patri
1752 3594 1894 3648 cnim
1930 3608 2068 3647 sem—

492 3711 586 3762 per
620 3692 893 3761 pctfccto,
929 3689 1499 3744 conuenientissimum
1541 3697 1622 3742 cst
1662 3687 1729 3741 ab
1759 3694 1962 3740 a'tcrno
2001 3687 2071 3741 ci-

494 3803 572 3843 tra
599 3799 813 3858 tetnpus
839 3801 1036 3858 genera
1047 3801 1122 3839 re.

1164 3897 1396 3954 ALIUD.

559 4017 966 4074 Contentiosius
1027 4029 1155 4070 vero
1219 4013 1682 4083 interrogantibus
1731 4027 1742 4062 :
1789 4010 1868 4062 An
1915 4008 2074 4063 Pater

489 4115 783 4183 aliquando
817 4112 1071 4182 genuerit
1109 4107 1328 4172 Filium,
1372 4108 1531 4175 objici
1573 4114 1767 4174 potest,
1808 4119 1871 4156 ac
1913 4102 2018 4156 dici
2055 4119 2068 4153 :

491 4206 715 4272 Quando
746 4205 884 4272 ignis
913 4217 1072 4257 urere
1103 4200 1350 4270 cmperit.
1397 4198 1502 4252 Sed
1538 4213 1644 4251 non
1685 4204 1935 4265 poterunt
1969 4193 2071 4246 bu-

492 4297 578 4367 jus
625 4295 836 4348 initium
889 4301 1193 4346 monstrare
1225 4309 1238 4344 :
1271 4289 1430 4344 simul
1484 4303 1548 4342 ac
1590 4289 1734 4342 enim
1775 4286 1948 4340 factus
1991 4292 2077 4337 est

497 4384 659 4454 ignis,
698 4382 888 4436 urendi
924 4379 1150 4434 facultas
1181 4379 1228 4431 ei
1265 4378 1449 4431 infuit.
1495 4376 1552 4428 Si
1590 4390 1722 4442 ergo
1751 4373 2016 4426 creaturis
2041 4386 2071 4424 a

499 4477 607 4529 Deo
641 4475 797 4528 factis
826 4480 881 4524 et
914 4484 1054 4532 esse,
1091 4477 1145 4522 et
1175 4483 1239 4521 eo
1269 4468 1427 4521 modo
1457 4481 1577 4519 esse
1599 4468 1758 4526 inest,
1789 4463 1917 4532 quid
1946 4478 2071 4530 pro-

2175 3238 2398 3310 μείωσιν
2452 3238 2753 3308 ὑποστῆναι
2804 3238 3256 3309 δυναμένη.’⁹Εδει
3294 3235 3587 3305 τοιγαροῦν
3617 3236 3751 3288 ἀπο-

2172 3329 2469 3400 θαυμάζειν
2502 3330 2719 3393 αὐτοὺς,
2755 3331 2802 3381 εί
2836 3330 2910 3400 μὴ
2957 3329 3224 3382 συναῖδιον
3257 3323 3324 3398 ἦν
3356 3326 3433 3396 τῷ
3460 3325 3580 3396 Θεῷ
3608 3323 3668 3377 τὸ
3695 3323 3750 3390 ἐξ

2169 3421 2358 3485 αὑτοῦ,
2387 3423 2488 3475 οὑκ
2516 3423 2582 3475 ἐκ
2613 3422 2724 3475 τῶν
2762 3422 3020 3475 ἐναντίων
3059 3421 3342 3492 ἐπερωτᾷν
3384 3419 3466 3483 τὸ,
3498 3418 3634 3471 Πότε
3661 3433 3752 3484 γε-

2171 3517 2402 3586 γέννηκε
2431 3517 2521 3570 τὸν
2551 3517 2707 3578 Υἰόν;
2739 3515 2827 3586 Τῷ
2858 3515 2967 3586 γὰρ
2998 3514 3083 3568 ἀεὶ
3117 3514 3308 3583 τελείῳ
3341 3511 3519 3583 Πατρὶ
3546 3510 3606 3564 τὸ
3631 3526 3752 3578 γεν-

2172 3609 2268 3677 νᾷν
2296 3607 2538 3680 ἁχρὸνως
2569 3606 3039 3678 πρεπωδέστατον.

2859 3891 3064 3945 ΑΛΛΟ.

2247 4009 2373 4071 Τοῖς
2404 4005 2701 4077 διερωτῶσι
2735 4003 3082 4075 φιλονεικὼτε
3093 4021 3183 4075 ρον
3205 4045 3219 4068 ,
3258 4003 3484 4072 πότερόν
3512 4021 3642 4058 ποτε
3663 4021 3756 4074 γε·

2176 4101 2406 4170 γέννηκε
2433 4099 2525 4152 τὸν
2565 4097 2692 4151 Υἱδν
2725 4100 2752 4151 ὁ
2781 4097 2988 4168 Πατὴρ,
3021 4095 3310 4149 ἀκόλουθον
3339 4097 3635 4150 ἀντιθεῖναι
3667 4099 3759 4150 καὶ

2175 4192 2385 4260 λέγειν·
2423 4191 2557 4244 Πότε
2603 4190 2663 4243 τὸ
2713 4189 2822 4260 πῦρ
2862 4189 2956 4241 τοῦ
3006 4189 3177 4241 καίειν
3212 4188 3447 4258 ἤρξατοὶ
3491 4188 3631 4240 Ἀλλ’
3665 4191 3760 4255 οὐκ

2178 4288 2469 4358 εὑρήσουσι
2520 4283 2686 4347 δεῖξαι
2724 4283 2931 4354 ¹τούτου
2986 4281 3085 4351 τὴν
3123 4282 3327 4352 ἀρχήν·
3385 4281 3498 4350 ἅμα
3541 4298 3601 4334 τε
3653 4281 3760 4352 γὰρ

2177 4379 2392 4446 ἐγένετο
2423 4377 2554 4448 πῦρ,
2588 4379 2681 4430 καὶ
2723 4372 2790 4448 ἦν
2820 4375 3131 4428 καυστικόν.
3165 4375 3225 4426 Εί
3251 4373 3429 4426 τοίνυν
3458 4376 3567 4434 τοῖς
3612 4373 3761 4442 παρᾶ

2177 4470 2312 4522 Θεοῦ
2347 4470 2731 4539 πεποιημένοις
2759 4468 2893 4537 ὁμοῦ
2929 4467 3023 4520 καὶ
3052 4467 3111 4519 τὺ
3137 4462 3277 4520 εἶναι
3310 4466 3402 4520 καὶ
3432 4464 3652 4518 τοιῶσδε
3685 4461 3761 4515 εἷ-

499 4568 705 4624 bibcbit
751 4565 1044 4635 quominus
1103 4563 1367 4616 fateamur
1394 4559 1612 4612 Patrem
1661 4557 1918 4624 operibus
1962 4557 2064 4608 suis

2181 4578 2267 4614 ναι
2299 4560 2554 4630 ὑπάρχει,
2586 4560 2639 4611 τί
2687 4559 2920 4611 κωλύσει
2955 4556 3176 4634 μείζονα
3204 4557 3312 4610 τῶν
3339 4558 3555 4611 οἰκείων
3588 4556 3762 4627 ἔργων

499 4662 756 4730 majorem
814 4673 955 4721 esse,
1015 4655 1282 4723 simulque
1339 4663 1393 4707 et
1442 4667 1502 4705 es
1536 4669 1588 4716 e,
1650 4648 1952 4717 Filiumque
2009 4663 2075 4701 ex

496 4757 673 4824 St'illSO
703 4752 943 4823 genitum
982 4747 1218 4803 habere?

865 4899 1439 4994 ASSER'I‘IO
1528 4901 1682 4990 Vl.

497 5061 601 5132 4.3
626 5060 776 5125 Quod
806 5057 966 5110 Pater
987 5056 1118 5132 citra
1144 5051 1448 5132 divisionem
1467 5049 1672 5132 ςςρὶινα
1693 5052 2077 5116 corruptionem

883 5144 946 5182 ea:
995 5127 1164 5194 seipse
1196 5123 1430 5192 genuerit
1466 5119 1687 5172 Filium.

958 5238 1193 5306 Objectio
1230 5251 1295 5292 ex
1335 5233 1618 5288 Eunomia.

572 5358 640 5411 At
671 5355 964 5426 quomodo,
999 5353 1196 5421 inquit,
1250 5364 1355 5404 non
1393 5349 1552 5403 fuerit
1597 5347 1958 5402 necessarium
2002 5343 2081 5397 fa-

502 5452 601 5505 teri
637 5450 953 5504 tiitllilltllalll
1001 5460 1120 5500 esse
1165 5443 1341 5497 Patris
1390 5441 1775 5501 substantiam,
1813 5440 1856 5492 si
1906 5454 1971 5492 ex
2015 5451 2075 5490 ea

504 5540 763 5609 processit
797 5535 963 5590 Filius
985 5535 1135 5602 quasi
1179 5549 1303 5602 pars
1340 5533 1582 5600 qumdam
1618 5528 1735 5596 ejus
1768 5526 2078 5583 cxsistens?

504 5637 559 5689 Si
598 5645 776 5685 autem
801 5630 963 5684 vultis
993 5627 1140 5682 I‘att'i
1171 5624 1660 5680 immutabilitatcm
1689 5637 1927 5685 servare,
1963 5620 2078 5673 ttul-

507 5731 648 5798 lique
707 5723 1066 5778 nntuinutioni
1133 5721 1424 5774 obnoxium
1495 5726 1769 5779 statuere,
1839 5715 2077 5768 fatemini

501 5812 665 5878 etiam
718 5816 908 5871 Filium
966 5829 1069 5868 non
1123 5825 1242 5866 esse
1298 5817 1508 5875 partem
1567 5808 1884 5862 substantia:
1937 5807 2073 5870 eius,

2178 4649 2459 4720 ὁμολογεῖν
2488 4645 2625 4700 εἶναι
2670 4649 2759 4700 τὸν
2809 4647 3046 4718 Πατέρα,
3077 4646 3213 4716 ὁμοῦ
3265 4647 3358 4699 καὶ
3386 4645 3446 4699 τὸ
3476 4641 3634 4708 εἶναι,
3675 4643 3762 4696 καὶ

2179 4741 2270 4793 τὸν
2305 4741 2431 4793 Υίὺν
2459 4739 2649 4809 ἔχοντα
2681 4738 2955 4809 γεννητῶς
2984 4739 3042 4804 ἐξ
3070 4737 3303 4805 ὲαυτοῦ;

2679 4846 3045 4969 ΛΟΓΟΣ
3119 4881 3259 4980 C1".

2183 5047 2307 5097 "Ou
2340 5047 2374 5098 ό
2388 5041 2592 5110 Πατὴρ
2620 5043 2954 5111 ἁμερίστως
2982 5041 3079 5095 καὶ
3110 5043 3417 5109 ἀρεύστως
3437 5041 3764 5111 ἐγέννησεν

2633 5114 2701 5178 ἐξ
2745 5115 2963 5167 ἑαυτοῦ
2999 5115 3108 5166 τὸν
3156 5112 3311 5166 Υίόν.

2452 5231 2780 5295 Ἀντίθεσις
2816 5230 2896 5293 ὡς
2932 5228 3002 5280 ἐκ
3041 5226 3158 5279 τῶν
3191 5227 3508 5295 Εὑνομίου.

2253 5344 2364 5396 Καὶ⁸
2396 5345 2534 5409 πῶς,
2566 5344 2750 5414 φησὶν,
2783 5341 2884 5394 οὐκ
2930 5341 3228 5408 ἀναγκαῖον
3275 5338 3560 5410 ὁμολογεῖν
3606 5337 3752 5406 ἠλατ-

2182 5435 2389 5490 τῶσθαι
2418 5435 2512 5488 τοῦ
2536 5434 2748 5503 Πατρδς
2774 5433 2870 5502 τὴν
2893 5433 3102 5498 οὐσίαν,
3141 5432 3300 5502 εἴπερ
3347 5429 3406 5496 ἐξ
3437 5430 3606 5499 αὐτῆς
3636 5446 3760 5500 προ-

2181 5527 2345 5598 ῆλθεν
2377 5530 2404 5581 ὁ
2434 5527 2562 5590 Υἱὸς
2589 5528 2754 5597 μέρος
2782 5525 2970 5596 ὥσπερ
2994 5543 3046 5577 τι
3080 5523 3363 5592 τυγχάνων
3387 5521 3588 5590 αὑτῆς;
3624 5520 3687 5572 Ei
3714 5519 3767 5571 6-?-

2187 5619 2438 5690 βούλεσθε
2484 5618 2546 5670 τὸ
2590 5618 2856 5688 ἄτρεπτον
2887 5618 3075 5689 τηρεῖν
3105 5613 3180 5684 τῷ
3220 5613 3397 5684 [Iatth
3440 5612 3534 5664 καὶ
3565 5610 3629 5664 τὸ
3662 5611 3771 5664 ἂνω

2186 5710 2395 5764 κεῖσθαι
2430 5710 2529 5780 τῆς
2578 5709 2945 5773 ἐλαττώσεως,
2998 5709 3060 5760 οὑ
3101 5702 3504 5774 παραιτήσεσθε
3555 5703 3771 5772 φρονεῖν

2184 5807 2256 5869 ὡς
2302 5805 2400 5858 οὑκ
2431 5804 2496 5856 ἂν
2527 5805 2608 5866 εἴη
2661 5803 2822 5872 μέρος
2851 5804 2879 5855 ὁ
2906 5801 3031 5864 Υίδς
3065 5797 3164 5859 ἐἰς
3196 5795 3382 5856 οὐσίας
3432 5791 3620 5850 αὑτοῦ.
3651 5792 3772 5847 οὐδὲ
