4056 6264
303 423 369 483 75
1714 343 2156 458 T/IIESAURUS.
3498 389 3564 443 τι

307 538 362 604 ἐξ
392 535 590 599 αὑτοῦ,
631 533 747 586 ἀλλ’
783 530 1002 598 ἔξωθεν,
1032 527 1284 582 καὶκατὰ
1306 526 1532 596 δύναμιν
1559 523 1656 593 τὴν
1680 525 1739 576 ὲν
1769 523 1888 592 βου-

2012 532 2167 586 teque
2207 529 2270 568 ex
2304 513 2420 582 ipso
2450 523 2590 574 esse,
2646 508 2737 562 sed
2783 508 3122 562 extrinsecus
3169 514 3222 560 et
3268 504 3562 558 secundum

307 630 458 699 λήσει
499 627 642 698 μόνῃ
666 624 764 694 τὴν
796 620 1120 691 συνύπαρξιν
1149 619 1282 690 ἔχει.

790 841 950 908 Πρὸς
987 836 1161 892 τοῦτο
1197 837 1398 900 λύσις.

394 955 623 1025 Μικρὸν,
658 947 701 1004 ὦ
724 952 994 1023 βέλτιστε,
1033 947 1226 1002 σαυτὸν
1254 948 1365 1002 ἅνω
1396 944 1664 1014 σωμάτων
1687 942 1776 1014 ἔχε
1797 944 1888 994 καὶ

316 1047 427 1100 τῶν
458 1048 583 1117 περὶ
607 1046 674 1099 τά
699 1044 928 1113 σώματα
956 1041 1145 1096 παθῶν
1161 1055 1176 1070 ο
1208 1038 1334 1110 περὶ
1359 1036 1494 1090 Θεοῦ
1527 1037 1637 1106 γάρ
1660 1037 1690 1088 ὁ
1709 1035 1887 1102 λόγος.

319 1140 383 1191 Εἰ
429 1137 535 1207 γὰρ
579 1136 676 1189 οῑει
722 1134 974 1202 καθάπερ
1005 1129 1293 1201 ἄνθρωπον
1323 1128 1571 1180 τίκτοντα
1615 1123 1709 1178 τὸν
1756 1123 1891 1176 Θεὸν

317 1228 658 1283 ἐλαττοῦσθαί
680 1244 799 1290 πως
825 1227 944 1287 ταῖς
976 1221 1320 1294 ἀποῤῥοίαις,
1359 1219 1454 1274 καὶ⁴
1477 1219 1600 1288 δίχα
1631 1217 1775 1279 τινὸς
1797 1217 1892 1285 ζη-

321 1319 446 1390 μίας
480 1318 555 1389 μὴ
594 1315 858 1371 δύνασθαι
898 1309 1058 1368 τοῦτο
1085 1314 1284 1377 ποιεῖν,
1318 1309 1672 1382 μεριζόμενον
1703 1307 1893 1378 ὥσπερ

313 1412 390 1474 είς
419 1409 510 1463 τὸν
536 1409 600 1474 ἐξ
623 1408 789 1462 αὐτοῦ
834 1405 1169 1479 προελθόντα
1213 1403 1408 1471 Λόγον,
1431 1403 1484 1456 τί
1525 1400 1767 1456 κωλύσαι
1795 1397 1894 1469 τὴν

311 1501 478 1572 αὐτὴν
523 1502 823 1568 ἐπαγαγεῖν
871 1496 1244 1568 βλασφημίαν,
1276 1494 1368 1546 καὶ
1419 1492 1516 1545 ἐπὶ
1555 1493 1668 1553 τοῖς
1713 1489 1896 1550 ἄλλοις

313 1597 482 1649 ἅπασι
535 1596 648 1656 τοῖς
697 1591 997 1662 προσοῦσιν
1041 1588 1222 1659 αὐτῷς
1269 1587 1331 1640 Ει
1363 1584 1474 1656 γὰρ
1500 1584 1576 1646 ὡς
1609 1581 1897 1652 ἄνθρωπος

313 1686 486 1738 τίκτει
520 1683 780 1755 ρευστῶς,
807 1681 1196 1753 δημιουργήσει
1221 1678 1314 1730 καὶ
1342 1676 1418 1739 ὡς
1446 1672 1731 1743 ἄνθρωπος
1757 1669 1898 1739 μετὰ

320 1778 506 1830 πόνου.
539 1776 603 1828 Εἰ
647 1775 706 1827 δὲ
736 1773 894 1828 τοῦτο
921 1774 1115 1828 ἄτοπον
1149 1770 1245 1840 (οὐ
1273 1767 1382 1838 γάρ
1434 1766 1510 1828 ὡς
1553 1761 1838 1833 ἄνθρωπος
1869 1761 1898 1812 ὁ

1988 607 2298 662 facultatem
2361 606 2474 658 sive
2518 600 2811 670 potentiam
2854 615 2972 669 qua:
3023 599 3077 652 in
3127 596 3240 651 sola
3292 594 3565 650 voluntate

1985 711 2087 765 est,
2119 697 2468 755 coexsistere.

2473 830 2697 901 [Salutio
2732 831 2794 884 ob
2797 829 3053 900 factionis.

2059 947 2222 1004 Paulo
2252 946 2438 1010 altius,
2482 944 2626 999 bone
2657 943 2764 1007 vir,
2805 955 2964 1010 supra
3011 954 3239 1010 corpora
3275 948 3569 1006 eorumque

1989 1039 2305 1095 ao‘ectiones
2330 1044 2567 1092 mentem
2599 1033 2790 1090 attolle
2825 1051 2837 1086 :
2866 1032 2932 1088 de
2963 1031 3072 1086 Deo
3105 1030 3246 1084 enim
3279 1031 3336 1083 tit
3367 1043 3565 1082 sermo.

1990 1131 2047 1187 Si
2077 1129 2221 1184 enim
2257 1141 2450 1183 censes
2485 1125 2599 1182 Deo
2629 1125 2855 1194 perinde
2893 1132 3057 1192 atque
3088 1121 3290 1177 homini
3324 1121 3374 1173 in
3407 1134 3566 1189 gene-

1991 1222 2164 1278 rando
2193 1219 2394 1288 aliquid
2425 1219 2718 1283 decedere,
2765 1229 2944 1286 neque
2973 1214 3025 1270 id
3066 1213 3246 1268 facere
3281 1227 3437 1280 posse
3467 1210 3571 1265 nisi

1993 1314 2194 1384 aliquid
2214 1313 2290 1368 illi
2313 1313 2591 1382 depereat,
2627 1312 2700 1366 ita
2728 1321 2787 1365 ut
2814 1307 3212 1380 quodammodo
3235 1308 3288 1361 in
3317 1306 3572 1371 Verbum,

1993 1407 2138 1476 quod
2168 1419 2235 1460 ex
2264 1405 2380 1474 ipso
2399 1403 2664 1473 procedit,
2689 1397 3125 1469 dividatur,quid
3146 1398 3417 1453 obstiterit
3438 1413 3575 1467 quo-

1998 1495 2178 1550 minus
2207 1494 2454 1551 eamdem
2480 1492 2872 1564 blasphemiam
2913 1491 2982 1548 ad
3023 1490 3261 1560 reliquas
3298 1489 3416 1559 ejus
3447 1504 3572 1557 pro-

1997 1590 2255 1658 prietates
2286 1585 2803 1652 accommodamus?
2849 1583 2906 1639 Si
2949 1583 3094 1639 enim
3128 1598 3222 1652 per
3255 1580 3454 1635 ﬂuxum
3497 1581 3575 1650 gi-

1997 1680 2113 1750 gnit
2155 1688 2213 1732 ut
2255 1680 2440 1742 homo,
2476 1679 2684 1734 creabit
2711 1678 2878 1733 etiam
2913 1685 2971 1732 ut
3011 1677 3173 1731 homo
3200 1690 3321 1730 cum
3371 1674 3573 1729 labore.

1998 1773 2070 1826 At
2095 1771 2140 1826 si
2173 1771 2223 1825 id
2248 1769 2542 1825 absurdum
2566 1779 2649 1825 est
2678 1769 3038 1841 (nequeenim
3065 1771 3207 1825 Deus
3239 1771 3311 1824 ita
3336 1778 3392 1822 ut
3415 1769 3576 1823 homo

324 1867 457 1929 Θεος
487 1864 864 1936 δημιουργεῖ),
909 1862 1027 1916 οὐδὲ
1064 1861 1138 1924 ὡς
1161 1859 1443 1928 ἄνθρωπος
1474 1857 1582 1927 ἄρα
1622 1853 1894 1924 γεννήσει,

2012 1861 2214 1933 creat),
2246 1876 2424 1932 neque
2447 1860 2614 1933 igitur
2640 1863 2819 1932 gignet
2851 1869 2907 1916 ut
2935 1861 3122 1927 homo,
3152 1863 3246 1916 sed
3286 1862 3574 1915 humanam

330 1958 463 2011 ἀλλὰ
492 1958 587 2027 τὴν
615 1953 899 2026 ἀνθρώπου
919 1955 1079 2022 φύσιν
1104 1954 1206 2007 κάν
1229 1950 1406 2020 τούτῳ
1430 1947 1592 2002 πάλιν
1617 1943 1892 2014 ἀναϐήσε-

324 2070 428 2115 ται,
467 2048 664 2118 γεννῶν
687 2048 1026 2120 άμερίστως.

1025 2162 1232 2214 ΑΔΛΟ.

379 2276 446 2328 EI.
476 2275 734 2346 καθάπερ
765 2273 1052 2344 ἄνθρωπος
1085 2270 1262 2322 τίκτει
1286 2267 1440 2330 Θεὸς,
1470 2265 1756 2338 ἐργάζεται
1802 2261 1899 2316 καὶ

315 2367 391 2431 ὼς
421 2368 737 2435 ἅνθρωπος.
766 2365 883 2418 Καὶ
912 2363 1213 2431 ἐπειδήπερ
1235 2361 1393 2431 ἡμεῖς
1422 2356 1552 2427 ὕλης
1571 2353 1902 2426 παρακειμέ-

319 2476 421 2528 νης
445 2457 594 2522 τινος
623 2456 716 2510 διά
745 2455 1018 2522 κινήσεως
1060 2450 1260 2522 χειρῶν
1303 2446 1665 2518 ἀποτελοῦμεν
1701 2463 1751 2497 τι
1802 2444 1906 2497 τῶν

314 2553 415 2605 ὅσα
473 2552 654 2602 ποιεῖν
699 2545 1029 2618 βουλόμεθα,
1063 2546 1208 2598 οὕτω
1256 2544 1348 2596 καὶ
1392 2541 1541 2604 Θεός.
1593 2539 1654 2591 Ei
1691 2537 1747 2590 δὲ
1779 2536 1904 2606 δίχα

309 2640 512 2713 χειρῶν
560 2641 658 2691 καὶ
700 2638 838 2707 ὕλης
871 2638 937 2690 ἐκ
981 2636 1073 2690 τοῦ
1124 2635 1196 2706 μὴ
1243 2634 1394 2696 ὄντος
1421 2632 1500 2695 είς
1550 2629 1610 2684 τὸ
1651 2625 1790 2682 εἶναι
1833 2628 1904 2681 τά

311 2732 489 2785 πάντα
525 2728 675 2798 λόγῳ
724 2727 994 2797 παράγει,
1021 2727 1117 2794 τὴν
1163 2722 1447 2794 ἀνθρώπου
1497 2719 1661 2791 φύσιν
1710 2719 1905 2785 νικῶν,

310 2823 525 2893 νικήσει
556 2821 780 2882 πάντως
811 2818 987 2888 αὐτὴν
1019 2819 1111 2872 καὶ
1137 2817 1265 2888 περὶ
1293 2817 1383 2869 τὸν
1408 2813 1501 2870 τοῦ
1535 2815 1733 2887 γεννᾷν
1775 2813 1908 2886 τρό-

319 2930 416 2965 πον
425 2953 438 2966 .

1015 3019 1214 3073 ΑΛΛΟ.

401 3131 482 3185 Τά
531 3130 814 3201 συνέχον-ιὰ
860 3148 1005 3196 τινα,
1057 3132 1221 3185 οἱονεὶ
1271 3131 1458 3202 κύκλῳ
1513 3129 1909 3203 περιτετάσθαι

1999 1965 2245 2008 naturam
2293 1954 2460 2009 etiam
2508 1953 2561 2009 in
2613 1953 2717 2010 hoc
2750 1953 3069 2024 superabit,
3119 1967 3384 2023 generans
3441 1951 3575 2005 citra

2000 2045 2341 2102 divisionem.

2681 2159 2908 2218 ALIUD.

2073 2274 2131 2330 Si
2156 2275 2299 2330 Deus
2327 2275 2496 2346 gignit
2522 2274 2713 2330 eadem
2738 2274 2948 2328 ratione
2975 2287 3078 2342 qua
3107 2274 3292 2336 homo,
3322 2279 3582 2342 operatur

2002 2367 2170 2422 etiam
2220 2375 2281 2421 ut
2323 2367 2507 2422 homo.
2545 2366 2611 2421 Et
2659 2382 2781 2421 cum
2810 2366 3084 2436 proposita
3127 2365 3308 2434 aliqua
3357 2364 3582 2418 materia

2006 2457 2337 2513 adminiculo
2364 2473 2618 2512 manuum
2651 2471 2712 2513 ea
2737 2473 2856 2527 qua:
2885 2457 3132 2511 volumus
3157 2455 3484 2525 perlicimus,
3510 2454 3581 2506 ita

2005 2565 2135 2621 ergo
2163 2551 2327 2605 etiam
2381 2550 2542 2605 Deus.
2597 2550 2664 2604 At
2714 2549 2760 2604 si
2819 2548 2959 2604 Deus
3004 2549 3209 2618 alisque
3237 2545 3487 2601 manibus
3533 2557 3585 2599 et

2010 2643 2233 2697 materia
2283 2658 2347 2696 ex
2398 2642 2564 2697 nihilo
2603 2651 2797 2697 cuneta
2849 2642 3014 2696 verbo
3059 2642 3125 2696 ad
3174 2656 3296 2696 esse
3332 2640 3578 2701 traducit,

2010 2735 2295 2789 humanam
2326 2745 2574 2788 naturam
2608 2733 2764 2800 longe
2800 2747 3087 2803 superans,
3113 2734 3276 2787 etiam
3313 2731 3586 2801 superabit

2013 2821 2181 2891 ipsam
2217 2822 2267 2875 in
2293 2822 2581 2892 generandi
2614 2822 2794 2876 modo.

2686 3021 2911 3079 ALIUD.

2086 3141 2158 3195 Ea
2190 3156 2310 3210 quae
2339 3140 2440 3194 alia
2476 3139 2613 3194 inse
2643 3140 2946 3204 continent,
2978 3151 3203 3194 necesse
3233 3146 3315 3192 est
3341 3145 3401 3191 ut
3427 3135 3588 3191 veluti

337 3225 550 3287 πάντως
578 3225 862 3290 ἀναγκαῖον
891 3223 1003 3276 τῶν
1023 3224 1125 3276 ὅσα
1153 3223 1390 3293 συνέχει.
1410 3223 1485 3275 Τὸ
1511 3222 1567 3275 δὲ
1597 3224 1675 3285 είς
1702 3220 1906 3275 κύκλον

2017 3232 2068 3288 in
2102 3234 2286 3288 orbem
2325 3232 2670 3296 circumjecta
2713 3231 2824 3286 sint
2855 3231 3108 3286 omnibus
3157 3230 3227 3285 iis
3260 3244 3380 3300 qua:
3418 3229 3593 3285 conti-

334 3313 664 3368 ἐκτείνεσθαι
708 3315 973 3383 σωμάτων
1004 3313 1156 3367 ῐδιον.
1190 3314 1317 3376 Πῶς
1348 3307 1442 3366 οὖν
1478 3313 1545 3365 τὰ
1578 3314 1755 3365 πάντα
1786 3329 1909 3365 συν-

330 3407 438 3476 έχει
482 3407 510 3458 ὁ
556 3405 685 3469 Θεὸς
733 3407 1021 3475 ἀσώματος
1075 3405 1172 3470 ὢν,
1205 3407 1300 3459 καὶ
1347 3405 1436 3459 διὰ
1484 3403 1640 3458 τοῦτο
1689 3403 1822 3475 μηδὲ
1851 3405 1907 3456 ὲν

325 3499 473 3568 τόπῳ
500 3497 732 3550 νοεῖσθαι
761 3496 1095 3568 δυνάμενος;
1131 3497 1292 3550 Ἀλλὰ
1328 3496 1541 3566 συνέχει
1579 3496 1678 3565 τὴν
1702 3497 1761 3548 ἐν
1781 3495 1908 3548 τοῦ·

325 3607 434 3652 τοις
466 3588 808 3651 ἀκολουθίαν,
828 3587 904 3651 ὡς
949 3587 1103 3651 Θεὸς,
1137 3588 1463 3641 ἀναϐαίνων.
1495 3587 1609 3640 Οὐκ
1654 3587 1763 3658 ἄρα
1797 3588 1909 3649 τοῖς

328 3679 650 3750 σωματικῶν
680 3677 1032 3732 ὑποκείσεται
1056 3677 1239 3746 νόμοις
1257 3693 1269 3705 ·
1293 3675 1490 3732 οὐκοῦν
1514 3676 1631 3730 οὐδὲ
1651 3677 1724 3742 ὡς
1748 3675 1910 3746 σῶμα

327 3771 597 3842 γεννήσει.

1026 3883 1226 3937 ΔΛΛΟ.
1291 3943 1294 3946 ,

400 4001 474 4054 Τδ
501 4003 561 4055 ἐν
587 4002 754 4055 πᾶσιν
780 3999 841 4052 ὃν
877 3998 972 4052 καὶ
1001 3997 1088 4051 διὰ
1118 3997 1334 4052 πάντων
1362 3996 1569 4067 διῆκον,
1603 3997 1912 4068 συμπλέκε-

329 4093 451 4148 σθαι
483 4097 598 4158 τοῖς
627 4095 794 4147 πᾶσιν
827 4093 1142 4159 ἀναγκαῖον.
1180 4090 1335 4145 Οὕτω
1362 4091 1471 4162 γὰρ
1507 4089 1572 4144 ἂν
1603 4090 1689 4160 εἴη
1733 4090 1827 4143 καὶ
1855 4091 1914 4143 ἐν

326 4188 513 4242 πᾶσιν,
557 4184 698 4237 Ἀλλ’
728 4185 789 4237 οὐ
840 4182 1251 4254 συμπεπλέχθαι
1299 4183 1399 4253 μὲν
1443 4181 1544 4252 τὴν
1590 4181 1778 4234 οὐσίαν
1817 4180 1913 4234 τοῦ

327 4277 460 4331 Θεοῦ
489 4280 559 4348 τῇ
591 4275 838 4346 ποικιλίᾳ
859 4276 967 4328 τῶν
992 4276 1048 4327 ὲν
1075 4275 1266 4345 κόσμῳ
1296 4273 1565 4343 σωμάτων
1590 4273 1915 4343 ὁμολογήσο-

335 4388 430 4440 μεν
451 4388 463 4401 ·
507 4371 663 4441 μένει
695 4368 804 4438 γὰρ
837 4367 920 4435 ἐφ’
943 4367 1140 4437 ἑαυτῆς
1171 4365 1396 4436 καθαρά
1422 4383 1480 4419 τε
1519 4365 1612 4418 καὶ
1637 4365 1738 4435 τῆς
1779 4367 1914 4439 πρὸς

330 4463 518 4532 ἓτερον
555 4461 864 4527 κοινωνίας,
888 4460 1240 4532 ἀσύμπλοκος
1269 4460 1516 4530 φυσικῶς
1535 4477 1549 4491 ⁸
1599 4461 1774 4531 διήκει
1802 4445 1858 4514 δὲ
1887 4464 1917 4516 ό

2017 3335 2165 3380 nent.
2214 3325 2284 3378 At
2309 3339 2435 3379 vero
2465 3325 2516 3378 in
2550 3323 2736 3378 orbem
2782 3322 2923 3378 ﬂecti
2959 3331 3122 3391 atque
3150 3321 3364 3376 extendi
3399 3335 3594 3389 corpoa

2019 3431 2134 3470 rum
2162 3425 2264 3469 est.
2287 3415 2402 3483 Quo
2432 3424 2588 3484 pacto
2618 3415 2779 3482 igitur
2805 3413 2985 3468 omnia
3008 3412 3252 3467 continet
3275 3411 3437 3476 Deus,
3465 3426 3591 3466 cum

2016 3507 2087 3562 sit
2117 3507 2482 3575 incorporeus,
2512 3504 2623 3578 44
2655 3514 2817 3574 atque
2846 3505 2912 3559 ob
2938 3505 2988 3559 id
3029 3518 3096 3558 ne
3142 3503 3193 3557 in
3231 3503 3345 3558 loco
3377 3503 3593 3572 quidem

2017 3613 2138 3654 esse
2175 3597 2398 3667 intelligi
2436 3593 2781 3667 possit?.Sed
2816 3596 3058 3652 continet
3099 3595 3344 3650 ordinem
3390 3609 3594 3662 rerum,

2020 3699 2078 3743 ut
2101 3689 2266 3753 Deus,
2295 3690 2706 3746 transcenderis.
2731 3686 2846 3741 Non
2880 3688 3063 3758 itaque
3091 3687 3366 3755 corporeis
3388 3686 3598 3758 legibus

2020 3780 2318 3849 subjaeebit
2349 3793 2364 3832 :
2396 3795 2527 3851 ergo
2557 3794 2732 3850 neque
2762 3789 2821 3834 ut
2855 3794 3053 3849 corpus
3084 3778 3385 3848 generabit.

2695 3888 2923 3944 ALIUD.

2090 4000 2148 4055 Id
2177 4003 2318 4071 quod
2361 4001 2414 4056 in
2458 4002 2710 4057 omnibus
2742 4001 2956 4055 exsistit
2993 4007 3294 4064 cunctaque
3337 4007 3598 4065 permeat,

2021 4094 2265 4148 connecti
2293 4093 2547 4146 omnibus
2573 4103 2798 4144 necesse
2829 4099 2933 4143 est.
2970 4089 3046 4141 Ita
3077 4087 3222 4142 enim
3262 4086 3315 4140 in
3353 4088 3602 4141 omnibus

2022 4184 2206 4242 fuerit.
2234 4185 2502 4240 Cazterum
2531 4191 2874 4252 nequaquam
2907 4179 3198 4236 fatebimur
3237 4181 3328 4236 Dei
3355 4180 3604 4236 substau-

2025 4279 2154 4332 tiam
2214 4277 2386 4332 variis
2449 4277 2630 4331 mundi
2693 4275 3020 4348 corporibus
3069 4289 3372 4330 eonnexam
3428 4291 3598 4330 esse:

2025 4381 2208 4426 manet.
2241 4371 2385 4426 enim
2411 4371 2496 4425 illa
2534 4371 2585 4425 in
2619 4383 2678 4426 se
2705 4384 2840 4440 pura
2872 4377 2928 4424 et
2958 4368 3246 4436 naturalis,
3280 4383 3401 4422 eum
3435 4368 3604 4422 altero

2025 4465 2378 4520 connexionis
2421 4478 2660 4535 expers;
2712 4470 2957 4533 permeat
2986 4471 3163 4518 tamen
3204 4462 3383 4517 omnia
3426 4462 3603 4514 adrni-

336 4553 438 4622 μὲν
474 4552 562 4605 διὰ
599 4551 816 4606 πάντων
866 4551 1186 4623 παραδόξως
1221 4551 1317 4605 καὶ
1347 4551 1622 4623 άρῤήτως.
1660 4553 1772 4606 Οὐκ
1810 4552 1906 4624 ἄρα

2027 4557 2195 4611 rando
2241 4557 2474 4626 quodam
2526 4565 2689 4625 atque
2742 4553 2996 4610 incﬂ‘ahili
3043 4556 3223 4608 modo.
3277 4553 3391 4608 Non
3446 4554 3606 4622 igitur

333 4644 459 4704 ταῖς
489 4643 748 4712 σωμάτων
789 4641 1134 4706 ἀκολουθίαις
1165 4641 1535 4696 ὑποκείσεται.
1569 4642 1768 4713 Διόπερ
1796 4643 1914 4696 οὐδὲ

338 4733 485 4788 κατὰ
517 4733 611 4805 τὴν
634 4734 737 4786 τῶν
774 4733 1047 4804 σωμάτων
1078 4733 1240 4802 φύσιν
1267 4733 1534 4802 γεννήσει.

1011 4870 1216 4925 ΑΛΛΟ.

407 4982 470 5035 ΕΞ
518 4981 720 5046 ἁπλοῦς
758 4984 855 5036 καὶ
900 4981 1192 5046 ἀσύνθετός
1225 4981 1340 5034 ἐστι
1386 4982 1480 5035 καὶ
1521 4982 1722 5035 νοεῖται
1763 4978 1916 5045 Θεὸς,

339 5075 453 5137 πῶς
503 5073 796 5146 διαφόρους
854 5075 953 5128 καὶ
1003 5073 1253 5138 ποικίλας
1303 5073 1416 5143 ἔχει
1463 5073 1564 5136 τὰς
1617 5070 1917 5142 ἐνεργείας,

336 5163 506 5216 πολλά
551 5164 873 5235 ποιημάτων
907 5163 1023 5234 εἴδη
1065 5165 1209 5218 κατά
1253 5164 1480 5233 καιροὺς
1523 5163 1918 5233 ἐργαζόμενος;

334 5254 398 5307 Εἰ
427 5253 485 5307 δὲ
518 5255 669 5308 οὐδὲν
699 5257 778 5319 εἰς
805 5255 868 5307 τὸ
897 5254 1099 5318 ἁπλοῦς
1127 5251 1266 5308 εἶναι
1293 5253 1620 5324 βλαϐήσεται
1651 5250 1923 5321 διαφόρως

334 5346 395 5398 ὲν
431 5347 650 5417 ἑκάστῳ
683 5347 793 5400 τῶν
826 5347 997 5401 ὄντων
1030 5345 1288 5414 ἐνεργῶν,
1324 5346 1445 5398 ἐπεὶ
1487 5343 1561 5414 μὴ
1597 5342 1734 5394 κατὰ
1766 5341 1924 5410 σῶμά

335 5437 508 5504 ἐστιν,
541 5438 656 5491 ἄνω
683 5437 955 5508 σωμάτων
990 5439 1083 5490 καὶ
1117 5439 1176 5489 ὲν
1201 5437 1280 5506 τῷ
1308 5437 1502 5506 γεννᾷν
1530 5434 1788 5487 κείσεται.

601 5642 937 5708 ’Δντίθεσις
974 5643 1055 5708 ὡς
1092 5643 1162 5696 ἐκ
1202 5641 1318 5693 τῶν
1358 5643 1679 5712 Εὑνομίου.

410 5754 472 5806 Εἰ
525 5752 994 5824 βούλεσθε,φησὶ,
1025 5753 1118 5805 τὸν
1147 5752 1382 5804 Υίὸνιὲκ
1429 5753 1525 5821 τῆς
1572 5751 1666 5804 τοῦ
1719 5753 1928 5821 Harpe;

342 5841 525 5910 οὐσίας
557 5847 974 5918 προεληλυθότα
991 5845 1191 5910 λέγειν,
1215 5845 1424 5915 ἀνάγκη
1457 5846 1716 5915 πρότερον
1743 5847 1929 5915 ὁμολο-

664 5936 952 6000 ΡΑτιιυι..
997 5938 1117 5997 Gn.
1151 5937 1245 5996 LX
1266 5937 1390 5999 XV.

2024 4661 2310 4715 corporum
2361 4645 2684 4700 connexinni
2732 4645 3008 4713 subjectus
3060 4653 3168 4698 est.
3236 4641 3378 4712 Ergo
3432 4654 3608 4711 neque

2021 4736 2172 4805 juxta
2201 4751 2488 4806 corporum
2527 4745 2775 4790 naturam
2807 4735 3110 4805 generabit.

2703 4869 2933 4926 ALIUD.

2100 4981 2155 5035 Si
2186 4981 2412 5050 simplex
2430 4991 2484 5037 et
2511 4996 2617 5036 non
2640 4982 2972 5048 compositus
2991 4989 3079 5033 est
3099 4988 3262 5046 atque
3291 4972 3610 5045 intelligitur

2031 5073 2191 5137 Deus,
2219 5088 2326 5141 quo
2358 5082 2516 5141 pacto
2548 5071 2788 5125 diversas
2823 5071 3110 5139 variasque
3136 5069 3298 5123 habet
3338 5069 3608 5138 operatio-

2033 5181 2147 5231 nes,
2204 5165 2398 5218 multas
2423 5172 2797 5218 creaturarum
2832 5165 3040 5235 species
3072 5149 3167 5234 per
3192 5174 3432 5236 tempora
3475 5180 3607 5237 ope-

2033 5257 2203 5312 rans?
2233 5255 2288 5311 Si
2327 5271 2455 5311 vero
2491 5256 2704 5313 diversa
2748 5259 2862 5328 ejus
2891 5260 2941 5312 in
2969 5258 3192 5330 singulis
3226 5259 3471 5329 operatio
3501 5274 3605 5312 non

2034 5348 2258 5418 impedit
2286 5348 2576 5417 quominus
2622 5350 2850 5419 simplex
2883 5351 2972 5414 sit,
3011 5365 3133 5404 cum
3181 5367 3284 5406 non
3315 5347 3608 5403 secundum

2033 5453 2229 5508 corpus
2285 5439 2874 5511 exsistat,'eorporum
2935 5443 3099 5497 etiam
3150 5441 3516 5495 conditionem
3553 5440 3606 5493 in

2034 5530 2342 5597 generando
2381 5534 2676 5604 superabit.

2558 5647 2793 5716 Objectio
2825 5648 3092 5704 Eunomii.

2112 5757 2168 5812 Si
2219 5757 2418 5826 velitis,
2472 5761 2668 5829 inquit,
2721 5759 2916 5816 Filium
2967 5773 3033 5812 ex
3091 5756 3266 5813 Patris
3317 5750 3612 5812 substantia

2041 5851 2388 5918 processisse,
2421 5851 2695 5907 latendum
2721 5853 2944 5908 omnino
2971 5858 3050 5902 est
3086 5862 3206 5898 eum
3243 5851 3394 5916 prius
3425 5847 3477 5894 in
3501 5841 3620 5906 ipso

3228 5936 3269 5997 3
