4056 6264
442 431 516 498 75
1485 436 1541 490 S.
1585 429 1860 488 CYRILLI
1899 424 2369 485 ALEXANIJRINI
2409 419 2729 480 ARCIIILP.
3656 413 3730 473 '76

448 559 744 618 ex’stitisse.
773 557 847 612 Ita
871 555 1014 611 enim
1037 569 1102 610 ex
1131 568 1196 610 eo
1219 559 1550 624 processisse
1575 554 1861 610 videbitur.
1887 553 1956 608 At
1979 552 2024 608 si

2171 549 2250 601 εῖν
2277 540 2708 618 προϋποκεῖσθαι
2726 537 2914 592 τοῦτον
2940 534 2996 589 ἐν
3023 532 3195 604 αὐτῷ.
3221 531 3380 586 Οῦτω
3403 532 3512 602 γὰρ
3539 531 3606 604 δὴ
3633 531 3729 586 καὶ

454 653 661 717 ιιῚΙίοῐο
684 649 864 714 Pater,
897 623 1229 716 nullumque
1251 643 1416 698 alium
1447 653 1570 713 post
1598 658 1720 699 eum
1746 645 2029 716 geniturus

2165 639 2194 706 ξ
2233 636 2396 693 αὑτοῦ
2430 631 2710 706 προελθὼν
2759 629 3020 699 φαίνοιτο.
3055 626 3167 680 Καὶ
3199 625 3248 677 εἰ
3282 625 3373 678 τὸν
3406 623 3534 678 Υἰὸν
3563 623 3728 692 ὲγέν·

452 753 534 800 est
555 740 890 812 (unigenitus
913 739 1057 794 enim
1079 740 1207 806 est),
1223 749 1445 790 necesse
1464 743 1548 790 est
1571 741 1628 789 ut
1647 735 1888 789 dicamus
1908 749 2030 788 eum

2166 749 2295 804 ησεν
2320 733 2348 784 ό
2379 727 2593 799 Πατὴρ,
2627 724 2722 779 καὶ
2767 723 2954 793 ἕτερον
2979 717 3067 773 ἐπ’
3101 716 3251 789 αὐτῷ
3284 717 3477 770 οὐδένα
3511 716 3731 782 τέξεται

454 806 749 906 generandi
780 839 1044 903 potestate
1076 830 1344 899 privatum
1383 843 1530 893 esse,
1585 837 1744 895 atque
1776 839 1838 880 ex
1881 835 2034 895 parte

2164 820 2457 894 μονογενὴς
2475 816 2632 890 γὰρ),
2653 812 2971 889 ἀφῃρῆσθαι
3003 811 3099 866 καὶ
3122 809 3285 864 αὐτὸν
3308 809 3523 878 ἀνάγκη
3549 806 3735 876 λέγειν

458 927 822 990 imminutum,
857 923 1036 994 genito
1073 921 1241 977 semel
1271 920 1435 988 Filio,
1469 934 1648 990 neque
1696 917 1929 990 amplius
1980 918 2033 973 in

2169 915 2237 986 ἧς
2265 911 2588 983 γεννητικῆς
2617 909 2920 978 δυνάμεως,
2947 901 3292 974 ἠλαττῶσθαι
3321 902 3379 955 δέ
3409 902 3508 956 καὶ
3536 901 3602 954 ἐκ
3629 900 3734 971 μέ-

457 1033 524 1075 eo
555 1026 610 1074 ut
641 1018 792 1088 prius
819 1016 1131 1072 exsistente.

1127 1211 1355 1267 Salutio.

527 1351 737 1406 Rursus
767 1364 829 1405 ea
869 1363 990 1418 quae
1016 1346 1337 1418 corporibus
1367 1345 1587 1416 propria
1635 1354 1762 1400 sunt
1796 1344 1889 1399 Dei
1947 1359 2041 1399 na-

463 1453 596 1497 tura:
617 1441 893 1496 ascribere
913 1455 1018 1492 non
1043 1436 1360 1493 erubescis?
1385 1435 1572 1506 Neque
1588 1437 1732 1490 enim
1765 1445 1822 1490 ut
1847 1447 2045 1505 corpus

464 1538 516 1590 in
542 1548 788 1603 corpore,
814 1532 887 1588 ita
916 1531 1112 1586 Filium
1137 1531 1190 1585 in
1215 1530 1378 1586 Patre
1406 1529 1674 1586 contineri
1700 1529 2043 1600 cogitandum

464 1636 566 1683 est.
597 1626 782 1695 Neque
835 1622 1288 1695 quemadmodum
1314 1636 1433 1693 quae
1475 1636 1540 1677 ex
1571 1620 1727 1676 nobis
1757 1620 2048 1690 gignuntur

465 1720 518 1772 in
549 1723 834 1786 parentum
862 1712 1316 1783 lumbisjaeuisse
1336 1713 1650 1776 creduntur,
1669 1709 1742 1763 ita
1765 1709 1834 1763 de
1863 1708 2050 1763 divino

464 1807 737 1879 genimine
770 1805 1112 1862 sentiendum
1141 1812 1245 1859 est.
1291 1802 1349 1858 Si
1397 1802 1520 1873 quis
1547 1801 1691 1858 enim
1714 1814 1781 1858 eo
1813 1801 2050 1855 audaciae

2141 1024 2288 1080 ρους,
2319 999 2854 1076 γεννηθέντοςνάπαξ
2899 996 2993 1070 τοῦ
3030 995 3163 1050 Υίοῦ
3203 995 3299 1050 καὶ
3347 995 3548 1067 μηκέτι
3578 994 3736 1058 όντος

2141 1096 2197 1152 ἐν
2229 1096 2376 1169 αὐτῷ
2402 1093 2652 1166 καθάπερ
2687 1092 2783 1146 καὶ
2815 1090 3103 1164 πρότερον.

2625 1204 2783 1275 Πρὸς
2819 1203 2997 1259 τοῦτο
3033 1203 3236 1268 λύσις.

2213 1340 2384 1395 Πάλιν
2412 1339 2480 1393 τά
2511 1337 2779 1409 σωμάτων
2805 1335 2915 1389 ἴδια
2944 1337 3010 1407 τῇ
3049 1335 3145 1388 τοῦ
3171 1334 3308 1390 Θεοῦ
3338 1335 3498 1406 φύσει
3526 1351 3743 1408 περιτι·

2145 1434 2261 1498 θεὶς
2285 1433 2384 1487 οὐκ
2412 1431 2698 1504 ἐρυθριᾷς;
2731 1429 2807 1482 Οὐ
2832 1429 2941 1500 γάρ
2969 1428 3222 1498 καθάπερ
3252 1431 3414 1501 σῶμα
3443 1430 3499 1483 ἐν
3523 1429 3740 1500 σώματι

2145 1527 2250 1588 τὸν,
2283 1526 2414 1580 Υίδν
2470 1526 2528 1578 ἐν
2582 1521 2758 1592 Πατρὶ
2816 1521 3030 1575 κεῖσθαι
3082 1521 3291 1575 δίκαιον
3346 1523 3569 1578 ἐννοεῖν.
3600 1523 3740 1576 Οὐδὲ

2147 1618 2336 1689 ὥσπερ
2377 1616 2445 1670 τά
2496 1615 2554 1682 ἐξ
2599 1613 2758 1686 ἡμῶν
2793 1611 3114 1684 γεννώμενα
3155 1617 3221 1684 τῇ
3268 1613 3378 1668 τῶν
3425 1613 3740 1683 γεννώντων

2147 1709 2311 1779 ὀσφύϊ
2339 1707 2688 1779 περιέχεσθαι
2717 1705 2996 1760 πιστεύειν
3027 1706 3323 1778 εὐπρεπὲς,
3351 1707 3493 1762 οὕτω
3524 1707 3618 1762 καὶ
3646 1707 3740 1760 ἐπὶ

2150 1803 2244 1857 τοῦ
2271 1803 2416 1856 θείου
2438 1801 2777 1872 γεννήματος
2808 1797 3126 1869 φρονητέον.
3149 1800 3213 1852 El
3238 1799 3346 1870 γάρ
3369 1817 3451 1864 τις
3479 1801 3559 1864 εἰς
3582 1800 3741 1853 τοῦτο

466 1898 774 1970 proruperit
816 1907 877 1954 ut
926 1898 993 1953 ad
1051 1909 1341 1966 corporum
1395 1894 1672 1950 miseriam
1723 1891 2047 1948 ineﬂ‘abilem

2164 1894 2435 1969 προϐαίνει
2458 1893 2665 1964 τόλμης
2688 1892 2763 1956 ὼς
2790 1892 2870 1954 είς
2892 1891 2993 1965 τὴν
3021 1891 3132 1945 τῶν
3154 1892 3426 1962 σωμάτων
3449 1891 3740 1962 ἀθλιότητα

467 1989 562 2044 Dei
606 1988 898 2045 essentiam
946 1987 1254 2057 protrudat,
1283 1983 1415 2055 quid
1445 1983 1715 2040 obstiterit
1755 1983 2044 2051 quominus

465 2092 534 2134 ne
557 2091 845 2148 generasse
867 2075 1086 2144 quidem
1119 2073 1334 2129 Patrem
1373 2072 1706 2129 contendat?
1749 2069 1856 2144 55
1893 2070 2045 2138 Quod

467 2169 725 2223 nimirum
762 2180 960 2236 parere
993 2164 1365 2234 matripotius
1397 2177 1559 2233 quam
1584 2161 1702 2218 viro
1721 2160 2049 2218 conveniat?

465 2259 599 2315 Cum
634 2274 762 2315 vero
790 2257 934 2314 Deus
983 2259 1338 2329 incorporeus
1376 2256 1471 2324 sit,
1511 2268 1684 2326 neque
1729 2252 2049 2310 differentiis

464 2366 586 2422 quae
613 2352 666 2406 in
697 2364 923 2420 corpora
959 2350 1159 2404 cadunt
1179 2348 1452 2404 obnoxius
1482 2343 1797 2416 (masculus
1826 2344 1967 2399 enim
1994 2351 2050 2399 et

467 2442 668 2498 femina
702 2451 911 2495 tantum
938 2441 992 2496 in
1022 2439 1212 2496 formis
1236 2439 1516 2508 corporeis
1543 2434 1918 2508 quaeruntur),
1953 2436 2047 2492 sed

466 2533 730 2605 simplicis
755 2533 1197 2603 incorporeaeque
1221 2539 1523 2597 naturae,et
1551 2545 1704 2586 mens
1734 2527 2047 2598 purissima,

467 2642 586 2683 eam
615 2627 685 2682 ob
712 2640 956 2691 causam,
995 2624 1209 2694 opinor,
1255 2623 1299 2678 si
1333 2622 1457 2692 quis
1499 2621 1904 2692 generationem
1933 2633 2052 2688 quae

471 2718 580 2773 Deo
612 2715 868 2772 convenit
897 2713 1229 2784 investigare
1254 2712 1406 2777 velit,
1430 2709 1814 2765 fecunditatem
1851 2724 1971 2778 quae
1999 2709 2050 2762 in

470 2821 651 2866 mente
673 2808 924 2865 consistit
948 2807 1296 2862 considerare
1325 2803 1504 2870 debet,
1539 2811 1702 2870 atque
1729 2801 1854 2855 hinc
1874 2799 2054 2870 potius

471 2903 633 2959 Verbi
684 2899 1086 2971 generationem
1133 2911 1477 2968 comparare,
1523 2910 1630 2950 non
1661 2903 1841 2949 autem
1874 2893 2054 2950 dicere

472 2997 642 3050 Deum
694 2994 872 3048 minus
911 3006 1034 3048 esse
1103 2989 1393 3045 fecundum
1438 3003 1602 3059 quam
1645 2988 1754 3043 sint
1802 3001 2050 3057 corpora.

472 3089 659 3157 Neque
673 3086 815 3141 enim
832 3093 892 3139 ut
911 3098 1110 3153 corpus
1127 3089 1371 3150 generat,
1392 3081 1660 3150 siquidem
1682 3088 1738 3134 et
1759 3080 2054 3134 humanam

475 3189 712 3234 mentem
765 3176 986 3246 gignere
1014 3173 1246 3228 dicimus
1271 3172 1626 3241 cogitationes
1647 3171 1840 3227 bonas.
1873 3171 2056 3228 Bonus

2147 1987 2246 2058 τὴν
2280 1987 2520 2059 ᾶρῤητον
2547 1982 2644 2037 τοῦ
2670 1981 2806 2036 Θεοῦ
2831 1982 3165 2053 καταφέρειν
3194 1984 3402 2048 οὐσίαν,
3428 1984 3482 2037 τί
3507 1984 3741 2038 κωλύσει

2148 2080 2325 2149 λέγειν
2362 2078 2496 2150 μηδὲ
2523 2077 2657 2141 ὅλως
2689 2077 3080 2147 γεγεννηκέναι
3128 2075 3218 2128 τὸν
3265 2075 3523 2146 Πατέρα;
3585 2076 3743 2128 Ἐπεὶ

2150 2172 2210 2226 τὸ
2240 2172 2445 2226 τίκτειν
2480 2169 2650 2241 μητρὶ
2704 2168 2906 2240 μᾶλλον
2954 2167 2988 2240 ἢ
3036 2167 3191 2238 ἀνδρὶ
3241 2165 3738 2238 πρεπωδέστερον;

2164 2262 2380 2332 Ἐπειδὴ
2426 2261 2484 2316 δὲ
2529 2259 2652 2315 οῦτε
2693 2259 2855 2332 σῶμα
2904 2259 3059 2324 Θεὸς,
3089 2256 3212 2313 οὔτε
3261 2257 3367 2328 μὴν
3408 2256 3506 2326 τὴν
3540 2256 3597 2310 ἐν
3625 2259 3742 2320 τοῖς

2153 2353 2400 2424 σώμασιν
2437 2351 2550 2423 ἔχει
2575 2350 2836 2423 διαφοράν
2865 2350 3053 2421 (ἀρσεν
3083 2348 3190 2419 γὰρ
3218 2347 3314 2402 καὶ
3343 2347 3475 2418 θῆλυ
3503 2346 3664 2418 μόνον
3686 2349 3744 2400 ἐν

2150 2447 2265 2508 τοῖς
2311 2443 2421 2498 τῶν
2471 2443 2741 2514 σωμάτων
2786 2443 3033 2513 ζητεῖται
3073 2439 3409 2512 σχήμασιν),
3447 2438 3655 2503 ἁπλοῦς
3689 2439 3743 2492 δὲ

2153 2537 2249 2590 καὶ
2283 2535 2591 2606 ἀσώματος,
2643 2535 2741 2588 καὶ
2785 2534 2918 2587 αὐτὸ
2961 2533 3026 2604 δὴ
3072 2532 3232 2586 τοῦτο
3286 2532 3414 2595 νοῦς
3453 2534 3482 2585 ὁ
3533 2532 3739 2585 πάντων

2155 2625 2562 2698 καθαρώτατος,
2593 2625 2682 2680 διὰ
2732 2625 2937 2696 ταύτην
2988 2621 3144 2695 οἴμαι
3189 2624 3290 2696 τὴν
3337 2623 3518 2677 αἰτίαν
3548 2621 3734 2694 χρῆναι

2155 2720 2264 2775 δεῖν
2286 2721 2409 2784 τοὺς
2432 2720 2546 2774 ὅσοι
2575 2721 2674 2790 τὴν
2705 2720 2794 2773 ἐπ’
2821 2717 2988 2773 αὑτοῦ
3017 2718 3276 2788 γέννησιν
3320 2716 3592 2782 ἐξετάζειν
3619 2714 3737 2786 βού-

2157 2814 2358 2880 λονται,
2382 2810 2483 2876 τὰς
2521 2813 2587 2866 ἐκ
2617 2810 2712 2867 νοῦ
2753 2809 3133 2883 καρποφορὶας
3165 2809 3371 2876 ζητεῖν,
3402 2807 3498 2862 καὶ
3525 2809 3742 2871 ταύταις

2162 2905 2362 2980 μᾶλλον
2389 2904 2666 2975 ἐξομοιοῦν
2690 2902 3006 2972 ἐπείγεσθαι
3031 2899 3124 2955 τοῦ
3149 2902 3324 2970 Λόγου
3347 2901 3445 2970 τὴν
3470 2901 3743 2972 γέννησιν,

2158 2997 2254 3051 καὶ
2285 2995 2360 3066 μὴ
2387 2993 2565 3063 λέγειν
2611 2993 2879 3064 σωμάτων
2909 2989 3250 3062 ἀγονώτερον
3281 2984 3420 3042 εἶναι
3444 2989 3597 3057 Θεὸν,
3629 2990 3747 3041 ἐπεὶ

2163 3089 2238 3162 μὴ
2272 3088 2347 3152 ὼς
2380 3087 2541 3158 σῶμα
2580 3086 2762 3156 γεννᾷ.
2794 3085 2992 3155 Γεννᾷν
3033 3082 3132 3154 μὲν
3155 3082 3263 3154 γάρ
3288 3081 3384 3135 καὶ
3421 3081 3510 3134 τὸν
3538 3080 3746 3153 ἀνθρὼ-

2160 3193 2312 3233 πινον
2360 3177 2486 3232 νοῦν
2535 3176 2754 3240 πάντως
2787 3175 2853 3230 ἂν
2894 3174 3334 3246 ὁμολογήσαιμεν
3367 3173 3746 3244 διαλογισμοὺς

474 3269 618 3324 enim
647 3268 752 3334 vir,
777 3265 954 3336 inquit
977 3263 1258 3330 Servator,
1300 3278 1332 3320 e
1370 3264 1534 3320 corde
1564 3264 1772 3333 profert
1806 3264 1947 3320 bona
1985 3264 2050 3317 ⁸³.

2164 3269 2418 3339 ἀγαθούς.
2475 3268 2610 3322 Ἀπὸ
2644 3267 2754 3338 γάρ
2779 3266 2877 3339 τῆς
2904 3266 3133 3338 καρδίας
3161 3267 3188 3318 ὁ
3216 3263 3419 3334 ἀγαθὸς
3442 3264 3746 3336 ἄνθρωπος,

480 3359 537 3414 Si
555 3372 682 3428 ergo
707 3356 930 3427 impium
951 3363 1035 3412 est
1057 3354 1237 3411 dicere
1256 3364 1489 3410 mentem
1509 3357 1802 3411 humanam
1825 3355 2058 3411 fructum

481 3450 684 3504 nullum
719 3445 982 3517 proferre,
1033 3460 1152 3501 cum
1207 3446 1259 3501 id
1310 3447 1572 3503 Dominus
1609 3449 1723 3516 ipse
1754 3456 1980 3503 testetur
2009 3455 2064 3504 et

483 3555 568 3595 rcs
621 3541 733 3610 ipsa
783 3539 994 3609 probet,
1028 3553 1136 3610 quo
1187 3548 1345 3608 pacto
1399 3553 1506 3594 non
1557 3540 1850 3594 absurdum
1903 3540 2064 3594 fuerit

482 3631 661 3686 dicere
717 3645 1025 3700 supremam
1081 3629 1324 3685 omnium
1399 3639 1634 3686 mentem
1692 3629 2062 3699 inl‘rugiferam

483 3738 624 3788 esse,
659 3732 713 3779 et
734 3721 1070 3778 fecunditate
1100 3737 1221 3794 quae
1248 3725 1297 3779 ei
1325 3724 1576 3778 convenit
1609 3723 1865 3792 privare;
1894 3734 1986 3777 aut
2019 3722 2063 3778 si

485 3819 685 3883 dicant,
720 3829 1007 3886 generare,
1047 3817 1322 3887 corporeis
1364 3816 1571 3888 legibus
1599 3815 1871 3885 subjicere
1906 3826 2065 3884 atque

486 3911 556 3963 ita
582 3909 805 3980 perinde
825 3922 890 3963 ac
911 3923 1108 3978 corpus
1127 3922 1415 3979 generare,
1437 3923 1561 3964 cum
1593 3923 1661 3964 ne
1681 3923 1832 3964 mens
1851 3908 2064 3977 quidem

484 4015 603 4067 qua:
635 4003 689 4053 in
732 3999 888 4055 nobis
918 4009 1004 4055 est
1047 4014 1310 4068 corporeo
1353 3999 1515 4057 modo
1549 3999 1810 4072 generet?
1849 4001 1916 4054 At
1943 4013 2069 4055 vero

484 4093 576 4162 qui
601 4092 854 4149 universa
880 4093 1216 4149 transcendit
1238 4093 1503 4164 longeque
1528 4100 1748 4162 superat
1771 4093 1932 4158 Deus,
1961 4104 2070 4160 quo

487 4192 645 4250 pacto
685 4198 792 4238 non
825 4193 1064 4240 mentem
1094 4184 1259 4240 etiam
1302 4184 1672 4255 generationis
1713 4184 1875 4240 modo
1916 4197 2074 4253 supe-

490 4270 651 4338 rabit,
697 4288 803 4326 non
836 4273 1129 4328 amissione
1169 4282 1260 4329 aut
1301 4275 1450 4329 ﬂuxu
1487 4275 1804 4344 cujusquam
1843 4275 1986 4346 quod
2019 4273 2069 4329 ei

489 4361 642 4430 prius
672 4362 866 4428 inerat,
898 4364 992 4418 sed
1021 4363 1379 4420 illustratione
1397 4364 1534 4418 citra
1560 4363 1723 4418 ullam
1749 4365 2070 4420 divisionem

489 4469 558 4506 cx
599 4453 780 4523 seipso
852 4455 1078 4524 gignens
1118 4454 1356 4520 Filium,
1411 4449 2071 4512 secundum’ineﬂ'abilem

490 4559 653 4616 atque
688 4548 1111 4605 inenarrabilem
1163 4549 1357 4605 divinae
1387 4548 1750 4621 generationis
1778 4549 2040 4605 modum?

1174 4747 1404 4806 ALIUD.

562 4882 832 4954 Quidquid
862 4883 929 4940 ad
957 4882 1365 4939 similitudinem
1389 4883 1612 4939 alterius
1640 4885 1842 4941 factum
1874 4895 1980 4955 est,
2005 4888 2072 4940 ab

494 4975 796 5044 aequalitate
826 4977 986 5048 primi
1012 4979 1344 5050 exemplaris
1373 4979 1598 5046 recedit,
1632 4989 1688 5034 et
1717 4982 1982 5034 secundas
2003 4981 2071 5035 ab

485 5064 586 5118 .illo
610 5077 796 5133 partes
821 5078 986 5126 tenet.
1007 5071 1196 5126 Creata
1231 5073 1411 5142 itaque
1437 5082 1629 5127 natura
1657 5087 1754 5142 per
1774 5072 2070 5141 potentiam

498 5157 592 5211 Dei
634 5157 822 5214 ciIecta
857 5173 942 5218 est
972 5163 1228 5231 fecunda,
1268 5175 1326 5221 et
1369 5165 1548 5222 cilicia
1591 5182 1688 5237 per
1723 5166 1953 5238 gratiam
2003 5167 2069 5220 ad

499 5248 643 5302 illam
667 5265 787 5319 qua:
805 5267 932 5309 vere
952 5271 1015 5312 ac
1032 5259 1248 5328 proprie
1268 5258 1497 5314 fecunda
1514 5269 1616 5315 est.
1639 5259 1864 5315 Deliciet
1889 5260 2072 5328 itaque

499 5335 718 5391 omnino
746 5337 816 5392 ab
845 5339 931 5394 illa
964 5344 1187 5400 veritate
1214 5361 1332 5414 qua).
1363 5347 1436 5401 illi
1465 5347 1604 5403 inest
1636 5349 1688 5402 in
1727 5351 1884 5404 modo
1911 5364 2077 5418 gene-

503 5426 688 5495 randi;
712 5435 765 5483 et
795 5432 1076 5500 generabit
1104 5437 1347 5505 quidem,
1381 5438 1476 5492 sed
1503 5453 1611 5492 non
1640 5439 1714 5493 ita
1751 5449 1914 5510 atque
1936 5440 2078 5495 illius

502 5516 568 5570 ad
601 5519 756 5590 cujus
786 5522 1194 5581 similitudinem
1222 5527 1458 5584 eiIictum
1482 5538 1586 5584 est.
1615 5531 1768 5598 Quod
1793 5533 1837 5588 si
1877 5535 1946 5588 ita
1975 5542 2078 5598 est,

501 5613 782 5678 generabit
832 5615 991 5684 Deus,
1021 5632 1128 5674 non
1171 5631 1228 5676 ut
1265 5632 1515 5679 creatura
1550 5637 1668 5692 qua:
1715 5639 1810 5694 per
1848 5626 2076 5695 gratiam

586 5831 627 5864 ⁸³
653 5835 843 5896 Matth.
885 5855 982 5906 xit,
1015 5842 1102 5897 55.

2162 3361 2307 3417 καθά
2353 3379 2518 3434 φησιν
2550 3362 2578 3413 ὁ
2603 3359 2816 3430 Σωτὴρ,
2848 3358 3115 3430 προφέρει
3145 3359 3211 3412 τὰ
3245 3359 3444 3427 ἀγαθά.
3484 3359 3546 3412 Εἰ
3575 3359 3749 3411 τοίνυν

2164 3452 2357 3516 ἀσεϐὲς
2379 3454 2553 3506 εἰπεῖν
2577 3451 2667 3505 τὸν
2697 3449 3038 3521 ἀνθρώπινον
3072 3449 3198 3503 νοῦν
3227 3449 3439 3522 καρπὸν
3459 3451 3560 3503 οὐκ
3585 3449 3748 3519 ἔχειν,

2166 3542 2259 3596 καὶ
2288 3541 2381 3595 τοῦ
2413 3541 2620 3614 Κυρίου
2659 3541 2962 3610 φάσκοντος
2998 3541 3092 3594 καλ⁸
3125 3539 3289 3594 αὐτοῦ
3318 3541 3374 3594 δέ
3403 3539 3634 3611 βοῶντος
3657 3537 3751 3591 τοῦ

2167 3633 2514 3705 πράγματος,
2547 3633 2666 3696 πῶς
2713 3633 2813 3686 οὐκ
2849 3631 3050 3687 ἄτοπον
3084 3631 3175 3686 τὸν
3219 3633 3359 3703 ὑπὲρ
3401 3633 3581 3686 πάντα
3629 3632 3754 3684 νοῦν

2166 3723 2417 3793 ἄκαρπον
2443 3719 2581 3776 εῖναι
2610 3722 2815 3791 λέγειν,
2846 3723 2940 3774 καὶ
2966 3722 3066 3793 τῆς
3094 3721 3414 3794 πρεπούσης
3441 3723 3591 3794 αὐτῷ
3617 3739 3752 3794 καρ-

2169 3814 2434 3885 ποφορίας
2466 3815 2824 3884 ἀποστερεῖν;
2873 3813 2906 3884 ἢ
2935 3815 2983 3866 εί
3017 3813 3266 3882 λέγονται
3292 3817 3507 3886 γεννᾷν,
3537 3817 3755 3869 ὐποκεί-

2172 3906 2297 3960 σθαι
2329 3908 2451 3970 ταῖς
2484 3905 2592 3960 τῶν
2622 3905 2890 3978 σωμάτων
2917 3905 3184 3974 ἀνάγκαις
3217 3907 3644 3978 ὑπολαμϐάνειν,
3665 3909 3758 3961 καὶ⁹

2169 3998 2341 4062 οὕτως
2385 3998 2547 4052 αὑτὸν
2578 3998 2655 4060 ὡς
2683 3997 2841 4068 σῶμα
2887 4000 3102 4069 γεννᾷν,
3128 3999 3250 4052 οὐδὲ
3275 3999 3367 4054 τοῦ
3397 4002 3454 4054 ἐν
3485 4003 3618 4072 ἡμῖν
3655 4002 3755 4054 ὑπο

2171 4091 2428 4163 ἀρχοντος
2473 4090 2567 4144 νοῦ
2609 4089 2749 4144 κατὰ
2786 4089 2878 4144 τὸν
2905 4089 3013 4144 τῶν
3049 4093 3315 4162 σωμάτων
3345 4095 3643 4162 γεννῶντος
3674 4094 3758 4150 νό-

2174 4201 2274 4254 μον
2295 4200 2309 4250 ;
2342 4183 2397 4238 '0
2418 4182 2476 4236 δὲ
2506 4183 2618 4238 ἀνω
2646 4182 2864 4238 πάντων
2889 4183 3247 4255 ἀναϐεϐηκὼς
3267 4187 3362 4240 καὶ
3389 4187 3566 4240 πάντα
3589 4187 3759 4259 ὕπερο

2173 4276 2421 4348 κείμενος
2449 4275 2602 4340 Θεὸς,
2633 4276 2752 4340 πῶς
2793 4277 2856 4329 οὐ
2902 4278 3157 4347 γεννήσει
3187 4277 3281 4331 καὶ
3307 4277 3450 4349 ὑπὲρ
3481 4278 3626 4346 νοῦν,
3659 4279 3760 4332 οὐκ

2173 4367 2446 4436 ἀποϐολὴν
2475 4367 2509 4437 ἢ
2541 4367 2845 4438 ἀπόρροιαν
2880 4366 3355 4438 προῦποκειμένου
3374 4367 3518 4431 τινὸς
3549 4369 3760 4438 ὑπομέ-

2173 4475 2301 4523 νων,
2335 4458 2450 4512 ἀλλ’
2482 4458 2770 4530 ἐκλάμψας
2812 4460 3128 4532 ἀμερίστως
3169 4459 3228 4526 ἐξ
3262 4459 3456 4516 ἐαυτοῦ
3487 4460 3577 4515 τὸν
3607 4461 3757 4526 Υίδν,

2175 4548 2318 4602 κατά
2348 4547 2439 4600 τὸν
2469 4548 2706 4619 ἀρῤητόν
2737 4567 2798 4604 τε
2830 4551 2926 4605 καὶ
2955 4551 3234 4624 ἄφραστον
3269 4552 3366 4624 τῆς
3396 4551 3544 4617 θείας
3569 4553 3760 4623 γεννήο

2104 4618 2150 4674 Ῐ)
2182 4654 2318 4700 σεως
2344 4618 2580 4709 τρόπονς

2865 4773 3071 4828 ΑΛΛΟ.

2248 4897 2362 4950 Πᾶν
2389 4898 2525 4969 ὅπερ
2568 4898 2633 4954 ἂν
2662 4899 2782 4953 καθ’
2807 4900 3067 4971 ὁμοίωσιν
3110 4900 3318 4969 γένοιτό
3353 4917 3516 4964 τινος,
3545 4899 3761 4954 ἀπολεί-

2178 5005 2338 5044 πεται
2372 4990 2591 5054 πάντως
2622 4991 2722 5062 τῆς
2746 4994 2883 5065 πρὸς
2909 4994 2970 5048 τὸ
2997 4995 3351 5066 πρωτότυπον
3377 4994 3640 5064 ἰσότητος,
3667 4992 3760 5045 καὶ

2177 5080 2277 5150 τῆς
2308 5083 2517 5136 ἐκείνου
2561 5083 2720 5154 δόξης
2752 5084 2872 5139 ἐστὶ
2907 5085 3420 5157 δεύτερον.¹Ἀγεται
3463 5085 3642 5137 τοίνυν
3673 5083 3762 5136 διὰ

2178 5171 2460 5243 δυνάμεως
2506 5175 2641 5228 Θεοῦ
2695 5177 2833 5248 πρὸς
2878 5176 3532 5248 καρπογονίανήγενητὴ
3578 5174 3759 5244 φύσις,

2181 5265 2317 5332 πρὸς
2343 5266 2560 5337 ἐκείνην
2589 5269 2939 5338 μορφουμὲνη
2967 5269 3056 5321 διὰ
3081 5271 3303 5340 χάριτος
3336 5269 3435 5339 τὴν
3461 5267 3630 5329 ὅντως
3669 5266 3764 5319 καὶ

2179 5357 2396 5427 άληθῶς
2421 5347 3029 5430 καρπογόνον.Ἀρ”οῦν
3059 5361 3516 5432 ἀπολειφθήσεται
3543 5358 3764 5419 πάντως

2182 5449 2402 5520 καὶτῆς
2447 5450 2630 5520 ἐκείνῃ
2684 5450 2994 5520 προσούσης
3044 5451 3302 5521 ἀληθείας
3354 5450 3483 5520 περὶ
3527 5448 3618 5502 τὸν
3666 5446 3764 5500 τοῦ

2182 5542 2375 5611 γεννᾷν
2403 5542 2601 5612 τρόπον
2627 5557 2638 5568 ·
2689 5541 2782 5594 καὶ
2815 5544 3066 5614 γεννήσει
3109 5544 3226 5613 μὲν,
3255 5544 3352 5615 οὐχ
3380 5543 3455 5606 ὡς
3484 5543 3660 5594 ἐκεῖνο
3685 5539 3762 5605 δὲ,

2183 5629 2318 5699 πρὸς
2341 5631 2368 5682 ὃ
2397 5632 2492 5686 καὶ
2540 5633 2917 5705 μεμόρφωται.
2947 5635 3011 5688 Εἰ
3039 5635 3096 5688 δὲ
3122 5634 3281 5688 τοῦτο
3314 5631 3763 5704 saneta-rev”:-
