4056 6264
349 418 406 470 77
1760 405 1961 460 THES:l

2065 402 2200 457 tUS.
3437 353 3456 375 ’
3525 393 3592 446 78

352 553 428 590 σει
461 534 560 604 μὲν
601 535 630 586 ὁ
679 533 838 596 Θεὸς,
870 532 966 602 οὐχ
993 531 1062 593 ὡς
1107 532 1138 600 ἡ
1187 529 1362 591 κτίσις
1392 528 1448 580 δὲ
1483 524 1620 580 κατά
1648 523 1808 596 χάριν
1836 523 1928 576 καὶ
1958 574 1961 582 ,

2073 534 2170 574 anc
2199 533 2318 574 cum
2343 531 2406 570 eo
2437 511 2842 569 similitudinem
2876 519 2955 565 est
2983 519 3292 572 consecuta,
3328 508 3421 564 sed
3448 505 3602 575 longe

352 626 554 695 ταύτην
584 623 832 677 λαϐοῦσα
861 623 954 692 τὴν
986 621 1115 690 rpb;
1152 620 1310 672 αὑτὸν
1351 619 1625 689 ὁμοίωσιν,
1658 615 1768 668 ἀλλ’
1792 615 1929 684 ὑπὲρ

355 719 533 770 πάντα
567 717 637 768 τὰ
665 713 885 782 γενητά.

1002 826 1201 879 ΑΛΛΟ.

642 937 950 1004 Ἐρώτησις
986 935 1066 1000 ὡς
1105 935 1172 988 ἐκ
1211 933 1314 986 τοῦ
1352 935 1672 1001 Εὑνομιόυ.

451 1047 512 1102 ’0
545 1049 723 1120 Πατὴρ
753 1048 1045 1119 ἐγέννησεν
1075 1047 1134 1113 ἐξ
1163 1044 1357 1100 ἑαυτοῦ
1388 1045 1478 1098 τὸν
1504 1045 1654 1107 Υίὸν,
1685 1042 1937 1112 καθάπερ

365 1141 528 1210 ὑμεῖς
575 1158 708 1209 φατε
753 1141 804 1192 οἱ
853 1140 944 1192 ἐπὶ
989 1138 1158 1209 πολλῇ
1193 1137 1312 1191 λίαν
1358 1137 1607 1208 ὀρθότητι
1651 1135 1938 1203 δογμάτων

367 1229 892 1300 ἀτιοσεμνυνόε.ι.ιενοι⁹
942 1228 1059 1292 ἀλλ’
1085 1229 1248 1298 ὁρᾶτε
1293 1226 1389 1279 καὶ
1421 1224 1595 1278 τοῦτο.
1631 1223 1848 1286 Τέλειος
1871 1218 1940 1293 ἦν

367 1326 394 1376 ὁ
421 1323 608 1393 Πατὴρ
639 1321 746 1390 πρὸ
790 1321 892 1391 τῆς
937 1321 1244 1389 γεννήσεως
1285 1317 1378 1370 τοῦ
1412 1315 1563 1381 Υίοῦ,
1595 1315 1711 1370 ἀλλ’
1742 1315 1791 1368 εί
1819 1330 1939 1384 γεν-

364 1415 528 1485 νήσας
557 1415 638 1476 είς
668 1412 836 1466 δυάδα
868 1410 1215 1482 μεμέρισται,
1244 1407 1362 1472 πῶς
1383 1407 1463 1461 ἔτι
1483 1407 1542 1461 τὸ
1565 1406 1765 1460 τέλειον
1791 1404 1938 1470 ἕξεις

362 1508 409 1558 εἰ
439 1507 515 1575 μὴ
545 1507 652 1575 ἄρα
683 1504 874 1573 γέγονε
899 1503 1029 1573 περὶ
1057 1502 1157 1572 τὴν
1186 1500 1376 1553 οὐσίαν
1407 1497 1571 1552 αὐτοῦ
1601 1494 1940 1567 πληθυσμὸς,

362 1593 526 1649 οἱονεὶ
559 1593 620 1646 τὸ
651 1592 882 1646 κενωθὲν
911 1589 1259 1660 ἀναπληρῶν.
1279 1587 1518 1657 Ἀνάγκη
1552 1585 1662 1656 γὰρ
1695 1586 1843 1639 πᾶσα
1881 1584 1944 1638 τὸ

365 1687 425 1752 ἐξ
454 1687 641 1748 meo;
671 1685 750 1746 εἱς
772 1684 938 1737 δυάδα
966 1684 1317 1754 τεμνόμενον,
1349 1680 1574 1734 ἔλαττον
1602 1677 1793 1731 ἑαυτοῦ
1819 1677 1945 1747 φαί-

368 1783 584 1844 νεσθαι,
619 1781 668 1832 εἰ
704 1780 777 1850 μή
813 1795 893 1842 τις
927 1777 1068 1847 αὖξη
1091 1770 1859 1852 παρεισδραμοῦσα-προσθείη
1884 1770 1945 1822 τὸ

2036 610 2414 666 excellentiorc
2439 621 2598 676 quam
2627 618 2817 658 omnes
2846 612 3106 660 creatura:
3137 601 3317 655 modo.

2705 810 2938 867 ALIUD.

2287 925 2641 995 Interrogatio
2679 940 2742 979 ea:
2770 924 3057 992 objections
3094 919 3355 974 Eunomii.

2111 1040 2270 1095 Pater
2299 1038 2482 1110 genuit
2514 1036 2710 1091 Filium
2746 1052 2812 1089 ex
2849 1036 3050 1103 seipso,
3089 1041 3147 1087 ut
3171 1047 3264 1087 vos
3293 1032 3404 1104 ΑΒ
3430 1029 3609 1086 dicitis

2039 1133 2130 1203 qui
2173 1133 2239 1186 de
2287 1145 2496 1185 summa
2536 1129 2846 1200 dogmatum
2899 1127 3223 1182 rectitudine
3272 1124 3607 1195 gloriamini;

2041 1224 2132 1281 sed
2166 1224 2343 1278 videte
2373 1223 2536 1277 etiam
2569 1222 2690 1276 hoc.
2715 1219 2878 1274 Pater
2909 1229 3034 1274 ante
3059 1219 3458 1286 generationem
3493 1213 3612 1272 Filii

2041 1314 2313 1386 perfectus
2335 1321 2485 1381 erat;
2511 1314 2604 1368 sed
2632 1313 2675 1367 si
2708 1320 2988 1382 postquam
3021 1309 3204 1380 genuit
3233 1309 3284 1362 in
3308 1309 3615 1361 dualitatem

2043 1408 2245 1463 divisus
2273 1413 2375 1472 est,
2407 1420 2514 1477 quo
2549 1416 2704 1476 pacto
2732 1400 2971 1458 manebit
3014 1398 3323 1471 perfectus?
3362 1397 3466 1452 nisi
3510 1396 3618 1450 ior-

2048 1511 2191 1556 tasse
2238 1501 2291 1554 in
2345 1498 2461 1570 ejus
2510 1496 2811 1553 substantia
2863 1493 3131 1565 suppletio
3175 1488 3418 1560 quzcdam
3475 1488 3615 1540 facta

2045 1589 2234 1654 fuerit,
2266 1601 2384 1655 qua:
2411 1587 2807 1658 quodammodo
2837 1587 2888 1639 id
2912 1584 3056 1655 quod
3087 1583 3407 1639 exhaustum
3445 1578 3620 1634 fuerat

2045 1682 2331 1752 supplevit.
2377 1677 2752 1736 Necessarium
2795 1679 2938 1732 enim
2985 1689 3208 1746 prorsus
3245 1683 3329 1729 est
3379 1681 3439 1727 ut
3477 1672 3619 1740 quod

2047 1788 2112 1827 ex
2169 1771 2376 1826 unitate
2429 1771 2482 1826 in
2544 1769 2858 1825 dualitatem
2913 1777 3151 1830 secatur,
3209 1765 3386 1820 minus
3441 1763 3621 1832 seipso

376 1871 712 1935 ἐκλελοιπός.
741 1871 802 1924 Ei
839 1869 894 1923 δὲ
933 1869 1168 1923 τοιοῦτον
1197 1869 1346 1924 οὐδὲν
1375 1867 1503 1938 περί
1533 1865 1634 1936 τὴν
1667 1863 1819 1917 θείαν
1851 1863 1945 1916 οὑ-

2065 1861 2337 1927 :ﬂiciatur,
2379 1862 2482 1918 nisi
2527 1864 2920 1918 incrementum
2951 1857 3168 1928 aliquod
3212 1855 3436 1910 accedat
3478 1854 3620 1923 quod

383 1964 504 2017 σίαν
537 1962 845 2033 συμϐαίνειν
880 1961 1123 2024 δύναται,
1151 1961 1250 2014 οὐκ
1277 1960 1568 2030 ἐγέννησεν
1596 1957 1702 2028 ἄρα
1726 1955 1787 2020 ἐξ
1820 1956 1948 2007 ἑαυ-

375 2054 466 2107 τοῦ
494 2053 585 2106 τὸν
618 2054 740 2106 Υῐὸν
769 2055 796 2106 ὁ
824 2052 1032 2122 Πατὴρ,
1066 2053 1152 2105 ἴνα
1179 2053 1254 2122 μὴ
1281 2051 1535 2121 φαίνηται
1569 2049 1944 2122 μεριζόμενος*

367 2141 569 2212 ὑπέστη
580 2159 637 2194 σε
671 2141 728 2195 δὲ
754 2141 912 2195 αὑτὸν
940 2142 1131 2211 ὅμοιον
1157 2139 1332 2210 ὲαυτῷ
1359 2140 1500 2192 κατὰ
1523 2140 1717 2193 πάντα.

865 2445 1025 2512 Πρὸς
1063 2444 1238 2500 τοῦτο
1273 2445 1474 2510 λύσις.

447 2560 608 2612 Ἔστι
645 2558 752 2629 μὲν
801 2558 888 2610 καὶ
921 2559 982 2624 ἐξ
1015 2557 1220 2630 ἑτέρων
1264 2559 1393 2611 ἰδεῖν
1423 2560 1505 2612 ὅτι
1540 2559 1732 2631 πολλὴν
1757 2561 1805 2614 oi
1835 2579 1953 2632 χρι-

366 2649 638 2719 στομάχοι
667 2646 884 2701 νοσοῦσι
912 2649 1128 2719 φρενῶν
1155 2650 1406 2720 ἐρημίαν,
1427 2650 1576 2704 οὐδὲν
1598 2651 1653 2705 δὲ
1678 2647 1836 2723 ἧττον
1859 2655 1952 2708 καὶ

362 2744 452 2797 διὰ
475 2742 708 2798 τούτων.
750 2741 1064 2795 Πλανῶνται
1107 2742 1218 2814 γὰρ
1265 2743 1452 2808 ὅντως,
1490 2744 1564 2814 μὴ
1611 2745 1814 2810 εἰδότες
1857 2747 1955 2811 τὰς

365 2833 590 2904 Γραφὰς
627 2831 766 2901 μηδὲ
798 2829 896 2901 τὴν
918 2829 1150 2900 δύναμιν
1179 2831 1271 2884 τοῦ
1303 2831 1456 2887 Θεοῦ.
1487 2832 1612 2896 Πῶς
1638 2834 1746 2904 γὰρ
1769 2835 1958 2905 ὅμοιον

371 2929 519 2980 ἔσται
552 2925 698 2979 κατὰ
729 2926 908 2978 πάντα
937 2923 1016 2994 τῷ
1052 2924 1292 2994 ἀκτίστῳ
1327 2925 1424 2978 καὶ
1452 2926 1541 2979 ἀεὶ
1567 2925 1682 2980 ὄντι
1712 2928 1836 2998 Θεῷ
1861 2931 1958 2982 καὶ

376 3019 569 3087 “arpi,
598 3017 659 3070 τὸ
698 3013 760 3078 ἐξ
801 3015 902 3067 οὐκ
941 3013 1112 3067 ὄντων
1142 3015 1220 3079 είς
1251 3016 1548 3070 ὑπόστασιν
1593 3018 1848 3089 ὲνεχθέν;
1894 3021 1958 3074 Εἰ

383 3110 490 3180 γὰρ
517 3110 649 3172 ὅλως
677 3109 903 3179 ὑπέστη.
928 3109 1030 3161 οὐκ
1061 3103 1129 3178 ἦν
1165 3107 1406 3179 δηλονότι
1434 3109 1589 3164 ποτέ.
1620 3110 1745 3175 Πῶς
1773 3112 1831 3165 δὲ
1859 3113 1961 3166 οὐκ

2050 1953 2320 2008 defectum
2346 1963 2660 2022 compenset
2697 1966 2762 2008 ac
2796 1951 3061 2021 suppleat.
3101 1949 3157 2004 Si
3201 1961 3332 2002 vero
3367 1955 3620 2001 neutrum

2051 2045 2242 2099 horum
2285 2045 2338 2098 in
2381 2044 2560 2099 divina
2594 2053 2784 2099 natura
2825 2042 3074 2097 accidere
3108 2047 3308 2111 potest,
3346 2050 3476 2106 ergo
3514 2049 3621 2090 non

2052 2135 2235 2204 genuit
2261 2135 2420 2191 Pater
2444 2150 2508 2190 ex
2535 2135 2712 2205 seipso
2733 2133 2950 2197 Filium,
2979 2146 3046 2187 ne
3071 2131 3276 2186 divisus
3294 2143 3416 2183 esse
3444 2128 3626 2181 videa-

2055 2236 2180 2292 tur;
2210 2242 2331 2281 eum
2366 2242 2496 2283 vero
2521 2227 2620 2282 sibi
2649 2226 2882 2282 similem
2915 2225 2968 2279 in
3009 2223 3262 2280 omnibus
3301 2221 3430 2279 fecit
3465 2228 3626 2290 atque

2053 2318 2348 2374 constituit.

2561 2454 2770 2509 Salutio
2801 2453 3126 2521 objectiom's.

2127 2563 2262 2617 Cum
2293 2578 2357 2618 ex
2381 2564 2502 2617 aliis
2527 2563 2710 2618 multis
2729 2573 2941 2620 constet
2964 2572 3164 2634 quanta
3210 2561 3408 2617 mentis
3452 2560 3628 2630 inopia

2057 2651 2305 2708 laborent
2357 2654 2542 2708 hostes
2602 2653 2728 2720 Dei,
2801 2662 2915 2708 tum
2973 2653 3321 2708 nihilominus
3370 2667 3437 2708 ex
3490 2651 3629 2707 istis.

2059 2745 2256 2800 Errant
2308 2745 2452 2800 enim
2509 2760 2750 2814 prorsus,
2803 2759 2976 2814 neque
3012 2745 3248 2800 scientes
3297 2744 3633 2813 Scripturas,

2061 2851 2235 2906 neque
2273 2837 2526 2891 virtutem
2579 2836 2669 2889 Dei
2702 2835 2767 2888 “.
2807 2835 3084 2902 Quomodo
3109 2836 3256 2889 enim
3289 2835 3494 2904 aequale
3538 2849 3638 2904 per

2061 2928 2243 2982 omnia
2281 2929 2388 2982 Deo
2419 2942 2484 2982 ac
2524 2927 2670 2981 Patri
2713 2927 2955 2981 increato
2987 2940 3311 2998 semperque
3351 2927 3634 2982 exsistenti

2063 3021 2226 3074 fuerit
2255 3020 2306 3074 id
2337 3019 2478 3089 quod
2512 3033 2579 3073 ex
2623 3017 2790 3071 nihilo
2825 3016 2889 3070 ad
2929 3032 3050 3073 esse
3085 3019 3389 3072 traductum
3419 3017 3539 3072 est?
3577 3017 3636 3071 Si

2061 3116 2206 3170 enim
2249 3115 2426 3170 factus
2465 3126 2520 3169 et
2559 3115 2889 3172 constitutus
2921 3114 3042 3182 fuit,
3091 3113 3281 3185 procul
3327 3113 3492 3169 dubio
3542 3113 3638 3168 ali-

389 3200 724 3269 αῑσχὺνονται
763 3200 1060 3270 μερισμοὺς
1090 3201 1184 3252 καὶ
1215 3200 1498 3270 ἀποτομὰς
1532 3202 1663 3272 περὶ
1688 3202 1786 3273 τὴν
1812 3202 1961 3256 Θείαν

2065 3205 2276 3274 quando
2317 3222 2420 3260 non
2456 3206 2576 3263 fuit.
2613 3207 2727 3274 Quo
2761 3217 2920 3277 pacto
2966 3216 3146 3261 autem
3192 3220 3297 3260 non
3338 3205 3502 3275 pudet
3547 3219 3640 3259 eos

395 3292 638 3362 γέννησιν
682 3291 1041 3361 εἰσφέροντες,
1086 3291 1184 3343 καὶ
1213 3293 1326 3354 τοῖς
1356 3291 1456 3360 τῆς
1489 3291 1718 3364 γενητῆς
1749 3292 1962 3362 φύσεως

390 3384 568 3452 νόμοις
596 3382 934 3446 ὑποτιθέντες
980 3383 1081 3452 τὴν
1121 3382 1362 3453 ἄρῤητον
1387 3381 1613 3447 οὺσίαν;
1656 3383 1730 3436 0-3
1762 3383 1871 3455 γὰρ
1898 3384 1961 3456 δή

383 3491 484 3528 που
534 3477 646 3539 τοῖς
694 3474 912 3539 οἰκείοις
960 3477 1261 3546 ποιήμασιν
1309 3477 1424 3538 ἶσος
1468 3474 1622 3529 ἔσται
1656 3475 1807 3542 Θεὸς,
1843 3477 1964 3531 οὐδὲ

383 3563 522 3618 οὕτω
559 3565 808 3636 γεννήσει
838 3565 1094 3636 καθάπερ
1124 3565 1328 3618 ἐκεῖναο
1353 3564 1470 3618 ἀλλ’
1509 3563 1700 3636 ὥσπερ
1725 3567 1782 3620 ὲν
1815 3566 1974 3620 ἅπαο.

388 3677 471 3712 σιν
521 3657 780 3730 ὑπερέχει
829 3657 1032 3720 αὐτῶν,
1088 3656 1262 3719 οὕτως
1312 3656 1566 3728 ὑπερέξει
1616 3657 1716 3710 κάν
1765 3657 1960 3729 τούτῳ.

383 3751 490 3803 Καὶ
520 3751 570 3802 εἰ
599 3750 779 3819 πάσης
823 3748 938 3802 ἂνω
963 3748 1195 3818 γενητῆς
1242 3748 1432 3811 οὐσίας
1461 3750 1608 3801 ἐστὶν
1649 3750 1676 3803 ὀ
1705 3748 1838 3814 Θεὸς
1869 3751 1966 3803 καὶ

383 3841 594 3910 Πατὴρ,
629 3841 741 3895 ἄνω
788 3839 955 3893 πάλιν
985 3839 1153 3908 αὐτῆς
1191 3839 1339 3891 ἔσται
1382 3840 1476 3892 καὶ
1513 3839 1656 3893 κατά
1683 3839 1771 3893 τὸν
1799 3843 1856 3893 ἐν
1888 3839 1966 3910 τῷ

385 3935 577 4002 γεννᾷν
618 3933 842 4004 τρόπον,
886 3931 1138 4002 ἀρρήτως
1180 3929 1338 3983 τοῦτο
1383 3930 1553 3984 ποιῶν
1600 3932 1694 3985 καὶ
1740 3931 1967 4002 Θεοπρε-

387 4022 524 4086 πῶς.

1072 4136 1271 4188 AAAO.

455 4251 779 4324 Μερισμοὺς
797 4250 890 4303 καὶ
908 4247 1229 4312 ἐλαττώσεις
1248 4249 1566 4318 ὑπομένειν,
1598 4248 1770 4320 αὔξην
1791 4268 1849 4302 τε
1877 4253 1968 4304 καὶ

387 4341 736 4413 πληουσμὸν,
760 4341 852 4394 καὶ
884 4341 980 4404 τὰς
1012 4341 1066 4393 ὲν
1108 4339 1184 4411 τῷ
1218 4339 1426 4393 τίκτειν
1456 4341 1755 4411 ἀπορροίας
1785 4342 1970 4412 σωμά-

385 4452 516 4500 των,
551 4433 686 4486 ῐδιον
721 4431 816 4485 καὶ
845 4430 953 4483 τῶν
983 4431 1081 4484 ὅσα
1107 4429 1210 4499 τῆς
1230 4430 1464 4500 γενητῆς
1497 4430 1684 4494 οὐσίας
1713 4431 1876 4486 ἐστίν.
1907 4433 1970 4485 Ei

390 4525 566 4578 τοίνυν
595 4523 740 4577 οὕτω
764 4523 935 4576 τίκτει
973 4522 1124 4586 Θεὸς,
1155 4523 1344 4593 ὥσπερ
1372 4523 1466 4576 καὶ
1494 4523 1562 4578 τὰ
1596 4523 1841 4595 σώματα,
1875 4525 1970 4578 καὶ

394 4616 658 4685 κρατήσει
683 4613 847 4683 νόμος
877 4613 964 4666 ἐπ’
986 4612 1150 4667 αὐτοῦ
1179 4613 1418 4678 τοιοῦτος
1447 4615 1631 4678 ὁποῖος
1660 4618 1718 4669 ἐν
1740 4619 1853 4680 τοῖς
1873 4634 1971 4670 πε-

398 4707 731 4776 ποιημένοις,
761 4705 906 4759 οὕτω
949 4703 1044 4758 καὶ
1070 4706 1464 4777 δημιουργήσει
1500 4707 1752 4777 καθάπερ
1780 4708 1874 4760 καὶ
1901 4709 1971 4762 τὰ

403 4800 650 4871 σώματα,
679 4801 928 4872 ὀργάνοις
955 4797 1153 4871 δηλαδὴ
1189 4799 1284 4853 καὶ
1316 4800 1468 4870 χερσὶ
1515 4802 1870 4873 κεχρημένος.
1908 4803 1972 4856 Εἰ

397 4893 458 4946 δὲ
482 4895 581 4963 τῆς
607 4893 919 4964 σωματικῆς
950 4893 1044 4946 καὶ
1072 4892 1305 4962 γενητῆς
1334 4892 1544 4960 φύσεως
1576 4893 1719 4947 οὕτω
1744 4894 1976 4964 δυναμέ-

399 5003 497 5056 νης
526 4985 877 5055 δημιουργεῖν
909 4984 1003 5036 καὶ
1026 4983 1124 5054 οὐχ
1149 4983 1527 5055 ὲτέρως,λόγῳ
1555 4985 1621 5038 τὰ
1649 4985 1826 5038 πάντα
1847 4985 1977 5046 Θεὸς

398 5073 710 5147 ἐργάζεται,
758 5074 855 5128 καὶ
899 5075 956 5126 ὲν
989 5075 1056 5144 τῇ
1103 5071 1267 5126 αὐτοῦ
1307 5073 1557 5144 βουλήσει
1599 5073 1667 5126 τὰ
1708 5071 1834 5125 ὅντα
1879 5075 1978 5142 τὴν

402 5171 656 5225 σύστασιν
686 5169 822 5239 ἔχει,
841 5166 958 5230 πῶς
982 5166 1043 5219 οὐ
1071 5167 1274 5234 γελοῖον
1307 5169 1364 5219 ἐν
1393 5169 1506 5229 τοῖς
1537 5165 1979 5235 ἀξιολογωτέρας

403 5265 498 5317 καὶ
528 5262 735 5333 μείζοσι
770 5260 845 5330 μὴ
880 5259 992 5335 ἄνω
1023 5258 1231 5311 κεῖσθαι
1262 5258 1471 5319 πάθους
1521 5256 1611 5310 τὸν
1655 5257 1808 5322 Θεὸν,
1846 5258 1979 5327 μηδὲ

405 5354 714 5421 ἐξάλλεσθαι
744 5353 814 5406 τὰ
842 5354 958 5414 τοῖς
983 5349 1226 5420 σώμασιν
1256 5350 1483 5403 εἰωθότα
1515 5349 1829 5419 συμϐαίνειν
1851 5351 1981 5420 περὶ

401 5444 458 5497 τὸ
481 5447 673 5516 γεννᾷν
699 5486 712 5510 ,
746 5442 865 5496 ἀλλ’
903 5441 979 5504 ὡς
1014 5440 1074 5505 ἐξ
1108 5443 1353 5514 ἀνάγκης
1386 5440 1556 5504 οὕτως
1593 5438 1731 5493 εῖναι
1761 5442 1889 5512 περὶ
1921 5442 1982 5494 τὸ

402 5537 610 5606 γεννᾷν,
631 5535 890 5603 καθάπερ
913 5532 1007 5585 καὶ
1030 5532 1100 5585 τὰ
1126 5531 1586 5601 σώματα.Ὤστιερ
1611 5526 1705 5584 οὖν
1725 5531 1983 5601 δημιουρ-

403 5628 485 5695 γΞῖ
514 5627 611 5697 μὲν
666 5626 767 5696 οὐχ
796 5624 874 5688 ὡς
905 5621 1215 5692 ἄνθρωπος,
1255 5622 1374 5674 οὐδὲ
1417 5622 1491 5685 ὡς
1520 5622 1699 5691 σῶμα,
1723 5621 1864 5674 οὕτω
1892 5621 1985 5673 καὶ

405 5721 558 5791 γεννᾷ
578 5721 700 5783 ταῖς
721 5717 834 5770 τῶν
862 5714 1139 5784 σωμάτων
1160 5713 1462 5784 συνηθείαις
1481 5715 1575 5784 οὐχ
1605 5714 1981 5785 ὑποκείμενος.

467 5839 512 5872 ⁸³
551 5837 741 5894 Matth.
789 5847 932 5890 χιιι.
977 5829 1066 5880 9.9.

2066 3295 2359 3351 divisiones
2411 3307 2468 3352 et
2519 3298 2786 3355 sectiones
2835 3299 2887 3354 in
2938 3299 3172 3354 divinam
3235 3297 3638 3369 generationem

2065 3385 2342 3453 inducere,
2367 3396 2420 3441 ct
2448 3386 2770 3444 inclfabilem
2811 3389 3167 3445 substantiam
3209 3398 3406 3444 creata:
3434 3399 3641 3445 naturae

2063 3475 2275 3547 legibus
2319 3478 2634 3548 subjicere?
2682 3479 2864 3551 Neque
2914 3483 3058 3536 enim
3095 3482 3377 3544 .creaturis
3431 3483 3527 3538 abs
3584 3497 3642 3537 se

2066 3565 2228 3623 factis
2247 3569 2475 3639 aequalis
2497 3579 2584 3624 est
2608 3568 2769 3635 Deus,
2791 3586 2962 3640 neque
2982 3572 3166 3625 eadem
3189 3570 3401 3626 ratione
3419 3580 3642 3642 generat

2067 3674 2172 3729 qua
2203 3659 2326 3727 illa;
2360 3663 2454 3716 sed
2491 3661 2634 3717 sicut
2661 3661 2716 3716 in
2746 3663 2958 3717 caeteris
2983 3662 3372 3718 omnibusillas
3397 3663 3640 3727 excellit,

2069 3751 2144 3805 ita
2173 3750 2334 3805 etiam
2369 3752 2420 3806 in
2447 3752 2572 3808 hoc.
2603 3749 2671 3806 Et
2699 3753 2744 3806 si
2772 3767 2984 3808 omnem
3014 3759 3250 3807 creatam
3283 3753 3640 3808 substantiam

2070 3841 2215 3896 Deus
2232 3856 2295 3896 ac
2326 3840 2491 3897 Pater
2526 3843 2681 3914 longe
2713 3851 2951 3914 superat,
2976 3829 3084 3898 erit
3112 3844 3275 3900 etiam
3299 3857 3362 3898 ea
3396 3845 3644 3914 superior

2070 3936 2364 4002 generandi
2401 3936 2581 4001 modo,
2634 3935 2979 3992 ineﬂabiliter
3013 3936 3298 4006 divineque
3331 3937 3382 3991 id
3417 3937 3640 3995 faciens.

2740 4131 2968 4187 ALIUD.

2155 4246 2457 4302 Divisioncs
2538 4252 2592 4299 et
2670 4243 3095 4313 imminutiones,
3175 4245 3528 4316 incrementa,
3595 4258 3649 4304 et

2072 4339 2440 4409 suppletiones
2491 4351 2554 4392 ac
2600 4335 2846 4392 deﬂuxus
2894 4335 2947 4391 in
3001 4340 3309 4409 generando
3358 4355 3647 4408 corporum

2073 4431 2291 4501 pr0pria
2342 4437 2488 4494 sunt,
2529 4439 2799 4486 eteorum
2851 4444 2972 4500 quae
3001 4439 3238 4486 creatam
3288 4433 3646 4488 substantiam

2072 4522 2296 4578 habent.
2345 4521 2402 4578 Si
2449 4523 2614 4593 igitur
2661 4522 2806 4578 Deus
2869 4522 2941 4577 ita
2992 4523 3166 4594 gignit
3206 4522 3344 4578 sicut
3393 4539 3647 4594 corpora,

2076 4615 2374 4685 eademque
2407 4615 2523 4685 lege
2552 4623 2764 4670 tenetur
2784 4628 2890 4684 qua
2923 4625 3205 4679 creatum,
3246 4617 3455 4672 creabit
3483 4618 3646 4671 etiam

2079 4706 2538 4776 quemadmodum
2572 4720 2823 4776 corpora,
2872 4705 3250 4761 instrumentis
3295 4707 3550 4760 nimirum
3597 4714 3651 4759 et

2081 4800 2334 4854 manibus
2372 4807 2553 4853 utens.
2605 4797 2662 4853 Si
2712 4812 2843 4852 vero
2893 4811 3015 4853 cum
3065 4812 3323 4866 corporea
3371 4805 3426 4850 et
3471 4805 3650 4849 creata

2081 4899 2277 4943 natura
2326 4889 2398 4943 ita
2425 4891 2640 4960 operari
2680 4891 2850 4958 possit
2893 4903 3068 4957 neque
3099 4888 3274 4948 aliter,
3323 4887 3463 4939 Deus
3489 4885 3653 4941 verbo

2082 4979 2263 5031 omnia
2309 4990 2584 5047 Operatur,
2630 4986 2686 5031 et
2728 4978 2782 5031 in
2820 4978 2937 5046 ejus
2975 4977 3252 5029 voluntate
3295 4973 3474 5027 omnia
3520 4990 3651 5029 con-

2087 5070 2305 5131 sistunt,
2338 5083 2443 5134 quo
2489 5075 2646 5136 pacto
2690 5080 2795 5118 non
2847 5064 3134 5118 ridiculum
3189 5060 3353 5117 fuerit
3393 5064 3445 5118 in
3495 5065 3656 5122 rebus

2089 5158 2428 5230 dignioribus
2471 5167 2524 5211 et
2558 5155 2814 5210 momenti
2868 5154 3036 5208 Deum
3085 5169 3187 5208 non
3221 5169 3340 5210 esse
3378 5168 3652 5227 expertem

2089 5250 2378 5320 passionis,
2411 5250 2517 5322 [.7
2537 5261 2710 5317 neque
2737 5261 3019 5316 corporum
3051 5245 3104 5301 in
3127 5249 3433 5318 generando
3468 5250 3655 5304 condi-

2088 5345 2287 5399 tionem
2322 5356 2613 5412 supcrare,
2637 5341 2730 5395 sed
2760 5339 2921 5395 veluti
2965 5342 3289 5395 necessitate
3327 5344 3554 5407 quadam
3586 5342 3655 5394 ita

2088 5449 2346 5504 generare
2403 5443 2462 5488 ut
2501 5432 2733 5501 corpus?
2775 5431 3236 5497 Quemadmodum
3294 5429 3457 5494 igitur
3511 5440 3658 5482 creat

2089 5543 2192 5579 non
2225 5536 2280 5579 ut
2319 5527 2497 5590 homo,
2536 5538 2708 5592 neque
2755 5532 2813 5577 ut
2856 5537 3076 5590 corpus,
3116 5523 3186 5576 ita
3237 5519 3398 5572 etiam
3442 5532 3662 5590 generat

2090 5635 2374 5690 corporum
2400 5615 2773 5675 consuetudini
2812 5627 3152 5684 nequaquam
3184 5609 3464 5668 astrictus.
