4056 6264
438 412 511 470 79
1427 412 1483 467 S.
1521 410 1792 467 CYRILLI
1831 409 2300 466 ALEXANDRINI
2339 408 2664 468 ARCHIEP.
3626 405 3698 463 $0

785 527 1014 594 ALIUD,
1039 529 1108 583 ad
1137 529 1208 581 rei
1242 528 1662 598 explicationem.

517 643 677 697 Pater
709 639 902 694 Filium
932 654 996 694 ex
1028 639 1206 709 seipso
1231 639 1434 708 absque
1469 638 1737 693 divisione
1784 647 1877 693 aut
1924 639 2008 693 itt-

441 731 668 790 tervallo
706 730 978 800 produxit,
1020 729 1478 798 quemadmodum
1525 736 1578 782 et
1631 727 1713 783 sol
1760 727 2010 797 splendo-

445 841 559 881 rem
587 838 650 876 ex
700 836 760 878 se
807 821 1088 875 emissum.
1131 819 1390 885 Quamvis
1434 818 1688 888 splendor
1722 819 1856 874 solis
1899 834 2008 874 non

446 917 644 972 habeat
693 913 966 984 propriam
1012 911 1369 981 ltypostasim,
1406 923 1581 976 neque
1619 908 1858 978 perfecte
1897 909 2013 979 ipse

446 1010 502 1062 iu
545 1007 724 1077 seipse
757 1007 993 1059 essentia
1041 1003 1162 1057 sit:
1214 1001 1376 1056 habet
1409 1000 1555 1055 enim
1600 1015 1759 1056 suum
1791 1015 1913 1056 esse
1957 1001 2010 1056 in

445 1098 589 1163 sole;
637 1078 878 1152 divinum
922 1107 1053 1149 vero
1099 1092 1348 1162 genimen
1395 1093 1497 1146 hoc
1548 1099 1757 1146 tantum
1801 1106 1865 1146 ex
1911 1091 2012 1145 hoc

443 1189 688 1259 exemplo
715 1188 874 1242 habet
919 1185 1062 1254 quod
1105 1198 1173 1238 ex
1212 1182 1376 1237 Patre
1413 1182 1673 1252 procedat
1713 1183 1848 1237 citra
1879 1181 2013 1237 divi-

444 1284 650 1338 sionem
681 1279 844 1334 ullam
885 1286 940 1333 et
965 1277 1173 1345 absque
1211 1275 1410 1344 spatio,
1439 1275 1822 1344 propriamque
1852 1274 2014 1329 habet

445 1370 780 1442 ltypostasim
811 1383 918 1422 non
945 1373 1251 1436 separatam
1293 1379 1322 1418 a
1348 1362 1527 1428 Patre,
1561 1365 1654 1419 sed
1687 1364 1740 1418 in
1765 1364 1926 1419 Patre
1960 1374 2015 1420 et

445 1477 566 1516 eum
619 1460 783 1514 Patre
821 1457 1148 1512 intellectam
1194 1463 1356 1524 atque
1409 1454 1782 1509 exsistentem.
1825 1453 2016 1509 Dicere

447 1562 628 1607 autem
669 1550 963 1606 sectionem
1018 1558 1072 1604 et
1113 1546 1440 1602 decisionem
1484 1546 1538 1600 in
1568 1546 1745 1601 divina
1796 1559 2016 1616 genera-

450 1643 595 1696 tione
621 1639 819 1694 factam
846 1639 1032 1704 fuisse,
1066 1637 1319 1690 immanis
1350 1634 1575 1690 insaniae
1608 1643 1692 1690 est
1721 1635 2017 1689 documen-

449 1741 584 1786 tum.
615 1729 746 1786 Cum
777 1729 919 1785 enim
944 1728 1196 1784 divinitas
1229 1725 1346 1781 loco
1377 1741 1483 1781 non
1506 1722 2010 1796 circumscribatur,

449 1837 518 1878 ne
541 1823 599 1877 .id
622 1821 840 1891 quidem
871 1820 1013 1890 quod
1035 1834 1102 1876 ex
1128 1833 1194 1874 eo
1212 1817 1457 1888 procedit
1479 1817 1532 1871 in
1563 1816 1682 1872 loco
1719 1816 1842 1871 erit.
1861 1814 2013 1882 Quod

447 1929 580 1970 vero
601 1927 776 1983 neque
800 1913 852 1967 in
889 1914 1006 1967 loco
1033 1921 1138 1976 est,
1167 1925 1343 1980 neque
1375 1924 1496 1964 esse
1521 1916 1720 1979 potest,
1751 1905 2019 1977 quomodo
2051 1898 2093 1957 Β

450 2007 688 2077 separari
712 2005 923 2076 potest?
942 2004 1187 2071 Quonam
1215 2004 1357 2057 enim
1384 2000 1481 2055 ibit
1503 2000 1647 2069 quod
1673 2007 1878 2054 sectum
1901 1995 2018 2051 est?

449 2106 542 2154 aut
567 2113 599 2153 e
635 2112 742 2166 quo
769 2097 821 2151 in
845 2111 1005 2166 quem
1039 2091 1435 2150 transferetur?
1463 2091 1579 2145 haec
1607 2087 1872 2158 siquidem
1899 2101 2022 2142 cor-

451 2203 642 2259 porum
688 2194 818 2242 sunt
854 2185 1124 2255 propria,
1172 2184 1239 2238 ab
1292 2182 1614 2250 incorporea
1663 2192 1793 2233 vero
1828 2187 2019 2231 natura

451 2293 675 2352 prorsus
721 2277 918 2332 aliena.
963 2275 1040 2331 Ne
1089 2276 1252 2346 igitur
1287 2274 1451 2342 impie
1481 2274 1533 2327 in
1583 2272 1764 2328 divina
1792 2285 2026 2342 genera-

454 2372 600 2425 tione
650 2365 934 2429 deﬂuxus,
992 2365 1385 2434 separationes,
1455 2372 1620 2431 atque
1677 2363 1762 2417 his
1825 2361 2023 2417 similia

452 2458 960 2515 comminiscentur.
988 2453 1264 2524 Suprema
1317 2453 1458 2507 enim
1506 2453 1596 2506 illa
1635 2451 1878 2506 omnium
1923 2465 2022 2504 na-

455 2564 575 2607 tura
599 2549 732 2605 nulli
759 2547 1019 2617 passioni,
1053 2544 1378 2615 separationi
1415 2553 1508 2598 aut
1535 2543 1764 2599 sectioni
1813 2550 1899 2597 est
1926 2543 2024 2596 ob-

457 2641 642 2707 noxia,
691 2651 877 2708 neque
924 2649 1212 2704 eorporum
1263 2635 1624 2704 proprietates
1675 2633 1887 2702 recipit.
1919 2631 2024 2687 Sed

454 2730 906 2801 quemadmodum
949 2733 1109 2781 creat
1168 2724 1531 2788 mirabiliter,
1586 2723 1856 2793 longeque
1920 2722 2027 2776 alio

456 2835 618 2890 quam
671 2827 855 2872 nostra
902 2814 1237 2871 consuetudo
1270 2814 1375 2867 fert
1407 2812 1587 2879 modo,
1644 2812 1718 2866 ita
1756 2812 1916 2866 etiam
1943 2824 2028 2879 ge-

437 2920 613 2966 ‘nerat
636 2925 702 2965 ex
736 2922 797 2964 se
827 2906 930 2961 alia
965 2905 1174 2960 ratione
1201 2917 1364 2973 quam
1397 2917 1520 2958 nos.

460 3044 720 3113 Exempla
770 3041 1124 3113 particulatim
1168 3037 1496 3113 declargntia
1534 3053 1635 3105 quo
1662 3046 1814 3113 pacto
1855 3036 2029 3094 Filius

689 3107 820 3170 citra
849 3111 1234 3182 separatione»:
1272 3125 1301 3163 ε
1335 3107 1492 3162 Patre
1515 3110 1790 3176 processit.

531 3248 723 3305 Sermo
751 3244 1145 3306 enuntiativus,
1178 3257 1286 3311 quo
1319 3241 1543 3306 utimur,
1579 3241 1632 3295 in
1669 3250 1853 3298 mente
1882 3251 1936 3298 et
1963 3257 2029 3297 ex
2056 3235 2098 3291 C

458 3351 641 3395 mente
667 3336 928 3407 gignitur,
960 3345 1122 3404 atque
1146 3333 1286 3388 alius
1309 3333 1528 3403 quidem
1569 3331 1784 3387 videtur
1807 3347 1930 3388 esse
1962 3334 2030 3386 ab

458 3445 525 3485 eo
561 3429 652 3498 qui
694 3427 748 3481 in
790 3425 952 3481 corde
985 3423 1245 3496 agitatur,
1277 3432 1547 3493 quatenus
1579 3432 1736 3478 extra
1769 3437 1834 3478 os
1863 3423 2028 3478 veluti

458 3537 490 3578 e
519 3519 760 3575 tenebris
791 3519 846 3572 in
877 3515 1052 3571 lucem
1082 3514 1350 3569 emittitur
1376 3529 1391 3579 ;
1423 3521 1508 3570 est
1537 3521 1718 3570 autem
1756 3529 1946 3569 rursus
1979 3515 2029 3568 in

459 3629 547 3677 eo,
573 3611 873 3680 similisque
911 3609 958 3664 ei
1010 3617 1094 3662 est
1133 3622 1230 3676 per
1263 3607 1467 3662 omnia.
1505 3607 1560 3661 In
1604 3620 1853 3662 sermone
1883 3605 2030 3661 enim

459 3704 674 3759 videtur
714 3699 972 3771 cogitatio
1003 3697 1205 3760 cordis,
1230 3705 1284 3751 et
1322 3712 1509 3752 rursus
1547 3697 1598 3750 in
1629 3704 1810 3750 mente
1851 3710 2033 3751 sermo

460 3795 698 3852 nondum
750 3789 1018 3862 loquendo
1055 3803 1373 3866 expressus.
1401 3787 1477 3841 Ita
1518 3787 1680 3843 etiam
1717 3786 1884 3842 Filius
1918 3785 2033 3850 Dei,

461 3891 665 3959 absque
707 3883 1057 3956 separatione
1101 3897 1131 3936 e
1174 3879 1336 3936 Patre
1385 3879 1704 3952 procedens,
1751 3877 1864 3951 ἥδ
1906 3877 2035 3933 cha-

460 3991 641 4036 racter
669 3988 752 4035 est
777 3985 828 4032 et
854 3990 1113 4046 expressa
1144 3974 1316 4045 ﬁgura
1345 3971 1695 4044 proprietatis
1717 3987 1828 4026 sua:
1854 3989 1867 4025 :
1901 3971 2035 4026 Ver-

457 4073 584 4128 bum
622 4070 766 4126 enim
815 4077 900 4125 est
939 4066 1280 4138 bypostatice
1324 4064 1594 4120 exsistens
1639 4070 1695 4119 et
1739 4061 1928 4117 vivens
1967 4077 2033 4116 ex

459 4165 580 4218 vivo
612 4161 792 4216 Patre.

1136 4283 1361 4342 ALIUD.

532 4401 608 4456 Ita
641 4398 826 4470 genuit
847 4413 914 4454 ex
942 4411 1000 4454 se
1030 4395 1192 4452 Pater
1214 4397 1409 4451 Filium
1441 4397 1647 4466 absque
1672 4397 2035 4466 separatione,

2558 529 2761 588 AAAU,
2793 519 3246 592 διηγηματικῶς.

2195 642 2254 694 '0
2284 642 2471 712 Πατὴρ
2505 639 2802 709 ἐξέλαμψεν
2851 636 2910 702 ἐξ
2950 634 3145 690 ἑαυτοῦ
3178 635 3268 688 τὸν
3322 634 3450 687 Υίὸν
3499 635 3686 707 ἀμερί-

2116 750 2254 796 στως
2295 750 2354 785 τε
2393 733 2487 785 καὶ
2515 729 2870 791 ἁδιαστάτως,
2913 726 3103 796 ὥσπερ
3141 720 3234 779 οὖν
3263 725 3356 778 καὶ
3392 727 3420 778 ὁ
3446 725 3596 796 ἥλιος
3636 725 3698 778 τδ

2115 821 2174 888 ἐξ
2212 820 2378 874 αὐτοῦ
2421 819 2771 891 πεμπόμενον
2812 816 3179 886 ἀπαύγασμα.
3218 815 3356 868 Ἀλλ’
3390 815 3568 869 ἐκεῖνο
3599 816 3702 886 μὲν

2114 913 2214 966 οὐκ
2259 910 2624 965 ίδιοσύστατον
2666 908 2786 962 οὐδὲ
2814 908 2912 978 τὴν
2943 907 3132 960 οὐσίαν
3161 905 3374 970 ἐντελὲς
3406 906 3539 959 αὐτὸ
3570 905 3700 960 καθ’

2115 1003 2280 1058 αὐτό·
2314 1003 2427 1073 ἔχει
2479 1001 2588 1072 γὰρ
2635 1002 2691 1054 ὲν
2733 997 2810 1070 τῷ
2845 998 2983 1069 ἡλίῳ
3022 997 3084 1050 τὸ
3130 992 3305 1051 εἶναι·
3343 997 3404 1049 τὸ
3448 996 3506 1050 δὲ
3555 997 3704 1050 θεῖον

2115 1095 2362 1165 γέννημα
2410 1093 2570 1164 μόνον
2621 1091 2744 1162 ἕχον
2791 1091 2857 1144 ὲκ
2899 1088 2992 1143 τοῦ
3042 1089 3490 1159 παραδείγματος
3525 1089 3587 1141 τὸ
3633 1089 3705 1141 ὲκ

2118 1183 2326 1255 Πατρὸς
2357 1181 2636 1254 προελθεῖν
2680 1179 2994 1250 ἁμερίστως
3024 1178 3121 1231 καὶ
3165 1177 3525 1242 ἀδιαστάτως,
3563 1177 3704 1229 ἰδίαν

2115 1274 2228 1345 ἔχει
2263 1274 2361 1344 τὴν
2395 1271 2628 1345 ὓπαρξιν
2656 1272 2717 1324 ού
2751 1268 3166 1340 κεχωρισμένην
3193 1268 3289 1322 τοῦ
3319 1267 3551 1338 Πατρδς,
3583 1259 3704 1322 ἀλλ’

2116 1369 2174 1420 ἐν
2209 1365 2382 1434 Πατρὶ
2412 1364 2506 1417 καὶ
2540 1361 2676 1434 μετὰ
2705 1361 2915 1432 Πατρὸς
2959 1360 3258 1430 νοουμένην
3292 1360 3390 1413 καὶ
3427 1360 3704 1430 ὑπάρχου-

2119 1473 2239 1512 σαν.
2267 1454 2340 1508 To
2368 1455 2424 1509 δὲ
2461 1454 2638 1522 λέγειν
2682 1455 2764 1506 ὅτι
2797 1450 2938 1522 τομὴ
2991 1451 3086 1504 καὶ
3133 1450 3388 1522 ἀποκοπή
3433 1453 3560 1521 περὶ
3601 1450 3704 1520 τὴν

2116 1549 2368 1621 γέννησιν
2417 1547 2582 1602 αὑτοῦ
2642 1547 2868 1616 γέγονε,
2926 1546 3122 1616 μανίας
3179 1546 3420 1615 ἀμέτρου
3478 1546 3704 1616 σημεῖόν

2118 1642 2284 1696 ἐστιν.
2327 1639 2545 1708 Ἐπειδὴ
2597 1639 2707 1709 γὰρ
2755 1640 2856 1692 οὐκ
2889 1639 2946 1691 ὲν
2993 1637 3144 1706 τόπῳ
3201 1637 3590 1708 περιείληπται
3642 1635 3704 1688 τὸ

2121 1730 2285 1795 θεῖον,
2323 1731 2443 1784 οὐδὲ
2471 1733 2528 1784 ὲν
2559 1734 2710 1801 τόπῳ
2739 1728 2964 1800 τοιούτῳ
2993 1729 3052 1782 τὸ
3089 1727 3148 1794 ἐξ
3180 1728 3364 1782 αὑτοῦ.
3413 1729 3486 1781 Τὸ
3532 1727 3589 1782 δὲ
3625 1727 3700 1796 μὴ

2119 1819 2178 1873 ὃν
2209 1821 2268 1873 ἐν
2295 1820 2462 1891 τόπῳ,
2507 1821 2538 1891 ἢ
2573 1822 2665 1874 καὶ
2702 1820 2776 1892 μὴ
2821 1815 2960 1873 εἶναι
3005 1819 3323 1889 δυνάμενον,
3359 1819 3477 1882 πῶς
3521 1818 3700 1870 emat-

2121 1928 2273 1982 χεται
2317 1911 2613 1982 μερισμόν;
2660 1912 2759 1964 Ποῖ
2818 1911 2926 1982 γὰρ
2965 1912 3207 1981 χωρήσει
3237 1911 3297 1963 τὸ
3329 1894 3700 1980 τεμνόμενον;

2122 2005 2154 2075 ἢ
2184 2007 2248 2057 ὲκ
2275 2003 2416 2067 τίνος
2442 2005 2520 2066 είς
2548 2005 2600 2055 τί
2634 2005 3014 2074 μετοιχήσεται
3042 2020 3056 2068 ;
3087 2003 3260 2056 ταῦτα
3290 2002 3396 2072 γὰρ
3433 2003 3704 2071 σωμάτων

2127 2094 2225 2165 μὲν
2259 2095 2396 2160 ἴδια,
2431 2095 2528 2163 τῆς
2570 2094 2627 2148 δὲ
2657 2095 2948 2165 ἀσωμάτου
2987 2094 3200 2163 φύσεως
3243 2091 3519 2154 παντελῶς
3548 2092 3707 2145 ἀλλό-

2122 2203 2269 2258 τρια.
2304 2185 2396 2256 Μὴ
2427 2185 2605 2238 τοίνυν
2629 2183 2905 2247 δυσσεϐῶς
2937 2182 3361 2238 άναπλάττωσάν
3391 2198 3538 2244 τινες
3572 2182 3706 2251 περὶ

2122 2277 2224 2349 τὴν
2267 2277 2418 2331 θείαν
2464 2277 2715 2346 γέννησιν
2756 2276 2854 2340 τάς
2882 2293 2942 2329 τε
2994 2277 3331 2345 καλουμένας
3361 2271 3704 2346 ἀπορροίας,

2126 2368 2221 2421 καὶ
2257 2374 2579 2439 μερισμοὺς,
2624 2369 2720 2421 καὶ
2749 2367 2848 2420 ὅσα
2883 2368 3022 2439 πρὸς
3062 2367 3234 2420 ταῦτα
3259 2367 3356 2437 τὴν
3385 2366 3708 2434 συγγένειαν

2126 2457 2258 2527 ἔχει.
2293 2459 2440 2511 Ἀνω
2487 2459 2596 2527 γὰρ
2631 2456 2838 2520 πάθους
2872 2457 2968 2510 καὶ
3004 2455 3276 2528 μερισμοῦ
3309 2456 3402 2510 καὶ
3433 2456 3635 2526 τομῆς,
3675 2457 3705 2524 ή

2126 2547 2234 2601 τῶν
2265 2547 2481 2601 πάντων
2521 2549 2889 2618 ὑπερκειμένη
2920 2546 3103 2616 φύσις,
3132 2548 3227 2601 καὶ
3265 2548 3365 2600 οὐκ
3400 2546 3698 2610 ὲπιδέξεται

2126 2637 2197 2692 τὰ
2245 2639 2512 2708 σωμάτων
2544 2639 2670 2692 ἴδια.
2715 2639 2854 2692 Ἀλλ’
2885 2640 3076 2710 ὥσπερ
3116 2640 3443 2711 δημιουργεῖ
3470 2638 3697 2709 παραδό-

2129 2729 2268 2796 ξως,
2311 2729 2372 2782 οὐ
2403 2729 2544 2784 κατὰ
2587 2731 2678 2784 τὸν
2724 2732 2824 2801 τῆς
2867 2732 3176 2802 κρατούσης
3230 2732 3361 2803 παρ’
3406 2734 3540 2803 ἡμῖν
3582 2749 3703 2784 συν-

2126 2821 2315 2893 ηθείας
2347 2823 2528 2893 νόμον,
2559 2824 2702 2878 οὕτω
2732 2826 2825 2878 καὶ
2863 2825 3113 2894 γεννήσει
3141 2824 3201 2877 τὸ
3235 2824 3293 2890 ἐξ
3336 2824 3509 2894 αὐτῆς
3549 2823 3708 2891 ξένιος

2128 2911 2163 2984 ἢ
2190 2911 2310 2966 καθ’
2339 2912 2519 2984 ἡμῶν.

2143 3045 2579 3117 Ὑποδείγματα
2644 3048 2900 3114 μερικῶς
2970 3047 3347 3117 σημαίνοντα
3416 3045 3514 3117 τὸ,

2273 3116 2609 3186 ἀμερίστως
2636 3119 2704 3170 ἐκ
2746 3117 2977 3184 Πατρός
3012 3116 3320 3184 προῆλθεν
3351 3118 3384 3168 ὀ
3418 3116 3572 3180 Υἱός.

3593 3043 3714 3110 πῶς

2214 3249 2271 3303 Ὀ
2325 3249 2476 3318 λόγος
2514 3242 2667 3313 οὗτος
2715 3250 2742 3301 ό
2782 3248 3114 3320 προφορικὸς
3160 3243 3204 3316 ᾧ
3253 3247 3605 3319 κεχρήμεθα,
3640 3247 3716 3309 εἰς

2133 3340 2256 3395 νοῦν
2287 3341 2382 3396 καὶ
2413 3342 2478 3394 ὲκ
2510 3340 2599 3396 νοῦ
2643 3343 2921 3412 γεννᾶται,
2955 3345 3048 3396 καὶ
3087 3343 3235 3396 δοκεῖ
3269 3343 3368 3413 μὲν
3409 3343 3596 3412 ἕτερος
3642 3338 3718 3394 εἷ-

2135 3449 2222 3485 ναι
2253 3431 2404 3503 παρὰ
2433 3432 2524 3484 τὸν
2553 3433 2612 3486 ἐν
2640 3431 2837 3502 καρδίᾳ
2877 3436 3264 3503 στρεφόμενονς
3299 3431 3437 3484 καθὸ
3469 3432 3574 3498 ἔξω
3604 3431 3720 3484 στό-

2139 3538 2306 3592 ματος
2359 3521 2599 3590 γίγνεται
2645 3521 2997 3592 πεμπόμενος
3040 3521 3229 3591 ὥσπερ
3280 3523 3344 3573 ὲκ
3400 3521 3598 3591 βάθους
3641 3522 3721 3581 είς

2135 3612 2269 3682 φῶς.
2304 3613 2458 3665 Ἔστι
2490 3613 2546 3665 δὲ
2585 3612 2745 3666 πάλιν
2778 3613 2834 3665 ἐν
2864 3611 3034 3682 αὐτῷ,
3067 3614 3161 3665 καὶ
3188 3615 3372 3683 ὅμοιος
3403 3613 3552 3682 αύτῷ
3581 3614 3719 3666 κατὰ

2136 3703 2332 3758 πάντα.
2360 3704 2514 3757 Ἔστι
2556 3705 2665 3775 γὰρ
2697 3704 2822 3757 ἰδεῖν
2867 3706 2924 3756 ὲν
2954 3705 3103 3775 αὐτῷ
3139 3704 3283 3776 λόγῳ
3316 3705 3405 3759 τὸν
3437 3707 3495 3759 ὲν
3525 3705 3720 3775 καρδίᾳ

2135 3793 2402 3864 κληθέντα
2431 3795 2711 3866 λογισμὸν,
2739 3797 2832 3849 καὶ
2858 3795 3021 3849 πάλιν
3051 3798 3108 3849 ὲν
3140 3795 3216 3868 τῷ
3238 3796 3314 3868 νῷ
3342 3797 3430 3850 τὸν
3456 3798 3615 3866 λόγον
3641 3796 3718 3848 ἔτι

2138 3890 2511 3963 σιωπώμενον.
2554 3891 2710 3946 Οὕτω
2745 3893 2838 3948 καὶ
2869 3895 2895 3947 ό
2929 3891 3059 3956 Υἱὸς
3093 3891 3183 3945 τοῦ
3217 3893 3377 3957 Θεοῦ,
3408 3894 3717 3964 ἀμερίστως

2135 3986 2201 4039 ὲκ
2224 3983 2437 4056 Πατρὸς
2460 3983 2758 4054 προελθὼν,
2779 3985 3067 4055 χαρακτήρ
3087 3985 3203 4037 ἐστι
3230 3985 3324 4038 καὶ
3345 3984 3593 4055 ὁμοίωμα
3623 3985 3720 4054 τῆς

2140 4079 2398 4151 ἰδιότητος
2444 4078 2629 4142 αὐτοῦ,
2658 4077 2826 4145 Λόγος
2857 4075 2934 4130 ὣν
2980 4076 3349 4140 ὲνυπόστατος
3397 4077 3490 4130 καὶ
3523 4074 3629 4140 ζῶν
3659 4078 3721 4129 ὲκ

2138 4171 2335 4236 ζῶντος
2374 4173 2488 4226 Ila-1:
2497 4170 2605 4242 ρός.

2822 4305 3027 4358 AAAO.

2209 4418 2396 4482 Οὕτως
2457 4417 2748 4489 ἐγέννησεν
2797 4417 2858 4482 ἐξ
2911 4417 3104 4471 ἑαυτοῦ
3155 4417 3247 4470 τὸν
3294 4417 3422 4470 Υίὺν
3467 4417 3495 4469 ὁ
3531 4415 3720 4486 Πατὴρ

461 4509 526 4548 ac
557 4493 602 4547 si
632 4490 848 4558 sapiens
874 4486 1074 4556 aliquis
1115 4489 1301 4556 gignat
1335 4487 1551 4557 aliquod
1590 4489 1891 4552 inventum,
1921 4489 2028 4544 sive

2139 4486 2595 4578 dpepiotwg,dac
2631 4486 2696 4560 διν
2728 4509 2778 4560 εί
2821 4508 2984 4576 σοφὸς
3016 4507 3275 4560 ἁποτέκοι
3322 4507 3497 4577 νόημα
3534 4505 3718 4574 σοφὸν,

464 4580 862 4643 mechanicum,
900 4579 1013 4633 sive
1040 4579 1453 4647 geometricum,
1490 4579 1604 4634 sive
1638 4577 1901 4646 ejusmodi
1932 4579 2028 4633 ali-

2141 4577 2450 4666 μηχανικὴν
2495 4594 2679 4663 τυχὸν,
2727 4595 3157 4666 ἣγεωμετρίαν,
3205 4595 3239 4666 ἢ
3285 4595 3470 4666 ἕτερόν
3512 4613 3564 4648 τι
3614 4595 3722 4648 τῶν

460 4672 608 4745 quid.
637 4669 901 4725 Videntur
927 4668 1072 4722 enim
1105 4668 1507 4737 quodammodo
1531 4669 1812 4739 sapientiae
1830 4670 2036 4726 fructus

460 4781 602 4830 esse,
631 4771 794 4832 atque
822 4760 893 4814 ita
928 4767 1125 4813 natura
1156 4772 1214 4814 se
1259 4759 1493 4827 habent;
1523 4761 1673 4830 atqui
1708 4775 1814 4814 non
1841 4769 1924 4815 est
1953 4775 2038 4816 se-

461 4864 647 4925 parata
682 4869 712 4908 a
757 4849 1023 4920 sapientia
1069 4863 1158 4903 ars
1189 4864 1307 4918 quae
1354 4863 1420 4904 ex
1467 4864 1530 4905 ea
1564 4858 1648 4906 est
1686 4851 2035 4920 excogitata:

463 4946 557 5003 sed
588 4955 669 5004 est
708 4959 776 5001 ex
824 4943 938 5013 ipsa
974 4951 1028 4995 ct
1058 4941 1111 4994 in
1161 4942 1274 5010 ipsa
1301 4941 1581 5012 genitricis
1614 4957 1725 4997 suae
1749 4943 2036 5013 imaginem

463 5040 770 5107 exprimens
794 5076 810 5102 ,
861 5043 918 5090 et
952 5033 1088 5089 citra
1129 5035 1532 5104 separationem
1570 5035 1716 5090 aliud
1758 5037 2036 5107 quidpiam

468 5143 591 5184 esse
616 5129 847 5182 videtur.
872 5127 953 5182 lta
997 5135 1051 5180 et
1086 5127 1364 5198 generatio
1391 5126 1536 5194 Filii,
1565 5144 1688 5184 eum
1721 5129 1792 5184 sit
1830 5129 2037 5198 absque

464 5221 807 5289 separatione
852 5233 918 5272 ex
959 5217 1138 5284 Patre,
1189 5222 1242 5274 in
1291 5235 1388 5276 sua
1434 5221 1710 5293 ltypostasi
1748 5230 2034 5285 servatur,

463 5317 624 5383 longe
652 5323 831 5366 tamen
875 5309 1032 5377 hujus
1061 5313 1293 5382 exempli
1351 5313 1466 5366 sive
1497 5313 1870 5369 similitudinis
1929 5313 2036 5366 vim

461 5404 748 5459 excedens.

1133 5516 1363 5574 ALIUD.

532 5631 634 5699 Qui
659 5630 963 5684 divinorum
993 5628 1302 5698 dogmatnm
1325 5629 1610 5685 veritatem
1633 5642 1906 5702 quaerunt,
1930 5647 2034 5687 non

463 5724 517 5778 in
542 5723 810 5778 humanas
863 5719 1098 5774 rationes
1136 5720 1332 5775 mentis
1355 5720 1545 5776 oculos
1583 5723 1902 5789 conjiciunt.
1933 5721 2039 5776 Ne-

461 5829 568 5886 que
624 5814 751 5883 quia
786 5811 948 5872 Pater
984 5811 1168 5884 genuit
1218 5811 1414 5869 Filium
1441 5856 1455 5874 .
1519 5813 1880 5872 imminutum.
1910 5831 2033 5872 eum

2138 4685 2416 4739 τοιούτων.
2448 4689 2605 4740 Δοκεῖ
2639 4688 2737 4758 μὲν
2772 4687 2880 4758 γάρ
2921 4705 3038 4751 πως
3085 4688 3278 4757 σοφίας
3329 4683 3468 4741 εἶναι
3515 4688 3722 4758 καρπὸς

2139 4777 2205 4831 τὰ
2254 4777 2502 4841 τοιαῦτα,
2537 4781 2632 4830 καὶ
2675 4777 2848 4842 οὓτως
2877 4778 2991 4848 ἔχει
3022 4779 3120 4850 τὴν
3155 4778 3347 4848 φύσιν·
3381 4779 3495 4832 ἀλλ’
3529 4779 3589 4831 ού
3625 4797 3720 4849 με·

2144 4868 2395 4939 μέρισται
2424 4872 2522 4939 τῆς
2556 4869 2746 4938 σοφίας
2785 4872 2820 4940 ἡ
2855 4870 2912 4936 ἐξ
2940 4871 3112 4942 αὐτῆς
3157 4870 3506 4940 ὲπινοηθεῖσα
3530 4870 3718 4939 τέχνη·

2139 4959 2252 5012 ἀλλ’
2276 4959 2424 5013 ἔστιν
2458 4960 2516 5026 ἐξ
2552 4960 2723 5029 αὐτῆς
2763 4961 2858 5014 καὶ
2895 4961 2952 5016 ὲν
2988 4960 3124 5033 αὐτῇ
3157 4961 3254 5032 τὴν
3293 4961 3559 5014 τεκοῦσαν
3587 4961 3725 5026 ἐξει-

2139 5051 2450 5117 κονίζουσα,
2492 5052 2586 5104 καὶ
2624 5051 2936 5123 ἀμερίστως
2965 5053 3150 5125 ἔτερόν
3182 5072 3234 5106 τι
3275 5055 3403 5124 παρ’
3439 5054 3609 5124 αὐτὴν
3645 5048 3723 5105 εἷ-

2140 5159 2228 5194 ναι
2253 5141 2505 5197 δοκοῦσα.
2532 5143 2716 5207 Οὕτως
2740 5147 2772 5214 ἡ
2798 5143 2928 5197 Υίοῦ
2955 5145 3228 5213 γέννησις,
3257 5145 3568 5216 ἀμερίστως
3592 5140 3651 5197 οὗ
3664 5161 3727 5197 σα

2140 5231 2204 5284 ὲκ
2248 5233 2481 5302 Πατρδς,
2513 5235 2568 5286 ὲν
2604 5234 2708 5305 ἰδία
2738 5233 3034 5287 ὑποστάσει
3081 5235 3333 5299 σώζεται,
3366 5238 3464 5305 τὴν
3497 5235 3591 5288 τοῦ
3624 5252 3729 5288 πα-

2144 5321 2500 5394 ραδείγματος
2530 5325 2900 5396 ὑπεραίρουσα
2931 5325 3179 5396 δύναμιν.

2831 5529 3033 5582 ΑΛΛΟ.

2211 5640 2275 5692 Οἱ
2305 5639 2404 5711 τὴν
2428 5642 2485 5693 ὲν
2513 5641 2624 5704 τοῖς
2651 5640 2814 5706 θείοις
2842 5643 3074 5714 δόγμασι
3101 5643 3388 5714 ζητοῦντες
3417 5643 3722 5712 ἀκρίϐειαν,

2140 5733 2200 5786 οὐ
2231 5733 2350 5794 ταῖς
2381 5729 2746 5801 ἀνθρωπίναις
2776 5734 3172 5798 ὲνατενίζουσιν
3199 5733 3564 5795 ἀκολουθίαις.
3591 5734 3724 5788 Οὐδὲ

2144 5823 2331 5894 ἐπειδὴ
2372 5823 2667 5894 γεγέννηκε
2721 5825 2811 5881 τὸν
2865 5826 2990 5880 Υἱὸν
3027 5827 3054 5878 ό
3100 5824 3322 5894 Πατὴρ,
3376 5823 3723 5893 ἠλαττῶσθαι
