4056 6264
334 362 400 420 81
1751 345 2189 406 ΤΗΕδᾹΠΒΗΞ.
2722 355 2726 360 ’
3538 334 3608 391 82

332 485 599 556 φήσουσιν
645 482 836 547 αὐτὸν,
864 482 944 545 ὡς
975 481 1051 545 εἰς
1099 480 1268 535 δυάδα
1321 474 1722 551 μεμερισμένον
1759 468 1932 544 (οὗτος

2038 472 2294 532 ceusent,
2315 461 2539 535 perinde
2573 473 2637 516 ac
2685 457 2730 516 si
2786 460 2838 513 in
2885 455 3203 514 dualitatem
3232 455 3434 511 divisus
3465 463 3610 510 esset

331 575 441 645 γὰρ
475 575 588 635 τοῖς
627 571 1018 643 χριστομάχοις
1046 571 1074 622 ὁ
1103 570 1304 638 λόγος),
1333 567 1458 622 οὔτε
1494 566 1600 637 μὴν
1627 563 1929 634 άπόρροιάν

330 682 462 718 τινα
503 662 796 732 γίγνεσθαι
848 663 975 733 περὶ
1025 662 1122 732 τὴν
1186 661 1378 714 οὐσίαν
1437 655 1604 714 αὑτοῦ
1654 656 1924 728 νομιοῦσι.

333 755 530 809 Ταῦτα
564 755 675 825 γάρ
704 755 787 823 ἐφ’
827 753 985 825 ἡμῶν
1017 753 1117 823 μὲν
1151 751 1444 807 ἀκόλουθον
1475 752 1678 804 ἐννοεῖν
1702 766 1714 778 °
1747 748 1841 802 ἐπὶ
1871 747 1928 801 δὲ

334 844 478 897 Θεοῦ
510 845 632 898 λίαν
655 843 866 907 ἀσεϐές.
893 842 1162 896 Φευκτέον
1185 839 1474 913 τοιγαροῦν
1501 840 1602 912 τὴν
1631 841 1690 894 ἐν
1715 837 1930 900 τούτοις

340 936 600 999 ἀτοπίαν,
631 936 719 992 καὶ
751 935 972 1006 νοητὲον
1008 935 1150 989 οὕτω
1184 932 1539 1004 γεγεννῆσθαι
1569 931 1662 985 τὸν
1694 930 1822 984 Υἱὺν
1866 931 1931 984 ἐκ

343 1029 442 1082 τοῦ
492 1029 727 1100 Πατρός,
761 1029 837 1092 ὡς
872 1028 1068 1097 σοφίαν
1109 1029 1175 1082 ἐκ
1219 1027 1332 1092 νοῦ,
1375 1027 1408 1097 ἢ
1449 1025 1544 1079 καὶ
1595 1023 1690 1078 τοῦ
1737 1022 1930 1092 γεννήμ-

347 1137 539 1183 σαντος
562 1120 661 1185 ἔξω
690 1137 805 1183 πως
838 1118 1094 1188 γενέσθαι
1116 1118 1348 1172 δοκοῦσα
1378 1116 1518 1172 κατά
1539 1117 1639 1188 τὴν
1668 1115 1931 1184 ἕκφανσιν

348 1212 533 1283 αὐτῆς,
563 1212 722 1266 πάλιν
751 1211 898 1267 ἐστιν
924 1213 983 1265 ἐν
1010 1211 1180 1281 αὐτῷ,
1203 1211 1265 1264 οὐ
1297 1208 1715 1282 μεμερισμένως
1747 1207 1932 1280 προελ-

348 1303 528 1357 θοῦσα.
577 1303 716 1357 Οὔτε
757 1304 867 1376 μὴν
916 1301 1216 1374 ἀπόρροιάν
1253 1319 1376 1355 τινα
1440 1299 1692 1370 γενέσθαι
1748 1315 1929 1370 παραν-

346 1396 658 1449 σκευάσασα
690 1395 940 1466 περὶ⁹τὸν
970 1393 1096 1448 νοῦν
1121 1395 1212 1447 τὸν
1254 1394 1704 1463 άπογεννήσαντα
1739 1389 1928 1460 αὐτὴν,

342 1486 454 1538 ἀλλ’
479 1487 538 1539 ἐν
570 1487 856 1559 ὁλοκλήρῳ
882 1487 1216 1542 καταστάσει
1253 1485 1572 1556 τηρήσασα,
1603 1482 1698 1536 καὶ
1728 1481 1848 1535 ὅλον
1877 1482 1932 1534 ἐν

307 1627 312 1630 .
341 1578 506 1648 ἑαυτῇ
537 1577 929 1649 ζωγραφοῦσα,
966 1579 1060 1633 καὶ
1088 1577 1338 1650 ὁρωμένη
1374 1576 1537 1631 πάλιν
1570 1577 1627 1628 ἐν
1651 1573 1821 1644 αὐτῷ.

1041 1787 1239 1842 ΔΛΛΟ.

429 1894 687 1950 Τοιοῦτον
732 1895 881 1951 ἔσται
929 1897 989 1951 τὸ
1042 1897 1349 1969 γεννητικὸν
1397 1897 1491 1951 τοῦ
1539 1897 1695 1961 Θεοῦ,
1748 1897 1934 1950 ὁποῖον

360 1986 426 2038 ἄν
479 2003 563 2050 τις
604 1987 855 2042 ὑπολάϐοι
917 1988 1010 2042 καὶ
1041 1990 1101 2044 τὸ
1149 1990 1558 2061 δημιουργικόν.
1586 1991 1798 2060 Ὂνπερ
1827 1987 1936 2059 γὰρ

354 2075 547 2142 τρόπον
567 2075 730 2130 πολλὰ
750 2078 845 2129 καὶ
863 2077 1094 2150 διάφορα
1116 2081 1486 2154 δημιουργῶν,
1508 2082 1606 2135 οὐκ
1627 2083 1706 2146 εἰς
1727 2080 1935 2134 ἕκαστα

346 2165 449 2217 τῶν
489 2167 797 2238 γινομένων
835 2169 1120 2240 μερίζεται
1180 2172 1324 2226 κατὰ
1359 2173 1458 2243 τὴν
1501 2173 1706 2237 οὐσίαν,
1754 2172 1934 2226 καίτοι

337 2255 615 2325 διαφόρως
667 2259 914 2328 ἐνεργῶν
949 2260 1031 2327 ἐφ’
1065 2260 1317 2330 ἑκάστῳ,
1363 2261 1498 2314 ἀλλὰ
1543 2261 1629 2314 διὰ
1679 2261 1806 2332 μιᾶς
1839 2258 1935 2312 καὶ

343 2345 593 2415 ἀρρήτου
632 2345 923 2415 δυνάμεως
964 2347 1034 2400 τὰ.
1069 2349 1247 2400 πάντα
1288 2348 1630 2420 δημιουργεῖ,
1661 2351 1800 2402 οῦτω
1839 2349 1934 2403 καὶ

349 2436 542 2504 γεννᾷ,
576 2435 639 2488 οὐ
677 2436 1056 2506 μεριζόμενος,
1086 2437 1164 2500 ὡς
1202 2438 1393 2491 ἐκεῖνοί
1427 2456 1574 2507 φασι.
1601 2441 1706 2492 Καὶ
1741 2440 1929 2494 πάλιν·

355 2523 574 2592 ’Ὠσπερ
612 2522 676 2574 τὸ
723 2523 948 2594 Πνεῦμα
991 2525 1052 2578 τὸ
1084 2526 1243 2594 ἅγιον
1273 2527 1334 2578 οὐ
1377 2527 1636 2598 μερισμὸν
1684 2528 1932 2598 ὑπομένει

349 2615 480 2684 περὶ
521 2614 624 2684 τὴν
659 2616 874 2681 οὐσίαν,
906 2617 1196 2687 διαφόρους
1241 2617 1521 2687 ἐκπέμπον
1557 2621 1680 2682 τοὺς
1722 2621 1781 2673 ἐν
1821 2623 1934 2684 τοῖς

344 2707 654 2776 χαρίσμασι
684 2707 927 2778 τρόπους
958 2709 1049 2761 καὶ
1084 2709 1220 2779 πρὸς
1249 2709 1309 2760 τὸ
1339 2709 1565 2762 ἑκάστου
1591 2711 1789 2781 μέτρον
1823 2715 1936 2775 τοῖς

343 2795 513 2861 άξὲοις
542 2797 840 2868 χορηγοῦν,
876 2799 992 2851 ἀλλ’
1014 2799 1159 2852 ἔστιν
1191 2799 1250 2852 ἒν
1281 2801 1376 2853 καὶ
1413 2800 1472 2854 τὸ
1508 2801 1638 2854 αὐτὸ
1672 2802 1937 2866 ποικίλως

350 2891 440 2944 καὶ
483 2889 714 2954 ἀπαθῶς
757 2891 816 2943 ἐν
852 2893 1015 2944 πᾶσιν
1057 2891 1333 2963 ἐνεργοῦν,
1376 2891 1517 2946 οὕτω
1549 2893 1643 2946 καὶ
1676 2893 1776 2965 τὴν
1814 2911 1937 2962 γενο

351 2981 570 3052 νητικὴν
596 2982 788 3036 οὐσίαν
815 2982 908 3036 τοῦ
940 2983 1072 3036 Θεοῦ
1101 2984 1200 3037 οὐκ
1237 2984 1302 3038 ἄν
1333 3001 1416 3048 τις
1443 2984 1551 3038 τῶν
1581 2980 1640 3038 εὖ
1675 2985 1939 3056 φρονούν-

359 3087 462 3125 των
485 3071 778 3127 ἀδικεῖσθαι
802 3073 1079 3145 φήσειενῆ
1115 3074 1404 3146 μερισμὸν,
1429 3075 1462 3145 ἦ
1490 3075 1791 3149 άπόρῤοιάν
1817 3094 1938 3129 τινα

2039 562 2135 631 (ita
2166 559 2310 616 enim
2355 558 2537 613 hostes
2565 552 2657 609 Dei
2697 549 3038 622 opinantur),
3070 562 3172 604 nec
3197 547 3466 602 datiuum
3513 545 3610 600 ali-

2034 665 2196 720 quem
2246 649 2298 702 in
2341 647 2525 701 divina
2565 643 2802 699 essentia
2848 639 3241 710 imaginantur.
3290 636 3418 692 Hazc
3464 636 3607 690 enim

2032 742 2176 797 sicut
2211 741 2277 794 de
2304 737 2460 793 nobis
2483 750 2611 791 vere
2657 734 2762 789 dici
2801 739 3064 802 possunt,
3092 730 3164 784 ita
3197 731 3262 784 de
3295 728 3404 782 Deo
3446 727 3610 796 impie

2032 831 2359 901 cogitantur.
2393 825 2721 883 Detestanda
2749 825 2911 895 igitur
2946 833 3031 880 est
3064 823 3179 877 haec
3201 817 3610 881 absurditas,et

2036 919 2385 977 statuendum
2407 917 2565 973 nobis
2591 923 2676 971 est
2707 916 2782 970 ita
2811 930 2874 970 ex
2909 912 3073 970 Patre
3098 911 3339 983 genitum
3372 922 3490 964 esse
3518 907 3610 962 Fi-

2029 1013 2183 1080 lium,
2207 1020 2266 1066 ut
2292 1009 2614 1081 sapientiam
2635 1023 2700 1064 ex
2734 1016 2912 1063 mente
2943 1020 3100 1076 :quaa
3125 1012 3187 1061 et
3215 999 3611 1073 quodammodo

2031 1114 2186 1162 extra
2215 1103 2519 1174 genitorem
2571 1113 2693 1156 esse
2742 1099 2978 1162 videtur,
3008 1095 3219 1151 ratione
3246 1090 3610 1164 expressionis

2033 1197 2149 1252 sive
2175 1191 2694 1265 repraesentatiouis,
2725 1197 2778 1244 et
2804 1203 2996 1243 rursus
3032 1187 3086 1242 in
3122 1187 3239 1258 ipso
3267 1194 3374 1250 est,
3399 1199 3503 1238 non
3529 1197 3612 1237 se-

2034 1283 2264 1353 paratim
2299 1294 2608 1354 progressa.
2641 1276 2830 1348 Neque
2856 1274 3100 1331 denuxus
3139 1274 3338 1344 aliquis
3383 1282 3474 1326 aut
3520 1272 3613 1326 im-

2034 1377 2265 1432 minutio
2303 1375 2468 1430 menti
2508 1387 2629 1444 qua:
2669 1369 2814 1426 illam
2851 1369 3036 1440 genuit
3089 1369 3213 1423 inde
3259 1367 3476 1430 accidit,
3519 1365 3613 1421 sed

2036 1471 2247 1541 integra
2291 1466 2488 1522 mentis
2538 1463 2884 1522 conservatio
2927 1462 3213 1526 retinetur,
3257 1468 3312 1513 et
3349 1457 3610 1527 sapientia

2038 1559 2299 1630 integram
2335 1556 2480 1612 illam
2507 1556 2560 1610 in
2583 1570 2642 1613 se
2663 1554 2930 1627 depingit,
2951 1563 3006 1609 et
3027 1553 3080 1607 in
3107 1550 3198 1607 illa
3228 1549 3466 1606 vicissim
3494 1562 3611 1603 cer-

2039 1653 2203 1705 nitur.

2709 1757 2942 1814 ALIUD.

2109 1871 2256 1927 Talis
2293 1871 2394 1927 est‘
2419 1870 2726 1942 generativa
2777 1869 3004 1926 incultas
3071 1869 3186 1932 Dei,
3227 1868 3441 1937 qualem
3477 1865 3613 1935 .qnis

2037 1965 2198 2022 etiam
2230 1963 2526 2020 creativam
2555 1978 2676 2018 esse
2709 1963 2988 2019 statuerit.
3020 1960 3221 2017 Eodem
3261 1959 3409 2015 enim
3451 1957 3612 2015 modo

2037 2067 2198 2128 atque
2229 2057 2395 2112 multa
2422 2072 2486 2112 ac
2509 2056 2720 2113 diversa
2743 2069 2958 2120 creans,
2979 2068 3084 2109 non
3119 2061 3296 2107 tamen
3317 2050 3612 2106 secundum

2038 2149 2330 2205 essentiam
2356 2163 2510 2206 suam
2539 2149 2593 2204 in
2623 2147 2832 2220 singula
2858 2157 3039 2203 creata
3069 2145 3353 2208 dividitur,
3393 2141 3611 2197 tametsi

2037 2241 2396 2298 diversimode
2451 2242 2505 2296 iu
2557 2241 2638 2299 eis
2678 2248 2953 2311 operetur,
2993 2240 3087 2295 sed
3129 2251 3225 2308 per
3251 2251 3414 2291 unam
3451 2242 3613 2303 atque

2039 2332 2365 2390 ineffabilem
2413 2335 2712 2406 potentiam
2751 2341 2942 2390 cuneta
2988 2341 3172 2399 creat;
3217 2331 3287 2384 ita
3325 2327 3489 2384 etiam
3526 2342 3610 2394 ge-

2040 2433 2218 2492 nerat,
2287 2439 2394 2480 non
2458 2425 2684 2490 divisus,
2739 2432 2796 2478 ut
2843 2424 2920 2478 illi
2993 2423 3201 2478 volunt.
3254 2420 3322 2474 Et
3378 2432 3608 2475 rursus:

2038 2516 2505 2585 Quemadmodum
2533 2516 2770 2587 Spiritus
2803 2523 3025 2572 sanctus
3057 2513 3260 2568 nullam
3289 2512 3341 2566 in
3373 2510 3613 2566 essentia

2038 2611 2436 2681 separationem
2475 2610 2644 2678 subit,
2687 2608 2934 2679 quamvis
2981 2606 3211 2662 diversis
3247 2605 3422 2660 modis
3474 2605 3613 2658 dona

2040 2719 2137 2759 sua
2189 2704 2424 2768 emittat,
2463 2711 2518 2758 et
2567 2716 2664 2772 pro
2709 2699 3137 2770 uniuscujusque
3183 2695 3400 2752 modulo
3437 2694 3616 2766 dignis

2041 2797 2337 2867 largiatur,
2383 2797 2524 2851 idem
2573 2805 2751 2850 tamen
2801 2806 2906 2858 est,
2940 2795 3192 2864 idemque
3221 2792 3390 2848 variis
3435 2789 3612 2846 modis

2042 2890 2175 2942 citra
2217 2887 2380 2942 ullam
2415 2887 2724 2956 passionem
2768 2887 2824 2941 in
2865 2884 2977 2958 49
3007 2883 3262 2940 omnibus
3303 2889 3608 2953 operatur;

2042 2978 2122 3033 sic
2155 2979 2319 3033 etiam
2353 2993 2514 3036 nemo
2550 2985 2696 3033 recte
2736 2978 2976 3033 sentiens
3007 2976 3205 3031 dixerit
3245 2973 3614 3044 generativam

2047 3067 2136 3124 Dei
2162 3070 2456 3127 essentiam
2497 3071 2751 3126 damnum
2787 3069 2957 3123 ullum
2984 3067 3254 3137 accipere,
3280 3075 3370 3119 aut
3397 3079 3615 3134 separa-

370 3161 575 3230 ¹ιταθεῖν,
599 3163 692 3216 ἕνα
718 3166 812 3218 καὶ
854 3164 1015 3236 μόνον
1053 3163 1114 3230 ἐξ
1142 3166 1341 3236 ἑαυτῆς
1383 3166 1742 3238 ἐκλάμψασαν
1786 3167 1934 3222 Υἱόν.

2045 3162 2244 3216 tionem
2282 3163 2444 3217 ullam
2482 3163 2565 3218 vel
2591 3161 2840 3216 ellluxum
2875 3162 3009 3232 pati,
3057 3173 3180 3216 cum
3212 3172 3352 3214 unus
3379 3171 3441 3214 ac
3468 3156 3614 3212 solus

1045 3364 1252 3418 AAAO.

641 3474 962 3542 Ἀντίθεσις
996 3477 1076 3544 ὡς
1102 3477 1170 3530 ἐκ
1201 3475 1322 3531 τῶν
1353 3479 1678 3549 Εὐνομίου.

425 3580 488 3634 El
540 3584 858 3656 γεγέννηκε,
906 3585 1094 3656 φησιν,
1126 3587 1184 3654 ἐξ
1232 3588 1426 3642 ἐαυτοῦ
1460 3589 1552 3643 τὸν
1595 3591 1720 3646 Υἱὸν
1758 3596 1786 3646 ὀ
1827 3595 1938 3648 Πα-

359 3672 476 3744 τὴρ,
505 3675 598 3727 καὶ
635 3675 782 3729 ἐστιν
818 3676 1008 3748 ἕτερος
1036 3680 1165 3750 παρ’
1191 3680 1352 3734 αὑτὸν
1387 3683 1443 3734 ἐν
1477 3682 1580 3754 ἰδίᾳ
1604 3701 1664 3737 τε
1692 3684 1768 3738 ὢν
1804 3687 1938 3741 ὑπο-

360 3766 562 3832 στάσει,
604 3771 698 3822 καὶ
735 3769 864 3823 Υἱοῦ
897 3771 1087 3843 Πατὴρ
1118 3772 1428 3844 νοούμενος,
1479 3777 1807 3848 μεμέρισται
1839 3780 1937 3850 δη-

357 3857 488 3926 λαδὴ
526 3860 620 3913 καὶ
659 3861 839 3915 πάντα
882 3865 950 3916 τὰ
991 3863 1086 3917 τοῦ
1130 3866 1371 3938 Πατρός,
1415 3868 1510 3921 καὶ
1553 3870 1652 3923 οὐκ
1690 3873 1746 3924 ἐν
1787 3872 1938 3942 αὐτῷ

360 3951 614 4019 μείναντα
663 3953 834 4024 μόνῳ,
873 3955 1010 4008 ἀλλὰ
1042 3957 1134 4009 καὶ
1163 3958 1240 4020 εἰς
1270 3958 1361 4011 τὸν
1400 3960 1548 4024 Υἰὸν,
1573 3961 1936 4033 διαϐεϐηκότα

357 4042 621 4108 φαίνεται.
654 4045 866 4099 Οὐκοῦν
898 4047 932 4118 ἢ
966 4047 1146 4102 οὐκέτι
1191 4049 1402 4104 τελείαν
1430 4050 1541 4122 ἔχει
1587 4053 1684 4123 τὴν
1719 4054 1879 4120 δόξαν
1909 4057 1937 4108 ό

355 4133 564 4205 Πατὴρ,
604 4138 1018 4209 μεμερισμένης
1061 4141 1152 4192 καὶ
1198 4141 1366 4212 αὐτῆς
1406 4144 1464 4194 ἐν
1497 4142 1574 4212 τῷ
1626 4143 1760 4214 Υιῷ,
1811 4143 1844 4215 ἢ
1885 4147 1934 4197 εἰ

352 4225 566 4279 τελείαν
603 4227 718 4296 ἔχει
747 4226 843 4298 τὴν
869 4228 1044 4293 δόξαν,
1072 4229 1366 4302 ἀποστερεί
1397 4233 1488 4286 τὸν
1520 4233 1668 4299 Υἱὸν,
1696 4234 1757 4286 τὸ
1786 4233 1936 4287 δοθὲν

351 4318 546 4390 ῶσπερ
589 4321 672 4383 εἰς
719 4320 908 4373 ἑαυτὸν
953 4318 1105 4385 αὖθις
1153 4323 1556 4377 ἐπανακλίνωνο
1590 4325 1684 4377 καὶ
1725 4326 1757 4394 ἡ
1804 4325 1939 4396 πρό-

351 4425 510 4477 τερον
541 4410 604 4462 ἐν
636 4408 827 4478 μονάδι
858 4408 1043 4481 θεότης
1072 4412 1283 4465 τελείαν
1312 4411 1514 4482 ἔχουσα
1541 4413 1715 4480 δόξαν,
1751 4415 1846 4468 νῦν
1876 4416 1934 4468 ἐν

2043 3269 2108 3308 ex
2137 3269 2199 3309 ea
2229 3253 2480 3324 eﬂulgeat
2502 3254 2687 3311 Filius.

2696 3366 2922 3422 ALIUD.

2511 3481 2745 3549 Objeclio
2776 3497 2840 3534 ex
2871 3480 3152 3534 Eunomio.
3219 3529 3225 3534 .

2114 3593 2170 3648 Si
2205 3593 2385 3659 Pater,
2440 3594 2630 3665 inquit,
2667 3595 2846 3665 genuit
2883 3593 3078 3649 Filium
3111 3607 3176 3650 ex
3215 3593 3415 3664 seipso,
3449 3601 3500 3648 et
3529 3601 3613 3646 est

2043 3683 2182 3739 alius
2204 3685 2271 3739 ab
2295 3685 2410 3754 ipso
2437 3685 2487 3738 in
2521 3686 2732 3756 prOpria
2764 3684 3034 3740 exsistens
3071 3684 3372 3755 bypostasi,
3399 3692 3454 3738 et
3487 3683 3611 3736 Filii

2043 3774 2202 3829 Pater
2252 3775 2576 3841 intellectus,
2629 3777 2797 3831 divisa
2850 3785 2996 3832 certe
3043 3784 3204 3830 erunt
3257 3775 3435 3829 omnia
3489 3789 3611 3839 quae

2042 3867 2220 3923 Patris
2245 3879 2390 3931 sunt,
2410 3884 2510 3924 nec
2533 3869 2585 3922 in
2609 3870 2724 3936 ipso
2744 3868 2860 3923 solo
2891 3867 3188 3930 manentia,
3215 3867 3309 3920 sed
3342 3866 3394 3920 in
3417 3864 3610 3918 Filium

2042 3975 2256 4030 quoque
2275 3963 2589 4016 transmissa
2612 3961 2949 4014 videbuntur.
2971 3960 3235 4024 Quocirca
3264 3965 3357 4009 aut
3376 3970 3480 4007 non
3500 3954 3611 4020 jam

2039 4052 2266 4122 amplius
2278 4051 2570 4122 perfectam
2587 4051 2806 4119 gloriam
2830 4052 2989 4102 habet
3009 4047 3188 4109 Pater,
3210 4060 3331 4100 cum
3349 4060 3469 4100 eam
3487 4060 3612 4102 cum

2038 4141 2175 4198 Filio
2207 4142 2438 4210 partitus
2478 4141 2577 4203 sit;
2609 4150 2701 4192 aut
2739 4139 2784 4191 si
2837 4137 3132 4207 perfectam
3167 4137 3329 4191 habet
3356 4135 3608 4205 gloriam,

2037 4233 2271 4305 privabit
2299 4231 2517 4297 Filium,
2543 4230 2794 4284 nimirum
2830 4229 2880 4283 id
2905 4229 3047 4300 quod
3090 4230 3138 4284 ei
3185 4229 3409 4286 dederat
3445 4231 3512 4286 ad
3553 4246 3614 4287 se

2039 4325 2334 4395 recipiens;
2371 4333 2425 4380 et
2451 4323 2624 4377 deitas
2658 4337 2777 4392 qua:
2804 4323 2954 4392 prius
2987 4321 3040 4376 in
3079 4323 3286 4378 unitate
3317 4324 3610 4392 perlectam

2038 4416 2270 4473 habebat
2296 4417 2541 4488 gloriam,
2574 4434 2715 4473 nunc
2755 4418 2807 4472 in
2836 4419 3094 4476 dualitate
3125 4419 3452 4488 constituta,
3488 4435 3612 4488 per-

353 4498 500 4552 δυάδι
549 4499 854 4570 γενομένη,
902 4501 963 4555 τὸ
1008 4502 1210 4556 τέλειον
1254 4503 1352 4556 οὐκ
1401 4503 1530 4574 ἔχει.
1568 4506 1734 4572 Μόλις
1783 4509 1839 4561 δὲ
1875 4509 1933 4575 ἐξ

2041 4509 2324 4566 lectionem
2383 4526 2488 4566 non
2552 4509 2795 4567 habebit.
2851 4509 3021 4582 Aigre
3073 4525 3251 4568 autem
3311 4528 3377 4569 ex
3431 4514 3608 4582 seipsa

359 4591 556 4659 εαυτῆς
584 4591 891 4661 ἐρανίζεται
931 4593 1108 4659 τοῦτο,
1131 4595 1429 4666 κιχρῶντος
1466 4597 1662 4666 τρόπον
1688 4601 1808 4655 τινὰ
1838 4600 1933 4654 τοῦ

363 4678 575 4747 Πατρός
611 4678 688 4750 τῷ
739 4679 853 4750 Υἱῷ
881 4682 980 4753 τὴν
1025 4683 1244 4748 ἐαυτοῦ,
1289 4686 1380 4738 καὶ
1413 4686 1572 4741 πάλιν
1612 4691 1936 4761 άντικιχρω·

366 4769 530 4837 μένου
561 4773 685 4842 παρ’
711 4773 877 4828 αὑτοῦ
907 4775 1006 4844 τὴν
1031 4775 1276 4830 δοθεῖσαν
1304 4778 1470 4848 αὐτῷ.

842 4911 999 4979 Πρὸς
1039 4911 1215 4968 τοῦτο
1254 4915 1451 4981 λύσις.

431 5041 598 5096 Πάλιν
623 5044 692 5098 τά
720 5045 990 5115 σωμάτων
1030 5046 1134 5102 [δια
1159 5049 1228 5118 τῇ
1271 5049 1548 5120 ἀσωμάτῳ
1577 5052 1737 5120 φύσει
1791 5070 1938 5123 περι-

347 5132 590 5198 τιθέντες
615 5135 717 5188 οὑκ
745 5135 1113 5205 αἰσχύνονται,
1161 5139 1463 5208 μερισμοὺς
1503 5139 1598 5192 καὶ
1630 5142 1934 5210 ἀποτομὰς,

349 5227 662 5291 διαστάσεις
704 5245 766 5282 τε
795 5229 892 5282 καὶ
925 5231 1235 5300 χωρισμοὺς
1282 5230 1373 5281 ἐπὶ
1414 5230 1514 5299 τῆς
1556 5231 1708 5293 θείας
1755 5233 1938 5300 εἰσφέ-

352 5333 541 5388 ροντες
577 5319 766 5383 οὐσίας
808 5318 1068 5389 ἀμαθῶςο
1105 5319 1206 5372 οὐκ
1252 5319 1451 5380 εἰδότες
1486 5319 1569 5372 ὅτι
1621 5321 1936 5391 μερίζεσθαι

350 5407 598 5476 λέγοντες
641 5413 889 5481 σχήματι
946 5409 1275 5479 σωματικῷ,
1323 5411 1402 5471 εἰς
1439 5409 1537 5478 τὴν
1584 5411 1677 5462 τοῦ
1727 5412 1938 5484 [ἰατρὸς

348 5501 534 5555 οὐσίαν
563 5501 893 5556 δυσσεϐοῦσι
926 5502 1196 5570 μεγάλως,
1227 5499 1550 5568 ἠλλοιῶσθαι
1583 5500 1674 5553 και)⁹
1706 5519 1938 5572 παρατε-

349 5594 585 5664 τράφθαι
615 5595 875 5663 λέγοντες
921 5592 1104 5654 αὑτὸν,
1137 5592 1230 5644 καὶ
1277 5593 1339 5642 ἐκ
1385 5592 1589 5644 τελείου
1635 5595 1937 5664 καταϐεϐη-

353 5684 496 5739 κέναι
533 5687 670 5758 πρὸς
701 5689 762 5740 τὸ
804 5685 1016 5748 ἀτελές.
1051 5686 1112 5735 Ui
1145 5684 1249 5752 γὰρ
1277 5684 1407 5746 ὅλως
1443 5684 1802 5753 ἐκϐεϐηκέναι
1843 5688 1934 5738 τοῦ

353 5775 555 5848 [ἰατρὸς
603 5780 702 5851 τὴν
745 5776 945 5831 οὐσίαν
978 5775 1211 5842 οἰόμενοι
1259 5774 1342 5827 τὸν
1379 5776 1498 5828 Υέὸν
1546 5776 1844 5839 διαστατιιῃ
1881 5797 1932 5829 :;

2037 4617 2158 4658 eam
2191 4603 2444 4672 acquirit,
2479 4617 2600 4658 cum
2637 4605 3036 4672 quodammodo
3085 4604 3244 4661 Pater
3291 4621 3444 4662 suam
3479 4605 3612 4659 Filio

2036 4691 2378 4746 commodam
2423 4693 2542 4756 det;
2583 4691 2806 4761 ipseque
2851 4709 3038 4748 rursus
3069 4694 3212 4750 illaut
3249 4694 3318 4748 ab
3359 4711 3424 4751 eo
3458 4710 3608 4749 com-

2037 4781 2250 4834 modato
2285 4779 2534 4849 accipiat,
2564 4792 2724 4848 quam
2763 4781 2810 4835 ei
2842 4781 3083 4836 dederat.

2542 4913 2750 4968 Salutio
2786 4915 3110 4984 objectionir.

2111 5043 2319 5099 Rursus
2375 5045 2710 5112 impudenter
2747 5060 2810 5100 ea
2841 5062 2962 5115 quze
3018 5044 3339 5115 corporibus
3392 5050 3606 5118 propria

2040 5143 2186 5200 sunt,
2225 5135 2560 5204 incorporea:
2593 5142 2797 5188 natura}
2827 5136 3124 5202 asCribunt,
3157 5137 3611 5207 partitionibuset

2042 5225 2486 5288 dissectionibus,
2517 5223 2814 5280 intervallis
2839 5235 2892 5280 et
2914 5228 3349 5295 separatiouibus
3371 5233 3608 5288 divinam

2040 5317 2327 5374 essentiam
2356 5316 2601 5386 imperite
2624 5328 2947 5382 oueranles;
2975 5320 3282 5376 nescientes
3295 5325 3461 5396 quod,
3486 5327 3609 5380 dum

2042 5424 2302 5480 corporea
2337 5411 2504 5480 figura
2533 5412 2776 5480 separari
2812 5412 3016 5475 dicunt,
3046 5416 3392 5468 vehementer
3422 5414 3474 5470 in
3504 5415 3611 5471 Pa-

2043 5504 2139 5555 tris
2196 5502 2482 5556 essentiam
2535 5502 2831 5568 blaSphemi
2890 5513 3035 5569 sunt,
3098 5506 3385 5558 alteratnm
3436 5519 3613 5563 muta-

2046 5604 2264 5662 tumquc
2297 5610 2416 5649 esse
2439 5595 2699 5657 dicentes,
2729 5604 2781 5646 ct
2813 5609 2839 5646 ο
2875 5595 3116 5660 perfecto
3141 5595 3206 5647 ad
3241 5595 3610 5661 imperfectum

2045 5688 2337 5740 reductum.
2393 5688 2493 5750 Qui
2543 5685 2682 5737 cnim
2730 5685 2780 5736 in
2818 5685 3130 5738 universum
3185 5699 3460 5750 egressum
3497 5700 3612 5739 esse

2045 5775 2232 5828 Filium
2267 5778 2554 5831 Obsitltllillll
2590 5774 2762 5829 Pullis
2796 5775 3119 5830 existimant
3159 5772 3388 5825 :t‘ttl‘bittt
3427 5792 3485 5826 as:
3525 5787 3608 5826 se-
