4056 6264
454 375 530 430 ΒΞ
1451 370 1506 424 S.
1553 368 1828 425 CYRILLI
1868 363 2340 424 ALEX‘ANDRINI
2380 371 2698 428 ARCI‘IIEP.
3657 371 3740 425 84

455 483 708 556 paratim,
743 492 904 555 alque
955 483 1076 539 ideo
1109 484 1278 538 divisa
1328 498 1448 540 esse
1508 486 1691 540 omnia
1735 501 1856 556 quae
1911 484 2028 556 ejus

2151 489 2226 541 ιαὶ
2269 472 2721 561 κεχωρισμένως,
2763 490 2852 544 καὶ
2893 489 2978 542 διὰ
3021 489 3178 542 τοῦτο
3212 488 3512 557 φάσκοντες
3556 505 3740 560 μεμε-

454 587 579 633 sunt
612 577 968 640 contendunt,
1014 583 1070 630 et
1099 575 1168 629 ad
1219 575 1497 630 dimidium
1532 576 1716 644 gloriae
1744 576 2024 633 redactum

455 685 577 726 esse
606 669 795 724 dicunt
824 668 966 738 quod
991 667 1157 723 altera
1177 667 1439 724 medietas
1467 668 1521 722 in
1545 667 1739 724 Filiqu
1767 669 2028 727 translata

452 762 550 827 sit,
573 776 680 814 non
707 760 1015 828 intelligunt
1042 759 1098 814 in
1135 769 1390 830 quantam
1423 761 1812 818 absurditatem
1849 761 2029 832 prola-

455 855 673 907 hantur.
713 852 771 906 Si
821 852 1060 922 quidem,
1096 859 1153 906 ut
1191 851 1296 921 ipsi
1348 851 1556 919 volunt,
1607 867 1729 908 cum
1779 853 1930 923 prius
1974 854 2031 908 in

458 943 664 998 unitate
693 943 1020 998 constitutus
1065 953 1232 1007 esset,
1274 941 1434 997 Pater
1462 943 1680 999 creandi
1717 943 2031 1000 facultatem

461 1034 668 1090 habens
722 1034 775 1088 in
821 1049 880 1090 se
924 1034 1041 1105 ipso
1079 1033 1333 1103 produxit
1362 1032 1592 1101 Filium,
1621 1043 1678 1090 et
1723 1050 1819 1106 per
1858 1037 2032 1103 ipsum

459 1134 651 1180 cuncta
709 1133 889 1192 creat,
938 1139 1264 1196 omnemque
1313 1127 1533 1182 creandi
1586 1135 1912 1196 potestatem
1967 1141 2034 1182 ex

457 1217 692 1274 essentia
725 1232 822 1272 sua
853 1217 1089 1285 dimisit,
1119 1226 1176 1273 et
1215 1219 1359 1288 quod
1388 1227 1548 1273 antea
1586 1233 1690 1272 non
1719 1228 1858 1285 erat,
1893 1227 2036 1288 post-

460 1309 678 1364 modum
710 1307 888 1364 factus
925 1317 1030 1375 est,
1059 1323 1255 1378 expers
1289 1308 1546 1364 nimirum
1576 1309 1829 1365 creativaa
1863 1309 2036 1364 virtu-

462 1399 529 1456 tis
563 1419 588 1455 ιτ
614 1403 710 1455 sed
744 1399 848 1454 hoc
879 1400 964 1454 vel
1007 1401 1274 1472 cogitare,
1319 1401 1404 1457 vel
1433 1401 1614 1457 dicere
1645 1397 1892 1457 extreme
1930 1401 2035 1456 im-

458 1492 604 1561 pium
649 1499 730 1545 est
760 1509 775 1545 :
811 1489 918 1561 50
953 1509 973 1544 ι
1000 1490 1160 1548 Pater
1202 1493 1344 1547 enim
1398 1494 1697 1564 usquedum
1758 1504 2036 1565 operatur,

459 1592 516 1638 et
555 1598 656 1654 ego
683 1599 898 1654 cperor,
930 1603 950 1638 ›
990 1585 1165 1654 inquit
1201 1586 1451 1642 Christus
1475 1587 1540 1641 °'.
1573 1587 2038 1654 QUemadmodunt

463 1675 628 1746 igitur
657 1675 894 1730 creativa
924 1661 1152 1732 facultas
1181 1675 1361 1734 Patris
1388 1693 1497 1734 non
1532 1689 1616 1734 est
1643 1679 1837 1750 divisa,
1865 1695 2041 1750 neque

2134 583 2318 653 ρίσθαι
2349 583 2526 636 πάντα
2554 583 2623 637 τὰ
2655 564 2840 649 αὑτοῦ,
2891 585 2985 634 καὶ
3029 584 3107 644 είς
3133 581 3306 650 ἥμισυ
3355 580 3515 650 δόξης
3565 581 3740 634 αὑτὸν

2133 671 2308 726 ἐλθεῖν
2356 672 2444 726 διὰ
2481 673 2542 726 τὸ
2597 672 2884 743 βεϐηκέναι
2943 669 3006 723 τὸ
3050 670 3238 724 λεῖπον
3288 671 3370 733 είς
3422 669 3516 723 τὸν
3562 669 3735 731 Υίὺν,

2133 764 2419 834 ἀγνοοῦσιν
2466 765 2564 836 οἴῳ
2608 765 3031 835 περιπίπτουσιν
3065 763 3404 831 άτοπήματι.
3435 761 3579 832 "Aput
3616 760 3739 831 γὰρ

2134 859 2454 930 ἐπειδήπερ,
2486 858 2562 921 ὡς
2597 857 2748 912 αὐτοί
2791 873 2975 926 φασιν,
3015 855 3074 908 ἐν
3123 855 3313 926 μονάδι
3357 853 3624 928 πρότερον
3651 852 3742 906 ὢν

2133 952 2163 1004 6
2206 949 2418 1022 Πατὴρ,
2467 949 2563 1003 καὶ
2615 947 2713 1019 τὴν
2751 946 3150 1018 δημιουργικὴν
3200 944 3432 1016 δύναμιν
3484 943 3623 1014 έχων
3673 946 3739 996 ἐν

2136 1039 2335 1111 ἐαυτῷ,
2378 1039 2708 1113 προεϐάλετο
2740 1038 2831 1092 τὸν
2885 1037 3034 1102 Υίὸν,
3085 1037 3180 1090 καὶ
3223 1036 3292 1089 δι’
3335 1035 3500 1089 αὐτοῦ
3548 1035 3740 1088 πάντα

2135 1133 2479 1204 δημιουργεῖ,
2520 1131 2625 1200 ἔξω
2660 1133 2760 1203 τῆς
2796 1130 2984 1194 οὐσίας
3007 1130 3109 1200 τῆς
3146 1129 3344 1183 ἑαυτοῦ
3378 1129 3479 1201 τὴν
3514 1129 3606 1182 ἐπὶ
3651 1129 3737 1199 τῷ

2136 1222 2394 1277 δύνασθαι
2439 1223 2790 1296 δημιουργεῖν
2851 1219 3066 1292 ἔπεμψε
3114 1219 3387 1291 δύναμιν,
3429 1219 3526 1272 καὶ
3571 1219 3601 1271 ὃ
3653 1221 3736 1289 μὴ

2138 1314 2403 1386 πρότερον
2433 1309 2522 1386 ἦν,
2557 1313 2720 1367 τοῦτο
2751 1311 2975 1382 γέγονεν
3012 1311 3259 1382 ὕστερον,
3291 1310 3497 1383 ἔρημός
3529 1327 3588 1362 τε
3632 1309 3739 1364 νῦν

2139 1406 2290 1460 ἐστιν
2341 1403 2522 1475 ἰσχύος
2557 1403 2990 1475 δημιουργικῆςο
3042 1400 3178 1456 ἀλλὰ
3229 1399 3389 1454 τοῦτο
3437 1401 3656 1471 φρονεῖν
3693 1399 3734 1469 ἢ

2139 1499 2321 1568 λέγειν
2345 1497 2582 1568 ἄμετρον
2611 1495 2723 1566 ἔχει
2751 1495 2852 1566 τὴν
2881 1492 3234 1548 δυσσέϐειαν·
3265 1510 3284 1544 t
3329 1492 3389 1546 '0
3408 1490 3596 1562 Πατὴρ
3619 1490 3738 1560 γὰρ

2140 1591 2243 1655 ἕως
2291 1590 2416 1661 ἄρτι
2473 1586 2798 1659 ἐργάζεται,
2852 1585 3007 1654 κάγὼ
3060 1584 3396 1656 ἐργάζομαι,
3433 1601 3451 1634 ι
3491 1574 3661 1652 φησιν
3701 1583 3732 1633 ὁ

2142 1678 2396 1751 Χριστός.
2423 1677 2634 1747 ’Ὠσπερ
2676 1671 2769 1728 οὖν
2808 1675 2870 1728 οὐ
2909 1675 3236 1745 μεμέρισται
3270 1671 3366 1726 τοῦ
3414 1671 3627 1742 Πατρὸς
3669 1672 3733 1723 τὸ

462 1765 782 1836 imperfecta
810 1776 894 1822 est
914 1767 967 1822 in
999 1766 1116 1836 ejus
1142 1769 1403 1834 essentia,
1430 1769 1662 1825 habente
1687 1771 1854 1825 etiam
1894 1771 2038 1825 illam

2151 1767 2549 1840 δημιουργικὸν,
2562 1766 2681 1820 οὑδέ
2702 1765 2898 1836 ἀτελής
2924 1767 3040 1819 ἐστι
3070 1763 3166 1818 νῦν
3187 1764 3245 1816 ἐν
3272 1765 3340 1835 τῇ
3364 1763 3522 1834 οὐσίᾳ
3541 1760 3728 1827 αὐτοῦ,

463 1830 704 1926 perfecte
726 1856 906 1913 Filio:
937 1862 1011 1914 ita
1028 1830 1215 1914 vetiam
1260 1830 1558 1929 perfectam
1594 1860 1755 1917 habet
1790 1861 2040 1931 gloriam,

2151 1862 2359 1934 ἐχοντος
2382 1859 2600 1924 τελείως
2625 1857 2784 1912 τοῦτο
2807 1856 2902 1912 καὶ
2926 1854 3020 1910 τοῦ
3052 1853 3206 1920 Υίοῦ,
3231 1854 3372 1908 οὕτω
3397 1855 3492 1908 καὶ
3519 1852 3728 1907 τελείαν

463 1965 586 2003 cum
611 1949 883 2019 perfectus
913 1952 1083 2008 etiam
1118 1952 1174 2008 in
1208 1952 1380 2022 gloria
1411 1953 1485 2009 sit
1512 1952 1706 2008 Filius.
1730 1952 1867 2009 Cum
1896 1953 2043 2009 enim

465 2039 655 2094 similis
685 2056 784 2110 per
810 2042 992 2098 omnia
1037 2043 1109 2098 sit
1153 2043 1399 2101 Genitori
1441 2059 1570 2109 suo,
1601 2045 1723 2100 ideo
1749 2043 2043 2114 perfectam

465 2131 626 2184 etiam
659 2131 821 2187 habet
847 2132 1095 2203 gloriam,
1153 2134 1423 2204 siquidem
1453 2151 1516 2192 ex
1546 2135 1708 2192 Patre
1752 2135 2045 2206 perfectam

466 2220 695 2290 gloriam
720 2223 954 2281 habente
975 2225 1191 2296 genitus
1224 2236 1331 2282 est.

811 2372 1388 2470 ASSERTIO
1472 2381 1696 2471 Vll.

464 2522 735 2595 Adversus;
770 2522 1000 2595 eos‘iqui
1045 2522 1340 2593 objiciunt:
1371 2523 1561 2580 Utrum
1615 2527 1774 2580 Pater
1828 2527 2045 2595 fortuito

581 2591 755 2661 genuit
786 2590 1014 2659 Filium,
1043 2590 1117 2646 an'
1141 2595 1404 2649 voluntate
1433 2612 1530 2649 sua
1563 2590 1883 2664 praecedente
1902 2598 1928 2649 ?

870 2703 1225 2775 Interrogatio
1261 2709 1650 2764 haereticorum.

539 2813 807 2880 Fortuita,
853 2815 1125 2885 inquiunt,
1176 2828 1232 2874 et
1282 2819 1676 2878 inconsiderate
1721 2825 1904 2894 genuit
1957 2836 2048 2880 aut

473 2906 601 2961 fecit
630 2904 827 2962 Filium
855 2905 1040 2976 Pater,
1074 2918 1166 2964 aut
1201 2910 1476 2969 voluntate
1510 2929 1606 2971 sua
1643 2915 2050 2973 intercedente?

476 2998 632 3066 Atqui
662 2998 706 3053 si
749 2998 975 3056 fortuito
999 3001 1207 3070 genuit,
1243 3018 1434 3074 passus
1483 3016 1565 3062 est
1607 3007 1811 3079 aliquid
1853 3019 2051 3079 praeter

469 3088 834 3156 voluntatem;
871 3091 918 3146 si
947 3101 1124 3147 autem
1156 3093 1362 3162 volens,
1399 3106 1452 3152 et
1495 3112 1721 3154 necesse
1759 3100 1832 3153 sit
1869 3101 2049 3156 cousi-

2149 1957 2263 2030 ἔχει
2295 1955 2392 2026 τὴν
2417 1952 2597 2019 δόξαν,
2623 1950 2836 2022 ἔχοντος
2862 1948 3024 2003 πάλιν
3044 1948 3138 2002 τοῦ
3163 1947 3295 2001 Υίοῦ
3321 1948 3414 2000 καὶ
3437 1948 3494 2000 ἐν
3516 1946 3645 2018 δόξῃ
3669 1944 3733 1997 τδ

2149 2047 2382 2102 τέλειον.
2406 2045 2631 2116 "Optato;
2662 2043 2771 2112 γὰρ
2799 2040 2874 2095 ὢν
2907 2039 3050 2094 κατὰ
3075 2039 3250 2093 πάντα
3270 2037 3345 2108 τῷ
3377 2039 3732 2108 γεννήσαντι,

2149 2140 2237 2195 διὰ
2269 2138 2427 2192 τοῦτο
2463 2134 2670 2190 τελείαν
2712 2133 2825 2204 ἔχει
2865 2134 2967 2202 τὴν
3000 2131 3175 2198 δόξαν,
3209 2129 3504 2201 ἐπειδήπερ
3545 2129 3612 2182 ἐκ
3645 2145 3736 2182 τεο

2149 2233 2298 2288 λείαν
2327 2231 2541 2301 ἔχοντος
2567 2226 2724 2292 δόξαν
2753 2223 3016 2296 ἐγεννήθη
3046 2224 3300 2294 Πατρός,

2655 2367 3020 2455 ΛΟΓΟΣ
3110 2361 3181 2451 Ζ’
3198 2442 3216 2459 .

2149 2529 2304 2597 Πρὸς
2340 2528 2482 2592 τοὺς
2517 2526 2938 2597 προτείνοντας
2975 2526 3060 2597 τό·
3107 2505 3544 2597 ᾉρξουλήξιυς’;ἣ
3585 2517 3731 2573 κατὰ

2303 2587 2614 2666 ,βούλησὶν
2644 2587 2936 2664 ἐγέννησέ
2967 2594 3074 2648 τὸν
3109 2592 3246 2646 Υιόν
3277 2593 3309 2645 ὁ
3342 2587 3565 2656 Πατήρ;

2428 2710 2744 2780 Ἐρώτησις
2777 2711 2854 2776 ὡς
2884 2709 2952 2763 ἐκ
2982 2707 3100 2761 τῶν
3134 2701 3468 2775 αἰρετικῶν.

2235 2824 2570 2895 Ἀϐουλήτως
2603 2825 2728 2896 ἄρα,
2777 2824 2939 2893 φασὶ,
2971 2823 3065 2876 καὶ
3114 2821 3403 2884 ἀσκέπτως
3446 2817 3731 2886 ἐγέννησεν

2153 2914 2270 2984 ἦτοι
2317 2913 2586 2983 πεποίηκε
2614 2913 2704 2968 τὸν
2754 2912 2883 2966 Υἱὸν
2927 2914 2954 2966 6
2985 2911 3195 2982 Πατὴρ,
3238 2911 3272 2980 ἢ
3305 2907 3447 2962 κατὰ
3482 2906 3733 2979 βούλησιν

2154 3004 2397 3070 οίκείαν;
2452 3004 2517 3058 Εἰ
2573 3003 2672 3074 μὲν
2706 3001 2798 3059 οὖν
2833 3003 3146 3073 ἀϐουλήτως
3210 3002 3500 3072 ἐγέννησεν
3548 2998 3734 3060 αὐτὸν,

2155 3095 2394 3149 πέπονθέ
2423 3112 2475 3148 τι
2505 3095 2613 3149 τῶν
2648 3093 2799 3168 παρὰ
2828 3093 3074 3164 γνώμην·
3118 3095 3164 3146 εί
3193 3093 3252 3146 δέ
3288 3092 3428 3146 κατὰ
3460 3088 3733 3160 βούλησιν,

470 3178 806 3235 derationem
844 3181 911 3236 de
956 3181 1134 3251 aliqua
1167 3199 1225 3239 re
1268 3186 1504 3255 priorem
1551 3203 1673 3244 esse
1723 3205 1881 3259 quam
1931 3191 2048 3262 ipsa

2155 3187 2531 3258 προϋπάρχειν
2557 3186 2613 3239 δέ
2641 3184 2751 3238 τῶν
2780 3184 3082 3255 γινομένων
3109 3184 3324 3253 ἀνάγκη
3355 3182 3454 3253 τὴν
3486 3181 3615 3251 περὶ
3646 3178 3734 3233 a0-

473 3270 593 3336 tiat,
622 3271 769 3340 prior
820 3273 1001 3342 itaque
1049 3275 1147 3328 fuit
1197 3274 1359 3332 Pater
1403 3276 1562 3345 Filio,
1620 3295 1744 3336 cum
1805 3281 2052 3339 voluntas

474 3362 882 3432 generationem
911 3369 1272 3434 praecesserit.

1116 3471 1414 3543 Refutatio.

547 3581 722 3648 Unde,
754 3584 1002 3654 obsecro,
1040 3588 1184 3645 hunc
1233 3589 1485 3659 loquendi
1518 3608 1719 3649 morem
1762 3598 2054 3668 accepistis

474 3669 777 3740 dementes,
813 3679 955 3745 quod
987 3687 1083 3734 aut
1103 3695 1176 3734 ex
1202 3695 1298 3736 sua
1329 3685 1604 3741 voluntate
1631 3695 1725 3740 aut
1745 3688 1880 3743 citra
1900 3703 2054 3745 suam

474 3761 810 3820 voluntatem
837 3770 1087 3837 genuerit
1131 3770 1362 3838 Filium;
1393 3784 1488 3829 aut
1529 3790 1596 3830 ex
1622 3792 1728 3846 quo
1761 3778 2054 3846 Scriptura:

475 3853 596 3914 loco
652 3858 1026 3930 hujuscemodi
1076 3863 1404 3934 quaestiones
1464 3867 1709 3936 proferre
1753 3869 2056 3928 didicistis?

475 3958 610 4026 Quis
645 3973 774 4014 vero
806 3966 1118 4013 sanctorum
1159 3959 1317 4027 dixit,
1348 3969 1443 4015 aut
1492 3976 1558 4016 ex
1611 3961 1907 4028 voluntate,
1965 3974 2056 4020 aut

476 4050 616 4104 citra
643 4049 1002 4115 voluntatem,
1030 4048 1226 4104 Filium
1259 4065 1325 4106 ex
1355 4049 1516 4107 Patre
1558 4054 1926 4122 processisse?
1951 4057 2058 4113 Aut

475 4141 596 4211 quis
639 4141 945 4212 huiusmodi
976 4142 1254 4198 vocabulis
1283 4151 1368 4199 est
1413 4145 1590 4200 usus?
1634 4145 1788 4214 Quod
1840 4148 2056 4218 quidem

477 4243 597 4286 erat
623 4243 678 4287 et
701 4242 784 4287 est
820 4234 914 4287 Dei
953 4232 1210 4302 Verbum,
1240 4249 1306 4288 ex
1348 4251 1503 4292 sacra
1535 4236 1817 4310 Scriptura
1856 4255 2060 4312 cogno-

479 4323 702 4377 st-imus.
742 4320 874 4376 Illud
900 4335 1050 4386 vero,
1083 4325 1217 4377 citra
1262 4327 1592 4381 voluntatem
1623 4339 1714 4382 aut
1743 4338 1957 4393 contra,
1989 4347 2056 4385 ex

481 4410 636 4468 vobis
683 4410 814 4466 solis
843 4411 1169 4466 audivimus.
1211 4410 1461 4469 Ostendit
1496 4416 1638 4470 enim
1671 4417 1864 4472 Filium
1897 4419 2058 4474 Pater

2153 3277 2261 3330 τῶν
2303 3277 2518 3348 σκέψιν,
2550 3276 2726 3347 προῆν
2760 3277 2867 3348 ἄρα
2905 3275 3000 3330 τοῦ
3039 3273 3174 3329 Υίοῦ
3199 3275 3227 3327 6
3262 3273 3472 3342 Πατὴρ,
3510 3269 3734 3342 μεσολω

2155 3368 2355 3440 ϐούσης
2387 3368 2486 3440 τὴν
2514 3368 2766 3440 γέννησιν
2795 3369 2892 3438 τῆς
2923 3367 3053 3436 περὶ
3082 3365 3248 3419 αὑτοῦ
3277 3363 3608 3435 βουλήσεως.

2590 3481 2898 3550 Ἀπολογία
2933 3481 3082 3550 πρὸς
3113 3480 3308 3534 τοῦτο.

2229 3593 2396 3650 Πόθεν
2441 3595 2618 3666 ὑμεῖς,
2661 3587 2707 3648 ὧ
2735 3587 2913 3657 οῦτοι,
2961 3594 3103 3648 κατὰ
3141 3592 3394 3664 βούλησιν
3433 3590 3464 3662 ἢ
3507 3588 3735 3660 ἀϐουλή-

2154 3704 2262 3752 τως
2290 3685 2648 3757 γεγεννῆσθαι
2681 3684 2860 3753 λέγειν
2887 3684 2978 3738 τὸν
3008 3685 3157 3749 Υίὸν,
3188 3684 3221 3754 ἦ
3258 3685 3350 3736 καὶ
3380 3681 3516 3743 ὅλως
3556 3678 3738 3733 τοιαύ-

2155 3797 2254 3844 τας
2285 3780 2399 3842 τοῖς
2429 3777 2818 3848 ἐντυγχάνουσι
2868 3775 2967 3840 τὰς
3003 3775 3222 3839 πεύσεις
3269 3773 3586 3845 προσάγειν,
3630 3770 3739 3824 ἀπὸ

2158 3869 2317 3934 ποίας
2354 3867 2512 3922 τοῦτο
2545 3867 2901 3938 μεμαθήκατε
2934 3867 3182 3936 Γραφῆς;
3218 3864 3314 3928 Τίς
3337 3864 3393 3918 δέ
3431 3863 3540 3916 τῶν
3565 3861 3739 3930 ἁγίων

2157 3959 2359 4033 ἢκατά
2403 3959 2655 4031 βούλησιν
2685 3960 2718 4030 ἢ
2751 3959 3065 4029 ἀϐουλήτως
3107 3955 3270 4011 αὑτὸν
3313 3955 3511 4024 ἔφησεν
3541 3956 3604 4007 ἐκ
3644 3951 3738 4006 τοῦ

2158 4052 2371 4125 Πατρὸς
2407 4051 2724 4122 προελθεῖν;
2773 4051 2934 4120 Παρὰ
2969 4050 3074 4102 τίνι
3102 4048 3158 4101 δὲ
3190 4046 3504 4118 ὠνόμασται
3534 4044 3602 4097 τὰ
3629 4059 3740 4094 τοι-

2157 4144 2296 4200 αῦτα
2323 4145 2578 4218 ρήματα;
2603 4143 2728 4196 Ὀτι
2760 4142 2856 4213 μὲν
2883 4140 2992 4213 γὰρ
3021 4136 3087 4211 ἦν
3115 4139 3212 4194 καὶ
3241 4139 3388 4191 ἐστιν
3419 4139 3448 4190 6
3475 4134 3570 4189 τοῦ
3601 4131 3741 4186 Θεοῦ

2159 4237 2350 4305 Λόγος,
2380 4236 2625 4307 ἔγνωμεν
2657 4234 2766 4290 ἀπὸ
2791 4234 2890 4304 τῆς
2917 4233 3065 4296 θείας
3097 4230 3340 4303 Γραφῆς.
3369 4228 3444 4283 T6
3469 4228 3548 4294 δὲ,
3575 4227 3740 4280 ἀϐου-

2158 4331 2337 4402 λήτως
2372 4330 2405 4401 ἢ
2449 4329 2557 4401 μὴ,
2595 4329 2749 4400 παρὰ
2785 4328 2960 4400 μόνων
3011 4325 3164 4396 ὑμῶν
3209 4323 3540 4394 ἠκούσαμεν.
3581 4320 3740 4372 Ἀπο-

2159 4423 2423 4478 καλύπτει
2465 4422 2564 4490 μὲν
2589 4421 2697 4490 γὰρ
2722 4421 2813 4474 τὸν
2840 4420 2965 4473 Υίὺν
2989 4421 3018 4472 6
3052 4416 3240 4488 Πατὴρ
3276 4417 3334 4481 ἐξ
3363 4411 3613 4485 οὐρανοῦ,
3643 4409 3740 4464 καί

478 4517 548 4557 ex
583 4500 719 4557 coelo
743 4501 964 4557 dicens:
995 4522 1013 4554 ι
1046 4503 1142 4559 llic
1173 4513 1258 4558 est
1287 4502 1456 4562 Filius
1489 4521 1643 4562 meus
1675 4508 1906 4565 dilectus
1929 4513 1996 4577 u;
2033 4531 2048 4563 ι

2163 4530 2328 4584 φησιν
2347 4529 2362 4543 ο
2404 4529 2421 4563 ι
2449 4505 2617 4573 Οὗτός
2649 4511 2798 4562 ἐστιν
2828 4511 2856 4560 6
2888 4507 3021 4569 Υἱός.
3048 4523 3147 4576 μου
3175 4507 3204 4558 6
3237 4503 3550 4574 ἀγαπητόςσ
3586 4519 3604 4550 ›
3644 4499 3742 4553 καὶ

481 4603 535 4649 et
573 4607 668 4662 per
697 4592 864 4648 David
894 4609 910 4649 :
945 4610 964 4643 ι
999 4592 1278 4649 Eructavit
1307 4610 1402 4651 cor
1441 4612 1620 4654 meum
1673 4597 1909 4654 Verbum
1961 4601 2060 4656 bo-

483 4699 610 4739 num
643 4684 722 4752 ‘7;
761 4702 781 4737 ι
826 4692 883 4740 et
923 4685 1359 4754 sapientissimus
1399 4686 1637 4744 Joannes
1669 4709 1680 4744 :
1721 4707 1740 4741 ι
1776 4689 1830 4745 lu
1863 4692 2063 4760 princi-

484 4776 593 4846 pio,
647 4775 842 4847 inquit,
894 4785 1013 4832 erat
1065 4777 1326 4844 Verbum,
1379 4792 1434 4833 et
1485 4779 1718 4836 Verbum
1759 4791 1876 4836 erat
1922 4787 2061 4853 apud

487 4870 674 4933 Deum,
703 4876 760 4922 et
792 4866 932 4922 Deus
962 4876 1081 4922 erat
1117 4867 1347 4923 Verbum
1374 4870 1437 4923 ⁸⁸.
1481 4890 1498 4922 ι
1531 4871 1598 4926 Ει
1623 4871 1908 4928 Psalinista
1939 4890 2061 4929 rur-

486 4973 576 5014 sus
600 4961 664 5013 ad
691 4957 905 5015 Patrem
950 4959 1082 5013 dicit
1115 4973 1130 5013 :
1169 4977 1188 5012 ‹
1223 4958 1484 5025 Quoniam
1510 4963 1651 5031 apud
1705 4972 1754 5015 te
1802 4973 1888 5019 est
1940 4963 2060 5020 fons

487 5051 629 5116 vitae,
655 5061 708 5108 et
730 5053 783 5107 iu
813 5052 1014 5109 lumine
1046 5060 1138 5107 tuo
1170 5051 1472 5109 videbimus
1494 5054 1672 5110 lumen
1705 5055 1770 5108 σθ.
1803 5075 1822 5108 ι
1858 5057 2059 5112 Paulus

485 5142 846 5212 splendorem,
878 5153 934 5200 et
967 5145 1214 5210 formam,
1237 5154 1293 5200 et
1322 5145 1611 5218 imaginem
1638 5147 1739 5218 51
1774 5149 2058 5205 invisibilis

489 5233 581 5288 Dei
618 5242 777 5288 vocat
803 5234 872 5288 "°.
907 5235 1184 5291 Neminem
1227 5252 1356 5292 vero
1401 5241 1592 5294 horum
1651 5242 1919 5310 repereris
1967 5242 2060 5310 qui

488 5323 682 5378 Filium
746 5337 814 5379 ex
871 5325 1145 5381 voluntate
1204 5336 1300 5381 aut
1347 5329 1483 5382 citra
1527 5329 1856 5385 voluntatem
1908 5330 2060 5399 geni-

489 5422 600 5468 tum
645 5413 813 5468 dicat.
847 5412 952 5468 Sed
985 5430 1108 5470 cum
1151 5417 1424 5482 dixerint,'_
1445 5429 1580 5485 erat,
1620 5429 1695 5486 et,
1726 5429 1822 5487 est,
1856 5421 2060 5476 nulluut

488 5503 810 5575 principium
843 5505 895 5560 in
921 5515 1160 5576 tempore
1182 5511 1491 5564 tribuerunt
1516 5510 1565 5564 ei
1597 5495 1687 5580 qui
1711 5513 1906 5569 szecula
1930 5528 2061 5569 cou-

562 5701 608 5734 "
639 5699 798 5756 Joan.
840 5720 892 5764 ν,
937 5705 1022 5758 ΓΙ.

494 5787 554 5841 ιι,
580 5774 614 5828 6
646 5791 660 5842 ;
701 5771 865 5829 Hebr.
907 5789 945 5840 ι,
979 5775 1015 5828 2
1044 5793 1058 5841 ;
1091 5775 1298 5832 Coloss.
1344 5792 1380 5843 ι,
1427 5776 1511 5834 lii.

1134 5704 1182 5778 'f
1219 5703 1407 5758 Matth.
1434 5722 1535 5778 _lll,
1568 5708 1648 5762 l7.
1725 5709 1767 5741 ⁸⁷
1805 5711 1945 5768 Psal.
1988 5728 2131 5778 XLIV,
2172 5713 2227 5767 2.

2159 4607 2247 4660 διὰ
2293 4602 2388 4657 τοῦ
2426 4599 2590 4656 Δαϐὶδ
2637 4600 2819 4669 λέγει·
2860 4618 2878 4651 ι
2922 4597 3282 4670 Ἐξηρεύξατο
3319 4597 3353 4667 ή
3393 4594 3589 4665 καρδία
3641 4609 3740 4662 μου

2161 4698 2332 4766 Λόγον
2347 4693 2546 4763 ἀγαθόν
2564 4707 2576 4722 °
2604 4711 2622 4745 ι
2641 4691 2736 4746 καὶ
2755 4693 2782 4744 6
2797 4689 3101 4760 σοφώτατος
3131 4689 3407 4758 Ἰωάννης·
3431 4705 3450 4738 ι
3491 4686 3579 4738 Ἑν
3598 4685 3740 4755 ἀρχῇ

2157 4784 2249 4858 ἦν,
2281 4785 2466 4856 φησιν,
2494 4785 2523 4836 6
2549 4781 2756 4850 Λόγος,
2796 4780 2889 4833 καὶ
2917 4781 2945 4833 6
2981 4778 3153 4847 Λόγος
3183 4774 3252 4848 ἦν
3297 4775 3435 4847 πρὸς
3463 4773 3556 4827 τὸν
3586 4772 3741 4834 Θεὸν,

2160 4877 2256 4931 καὶ
2282 4874 2413 4938 Θεὸς
2432 4869 2501 4945 ἦν
2524 4874 2552 4926 6
2581 4871 2751 4939 Λόγος
2772 4887 2786 4900 ·
2818 4887 2836 4921 ι
2867 4871 2895 4922 6
2925 4868 3228 4939 Ψαλμῳδὸς
3255 4867 3328 4930 ὡς
3357 4866 3494 4937 πρὸς
3522 4864 3613 4917 τὸν
3642 4863 3746 4915 llat-

2167 4967 2301 5039 τέρα
2331 4965 2491 5020 πάλιν
2517 4963 2650 5034 φησί
2672 4979 2685 4992 ·
2723 4981 2742 5014 ι
2769 4960 2928 5033 Παρὰ
2957 4960 3041 5015 σοὶ
3081 4960 3232 5032 πηγὴ
3263 4959 3428 5030 ζωῆς,
3458 4958 3550 5012 καὶ
3580 4959 3637 5010 ἐν
3666 4955 3745 5026 τῷ

2167 5059 2306 5128 φωτί
2334 5074 2428 5111 σου
2454 5056 2697 5127 ὀψόμεθα
2722 5054 2858 5124 φῶς.
2886 5073 2905 5107 ι
2942 5054 3001 5109 '0
3023 5053 3233 5116 Παῦλος
3260 5052 3621 5120 ἀπαύγασμα,
3651 5049 3745 5102 κοιλ⁸

2169 5149 2405 5221 μορφὴν,
2445 5148 2541 5202 καὶ
2591 5147 2776 5202 εἰκόνα
2819 5145 2913 5200 τοῦ
2954 5145 3089 5200 Θεοῦ
3133 5145 3368 5218 ἀοράτου
3409 5143 3583 5197 καλεῖ.
3636 5141 3745 5193 Καὶ

2162 5242 2368 5295 τούτων
2406 5240 2582 5304 οὐδεὶς
2627 5241 2942 5311 εὑρίσκεται
2968 5239 3143 5306 λέγων
3170 5236 3485 5307 ἀϐουλήτως
3521 5233 3555 5304 ἢ
3603 5231 3750 5286 κατὰ

2166 5332 2420 5402 βούλησιν
2452 5332 2807 5402 γεγεννῆσθαι
2828 5331 2920 5383 τὸν
2946 5330 3092 5382 Υἱόν.
3128 5327 3288 5381 Ἀλλὰ
3318 5327 3400 5391 τὸ,
3427 5323 3528 5398 ἦν,
3570 5325 3748 5378 εἰπόν-

2163 5440 2281 5487 τες,
2316 5424 2410 5478 καὶ
2450 5426 2532 5488 τὸ,
2577 5424 2768 5486 ἔστιν,
2810 5421 3070 5492 οὐδεμίαν
3119 5421 3293 5491 ἀρχὴν
3332 5419 3432 5488 τὴν
3479 5420 3538 5471 ἐν
3571 5417 3749 5488 χρόνῳ

2165 5517 2426 5573 δεδώκασι
2457 5518 2536 5591 τῷ
2562 5519 2668 5572 τῶν
2697 5517 2904 5590 χρόνων
2928 5519 3145 5590 ποιητῇ.
3176 5516 3346 5571 Πόθεν
3373 5512 3467 5570 οὖν
3492 5516 3648 5585 ὑμεῖς
3677 5513 3748 5566 τά

2304 5714 2347 5747 ⁸⁸
2387 5711 2537 5769 Joan.
2585 5729 2621 5778 ι,
2662 5713 2708 5768 l.
2790 5717 2832 5748 θ’
2863 5713 3000 5768 l‘sal.
3046 5730 3210 5779 xxxv,
3259 5712 3338 5765 ιιι.
3423 5713 3466 5739 τ⁰
3505 5706 3745 5780 Philipp.
