4056 6264
331 305 401 361 85

329 414 550 473 τοιαῦτά
581 429 719 482 φατε
746 429 762 476 ;
803 407 942 462 Ἀπὸ
981 402 1208 476 καρδίας
1241 402 1340 470 τῆς
1371 402 1490 482 tau?

328 510 467 565 καθά
503 522 671 576 φησιν
700 504 730 556 6
763 500 1068 572 προφήτης,
1097 494 1190 549 καὶ
1221 494 1322 547 οὑκ
1351 489 1456 546 ἀπὸ
1497 486 1765 557 στόματος
1805 484 1920 536 Κυ-

331 601 468 675 ρίου.

1027 699 1231 755 AAAO.

408 826 479 880 El.
516 823 767 896 βουλήσει
799 813 1160 888 γεγεννῆσθαί
1190 826 1326 883 φατε
1354 808 1443 862 τὸν
1468 806 1616 869 Υίδν,
1662 805 1757 858 καὶ
1809 800 1926 872 βιά-

340 916 508 981 ζεσθε
537 916 638 986 τὴν
667 913 792 984 περὶ
823 909 988 966 αὑτοῦ
1017 907 1236 976 θέλησιν
1263 901 1644 973 προῦπάρχειν
1677 896 1775 966 τῆς
1805 911 1929 962 γεν-

343 1011 561 1080 νήσεως
589 1004 774 1070 αὑτοῦ,
804 1002 856 1056 τί
882 1000 958 1072 μὴ
996 996 1170 1052 ταῦτα
1197 1011 1359 1066 φησιν
1387 993 1422 1062 ή
1454 988 1648 1060 Γραφὴ
1673 987 1804 1058 περὶ
1827 986 1928 1038 αὑ-

1724 268 1996 329 TIIESAU
2007 266 2098 324 ΠΙ]
2109 265 2171 322 S.

1241 400 1340 470 τῆς
1371 395 1579 452 ἑαυτῶν
1611 391 1921 454 λαλοῦντες,
1954 397 1969 447 Α

2069 382 2182 439 idit.
2242 376 2395 434 Unde
2445 373 2606 446 igitur
2643 383 2739 425 vos
2779 368 2894 424 tunc
2939 360 3294 435 depromitis?
3327 357 3402 412 Ex
3433 358 3595 413 corde

2025 484 2208 530 vestro
2259 473 2560 542 loquentes,
2619 473 2677 518 ut
2731 459 2906 530 inquit
2941 456 3224 529 propheta,
3257 462 3312 508 et
3371 465 3477 507 non
3529 464 3592 505 ex

2047 583 2140 623 ore
2175 562 2384 623 Domini
2415 562 2480 612 ".

3521 231 3648 298 ιε’

2699 661 2927 720 ALIUD.

2099 789 2154 845 Si
2182 801 2248 844 ex
2274 784 2548 841 voluntate
2573 778 2767 834 Filium
2798 773 3037 844 genitum
3069 767 3270 832 dicitis,
3297 775 3354 821 et
3378 770 3601 820 conten-

2029 879 2154 935 ditis
2180 876 2508 933 voluntatem
2537 865 2826 938 generandi
2850 861 3024 934 ipsius
3043 855 3443 929 generationem
3467 866 3604 922 pne-

2029 971 2280 1034 cessisse,
2303 981 2400 1024 cur
2425 979 2530 1020 non
2565 963 2680 1016 haec
2707 958 2773 1013 de
2800 969 2865 1010 eo
2891 952 3021 1008 dicit
3046 949 3350 1020 Scriptura,
3372 945 3512 1000 sicut
3540 943 3606 996 de

349 1039 628 1164 τιίῦ,ἲδὴ
653 1045 774 1148 καὶ,
802 1039 958 1163 τπδ’
980 1088 1090 1143 τῶν
1111 1039 1317 1139 ’ἓλὶὦν
1347 1039 1930 1152 πξιτξεῖἆτέὦλξτουσα

2069 1064 2150 1122 liis
2182 1057 2474 1118 creaturis.
2509 1053 2644 1109 Nam
2681 1049 2736 1104 in
2778 1047 2844 1102 iis
2875 1059 2993 1115 qua:
3028 1043 3170 1098 Deus
3203 1039 3437 1104 creavit,
3465 1050 3606 1107 pra:-

2156 1152 2187 1164 --
2285 1147 2298 1164 ι
2383 1155 2461 1164 .-_
2510 1152 2562 1164 --.
2591 1140 2642 1164 ε..
2670 1138 2758 1164 mn
2783 1153 2797 1164 .
2829 1153 2846 1164 .
2879 1132 3161 1164 Πηηςιηηηο
3187 1127 3461 1164 Munium“
3486 1123 3552 1164 7a_
3588 1140 3604 1164 ι

356 1193 632 1261 φαίνεται;
679 1187 806 1243 Ἐπὶ⁸
835 1184 936 1256 μὲν
962 1181 1074 1252 γὰρ
1105 1177 1214 1231 τῶν
1243 1173 1539 1244 γεγονότων
1577 1169 1727 1240 παρὰ
1762 1165 1928 1231 Θεοῦ,

359 1257 673 1354 ⁸ιτροηγείται
703 1277 949 1347 θέλησις,
997 1272 1072 1335 ὡς
1100 1272 1158 1322 ὲν
1178 1266 1276 1338 τῷ,
1329 1283 1348 1316 ι
1381 1263 1702 1332 Ποιήσωμεν
1723 1257 1932 1328 ἄνθρω-

357 1349 524 1437 manu
554 1371 666 1426 Καὶ
700 1372 757 1424 ὲν
784 1366 887 1438 τῷ,
910 1383 932 1420 a
952 1362 1141 1418 Πάντα
1164 1360 1268 1413 ὅσα
1304 1354 1589 1425 ἠθέλησεν,
1623 1349 1930 1418 εποίησεν.»

369 1463 493 1518 Ἐπὶ
546 1463 605 1516 δὲ
629 1461 724 1513 τοῦ
751 1456 888 1512 Θεοῦ
927 1453 1106 1523 Λόγου
1138 1445 1378 1518 οὐδαμοῦ
1409 1443 1626 1514 Θέλησις
1653 1441 1772 1511 ἦτοι
1808 1438 1936 1509 βού-

2034 1152 2197 1209 cessit
2214 1147 2485 1209 voluntas,
2510 1152 2567 1196 ut
2591 1140 2644 1196 in
2670 1138 2798 1192 illo:
2827 1153 2846 1189 ι
2877 1132 3164 1189 Faciamus
3187 1127 3461 1183 hominem

2035 1242 2102 1298 Et
2144 1242 2198 1296 in
2240 1239 2342 1294 hoc
2385 1254 2398 1291 :
2448 1253 2466 1287 ι
2511 1232 2702 1288 Omnia
2747 1241 2865 1298 qua:
2907 1223 3105 1286 voluit,
3137 1218 3352 1274 fecit".
3390 1234 3420 1266 ιη
3449 1215 3519 1270 At
3559 1212 3630 1266 in.

2038 1333 2216 1388 Verbo
2247 1329 2337 1384 Dei
2364 1325 2506 1380 nulla
2538 1320 2784 1376 voluntas
2820 1325 2913 1372 aut
2947 1312 3234 1369 consilium
3268 1303 3616 1378 praecessisse

2041 1423 2254 1493 legitur.
2270 1417 2377 1474 Sed
2401 1422 2632 1477 tantum,
2649 1409 2791 1480 quod
2814 1414 2948 1470 erat,
2965 1411 3019 1459 et
3037 1411 3109 1457 est
3133 1398 3400 1453 audimus.
3418 1396 3614 1462 Atque,

3486 1123 3554 1175 τί.
3588 1140 3604 1171 .

1716 1481 1837 1586 svo:
1860 1526 1941 1598 ἦν
2042 1481 2200 1566 υινίιο
2227 1509 2400 1564 dicam
2419 1545 2434 1570 ,
2462 1499 2728 1557 naturalis
2753 1495 2870 1566 ejus
2903 1494 3051 1548 locus
3086 1497 3207 1545 erat
3233 1485 3412 1541 Pater.
3440 1481 3620 1548 Quare

366 1737 515 1806 αὑτῷ
539 1734 767 1808 φυσικὸς
789 1734 817 1785 6
843 1729 1054 1800 Πατήρ.
1086 1727 1148 1780 Εἰ
1171 1723 1352 1778 τοίνυν
1387 1719 1482 1774 ὲπὶ
1521 1717 1624 1790 μὲν
1670 1714 1780 1769 τῶν
1827 1731 1942 1767 κτι-

378 1804 600 1897 σμάτων
625 1824 876 1878 ἁπάντων
901 1820 1098 1890 ἔφησεν
1127 1814 1373 1888 ἡγεῖσθαι
1402 1810 1621 1881 Θέλησιν
1658 1809 1693 1880 ἡ
1730 1804 1944 1877 Γραφὴ,

384 1916 554 1970 ὲπ“ιδὲ
584 1913 674 1967 τοῦ
707 1909 834 1965 Υξοῦ
859 1909 1009 1963 οὐδὲν
1046 1906 1282 1961 τοιοῦτον
1339 1902 1646 1974 εὑρήσομεν
1683 1896 1814 1968 παρ’
1848 1896 1948 1948 αὑ-

385 2009 503 2078 τῆς,
528 2007 622 2059 οὑκ
656 2003 758 2075 ἄρα
787 1997 870 2066 εἷς
893 2002 1008 2054 ἐστι
1040 1999 1149 2053 τῶν
1178 1997 1421 2060 πάντων,
1445 1991 1568 2046 οὑδὲ
1611 1989 1830 2060 Θελήσει
1861 1985 1953 2054 γέο

379 2116 515 2167 γονε,
547 2095 793 2165 καθάπερ
821 2093 889 2146 τὰ
919 2091 1122 2154 πάντα,
1156 2089 1223 2141 ὲκ
1275 2085 1491 2157 Πατρὸς
1537 2079 1819 2153 προελθὼν
1861 2079 1932 2129 κα

368 2191 466 2262 τῆς
491 2188 584 2243 τοῦ
611 2186 978 2257 γεννήσαντος
1007 2181 1220 2244 οὐσίας,
1241 2178 1496 2250 ὑπάρχων
1527 2191 1588 2227 τε
1615 2173 1808 2235 ἀΐδιος.

1070 2288 1280 2344 ΛΑΜ).

453 2405 624 2473 Λέγει
645 2420 750 2457 που
780 2399 999 2462 Παῦλος
1048 2397 1179 2466 περὶ
1225 2392 1320 2446 τοῦ
1353 2392 1602 2461 Σωτῆρος
1642 2386 1795 2459 ἡμῶν
1827 2387 1958 2457 Χρι-

389 2499 542 2564 στοῦ,
579 2499 666 2552 ὅτι
695 2512 754 2548 τε
781 2491 922 2547 Θεοῦ
946 2491 1182 2559 δύναμις
1229 2486 1312 2556 εἴη
1370 2485 1462 2538 καὶ
1489 2481 1623 2536 Θεοῦ
1657 2481 1835 2549 σοφία.
1898 2479 1959 2533 Et

380 2589 568 2642 τοίνυν
600 2583 766 2654 σοφία
791 2582 886 2636 καὶ
930 2577 1164 2647 δύναμίς
1186 2576 1302 2628 ἐστι
1324 2571 1416 2626 τοῦ
1461 2569 1674 2643 Πατρὸς
1706 2569 1734 2620 ό
1781 2567 1840 2632 ἐξ
1870 2569 1964 2621 αὑ-

375 2679 471 2733 τοῦ
496 2678 594 2732 καὶ
616 2651 859 2743 ἐνταύτῷ
889 2668 1154 2739 ὑπάρχων
1190 2666 1378 2733 Λόγος,
1424 2662 1587 2725 αὐτός
1613 2663 1763 2714 ἐστιν
1820 2660 1878 2713 ὲν
1921 2651 1966 2726 ᾧ
2068 2651 2237 2704 ειεηει

377 2765 721 2837 βουλεύεται,
757 2762 852 2816 καὶ
876 2761 946 2814 δι’
983 2749 1044 2812 οὗ
1065 2755 1136 2810 τὰ
1163 2731 1340 2808 πάντα
1375 2749 1691 2821 ἐργάζεται.
1720 2747 1848 2813 Πῶς
1873 2743 1968 2802 οὖν
2071 2731 2249 2788 omnia

2073 2789 2348 2880 beratione
2377 2818 2552 2872 iactus
2579 2823 2661 2869 est
2689 2812 2736 2867 is
2766 2811 2820 2865 in
2850 2823 2957 2878 quo
2987 2815 3070 2862 est
3093 2799 3411 2860 deliberatio
3442 2789 3654 2850 Patris?

2076 2912 2178 2964 Aut
2205 2909 2348 2964 enim
2377 2905 2538 2960 aliam
2570 2898 2892 2968 sapientiam
2920 2894 3174 2961 eiiingere
3203 2900 3424 2944 necesse
3448 2890 3564 2946 est,
3597 2881 3650 2933 in

2079 3015 2181 3069 qua
2218 2997 2524 3052 deliberans
2560 2988 2688 3045 fecit
2720 2987 2916 3042 Filium
2939 3022 2954 3047 ,
2989 2992 3049 3038 ut
3083 2996 3176 3036 vos
3209 2979 3390 3033 dicitis
3423 2993 3437 3028 :
3479 2983 3572 3028 aut
3605 2972 3648 3025 si

384 2857 638 2928 βουλήσει
666 2851 893 2922 γέγονεν
918 2849 946 2901 6
973 2847 1033 2899 ὲν
1063 2836 1217 2914 ᾧπερ
1244 2843 1276 2913 ὴ
1309 2839 1558 2912 βούλησίς
1583 2840 1701 2892 ἐστι
1732 2837 1828 2892 τοῦ
1856 2837 1972 2892 Πα-

387 2948 553 3018 τρδςς
596 2945 668 2998 Ἦ
726 2943 835 3012 γὰρ
897 2939 1088 3008 ἑτέραν
1148 2935 1298 3006 ἡμᾶς
1360 2930 1552 3001 σοφίαν
1605 2929 1976 2985 ἀναπλάττειν

396 3040 626 3107 ἀνάγκη,
647 3037 706 3088 ὲν
793 3030 1220 3104 βουλευσάμενος
1251 3023 1518 3094 πεποίηκε
1545 3021 1636 3075 τὸν
1662 3020 1813 3086 Υίὸν,
1841 3020 1976 3074 καθ-

2044 1606 2091 1662 si
2151 1604 2206 1659 in
2258 1599 2512 1657 omnibus
2568 1591 2832 1650 creaturis
2887 1585 3218 1642 voluntatem
3277 1573 3622 1648 pmeessisse

2047 1694 2329 1764 Scriptura
2363 1695 2613 1751 testatur,
2639 1683 2705 1739 de
2733 1679 2873 1734 Filio
2897 1685 3074 1732 autem
3101 1670 3234 1728 nihil
3262 1665 3530 1738 ejusmodi
3569 1665 3622 1720 in

1976 1767 2022 1826 Β
2048 1783 2226 1841 sacris
2267 1776 2489 1834 Litteris
2535 1771 2806 1829 invenitur
2852 1787 2866 1822 :
2923 1779 3028 1820 non
3071 1771 3152 1818 est
3200 1772 3333 1829 ergo
3375 1769 3515 1811 uirus
3558 1767 3623 1807 es

2051 1872 2280 1936 creatis,
2312 1882 2484 1937 neque
2528 1879 2594 1919 ex
2636 1862 2909 1919 voluntate
2949 1856 3126 1913 lactus
3179 1861 3299 1919 est,
3334 1857 3395 1905 ut
3441 1860 3630 1903 omnes

2053 1935 2347 2028 creatura,
2379 1935 2444 2014 ex
2493 1955 2653 2011 Patre
2697 1949 3002 2024 procedens
3045 1955 3207 2015 atque
3257 1956 3326 1997 ea
3357 1935 3643 1995 Genitoris.

1931 2077 1955 2128 ι,
2055 2055 2291 2113 essentia
2310 2093 2325 2119 ,
2351 2052 2418 2107 ab
2443 2058 2646 2106 aeterno
2670 2045 2962 2103 assistens.

2733 2245 2888 2303 ALIU
2899 2245 2962 2299 Ι).

2132 2369 2332 2424 Paulus
2370 2363 2565 2420 alicubi
2605 2361 2672 2416 de
2714 2357 3004 2414 Servatore
3044 2357 3227 2406 nostro
3289 2345 3508 2402 Christo
3565 2338 3642 2394 ait

2065 2463 2207 2534 quod
2238 2459 2312 2517 ait
2333 2459 2504 2516 virtus
2531 2462 2585 2509 et
2607 2449 2872 2521 sapientia
2897 2446 3014 2502 Dei.
3035 2443 3092 2498 Si
3120 2455 3248 2511 ergo
3273 2444 3356 2492 est
3377 2431 3640 2504 sapientia

2066 2521 2120 2609 et
2152 2550 2393 2622 potentia
2424 2545 2606 2601 Patris
2639 2539 2873 2597 Verbum
2904 2551 2971 2590 es
3009 2534 3124 2602 ipso
3157 2538 3212 2586 et
3244 2529 3301 2583 in
3338 2526 3456 2594 ipso
3491 2521 3638 2579 exsi—

2285 2640 2459 2708 ipsum
2486 2634 2651 2689 etiam
2678 2639 2765 2687 est
2789 2629 2845 2683 in
2868 2639 2976 2696 quo
3002 2623 3286 2684 deliberat,
3305 2626 3358 2675 et
3383 2630 3480 2688 per
3501 2611 3642 2683 quod

2279 2700 2552 2798 operatur.
2583 2720 2866 2788 Quomodo
2900 2715 3066 2786 igitur
3096 2711 3369 2766 voluntate
3401 2703 3485 2760 vel
3515 2700 3648 2756 deli-

405 3065 626 3107 ινςιγκη,
647 3065 706 3088 ιν
731 3065 765 3107 ῃ
793 3065 1218 3104 ρυυηςυυυ-νιε-υυ,
1258 3065 1518 3094 ..-ην-η..-
1557 3065 1632 3075 .-ν
1674 3065 1697 3074 -
1716 3065 1813 3086 .-.,
1843 3065 1942 3074 η..-

405 3128 478 3189 ὼς
509 3127 664 3196 ὑμεῖς
700 3137 856 3191 φατε,
887 3119 923 3189 ἢ
960 3118 1010 3170 εί
1031 3115 1194 3185 ἑτέρα
1218 3113 1320 3165 οὑκ
1338 3110 1505 3175 ἐστιν,
1535 3107 1650 3160 ἀλλ’
1676 3107 1791 3159 ἐστι
1815 3105 1969 3175 μόνος

2079 3065 2182 3146 alia
2207 3087 2349 3144 nulla
2371 3094 2476 3150 est,
2495 3081 2588 3138 sed
2613 3083 2723 3150 ipse
2750 3087 2835 3134 est
2857 3075 3002 3131 solus
3027 3071 3292 3142 sapientia
3317 3066 3517 3130 Patris,
3539 3065 3653 3132 ipse

2269 3194 2280 3196 κ
2324 3176 2568 3196 -ηε---ι--
2607 3171 2716 3196 ι-ε--ι-
2753 3176 2831 3196 ιιι-ο
2885 3166 3014 3196 Νη...
3051 3165 3102 3196 In
3138 3159 3399 3196 ευηίοιιιίο
3434 3157 3653 3196 nmuinn

411 3157 616 3286 αΞτδςμτίγ
635 3157 788 3283 degit:
813 3157 1173 3278 e’oﬁ‘ﬂatpbg,
1202 3202 1363 3266 αὐτὸς
1388 3157 1505 3271 ἀραί
1854 3157 1969 3268 eos:

2077 3194 2290 3253 quoque
2323 3176 2570 3233 voluntas
2603 3171 2719 3241 ejus
2751 3176 2858 3227 est.
2883 3166 3015 3222 Nam
3051 3165 3103 3220 in
3137 3159 3401 3232 sapientia
3434 3157 3660 3212 omnino

2150 3271 2161 3286 ·
2244 3279 2321 3286 -υ
2348 3265 2440 3286 πλε
2478 3260 2714 3286 ηις-ιρις·
2772 3256 2940 3286 A-mm
2974 3254 3044 3286 ιιι.
3075 3250 3254 3286 tum.
3279 3263 3340 3286 gu-
3368 3260 3504 3286 ηπ,
3533 3259 3656 3286 ηερ

412 3311 580 3379 λησις.
652 3306 736 3358 Ἐν
783 3303 890 3374 γὰρ
942 3299 1112 3368 σοφίᾳ
1159 3295 1378 3357 παντως
1432 3296 1494 3345 τὸ
1549 3289 1834 3360 βούλεσθαι
1885 3306 1945 3343 το

406 3400 557 3456 θεοῦ.
588 3398 694 3453 Καὶ
726 3399 955 3468 μάταιος
1007 3391 1137 3461 ὑμῖν
1166 3389 1196 3440 6
1223 3386 1401 3453 λόγος,
1448 3386 1542 3437 καὶ
1585 3382 1739 3436 κενὸν
1767 3379 1940 3452 εδείχθ

405 3496 464 3548 τὸ
490 3490 844 3562 ἐπιχείρημα.

885 3598 1092 3661 AAAO,
1126 3595 1218 3661 είς
1236 3592 1304 3647 τὸ
1332 3591 1500 3646 αὑτό.

475 3739 592 3796 υὺκ
609 3739 668 3793 ὲν
691 3736 807 3800 τοῖς
839 3731 1152 3803 γενομένοις
1175 3729 1210 3799 ἡ
1231 3725 1325 3780 τοῦ
1353 3723 1486 3779 Θεοῦ
1514 3721 1766 3794 βούλησις
1789 3719 1984 3774 οὖσιω-

324 3856 327 3857 ν
415 3833 550 3906 μὲνη
570 3829 845 3900 φαίνεται,
879 3822 993 3878 ἀλλ’
1034 3819 1220 3892 ἕτερόν
1267 3817 1322 3870 τί
1353 3817 1468 3869 ἐστι
1503 3813 1654 3886 παρὰ
1685 3811 1754 3867 τὰ
1781 3812 1848 3865 δι’
1888 3811 1988 3864 αὑ-

411 3901 882 3994 τῆςνποιούμενα.
929 3906 1076 3978 Οἷον,
1143 3908 1358 3979 θελήσει
1405 3904 1585 3976 φαμὲν
1617 3901 1870 3972 γενέσθαι
1896 3901 1992 3955 τὸν

409 3992 659 4087 οὐρανὸν,
688 4011 792 4064 οὐκ
819 4005 982 4062 αὑτὸν
1005 3998 1142 4056 εἶναι
1170 4000 1269 4070 τὴν
1300 3996 1545 4066 θέλησιν.
1578 3994 1642 4049 Εἰ
1666 3995 1850 4049 τοίνυν
1878 3992 1992 4062 βου-

410 4083 626 4161 λεῦεται
680 4101 779 4172 μὲν
824 4100 886 4151 ὲν
936 4092 1098 4163 σοφίᾳ
1143 4091 1298 4154 Θεὸς,
1343 4088 1440 4142 καὶ
1491 4087 1582 4142 ὅτε
1613 4084 1704 4138 τὸν
1732 4084 1882 4147 Υἱὺν,
1916 4083 1993 4146 ὡς

410 4201 572 4270 ὑμεῖς
596 4210 758 4265 φατε,
780 4187 1080 4258 ἀπογεννᾷν
1123 4181 1334 4253 ἢθελεν,
1367 4179 1484 4232 ἔστι
1534 4177 1592 4231 δὲ
1619 4178 1666 4247 ἡ
1708 4175 1870 4244 σοφία
1898 4174 1993 4229 τοῦ

413 4265 636 4359 [ίατρὸς
663 4288 692 4338 6
734 4284 884 4346 Υἱὸς,
915 4279 1103 4350 ἑτέραν
1154 4273 1234 4344 τῷ
1266 4272 1442 4342 Πατρὶ
1488 4269 1774 4341 προσεῖναι
1803 4265 1995 4335 σοφίαν

413 4356 660 4452 ἀνάγκη,
687 4380 745 4432 ὲν
831 4369 1249 4445 βουλευσάμενος
1283 4361 1517 4418 ἀπέτεκε
1543 4359 1634 4412 τὸν
1658 4357 1804 4412 Υίόν.
1849 4357 1912 4411 Ei
1941 4356 1996 4410 δὲ

411 4423 576 4530 τοῦτο
612 4423 804 4538 λίξγειν⁵
823 4423 1157 4536 acea-zelen;
1188 4423 1298 4527 γαρ
1330 4452 1458 4516 Υἱὸς
1487 4449 1581 4504 τοῦ
1614 4449 1774 4514 Θεοῦ,
1806 4449 1900 4503 καὶ
1929 4466 1969 4502 οε

2069 4437 2168 4493 λεὶι
2217 4436 2380 4505 (unus
2422 4430 2566 4486 enim
2611 4435 2695 4482 est
2739 4423 2906 4480 Filius

2197 4528 2209 4538 .
2289 4525 2321 4538 _.
2407 4522 2444 4538 ε.
2485 4531 2496 4538 ,
2537 4521 2575 4538 ._
2633 4517 2722 4538 ,με
2769 4513 2906 4538 un,

421 4569 538 4632 δύο,
568 4563 728 4633 σοφία
751 4558 844 4614 τοῦ
868 4555 1080 4627 Πατρὺς
1106 4550 1365 4619 ὑπάρχων
1389 4545 1416 4596 ὁ
1457 4541 1552 4595 τοῦ
1581 4539 1719 4594 Θεοῦ
1745 4538 1952 4608 Λόγος)
1976 4579 1990 4603 ,

428 4654 587 4722 αὑτός
614 4629 762 4708 ἐστιν
784 4651 813 4704 6
841 4649 910 4702 δι’
940 4639 1002 4698 οὑ
1027 4642 1246 4700 πάντων
1291 4638 1326 4706 ἡ
1372 4632 1622 4704 βούλησις
1659 4629 1886 4699 γίνεται.

1118 4751 1322 4808 AAAO.

509 4875 625 4930 Τῶν
649 4875 706 4928 ὲν
731 4871 910 4946 χρόνῳ
947 4864 1272 4938 γεγονότων,
1325 4859 1646 4932 προηγεῖται
1692 4851 1910 4912 πάντως
1940 4851 2000 4900 τὸ

432 4944 781 5044 βουλεύεσθαί
805 4981 859 5016 τι
881 4959 1010 5030 περὶ
1030 4955 1227 5012 αὑτῶν.
1279 4952 1341 5005 Et
1387 4951 1567 5004 τοίνυν
1631 4944 1879 5016 βουλήσει
1910 4957 2002 5009 γε-

425 5028 674 5132 γένηται,
704 5054 826 5110 καθ’
851 5028 1018 5122 ὑμᾶς,
1044 5050 1072 5102 ὁ
1102 5046 1247 5108 Υέὸς,
1291 5036 1708 5112 προηγουμένην
1763 5031 1876 5102 ἔχει
1911 5028 2004 5080 καὶ⁸

428 5117 594 5220 αὑτός
799 5117 930 5216 περὶ
981 5137 1148 5194 αὑτοῦ
1205 5132 1488 5206 βούλησιν,
1547 5127 1737 5193 ὥσπερ
1785 5121 1880 5174 καὶ
1938 5117 2006 5171 τὰ

434 5212 739 5320 ποιήματα.
782 5212 898 5296 Καὶ
941 5236 1043 5290 οὑκ
1082 5227 1150 5304 ἦν
1192 5242 1344 5282 ποτε.
1388 5216 1786 5320 Καὶ-’ψεύδεται
1832 5212 2007 5278 λέγων

447 5302 699 5410 Πωᾶννης
727 5335 862 5406 περὶ
887 5326 1073 5385 αὑτοῦ·
1109 5302 1151 5374 -ι
1200 5321 1289 5375 Ἐν
1317 5316 1459 5388 ἀρχῇ
1499 5307 1566 5381 ἦν
1591 5311 1619 5364 ὁ
1663 5306 1851 5375 Λόγος.
1889 5321 1907 5353 ›
1948 5302 2010 5354 Εἰ

432 5392 932 5506 γῷᾐοὺιίνῆνδιασ
966 5417 1133 5487 ὑμᾶς,
1167 5412 1281 5474 πῶς
1310 5412 1338 5463 ὁ
1373 5399 1766 5472 εὐαγγελιστὴς
1792 5392 2014 5465 ἀληθεύ-

435 5485 526 5579 σεί
547 5517 774 5590 τὸ,⁷Ην,
795 5509 952 5582 αὑτῷ
988 5499 1317 5577 περιτιθείς;
1355 5496 1492 5550 Ἀλλ’
1514 5493 1611 5563 οὑχ
1636 5491 1784 5561 ὑμῖν,
1823 5485 2013 5554 ἐκείνῳ

505 5703 548 5737 ⁷⁸
591 5701 793 5758 Jerem.
837 5704 999 5756 χχιιι,
1042 5685 1125 5740 l6.
1205 5683 1248 5712 ⁷³
1279 5678 1410 5734 Gen.
1461 5691 1496 5740 t,
1535 5673 1621 5726 Ἦ).
1702 5668 1745 5699 ⁷³
1788 5663 1928 5722 Psal.
1969 5670 2186 5721 mmv,
2222 5656 2271 5709 6,

1948 3289 1978 3343 ὖ
2079 3250 2325 3326 voluntas
2348 3265 2443 3321 Dei
2473 3260 2738 3318 consistit.
2765 3256 2941 3327 Atque
2974 3254 3046 3309 ita
3075 3250 3258 3308 inanis
3277 3263 3341 3304 ac
3368 3260 3505 3300 vana
3533 3259 3656 3301 esse

1946 3399 1998 3454 η
2079 3371 2263 3418 vestra
2282 3358 2418 3414 ratio
2438 3354 2796 3422 frivolumque
2820 3353 3202 3419 argumentum
3230 3338 3558 3400 ostenditur.

2595 3553 2831 3620 ALIUD,
2856 3551 2919 3606 de
2942 3549 3140 3605 eodem.

2157 3697 2417 3754 Voluntas
2444 3693 2536 3749 Dei
2570 3705 2676 3746 non
2706 3697 2789 3745 est
2822 3688 2874 3742 in
2904 3683 3099 3740 creatis
3127 3689 3403 3744 concreta,
3435 3679 3528 3732 sed
3557 3673 3664 3727 alia

2088 3799 2172 3849 est
2202 3791 2269 3845 ab
2303 3791 2368 3844 iis
2403 3801 2521 3857 quae
2556 3798 2651 3855 per
2680 3793 2800 3837 eam
2835 3778 2974 3834 facta
3013 3783 3157 3831 sunt.
3187 3770 3428 3841 Exempli
3464 3767 3660 3837 gratia,

2089 3881 2283 3938 caelum
2321 3879 2599 3935 voluntate
2641 3875 2840 3930 factum
2883 3883 3004 3924 esse
3047 3866 3313 3928 dicimus,
3345 3875 3452 3915 non
3495 3859 3664 3927 ipsum

2090 3991 2210 4032 esse
2235 3974 2590 4030 voluntatem.
2611 3968 2668 4023 Si
2695 3979 2826 4035 ergo
2854 3963 2906 4016 in
2929 3958 3194 4028 sapientia
3219 3951 3481 4008 deliberat
3506 3948 3668 4010 Deus,

2091 4069 2252 4122 etiam
2279 4064 2494 4135 quando
2523 4062 2742 4124 Filium,
2764 4065 2822 4110 ut
2846 4069 2940 4108 vos
2970 4049 3170 4112 dicitis,
3196 4054 3456 4114 generare
3477 4039 3664 4101 voluit,

2093 4159 2200 4230 52
2229 4131 2394 4212 Filius
2419 4167 2547 4207 vero
2574 4159 2657 4204 est
2681 4143 2944 4214 sapientia
2972 4139 3149 4194 Patris
3171 4135 3220 4168 ⁷⁸
3251 4153 3264 4190 :
3308 4131 3672 4188 necessarium

2093 4227 2251 4323 plane
2289 4255 2378 4304 est
2415 4245 2640 4299 alteram
2683 4241 2858 4295 inesse
2897 4235 3042 4289 Patri
3082 4227 3435 4302 sapientiam,
3470 4227 3522 4280 in
3566 4240 3673 4294 qua

2097 4319 2402 4400 deliberans
2436 4335 2618 4408 genuit
2653 4329 2872 4389 Filium.
2911 4331 2983 4384 At
3019 4340 3142 4382 cum
3180 4324 3232 4379 id
3268 4319 3491 4392 impium
3528 4319 3680 4373 dictu

2953 4419 3080 4483 Dei,
3111 4432 3217 4474 non
3261 4417 3402 4479 duo.
3437 4426 3558 4469 cum
3607 4409 3678 4464 sit
3714 4398 3729 4410 ’

2099 4525 2358 4597 sapientia
2405 4521 2582 4578 Patris
2633 4517 2725 4575 Dei
2769 4513 3058 4585 Verbum),
3092 4511 3206 4581 ipse
3251 4517 3333 4566 est
3375 4520 3472 4578 per
3518 4517 3678 4574 quem

2100 4620 2339 4674 omnium
2379 4612 2695 4670 deliberatio
2728 4609 2804 4664 iit.

2788 4717 3014 4776 ALIUD.

2178 4843 2308 4908 Qua:
2355 4840 2405 4894 in
2459 4851 2702 4909 tempore
2744 4836 2886 4892 facta
2935 4839 3095 4896 sunt,
3138 4823 3457 4885 deliberatio
3507 4820 3572 4874 de
3618 4817 3682 4871 iis

2110 4932 2365 4988 faciendis
2393 4932 2612 4986 omnino
2642 4925 2942 4999 praecessit.
2963 4923 3020 4977 Si
3051 4935 3178 4989 ergo
3203 4916 3480 4971 voluntate
3507 4909 3679 4963 factus

2112 5034 2213 5089 est,
2241 5032 2301 5077 ut
2323 5037 2419 5078 vos
2446 5021 2705 5082 statuitis,
2731 5019 2920 5078 Filius,
2945 5023 3091 5068 certe
3129 5010 3291 5064 etiam
3327 5004 3394 5057 de
3422 5016 3504 5068 eo,
3532 5009 3589 5055 ut
3615 5002 3679 5054 de

2113 5113 2406 5177 creaturis,
2449 5109 2760 5166 deliberatio
2811 5101 3165 5174 praecesserit.
3215 5097 3392 5167 Atque
3445 5093 3517 5148 ita
3578 5091 3680 5144 ali-

2117 5205 2330 5276 quando
2374 5215 2481 5258 non
2524 5205 2660 5254 erat.
2692 5196 2758 5250 Et
2799 5193 3056 5249 mentitur
3097 5190 3336 5247 Joannes
3387 5180 3574 5242 dicens
3620 5182 3688 5233 de

2119 5275 2182 5352 eo
2217 5314 2229 5350 :
2268 5315 2286 5347 ι
2324 5293 2381 5348 In
2419 5287 2684 5362 principio
2710 5294 2828 5342 erat
2854 5283 3084 5339 Verbum
3107 5284 3172 5340 ".
3204 5303 3222 5337 ι
3260 5281 3316 5337 Si
3345 5275 3686 5344 enim,juxta

2121 5398 2352 5444 vestram
2383 5383 2712 5454 Opinionem,
2737 5393 2842 5433 non
2871 5383 3008 5438 erat,
3033 5391 3138 5445 quo
3169 5383 3324 5445 pacto
3356 5366 3685 5437 evangelista

2122 5495 2246 5534 vere
2274 5478 2435 5542 dicet,
2460 5489 2580 5531 cum
2613 5473 2733 5537 hoc,
2762 5478 2897 5534 erat,
2923 5465 2973 5521 ei
3011 5465 3244 5520 tribuat?
3275 5463 3342 5514 At
3374 5473 3480 5514 non
3515 5457 3689 5518 vobis,

2351 5653 2395 5685 τί
2437 5650 2454 5705 Ι
2495 5651 2617 5704 (lor.
2665 5662 2698 5711 ι,
2741 5643 2832 5696 Eli.
2903 5639 2944 5671 ⁷⁵
2972 5641 3122 5694 Joan.
3154 5653 3190 5702 t,
3223 5636 3270 5688 ι.
