4056 6264
255 312 324 369 39
1677 321 2126 379 THESAURUS.
2789 372 2814 384 ,
3467 317 3538 375 90

253 433 318 486 Εῐ
345 449 427 497 τις
455 427 552 488 οὖν
575 435 736 504 λέγοι
762 437 930 508 τυχὸν
958 439 1048 491 Eni
1076 456 1220 502 τινος
1274 437 1382 492 τῶν
1435 439 1740 511 ἀνθρώπων
1770 441 1853 493 ὅτι

1964 447 2107 494 tasse
2173 439 2316 495 dicat
2393 440 2459 496 de
2520 438 2702 511 aliquo
2767 437 3048 493 hominum
3110 437 3258 506 quod
3341 446 3536 505 praeter

257 525 405 594 παρὰ
465 525 738 598 βούλησιν
791 529 952 601 ἔσχεν
997 531 1149 594 υἱὸν,
1197 531 1272 602 μὴ
1316 532 1478 596 εὐθὺς
1531 534 1626 586 ἐπὶ
1685 531 1747 586 16
1793 532 1852 596 ἐξ

257 615 504 686 ἀνάγκης
543 617 822 688 τρεχέτω·
858 621 918 672 οὺ
946 619 1052 691 γὰρ
1091 621 1156 675 ἔκ
1189 639 1334 686 τινος
1372 623 1620 694 ἀνάγκης
1651 623 1809 694 ἔσχεν
1835 641 1847 654 ’

252 705 364 759 ἀλλ’
401 707 596 778 ὁράτω
625 709 830 778 μᾶλλον
855 713 935 765 ὅτι
963 713 1072 766 τῶν
1098 715 1162 767 ὲκ
1190 714 1402 783 φύσεως
1425 716 1486 768 οὑ
1520 718 1850 788 προηγεῖται

253 795 546 868 βούλησις.
591 800 768 854 Ἐκὼν
789 804 895 874 γάρ
921 821 1006 868 τις
1061 808 1244 878 γεννᾷ,
1286 806 1543 877 οὐδεμιᾶς
1570 807 1701 880 περὶ
1733 809 1855 862 τοὺ-

249 905 349 941 του
379 892 808 964 προηγουμένης
840 894 1172 964 βουλήσεως.
1212 897 1464 969 Θελητῶς
1503 895 1598 953 οὖν
1623 900 1732 971 ἄρα
1760 900 1856 954 καὶ

254 981 586 1053 ἀϐουλήτως
606 985 838 1058 ὑπάρχει
861 989 956 1043 καὶ
978 991 1007 1042 6
1031 988 1205 1058 Λόγος
1243 992 1301 1044 ὲν
1335 991 1413 1061 τῷ
1434 992 1632 1064 Πατρὶ,
1667 992 1856 1064 ὥσπερ

257 1075 417 1130 ἐστὶν
444 1077 503 1129 ὲν
535 1077 804 1150 ἀνθρώπῳ
829 1081 891 1134 16
913 1081 972 1148 ἐξ
1004 1082 1203 1138 ἑαυτοῦ
1239 1083 1472 1138 παιδίον.

959 1289 1167 1343 ΑΛΛΟ.

343 1395 405 1450 Εἰ
436 1397 574 1451 κατὰ
609 1398 771 1468 φύσιν
805 1400 1010 1468 ἀγαθός
1059 1404 1210 1456 ἐστιν
1239 1403 1268 1455 6
1297 1402 1428 1465 Θεὸς
1475 1404 1568 1457 καὶ
1624 1403 1815 1475 Πατὴρ
1839 1441 1854 1466 ,

268 1488 367 1541 οὑκ
393 1491 457 1542 ὲκ
483 1490 813 1561 βουλήσεως,
851 1494 940 1547 ἵνα
975 1494 1050 1564 μὴ
1096 1495 1359 1566 φαίνηται
1399 1496 1608 1566 χρόνος,
1639 1497 1728 1549 ὅτε
1757 1496 1858 1548 οὑκ

266 1574 335 1650 ἦν
356 1581 537 1646 τοῦτο,
579 1583 701 1637 καθ’
758 1583 817 1637 ὃν
847 1579 916 1657 ἦν
947 1585 1226 1656 βούλησις,
1272 1587 1334 1639 οὑ
1394 1587 1653 1657 βουλήσει
1695 1588 1857 1657 γεννᾷ

269 1672 360 1725 τὸν
397 1674 564 1740 Υἰὸν,
606 1675 746 1729 ἀλλὰ
794 1675 972 1743 φύσει.
1009 1677 1220 1748 Πρέπει
1281 1678 1390 1749 γὰρ
1445 1678 1648 1750 μᾶλλον
1701 1677 1859 1732 τοῦτο

271 1763 443 1834 αὑτῷ.

974 1881 1176 1936 ΔΛΛΟ.

366 1992 694 2065 Ἐρωτητέον
729 1996 853 2060 τοὺς
898 1997 1320 2069 χριπομάχους,
1353 1998 1400 2051 εἰ
1453 1997 1616 2060 αὑτὸς
1664 1996 1692 2048 6
1749 1991 1846 2046 τοῦ

273 2084 448 2151 Λόγου
481 2086 670 2157 Πατήρ
697 2089 760 2140 ἐκ
790 2087 1099 2160 βουλήσεως
1127 2090 1388 2159 ὑπάρχει,
1415 2088 1449 2159 ἥ
1477 2087 1629 2158 παρὰ
1661 2085 1858 2156 βούλη-

266 2191 350 2227 σιν
376 2175 593 2232 ἑαυτοῦ.
649 2179 714 2232 Ei
747 2180 848 2249 μὲν
877 2176 971 2234 οὖν
1002 2184 1069 2234 ὲκ
1116 2181 1445 2252 βουλήσεως,
1492 2178 1854 2251 προηγεῖσθαι

1958 534 2288 588 voluntatem
2351 533 2517 587 ﬁlium
2585 534 2794 597 habuit,
2861 546 2930 586 ne
2987 530 3172 584 statim
3225 529 3291 582 ad
3346 544 3536 584 neces-

1955 625 2174 682 sitatem
2239 625 2517 696 confugiat
2566 643 2577 678 :
2650 639 2826 694 neque
2883 624 3027 678 enim
3082 620 3396 676 necessario
3451 621 3544 674 ha-

1955 718 2105 785 buit,
2159 716 2250 773 sed
2311 716 2492 785 potius
2544 717 2848 788 intelligat,
2899 717 2952 770 in
3025 711 3364 768 naturalibus
3433 727 3539 764 non

1953 810 2258 882 praecedere
2291 808 2755 864 deliberationem.
2815 807 3019 876 Sponte
3069 805 3216 861 enim
3268 803 3538 874 quispiam

1955 911 2196 974 generat,
2216 901 2358 956 nulla
2385 901 2780 956 deliberatione
2806 899 3167 970 prmeedente.
3201 897 3402 966 Sponte
3429 895 3539 965 igi-

1959 1008 2045 1051 tur
2071 1005 2124 1051 et
2151 995 2290 1051 citra
2346 994 2798 1051 deliberationem
2838 1005 2920 1048 est
2963 991 3196 1047 Verbum
3251 991 3305 1046 in
3355 989 3539 1052 Patre,

1957 1088 2410 1161 quemadmodum
2443 1096 2527 1143 est
2566 1087 2621 1144 in
2656 1086 2876 1142 homine
2897 1085 3012 1154 ejus
3050 1082 3250 1155 proles.

2642 1277 2872 1338 ALIUD.

2029 1397 2090 1454 Si
2123 1396 2442 1452 naturaliter
2465 1396 2640 1452 bonus
2672 1405 2757 1452 est
2807 1397 2949 1452 Deus
2999 1409 3061 1450 ac
3085 1394 3268 1458 Pater,
3298 1410 3405 1448 non
3472 1410 3540 1450 ex

1960 1491 2254 1556 voluntate,
2284 1505 2352 1546 ne
2373 1489 2619 1545 videatur
2636 1489 2855 1560 aliquod
2884 1495 3098 1559 tempus
3134 1487 3301 1542 inisse
3327 1490 3547 1556 quando

1913 1565 1922 1574 ’
1961 1585 2064 1639 hoc
2094 1583 2269 1652 ipsum
2309 1596 2414 1638 non
2443 1582 2658 1645 erat,in
2681 1596 2790 1651 quo
2824 1580 2988 1636 ﬁebat
3022 1579 3365 1642 deliberatio,
3431 1593 3537 1632 non

1959 1674 2238 1730 voluntate
2262 1681 2485 1743 generat
2517 1671 2736 1739 Filium,
2765 1673 2859 1729 sed
2892 1679 3108 1727 natura.
3142 1669 3256 1726 Hoc.
3292 1671 3437 1726 enim
3490 1671 3541 1724 ei

1892 1795 1933 1850 Β
1963 1767 2372 1824 convenientius
2398 1773 2500 1822 est.

2629 1878 2863 1936 ALIUD.

2020 1994 2390 2065 lnterrogandi
2426 2004 2553 2050 sunt
2581 1994 2767 2050 hostes
2801 1992 3031 2055 Christi,
3066 2007 3197 2046 num
3243 1993 3360 2062 ipse
3383 1990 3542 2046 Verbi

1960 2090 2118 2145 Pater
2153 2091 2426 2146 voluntate
2454 2090 2706 2155 exsistat,
2741 2105 2808 2144 an
2851 2097 3046 2158 praeter
3090 2103 3246 2143 suam
3299 2086 3543 2142 volunta~

1962 2182 2104 2237 tem?
2133 2181 2264 2236 Nam
2296 2184 2341 2237 si
2372 2195 2439 2236 ex
2473 2181 2776 2246 voluntate,
2807 2188 2863 2234 et
2895 2193 3120 2235 necesse
3163 2189 3246 2234 est
3299 2178 3546 2232 volunta-

257 2267 313 2318 δὲ
339 2267 563 2338 ἀνάγκη
595 2271 697 2340 τῆς
753 2272 1050 2341 ὑπᾶρξεως
1095 2272 1196 2342 τὴν
1251 2272 1524 2341 βούλησιν,
1577 2270 1765 2324 σιωπῶ
1790 2271 1855 2323 16

1964 2283 2066 2330 tem
2102 2271 2537 2356 prioremfnisse
2573 2270 2912 2335 exsistentla,
2973 2279 3128 2325 taceo
3154 2269 3544 2339 blasphemiam

259 2356 575 2427 δύσφημον·
601 2361 653 2411 εὶ
673 2358 734 2410 δὲ
758 2361 918 2430 παρὰ.
941 2361 1218 2431 βούλησιν,
1236 2361 1294 2426 ἐξ
1319 2361 1557 2430 ἀνάγκης
1579 2361 1683 2430 ἄρα
1703 2360 1855 2413 τοῦτό

1964 2381 2078 2438 qua
2107 2365 2232 2420 inde
2259 2373 2553 2434 sequetur;
2577 2364 2620 2418 si
2652 2373 2851 2431 praeter
2869 2363 3226 2425 voluntatem,
3257 2375 3324 2414 ex
3354 2373 3546 2412 neces-

264 2450 443 2514 ἐστιν,
483 2450 626 2521 ὅπερ
665 2451 928 2522 ὑπάρχει.
961 2451 1074 2506 Καὶ
1102 2451 1186 2515 τίς
1209 2453 1238 2506 6
1273 2451 1371 2520 τὴν
1393 2452 1635 2520 ἀνάγκην
1660 2452 1855 2516 ἐπιθεὶς

1964 2459 2118 2514 litate
2151 2456 2318 2526 igitur
2345 2465 2432 2510 est
2480 2454 2532 2508 id
2558 2454 2700 2523 quod
2753 2463 2858 2508 est.
2896 2453 2966 2506 At
2991 2453 3112 2521 quis
3161 2451 3209 2505 ei
3251 2453 3548 2506 necessita-

265 2541 461 2609 αὑτῷ;
505 2543 649 2596 Εῐδὲ
691 2544 930 2615 ὑπάρχει
965 2544 1066 2614 μὲν
1103 2547 1130 2598 6
1173 2544 1381 2615 Πατὴρ,
1430 2544 1528 2596 οὑκ
1575 2545 1638 2596 ἐκ
1665 2543 1858 2616 βουλή-

266 2651 407 2696 σεως
433 2635 510 2696 δὲ,
536 2633 664 2688 οὔτε
695 2635 808 2706 μὴν
839 2637 994 2706 παρὰ
1022 2635 1293 2707 βούλησιν,
1326 2639 1354 2690 6
1395 2635 1560 2698 αὐτὸς
1585 2636 1856 2705 κρατείτω

264 2725 415 2794 λόγος
447 2728 917 2798 ἀπεριεργάστως
948 2730 1042 2782 καὶ
1100 2731 1185 2798 ἐφ’
1210 2728 1359 2782 Υἰοῦ.
1415 2727 1719 2794 Ἐξετάζειν
1746 2730 1856 2799 γὰρ

266 2821 331 2874 τὰ
365 2819 592 2874 τοιαῦτα
622 2821 1018 2890 ῥιψοκινδύνως
1037 2821 1135 2876 οὑκ
1157 2819 1469 2875 ἀκόλουθον.
1494 2819 1615 2890 Χρὴ
1637 2820 1695 2873 δὲ
1726 2821 1858 2891 μᾶλ-

267 2914 356 2966 λον
373 2912 667 2976 ἀκούοντας
703 2914 837 2987 περὶ
869 2914 1007 2968 Θεοῦ
1055 2914 1272 2978 εἰδέναι,
1298 2915 1382 2968 ὅτι
1427 2915 1590 2976 αὑτός
1619 2915 1772 2966 ἐστιν
1823 2916 1856 2966 ό

270 3005 378 3072 ὢν,
401 3007 498 3060 οὑκ
551 3008 726 3078 ἀρχήν
758 3025 884 3060 τινα
927 3007 1020 3060 τοῦ
1079 3003 1220 3061 εἶναι
1268 3007 1470 3074 λαϐὼν,
1522 3006 1638 3061 ἀλλ’
1687 3005 1856 3070 αὑτὸς

277 3099 388 3160 τοῖς
419 3098 588 3161 ἄλλοις
615 3099 755 3170 ἀρχὴ
784 3098 882 3152 τοῦ
915 3093 1057 3153 εἶναι
1087 3100 1392 3171 γενόμενος.

731 3303 932 3367 ᾹΛΛΟ,
965 3301 1427 3370 διηγηματικῶς.

350 3416 579 3468 Ἄτοπον
610 3415 812 3486 σφόδρα
849 3417 943 3470 καὶ
977 3417 1318 3471 ἐπικίνδυνον
1369 3420 1452 3487 ἐφ’
1495 3418 1626 3472 Υἱοῦ
1678 3420 1860 3487 λέγειν

270 3506 349 3569 16,
383 3507 636 3578 Βουλήσει
663 3507 770 3579 ἄρα
799 3509 832 3579 ἢ
868 3509 1019 3580 παρὰ
1045 3508 1303 3579 βούλησιν
1340 3511 1630 3582 ἐγεννήθη.
1651 3513 1710 3564 ’0
1749 3514 1857 3585 γὰρ

267 3598 366 3650 οὑκ
387 3599 452 3650 ὲκ
480 3597 786 3669 βουλήσεως
823 3599 1086 3670 ὑπάρχων
1120 3599 1274 3664 Θεὸς,
1306 3601 1408 3653 οὑκ
1436 3603 1500 3653 ἐκ
1549 3601 1857 3673 βουλήσεως

267 3686 507 3755 ἔχειτὸν
563 3687 630 3739 ἐκ
670 3687 769 3757 τῆς
821 3687 1011 3751 οὐσίας
1071 3687 1236 3741 αὑτοῦ
1296 3689 1631 3760 προελθόντα
1663 3692 1854 3760 Λόγον,

265 3777 404 3832 ἀλλὰ
442 3777 711 3846 ῳυσικῶς.
753 3779 854 3848 Ετη
891 3779 1000 3850 γὰρ
1030 3779 1122 3832 καὶ
1151 3778 1324 3844 οὕτως
1354 3781 1517 3835 εἰκὼν
1540 3781 1708 3836 αὑτοῦ
1761 3782 1858 3836 καὶ

264 3870 556 3941 χαρακτὴρ
583 3871 644 3924 οὑ
675 3871 1085 3942 διεψευσμένος.

962 3984 1166 4040 ΛΛΛΟ.

334 4092 396 4144 El
428 4092 684 4163 βούλησις
718 4094 812 4149 καὶ
835 4095 1026 4165 σκέψις
1060 4099 1383 4168 προηγεῖται
1421 4099 1521 4170 τῆς
1563 4099 1856 4172 ὑπάρξεως

260 4183 355 4236 τοῦ
387 4185 542 4250 Tia-3,
577 4186 686 4240 ὁδὲ
715 4187 847 4250 Υἱὸς
875 4190 1036 4256 σοφία
1091 4191 1182 4242 καὶ
1231 4190 1403 4260 Λόγος
1449 4192 1566 4244 ἐστὶ
1603 4189 1699 4244 τοῦ
1747 4193 1859 4243 Πα-

261 4281 413 4350 τρδς,
443 4279 566 4344 πῶς
597 4279 850 4332 ἐϐούλετο
869 4281 896 4332 6
921 4281 1048 4345 Θεὸς
1071 4281 1262 4352 ἄλογός
1291 4301 1350 4336 τε
1378 4285 1471 4337 καὶ
1525 4284 1728 4354 ἆσοφος
1757 4283 1854 4349 ὦν,

265 4372 386 4426 καθ’
416 4373 602 4443 (apag;
637 4371 806 4426 Οὔπω
837 4372 944 4444 γὰρ
974 4369 1040 4444 ἢν
1059 4376 1086 4427 6
1117 4376 1264 4441 Υἱὸς,
1301 4375 1381 4429 ἔτι
1406 4377 1506 4448 τῆς
1532 4380 1661 4449 περὶ
1684 4377 1853 4432 αὑτοῦ

263 4464 562 4534 γινομένης
620 4463 884 4534 σκέψεως.
943 4465 1064 4530 Πῶς
1102 4467 1158 4520 δὲ
1189 4469 1290 4521 οὑκ
1344 4468 1543 4523 ἄτοπον
1574 4471 1849 4541 εἰσφέρειν

1960 2563 2066 2608 tem
2095 2549 2383 2620 imposuit?
2406 2547 2514 2619 54
2550 2548 2606 2603 Si
2628 2562 2753 2603 vero
2812 2544 3030 2601 exsistit
3093 2544 3309 2613 quidem
3362 2541 3544 2607 Pater,

1959 2657 2134 2712 neque
2159 2656 2226 2696 ex
2256 2642 2552 2706 voluntate,
2596 2653 2769 2707 neque
2815 2648 3015 2707 praeter
3069 2636 3428 2702 voluntatem,
3455 2650 3548 2691 ea-

1960 2737 2080 2788 dem
2114 2746 2245 2786 sane
2287 2732 2422 2787 ratio
2449 2731 2692 2786 obtineat
2721 2729 2958 2786 etiamin
2984 2728 3142 2785 Filio.
3187 2729 3370 2798 Neque
3402 2728 3545 2783 enim

1961 2823 2075 2878 haec
2117 2822 2277 2877 nimis
2321 2823 2576 2878 audacter
2608 2833 2662 2876 et
2693 2821 2988 2877 temerarie
3033 2821 3357 2890 inquirenda
3398 2829 3544 2874 sunt.

1962 2916 2075 2971 lloc
2107 2930 2232 2970 vero
2255 2915 2452 2984 potius,
2477 2929 2605 2969 cum
2639 2914 2704 2968 de
2726 2915 2834 2968 Deo
2874 2914 3078 2984 agitur,
3117 2912 3409 2967 tenendmn
3438 2922 3546 2977 est,

1960 3008 2135 3077 ipsum
2159 3021 2277 3061 esse
2301 3007 2512 3074 quiest,
2546 3005 2748 3074 quique
2783 3003 2988 3056 nullum
3029 3004 3190 3058 habet
3249 3003 3547 3080 exsistendi

1965 3099 2317 3170 principium,
2343 3098 2438 3154 sed
2466 3097 2689 3167 reliquis
2727 3096 2984 3152 omnibus
3050 3096 3266 3152 essendi
3326 3096 3543 3150 initium

1893 3181 1938 3242 C
1968 3191 2135 3248 dedit.

2308 3306 2540 3371 ALIUD,
2569 3307 2639 3358 ad
2666 3307 2740 3360 rei
2766 3305 3194 3375 explicationem.

2030 3419 2339 3476 Absurdum
2364 3429 2420 3475 et
2447 3421 2805 3490 periculosum
2833 3420 3001 3476 estde
3023 3420 3159 3475 Filio
3208 3421 3390 3476 dicere
3421 3436 3433 3473 :
3470 3421 3546 3475 Ex

1961 3514 2242 3568 voluntate
2263 3523 2356 3568 aut
2401 3522 2598 3582 praeter
2658 3516 2990 3568 voluntatem
3044 3515 3220 3568 factus
3274 3523 3377 3568 est.
3448 3513 3548 3579 Qui

1958 3605 2103 3661 enim
2132 3621 2237 3660 non
2266 3619 2331 3660 ex
2367 3605 2646 3661 voluntate
2676 3606 2894 3661 exsistit
2924 3604 3089 3668 Dens,
3126 3619 3231 3658 non
3264 3619 3328 3658 ex
3354 3603 3549 3658 volun—

1963 3708 2073 3754 tate
2095 3698 2256 3753 habet
2291 3699 2526 3753 Verbum
2550 3703 2692 3769 qnod
2721 3713 2786 3754 ex
2829 3697 2948 3766 ejus
2981 3697 3218 3751 essentia
3263 3697 3547 3764 processit,

1961 3790 2054 3845 sed
2096 3789 2438 3845 naturaliter.
2480 3789 2555 3843 Ita
2583 3790 2727 3845 enim
2764 3789 2944 3859 imago
2969 3787 3088 3858 ejus
3147 3797 3201 3842 et
3256 3789 3549 3843 character

1961 3894 2088 3937 vere
2124 3880 2284 3938 fuerit
2316 3883 2387 3938 ".

2633 3991 2863 4047 ALIUD.

2032 4104 2088 4159 Si
2125 4107 2375 4161 voluntas
2407 4115 2462 4158 et
2502 4103 2822 4157 deliberatio
2853 4101 2976 4155 Filii
3013 4099 3386 4154 exsistentiam
3421 4114 3556 4167 prte-

1966 4197 2128 4265 cedit,
2170 4187 2336 4249 Filius
2371 4206 2552 4248 autem
2584 4203 2668 4248 est
2687 4192 2951 4261 sapientia
2980 4206 3034 4246 et
3084 4189 3318 4246 Verbum
3355 4190 3553 4256 Patris,

1962 4303 2067 4355 quo
2111 4297 2269 4358 pacto
2299 4286 2618 4342 deliberavit
2674 4284 2855 4349 Pater,
2921 4282 3099 4340 Verbo
3157 4295 3211 4340 et
3266 4285 3553 4356 sapientia,

1957 4378 2113 4448 juxta
2153 4388 2397 4435 vestram
2433 4380 2781 4444 sententiam,
2803 4379 3034 4434 carens?
3061 4377 3244 4447 Neque
3279 4378 3423 4432 enim
3451 4379 3551 4431 ad-

1963 4469 2066 4526 huc
2088 4479 2204 4525 erat
2229 4471 2420 4537 Filius,
2447 4485 2568 4525 eum
2605 4471 2782 4526 adhuc
2797 4469 2860 4524 de
2888 4484 2952 4524 eo
2979 4469 3388 4524 deliberaretur.
3434 4469 3551 4535 Quo

266 4533 401 4625 περῖ
433 4533 626 4609 ἑαυτοῦ
661 4533 1049 4627 βουλευόμενον
1069 4559 1161 4612 τὸν
1196 4559 1438 4632 Πατέρα,
1466 4533 1693 4634 πότερόν
1722 4533 1853 4618 ποτε

1964 4571 2118 4632 pacto
2156 4577 2285 4618 vero
2317 4577 2422 4617 non
2471 4551 2764 4618 absurdum
2826 4560 2992 4616 fuerit
3044 4561 3300 4616 inducere
3340 4560 3550 4615 Patrem

266 4647 380 4718 χρὴ
409 4647 601 4714 σοφίαν
624 4647 765 4718 ἔχειν
822 4649 916 4703 καὶ
965 4651 1231 4723 Λόγον,ἦ
1289 4653 1396 4722 μή;
1459 4654 1854 4725 Παραιτεῖσοαι

264 4737 566 4808 τοιγαροῦν
589 4739 883 4809 ἀναγκαῖον
904 4741 1003 4805 τὰς
1032 4743 1389 4807 ἀπαιδεύτους
1419 4744 1527 4797 τῶν
1556 4748 1854 4819 χριστομὰ-

266 4843 386 4898 χων
420 4830 722 4899 προτάσεις,
756 4833 816 4886 οὑ
851 4833 1056 4906 σφόδρα
1111 4833 1468 4890 διατείνεσθαι
1506 4839 1641 4908 πρὸς
1665 4839 1726 4892 τὸ
1765 4840 1858 4892 ἀν-

263 4921 511 4991 τιλέγειν
536 4923 738 4987 αὑταῖς.

703 5129 910 5195 ΑΛΛΟ,
970 5129 1427 5200 διηγηματικῶς.

342 5241 446 5294 Διὰ
474 5240 685 5294 πολλῶν
708 5241 812 5312 ἤδη
843 5241 1110 5296 δέδεικται
1159 5243 1334 5312 λόγων
1355 5242 1438 5294 ὅτι
1464 5243 1572 5293 τῶν
1622 5245 1860 5314 ποιημά-

259 5351 374 5387 των
397 5335 646 5403 ἡγήσατο
676 5332 951 5403 βούλησις.
993 5331 1081 5396 Ἐξ
1104 5332 1219 5396 ἐνὸς
1241 5333 1296 5384 δὲ
1322 5333 1380 5385 16
1417 5333 1527 5385 πᾶν
1556 5334 1861 5405 γνωρισθή-

260 5444 438 5483 σεται.
497 5425 619 5478 Ἐπὶ
668 5423 778 5496 γὰρ
827 5427 893 5494 τῇ
919 5421 1014 5474 τοῦ
1059 5422 1345 5492 ἀνθρώπου
1394 5425 1733 5492 κατασκευῇ,
1765 5425 1852 5490 τὸ,

265 5538 284 5569 ι
323 5518 654 5589 Ποιήσωμεν
705 5515 1022 5586 ἄνθρωπον,
1056 5532 1074 5564 ι
1109 5514 1199 5565 καὶ
1237 5514 1316 5579 16,
1369 5532 1386 5564 ι
1424 5513 1714 5583 Γενηθήτω
1744 5531 1863 5566 στε-

265 5610 478 5680 ρέωμα,
519 5630 536 5660 ›
577 5610 673 5664 καὶ
702 5609 785 5672 16,
843 5604 1132 5674 Γενηθήτω
1172 5603 1286 5657 τόδε
1337 5608 1430 5659 καὶ
1482 5606 1622 5673 τόδε,
1673 5604 1865 5678 βουλῆς

357 5765 580 5823 7‘llcbr.
617 5781 656 5832 I,
698 5767 758 5821 5.
833 5764 881 5835 ’(⁷
927 5761 1059 5815 Gctt.
1109 5777 1143 5826 ι,
1187 5761 1238 5830 (τ,
1270 5761 1355 5816 26.

1961 4669 2147 4710 secum
2171 4653 2586 4719 deliberantem,
2611 4669 2677 4708 an
2705 4661 2987 4724 oporteret
3017 4652 3310 4721 aliquando
3337 4655 3552 4723 sapien-

1963 4747 2092 4800 tiam
2125 4755 2180 4800 et
2204 4744 2442 4800 Verbum
2471 4745 2775 4810 habere,an
2814 4746 2961 4800 non?
2991 4743 3308 4812 Rejicientta
3388 4745 3552 4812 igitur

1965 4849 2186 4904 prorsus
2208 4845 2333 4890 sunt
2362 4835 2576 4890 indocta
2634 4835 2868 4889 hostium
2922 4835 3124 4889 Christi
3195 4842 3550 4902 argumenta,

1969 4941 2078 4980 non
2132 4936 2312 4982 autem
2382 4928 2544 4982 anxie
2609 4927 2992 4997 laborioseque
3044 4927 3112 4980 iis
3172 4923 3553 4979 contradicen-

1961 5017 2114 5072 dum.

2453 5127 2681 5193 ALIUD,
2718 5125 3048 5194 explicatius.

2043 5240 2348 5310 Multisjam
2380 5239 2561 5294 verbis
2582 5249 2856 5294 ostensum
2914 5246 2998 5293 est
3051 5236 3386 5294 voluntatem
3433 5241 3551 5296 sive

1969 5333 2412 5391 deliberationem
2438 5339 2812 5386 creaturarum
2854 5331 3187 5386 creationem
3216 5332 3545 5404 praecedere.

1972 5427 2046 5479 κς
2075 5439 2183 5478 uno
2224 5432 2402 5477 autem
2438 5431 2607 5478 totum
2638 5419 2982 5488 intelligetur.
3003 5419 3134 5476 Nam
3172 5426 3224 5478 in
3275 5422 3551 5476 creatione

1974 5513 2242 5570 hominis:
2275 5531 2293 5564 ι
2336 5515 2642 5574 Faciamus,
2681 5513 2875 5578 inquit,
2899 5515 3190 5576 hominem,
3225 5532 3240 5562 ι
3272 5518 3350 5569 et,
3384 5526 3400 5558 t
3430 5508 3552 5565 Fiat

1977 5609 2455 5674 ﬁrmamentum",
2491 5627 2507 5658 ι
2549 5614 2711 5672 atquc
2752 5603 2869 5666 ltOt‘,
2902 5604 3134 5657 Fiathuc
3180 5611 3230 5656 Cl
3282 5598 3431 5666 illud,
3470 5617 3552 5655 τυ-
