4056 6264
515 373 579 432 9|
1553 365 1613 421 S.
1651 359 1933 421 CYRILLI
1966 351 2440 413 ALEXANDRINI
2472 347 2797 407 ARCIIIEP.
3734 332 3804 385 9:!

509 496 730 552 hmtatis
754 495 1172 567 signiﬁcativum
1203 499 1306 556 est,
1339 505 1456 560 quae
1483 489 1548 542 ad
1570 485 1814 558 singulas
1868 492 2090 539 creatu-

2215 476 2260 531 lv
2299 475 2385 548 εἴη
2414 469 2748 546 σημαντικὸν
2779 469 2879 540 τῆς
2903 468 2988 537 ἐφ’
3016 464 3231 536 ἑκάστῳ
3262 463 3370 518 τῶν
3396 461 3817 534 πεποιημένων

513 604 602 644 ras
623 553 900 643 faciendas
949 601 977 654 a
1037 585 1147 640 Deo
1199 553 1442 638 adhibita
1492 587 1598 644 est,
1661 553 1883 632 tametsi
1915 576 2099 632 statim

2213 567 2500 638 γενομένης
2538 561 2688 634 παρὰ
2721 559 2878 626 Θεοῦ,
2915 560 2963 613 el
3010 559 3106 612 καὶ
3153 555 3500 627 παραχρῆμα
3523 555 3594 608 τὸ
3641 553 3815 626 ἔργον

514 695 654 750 opus
687 646 1037 734 subsecutum
1069 681 1346 744 appareat.
1375 670 1431 726 Si
1462 685 1590 741 ergo
1651 676 1936 725 creaturas
1965 682 2101 737 prae-

2213 656 2528 714 ἀκολουθοῦν
2551 656 2819 725 φαίνεται.
2871 652 2935 706 El
2987 649 3167 704 τοίνυν
3195 646 3304 703 τῶν
3342 647 3442 719 μὲν
3469 649 3815 718 κτισμάτων

513 739 660 826 cedit
681 769 953 835 voluntas,
987 739 1168 824 omnia
1217 780 1346 821 vero
1377 739 1673 819 factafsnnt
1713 776 1812 830 per
1859 759 2056 814 Filium
2085 799 2103 824 ,

2215 752 2422 823 ἡγεῖται
2459 747 2729 819 βούλησις,
2774 745 2999 835 γέγονε-
3015 742 3073 795 δὲ
3116 742 3295 795 πάντα
3357 739 3424 794 δι’
3454 739 3621 804 Υἰοῦ,
3649 740 3817 804 ἐκτός

517 871 669 916 certe
701 859 944 915 omnium
975 871 1198 913 numero
1227 869 1335 910 non
1393 841 1880 922 comprehenditur
1921 851 1968 906 is
2009 864 2106 919 per

2213 843 2324 895 ἐστι
2345 838 2454 893 τῶν
2486 838 2704 894 πάντων
2756 836 2790 890 6
2841 836 2909 889 δι’
2941 827 3003 890 οὑ
3032 833 3102 887 τὰ
3139 831 3320 886 πάντα
3349 830 3568 900 γέγονε.
3618 830 3742 884 Καὶ
3766 832 3815 883 εἰ

518 968 678 1022 quem
705 953 883 1008 omnia
904 950 1050 1006 facta
1069 957 1213 1004 sunt.
1253 946 1317 1002 Et
1362 945 1406 1000 si
1457 919 1594 1000 ali—us
1624 953 1709 999 est
1758 943 1827 999 ab
1879 943 1944 999 iis
1987 957 2106 1011 quae

2216 931 2392 1003 ἕτερός
2423 932 2572 984 ἐστιν
2620 927 2847 982 ἐκείνων
2882 919 2958 980 ὧν
3000 925 3247 997 ήγήσατο
3298 923 3582 996 βούλησις,
3609 923 3720 976 οὑκ
3748 922 3818 976 ἂν

519 1043 794 1112 praecessit
821 1041 1088 1108 voluntas,
1122 1054 1230 1094 non
1260 1047 1344 1094 est
1373 1037 1552 1092 factus
1579 1051 1647 1092 ex
1682 1035 1959 1090 voluntate
1993 1035 2105 1090 sie-

2221 1021 2295 1093 ετη
2325 1020 2466 1075 κατὰ
2496 1019 2749 1090 βούλησιν
2781 1017 3020 1088 γεγονὼς
3049 1015 3238 1087 ὥσπερ
3267 1014 3425 1112 αὑτά.
3473 1013 3662 1078 Αὐτὸς
3703 1014 3823 1084 γάρ

520 1133 855 1204 ntilla.lpsef
880 1133 1025 1188 enim
1067 1141 1150 1187 est
1172 1132 1294 1185 viva
1351 1129 1607 1183 voluntas
1672 1125 1876 1190 Patris,
1910 1126 1963 1178 in
1998 1139 2103 1193 qua

2217 1113 2356 1164 ἐστιν
2395 1113 2428 1182 ή
2452 1109 2603 1174 ζῶσα
2625 1108 2788 1180 βουλὴ
2828 1106 2924 1160 τοῦ
2951 1104 3186 1177 Πατρὸς,
3241 1104 3302 1157 ὲν
3340 1097 3467 1177 ᾗτὰ
3499 1103 3699 1158 πάντα
3726 1103 3819 1172 ἐρ-

518 1224 697 1279 omnia
725 1195 996 1290 operatur.
1038 1218 1207 1276 Vocat
1265 1228 1447 1272 autem
1503 1219 1667 1272 etiam
1724 1216 1897 1283 ipsum
1957 1213 2108 1269 Psal-

2221 1202 2457 1271 γὰζεται.
2486 1201 2657 1256 Καλεί
2700 1200 2758 1253 δὲ
2814 1198 2977 1253 αὑτὸν
2997 1199 3093 1251 καὶ
3134 1197 3329 1268 βουλὴν
3372 1195 3466 1249 τοῦ
3513 1195 3747 1266 Πατρὸς
3787 1195 3823 1246 6

522 1317 679 1370 mista
711 1314 1048 1369 voluntatem
1077 1310 1279 1376 Patris,
1311 1309 1535 1366 dicens:
1571 1328 1590 1360 ι
1628 1310 1683 1363 1η
1715 1308 1988 1364 voluntate
2019 1317 2107 1362 tua

2217 1292 2514 1364 Ψαλμῳδὺς
2543 1333 2557 1360 ,
2597 1291 2771 1360 λέγων
2803 1305 2817 1322 ⁸
2885 1308 2904 1342 ι
2952 1289 3043 1343 Ἐν
3088 1290 3158 1360 τῇ
3226 1285 3397 1358 βουλῇ
3439 1302 3532 1339 σου
3597 1285 3819 1357 ὡδήγη-

523 1403 796 1460 deduxisti
830 1417 916 1458 me
943 1402 1011 1456 ".
1055 1419 1074 1453 ι

910 1421 916 1454 ι
943 1402 1011 1456 ⁷⁸.
1055 1419 1074 1453 ι
2212 1384 2312 1448 σάς
2345 1400 2432 1455 με.
2465 1402 2512 1435 ›-

1207 1514 1439 1571 suum
2155 1575 2160 1580 ι
2563 1479 2580 1486 ’

2155 1575 2160 1580 ι
2563 1479 2580 1486 “
2880 1494 3087 1548 ΑΛΛΟ.

603 1636 659 1692 Si
687 1632 967 1689 consilium
996 1640 1050 1689 et
1077 1630 1324 1686 voluntas
1352 1628 1530 1684 Patris
1573 1636 1658 1682 est
1697 1625 1887 1693 Filius,
1923 1633 1984 1679 ut
2034 1637 2112 1678 re-

2285 1609 2349 1664 El
2383 1607 2547 1680 βουλή
2601 1607 2695 1663 καὶ
2746 1605 2960 1678 Θέλημα
2989 1605 3084 1660 τοῦ
3115 1605 3333 1676 Πατρός
3380 1606 3527 1659 ἐστιν
3577 1607 3607 1659 ὁ
3648 1604 3817 1668 Υἱὸς,

529 1741 660 1781 vera
688 1735 793 1787 est,
830 1737 936 1793 quo
956 1729 1112 1792 pacto
1136 1718 1391 1792 praecedit
1417 1717 1664 1772 voluntas
1695 1715 1813 1786 ejus
1845 1715 2114 1770 exsisten-

2216 1705 2400 1774 ὥσπερ
2438 1697 2531 1756 οὖν
2561 1701 2656 1754 καὶ
2685 1699 2820 1765 ἔστι,
2871 1699 2988 1762 πῶς
3019 1700 3236 1770 ἡγεῖται
3263 1697 3485 1768 θέλησις
3509 1698 3608 1768 τῆς
3632 1697 3818 1765 ὑπάρ-

535 1811 704 1866 tiam?
742 1787 1193 1866 Videbit-tiranii“
1229 1808 1344 1877 ipse
1369 1806 1606 1876 seipsum
1637 1804 1851 1861 fecisse.
1903 1802 2010 1874 55
2047 1803 2115 1858 Et

2221 1795 2355 1862 ξεως
2384 1791 2549 1849 αὑτοῦ
2569 1810 2584 1860 ;
2601 1791 2775 1854 Αὑτδς
2802 1790 2912 1862 γὰρ
2941 1791 3133 1844 ἑαυτὸν
3156 1788 3310 1858 ἔσται
3339 1787 3685 1859 πεποιηκώς.
3705 1787 3819 1840 Καὶ

534 1905 624 1974 qui
655 1903 889 1959 nondum
921 1902 1092 1957 factus
1115 1909 1253 1966 erat,
1279 1907 1337 1953 ut
1385 1898 1624 1954 haeretici
1673 1897 1884 1962 volunt,
1945 1897 2013 1951 de
2059 1910 2120 1952 se

2226 1890 2255 1942 6
2289 1886 2458 1958 μήπω
2505 1881 2768 1969 γεγονὼς,
2823 1881 2968 1937 κατὰ
3016 1880 3145 1945 τοὺς
3196 1881 3620 1952 χριστομάχους,
3687 1877 3825 1946 περὶ

537 1962 655 2063 ipso
679 1994 1014 2051 deliberasse
1041 1962 1268 2048 dicetur.
1317 1992 1388 2047 At
1409 1991 1454 2046 si
1493 1991 1594 2046 hoc
1621 1990 1916 2045 absurdum
1967 1987 2116 2044 dictu

2228 1976 2424 2035 ἑαυτοῦ
2461 1962 2726 2046 φανεῖταιί
2765 1972 3170 2046 βουλευόμενος.
3234 1972 3298 2025 Ei.
3347 1971 3405 2024 δὲ
3438 1970 3596 2025 τοῦτο
3633 1967 3822 2036 λέγειν

539 2061 646 2154 est,
678 2103 784 2142 non
811 2101 944 2156 ergo
966 2085 1244 2141 voluntate.
1270 2083 1446 2140 factus
1503 2091 1609 2148 est,
1657 2064 2120 2152 quemadmodum

2229 2069 2448 2133 ἄτοπον,
2481 2066 2584 2120 οὑκ
2608 2063 2716 2136 ἄρα
2741 2063 2992 2135 βουλήσει
3032 2064 3277 2134 γέγονεν,
3319 2062 3506 2132 ὥσπερ
3563 2061 3630 2115 τὰ
3655 2061 3823 2129 ποιή-

540 2187 840 2245 creaturae;
872 2177 967 2234 sed
995 2187 1116 2232 erat
1133 2186 1190 2236 ut
1222 2176 1470 2234 voluntas
1501 2149 1688 2232 Patris
1705 2176 1757 2229 in
1786 2176 1924 2245 ipso,
1957 2183 2124 2245 atque

2235 2177 2398 2233 ματα⁶
2441 2159 2554 2214 ἀλλ’
2583 2155 2651 2231 ἦν
2675 2159 2749 2223 ὡς
2774 2157 2939 2230 βουλὴ
2990 2155 3086 2210 τοῦ
3131 2155 3344 2227 Πατρὸς
3366 2157 3423 2208 ὲν
3457 2152 3630 2222 αὑτῷ,
3687 2149 3833 2205 αὑτὸ

540 2275 678 2328 adeo
707 2272 879 2342 ipsius
900 2271 1177 2328 Genitoris
1197 2269 1452 2326 essentia:
1475 2269 1802 2340 proprietas.

2231 2254 2329 2324 τῆς
2357 2251 2543 2316 οὑσίας
2578 2252 2840 2323 ὑπάρχων
2870 2250 2960 2304 τοῦ
2988 2250 3345 2320 γεννήσαντος
3373 2247 3433 2301 τὸ
3465 2246 3617 2301 ἴδιον.

1217 2377 1448 2434 ALIUD.

2933 2364 3137 2420 ΔΛΛΟ.

612 2491 866 2548 Christus
893 2489 1094 2546 alicubi
1124 2489 1304 2557 inquit
1337 2508 1350 2544 :
1395 2488 1505 2559 Ego
1548 2489 1600 2542 in
1634 2487 1818 2552 Patre,
1853 2497 1908 2543 et
1967 2487 2129 2543 Pater

2249 2467 2274 2481 p
2305 2479 2469 2550 Λέγει
2495 2496 2600 2533 που
2628 2476 2882 2550 Χριστός·
2927 2495 2947 2529 ι
2993 2474 3136 2544 Ἐγὼ
3193 2475 3252 2528 ὲν
3303 2472 3381 2544 τῷ
3420 2474 3620 2545 Πατρὶ,
3654 2475 3752 2528 καὶ
3795 2473 3829 2525 6

545 2584 600 2638 in
627 2598 735 2649 me,
763 2582 929 2638 veluti
956 2582 1136 2636 locum
1173 2580 1488 2649 quemdam,
1527 2579 1618 2648 qui
1652 2594 1710 2633 se
1739 2577 1916 2634 solum
1950 2577 2128 2634 conti-

2235 2573 2430 2644 Πατὴρ
2451 2573 2508 2625 ὲν
2531 2570 2677 2641 ἐμοὶ,
2716 2587 2734 2621 ι
2800 2568 2990 2642 ὥσπερ
3037 2565 3158 2619 τινὰ
3207 2566 3378 2620 τόπον
3409 2566 3598 2620 ἑαυτὸν
3629 2565 3819 2634 ἔχοντα

551 2684 699 2741 neat,
763 2673 1079 2744 signiﬁcans
1127 2671 1371 2735 Patrem,
1404 2680 1459 2725 et
1488 2686 1680 2725 rursus
1709 2671 1927 2726 Patrem
1957 2671 2130 2726 solum

2243 2664 2401 2734 μόνον
2441 2661 2722 2733 σημαίνων
2744 2660 2835 2713 τὸν
2870 2658 3110 2730 Πατέρα,
3136 2657 3232 2712 καὶ
3277 2656 3443 2711 πάλιν
3477 2656 3549 2727 ὡς
3579 2655 3670 2708 τοῦ
3705 2656 3818 2706 [Ια-

552 2769 606 2821 in
636 2767 753 2835 ipso
781 2762 1156 2819 exsistentem.
1217 2761 1273 2815 Si
1306 2775 1435 2830 ergo
1466 2760 1610 2814 aliud
1654 2760 1936 2830 quidpiam
1969 2769 2052 2817 est
2077 2760 2131 2815 in

2240 2754 2366 2824 τρὺς
2401 2752 2552 2815 ὄντος
2583 2752 2642 2804 ὲν
2675 2749 2825 2820 αὑτῷ
2855 2749 3033 2819 μόνον.
3065 2749 3128 2802 El
3153 2748 3334 2802 τοίνυν
3370 2745 3555 2818 ἔτερόν
3584 2745 3637 2798 τι
3669 2746 3817 2797 ἐστιν

556 2833 716 2912 Patre
750 2855 1004 2911 voluntas
1033 2854 1207 2923 ipsius
1257 2868 1419 2923 quam
1457 2851 1648 2915 Filius,
1677 2867 1785 2921 quo
1821 2859 1979 2920 pacto
2003 2865 2134 2906 vero

2242 2846 2300 2898 ὲν
2324 2841 2402 2914 τῷ
2427 2841 2604 2913 Πατρὶ
2633 2839 2787 2912 παρὰ
2813 2841 2904 2893 τὸν
2941 2838 3069 2892 Υἱὸν
3108 2839 3142 2908 ή
3190 2837 3448 2908 βούλησις
3479 2835 3664 2900 αὑτοῦ,
3708 2833 3823 2895 πῶς

554 2949 672 3004 hac
705 2945 948 3007 dixerit?
983 2922 1308 3015 Reperietur
1342 2944 1509 3013 enim,
1553 2943 1708 3012 juxta
1745 2945 1991 3000 insanam
2023 2944 2138 2999 hae-

2243 2931 2533 3004 ἀληθεύσει
2561 2930 2631 2986 τὰ
2662 2929 2888 2984 τοιαῦτα
2927 2928 3138 2996 λέγων;
3162 2927 3491 2999 Εὑρίσκεται
3527 2925 3660 2995 γὰρ,
3690 2922 3822 2977 κατὰ

556 3040 850 3096 reticorum
883 3037 1213 3108 opinionem,
1267 3045 1391 3092 ante
1451 3037 1828 3092 exsistentiam
1861 3033 2005 3102 Filii,
2041 3049 2136 3090 vo-

2245 3025 2343 3095 τὴν
2377 3023 2484 3076 τῶν
2518 3020 2900 3093 χριστομάχων
2959 3019 3180 3090 μανίαν,
3224 3019 3330 3088 πρὸ
3393 3017 3494 3086 τῆς
3545 3013 3819 3087 ὑπάρξεως

558 3133 738 3187 luntas
801 3129 860 3186 in
906 3127 1070 3184 Patre
1119 3129 1410 3196 exsisteus,
1451 3142 1549 3196 per
1606 3143 1770 3198 quam
1817 3127 1992 3183 factus
2031 3135 2138 3192 est,

2246 3115 2340 3169 τοῦ
2370 3113 2525 3180 Υῐοῦ,
2560 3113 2815 3183 βούλησις
2833 3107 2968 3166 οὖσα
3008 3113 3066 3164 ὲν
3095 3111 3294 3182 Πατρὶ,
3322 3109 3445 3164 καθ’
3472 3109 3540 3180 ἢν
3565 3109 3786 3177 γέγονεν
3807 3145 3826 3170 ,

559 3225 710 3278 utilli
741 3223 951 3278 dicunt.
990 3221 1047 3275 Si
1075 3231 1256 3276 autem
1313 3195 1602 3275 vereidicit
1625 3195 1688 3275 se
1732 3222 1788 3274 in
1817 3220 1974 3276 Patre
1997 3233 2141 3287 esse,

2244 3207 2319 3271 ὡς
2358 3205 2556 3260 ἐκεῖνοί
2588 3220 2773 3275 φασιν.
2800 3204 2863 3257 Εἰ
2903 3203 2961 3256 δὲ
2991 3201 3268 3273 ἀληθεύει,
3319 3201 3513 3254 ἑαυτὸν
3562 3201 3622 3253 ὲν
3663 3195 3827 3266 [Ia-.9!

560 3322 616 3369 et
652 3327 862 3378 rursus,
891 3311 1065 3367 solum
1089 3311 1142 3366 in
1175 3325 1235 3366 se
1264 3325 1384 3366 esse
1414 3309 1626 3364 Patrem
1646 3348 1661 3376 ,
1693 3310 1913 3366 ubinam
1939 3311 2143 3366 consti-

2254 3299 2353 3368 μὲν
2384 3293 2524 3352 εἶναι
2559 3297 2806 3367 φάσκων,
2835 3295 2929 3350 καὶ
2963 3294 3149 3359 πάλιν,
3177 3293 3254 3358 ὡς
3278 3293 3439 3364 μόνον
3479 3293 3538 3346 ὲν
3576 3290 3726 3361 αὑτῷ
3745 3288 3833 3341 τὸν

568 3413 749 3459 tuetur
791 3402 1067 3466 voluntas,
1124 3416 1246 3458 cum
1309 3401 1444 3456 nihil
1500 3401 1603 3457 loci
1676 3401 1747 3456 sit
1791 3400 2147 3456 intermedii?

2251 3390 2488 3458 Πατέρα,
2507 3389 2610 3443 ποῦ
2637 3391 2672 3459 ή
2697 3389 2950 3459 βούλησις
2967 3388 3236 3452 κείσεται,
3255 3385 3472 3450 οὑδενὺς
3491 3385 3643 3448 ὄντος
3671 3382 3831 3436 τόπου

569 3496 721 3562 Quod
757 3495 806 3552 si
829 3509 1017 3550 verum
1041 3501 1149 3561 est,
1198 3507 1304 3550 non
1353 3507 1484 3563 ergo
1514 3492 1792 3550 voluntate
1823 3493 2002 3550 factus
2025 3500 2108 3548 est
2131 3532 2150 3558 ,

2256 3481 2459 3554 μεταξύ
2483 3499 2498 3549 ;
2535 3483 2598 3536 Ei
2622 3480 2679 3535 δὲ
2703 3481 2882 3544 τοῦτο,
2904 3480 3003 3533 οὑκ
3027 3479 3137 3551 ἄρα
3173 3478 3427 3550 βουλήσει
3462 3477 3708 3549 γέγονεν,
3728 3471 3837 3529 ἀλλ’

571 3587 666 3643 sed
706 3586 821 3656 ipse
849 3593 933 3642 est
961 3584 1216 3641 voluntas
1250 3583 1452 3640 Patris.

2254 3575 2415 3641 αὑτός
2442 3577 2590 3629 ἐστιν
2619 3576 2653 3644 ή
2691 3571 2786 3627 τοῦ
2813 3573 3029 3645 Πατρὸς
3059 3571 3335 3643 βούλησις.

1251 3695 1481 3754 ALIUD.

2951 3686 3159 3740 AAAO.

642 3813 698 3869 Si
739 3811 1200 3883 quemadmodum
1247 3822 1547 3878 creaturas,
1578 3810 1650 3868 ita
1699 3811 1864 3866 etiam
1886 3809 2156 3866 exsisten-

2326 3806 2390 3859 Ei
2441 3803 2694 3874 καθάπερ
2740 3800 2852 3855 τῶν
2892 3784 3243 3871 ποιημάτων*
3269 3785 3514 3870 ἡγήσατο
3558 3788 3839 3868 βούλησις.

577 3911 703 3964 tiam
727 3905 846 3962 Filii
884 3907 1163 3978 praecessit
1189 3908 1462 3972 voluntas,
1491 3921 1591 3961 cur
1621 3919 1741 3975 quae
1778 3904 1919 3960 idem
1951 3903 2158 3960 habent

2257 3897 2399 3952 οὑτω
2425 3895 2520 3949 καὶ
2546 3895 2646 3964 τῆς
2677 3892 2966 3963 ὑπάρξεως
2993 3889 3088 3943 τοῦ
3119 3887 3380 3960 Χριστοῦ,
3425 3887 3549 3940 ὅτου
3574 3886 3640 3957 δὴ
3686 3886 3849 3957 χάριν

576 3999 942 4072 generationis
974 3999 1298 4070 principium
1323 4007 1376 4054 et
1421 4011 1520 4069 per
1544 3972 1790 4053 eamdem
1818 3995 2154 4052 voluntatem

2257 3989 2327 4043 τὰ
2364 3987 2461 4058 τὴν
2492 3984 2661 4055 αὑτὴν
2721 3982 2911 4054 ἔχοντα
2939 3981 3042 4051 τῆς
3071 3979 3340 4050 γενέσεως
3380 3977 3556 4048 ἀρχὴν
3605 3975 3702 4029 καὶ
3761 3972 3845 4027 διὰ

577 4093 720 4148 faeta
754 4101 899 4156 sunt,
928 4063 1212 4163 tantopere
1239 4093 1382 4147 inter
1403 4063 1464 4148 se
1495 4099 1689 4146 natura
1715 4087 1993 4154 diﬂerunt,
2022 4087 2158 4143 adeo

2258 4080 2358 4149 τῆς
2390 4077 2558 4147 αὑτῆς
2592 4075 2856 4145 γεγονότα
2917 4072 3138 4144 βουλῆς,
3185 4069 3442 4124 τοσοῦτον
3475 4066 3722 4137 ἀλλήλων
3754 4063 3852 4133 τὴν

579 4191 637 4238 nt
663 4184 750 4238 ille
787 4153 1050 4239 Dominus
1079 4153 1150 4239 sit
1183 4191 1238 4239 et
1295 4183 1458 4252 Deus,
1490 4183 1574 4238 has
1602 4179 1827 4238 serviles
1865 4153 2158 4236 sintcrea-

2262 4171 2424 4242 φύσιν
2453 4168 2753 4238 διέστηκεν,
2787 4165 2863 4230 ὡς
2886 4165 2976 4218 τὸν
3011 4165 3109 4234 μὲν
3140 4161 3347 4233 Κύριον
3383 4158 3556 4222 οὑτως
3589 4153 3729 4210 εἶναι
3759 4154 3849 4209 καὶ

583 4274 741 4328 ιιιῐωῖ
764 4273 1109 4330 Manifestum
1139 4281 1320 4329 autem
1355 4250 1446 4330 est
1465 4276 1606 4344 quod
1647 4274 1820 4330 Filius
1845 4273 2033 4330 deitati
2057 4271 2161 4328 Pa-

2262 4264 2414 4330 Θεδν,
2459 4259 2530 4316 τὰ
2560 4260 2618 4314 δὲ
2639 4258 2801 4314 δοὺλά
2823 4275 2882 4311 τε
2907 4257 3001 4311 καὶ
3024 4256 3342 4326 ποιήματας
3384 4253 3524 4306 Ἀλλ’
3558 4250 3677 4304 ἐστι
3695 4250 3853 4321 δῆλον

586 4364 684 4419 tris
713 4363 1034 4419 naturaliter
1064 4363 1251 4419 unitus
1305 4340 1564 4420 Dominus
1594 4365 1670 4418 'et
1720 4363 1921 4419 dicitur
1943 4372 1999 4419 et
2023 4371 2106 4419 est
2144 4380 2158 4418 :

2263 4358 2339 4422 ὠς
2368 4359 2395 4412 ὁ
2427 4354 2524 4426 μὲν
2550 4352 2678 4416 Υἱὸς
2731 4353 2798 4423 τῇ
2828 4352 2924 4404 τοῦ
2960 4346 3178 4419 Πατρδς
3233 4345 3448 4416 θεότητι
3506 4341 3647 4396 κατὰ
3691 4340 3855 4409 φύσιν

585 4464 833 4510 creatura
863 4468 995 4510 vero
1032 4467 1214 4521 serva,
1251 4455 1377 4524 quia
1431 4464 1586 4509 extra
1610 4454 1906 4509 essentiam
1945 4463 2161 4509 creato-

2267 4449 2554 4519 ἑνούμενος
2591 4444 2796 4515 Κύριος
2855 4441 3075 4510 εῐρηται
3138 4438 3231 4491 καὶ
3280 4437 3448 4489 ἔστιν·
3476 4435 3508 4504 ή
3540 4431 3596 4484 δὲ
3650 4430 3853 4493 κτίσις,

591 4549 664 4602 ris
690 4554 796 4614 est,
829 4553 885 4601 et
927 4560 958 4600 a
990 4545 1222 4601 naturali
1268 4521 1342 4599 ad
1392 4545 1610 4601 Patrem
1661 4543 1923 4600 relatione
1964 4545 2160 4600 aliena.

2266 4541 2449 4612 δούλη,
2470 4538 2560 4594 διὰ
2591 4536 2652 4592 τὸ
2675 4534 2780 4603 ἔξω
2816 4532 3032 4586 κεῖσθαι
3056 4529 3158 4601 τῆς
3182 4529 3372 4591 οὑσξας
3424 4523 3519 4580 τοῦ
3556 4521 3858 4592 πεποιηκόο

591 4640 961 4696 Necessarium
995 4639 1159 4708 igitur
1178 4647 1261 4695 est
1290 4647 1352 4694 ut
1391 4655 1511 4708 quae
1561 4643 1765 4693 tantam
1802 4637 1945 4693 inter
1977 4653 2037 4694 se
2061 4638 2160 4693 ha-

2271 4652 2382 4701 τος,
2428 4633 2524 4687 καὶ
2572 4630 2674 4700 τῆς
2721 4627 2861 4699 πρὸς
2913 4624 3004 4678 τὸν
3052 4622 3278 4694 Πατέρα
3330 4618 3568 4690 σχέσεως
3594 4615 3853 4708 φυσικῆς.

594 4734 724 4804 bent
751 4705 1143 4799 diﬂerentiam,
1185 4750 1291 4790 non
1337 4705 1505 4790 unum
1551 4733 1788 4788 habeant
1813 4731 2165 4802 principium.

2286 4727 2524 4796 Ἀνάγκη
2551 4722 2731 4778 τοίνυν
2752 4719 2822 4774 τὰ
2853 4716 3123 4787 τοσαύτην
3146 4715 3339 4784 ἔχοντα
3369 4710 3503 4782 πρὸς
3534 4707 3742 4779 ἄλληλα
3762 4705 3857 4775 τὴν

734 4825 818 4880 ha:
851 4825 1093 4896 quidem,
1128 4835 1190 4882 ut
1233 4835 1520 4889 creaturas,
1571 4839 1639 4881 ex
1691 4799 1969 4879 voluntate
2000 4799 2173 4880 tacta:

2273 4818 2558 4891 διαφορὰν,
2609 4815 2684 4888 μὴ
2725 4813 2856 4884 μίαν
2890 4809 3033 4880 ἔχειν
3080 4808 3274 4879 ἀρχήν.
3325 4802 3489 4896 Ἀλλὰ
3520 4801 3752 4896 τὰ-ιιεν,

589 4927 738 4974 sunt.
788 4886 961 4974 Filius
1015 4928 1217 4985 autem,
1249 4918 1447 4989 quippe
1473 4886 1563 4989 qui
1595 4926 1679 4975 est
1721 4916 1838 4986 ipsa
1882 4916 2172 4982 voluntas,

2277 4886 2581 4981 ποιήματα,
2614 4886 2700 4957 ex
2749 4901 3058 4974 βουλήσεως
3117 4896 3360 4965 γέγονεν.
3409 4893 3468 4945 '0
3515 4891 3573 4944 δὲ
3606 4890 3761 4954 Υἱὸς,
3790 4886 3861 4949 ὡς

590 5018 710 5066 erat
739 5011 808 5068 ab
831 5019 1037 5068 aeterno
1058 5010 1110 5066 in
1145 4983 1398 5070 Patre."
1489 4983 1508 4989 -
1741 4983 1758 4986 _
2101 5064 2110 5072 .

2101 5064 2110 5072 ,
2279 5002 2438 5066 αὑτὸς
2460 5000 2590 5070 ὣνὴ
2623 4995 2897 5067 βούλησις,
2923 4988 2989 5064 ἦν
3023 4989 3207 5052 ἁῖδίως
3241 4989 3298 5042 ὲν
3341 4983 3539 5055 Πατρί.

942 5124 1177 5194 ALIUD,
1204 5127 1276 5182 ad
1301 5126 1378 5182 rei
1400 5126 1819 5198 explicationem.

1811 5165 1819 5180 .
2709 5108 2894 5162 AAAO
2914 5147 2928 5172 ,
2956 5096 3413 5174 διηγηματικῶς.

667 5233 964 5304 Oportebat
1007 5247 1188 5295 autem
1228 5238 1394 5295 hosce
1450 5237 1653 5295 Christi
1703 5238 1891 5294 hostes
1943 5237 2034 5307 qui
2076 5249 2186 5290 non

2344 5227 2494 5282 Ἔδει
2519 5222 2646 5287 τοὺς
2697 5216 3105 5292 χριστομάχους
3149 5207 3577 5280 ἀποτολμῶντας
3631 5204 3864 5307 ἐρωτᾷν,

603 5331 858 5376 verentur
921 5323 1262 5398 interrogare
1286 5341 1370 5381 .an
1403 5327 1679 5384 voluntate
1704 5326 1900 5384 Filium
1925 5328 2176 5398 genuerit

2281 5323 2328 5376 sl
2373 5318 2621 5392 βουλήσει
2651 5315 2745 5368 τὸν
2772 5311 2903 5365 Υῑὸν
2941 5307 3232 5376 ἐγέννησεν
3261 5305 3289 5356 6
3337 5300 3552 5370 Πατὴρ,
3582 5297 3680 5351 καὶ
3710 5295 3867 5350 τοῦτο

601 5413 780 5479 Pater,
807 5411 971 5468 etiam
1025 5389 1351 5473 hocvdicere
1385 5435 1398 5472 :
1459 5417 1541 5471 An
1587 5417 1641 5473 in
1671 5389 1956 5488 prudentia
1981 5416 2178 5472 Filium

2281 5389 2480 5481 λέγειν·
2515 5389 2579 5462 El.
2609 5409 2667 5459 ὲν
2695 5402 2956 5474 φρονήσει
2981 5397 3072 5451 τὸν
3109 5394 3237 5449 Υἰδν
3262 5393 3549 5462 ἐγέννησεν
3579 5391 3608 5444 ὁ
3653 5389 3866 5457 Πατήρ.

601 5501 847 5569 genuerit
870 5499 1049 5556 Pater.
1089 5499 1233 5559 Idem
1267 5503 1412 5560 enim
1437 5479 1689 5558 videntur
1713 5519 1836 5560 esse
1858 5504 2176 5560 deliberatio

2285 5479 2492 5558 Ταυτὸν
2515 5498 2622 5568 γὰρ
2652 5493 2918 5564 ὑπάρχειν
2960 5488 3208 5558 φαίνεται
3249 5482 3412 5554 βουλὴ
3447 5482 3541 5536 καὶ
3582 5479 3867 5569 φρόνησις.

605 5567 658 5644 et
688 5591 991 5660 prudentia.
1022 5589 1299 5662 Siquidem
1333 5594 1583 5665 quiSquis
1647 5595 1846 5663 aliquid
1878 5594 2138 5652 deliberat
2165 5635 2178 5660 ,

2299 5593 2514 5661 Ἐπειδὴ
2559 5590 2661 5642 πᾶν
2720 5586 2855 5657 ὅπερ
2910 5583 2972 5640 ἄν
3027 5597 3107 5645 τις
3147 5576 3495 5650 βουλεύηται,
3559 5570 3725 5625 τοῦτο
3784 5567 3871 5623 καὶ

700 5763 742 5793 ⁷⁸
763 5765 903 5823 I’sal.
941 5785 1110 5833 Lxxn,
1153 5771 1241 5823 2L
