4056 6264
309 289 375 348 95
1721 279 2166 338 THESAURUS.
3504 281 3575 336 9|»

313 407 511 478 ppovef'
538 404 632 458 καὶ
673 405 842 458 πάλιν
881 403 1068 474 ὥσπερ
1097 401 1158 466 ἐξ
1189 401 1660 472 ἁντιστρέφοντος,
1699 402 1729 454 ὃ
1767 419 1921 472 φρον

2023 402 2136 457 dem
2165 401 2329 456 etiam
2365 399 2598 471 prudens
2622 409 2704 454 est
2734 416 2748 452 :
2778 408 2830 453 et
2863 399 2983 454 vice
3012 415 3186 464 versa,
3225 403 3314 470 qui
3341 401 3579 471 prudens

312 501 404 560 νεῖ.
449 497 544 550 καὶ
588 493 934 566 βουλεύεται.
996 492 1321 563 Εὑρίσκεται
1355 491 1487 560 γοῦν
1527 491 1603 554 ὡς
1647 490 1893 544 ἰσοδυνα-

2023 504 2105 556 :st,
2131 493 2273 548 idem
2303 503 2357 547 et
2389 493 2669 548 deliberat.
2697 493 2870 561 Atque
2914 493 2986 545 ita
3029 492 3292 546 Servator
3321 495 3432 561 ipse
3464 494 3580 547 lucc

313 589 517 659 μοῦντα
550 588 852 642 συνάπτων
879 585 1013 639 αὐτὰ
1032 585 1128 638 καὶ
1157 586 1196 638 6'
1225 583 1416 655 Σωτὴρ
1439 585 1524 653 ἐφ’
1553 583 1768 648 ἑαυτοῦ,
1797 583 1896 639 καὶ

2023 588 2166 643 :eluti
2197 587 2590 657 mquipolleutia
2619 585 2899 655 conjungit
2926 585 3114 640 dicens
3143 585 3207 640 de
3251 601 3312 640 se
3350 604 3363 640 ε
3401 585 3580 638 Meum

310 682 506 749 λέγων·
554 679 701 750 Ἐμὴ
740 676 900 749 βουλὴ
951 678 1043 730 καὶ
1079 667 1372 744 ἀσφάλεια,
1416 675 1528 746 ἐμὴ
1590 677 1893 746 φρόνησις,

2023 690 2086 734 :st
2125 678 2404 733 consilium
2433 688 2490 732 et
2541 677 2728 743 tutela,
2757 692 2875 731 mea
2926 676 3036 748 56
3068 677 3346 748 prudentia
3395 687 3448 730 et
3477 693 3568 745 po-

312 769 422 841 ὲμὴ
441 769 502 821 δὲ
530 767 707 839 ἰσχύς.
731 767 937 836 Ὥσπερ
978 765 1089 835 γὰρ
1113 762 1380 833 ἀσφάλεια
1406 763 1501 814 καὶ
1526 761 1681 831 ἰσχὺς
1702 759 1899 812 ταυτόν

2023 767 2188 824 entia.
2218 767 2683 834 Quemadmodum
2715 769 2856 822 enim
2892 769 3058 822 tutela
3087 779 3139 822 et
3170 767 3405 837 potentia
3437 768 3577 820 idem

313 861 494 924 ἐστιν,
531 857 677 912 οὕτω
727 856 818 910 καὶ
861 854 1026 925 βουλὴ
1079 853 1175 907 καὶ
1230 851 1512 922 φρόνησις.
1549 849 1614 902 El
1670 848 1769 917 μὲν
1805 842 1899 900 οὖν

2023 868 2168 922 sunt;
2220 859 2295 913 ita
2343 859 2509 914 etiam
2564 860 2886 916 deliberatio
2916 869 2971 914 et
3005 861 3312 930 prudentia.
3355 860 3410 913 Si
3449 874 3582 928 ergo

315 950 535 1022 ἄφρονὰ
574 966 700 1004 ποτε
749 946 1070 1000 πιστεύουσι
1132 943 1461 1015 γεγενῆσθαι
1513 941 1605 994 τὸν
1639 939 1894 1009 Πατέρα,

2023 953 2397 1022 mprudentem
2434 951 2728 1022 aliquando
2754 951 2927 1008 fuisse
2955 951 3170 1006 Patrem
3232 951 3578 1011 existimant,

319 1042 681 1114 ὲρωτὰτωσαν
709 1041 755 1094 εξ
793 1040 849 1093 ὲν
881 1039 1144 1110 φρονήσει
1200 1036 1499 1107 γεγέννηκε
1519 1033 1613 1086 τὸν
1635 1030 1784 1085 Υξόν.
1830 1031 1894 1083 El

2023 1053 2339 1114 ruterrogent
2367 1059 2438 1098 an
2465 1045 2516 1099 in
2549 1044 2834 1116 prudentia
2877 1043 3130 1113 genuerit
3175 1042 3388 1097 Filium.
3438 1041 3506 1094 At
3537 1042 3582 1096 si

321 1137 381 1190 δὲ
401 1134 674 1207 φρίττουσι
720 1133 883 1187 τοῦτο
925 1133 1022 1185 καὶ
1086 1129 1248 1199 μόνον
1292 1127 1601 1190 ἀκούοντες,
1633 1123 1750 1187 πῶς
1800 1124 1901 1176 οὐκ

2023 1136 2090 1192 vel
2132 1137 2182 1191 id
2213 1135 2498 1190 audientes
2527 1135 2972 1205 perhorrescant,
3003 1150 3114 1204 quo
3139 1143 3301 1204 pacto
3335 1149 3439 1188 non
3481 1133 3584 1186 im-

324 1226 521 1290 ἀσεϐὲς
555 1227 614 1279 τὸ
645 1226 857 1297 ἐρωτᾷν
886 1223 980 1277 καὶ
1009 1221 1188 1290 λέγειν
1222 1222 1305 1288 ἐφ’
1337 1217 1468 1274 Tia-3
1510 1217 1589 1270 τό·
1627 1215 1890 1286 Βουλήσει

2023 1226 2154 1293 pium
2182 1227 2344 1281 fuerit
2367 1226 2708 1296 interrogare
2729 1241 2792 1281 ac
2819 1226 3002 1281 dicere
3049 1229 3115 1281 de
3157 1225 3297 1281 Filio
3337 1243 3350 1278 :
3381 1225 3462 1279 An
3497 1239 3588 1280 vo-

324 1317 682 1390 γεγένηται,ῆ
716 1317 825 1388 μή;
851 1313 1124 1384 τοσαύτην
1156 1311 1252 1367 τοῦ
1279 1311 1437 1380 λόγου
1463 1308 1562 1382 τὴν
1590 1306 1902 1378 δυσφημίαν

2023 1330 2218 1376 ;uutate
2249 1319 2422 1374 factus
2441 1319 2531 1383 sit,
2583 1318 2799 1374 necne?
2823 1334 2944 1374 cum
2973 1320 3074 1373 hoc
3096 1319 3163 1372 ad
3193 1327 3396 1373 tantam
3428 1326 3592 1384 atque

323 1408 678 1480 εἰσφέροντας.

1009 1520 1219 1574 AAAO.

403 1635 462 1688 Ὀ
495 1635 766 1704 μακάριος
801 1631 1010 1695 ῐιαῦλος
1036 1633 1133 1704 τὴν
1160 1630 1586 1702 ἀπαράλλακτον
1611 1630 1906 1699 ὁμοιότητα

329 1726 615 1788 δεικνύων,
646 1725 715 1795 ἦν
741 1727 772 1777 6
793 1724 922 1787 Υῑδς
970 1723 1083 1794 ἔχει
1109 1723 1242 1794 πρὸς
1276 1722 1368 1776 τὸν
1403 1719 1605 1776 ἑαυτοῦ
1648 1720 1867 1790 Πατέρα
1888 1762 1904 1784 ,

2011 1412 2143 1469 illud
2172 1412 2229 1467 in
2253 1410 2486 1468 Verbum
2517 1409 2907 1481 bluSpbetniam
2935 1411 3230 1482 pertineat.

2681 1522 2918 1581 ALIUD.

2085 1641 2286 1697 Beatus
2324 1639 2546 1707 Paulus,
2591 1639 2999 1697 similitudinem
3037 1651 3199 1708 quant
3231 1633 3399 1690 Filius
3431 1632 3592 1687 habet

2017 1748 2138 1790 cum
2170 1733 2330 1788 Patre
2349 1734 2664 1795 ostendens.
2717 1732 2794 1787 ita
2844 1730 3085 1787 scribit:
3148 1746 3167 1780 ι
3205 1727 3305 1795 Qui
3357 1741 3478 1780 cum
3521 1727 3593 1778 sit

335 1819 540 1889 γράφει
569 1818 699 1888 περὶ
725 1815 907 1868 αὐτοῦ’
959 1835 978 1868 σ
1018 1817 1111 1880 Ὃς
1152 1816 1225 1870 ὢν
1257 1814 1598 1885 ἀπαύγασμα
1625 1813 1722 1884 τῆς
1750 1811 1911 1882 δόξης

2023 1825 2265 1895 splendor
2290 1825 2475 1896 gloria:
2499 1834 2553 1880 et
2591 1827 2878 1880 character
2925 1822 3278 1892 bypostaseos
3309 1816 3454 1872 illius
3487 1815 3588 1868 τ’.»

344 1915 439 1968 καὶ
467 1914 743 1984 χαρακτὴρ
772 1913 870 1984 τῆς
931 1913 1278 1978 ὑποστάσεως
1331 1910 1519 1968 αὑτοῦ.
1558 1931 1577 1963 ι
1619 1912 1682 1964 El
1726 1910 1913 1963 τοίνυν

336 2005 618 2075 χαρακτήρ
651 2006 765 2057 ἐστι
800 2005 891 2058 καὶ
933 2005 1102 2059 εἰκὼν
1141 2006 1238 2059 τοῦ
1267 2007 1627 2076 γεννήσαντος
1682 2005 1711 2057 6
1744 2003 1910 2066 Υἱὸς,

329 2094 584 2165 ἐγεννήθη
614 2093 690 2161 δὲ,
724 2095 848 2149 καθ’
873 2096 1043 2165 ὑμᾶς,
1073 2096 1541 2167 προηγησαμένης
1566 2093 1877 2165 βουλήσεως
1895 2133 1910 2156 ο

322 2185 536 2258 ἀνάγκη
563 2187 718 2239 πᾶσα
739 2188 836 2240 καλ⁸
871 2186 964 2242 τὴν
995 2187 1226 2256 Πατέρα
1269 2186 1437 2251 οὕτως
1466 2182 1625 2253 εἶναι,
1661 2185 1852 2255 ὥσπερ
1878 2185 1914 2254 ή

323 2275 492 2330 εἰκὼν
521 2276 693 2330 αὑτοῦ
724 2278 826 2330 καὶ
855 2277 920 2330 τὸ
969 2277 1334 2346 ἀπαύγασμα
1383 2277 1456 2340 ὡς
1499 2278 1595 2330 καὶ
1615 2275 1746 2330 αὐτὸ
1775 2275 1915 2346 ἔχειν

328 2366 764 2438 προηγουμένην
794 2366 964 2420 αὐτοῦ
989 2367 1090 2438 τὴν
1137 2367 1410 2438 βούλησιν.
1432 2368 1494 2421 Εἰ
1518 2368 1575 2421 δὲ
1618 2366 1773 2420 τοῦτο
1799 2367 1918 2420 ἀσε-

330 2459 429 2523 ϐὲς
457 2459 477 2530 (
495 2459 559 2511 οὐ
594 2460 704 2529 γὰρ
735 2461 799 2511 ἐκ
831 2457 1144 2528 βουλήσεώς
1169 2461 1373 2531 ἐστινὴ
1403 2460 1493 2513 τοῦ
1532 2459 1746 2530 Πατρὸς
1765 2459 1920 2514 ούσία

327 2551 424 2603 καὶ
483 2550 868 2619 ὑπόστασις),
925 2549 1140 2620 ἀνάγκη
1192 2552 1340 2604 πᾶσα
1378 2550 1511 2623 μηδὲ
1561 2552 1654 2604 τὸν
1688 2551 1811 2606 Υξὸν
1852 2553 1918 2606 ὲκ

326 2642 642 2714 βουλήσεως
671 2640 833 2709 εἶναι,
860 2641 1129 2713 φρονεῖνῆ
1153 2641 1346 2711 λέγειν.

1035 2757 1239 2811 ΛΛΛο.

543 2874 645 2940 Ὠς
666 2872 740 2938 ἐξ
785 2871 1146 2937 ἀντιθέσεως
1197 2870 1319 2924 τῶν
1361 2872 1694 2940 αιρετικῶν.

406 2986 521 3040 Kal
543 2985 680 3051 πῶς,
710 2984 897 3055 φησιν,
928 2984 1027 3036 οὐκ
1051 2983 1264 3053 ἀνάγκη
1299 2984 1702 3054 συνομολογεῖν,
1724 2983 1920 3055 ὅτιπερ

345 3079 602 3150 seems;
629 3080 739 3132 ἐστι
782 3077 859 3148 τῷ
906 3079 1085 3149 Πατρὶ
1112 3079 1142 3132 6
1173 3078 1326 3141 Υἱὸς,
1356 3078 1473 3147 ήτοι
1505 3077 1808 3149 ἀϐούλητος
1826 3119 1840 3144 ,
1873 3081 1920 3131 εξ

355 3172 430 3243 μὴ
454 3173 519 3225 ὲκ
548 3172 843 3242 βουλήσεως
872 3171 968 3225 καὶ
1007 3170 1282 3242 θελήσεως
1316 3173 1535 3240 γέγονεν
1561 3190 1576 3238 ;

829 3372 987 3441 Πρὸς
1016 3372 1193 3426 τοῦτο
1226 3371 1432 3438 λύσις.

411 3506 736 3560 Δυσωπείτω
757 3505 866 3559 τῶν
897 3506 1286 3578 χριστομάχων
1306 3507 1404 3579 τὴν
1426 3507 1733 3579 πάντολμον
1758 3507 1923 3578 γλῶτ-

341 3613 440 3649 ταν
466 3599 495 3650 6
528 3597 720 3668 Σωτήρ
749 3598 879 3668 περὶ
925 3597 1119 3650 ἑαυτοῦ
1141 3597 1336 3667 λέγων·
1398 3619 1416 3649 ι
1467 3599 1522 3652 ὐ
1553 3598 1747 3671 Πατήρ
1777 3601 1926 3669 φιλεῖ

342 3689 430 3743 τὸν
455 3690 603 3743 Υἱόν.
635 3709 654 3741 ι
691 3690 907 3761 Ὠσπερ
949 3689 1058 3760 γὰρ
1103 3689 1206 3760 ήδη
1264 3690 1586 3764 προείρηται
1611 3731 1627 3756 ,
1677 3693 1739 3745 τὸ
1783 3687 1924 3746 εἶναι

340 3782 547 3852 ἁγαθός
569 3800 629 3836 τε
648 3785 744 3836 καὶ
776 3782 1046 3853 ἐλεήμων,
1085 3782 1199 3853 ἔχει
1241 3783 1360 3854 μὲν,
1387 3784 1488 3837 οὐκ
1519 3786 1582 3838 ὲκ
1609 3783 1923 3856 βουλήσεως

340 3878 421 3941 δὲ,
453 3874 576 3928 οὔτε
610 3876 718 3947 μὴν
745 3875 1062 3946 ἀϐουλήτως
1088 3875 1264 3930 ταῦτά
1293 3878 1428 3931 ἐστι.
1466 3876 1620 3931 Θέλει
1644 3877 1754 3950 γὰρ
1785 3875 1924 3932 εἶναι

338 3967 500 4023 τοῦτο
523 3969 663 4040 ὅπερ
693 3967 843 4022 ἐστὶν
878 3968 967 4021 ἀεὶ
998 3968 1090 4022 καὶ⁹
1136 3967 1309 4024 ἔσται.
1360 3969 1519 4023 Οὕτω
1556 3972 1650 4023 καὶ
1673 3971 1722 4024 εξ
1751 3971 1826 4042 μή
1859 3971 1926 4024 ὲκ

341 4059 650 4130 βουλήσεως
680 4057 942 4127 ἐγέννησε
979 4055 1070 4109 τὸν
1122 4047 1271 4122 Υἱὸν)
1327 4058 1441 4113 ἀλλ’
1472 4059 1574 4112 οὐκ
1609 4059 1926 4130 ἀϐουλήτως

339 4151 501 4206 αὐτὸν
527 4150 665 4220 ἔχει.
715 4148 870 4202 Θέλει
893 4149 1001 4217 γὰρ
1033 4149 1123 4204 τὸν
1158 4149 1285 4202 Υἰὸν
1317 4151 1412 4204 καὶ
1437 4151 1603 4220 φιλεῖ,
1628 4149 1812 4213 καθὼς
1834 4148 1928 4218 γέ·

339 4259 610 4312 γραπται.
653 4240 764 4299 Kal
828 4239 1073 4310 καθάπερ
1117 4243 1145 4294 6
1192 4241 1388 4313 Πατήρ
1435 4242 1534 4312 τῆς
1573 4240 1926 4305 ὑποστάσεως

338 4335 434 4404 τῆς
470 4331 668 4386 ἑαυτοῦ
695 4330 926 4400 Θελητής
958 4333 1124 4396 ἐστιν,
1164 4332 1266 4385 οὐκ
1305 4333 1370 4385 ἐκ
1417 4331 1726 4402 βουλήσεως
1780 4350 1928 4397 τινος

339 4424 498 4477 τοῦτο
523 4424 598 4477 ὣν
623 4424 762 4495 ὅπερ
798 4422 968 4487 ἐστὶν,
1025 4423 1166 4478 οὕτω
1228 4424 1324 4478 καὶ
1372 4425 1400 4478 6
1434 4425 1558 4488 Υἱὸς
1590 4426 1655 4479 ἐκ
1703 4425 1803 4497 τῆς
1829 4423 1924 4478 τοῦ

2015 1919 2072 1973 Si
2105 1932 2236 1988 ergo
2263 1917 2433 1973 Filius
2456 1926 2542 1973 est
2569 1916 2858 1971 character
2885 1925 2940 1968 et
2966 1915 3146 1984 imago
3174 1909 3473 1968 Geuitoris.
3501 1921 3590 1976 ge-

2014 2011 2159 2066 nitus
2179 2017 2356 2065 autem
2387 2019 2494 2077 est,
2527 2019 2585 2064 ut
2627 2024 2723 2065 vos
2767 2007 2969 2071 dicitis,
3008 2004 3353 2077 praecedente
3380 2000 3589 2055 delibe-

2017 2102 2249 2168 ratione,
2274 2102 2636 2158 necessarium
2674 2099 2899 2157 omnino
2937 2097 3105 2152 fuerit
3147 2093 3368 2149 Patrem
3424 2091 3497 2146 ita
3538 2103 3598 2145 se

2016 2194 2238 2259 habere,
2270 2193 2524 2264 utimago
2545 2205 2600 2248 et
2623 2191 2882 2264 splendor
2932 2188 3144 2260 ipsius:
3182 2187 3320 2241 adeo
3351 2195 3409 2239 ut
3429 2184 3598 2238 etiam

2017 2287 2194 2355 ipsum
2220 2285 2561 2355 praecesserit
2591 2284 2935 2340 deliberatio.
2964 2281 3020 2336 Si
3056 2295 3188 2336 vero
3226 2281 3333 2334 hoc
3374 2275 3599 2343 impium

2015 2387 2101 2434 est
2129 2377 2148 2449 (
2178 2391 2351 2446 neque
2375 2376 2517 2432 enim
2557 2389 2624 2430 ex
2658 2372 3048 2430 deliberatione
3071 2377 3154 2424 est
3192 2365 3384 2420 Patris
3408 2377 3596 2418 essen-

2019 2468 2094 2522 tia
2121 2476 2282 2536 atque
2305 2463 2614 2537 ltypostasis
2635 2463 2653 2533 )
2674 2501 2691 2528 ,
2718 2476 2852 2534 ergo
2875 2475 2976 2517 nec
3016 2458 3211 2515 Filium
3231 2470 3300 2512 ex
3327 2452 3602 2509 delibera-

2019 2562 2166 2618 tione
2195 2559 2399 2615 factum
2433 2571 2553 2615 esse
2577 2555 2660 2613 vel
2691 2555 2937 2621 credere,
2962 2551 3047 2608 vel
3078 2550 3262 2607 dicere
3288 2553 3523 2618 oportet.

2688 2748 2921 2806 ALIUD.

2395 2866 2482 2923 Ex
2517 2865 2799 2936 objectioue
2825 2865 3211 2918 haereticorum.

2095 2985 2164 3037 At
2189 2997 2294 3053 quo
2314 2991 2495 3052 pacto,
2527 2979 2803 3050 inquiunt,
2839 2992 2942 3032 non
2973 2974 3138 3029 fuerit
3168 2981 3392 3026 necesse
3443 2963 3606 3017 fateri

2027 3075 2220 3130 Filium
2269 3074 2405 3128 citra
2465 3072 2801 3128 voluntatem
2867 3076 2961 3123 aut
2999 3063 3283 3122 consilium
3333 3055 3480 3113 Patri
3525 3068 3610 3108 ac—

1949 3163 1991 3220 C
2024 3166 2406 3231 cessisse,nisi
2437 3165 2664 3222 consilio
2713 3171 2770 3220 et
2827 3161 3108 3216 voluntate
3159 3152 3499 3227 praecedente
3537 3145 3616 3200 la-

2029 3268 2151 3315 etus
2176 3258 2294 3315 est?

2555 3370 2758 3426 Salutio
2789 3369 3108 3442 objectionis.

2017 3507 2026 3539 '
2101 3506 2375 3562 Retundat
2411 3505 2778 3576 impudentem
2825 3507 3059 3562 hostium
3111 3503 3314 3560 Christi
3363 3504 3607 3574 linguam

2031 3598 2292 3654 Servator
2319 3599 2432 3670 ipse
2462 3600 2535 3654 ita
2595 3599 2662 3655 de
2707 3615 2767 3655 se
2805 3599 2995 3654 dicens
3033 3616 3046 3654 :
3085 3615 3104 3649 ι
3135 3595 3297 3651 Pater
3329 3605 3478 3650 amat
3523 3593 3614 3648 Fi-

2030 3691 2160 3747 lium
2185 3691 2253 3745 ⁸⁸.
2296 3711 2315 3744 ›
2373 3691 2834 3760 Quemadmodum
2886 3690 3031 3746 enim
3113 3687 3227 3758 jam
3279 3687 3482 3744 dictum
3531 3697 3616 3740 est

2031 3784 2174 3856 quod
2205 3783 2379 3842 bonus
2411 3785 2484 3841 sit
2537 3793 2592 3839 et
2639 3783 2974 3846 misericors,
3002 3781 3164 3836 habet
3195 3779 3248 3835 id
3282 3795 3388 3834 non
3420 3794 3485 3834 ex
3517 3791 3616 3831 vo-

2031 3877 2258 3944 luntate,
2317 3877 2412 3934 sed
2463 3892 2640 3946 neque
2696 3877 2904 3944 absque
2954 3873 3237 3928 voluntate
3288 3873 3405 3941 hac
3468 3877 3611 3920 sunt.

2033 3968 2324 4025 Vultenim
2350 3982 2472 4024 esse
2503 3968 2556 4022 id
2575 3966 2716 4036 quod
2741 3975 2824 4021 est
2849 3977 3065 4032 semper
3096 3971 3150 4014 et
3171 3959 3294 4014 erit.
3320 3957 3396 4011 Ita
3426 3957 3613 4020 etiam,

2031 4059 2158 4116 licet
2191 4075 2296 4115 non
2326 4075 2394 4114 ex
2417 4057 2695 4113 voluntate
2728 4056 2976 4126 genuerit
3027 4053 3247 4118 Filium,
3291 4066 3397 4106 non
3427 4060 3606 4105 tamen

2031 4155 2237 4224 absque
2264 4151 2542 4207 voluntate
2573 4149 2722 4203 illum
2747 4148 2930 4205 habet.
2964 4144 3090 4201 Vult
3124 4147 3269 4201 enim
3309 4145 3508 4201 Filium
3562 4155 3618 4199 et

2034 4255 2203 4314 amat,
2235 4247 2376 4302 sicut
2400 4242 2663 4314 scriptum
2712 4251 2817 4300 est.
2849 4240 2916 4296 Et
2963 4241 3419 4312 quemadmodum
3456 4238 3618 4294 Pater

2033 4354 2188 4395 suam
2236 4338 2406 4409 ipsius
2449 4338 2784 4410 ltypostasim
2829 4335 2960 4403 vult,
3012 4351 3187 4405 neque
3220 4344 3399 4390 tamen
3427 4349 3493 4389 ex
3522 4348 3614 4387 vo-

2033 4431 2240 4486 luntate
2263 4439 2347 4486 est
2376 4430 2426 4486 id
2456 4431 2597 4500 quod
2622 4441 2706 4487 est
2731 4471 2747 4497 ,
2785 4429 2859 4486 ita
2885 4430 3050 4486 etiam
3074 4429 3244 4484 Filius
3270 4445 3336 4485 ex
3377 4428 3615 4484 essentia

342 4515 562 4583 Πατρὶις
585 4516 769 4580 οὐσίας
817 4515 1118 4586 προελθὼν,
1146 4516 1247 4570 οὐκ
1271 4516 1531 4587 ἀθέλητός
1567 4517 1713 4571 ἐστιν
1745 4515 1920 4588 αὐτῷ,

2034 4524 2212 4579 Patris
2250 4527 2574 4594 procedens,
2606 4540 2712 4579 non
2745 4525 2796 4579 ei
2834 4524 2990 4578 adest
3025 4533 3220 4592 praeter
3244 4522 3412 4592 ipsius
3432 4521 3620 4575 volun.-

343 4608 394 4659 εξ
416 4606 514 4658 καὶ
546 4605 788 4678 βούλησις
813 4608 1054 4680 οὐδαμοῦ
1068 4609 1168 4680 τῆς
1191 4610 1499 4680 γεννήσεως
1531 4609 1923 4682 προδραμοῦσα

347 4698 621 4768 φαίνεται.

1025 4816 1229 4870 AAAO.
1633 4860 1637 4862 -

416 4926 480 4979 Εἰ
506 4925 843 4998 ἀπαύγασμα
881 4929 977 4982 καὶ
1006 4929 1288 5000 χαρακτήρ
1338 4928 1453 4984 ἐστι
1499 4927 1593 4984 τοῦ
1636 4929 1850 5001 Πατρδς
1898 4930 1927 4982 6

347 5016 492 5083 Υἱὸς,
518 5018 709 5088 γέγονε
737 5020 796 5073 δὲ
824 5019 1064 5089 θελήσει,
1087 5019 1210 5074 καθ’
1238 5021 1405 5090 ὑμᾶς,
1452 5015 1521 5091 ἦν
1564 5021 1672 5090 ἄρα
1727 5021 1921 5090 χρόνος

345 5111 432 5163 ὅτε
454 5111 553 5165 οὐκ
583 5107 670 5184 ἦν,
703 5112 826 5167 καθ’
871 5112 931 5166 ὃν
984 5114 1016 5185 ή
1069 5113 1197 5184 περὶ
1241 5111 1405 5166 αὐτοῦ
1455 5111 1673 5183 Θέλησις
1695 5112 1925 5166 ἐκινεῖτο

346 5203 494 5275 παρὰ
523 5203 602 5274 τῷ
652 5203 852 5277 Πατρξ.
902 5204 1111 5258 Οὐκοῦν
1142 5199 1210 5276 ἦν
1262 5221 1395 5258 ποτε
1438 5204 1528 5256 ὅτε
1557 5203 1726 5275 χωρὶς
1752 5205 1926 5258 ἀπαυ-

341 5296 620 5366 γάσματος
637 5291 705 5368 ἦν
743 5300 772 5351 6
805 5296 940 5362 Θεὸς
981 5296 1075 5350 xal
1106 5296 1226 5367 δίχα
1276 5295 1648 5368 χαρακτῆρος.
1705 5296 1836 5361 Kal,
1880 5297 1928 5349 el

338 5385 397 5438 τὸ
426 5385 555 5441 ἴδιον
582 5388 683 5460 τῆς
719 5387 916 5451 οὐσίας
975 5386 1069 5440 τοῦ
1105 5388 1319 5458 Πατρός
1369 5390 1515 5441 ἐστιν
1571 5388 1598 5439 6
1647 5386 1798 5450 Υἱὸς,
1830 5388 1930 5441 οὐκ

335 5470 400 5547 ἦν
429 5477 487 5531 δέ
509 5496 663 5544 ποτε,
689 5478 818 5534 καθ’
844 5479 1013 5549 ὑμᾶς,
1065 5478 1180 5531 ἴσον
1207 5478 1346 5530 ἐστὶ.
1372 5477 1450 5548 τῷ
1502 5477 1702 5543 λέγειν·
1734 5479 1834 5531 οὐκ
1862 5475 1928 5550 ἦν

333 5588 455 5626 ποτε
481 5570 790 5646 γεννητική
826 5569 925 5624 τοῦ
956 5568 1170 5640 Πατρὸς
1203 5570 1234 5639 ἡ
1266 5569 1442 5623 ούσεω
1504 5569 1618 5625 ἀλλ’
1652 5569 1839 5643 ὥσπερ
1867 5572 1927 5624 ἔκ

389 5758 430 5790 7³
473 5757 644 5814 Hebr.
693 5774 732 5818 ι.
780 5754 838 5809 5.
925 5751 969 5782 ⁸⁰
1011 5747 1166 5803 .Iuan.
1208 5766 1286 5814 tu,
1321 5751 1407 5807 55.

2028 4626 2214 4684 tatem,
2248 4617 2463 4672 tametsi
2509 4616 2760 4671 voluntas
2783 4618 2898 4672 sive
2953 4613 3278 4672 deliberatio
3301 4611 3615 4682 generatio-

2028 4725 2152 4765 nem
2191 4722 2530 4780 nequaquam
2555 4708 2918 4778 praecesserit.

2711 4820 2945 4877 ALIUD.

2103 4930 2159 4986 Si
2191 4933 2441 5002 splendor
2466 4943 2522 4987 et
2542 4933 2828 4988 character
2863 4931 3044 4984 Patris
3091 4936 3174 4982 est
3205 4922 3397 4987 Filius,
3441 4921 3620 4976 factus

2025 5034 2204 5079 autem
2229 5032 2392 5079 estex
2416 5023 2718 5087 voluntate,
2743 5029 2801 5074 ut
2827 5027 3005 5074 vestra
3031 5018 3136 5072 fert
3159 5013 3500 5084 opinio,erat
3517 5011 3620 5066 ita-

2027 5132 2131 5189 que
2168 5125 2377 5187 tempus
2420 5115 2636 5185 quando
2669 5128 2774 5166 non
2819 5119 2953 5173 erat,
2995 5110 3047 5162 in
3086 5122 3195 5178 quo
3217 5105 3384 5160 Pater
3435 5105 3619 5162 consi-

2027 5208 2158 5263 lium
2201 5222 2357 5263 suum
2407 5206 2473 5261 de
2529 5203 2619 5259 illo
2667 5202 2925 5275 agitabat.
2965 5199 3092 5256 Fuit
3119 5199 3284 5272 igitur
3317 5201 3482 5253 etiam
3517 5197 3616 5250 ali-

2031 5296 2246 5364 quando
2274 5297 2414 5350 Deus
2445 5294 2651 5364 absque
2693 5308 2792 5349 suo
2844 5291 3130 5361 Splendore
3165 5301 3221 5346 et
3267 5291 3611 5344 charactere.

2033 5388 2118 5455 Et,
2150 5389 2194 5442 si
2227 5389 2504 5459 proprium
2531 5387 2783 5443 essentia:
2803 5385 2984 5439 Patris
3011 5383 3116 5461 57
3149 5393 3231 5440 est
3259 5379 3612 5447 Filius,atqui

2033 5482 2078 5536 is
2115 5480 2405 5549 aliquando
2428 5495 2536 5536 non
2567 5479 2694 5544 fuit,
2720 5486 2776 5532 ut
2806 5489 2902 5530 vos
2936 5475 3142 5539 dicitis,
3183 5476 3324 5527 idem
3363 5479 3446 5524 est
3480 5484 3543 5523 ac
3568 5469 3614 5522 si

2034 5574 2182 5630 dicas
2214 5575 2581 5644 generativam
2609 5571 2788 5627 Patris
2837 5567 3137 5624 essentiam
3173 5563 3464 5636 aliquando
3512 5577 3616 5616 non
