  <div class='ocr_page' id='page_1' title='image "/cluster/home/n/w/nwhite01/storage/ocr_20150623/75/mdp.39015078384495/055.png"; bbox 0 0 4056 6264; ppageno 0'>
   <div class='ocr_carea' id='block_1_1' title="bbox 527 308 3813 375">
    <p class='ocr_par' dir='ltr' id='par_1_1' title="bbox 527 308 3813 375">
     <span class='ocr_line' id='line_1_1' title="bbox 527 308 3813 375; baseline -0.005 -1"><span class='ocrx_word' id='word_1_1' title='bbox 527 316 599 375; x_wconf 82' lang='lat'><strong>95</strong></span> <span class='ocrx_word' id='word_1_2' title='bbox 1563 316 1623 370; x_wconf 92' lang='lat' dir='ltr'><strong>S.</strong></span> <span class='ocrx_word' id='word_1_3' title='bbox 1664 313 1942 371; x_wconf 77' lang='lat' dir='ltr'><strong>CYRILLI</strong></span> <span class='ocrx_word' id='word_1_4' title='bbox 1980 309 2451 368; x_wconf 73' lang='lat' dir='ltr'><strong>ALEXANDRINI</strong></span> <span class='ocrx_word' id='word_1_5' title='bbox 2486 308 2806 368; x_wconf 77' lang='lat' dir='ltr'><strong>ARCHIEP.</strong></span> <span class='ocrx_word' id='word_1_6' title='bbox 3745 311 3813 367; x_wconf 80' lang='lat'><strong>96</strong></span> 
     </span>
    </p>
   </div>
   <div class='ocr_carea' id='block_1_2' title="bbox 525 427 2118 506">
    <p class='ocr_par' dir='ltr' id='par_1_2' title="bbox 525 434 2116 506">
     <span class='ocr_line' id='line_1_2' title="bbox 525 434 2116 506; baseline -0.002 -16"><span class='ocrx_word' id='word_1_7' title='bbox 525 434 820 500; x_wconf 82' lang='lat' dir='ltr'><strong>exstitisse,</strong></span> <span class='ocrx_word' id='word_1_8' title='bbox 859 435 957 490; x_wconf 89' lang='lat' dir='ltr'><strong>sed</strong></span> <span class='ocrx_word' id='word_1_9' title='bbox 991 434 1160 494; x_wconf 83' lang='lat' dir='ltr'><strong>veluti</strong></span> <span class='ocrx_word' id='word_1_10' title='bbox 1201 450 1268 490; x_wconf 83' lang='lat' dir='ltr'><strong>ex</strong></span> <span class='ocrx_word' id='word_1_11' title='bbox 1314 434 1620 492; x_wconf 86' lang='lat' dir='ltr'><strong>mutatione</strong></span> <span class='ocrx_word' id='word_1_12' title='bbox 1640 436 1876 506; x_wconf 89' lang='lat' dir='ltr'><strong>quadam</strong></span> <span class='ocrx_word' id='word_1_13' title='bbox 1907 449 1972 490; x_wconf 91' lang='lat' dir='ltr'><strong>eo</strong></span> <span class='ocrx_word' id='word_1_14' title='bbox 2005 445 2116 489; x_wconf 86' lang='lat' dir='ltr'><strong>tra-</strong></span> 
     </span>
    </p>
   </div>
   <div class='ocr_carea' id='block_1_3' title="bbox 2223 427 3812 506">
    <p class='ocr_par' dir='ltr' id='par_1_3' title="bbox 2223 427 3812 504">
     <span class='ocr_line' id='line_1_3' title="bbox 2223 427 3812 504; baseline -0.002 -16"><span class='ocrx_word' id='word_1_15' title='bbox 2223 451 2362 498; x_wconf 86' lang='grc' dir='ltr'>τινος</span> <span class='ocrx_word' id='word_1_16' title='bbox 2399 431 2703 504; x_wconf 77' lang='grc' dir='ltr'>μεταϐολῆς</span> <span class='ocrx_word' id='word_1_17' title='bbox 2736 432 2816 494; x_wconf 80' lang='grc' dir='ltr'>εἰς</span> <span class='ocrx_word' id='word_1_18' title='bbox 2880 427 3040 482; x_wconf 80' lang='grc' dir='ltr'>τοῦτο</span> <span class='ocrx_word' id='word_1_19' title='bbox 3101 427 3379 499; x_wconf 79' lang='grc' dir='ltr'><strong>παρῆλθεν</strong></span> <span class='ocrx_word' id='word_1_20' title='bbox 3433 428 3812 499; x_wconf 77' lang='grc' dir='ltr'><strong>ἀποκυήσασα</strong></span> 
     </span>
    </p>
   </div>
   <div class='ocr_carea' id='block_1_4' title="bbox 527 511 2111 597">
    <p class='ocr_par' dir='ltr' id='par_1_4' title="bbox 527 511 2111 597">
     <span class='ocr_line' id='line_1_4' title="bbox 527 511 2111 597; baseline 0 -17"><span class='ocrx_word' id='word_1_21' title='bbox 527 527 746 581; x_wconf 89' lang='lat' dir='ltr'><strong>ductam</strong></span> <span class='ocrx_word' id='word_1_22' title='bbox 778 526 950 582; x_wconf 76' lang='lat' dir='ltr'><strong>fuisse</strong></span> <span class='ocrx_word' id='word_1_23' title='bbox 978 535 1038 580; x_wconf 94' lang='lat' dir='ltr'><strong>ut</strong></span> <span class='ocrx_word' id='word_1_24' title='bbox 1074 527 1322 597; x_wconf 76' lang='lat' dir='ltr'><strong>gigneret</strong></span> <span class='ocrx_word' id='word_1_25' title='bbox 1348 525 1561 582; x_wconf 87' lang='lat' dir='ltr'><strong>Filium.</strong></span> <span class='ocrx_word' id='word_1_26' title='bbox 1600 526 1656 582; x_wconf 89' lang='lat' dir='ltr'><strong>Si</strong></span> <span class='ocrx_word' id='word_1_27' title='bbox 1693 541 1820 582; x_wconf 84' lang='lat' dir='ltr'><strong>vero</strong></span> <span class='ocrx_word' id='word_1_28' title='bbox 1857 526 1909 581; x_wconf 93' lang='lat' dir='ltr'><strong>id</strong></span> <span class='ocrx_word' id='word_1_29' title='bbox 1939 535 1991 581; x_wconf 87' lang='lat' dir='ltr'><strong>et</strong></span> <span class='ocrx_word' id='word_1_30' title='bbox 2019 511 2111 580; x_wconf 89' lang='lat' dir='ltr'><strong>co-</strong></span> 
     </span>
    </p>
   </div>
   <div class='ocr_carea' id='block_1_5' title="bbox 527 617 2109 688">
    <p class='ocr_par' dir='ltr' id='par_1_5' title="bbox 527 617 2109 688">
     <span class='ocr_line' id='line_1_5' title="bbox 527 617 2109 688; baseline -0.001 -17"><span class='ocrx_word' id='word_1_31' title='bbox 527 619 701 688; x_wconf 89' lang='lat' dir='ltr'><strong>gitatu</strong></span> <span class='ocrx_word' id='word_1_32' title='bbox 731 627 787 672; x_wconf 91' lang='lat' dir='ltr'><strong>et</strong></span> <span class='ocrx_word' id='word_1_33' title='bbox 819 617 966 672; x_wconf 91' lang='lat' dir='ltr'><strong>dictu</strong></span> <span class='ocrx_word' id='word_1_34' title='bbox 1004 617 1228 688; x_wconf 87' lang='lat' dir='ltr'><strong>impium</strong></span> <span class='ocrx_word' id='word_1_35' title='bbox 1257 625 1362 685; x_wconf 89' lang='lat' dir='ltr'><strong>est,</strong></span> <span class='ocrx_word' id='word_1_36' title='bbox 1395 634 1463 674; x_wconf 92' lang='lat' dir='ltr'><strong>ne</strong></span> <span class='ocrx_word' id='word_1_37' title='bbox 1507 618 1662 683; x_wconf 89' lang='lat' dir='ltr'><strong>illud,</strong></span> <span class='ocrx_word' id='word_1_38' title='bbox 1704 617 2015 682; x_wconf 73' lang='lat' dir='ltr'><strong>Voluptate,</strong></span> <span class='ocrx_word' id='word_1_39' title='bbox 2041 631 2109 670; x_wconf 89' lang='lat' dir='ltr'><strong>an</strong></span> 
     </span>
    </p>
   </div>
   <div class='ocr_carea' id='block_1_6' title="bbox 529 708 2114 779">
    <p class='ocr_par' dir='ltr' id='par_1_6' title="bbox 529 708 2114 779">
     <span class='ocr_line' id='line_1_6' title="bbox 529 708 2114 779; baseline 0.004 -17"><span class='ocrx_word' id='word_1_40' title='bbox 529 725 657 774; x_wconf 90' lang='lat' dir='ltr'><strong>non,</strong></span> <span class='ocrx_word' id='word_1_41' title='bbox 683 710 750 764; x_wconf 93' lang='lat' dir='ltr'><strong>de</strong></span> <span class='ocrx_word' id='word_1_42' title='bbox 775 708 914 765; x_wconf 89' lang='lat' dir='ltr'><strong>Filio</strong></span> <span class='ocrx_word' id='word_1_43' title='bbox 940 709 1223 779; x_wconf 72' lang='lat' dir='ltr'><strong>obiiciant.</strong></span> <span class='ocrx_word' id='word_1_44' title='bbox 1253 709 1408 766; x_wconf 92' lang='lat' dir='ltr'><strong>Sicut</strong></span> <span class='ocrx_word' id='word_1_45' title='bbox 1427 711 1576 766; x_wconf 89' lang='lat' dir='ltr'><strong>enim</strong></span> <span class='ocrx_word' id='word_1_46' title='bbox 1609 710 1768 764; x_wconf 83' lang='lat' dir='ltr'><strong>Pater</strong></span> <span class='ocrx_word' id='word_1_47' title='bbox 1790 709 2114 768; x_wconf 74' lang='lat' dir='ltr'><strong>naturaliter</strong></span> 
     </span>
    </p>
   </div>
   <div class='ocr_carea' id='block_1_7' title="bbox 530 801 1873 873">
    <p class='ocr_par' dir='ltr' id='par_1_7' title="bbox 530 801 1873 873">
     <span class='ocr_line' id='line_1_7' title="bbox 530 801 1873 873; baseline 0 -17"><span class='ocrx_word' id='word_1_48' title='bbox 530 809 614 856; x_wconf 88' lang='lat' dir='ltr'><strong>est</strong></span> <span class='ocrx_word' id='word_1_49' title='bbox 651 801 846 870; x_wconf 88' lang='lat' dir='ltr'><strong>bonus,</strong></span> <span class='ocrx_word' id='word_1_50' title='bbox 879 801 951 856; x_wconf 89' lang='lat' dir='ltr'><strong>ita</strong></span> <span class='ocrx_word' id='word_1_51' title='bbox 975 802 1140 856; x_wconf 88' lang='lat' dir='ltr'><strong>etiam</strong></span> <span class='ocrx_word' id='word_1_52' title='bbox 1162 802 1482 857; x_wconf 91' lang='lat' dir='ltr'><strong>naturaliter</strong></span> <span class='ocrx_word' id='word_1_53' title='bbox 1504 801 1873 873; x_wconf 81' lang='lat' dir='ltr'><strong>generativns.</strong></span> 
     </span>
    </p>
   </div>
   <div class='ocr_carea' id='block_1_8' title="bbox 919 933 1720 1008">
    <p class='ocr_par' dir='ltr' id='par_1_8' title="bbox 919 933 1720 1008">
     <span class='ocr_line' id='line_1_8' title="bbox 919 933 1720 1008; baseline 0.004 -18"><span class='ocrx_word' id='word_1_54' title='bbox 919 933 1147 1003; x_wconf 74' lang='lat' dir='ltr'><strong>ALIUD,</strong></span> <span class='ocrx_word' id='word_1_55' title='bbox 1191 935 1260 990; x_wconf 86' lang='lat' dir='ltr'><strong>ad</strong></span> <span class='ocrx_word' id='word_1_56' title='bbox 1297 936 1720 1008; x_wconf 69' lang='lat' dir='ltr'><strong>explicationem.</strong></span> 
     </span>
    </p>
   </div>
   <div class='ocr_carea' id='block_1_9' title="bbox 603 1043 2114 1118">
    <p class='ocr_par' dir='ltr' id='par_1_9' title="bbox 603 1043 2114 1118">
     <span class='ocr_line' id='line_1_9' title="bbox 603 1043 2114 1118; baseline 0.003 -20"><span class='ocrx_word' id='word_1_57' title='bbox 603 1043 660 1098; x_wconf 88' lang='lat' dir='ltr'><strong>Si</strong></span> <span class='ocrx_word' id='word_1_58' title='bbox 693 1044 872 1099; x_wconf 90' lang='lat' dir='ltr'><strong>omnis</strong></span> <span class='ocrx_word' id='word_1_59' title='bbox 902 1043 1150 1101; x_wconf 74' lang='lat' dir='ltr'><strong>voluntas</strong></span> <span class='ocrx_word' id='word_1_60' title='bbox 1178 1061 1298 1114; x_wconf 72' lang='lat' dir='ltr'><strong>quae</strong></span> <span class='ocrx_word' id='word_1_61' title='bbox 1330 1045 1382 1100; x_wconf 91' lang='lat' dir='ltr'><strong>in</strong></span> <span class='ocrx_word' id='word_1_62' title='bbox 1416 1062 1688 1118; x_wconf 88' lang='lat' dir='ltr'><strong>quoquam</strong></span> <span class='ocrx_word' id='word_1_63' title='bbox 1721 1046 1780 1102; x_wconf 85' lang='lat' dir='ltr'><strong>iit</strong></span> <span class='ocrx_word' id='word_1_64' title='bbox 1839 1062 1945 1102; x_wconf 89' lang='lat' dir='ltr'><strong>non</strong></span> <span class='ocrx_word' id='word_1_65' title='bbox 1994 1048 2114 1102; x_wconf 84' lang='lat' dir='ltr'><strong>abs-</strong></span> 
     </span>
    </p>
   </div>
   <div class='ocr_carea' id='block_1_10' title="bbox 532 1137 2112 1218">
    <p class='ocr_par' dir='ltr' id='par_1_10' title="bbox 532 1137 2112 1218">
     <span class='ocr_line' id='line_1_10' title="bbox 532 1137 2112 1218; baseline 0.003 -28"><span class='ocrx_word' id='word_1_66' title='bbox 532 1152 636 1206; x_wconf 87' lang='lat' dir='ltr'><strong>que</strong></span> <span class='ocrx_word' id='word_1_67' title='bbox 664 1137 830 1193; x_wconf 75' lang='lat' dir='ltr'><strong>verbo</strong></span> <span class='ocrx_word' id='word_1_68' title='bbox 869 1137 942 1218; x_wconf 25' lang='lat' dir='ltr'><strong>ﬁt,</strong></span> <span class='ocrx_word' id='word_1_69' title='bbox 970 1137 1255 1210; x_wconf 82' lang='lat' dir='ltr'><strong>(voluntas</strong></span> <span class='ocrx_word' id='word_1_70' title='bbox 1287 1139 1429 1194; x_wconf 89' lang='lat' dir='ltr'><strong>enim</strong></span> <span class='ocrx_word' id='word_1_71' title='bbox 1466 1149 1550 1196; x_wconf 90' lang='lat' dir='ltr'><strong>est</strong></span> <span class='ocrx_word' id='word_1_72' title='bbox 1581 1141 1806 1197; x_wconf 84' lang='lat' dir='ltr'><strong>verbum</strong></span> <span class='ocrx_word' id='word_1_73' title='bbox 1845 1140 2112 1196; x_wconf 85' lang='lat' dir='ltr'><strong>occultum</strong></span> 
     </span>
    </p>
   </div>
   <div class='ocr_carea' id='block_1_11' title="bbox 531 1229 2113 1304">
    <p class='ocr_par' dir='ltr' id='par_1_11' title="bbox 531 1229 2113 1304">
     <span class='ocr_line' id='line_1_11' title="bbox 531 1229 2113 1304; baseline 0.001 -21"><span class='ocrx_word' id='word_1_74' title='bbox 531 1230 674 1300; x_wconf 91' lang='lat' dir='ltr'><strong>quod</strong></span> <span class='ocrx_word' id='word_1_75' title='bbox 709 1229 763 1285; x_wconf 91' lang='lat' dir='ltr'><strong>in</strong></span> <span class='ocrx_word' id='word_1_76' title='bbox 801 1231 967 1286; x_wconf 88' lang='lat' dir='ltr'><strong>corde</strong></span> <span class='ocrx_word' id='word_1_77' title='bbox 1003 1231 1306 1304; x_wconf 82' lang='lat' dir='ltr'><strong>agitatur),</strong></span> <span class='ocrx_word' id='word_1_78' title='bbox 1341 1230 1513 1287; x_wconf 87' lang='lat' dir='ltr'><strong>Filius</strong></span> <span class='ocrx_word' id='word_1_79' title='bbox 1549 1241 1729 1288; x_wconf 87' lang='lat' dir='ltr'><strong>autem</strong></span> <span class='ocrx_word' id='word_1_80' title='bbox 1764 1240 1848 1288; x_wconf 88' lang='lat' dir='ltr'><strong>est</strong></span> <span class='ocrx_word' id='word_1_81' title='bbox 1885 1229 2113 1286; x_wconf 83' lang='lat' dir='ltr'><strong>Verbum</strong></span> 
     </span>
    </p>
   </div>
   <div class='ocr_carea' id='block_1_12' title="bbox 530 1320 2114 1392">
    <p class='ocr_par' dir='ltr' id='par_1_12' title="bbox 530 1320 2114 1392">
     <span class='ocr_line' id='line_1_12' title="bbox 530 1320 2114 1392; baseline 0.002 -17"><span class='ocrx_word' id='word_1_82' title='bbox 530 1320 738 1387; x_wconf 82' lang='lat' dir='ltr'><strong>Patris,</strong></span> <span class='ocrx_word' id='word_1_83' title='bbox 772 1321 915 1377; x_wconf 90' lang='lat' dir='ltr'><strong>idem</strong></span> <span class='ocrx_word' id='word_1_84' title='bbox 947 1323 1112 1392; x_wconf 81' lang='lat' dir='ltr'><strong>igitur</strong></span> <span class='ocrx_word' id='word_1_85' title='bbox 1141 1324 1305 1378; x_wconf 91' lang='lat' dir='ltr'><strong>etiam</strong></span> <span class='ocrx_word' id='word_1_86' title='bbox 1337 1331 1422 1379; x_wconf 89' lang='lat' dir='ltr'><strong>est</strong></span> <span class='ocrx_word' id='word_1_87' title='bbox 1447 1323 1702 1379; x_wconf 80' lang='lat' dir='ltr'><strong>voluntas</strong></span> <span class='ocrx_word' id='word_1_88' title='bbox 1732 1323 1921 1392; x_wconf 88' lang='lat' dir='ltr'><strong>ipsius.</strong></span> <span class='ocrx_word' id='word_1_89' title='bbox 1951 1323 2114 1392; x_wconf 81' lang='lat' dir='ltr'><strong>Atqui</strong></span> 
     </span>
    </p>
   </div>
   <div class='ocr_carea' id='block_1_13' title="bbox 531 1413 2115 1483">
    <p class='ocr_par' dir='ltr' id='par_1_13' title="bbox 531 1413 2115 1483">
     <span class='ocr_line' id='line_1_13' title="bbox 531 1413 2115 1483; baseline 0.003 -20"><span class='ocrx_word' id='word_1_90' title='bbox 531 1428 638 1482; x_wconf 86' lang='lat' dir='ltr'><strong>quo</strong></span> <span class='ocrx_word' id='word_1_91' title='bbox 667 1423 825 1480; x_wconf 87' lang='lat' dir='ltr'><strong>pacto</strong></span> <span class='ocrx_word' id='word_1_92' title='bbox 850 1413 1102 1468; x_wconf 82' lang='lat' dir='ltr'><strong>voluntas</strong></span> <span class='ocrx_word' id='word_1_93' title='bbox 1133 1413 1186 1468; x_wconf 92' lang='lat' dir='ltr'><strong>in</strong></span> <span class='ocrx_word' id='word_1_94' title='bbox 1212 1414 1486 1469; x_wconf 85' lang='lat' dir='ltr'><strong>voluntate</strong></span> <span class='ocrx_word' id='word_1_95' title='bbox 1516 1414 1610 1468; x_wconf 82' lang='lat' dir='ltr'><strong>ill?</strong></span> <span class='ocrx_word' id='word_1_96' title='bbox 1636 1422 1729 1468; x_wconf 89' lang='lat' dir='ltr'><strong>aut</strong></span> <span class='ocrx_word' id='word_1_97' title='bbox 1759 1414 1850 1483; x_wconf 85' lang='lat' dir='ltr'><strong>qui</strong></span> <span class='ocrx_word' id='word_1_98' title='bbox 1878 1413 2115 1469; x_wconf 80' lang='lat' dir='ltr'><strong>Verbum</strong></span> 
     </span>
    </p>
   </div>
   <div class='ocr_carea' id='block_1_14' title="bbox 534 1503 2118 1575">
    <p class='ocr_par' dir='ltr' id='par_1_14' title="bbox 534 1503 2118 1575">
     <span class='ocr_line' id='line_1_14' title="bbox 534 1503 2118 1575; baseline 0 -17"><span class='ocrx_word' id='word_1_99' title='bbox 534 1506 588 1558; x_wconf 88' lang='lat' dir='ltr'><strong>in</strong></span> <span class='ocrx_word' id='word_1_100' title='bbox 609 1505 826 1559; x_wconf 83' lang='lat' dir='ltr'><strong>Verbo?</strong></span> <span class='ocrx_word' id='word_1_101' title='bbox 853 1503 1046 1559; x_wconf 93' lang='lat' dir='ltr'><strong>Omnia</strong></span> <span class='ocrx_word' id='word_1_102' title='bbox 1079 1504 1256 1575; x_wconf 72' lang='lat' dir='ltr'><strong>igitur“</strong></span> <span class='ocrx_word' id='word_1_103' title='bbox 1274 1506 1390 1560; x_wconf 61' lang='lat' dir='ltr'><strong>haec</strong></span> <span class='ocrx_word' id='word_1_104' title='bbox 1416 1515 1498 1562; x_wconf 90' lang='lat' dir='ltr'><strong>est</strong></span> <span class='ocrx_word' id='word_1_105' title='bbox 1529 1504 1697 1560; x_wconf 86' lang='lat' dir='ltr'><strong>Filius</strong></span> <span class='ocrx_word' id='word_1_106' title='bbox 1723 1503 1870 1560; x_wconf 84' lang='lat' dir='ltr'><strong>Patri</strong></span> <span class='ocrx_word' id='word_1_107' title='bbox 1903 1522 1917 1560; x_wconf 93' lang='lat'><strong>:</strong></span> <span class='ocrx_word' id='word_1_108' title='bbox 1945 1512 1999 1560; x_wconf 89' lang='lat' dir='ltr'><strong>et</strong></span> <span class='ocrx_word' id='word_1_109' title='bbox 2026 1517 2118 1558; x_wconf 82' lang='lat' dir='ltr'><strong>vo-</strong></span> 
     </span>
    </p>
   </div>
   <div class='ocr_carea' id='block_1_15' title="bbox 535 1591 2118 1665">
    <p class='ocr_par' dir='ltr' id='par_1_15' title="bbox 535 1591 2118 1665">
     <span class='ocr_line' id='line_1_15' title="bbox 535 1591 2118 1665; baseline 0.002 -20"><span class='ocrx_word' id='word_1_110' title='bbox 535 1591 713 1648; x_wconf 84' lang='lat' dir='ltr'><strong>luntas</strong></span> <span class='ocrx_word' id='word_1_111' title='bbox 742 1603 794 1648; x_wconf 90' lang='lat' dir='ltr'><strong>et</strong></span> <span class='ocrx_word' id='word_1_112' title='bbox 821 1593 1082 1660; x_wconf 82' lang='lat' dir='ltr'><strong>Verbum,</strong></span> <span class='ocrx_word' id='word_1_113' title='bbox 1115 1607 1171 1650; x_wconf 89' lang='lat' dir='ltr'><strong>et</strong></span> <span class='ocrx_word' id='word_1_114' title='bbox 1198 1594 1467 1664; x_wconf 85' lang='lat' dir='ltr'><strong>sapientia</strong></span> <span class='ocrx_word' id='word_1_115' title='bbox 1501 1611 1518 1650; x_wconf 90' lang='lat'><strong>:</strong></span> <span class='ocrx_word' id='word_1_116' title='bbox 1550 1594 1794 1665; x_wconf 84' lang='lat' dir='ltr'><strong>nihilque</strong></span> <span class='ocrx_word' id='word_1_117' title='bbox 1823 1603 1906 1650; x_wconf 87' lang='lat' dir='ltr'><strong>est</strong></span> <span class='ocrx_word' id='word_1_118' title='bbox 1937 1594 1989 1649; x_wconf 92' lang='lat' dir='ltr'><strong>in</strong></span> <span class='ocrx_word' id='word_1_119' title='bbox 2014 1592 2118 1648; x_wconf 89' lang='lat' dir='ltr'><strong>Pa-</strong></span> 
     </span>
    </p>
   </div>
   <div class='ocr_carea' id='block_1_16' title="bbox 538 1684 999 1755">
    <p class='ocr_par' dir='ltr' id='par_1_16' title="bbox 538 1684 999 1755">
     <span class='ocr_line' id='line_1_16' title="bbox 538 1684 999 1755; baseline 0.004 -18"><span class='ocrx_word' id='word_1_120' title='bbox 538 1692 620 1738; x_wconf 84' lang='lat' dir='ltr'><strong>tre</strong></span> <span class='ocrx_word' id='word_1_121' title='bbox 648 1693 775 1738; x_wconf 88' lang='lat' dir='ltr'><strong>ante</strong></span> <span class='ocrx_word' id='word_1_122' title='bbox 805 1684 999 1755; x_wconf 88' lang='lat' dir='ltr'><strong>ipsum.</strong></span> 
     </span>
    </p>
   </div>
   <div class='ocr_carea' id='block_1_17' title="bbox 1108 1796 1548 1853">
    <p class='ocr_par' dir='ltr' id='par_1_17' title="bbox 1108 1796 1548 1853">
     <span class='ocr_line' id='line_1_17' title="bbox 1108 1796 1548 1853; baseline -0.005 -1"><span class='ocrx_word' id='word_1_123' title='bbox 1108 1796 1322 1853; x_wconf 83' lang='lat' dir='ltr'><strong>ALIUD</strong></span> <span class='ocrx_word' id='word_1_124' title='bbox 1357 1797 1548 1852; x_wconf 80' lang='lat' dir='ltr'><strong>simile.</strong></span> 
     </span>
    </p>
   </div>
   <div class='ocr_carea' id='block_1_18' title="bbox 608 1905 2116 1977">
    <p class='ocr_par' dir='ltr' id='par_1_18' title="bbox 608 1905 2116 1977">
     <span class='ocr_line' id='line_1_18' title="bbox 608 1905 2116 1977; baseline 0 -17"><span class='ocrx_word' id='word_1_125' title='bbox 608 1905 782 1963; x_wconf 88' lang='lat' dir='ltr'><strong>Habet</strong></span> <span class='ocrx_word' id='word_1_126' title='bbox 825 1907 924 1962; x_wconf 87' lang='lat' dir='ltr'><strong>sibi</strong></span> <span class='ocrx_word' id='word_1_127' title='bbox 973 1909 1134 1964; x_wconf 86' lang='lat' dir='ltr'><strong>homo</strong></span> <span class='ocrx_word' id='word_1_128' title='bbox 1173 1909 1497 1964; x_wconf 86' lang='lat' dir='ltr'><strong>naturaliter</strong></span> <span class='ocrx_word' id='word_1_129' title='bbox 1531 1907 1748 1963; x_wconf 89' lang='lat' dir='ltr'><strong>insitam</strong></span> <span class='ocrx_word' id='word_1_130' title='bbox 1796 1907 2116 1977; x_wconf 87' lang='lat' dir='ltr'><strong>procreandi</strong></span> 
     </span>
    </p>
   </div>
   <div class='ocr_carea' id='block_1_19' title="bbox 538 1998 2119 2071">
    <p class='ocr_par' dir='ltr' id='par_1_19' title="bbox 538 1998 2119 2071">
     <span class='ocr_line' id='line_1_19' title="bbox 538 1998 2119 2071; baseline 0.001 -19"><span class='ocrx_word' id='word_1_131' title='bbox 538 1998 680 2054; x_wconf 84' lang='lat' dir='ltr'><strong>iiiios</strong></span> <span class='ocrx_word' id='word_1_132' title='bbox 717 2008 1077 2069; x_wconf 85' lang='lat' dir='ltr'><strong>potestatem,</strong></span> <span class='ocrx_word' id='word_1_133' title='bbox 1119 2010 1174 2056; x_wconf 91' lang='lat' dir='ltr'><strong>et</strong></span> <span class='ocrx_word' id='word_1_134' title='bbox 1215 2016 1320 2056; x_wconf 91' lang='lat' dir='ltr'><strong>non</strong></span> <span class='ocrx_word' id='word_1_135' title='bbox 1363 2001 1816 2071; x_wconf 88' lang='lat' dir='ltr'><strong>quemadmodum</strong></span> <span class='ocrx_word' id='word_1_136' title='bbox 1859 2003 2020 2056; x_wconf 88' lang='lat' dir='ltr'><strong>homo</strong></span> <span class='ocrx_word' id='word_1_137' title='bbox 2052 2013 2119 2055; x_wconf 82' lang='lat' dir='ltr'><strong>ex</strong></span> 
     </span>
    </p>
   </div>
   <div class='ocr_carea' id='block_1_20' title="bbox 536 2090 2122 2160">
    <p class='ocr_par' dir='ltr' id='par_1_20' title="bbox 536 2090 2122 2160">
     <span class='ocr_line' id='line_1_20' title="bbox 536 2090 2122 2160; baseline 0.001 -17"><span class='ocrx_word' id='word_1_138' title='bbox 536 2091 816 2148; x_wconf 75' lang='lat' dir='ltr'><strong>voluntate</strong></span> <span class='ocrx_word' id='word_1_139' title='bbox 853 2101 935 2148; x_wconf 90' lang='lat' dir='ltr'><strong>est</strong></span> <span class='ocrx_word' id='word_1_140' title='bbox 971 2093 1144 2149; x_wconf 90' lang='lat' dir='ltr'><strong>bonus</strong></span> <span class='ocrx_word' id='word_1_141' title='bbox 1176 2101 1270 2148; x_wconf 91' lang='lat' dir='ltr'><strong>aut</strong></span> <span class='ocrx_word' id='word_1_142' title='bbox 1301 2093 1505 2160; x_wconf 88' lang='lat' dir='ltr'><strong>malus,</strong></span> <span class='ocrx_word' id='word_1_143' title='bbox 1538 2093 1611 2149; x_wconf 92' lang='lat' dir='ltr'><strong>ita</strong></span> <span class='ocrx_word' id='word_1_144' title='bbox 1641 2093 1805 2148; x_wconf 88' lang='lat' dir='ltr'><strong>etiam</strong></span> <span class='ocrx_word' id='word_1_145' title='bbox 1840 2105 1906 2146; x_wconf 81' lang='lat' dir='ltr'><strong>ex</strong></span> <span class='ocrx_word' id='word_1_146' title='bbox 1934 2090 2122 2146; x_wconf 89' lang='lat' dir='ltr'><strong>volun-</strong></span> 
     </span>
    </p>
   </div>
   <div class='ocr_carea' id='block_1_21' title="bbox 537 2183 2120 2253">
    <p class='ocr_par' dir='ltr' id='par_1_21' title="bbox 537 2183 2120 2253">
     <span class='ocr_line' id='line_1_21' title="bbox 537 2183 2120 2253; baseline 0.001 -16"><span class='ocrx_word' id='word_1_147' title='bbox 537 2192 646 2237; x_wconf 88' lang='lat' dir='ltr'><strong>tate</strong></span> <span class='ocrx_word' id='word_1_148' title='bbox 669 2191 753 2238; x_wconf 80' lang='lat' dir='ltr'><strong>est</strong></span> <span class='ocrx_word' id='word_1_149' title='bbox 781 2193 952 2253; x_wconf 88' lang='lat' dir='ltr'><strong>pater.</strong></span> <span class='ocrx_word' id='word_1_150' title='bbox 983 2183 1088 2240; x_wconf 88' lang='lat' dir='ltr'><strong>Sed</strong></span> <span class='ocrx_word' id='word_1_151' title='bbox 1117 2185 1223 2240; x_wconf 90' lang='lat' dir='ltr'><strong>hoc</strong></span> <span class='ocrx_word' id='word_1_152' title='bbox 1245 2199 1308 2240; x_wconf 85' lang='lat' dir='ltr'><strong>ex</strong></span> <span class='ocrx_word' id='word_1_153' title='bbox 1341 2194 1531 2241; x_wconf 86' lang='lat' dir='ltr'><strong>natura</strong></span> <span class='ocrx_word' id='word_1_154' title='bbox 1551 2225 1565 2251; x_wconf 97' lang='lat'><strong>,</strong></span> <span class='ocrx_word' id='word_1_155' title='bbox 1591 2183 1725 2239; x_wconf 93' lang='lat' dir='ltr'><strong>illud</strong></span> <span class='ocrx_word' id='word_1_156' title='bbox 1750 2198 1815 2239; x_wconf 84' lang='lat' dir='ltr'><strong>ex</strong></span> <span class='ocrx_word' id='word_1_157' title='bbox 1842 2183 2120 2239; x_wconf 80' lang='lat' dir='ltr'><strong>voluntate</strong></span> 
     </span>
    </p>
   </div>
   <div class='ocr_carea' id='block_1_22' title="bbox 537 2271 2120 2344">
    <p class='ocr_par' dir='ltr' id='par_1_22' title="bbox 537 2271 2120 2344">
     <span class='ocr_line' id='line_1_22' title="bbox 537 2271 2120 2344; baseline -0.001 -18"><span class='ocrx_word' id='word_1_158' title='bbox 537 2273 715 2328; x_wconf 76' lang='lat' dir='ltr'><strong>liabet.</strong></span> <span class='ocrx_word' id='word_1_159' title='bbox 748 2273 814 2328; x_wconf 85' lang='lat' dir='ltr'><strong>Et</strong></span> <span class='ocrx_word' id='word_1_160' title='bbox 847 2274 994 2330; x_wconf 88' lang='lat' dir='ltr'><strong>illius</strong></span> <span class='ocrx_word' id='word_1_161' title='bbox 1024 2275 1242 2344; x_wconf 79' lang='lat' dir='ltr'><strong>quidem</strong></span> <span class='ocrx_word' id='word_1_162' title='bbox 1273 2273 1480 2331; x_wconf 90' lang='lat' dir='ltr'><strong>domini</strong></span> <span class='ocrx_word' id='word_1_163' title='bbox 1514 2287 1734 2340; x_wconf 89' lang='lat' dir='ltr'><strong>sumus;</strong></span> <span class='ocrx_word' id='word_1_164' title='bbox 1769 2273 1824 2326; x_wconf 92' lang='lat' dir='ltr'><strong>in</strong></span> <span class='ocrx_word' id='word_1_165' title='bbox 1858 2271 1961 2326; x_wconf 90' lang='lat' dir='ltr'><strong>hoc</strong></span> <span class='ocrx_word' id='word_1_166' title='bbox 1993 2285 2120 2325; x_wconf 86' lang='lat' dir='ltr'><strong>vero</strong></span> 
     </span>
    </p>
   </div>
   <div class='ocr_carea' id='block_1_23' title="bbox 536 2362 2115 2435">
    <p class='ocr_par' dir='ltr' id='par_1_23' title="bbox 536 2362 2115 2435">
     <span class='ocr_line' id='line_1_23' title="bbox 536 2362 2115 2435; baseline -0.001 -18"><span class='ocrx_word' id='word_1_167' title='bbox 536 2372 793 2433; x_wconf 88' lang='lat' dir='ltr'><strong>perpetua</strong></span> <span class='ocrx_word' id='word_1_168' title='bbox 843 2374 1008 2435; x_wconf 88' lang='lat' dir='ltr'><strong>atque</strong></span> <span class='ocrx_word' id='word_1_169' title='bbox 1055 2364 1518 2421; x_wconf 75' lang='lat' dir='ltr'><strong>incommutabilis</strong></span> <span class='ocrx_word' id='word_1_170' title='bbox 1571 2372 1780 2419; x_wconf 46' lang='lat' dir='ltr'><strong>naturai</strong></span> <span class='ocrx_word' id='word_1_171' title='bbox 1826 2363 1912 2420; x_wconf 79' lang='lat' dir='ltr'><strong>lex</strong></span> <span class='ocrx_word' id='word_1_172' title='bbox 1953 2362 2115 2432; x_wconf 80' lang='lat' dir='ltr'><strong>viget.</strong></span> 
     </span>
    </p>
   </div>
   <div class='ocr_carea' id='block_1_24' title="bbox 536 2454 2120 2528">
    <p class='ocr_par' dir='ltr' id='par_1_24' title="bbox 536 2454 2120 2528">
     <span class='ocr_line' id='line_1_24' title="bbox 536 2454 2120 2528; baseline -0.003 -17"><span class='ocrx_word' id='word_1_173' title='bbox 536 2456 688 2512; x_wconf 84' lang='lat' dir='ltr'><strong>Sicut</strong></span> <span class='ocrx_word' id='word_1_174' title='bbox 726 2457 888 2528; x_wconf 79' lang='lat' dir='ltr'><strong>igitur</strong></span> <span class='ocrx_word' id='word_1_175' title='bbox 924 2473 1024 2512; x_wconf 91' lang='lat' dir='ltr'><strong>nos</strong></span> <span class='ocrx_word' id='word_1_176' title='bbox 1062 2473 1167 2512; x_wconf 92' lang='lat' dir='ltr'><strong>non</strong></span> <span class='ocrx_word' id='word_1_177' title='bbox 1202 2473 1268 2512; x_wconf 77' lang='lat' dir='ltr'><strong>ex</strong></span> <span class='ocrx_word' id='word_1_178' title='bbox 1303 2456 1604 2522; x_wconf 86' lang='lat' dir='ltr'><strong>voluntate,</strong></span> <span class='ocrx_word' id='word_1_179' title='bbox 1641 2455 1735 2511; x_wconf 89' lang='lat' dir='ltr'><strong>sed</strong></span> <span class='ocrx_word' id='word_1_180' title='bbox 1770 2463 1985 2516; x_wconf 89' lang='lat' dir='ltr'><strong>natura,</strong></span> <span class='ocrx_word' id='word_1_181' title='bbox 2022 2454 2120 2508; x_wconf 88' lang='lat' dir='ltr'><strong>ba-</strong></span> 
     </span>
    </p>
   </div>
   <div class='ocr_carea' id='block_1_25' title="bbox 492 2546 2122 2620">
    <p class='ocr_par' dir='ltr' id='par_1_25' title="bbox 492 2546 2122 2620">
     <span class='ocr_line' id='line_1_25' title="bbox 492 2546 2122 2620; baseline -0.002 -18"><span class='ocrx_word' id='word_1_182' title='bbox 492 2613 496 2615; x_wconf 17' lang='lat'><strong>,</strong></span> <span class='ocrx_word' id='word_1_183' title='bbox 536 2550 724 2603; x_wconf 87' lang='lat' dir='ltr'><strong>bemus</strong></span> <span class='ocrx_word' id='word_1_184' title='bbox 747 2559 806 2603; x_wconf 92' lang='lat' dir='ltr'><strong>ut</strong></span> <span class='ocrx_word' id='word_1_185' title='bbox 831 2550 1002 2605; x_wconf 87' lang='lat' dir='ltr'><strong>simus</strong></span> <span class='ocrx_word' id='word_1_186' title='bbox 1030 2559 1210 2620; x_wconf 85' lang='lat' dir='ltr'><strong>patres</strong></span> <span class='ocrx_word' id='word_1_187' title='bbox 1235 2549 1467 2603; x_wconf 81' lang='lat' dir='ltr'><strong>ﬁliorum</strong></span> <span class='ocrx_word' id='word_1_188' title='bbox 1493 2557 1826 2611; x_wconf 87' lang='lat' dir='ltr'><strong>nostrorum,</strong></span> <span class='ocrx_word' id='word_1_189' title='bbox 1853 2547 1926 2601; x_wconf 87' lang='lat' dir='ltr'><strong>ita</strong></span> <span class='ocrx_word' id='word_1_190' title='bbox 1952 2546 2122 2600; x_wconf 86' lang='lat' dir='ltr'><strong>etiam</strong></span> 
     </span>
    </p>
   </div>
   <div class='ocr_carea' id='block_1_26' title="bbox 541 2638 2121 2704">
    <p class='ocr_par' dir='ltr' id='par_1_26' title="bbox 541 2638 2121 2704">
     <span class='ocr_line' id='line_1_26' title="bbox 541 2638 2121 2704; baseline -0.003 -11"><span class='ocrx_word' id='word_1_191' title='bbox 541 2640 679 2695; x_wconf 88' lang='lat' dir='ltr'><strong>Deus</strong></span> <span class='ocrx_word' id='word_1_192' title='bbox 709 2655 771 2694; x_wconf 85' lang='lat' dir='ltr'><strong>ac</strong></span> <span class='ocrx_word' id='word_1_193' title='bbox 797 2641 958 2695; x_wconf 85' lang='lat' dir='ltr'><strong>Pater</strong></span> <span class='ocrx_word' id='word_1_194' title='bbox 985 2655 1092 2694; x_wconf 92' lang='lat' dir='ltr'><strong>non</strong></span> <span class='ocrx_word' id='word_1_195' title='bbox 1120 2655 1187 2695; x_wconf 77' lang='lat' dir='ltr'><strong>ex</strong></span> <span class='ocrx_word' id='word_1_196' title='bbox 1213 2639 1488 2694; x_wconf 89' lang='lat' dir='ltr'><strong>voluntate</strong></span> <span class='ocrx_word' id='word_1_197' title='bbox 1517 2638 1677 2693; x_wconf 91' lang='lat' dir='ltr'><strong>Pater</strong></span> <span class='ocrx_word' id='word_1_198' title='bbox 1699 2647 1806 2704; x_wconf 89' lang='lat' dir='ltr'><strong>est,</strong></span> <span class='ocrx_word' id='word_1_199' title='bbox 1834 2639 1930 2693; x_wconf 91' lang='lat' dir='ltr'><strong>sed</strong></span> <span class='ocrx_word' id='word_1_200' title='bbox 1961 2646 2121 2691; x_wconf 65' lang='lat' dir='ltr'><strong>natu-</strong></span> 
     </span>
    </p>
   </div>
   <div class='ocr_carea' id='block_1_27' title="bbox 539 2730 2121 2802">
    <p class='ocr_par' dir='ltr' id='par_1_27' title="bbox 539 2730 2121 2802">
     <span class='ocr_line' id='line_1_27' title="bbox 539 2730 2121 2802; baseline -0.001 -17"><span class='ocrx_word' id='word_1_201' title='bbox 539 2731 746 2787; x_wconf 89' lang='lat' dir='ltr'><strong>raliter.</strong></span> <span class='ocrx_word' id='word_1_202' title='bbox 785 2733 850 2786; x_wconf 85' lang='lat' dir='ltr'><strong>Et</strong></span> <span class='ocrx_word' id='word_1_203' title='bbox 893 2731 1348 2802; x_wconf 82' lang='lat' dir='ltr'><strong>quemadmodum</strong></span> <span class='ocrx_word' id='word_1_204' title='bbox 1391 2730 1482 2800; x_wconf 89' lang='lat' dir='ltr'><strong>qui</strong></span> <span class='ocrx_word' id='word_1_205' title='bbox 1523 2745 1590 2785; x_wconf 82' lang='lat' dir='ltr'><strong>ex</strong></span> <span class='ocrx_word' id='word_1_206' title='bbox 1633 2730 1786 2785; x_wconf 89' lang='lat' dir='ltr'><strong>nobis</strong></span> <span class='ocrx_word' id='word_1_207' title='bbox 1827 2731 2121 2798; x_wconf 80' lang='lat' dir='ltr'><strong>gignuntur</strong></span> 
     </span>
    </p>
   </div>
   <div class='ocr_carea' id='block_1_28' title="bbox 538 2822 2117 2896">
    <p class='ocr_par' dir='ltr' id='par_1_28' title="bbox 538 2822 2117 2896">
     <span class='ocr_line' id='line_1_28' title="bbox 538 2822 2117 2896; baseline -0.003 -17"><span class='ocrx_word' id='word_1_208' title='bbox 538 2825 744 2880; x_wconf 86' lang='lat' dir='ltr'><strong>similes</strong></span> <span class='ocrx_word' id='word_1_209' title='bbox 776 2840 999 2896; x_wconf 84' lang='lat' dir='ltr'><strong>prorsus</strong></span> <span class='ocrx_word' id='word_1_210' title='bbox 1037 2824 1194 2880; x_wconf 88' lang='lat' dir='ltr'><strong>nobis</strong></span> <span class='ocrx_word' id='word_1_211' title='bbox 1231 2833 1356 2879; x_wconf 89' lang='lat' dir='ltr'><strong>sunt</strong></span> <span class='ocrx_word' id='word_1_212' title='bbox 1389 2825 1686 2878; x_wconf 85' lang='lat' dir='ltr'><strong>secundum</strong></span> <span class='ocrx_word' id='word_1_213' title='bbox 1725 2822 2117 2885; x_wconf 83' lang='lat' dir='ltr'><strong>substantiam,</strong></span> 
     </span>
    </p>
   </div>
   <div class='ocr_carea' id='block_1_29' title="bbox 538 2914 2120 2980">
    <p class='ocr_par' dir='ltr' id='par_1_29' title="bbox 538 2914 2120 2980">
     <span class='ocr_line' id='line_1_29' title="bbox 538 2914 2120 2980; baseline -0.001 -9"><span class='ocrx_word' id='word_1_214' title='bbox 538 2918 610 2971; x_wconf 87' lang='lat' dir='ltr'><strong>ita</strong></span> <span class='ocrx_word' id='word_1_215' title='bbox 641 2918 802 2972; x_wconf 84' lang='lat' dir='ltr'><strong>etiam</strong></span> <span class='ocrx_word' id='word_1_216' title='bbox 835 2917 1006 2973; x_wconf 84' lang='lat' dir='ltr'><strong>Filius</strong></span> <span class='ocrx_word' id='word_1_217' title='bbox 1038 2931 1144 2972; x_wconf 90' lang='lat' dir='ltr'><strong>non</strong></span> <span class='ocrx_word' id='word_1_218' title='bbox 1175 2917 1518 2973; x_wconf 79' lang='lat' dir='ltr'><strong>extrinsecus</strong></span> <span class='ocrx_word' id='word_1_219' title='bbox 1552 2915 1704 2970; x_wconf 84' lang='lat' dir='ltr'><strong>Patri</strong></span> <span class='ocrx_word' id='word_1_220' title='bbox 1735 2914 1992 2980; x_wconf 90' lang='lat' dir='ltr'><strong>accessit,</strong></span> <span class='ocrx_word' id='word_1_221' title='bbox 2025 2915 2120 2969; x_wconf 90' lang='lat' dir='ltr'><strong>sed</strong></span> 
     </span>
    </p>
   </div>
   <div class='ocr_carea' id='block_1_30' title="bbox 538 3001 2120 3081">
    <p class='ocr_par' dir='ltr' id='par_1_30' title="bbox 538 3001 2120 3081">
     <span class='ocr_line' id='line_1_30' title="bbox 538 3001 2120 3081; baseline -0.003 -19"><span class='ocrx_word' id='word_1_222' title='bbox 538 3022 726 3063; x_wconf 83' lang='lat' dir='ltr'><strong>revera</strong></span> <span class='ocrx_word' id='word_1_223' title='bbox 752 3025 818 3063; x_wconf 80' lang='lat' dir='ltr'><strong>ex</strong></span> <span class='ocrx_word' id='word_1_224' title='bbox 847 3011 1082 3066; x_wconf 89' lang='lat' dir='ltr'><strong>essentia</strong></span> <span class='ocrx_word' id='word_1_225' title='bbox 1112 3009 1285 3081; x_wconf 91' lang='lat' dir='ltr'><strong>ipsius</strong></span> <span class='ocrx_word' id='word_1_226' title='bbox 1311 3001 1611 3080; x_wconf 84' lang='lat' dir='ltr'><strong>procedens</strong></span> <span class='ocrx_word' id='word_1_227' title='bbox 1638 3022 1734 3078; x_wconf 89' lang='lat' dir='ltr'><strong>per</strong></span> <span class='ocrx_word' id='word_1_228' title='bbox 1759 3007 1940 3062; x_wconf 87' lang='lat' dir='ltr'><strong>omnia</strong></span> <span class='ocrx_word' id='word_1_229' title='bbox 1970 3005 2120 3061; x_wconf 83' lang='lat' dir='ltr'><strong>simi-</strong></span> 
     </span>
    </p>
   </div>
   <div class='ocr_carea' id='block_1_31' title="bbox 536 3099 2121 3172">
    <p class='ocr_par' dir='ltr' id='par_1_31' title="bbox 536 3099 2121 3172">
     <span class='ocr_line' id='line_1_31' title="bbox 536 3099 2121 3172; baseline 0.001 -19"><span class='ocrx_word' id='word_1_230' title='bbox 536 3099 601 3156; x_wconf 88' lang='lat' dir='ltr'><strong>lis</strong></span> <span class='ocrx_word' id='word_1_231' title='bbox 626 3109 710 3156; x_wconf 86' lang='lat' dir='ltr'><strong>est</strong></span> <span class='ocrx_word' id='word_1_232' title='bbox 739 3100 1002 3158; x_wconf 91' lang='lat' dir='ltr'><strong>Genitori.</strong></span> <span class='ocrx_word' id='word_1_233' title='bbox 1030 3101 1096 3156; x_wconf 87' lang='lat' dir='ltr'><strong>Et</strong></span> <span class='ocrx_word' id='word_1_234' title='bbox 1117 3102 1573 3172; x_wconf 88' lang='lat' dir='ltr'><strong>quemadmodum</strong></span> <span class='ocrx_word' id='word_1_235' title='bbox 1607 3100 1769 3156; x_wconf 89' lang='lat' dir='ltr'><strong>Pater</strong></span> <span class='ocrx_word' id='word_1_236' title='bbox 1793 3116 1902 3157; x_wconf 83' lang='lat' dir='ltr'><strong>non</strong></span> <span class='ocrx_word' id='word_1_237' title='bbox 1933 3115 1998 3155; x_wconf 82' lang='lat' dir='ltr'><strong>ex</strong></span> <span class='ocrx_word' id='word_1_238' title='bbox 2026 3115 2121 3155; x_wconf 87' lang='lat' dir='ltr'><strong>vo-</strong></span> 
     </span>
    </p>
   </div>
   <div class='ocr_carea' id='block_1_32' title="bbox 539 3190 2120 3257">
    <p class='ocr_par' dir='ltr' id='par_1_32' title="bbox 539 3190 2120 3257">
     <span class='ocr_line' id='line_1_32' title="bbox 539 3190 2120 3257; baseline 0.002 -14"><span class='ocrx_word' id='word_1_239' title='bbox 539 3190 745 3247; x_wconf 88' lang='lat' dir='ltr'><strong>luntate</strong></span> <span class='ocrx_word' id='word_1_240' title='bbox 769 3201 852 3248; x_wconf 88' lang='lat' dir='ltr'><strong>est</strong></span> <span class='ocrx_word' id='word_1_241' title='bbox 884 3192 1065 3257; x_wconf 86' lang='lat' dir='ltr'><strong>Pater,</strong></span> <span class='ocrx_word' id='word_1_242' title='bbox 1094 3191 1166 3246; x_wconf 90' lang='lat' dir='ltr'><strong>ita</strong></span> <span class='ocrx_word' id='word_1_243' title='bbox 1193 3201 1248 3248; x_wconf 90' lang='lat' dir='ltr'><strong>et</strong></span> <span class='ocrx_word' id='word_1_244' title='bbox 1275 3192 1445 3248; x_wconf 89' lang='lat' dir='ltr'><strong>Filius</strong></span> <span class='ocrx_word' id='word_1_245' title='bbox 1474 3206 1581 3247; x_wconf 88' lang='lat' dir='ltr'><strong>non</strong></span> <span class='ocrx_word' id='word_1_246' title='bbox 1613 3206 1678 3247; x_wconf 78' lang='lat' dir='ltr'><strong>ex</strong></span> <span class='ocrx_word' id='word_1_247' title='bbox 1705 3191 1997 3257; x_wconf 89' lang='lat' dir='ltr'><strong>voluntate,</strong></span> <span class='ocrx_word' id='word_1_248' title='bbox 2026 3192 2120 3247; x_wconf 86' lang='lat' dir='ltr'><strong>sed</strong></span> 
     </span>
    </p>
   </div>
   <div class='ocr_carea' id='block_1_33' title="bbox 537 3280 2123 3351">
    <p class='ocr_par' dir='ltr' id='par_1_33' title="bbox 537 3280 2123 3351">
     <span class='ocr_line' id='line_1_33' title="bbox 537 3280 2123 3351; baseline 0.002 -18"><span class='ocrx_word' id='word_1_249' title='bbox 537 3294 602 3333; x_wconf 82' lang='lat' dir='ltr'><strong>ex</strong></span> <span class='ocrx_word' id='word_1_250' title='bbox 643 3291 834 3334; x_wconf 85' lang='lat' dir='ltr'><strong>natura</strong></span> <span class='ocrx_word' id='word_1_251' title='bbox 872 3290 977 3346; x_wconf 90' lang='lat' dir='ltr'><strong>est,</strong></span> <span class='ocrx_word' id='word_1_252' title='bbox 1015 3281 1268 3349; x_wconf 87' lang='lat' dir='ltr'><strong>splendor</strong></span> <span class='ocrx_word' id='word_1_253' title='bbox 1301 3290 1353 3337; x_wconf 86' lang='lat' dir='ltr'><strong>et</strong></span> <span class='ocrx_word' id='word_1_254' title='bbox 1390 3281 1674 3336; x_wconf 89' lang='lat' dir='ltr'><strong>character</strong></span> <span class='ocrx_word' id='word_1_255' title='bbox 1705 3281 1975 3338; x_wconf 80' lang='lat' dir='ltr'><strong>exsistens</strong></span> <span class='ocrx_word' id='word_1_256' title='bbox 2008 3280 2123 3351; x_wconf 82' lang='lat' dir='ltr'><strong>ejus</strong></span> 
     </span>
    </p>
   </div>
   <div class='ocr_carea' id='block_1_34' title="bbox 540 3369 1081 3440">
    <p class='ocr_par' dir='ltr' id='par_1_34' title="bbox 540 3369 1081 3440">
     <span class='ocr_line' id='line_1_34' title="bbox 540 3369 1081 3440; baseline -0.004 -16"><span class='ocrx_word' id='word_1_257' title='bbox 540 3371 635 3440; x_wconf 88' lang='lat' dir='ltr'><strong>qui</strong></span> <span class='ocrx_word' id='word_1_258' title='bbox 668 3369 843 3438; x_wconf 84' lang='lat' dir='ltr'><strong>ipsum</strong></span> <span class='ocrx_word' id='word_1_259' title='bbox 877 3371 1081 3440; x_wconf 77' lang='lat' dir='ltr'><strong>genuit.</strong></span> 
     </span>
    </p>
   </div>
   <div class='ocr_carea' id='block_1_35' title="bbox 1213 3480 1436 3536">
    <p class='ocr_par' dir='ltr' id='par_1_35' title="bbox 1213 3480 1436 3536">
     <span class='ocr_line' id='line_1_35' title="bbox 1213 3480 1436 3536; baseline 0.004 -1"><span class='ocrx_word' id='word_1_260' title='bbox 1213 3480 1436 3536; x_wconf 81' lang='lat' dir='ltr'><strong>ALIUD.</strong></span> 
     </span>
    </p>
   </div>
   <div class='ocr_carea' id='block_1_36' title="bbox 997 3571 1664 3644">
    <p class='ocr_par' dir='ltr' id='par_1_36' title="bbox 997 3571 1664 3644">
     <span class='ocr_line' id='line_1_36' title="bbox 997 3571 1664 3644; baseline 0.001 -17"><span class='ocrx_word' id='word_1_261' title='bbox 997 3571 1240 3644; x_wconf 80' lang='lat' dir='ltr'><strong>Objectio</strong></span> <span class='ocrx_word' id='word_1_262' title='bbox 1278 3589 1343 3628; x_wconf 76' lang='lat' dir='ltr'><strong>ex</strong></span> <span class='ocrx_word' id='word_1_263' title='bbox 1381 3574 1664 3629; x_wconf 80' lang='lat' dir='ltr'><strong>Eunomia.</strong></span> 
     </span>
    </p>
   </div>
   <div class='ocr_carea' id='block_1_37' title="bbox 610 3685 2124 3758">
    <p class='ocr_par' dir='ltr' id='par_1_37' title="bbox 610 3685 2124 3758">
     <span class='ocr_line' id='line_1_37' title="bbox 610 3685 2124 3758; baseline 0.001 -18"><span class='ocrx_word' id='word_1_264' title='bbox 610 3687 979 3758; x_wconf 83' lang='lat' dir='ltr'><strong>lnterrogandi</strong></span> <span class='ocrx_word' id='word_1_265' title='bbox 1017 3697 1177 3753; x_wconf 90' lang='lat' dir='ltr'><strong>sunt,</strong></span> <span class='ocrx_word' id='word_1_266' title='bbox 1211 3689 1417 3758; x_wconf 88' lang='lat' dir='ltr'><strong>inquit,</strong></span> <span class='ocrx_word' id='word_1_267' title='bbox 1453 3689 1490 3743; x_wconf 91' lang='lat' dir='ltr'><strong>ii</strong></span> <span class='ocrx_word' id='word_1_268' title='bbox 1527 3688 1619 3757; x_wconf 88' lang='lat' dir='ltr'><strong>qui</strong></span> <span class='ocrx_word' id='word_1_269' title='bbox 1653 3701 1711 3742; x_wconf 93' lang='lat' dir='ltr'><strong>se</strong></span> <span class='ocrx_word' id='word_1_270' title='bbox 1745 3695 1891 3742; x_wconf 88' lang='lat' dir='ltr'><strong>recte</strong></span> <span class='ocrx_word' id='word_1_271' title='bbox 1921 3685 2124 3741; x_wconf 89' lang='lat' dir='ltr'><strong>sentire</strong></span> 
     </span>
    </p>
   </div>
   <div class='ocr_carea' id='block_1_38' title="bbox 538 3776 2123 3850">
    <p class='ocr_par' dir='ltr' id='par_1_38' title="bbox 538 3776 2123 3850">
     <span class='ocr_line' id='line_1_38' title="bbox 538 3776 2123 3850; baseline -0.002 -17"><span class='ocrx_word' id='word_1_272' title='bbox 538 3781 874 3843; x_wconf 77' lang='lat' dir='ltr'><strong>existimant,</strong></span> <span class='ocrx_word' id='word_1_273' title='bbox 905 3788 1083 3833; x_wconf 89' lang='lat' dir='ltr'><strong>utrum</strong></span> <span class='ocrx_word' id='word_1_274' title='bbox 1115 3781 1410 3850; x_wconf 90' lang='lat' dir='ltr'><strong>aliquando</strong></span> <span class='ocrx_word' id='word_1_275' title='bbox 1455 3781 1736 3834; x_wconf 88' lang='lat' dir='ltr'><strong>voluntate</strong></span> <span class='ocrx_word' id='word_1_276' title='bbox 1761 3777 2008 3848; x_wconf 87' lang='lat' dir='ltr'><strong>genuerit</strong></span> <span class='ocrx_word' id='word_1_277' title='bbox 2036 3776 2123 3831; x_wconf 89' lang='lat' dir='ltr'><strong>Fi-</strong></span> 
     </span>
    </p>
   </div>
   <div class='ocr_carea' id='block_1_39' title="bbox 541 3869 2121 3936">
    <p class='ocr_par' dir='ltr' id='par_1_39' title="bbox 541 3869 2121 3936">
     <span class='ocr_line' id='line_1_39' title="bbox 541 3869 2121 3936; baseline -0.001 -13"><span class='ocrx_word' id='word_1_278' title='bbox 541 3872 666 3926; x_wconf 91' lang='lat' dir='ltr'><strong>lium</strong></span> <span class='ocrx_word' id='word_1_279' title='bbox 695 3870 876 3936; x_wconf 90' lang='lat' dir='ltr'><strong>Pater,</strong></span> <span class='ocrx_word' id='word_1_280' title='bbox 904 3885 970 3925; x_wconf 87' lang='lat' dir='ltr'><strong>an</strong></span> <span class='ocrx_word' id='word_1_281' title='bbox 1003 3873 1136 3926; x_wconf 87' lang='lat' dir='ltr'><strong>citra</strong></span> <span class='ocrx_word' id='word_1_282' title='bbox 1168 3874 1526 3928; x_wconf 87' lang='lat' dir='ltr'><strong>voluntatem.</strong></span> <span class='ocrx_word' id='word_1_283' title='bbox 1570 3870 1628 3926; x_wconf 93' lang='lat' dir='ltr'><strong>Si</strong></span> <span class='ocrx_word' id='word_1_284' title='bbox 1655 3870 1800 3926; x_wconf 91' lang='lat' dir='ltr'><strong>enim</strong></span> <span class='ocrx_word' id='word_1_285' title='bbox 1829 3869 2038 3925; x_wconf 82' lang='lat' dir='ltr'><strong>exstitit</strong></span> <span class='ocrx_word' id='word_1_286' title='bbox 2068 3869 2121 3923; x_wconf 92' lang='lat' dir='ltr'><strong>in</strong></span> 
     </span>
    </p>
   </div>
   <div class='ocr_carea' id='block_1_40' title="bbox 535 3961 2124 4044">
    <p class='ocr_par' dir='ltr' id='par_1_40' title="bbox 535 3961 2124 4044">
     <span class='ocr_line' id='line_1_40' title="bbox 535 3961 2124 4044; baseline -0.001 -26"><span class='ocrx_word' id='word_1_287' title='bbox 535 3965 769 4019; x_wconf 83' lang='lat' dir='ltr'><strong>essentia</strong></span> <span class='ocrx_word' id='word_1_288' title='bbox 800 3963 1009 4028; x_wconf 88' lang='lat' dir='ltr'><strong>Patris,</strong></span> <span class='ocrx_word' id='word_1_289' title='bbox 1043 3964 1184 4044; x_wconf 78' lang='lat' dir='ltr'><strong>alius</strong></span> <span class='ocrx_word' id='word_1_290' title='bbox 1214 3966 1282 4020; x_wconf 89' lang='lat' dir='ltr'><strong>ab</strong></span> <span class='ocrx_word' id='word_1_291' title='bbox 1313 3965 1428 4034; x_wconf 86' lang='lat' dir='ltr'><strong>ipso</strong></span> <span class='ocrx_word' id='word_1_292' title='bbox 1459 3963 1656 4026; x_wconf 86' lang='lat' dir='ltr'><strong>Filius,</strong></span> <span class='ocrx_word' id='word_1_293' title='bbox 1691 3978 1796 4018; x_wconf 92' lang='lat' dir='ltr'><strong>non</strong></span> <span class='ocrx_word' id='word_1_294' title='bbox 1823 3961 2124 4018; x_wconf 88' lang='lat' dir='ltr'><strong>voluntarie</strong></span> 
     </span>
    </p>
   </div>
   <div class='ocr_carea' id='block_1_41' title="bbox 536 4055 2121 4128">
    <p class='ocr_par' dir='ltr' id='par_1_41' title="bbox 536 4055 2121 4128">
     <span class='ocr_line' id='line_1_41' title="bbox 536 4055 2121 4128; baseline -0.001 -16"><span class='ocrx_word' id='word_1_295' title='bbox 536 4057 738 4128; x_wconf 81' lang='lat' dir='ltr'><strong>genuit.</strong></span> <span class='ocrx_word' id='word_1_296' title='bbox 763 4055 996 4113; x_wconf 87' lang='lat' dir='ltr'><strong>Necesse</strong></span> <span class='ocrx_word' id='word_1_297' title='bbox 1025 4058 1170 4113; x_wconf 90' lang='lat' dir='ltr'><strong>enim</strong></span> <span class='ocrx_word' id='word_1_298' title='bbox 1202 4066 1318 4113; x_wconf 89' lang='lat' dir='ltr'><strong>erat</strong></span> <span class='ocrx_word' id='word_1_299' title='bbox 1350 4072 1540 4127; x_wconf 90' lang='lat' dir='ltr'><strong>parere</strong></span> <span class='ocrx_word' id='word_1_300' title='bbox 1569 4071 1693 4112; x_wconf 88' lang='lat' dir='ltr'><strong>cum</strong></span> <span class='ocrx_word' id='word_1_301' title='bbox 1723 4056 1812 4126; x_wconf 92' lang='lat' dir='ltr'><strong>qui</strong></span> <span class='ocrx_word' id='word_1_302' title='bbox 1847 4057 1899 4109; x_wconf 90' lang='lat' dir='ltr'><strong>in</strong></span> <span class='ocrx_word' id='word_1_303' title='bbox 1933 4063 2121 4110; x_wconf 87' lang='lat' dir='ltr'><strong>natura</strong></span> 
     </span>
    </p>
   </div>
   <div class='ocr_carea' id='block_1_42' title="bbox 536 4144 2122 4215">
    <p class='ocr_par' dir='ltr' id='par_1_42' title="bbox 536 4144 2122 4215">
     <span class='ocr_line' id='line_1_42' title="bbox 536 4144 2122 4215; baseline -0.002 -14"><span class='ocrx_word' id='word_1_304' title='bbox 536 4159 672 4202; x_wconf 89' lang='lat' dir='ltr'><strong>erat.</strong></span> <span class='ocrx_word' id='word_1_305' title='bbox 706 4149 762 4203; x_wconf 89' lang='lat' dir='ltr'><strong>Si</strong></span> <span class='ocrx_word' id='word_1_306' title='bbox 795 4164 921 4204; x_wconf 89' lang='lat' dir='ltr'><strong>vero</strong></span> <span class='ocrx_word' id='word_1_307' title='bbox 951 4165 1054 4204; x_wconf 90' lang='lat' dir='ltr'><strong>non</strong></span> <span class='ocrx_word' id='word_1_308' title='bbox 1087 4158 1204 4204; x_wconf 87' lang='lat' dir='ltr'><strong>erat</strong></span> <span class='ocrx_word' id='word_1_309' title='bbox 1236 4149 1288 4204; x_wconf 90' lang='lat' dir='ltr'><strong>in</strong></span> <span class='ocrx_word' id='word_1_310' title='bbox 1318 4147 1508 4215; x_wconf 84' lang='lat' dir='ltr'><strong>Patre,</strong></span> <span class='ocrx_word' id='word_1_311' title='bbox 1541 4147 1636 4204; x_wconf 87' lang='lat' dir='ltr'><strong>sed</strong></span> <span class='ocrx_word' id='word_1_312' title='bbox 1671 4146 1846 4202; x_wconf 81' lang='lat' dir='ltr'><strong>iactus</strong></span> <span class='ocrx_word' id='word_1_313' title='bbox 1876 4153 1958 4202; x_wconf 91' lang='lat' dir='ltr'><strong>est</strong></span> <span class='ocrx_word' id='word_1_314' title='bbox 1991 4144 2122 4199; x_wconf 88' lang='lat' dir='ltr'><strong>deli-</strong></span> 
     </span>
    </p>
   </div>
   <div class='ocr_carea' id='block_1_43' title="bbox 539 4237 2123 4305">
    <p class='ocr_par' dir='ltr' id='par_1_43' title="bbox 539 4237 2123 4305">
     <span class='ocr_line' id='line_1_43' title="bbox 539 4237 2123 4305; baseline -0.003 -10"><span class='ocrx_word' id='word_1_315' title='bbox 539 4242 821 4295; x_wconf 88' lang='lat' dir='ltr'><strong>beratione</strong></span> <span class='ocrx_word' id='word_1_316' title='bbox 854 4241 1033 4296; x_wconf 88' lang='lat' dir='ltr'><strong>Patris</strong></span> <span class='ocrx_word' id='word_1_317' title='bbox 1063 4243 1302 4297; x_wconf 87' lang='lat' dir='ltr'><strong>adhibita</strong></span> <span class='ocrx_word' id='word_1_318' title='bbox 1323 4281 1338 4305; x_wconf 94' lang='lat'><strong>,</strong></span> <span class='ocrx_word' id='word_1_319' title='bbox 1377 4255 1598 4296; x_wconf 90' lang='lat' dir='ltr'><strong>necesse</strong></span> <span class='ocrx_word' id='word_1_320' title='bbox 1627 4250 1709 4296; x_wconf 90' lang='lat' dir='ltr'><strong>est</strong></span> <span class='ocrx_word' id='word_1_321' title='bbox 1736 4239 1959 4295; x_wconf 92' lang='lat' dir='ltr'><strong>omnino</strong></span> <span class='ocrx_word' id='word_1_322' title='bbox 1988 4237 2123 4292; x_wconf 88' lang='lat' dir='ltr'><strong>deli-</strong></span> 
     </span>
    </p>
   </div>
   <div class='ocr_carea' id='block_1_44' title="bbox 541 4329 2123 4402">
    <p class='ocr_par' dir='ltr' id='par_1_44' title="bbox 541 4329 2123 4402">
     <span class='ocr_line' id='line_1_44' title="bbox 541 4329 2123 4402; baseline 0.001 -18"><span class='ocrx_word' id='word_1_323' title='bbox 541 4333 874 4386; x_wconf 86' lang='lat' dir='ltr'><strong>berationcm</strong></span> <span class='ocrx_word' id='word_1_324' title='bbox 915 4333 1280 4402; x_wconf 61' lang='lat' dir='ltr'><strong>praicessisse.</strong></span> <span class='ocrx_word' id='word_1_325' title='bbox 1320 4330 1436 4386; x_wconf 82' lang='lat' dir='ltr'><strong>Non</strong></span> <span class='ocrx_word' id='word_1_326' title='bbox 1476 4341 1593 4385; x_wconf 90' lang='lat' dir='ltr'><strong>erat</strong></span> <span class='ocrx_word' id='word_1_327' title='bbox 1637 4331 1805 4401; x_wconf 89' lang='lat' dir='ltr'><strong>igitur</strong></span> <span class='ocrx_word' id='word_1_328' title='bbox 1839 4329 1990 4387; x_wconf 86' lang='lat' dir='ltr'><strong>Patri</strong></span> <span class='ocrx_word' id='word_1_329' title='bbox 2024 4341 2123 4386; x_wconf 84' lang='lat' dir='ltr'><strong>co-</strong></span> 
     </span>
    </p>
   </div>
   <div class='ocr_carea' id='block_1_45' title="bbox 539 4433 796 4480">
    <p class='ocr_par' dir='ltr' id='par_1_45' title="bbox 539 4433 796 4480">
     <span class='ocr_line' id='line_1_45' title="bbox 539 4433 796 4480; baseline -0.008 0"><span class='ocrx_word' id='word_1_330' title='bbox 539 4433 796 4480; x_wconf 66' lang='lat' dir='ltr'><strong>aeternus.</strong></span> 
     </span>
    </p>
   </div>
   <div class='ocr_carea' id='block_1_46' title="bbox 1048 4533 1614 4607">
    <p class='ocr_par' dir='ltr' id='par_1_46' title="bbox 1048 4533 1614 4607">
     <span class='ocr_line' id='line_1_46' title="bbox 1048 4533 1614 4607; baseline -0.009 -15"><span class='ocrx_word' id='word_1_331' title='bbox 1048 4535 1256 4592; x_wconf 81' lang='lat' dir='ltr'><strong>Salutio</strong></span> <span class='ocrx_word' id='word_1_332' title='bbox 1293 4533 1614 4607; x_wconf 78' lang='lat' dir='ltr'><strong>objectionis.</strong></span> 
     </span>
    </p>
   </div>
   <div class='ocr_carea' id='block_1_47' title="bbox 610 4667 2118 4744">
    <p class='ocr_par' dir='ltr' id='par_1_47' title="bbox 610 4667 2118 4744">
     <span class='ocr_line' id='line_1_47' title="bbox 610 4667 2118 4744; baseline -0.002 -14"><span class='ocrx_word' id='word_1_333' title='bbox 610 4675 848 4730; x_wconf 85' lang='lat' dir='ltr'><strong>Primum</strong></span> <span class='ocrx_word' id='word_1_334' title='bbox 881 4672 1099 4744; x_wconf 85' lang='lat' dir='ltr'><strong>quidem</strong></span> <span class='ocrx_word' id='word_1_335' title='bbox 1131 4671 1397 4741; x_wconf 78' lang='lat' dir='ltr'><strong>stupenda</strong></span> <span class='ocrx_word' id='word_1_336' title='bbox 1430 4683 1516 4726; x_wconf 89' lang='lat' dir='ltr'><strong>res</strong></span> <span class='ocrx_word' id='word_1_337' title='bbox 1545 4677 1631 4725; x_wconf 85' lang='lat' dir='ltr'><strong>est</strong></span> <span class='ocrx_word' id='word_1_338' title='bbox 1661 4683 1768 4739; x_wconf 78' lang='lat' dir='ltr'><strong>quo</strong></span> <span class='ocrx_word' id='word_1_339' title='bbox 1796 4673 1956 4738; x_wconf 87' lang='lat' dir='ltr'><strong>pacto</strong></span> <span class='ocrx_word' id='word_1_340' title='bbox 1987 4667 2118 4726; x_wconf 84' lang='lat' dir='ltr'><strong>adeo</strong></span> 
     </span>
    </p>
   </div>
   <div class='ocr_carea' id='block_1_48' title="bbox 538 4761 2118 4836">
    <p class='ocr_par' dir='ltr' id='par_1_48' title="bbox 538 4761 2118 4836">
     <span class='ocr_line' id='line_1_48' title="bbox 538 4761 2118 4836; baseline -0.005 -13"><span class='ocrx_word' id='word_1_341' title='bbox 538 4767 824 4824; x_wconf 88' lang='lat' dir='ltr'><strong>temerarie</strong></span> <span class='ocrx_word' id='word_1_342' title='bbox 863 4775 918 4822; x_wconf 91' lang='lat' dir='ltr'><strong>et</strong></span> <span class='ocrx_word' id='word_1_343' title='bbox 961 4773 1271 4836; x_wconf 87' lang='lat' dir='ltr'><strong>portentosa</strong></span> <span class='ocrx_word' id='word_1_344' title='bbox 1305 4762 1453 4818; x_wconf 88' lang='lat' dir='ltr'><strong>velut</strong></span> <span class='ocrx_word' id='word_1_345' title='bbox 1491 4761 1761 4830; x_wconf 88' lang='lat' dir='ltr'><strong>imperitia</strong></span> <span class='ocrx_word' id='word_1_346' title='bbox 1803 4761 1858 4816; x_wconf 92' lang='lat' dir='ltr'><strong>in</strong></span> <span class='ocrx_word' id='word_1_347' title='bbox 1901 4773 2118 4816; x_wconf 82' lang='lat' dir='ltr'><strong>omnem</strong></span> 
     </span>
    </p>
   </div>
   <div class='ocr_carea' id='block_1_49' title="bbox 537 4852 2118 4932">
    <p class='ocr_par' dir='ltr' id='par_1_49' title="bbox 537 4852 2118 4932">
     <span class='ocr_line' id='line_1_49' title="bbox 537 4852 2118 4932; baseline -0.008 -15"><span class='ocrx_word' id='word_1_348' title='bbox 537 4860 921 4932; x_wconf 85' lang='lat' dir='ltr'><strong>blasphemiam</strong></span> <span class='ocrx_word' id='word_1_349' title='bbox 946 4867 1128 4914; x_wconf 88' lang='lat' dir='ltr'><strong>ruant.</strong></span> <span class='ocrx_word' id='word_1_350' title='bbox 1147 4855 1332 4926; x_wconf 81' lang='lat' dir='ltr'><strong>Neque</strong></span> <span class='ocrx_word' id='word_1_351' title='bbox 1355 4855 1465 4926; x_wconf 78' lang='lat'><strong>58</strong></span> <span class='ocrx_word' id='word_1_352' title='bbox 1487 4857 1629 4911; x_wconf 88' lang='lat' dir='ltr'><strong>enim</strong></span> <span class='ocrx_word' id='word_1_353' title='bbox 1655 4855 1816 4923; x_wconf 92' lang='lat' dir='ltr'><strong>pudet</strong></span> <span class='ocrx_word' id='word_1_354' title='bbox 1837 4868 1930 4909; x_wconf 90' lang='lat' dir='ltr'><strong>eos</strong></span> <span class='ocrx_word' id='word_1_355' title='bbox 1952 4852 2118 4908; x_wconf 86' lang='lat' dir='ltr'><strong>etiam</strong></span> 
     </span>
    </p>
   </div>
   <div class='ocr_carea' id='block_1_50' title="bbox 536 4944 2120 5022">
    <p class='ocr_par' dir='ltr' id='par_1_50' title="bbox 536 4944 2120 5022">
     <span class='ocr_line' id='line_1_50' title="bbox 536 4944 2120 5022; baseline -0.004 -16"><span class='ocrx_word' id='word_1_356' title='bbox 536 4953 708 5022; x_wconf 87' lang='lat' dir='ltr'><strong>ipsum</strong></span> <span class='ocrx_word' id='word_1_357' title='bbox 740 4950 910 5010; x_wconf 90' lang='lat' dir='ltr'><strong>Deum</strong></span> <span class='ocrx_word' id='word_1_358' title='bbox 943 4948 1254 5006; x_wconf 87' lang='lat' dir='ltr'><strong>necessitati</strong></span> <span class='ocrx_word' id='word_1_359' title='bbox 1289 4947 1590 5018; x_wconf 85' lang='lat' dir='ltr'><strong>subjicere,</strong></span> <span class='ocrx_word' id='word_1_360' title='bbox 1623 4947 1864 5002; x_wconf 88' lang='lat' dir='ltr'><strong>dicentes</strong></span> <span class='ocrx_word' id='word_1_361' title='bbox 1896 4944 2120 5016; x_wconf 88' lang='lat' dir='ltr'><strong>perinde</strong></span> 
     </span>
    </p>
   </div>
   <div class='ocr_carea' id='block_1_51' title="bbox 535 5035 2115 5115">
    <p class='ocr_par' dir='ltr' id='par_1_51' title="bbox 535 5035 2115 5115">
     <span class='ocr_line' id='line_1_51' title="bbox 535 5035 2115 5115; baseline -0.005 -18"><span class='ocrx_word' id='word_1_362' title='bbox 535 5055 696 5115; x_wconf 82' lang='lat' dir='ltr'><strong>atque</strong></span> <span class='ocrx_word' id='word_1_363' title='bbox 724 5046 775 5098; x_wconf 91' lang='lat' dir='ltr'><strong>in</strong></span> <span class='ocrx_word' id='word_1_364' title='bbox 807 5042 1061 5100; x_wconf 83' lang='lat' dir='ltr'><strong>humanis</strong></span> <span class='ocrx_word' id='word_1_365' title='bbox 1089 5040 1409 5112; x_wconf 87' lang='lat' dir='ltr'><strong>corporibus</strong></span> <span class='ocrx_word' id='word_1_366' title='bbox 1439 5038 1644 5110; x_wconf 85' lang='lat' dir='ltr'><strong>aliquid</strong></span> <span class='ocrx_word' id='word_1_367' title='bbox 1674 5036 1852 5093; x_wconf 86' lang='lat' dir='ltr'><strong>Patris</strong></span> <span class='ocrx_word' id='word_1_368' title='bbox 1879 5035 2115 5092; x_wconf 90' lang='lat' dir='ltr'><strong>essentia</strong></span> 
     </span>
    </p>
   </div>
   <div class='ocr_carea' id='block_1_52' title="bbox 534 5128 2116 5205">
    <p class='ocr_par' dir='ltr' id='par_1_52' title="bbox 534 5128 2116 5205">
     <span class='ocr_line' id='line_1_52' title="bbox 534 5128 2116 5205; baseline -0.004 -17"><span class='ocrx_word' id='word_1_369' title='bbox 534 5137 937 5204; x_wconf 75' lang='lat' dir='ltr'><strong>comprehendi,</strong></span> <span class='ocrx_word' id='word_1_370' title='bbox 979 5151 1043 5191; x_wconf 89' lang='lat' dir='ltr'><strong>ac</strong></span> <span class='ocrx_word' id='word_1_371' title='bbox 1085 5133 1241 5205; x_wconf 88' lang='lat' dir='ltr'><strong>quasi</strong></span> <span class='ocrx_word' id='word_1_372' title='bbox 1275 5147 1371 5190; x_wconf 87' lang='lat' dir='ltr'><strong>vas</strong></span> <span class='ocrx_word' id='word_1_373' title='bbox 1415 5133 1468 5187; x_wconf 94' lang='lat' dir='ltr'><strong>in</strong></span> <span class='ocrx_word' id='word_1_374' title='bbox 1509 5146 1659 5198; x_wconf 88' lang='lat' dir='ltr'><strong>vase,</strong></span> <span class='ocrx_word' id='word_1_375' title='bbox 1697 5131 1773 5185; x_wconf 90' lang='lat' dir='ltr'><strong>ita</strong></span> <span class='ocrx_word' id='word_1_376' title='bbox 1821 5128 2019 5184; x_wconf 84' lang='lat' dir='ltr'><strong>Filium</strong></span> <span class='ocrx_word' id='word_1_377' title='bbox 2064 5129 2116 5182; x_wconf 92' lang='lat' dir='ltr'><strong>in</strong></span> 
     </span>
    </p>
   </div>
   <div class='ocr_carea' id='block_1_53' title="bbox 537 5221 2119 5296">
    <p class='ocr_par' dir='ltr' id='par_1_53' title="bbox 537 5221 2119 5296">
     <span class='ocr_line' id='line_1_53' title="bbox 537 5221 2119 5296; baseline -0.003 -18"><span class='ocrx_word' id='word_1_378' title='bbox 537 5225 698 5280; x_wconf 83' lang='lat' dir='ltr'><strong>Patre</strong></span> <span class='ocrx_word' id='word_1_379' title='bbox 741 5229 931 5282; x_wconf 88' lang='lat' dir='ltr'><strong>teneri.</strong></span> <span class='ocrx_word' id='word_1_380' title='bbox 973 5226 1085 5282; x_wconf 76' lang='lat' dir='ltr'><strong>Nos</strong></span> <span class='ocrx_word' id='word_1_381' title='bbox 1125 5241 1278 5290; x_wconf 90' lang='lat' dir='ltr'><strong>vero,</strong></span> <span class='ocrx_word' id='word_1_382' title='bbox 1310 5226 1401 5296; x_wconf 81' lang='lat' dir='ltr'><strong>qui</strong></span> <span class='ocrx_word' id='word_1_383' title='bbox 1448 5234 1594 5280; x_wconf 91' lang='lat' dir='ltr'><strong>recte</strong></span> <span class='ocrx_word' id='word_1_384' title='bbox 1640 5238 1702 5279; x_wconf 89' lang='lat' dir='ltr'><strong>ac</strong></span> <span class='ocrx_word' id='word_1_385' title='bbox 1745 5221 1887 5291; x_wconf 82' lang='lat' dir='ltr'><strong>iuste</strong></span> <span class='ocrx_word' id='word_1_386' title='bbox 1917 5221 2119 5276; x_wconf 90' lang='lat' dir='ltr'><strong>sentire</strong></span> 
     </span>
    </p>
   </div>
   <div class='ocr_carea' id='block_1_54' title="bbox 538 5313 2118 5383">
    <p class='ocr_par' dir='ltr' id='par_1_54' title="bbox 538 5313 2118 5383">
     <span class='ocr_line' id='line_1_54' title="bbox 538 5313 2118 5383; baseline -0.004 -12"><span class='ocrx_word' id='word_1_387' title='bbox 538 5317 846 5380; x_wconf 88' lang='lat' dir='ltr'><strong>studemus,</strong></span> <span class='ocrx_word' id='word_1_388' title='bbox 876 5317 1164 5372; x_wconf 84' lang='lat' dir='ltr'><strong>essentiam</strong></span> <span class='ocrx_word' id='word_1_389' title='bbox 1206 5317 1298 5371; x_wconf 92' lang='lat' dir='ltr'><strong>Dei</strong></span> <span class='ocrx_word' id='word_1_390' title='bbox 1339 5316 1484 5371; x_wconf 89' lang='lat' dir='ltr'><strong>omni</strong></span> <span class='ocrx_word' id='word_1_391' title='bbox 1523 5314 1843 5370; x_wconf 87' lang='lat' dir='ltr'><strong>necessitate</strong></span> <span class='ocrx_word' id='word_1_392' title='bbox 1876 5313 2118 5383; x_wconf 87' lang='lat' dir='ltr'><strong>superio-</strong></span> 
     </span>
    </p>
   </div>
   <div class='ocr_carea' id='block_1_55' title="bbox 540 5407 2118 5475">
    <p class='ocr_par' dir='ltr' id='par_1_55' title="bbox 540 5407 2118 5475">
     <span class='ocr_line' id='line_1_55' title="bbox 540 5407 2118 5475; baseline 0.001 -16"><span class='ocrx_word' id='word_1_393' title='bbox 540 5423 651 5461; x_wconf 87' lang='lat' dir='ltr'><strong>rem</strong></span> <span class='ocrx_word' id='word_1_394' title='bbox 686 5422 809 5463; x_wconf 90' lang='lat' dir='ltr'><strong>esse</strong></span> <span class='ocrx_word' id='word_1_395' title='bbox 845 5407 1105 5475; x_wconf 81' lang='lat' dir='ltr'><strong>dicimus;</strong></span> <span class='ocrx_word' id='word_1_396' title='bbox 1136 5420 1190 5465; x_wconf 93' lang='lat' dir='ltr'><strong>et</strong></span> <span class='ocrx_word' id='word_1_397' title='bbox 1219 5409 1416 5466; x_wconf 84' lang='lat' dir='ltr'><strong>Filium</strong></span> <span class='ocrx_word' id='word_1_398' title='bbox 1448 5425 1570 5465; x_wconf 89' lang='lat' dir='ltr'><strong>esse</strong></span> <span class='ocrx_word' id='word_1_399' title='bbox 1603 5413 1654 5462; x_wconf 93' lang='lat' dir='ltr'><strong>in</strong></span> <span class='ocrx_word' id='word_1_400' title='bbox 1686 5409 1882 5474; x_wconf 84' lang='lat' dir='ltr'><strong>Patre,</strong></span> <span class='ocrx_word' id='word_1_401' title='bbox 1914 5423 2021 5464; x_wconf 92' lang='lat' dir='ltr'><strong>non</strong></span> <span class='ocrx_word' id='word_1_402' title='bbox 2061 5415 2118 5461; x_wconf 89' lang='lat' dir='ltr'><strong>ut</strong></span> 
     </span>
    </p>
   </div>
   <div class='ocr_carea' id='block_1_56' title="bbox 541 5497 2117 5570">
    <p class='ocr_par' dir='ltr' id='par_1_56' title="bbox 541 5497 2117 5570">
     <span class='ocr_line' id='line_1_56' title="bbox 541 5497 2117 5570; baseline 0.004 -23"><span class='ocrx_word' id='word_1_403' title='bbox 541 5513 734 5566; x_wconf 70' lang='lat' dir='ltr'><strong>corpus</strong></span> <span class='ocrx_word' id='word_1_404' title='bbox 766 5497 818 5552; x_wconf 88' lang='lat' dir='ltr'><strong>in</strong></span> <span class='ocrx_word' id='word_1_405' title='bbox 850 5513 1098 5567; x_wconf 83' lang='lat' dir='ltr'><strong>corpore,</strong></span> <span class='ocrx_word' id='word_1_406' title='bbox 1127 5503 1220 5555; x_wconf 90' lang='lat' dir='ltr'><strong>sed</strong></span> <span class='ocrx_word' id='word_1_407' title='bbox 1253 5511 1310 5556; x_wconf 88' lang='lat' dir='ltr'><strong>ut</strong></span> <span class='ocrx_word' id='word_1_408' title='bbox 1340 5501 1754 5570; x_wconf 88' lang='lat' dir='ltr'><strong>inseparabilem</strong></span> <span class='ocrx_word' id='word_1_409' title='bbox 1789 5501 1858 5555; x_wconf 91' lang='lat' dir='ltr'><strong>ab</strong></span> <span class='ocrx_word' id='word_1_410' title='bbox 1889 5499 2003 5567; x_wconf 87' lang='lat' dir='ltr'><strong>ejus</strong></span> <span class='ocrx_word' id='word_1_411' title='bbox 2032 5515 2117 5553; x_wconf 82' lang='lat' dir='ltr'><strong>es-</strong></span> 
     </span>
    </p>
   </div>
   <div class='ocr_carea' id='block_1_57' title="bbox 539 5587 2117 5660">
    <p class='ocr_par' dir='ltr' id='par_1_57' title="bbox 539 5587 2117 5660">
     <span class='ocr_line' id='line_1_57' title="bbox 539 5587 2117 5660; baseline 0.005 -23"><span class='ocrx_word' id='word_1_412' title='bbox 539 5587 711 5640; x_wconf 80' lang='lat' dir='ltr'><strong>sentia</strong></span> <span class='ocrx_word' id='word_1_413' title='bbox 748 5598 802 5643; x_wconf 89' lang='lat' dir='ltr'><strong>et</strong></span> <span class='ocrx_word' id='word_1_414' title='bbox 840 5591 907 5643; x_wconf 87' lang='lat' dir='ltr'><strong>ab</strong></span> <span class='ocrx_word' id='word_1_415' title='bbox 947 5591 1062 5659; x_wconf 90' lang='lat' dir='ltr'><strong>ipso</strong></span> <span class='ocrx_word' id='word_1_416' title='bbox 1098 5595 1481 5660; x_wconf 76' lang='lat' dir='ltr'><strong>procedentem</strong></span> <span class='ocrx_word' id='word_1_417' title='bbox 1518 5591 1855 5646; x_wconf 87' lang='lat' dir='ltr'><strong>naturaliter.</strong></span> <span class='ocrx_word' id='word_1_418' title='bbox 1897 5590 1954 5646; x_wconf 91' lang='lat' dir='ltr'><strong>Si</strong></span> <span class='ocrx_word' id='word_1_419' title='bbox 1991 5605 2117 5645; x_wconf 88' lang='lat' dir='ltr'><strong>vero</strong></span> 
     </span>
    </p>
   </div>
   <div class='ocr_carea' id='block_1_58' title="bbox 543 5681 2117 5755">
    <p class='ocr_par' dir='ltr' id='par_1_58' title="bbox 543 5681 2117 5755">
     <span class='ocr_line' id='line_1_58' title="bbox 543 5681 2117 5755; baseline 0.006 -25"><span class='ocrx_word' id='word_1_420' title='bbox 543 5681 858 5736; x_wconf 65' lang='lat' dir='ltr'><strong>existimant</strong></span> <span class='ocrx_word' id='word_1_421' title='bbox 901 5698 959 5738; x_wconf 88' lang='lat' dir='ltr'><strong>se</strong></span> <span class='ocrx_word' id='word_1_422' title='bbox 1002 5694 1215 5738; x_wconf 85' lang='lat' dir='ltr'><strong>acutum</strong></span> <span class='ocrx_word' id='word_1_423' title='bbox 1256 5685 1456 5755; x_wconf 81' lang='lat' dir='ltr'><strong>aliquid</strong></span> <span class='ocrx_word' id='word_1_424' title='bbox 1503 5699 1834 5754; x_wconf 79' lang='lat' dir='ltr'><strong>proponere,</strong></span> <span class='ocrx_word' id='word_1_425' title='bbox 1881 5684 2117 5738; x_wconf 85' lang='lat' dir='ltr'><strong>dicentes</strong></span> 
     </span>
    </p>
   </div>
   <div class='ocr_carea' id='block_1_59' title="bbox 549 5772 2111 5836">
    <p class='ocr_par' dir='ltr' id='par_1_59' title="bbox 549 5772 2111 5836">
     <span class='ocr_line' id='line_1_59' title="bbox 549 5772 2111 5836; baseline 0.004 -12"><span class='ocrx_word' id='word_1_426' title='bbox 549 5772 821 5831; x_wconf 74' lang='lat' dir='ltr'><strong>voluntate</strong></span> <span class='ocrx_word' id='word_1_427' title='bbox 848 5785 936 5831; x_wconf 84' lang='lat' dir='ltr'><strong>aut</strong></span> <span class='ocrx_word' id='word_1_428' title='bbox 963 5777 1099 5833; x_wconf 77' lang='lat' dir='ltr'><strong>citra</strong></span> <span class='ocrx_word' id='word_1_429' title='bbox 1124 5777 1452 5836; x_wconf 78' lang='lat' dir='ltr'><strong>voluntatem</strong></span> <span class='ocrx_word' id='word_1_430' title='bbox 1482 5794 1602 5834; x_wconf 80' lang='lat' dir='ltr'><strong>cuin</strong></span> <span class='ocrx_word' id='word_1_431' title='bbox 1633 5776 1832 5832; x_wconf 79' lang='lat' dir='ltr'><strong>factum</strong></span> <span class='ocrx_word' id='word_1_432' title='bbox 1862 5791 1999 5836; x_wconf 88' lang='lat' dir='ltr'><strong>cssc.</strong></span> <span class='ocrx_word' id='word_1_433' title='bbox 2031 5777 2111 5832; x_wconf 80' lang='lat' dir='ltr'><strong>vi-</strong></span> 
     </span>
    </p>
   </div>
   <div class='ocr_carea' id='block_1_60' title="bbox 2214 518 3808 590">
    <p class='ocr_par' dir='ltr' id='par_1_60' title="bbox 2214 518 3808 590">
     <span class='ocr_line' id='line_1_60' title="bbox 2214 518 3808 590; baseline -0.003 -11"><span class='ocrx_word' id='word_1_434' title='bbox 2214 525 2307 582; x_wconf 83' lang='grc' dir='ltr'>τδν</span> <span class='ocrx_word' id='word_1_435' title='bbox 2337 525 2486 578; x_wconf 88' lang='grc' dir='ltr'>Υἱόν.</span> <span class='ocrx_word' id='word_1_436' title='bbox 2524 523 2588 577; x_wconf 74' lang='lat' dir='ltr'><strong>Ei</strong></span> <span class='ocrx_word' id='word_1_437' title='bbox 2615 523 2672 576; x_wconf 85' lang='grc' dir='ltr'><strong>δὲ</strong></span> <span class='ocrx_word' id='word_1_438' title='bbox 2718 520 2880 575; x_wconf 79' lang='grc' dir='ltr'>τοῦτο</span> <span class='ocrx_word' id='word_1_439' title='bbox 2897 518 3093 583; x_wconf 72' lang='grc' dir='ltr'>ἀσεϐὲς</span> <span class='ocrx_word' id='word_1_440' title='bbox 3126 523 3343 590; x_wconf 80' lang='grc' dir='ltr'>φρονεῖν</span> <span class='ocrx_word' id='word_1_441' title='bbox 3373 537 3433 572; x_wconf 88' lang='grc' dir='ltr'><strong>τε</strong></span> <span class='ocrx_word' id='word_1_442' title='bbox 3468 521 3564 574; x_wconf 73' lang='grc' dir='ltr'><strong>καὶ</strong></span> <span class='ocrx_word' id='word_1_443' title='bbox 3598 521 3808 590; x_wconf 87' lang='grc' dir='ltr'>λέγειν,</span> 
     </span>
    </p>
   </div>
   <div class='ocr_carea' id='block_1_61' title="bbox 2220 612 3807 690">
    <p class='ocr_par' dir='ltr' id='par_1_61' title="bbox 2220 612 3807 690">
     <span class='ocr_line' id='line_1_61' title="bbox 2220 612 3807 690; baseline 0.002 -24"><span class='ocrx_word' id='word_1_444' title='bbox 2220 616 2747 690; x_wconf 69' lang='grc' dir='ltr'>μὴπροτεινὲτωσάν</span> <span class='ocrx_word' id='word_1_445' title='bbox 2776 631 2919 678; x_wconf 80' lang='grc' dir='ltr'>τινες</span> <span class='ocrx_word' id='word_1_446' title='bbox 2944 614 3029 682; x_wconf 76' lang='grc' dir='ltr'>ἐφ’</span> <span class='ocrx_word' id='word_1_447' title='bbox 3065 612 3199 666; x_wconf 82' lang='grc' dir='ltr'><strong>Υἱοῦ</strong></span> <span class='ocrx_word' id='word_1_448' title='bbox 3219 613 3301 677; x_wconf 93' lang='lat' dir='ltr'><strong>r6,</strong></span> <span class='ocrx_word' id='word_1_449' title='bbox 3342 613 3615 684; x_wconf 80' lang='grc' dir='ltr'>Βουλήσει</span> <span class='ocrx_word' id='word_1_450' title='bbox 3640 615 3675 686; x_wconf 75' lang='grc' dir='ltr'>ἦ</span> <span class='ocrx_word' id='word_1_451' title='bbox 3707 616 3807 686; x_wconf 89' lang='grc' dir='ltr'>μή.</span> 
     </span>
    </p>
   </div>
   <div class='ocr_carea' id='block_1_62' title="bbox 2220 702 3813 778">
    <p class='ocr_par' dir='ltr' id='par_1_62' title="bbox 2220 702 3813 778">
     <span class='ocr_line' id='line_1_62' title="bbox 2220 702 3813 778; baseline -0.002 -17"><span class='ocrx_word' id='word_1_452' title='bbox 2220 709 2433 778; x_wconf 82' lang='grc' dir='ltr'>Ὠσπερ</span> <span class='ocrx_word' id='word_1_453' title='bbox 2457 708 2566 778; x_wconf 85' lang='grc' dir='ltr'>γὰρ</span> <span class='ocrx_word' id='word_1_454' title='bbox 2601 707 2803 776; x_wconf 83' lang='grc' dir='ltr'>ἀγαθὸς</span> <span class='ocrx_word' id='word_1_455' title='bbox 2831 703 2974 758; x_wconf 87' lang='grc' dir='ltr'><strong>κατά</strong></span> <span class='ocrx_word' id='word_1_456' title='bbox 3006 702 3168 774; x_wconf 88' lang='grc' dir='ltr'>φύσιν</span> <span class='ocrx_word' id='word_1_457' title='bbox 3193 703 3340 758; x_wconf 68' lang='grc' dir='ltr'>ἐστὶν</span> <span class='ocrx_word' id='word_1_458' title='bbox 3366 706 3395 759; x_wconf 90' lang='lat'><strong>6</strong></span> <span class='ocrx_word' id='word_1_459' title='bbox 3425 705 3643 777; x_wconf 81' lang='grc' dir='ltr'>Πατήρ,</span> <span class='ocrx_word' id='word_1_460' title='bbox 3664 705 3813 759; x_wconf 75' lang='grc' dir='ltr'>οὕτω</span> 
     </span>
    </p>
   </div>
   <div class='ocr_carea' id='block_1_63' title="bbox 2219 799 3034 870">
    <p class='ocr_par' dir='ltr' id='par_1_63' title="bbox 2219 799 3034 870">
     <span class='ocr_line' id='line_1_63' title="bbox 2219 799 3034 870; baseline -0.004 -15"><span class='ocrx_word' id='word_1_461' title='bbox 2219 802 2312 856; x_wconf 78' lang='grc' dir='ltr'><strong>καὶ</strong></span> <span class='ocrx_word' id='word_1_462' title='bbox 2339 799 2657 870; x_wconf 79' lang='grc' dir='ltr'>γεννητικὸς</span> <span class='ocrx_word' id='word_1_463' title='bbox 2683 799 2825 854; x_wconf 80' lang='grc' dir='ltr'>κατὰ</span> <span class='ocrx_word' id='word_1_464' title='bbox 2853 801 3034 868; x_wconf 90' lang='grc' dir='ltr'>φύσιν.</span> 
     </span>
    </p>
   </div>
   <div class='ocr_carea' id='block_1_64' title="bbox 2640 932 3364 1004">
    <p class='ocr_par' dir='ltr' id='par_1_64' title="bbox 2640 932 3364 1004">
     <span class='ocr_line' id='line_1_64' title="bbox 2640 932 3364 1004; baseline 0.004 -18"><span class='ocrx_word' id='word_1_465' title='bbox 2640 933 2824 987; x_wconf 80' lang='grc' dir='ltr'><strong>ΑΛΛΟ</strong></span> <span class='ocrx_word' id='word_1_466' title='bbox 2845 973 2860 1000; x_wconf 90' lang='grc'><strong>,</strong></span> <span class='ocrx_word' id='word_1_467' title='bbox 2908 932 3364 1004; x_wconf 76' lang='grc' dir='ltr'><strong>διηγηματικῶς.</strong></span> 
     </span>
    </p>
   </div>
   <div class='ocr_carea' id='block_1_65' title="bbox 2292 1046 3814 1120">
    <p class='ocr_par' dir='ltr' id='par_1_65' title="bbox 2292 1046 3814 1120">
     <span class='ocr_line' id='line_1_65' title="bbox 2292 1046 3814 1120; baseline -0.001 -18"><span class='ocrx_word' id='word_1_468' title='bbox 2292 1050 2355 1104; x_wconf 82' lang='lat' dir='ltr'><strong>Ei</strong></span> <span class='ocrx_word' id='word_1_469' title='bbox 2395 1050 2547 1104; x_wconf 78' lang='grc' dir='ltr'>πᾶσα</span> <span class='ocrx_word' id='word_1_470' title='bbox 2595 1046 2850 1120; x_wconf 87' lang='grc' dir='ltr'>βούλησις</span> <span class='ocrx_word' id='word_1_471' title='bbox 2879 1049 2912 1120; x_wconf 91' lang='grc' dir='ltr'><strong>ή</strong></span> <span class='ocrx_word' id='word_1_472' title='bbox 2947 1046 3003 1101; x_wconf 75' lang='grc' dir='ltr'>ἓν</span> <span class='ocrx_word' id='word_1_473' title='bbox 3029 1065 3138 1102; x_wconf 87' lang='grc' dir='ltr'>τισι</span> <span class='ocrx_word' id='word_1_474' title='bbox 3172 1047 3435 1118; x_wconf 81' lang='grc' dir='ltr'><strong>γινομένη</strong></span> <span class='ocrx_word' id='word_1_475' title='bbox 3465 1048 3527 1101; x_wconf 92' lang='grc' dir='ltr'><strong>οὐ</strong></span> <span class='ocrx_word' id='word_1_476' title='bbox 3566 1048 3697 1120; x_wconf 85' lang='grc' dir='ltr'>δίχα</span> <span class='ocrx_word' id='word_1_477' title='bbox 3728 1048 3814 1102; x_wconf 82' lang='grc' dir='ltr'>λό-</span> 
     </span>
    </p>
   </div>
   <div class='ocr_carea' id='block_1_66' title="bbox 2220 1139 3813 1213">
    <p class='ocr_par' dir='ltr' id='par_1_66' title="bbox 2220 1139 3813 1213">
     <span class='ocr_line' id='line_1_66' title="bbox 2220 1139 3813 1213; baseline 0 -18"><span class='ocrx_word' id='word_1_478' title='bbox 2220 1159 2317 1212; x_wconf 90' lang='grc' dir='ltr'><strong>γου</strong></span> <span class='ocrx_word' id='word_1_479' title='bbox 2339 1142 2546 1211; x_wconf 85' lang='grc' dir='ltr'>γίνεται</span> <span class='ocrx_word' id='word_1_480' title='bbox 2565 1140 2756 1213; x_wconf 86' lang='grc' dir='ltr'>(λόγος</span> <span class='ocrx_word' id='word_1_481' title='bbox 2779 1139 2889 1211; x_wconf 84' lang='grc' dir='ltr'><strong>γάρ</strong></span> <span class='ocrx_word' id='word_1_482' title='bbox 2919 1140 3068 1192; x_wconf 73' lang='grc' dir='ltr'>ἐστιν</span> <span class='ocrx_word' id='word_1_483' title='bbox 3090 1139 3314 1208; x_wconf 79' lang='grc' dir='ltr'><strong>ἀφανῶς</strong></span> <span class='ocrx_word' id='word_1_484' title='bbox 3343 1141 3400 1192; x_wconf 87' lang='grc' dir='ltr'>ὲν</span> <span class='ocrx_word' id='word_1_485' title='bbox 3427 1139 3625 1212; x_wconf 72' lang='grc' dir='ltr'>καρδίᾳ</span> <span class='ocrx_word' id='word_1_486' title='bbox 3658 1159 3813 1213; x_wconf 81' lang='grc' dir='ltr'>στρε·</span> 
     </span>
    </p>
   </div>
   <div class='ocr_carea' id='block_1_67' title="bbox 2222 1229 3810 1304">
    <p class='ocr_par' dir='ltr' id='par_1_67' title="bbox 2222 1229 3810 1304">
     <span class='ocr_line' id='line_1_67' title="bbox 2222 1229 3810 1304; baseline 0 -18"><span class='ocrx_word' id='word_1_487' title='bbox 2222 1234 2455 1304; x_wconf 88' lang='grc' dir='ltr'>φόμενος</span> <span class='ocrx_word' id='word_1_488' title='bbox 2479 1235 2513 1304; x_wconf 87' lang='grc' dir='ltr'><strong>ή</strong></span> <span class='ocrx_word' id='word_1_489' title='bbox 2551 1230 2875 1302; x_wconf 88' lang='grc' dir='ltr'>βούλησις),</span> <span class='ocrx_word' id='word_1_490' title='bbox 2937 1229 3051 1285; x_wconf 72' lang='grc' dir='ltr'>ἐστι</span> <span class='ocrx_word' id='word_1_491' title='bbox 3111 1231 3168 1284; x_wconf 82' lang='grc' dir='ltr'><strong>δὲ</strong></span> <span class='ocrx_word' id='word_1_492' title='bbox 3211 1231 3240 1284; x_wconf 97' lang='lat'><strong>6</strong></span> <span class='ocrx_word' id='word_1_493' title='bbox 3265 1230 3392 1294; x_wconf 78' lang='grc' dir='ltr'>Υἱὸς</span> <span class='ocrx_word' id='word_1_494' title='bbox 3424 1233 3452 1285; x_wconf 91' lang='lat'><strong>6</strong></span> <span class='ocrx_word' id='word_1_495' title='bbox 3503 1233 3681 1300; x_wconf 83' lang='grc' dir='ltr'><strong>Λόγος</strong></span> <span class='ocrx_word' id='word_1_496' title='bbox 3717 1233 3810 1286; x_wconf 78' lang='grc' dir='ltr'>τοῦ</span> 
     </span>
    </p>
   </div>
   <div class='ocr_carea' id='block_1_68' title="bbox 2223 1319 3813 1396">
    <p class='ocr_par' dir='ltr' id='par_1_68' title="bbox 2223 1319 3813 1396">
     <span class='ocr_line' id='line_1_68' title="bbox 2223 1319 3813 1396; baseline -0.001 -19"><span class='ocrx_word' id='word_1_497' title='bbox 2223 1324 2457 1396; x_wconf 77' lang='grc' dir='ltr'>Πατρός,</span> <span class='ocrx_word' id='word_1_498' title='bbox 2515 1322 2676 1386; x_wconf 85' lang='grc' dir='ltr'>αὐτὸς</span> <span class='ocrx_word' id='word_1_499' title='bbox 2725 1320 2835 1392; x_wconf 78' lang='grc' dir='ltr'>ἄρα</span> <span class='ocrx_word' id='word_1_500' title='bbox 2857 1321 3005 1374; x_wconf 73' lang='grc' dir='ltr'>ἐστὶν</span> <span class='ocrx_word' id='word_1_501' title='bbox 3061 1321 3096 1390; x_wconf 91' lang='grc' dir='ltr'><strong>ή</strong></span> <span class='ocrx_word' id='word_1_502' title='bbox 3137 1319 3391 1392; x_wconf 84' lang='grc' dir='ltr'>βούλησις</span> <span class='ocrx_word' id='word_1_503' title='bbox 3443 1322 3628 1377; x_wconf 83' lang='grc' dir='ltr'>αὐτοῦ.</span> <span class='ocrx_word' id='word_1_504' title='bbox 3673 1319 3813 1378; x_wconf 78' lang='grc' dir='ltr'>Εἶτα</span> 
     </span>
    </p>
   </div>
   <div class='ocr_carea' id='block_1_69' title="bbox 2223 1411 3812 1487">
    <p class='ocr_par' dir='ltr' id='par_1_69' title="bbox 2223 1411 3812 1487">
     <span class='ocr_line' id='line_1_69' title="bbox 2223 1411 3812 1487; baseline 0 -19"><span class='ocrx_word' id='word_1_505' title='bbox 2223 1416 2341 1480; x_wconf 82' lang='grc' dir='ltr'>πῶς</span> <span class='ocrx_word' id='word_1_506' title='bbox 2379 1418 2412 1487; x_wconf 86' lang='grc' dir='ltr'><strong>ή</strong></span> <span class='ocrx_word' id='word_1_507' title='bbox 2451 1415 2704 1487; x_wconf 87' lang='grc' dir='ltr'>βούλησις</span> <span class='ocrx_word' id='word_1_508' title='bbox 2748 1414 2805 1468; x_wconf 82' lang='grc' dir='ltr'>ἔν</span> <span class='ocrx_word' id='word_1_509' title='bbox 2840 1413 3093 1484; x_wconf 83' lang='grc' dir='ltr'><strong>βουλήσει</strong></span> <span class='ocrx_word' id='word_1_510' title='bbox 3133 1411 3382 1482; x_wconf 83' lang='grc' dir='ltr'>γίνεται;</span> <span class='ocrx_word' id='word_1_511' title='bbox 3419 1413 3451 1485; x_wconf 76' lang='grc' dir='ltr'><strong>ἢ</strong></span> <span class='ocrx_word' id='word_1_512' title='bbox 3495 1413 3610 1478; x_wconf 85' lang='grc' dir='ltr'><strong>πῶς</strong></span> <span class='ocrx_word' id='word_1_513' title='bbox 3644 1417 3675 1468; x_wconf 91' lang='lat'><strong>6</strong></span> <span class='ocrx_word' id='word_1_514' title='bbox 3704 1415 3812 1468; x_wconf 85' lang='grc' dir='ltr'><strong>Λό-</strong></span> 
     </span>
    </p>
   </div>
   <div class='ocr_carea' id='block_1_70' title="bbox 2223 1504 3808 1579">
    <p class='ocr_par' dir='ltr' id='par_1_70' title="bbox 2223 1504 3808 1579">
     <span class='ocr_line' id='line_1_70' title="bbox 2223 1504 3808 1579; baseline -0.002 -19"><span class='ocrx_word' id='word_1_515' title='bbox 2223 1524 2318 1576; x_wconf 90' lang='grc' dir='ltr'><strong>γος</strong></span> <span class='ocrx_word' id='word_1_516' title='bbox 2339 1508 2396 1562; x_wconf 82' lang='grc' dir='ltr'>ὲν</span> <span class='ocrx_word' id='word_1_517' title='bbox 2423 1506 2615 1579; x_wconf 77' lang='grc' dir='ltr'>Λόγῳς</span> <span class='ocrx_word' id='word_1_518' title='bbox 2651 1506 2839 1560; x_wconf 83' lang='grc' dir='ltr'>Πάντα</span> <span class='ocrx_word' id='word_1_519' title='bbox 2885 1504 3064 1558; x_wconf 79' lang='grc' dir='ltr'>τοίνυν</span> <span class='ocrx_word' id='word_1_520' title='bbox 3091 1504 3242 1558; x_wconf 69' lang='grc' dir='ltr'>ἐστὶν</span> <span class='ocrx_word' id='word_1_521' title='bbox 3275 1505 3304 1558; x_wconf 90' lang='lat'><strong>6</strong></span> <span class='ocrx_word' id='word_1_522' title='bbox 3337 1504 3465 1566; x_wconf 79' lang='grc' dir='ltr'>Υἱὸς</span> <span class='ocrx_word' id='word_1_523' title='bbox 3494 1504 3570 1575; x_wconf 86' lang='grc' dir='ltr'>τῷ</span> <span class='ocrx_word' id='word_1_524' title='bbox 3593 1506 3772 1576; x_wconf 79' lang='grc' dir='ltr'>Πατρῖ</span> <span class='ocrx_word' id='word_1_525' title='bbox 3793 1547 3808 1570; x_wconf 87' lang='grc'><strong>,</strong></span> 
     </span>
    </p>
   </div>
   <div class='ocr_carea' id='block_1_71' title="bbox 2223 1595 3814 1670">
    <p class='ocr_par' dir='ltr' id='par_1_71' title="bbox 2223 1595 3814 1670">
     <span class='ocr_line' id='line_1_71' title="bbox 2223 1595 3814 1670; baseline -0.003 -16"><span class='ocrx_word' id='word_1_526' title='bbox 2223 1600 2318 1655; x_wconf 76' lang='grc' dir='ltr'><strong>καὶ</strong></span> <span class='ocrx_word' id='word_1_527' title='bbox 2370 1599 2535 1670; x_wconf 83' lang='grc' dir='ltr'>βουλὴ</span> <span class='ocrx_word' id='word_1_528' title='bbox 2565 1598 2658 1653; x_wconf 68' lang='grc' dir='ltr'>καὶ</span> <span class='ocrx_word' id='word_1_529' title='bbox 2691 1599 2885 1668; x_wconf 81' lang='grc' dir='ltr'><strong>Λόγος,</strong></span> <span class='ocrx_word' id='word_1_530' title='bbox 2919 1597 3012 1650; x_wconf 73' lang='grc' dir='ltr'><strong>καὶ</strong></span> <span class='ocrx_word' id='word_1_531' title='bbox 3037 1596 3220 1666; x_wconf 82' lang='grc' dir='ltr'>σοφία’</span> <span class='ocrx_word' id='word_1_532' title='bbox 3255 1596 3349 1650; x_wconf 82' lang='grc' dir='ltr'>καὶ</span> <span class='ocrx_word' id='word_1_533' title='bbox 3372 1595 3524 1650; x_wconf 79' lang='grc' dir='ltr'>οὐδέν</span> <span class='ocrx_word' id='word_1_534' title='bbox 3554 1596 3705 1651; x_wconf 78' lang='grc' dir='ltr'>ἐστιν</span> <span class='ocrx_word' id='word_1_535' title='bbox 3753 1599 3814 1649; x_wconf 84' lang='grc' dir='ltr'>ἐν</span> 
     </span>
    </p>
   </div>
   <div class='ocr_carea' id='block_1_72' title="bbox 2225 1689 2756 1764">
    <p class='ocr_par' dir='ltr' id='par_1_72' title="bbox 2225 1689 2756 1764">
     <span class='ocr_line' id='line_1_72' title="bbox 2225 1689 2756 1764; baseline -0.002 -20"><span class='ocrx_word' id='word_1_536' title='bbox 2225 1691 2400 1764; x_wconf 78' lang='grc' dir='ltr'>Πατρὶ</span> <span class='ocrx_word' id='word_1_537' title='bbox 2425 1690 2532 1762; x_wconf 78' lang='grc' dir='ltr'><strong>πρὸ</strong></span> <span class='ocrx_word' id='word_1_538' title='bbox 2570 1689 2756 1745; x_wconf 82' lang='grc' dir='ltr'>αὐτοῦ.</span> 
     </span>
    </p>
   </div>
   <div class='ocr_carea' id='block_1_73' title="bbox 2789 1801 3234 1872">
    <p class='ocr_par' dir='ltr' id='par_1_73' title="bbox 2789 1801 3234 1872">
     <span class='ocr_line' id='line_1_73' title="bbox 2789 1801 3234 1872; baseline 0.002 -17"><span class='ocrx_word' id='word_1_539' title='bbox 2789 1801 2972 1856; x_wconf 84' lang='grc' dir='ltr'><strong>ΑΛΛΟ</strong></span> <span class='ocrx_word' id='word_1_540' title='bbox 3006 1801 3234 1872; x_wconf 81' lang='grc' dir='ltr'>ὅμοιον.</span> 
     </span>
    </p>
   </div>
   <div class='ocr_carea' id='block_1_74' title="bbox 2299 1913 3805 1990">
    <p class='ocr_par' dir='ltr' id='par_1_74' title="bbox 2299 1913 3805 1990">
     <span class='ocr_line' id='line_1_74' title="bbox 2299 1913 3805 1990; baseline -0.004 -17"><span class='ocrx_word' id='word_1_541' title='bbox 2299 1920 2452 1990; x_wconf 83' lang='grc' dir='ltr'>Ἔχει</span> <span class='ocrx_word' id='word_1_542' title='bbox 2485 1919 2626 1973; x_wconf 78' lang='grc' dir='ltr'>κοιτά</span> <span class='ocrx_word' id='word_1_543' title='bbox 2659 1915 2820 1988; x_wconf 90' lang='grc' dir='ltr'>φύσιν</span> <span class='ocrx_word' id='word_1_544' title='bbox 2850 1919 2878 1970; x_wconf 89' lang='grc' dir='ltr'><strong>ὁ</strong></span> <span class='ocrx_word' id='word_1_545' title='bbox 2919 1915 3204 1988; x_wconf 80' lang='grc' dir='ltr'>ἄνθρωπος</span> <span class='ocrx_word' id='word_1_546' title='bbox 3232 1914 3292 1969; x_wconf 85' lang='lat' dir='ltr'><em>r6</em></span> <span class='ocrx_word' id='word_1_547' title='bbox 3316 1913 3579 1970; x_wconf 82' lang='grc' dir='ltr'>δύνασθαι</span> <span class='ocrx_word' id='word_1_548' title='bbox 3599 1915 3805 1970; x_wconf 82' lang='grc' dir='ltr'>τέκνων</span> 
     </span>
    </p>
   </div>
   <div class='ocr_carea' id='block_1_75' title="bbox 2221 2004 3807 2079">
    <p class='ocr_par' dir='ltr' id='par_1_75' title="bbox 2221 2004 3807 2079">
     <span class='ocr_line' id='line_1_75' title="bbox 2221 2004 3807 2079; baseline -0.003 -16"><span class='ocrx_word' id='word_1_549' title='bbox 2221 2009 2383 2063; x_wconf 74' lang='grc' dir='ltr'>αὐτὸν</span> <span class='ocrx_word' id='word_1_550' title='bbox 2405 2008 2658 2079; x_wconf 80' lang='grc' dir='ltr'>γενέσθαι</span> <span class='ocrx_word' id='word_1_551' title='bbox 2688 2007 2920 2078; x_wconf 82' lang='grc' dir='ltr'>πατέρα·</span> <span class='ocrx_word' id='word_1_552' title='bbox 2945 2006 3038 2059; x_wconf 82' lang='grc' dir='ltr'>καὶ</span> <span class='ocrx_word' id='word_1_553' title='bbox 3065 2005 3163 2076; x_wconf 92' lang='grc' dir='ltr'>οὐχ</span> <span class='ocrx_word' id='word_1_554' title='bbox 3189 2005 3374 2076; x_wconf 82' lang='grc' dir='ltr'>ὥσπερ</span> <span class='ocrx_word' id='word_1_555' title='bbox 3403 2007 3466 2058; x_wconf 82' lang='grc' dir='ltr'>ὲκ</span> <span class='ocrx_word' id='word_1_556' title='bbox 3499 2004 3807 2076; x_wconf 82' lang='grc' dir='ltr'><strong>βουλήσεως</strong></span> 
     </span>
    </p>
   </div>
   <div class='ocr_carea' id='block_1_76' title="bbox 2221 2097 3809 2172">
    <p class='ocr_par' dir='ltr' id='par_1_76' title="bbox 2221 2097 3809 2172">
     <span class='ocr_line' id='line_1_76' title="bbox 2221 2097 3809 2172; baseline -0.004 -16"><span class='ocrx_word' id='word_1_557' title='bbox 2221 2101 2422 2171; x_wconf 87' lang='grc' dir='ltr'>ἀγαθός</span> <span class='ocrx_word' id='word_1_558' title='bbox 2449 2103 2600 2156; x_wconf 79' lang='grc' dir='ltr'>ἐστιν</span> <span class='ocrx_word' id='word_1_559' title='bbox 2633 2100 2666 2172; x_wconf 83' lang='grc' dir='ltr'>ἢ</span> <span class='ocrx_word' id='word_1_560' title='bbox 2705 2099 2962 2172; x_wconf 83' lang='grc' dir='ltr'>πονηρὸς,</span> <span class='ocrx_word' id='word_1_561' title='bbox 2987 2097 3132 2152; x_wconf 74' lang='grc' dir='ltr'>οὕτω</span> <span class='ocrx_word' id='word_1_562' title='bbox 3166 2098 3259 2152; x_wconf 76' lang='grc' dir='ltr'>καὶ</span> <span class='ocrx_word' id='word_1_563' title='bbox 3286 2098 3487 2169; x_wconf 86' lang='grc' dir='ltr'>πατήρ.</span> <span class='ocrx_word' id='word_1_564' title='bbox 3548 2098 3715 2152; x_wconf 80' lang='grc' dir='ltr'>Ἀλλά</span> <span class='ocrx_word' id='word_1_565' title='bbox 3747 2097 3809 2151; x_wconf 82' lang='lat' dir='ltr'><em>r6</em></span> 
     </span>
    </p>
   </div>
   <div class='ocr_carea' id='block_1_77' title="bbox 2225 2185 3808 2266">
    <p class='ocr_par' dir='ltr' id='par_1_77' title="bbox 2225 2185 3808 2266">
     <span class='ocr_line' id='line_1_77' title="bbox 2225 2185 3808 2266; baseline -0.004 -20"><span class='ocrx_word' id='word_1_566' title='bbox 2225 2194 2323 2266; x_wconf 85' lang='grc' dir='ltr'><strong>μὲν</strong></span> <span class='ocrx_word' id='word_1_567' title='bbox 2362 2191 2542 2263; x_wconf 88' lang='grc' dir='ltr'>φύσει,</span> <span class='ocrx_word' id='word_1_568' title='bbox 2573 2190 2633 2244; x_wconf 84' lang='grc' dir='ltr'>τὸ</span> <span class='ocrx_word' id='word_1_569' title='bbox 2653 2190 2710 2243; x_wconf 86' lang='grc' dir='ltr'>δὲ</span> <span class='ocrx_word' id='word_1_570' title='bbox 2743 2187 2993 2260; x_wconf 80' lang='grc' dir='ltr'>βουλήσει</span> <span class='ocrx_word' id='word_1_571' title='bbox 3038 2185 3175 2242; x_wconf 83' lang='grc' dir='ltr'>ὲστί.</span> <span class='ocrx_word' id='word_1_572' title='bbox 3228 2186 3336 2239; x_wconf 70' lang='grc' dir='ltr'><strong>Καὶ</strong></span> <span class='ocrx_word' id='word_1_573' title='bbox 3386 2185 3481 2238; x_wconf 79' lang='grc' dir='ltr'>τοῦ</span> <span class='ocrx_word' id='word_1_574' title='bbox 3515 2185 3614 2257; x_wconf 82' lang='grc' dir='ltr'>μὲν</span> <span class='ocrx_word' id='word_1_575' title='bbox 3635 2187 3808 2257; x_wconf 77' lang='grc' dir='ltr'>ἐσμὲν</span> 
     </span>
    </p>
   </div>
   <div class='ocr_carea' id='block_1_78' title="bbox 2223 2275 3803 2357">
    <p class='ocr_par' dir='ltr' id='par_1_78' title="bbox 2223 2275 3803 2357">
     <span class='ocr_line' id='line_1_78' title="bbox 2223 2275 3803 2357; baseline -0.005 -18"><span class='ocrx_word' id='word_1_576' title='bbox 2223 2285 2423 2357; x_wconf 83' lang='grc' dir='ltr'>κύριοι·</span> <span class='ocrx_word' id='word_1_577' title='bbox 2458 2281 2553 2337; x_wconf 80' lang='grc' dir='ltr'>τοῦ</span> <span class='ocrx_word' id='word_1_578' title='bbox 2583 2282 2637 2335; x_wconf 83' lang='grc' dir='ltr'>δὲ</span> <span class='ocrx_word' id='word_1_579' title='bbox 2684 2282 2718 2353; x_wconf 89' lang='grc' dir='ltr'><strong>ή</strong></span> <span class='ocrx_word' id='word_1_580' title='bbox 2773 2279 2933 2349; x_wconf 85' lang='grc' dir='ltr'>φύσις</span> <span class='ocrx_word' id='word_1_581' title='bbox 2967 2275 3319 2350; x_wconf 76' lang='grc' dir='ltr'>ἀπαράϐατον</span> <span class='ocrx_word' id='word_1_582' title='bbox 3351 2275 3462 2347; x_wconf 75' lang='grc' dir='ltr'>ἔχει</span> <span class='ocrx_word' id='word_1_583' title='bbox 3493 2276 3586 2330; x_wconf 74' lang='grc' dir='ltr'><strong>τὸν</strong></span> <span class='ocrx_word' id='word_1_584' title='bbox 3614 2277 3803 2348; x_wconf 88' lang='grc' dir='ltr'>νόμον.</span> 
     </span>
    </p>
   </div>
   <div class='ocr_carea' id='block_1_79' title="bbox 2223 2365 3803 2448">
    <p class='ocr_par' dir='ltr' id='par_1_79' title="bbox 2223 2365 3803 2448">
     <span class='ocr_line' id='line_1_79' title="bbox 2223 2365 3803 2448; baseline -0.004 -17"><span class='ocrx_word' id='word_1_585' title='bbox 2223 2378 2434 2448; x_wconf 84' lang='grc' dir='ltr'>Ὥσπερ</span> <span class='ocrx_word' id='word_1_586' title='bbox 2461 2369 2552 2429; x_wconf 78' lang='grc' dir='ltr'><strong>οὖν</strong></span> <span class='ocrx_word' id='word_1_587' title='bbox 2578 2373 2677 2428; x_wconf 90' lang='grc' dir='ltr'><strong>οὐκ</strong></span> <span class='ocrx_word' id='word_1_588' title='bbox 2712 2373 2777 2426; x_wconf 78' lang='grc' dir='ltr'>ἐκ</span> <span class='ocrx_word' id='word_1_589' title='bbox 2806 2370 3110 2442; x_wconf 83' lang='grc' dir='ltr'>βουλήσεως</span> <span class='ocrx_word' id='word_1_590' title='bbox 3146 2367 3340 2440; x_wconf 75' lang='grc' dir='ltr'>ἔχομεν</span> <span class='ocrx_word' id='word_1_591' title='bbox 3369 2369 3538 2438; x_wconf 83' lang='grc' dir='ltr'>ἡμεῖς</span> <span class='ocrx_word' id='word_1_592' title='bbox 3574 2368 3638 2422; x_wconf 88' lang='lat' dir='ltr'><em>r6</em></span> <span class='ocrx_word' id='word_1_593' title='bbox 3663 2365 3803 2424; x_wconf 79' lang='grc' dir='ltr'>εἶναι</span> 
     </span>
    </p>
   </div>
   <div class='ocr_carea' id='block_1_80' title="bbox 2218 2458 3803 2538">
    <p class='ocr_par' dir='ltr' id='par_1_80' title="bbox 2218 2458 3803 2538">
     <span class='ocr_line' id='line_1_80' title="bbox 2218 2458 3803 2538; baseline -0.003 -19"><span class='ocrx_word' id='word_1_594' title='bbox 2218 2467 2456 2538; x_wconf 78' lang='grc' dir='ltr'>πατέρες</span> <span class='ocrx_word' id='word_1_595' title='bbox 2499 2464 2610 2519; x_wconf 85' lang='grc' dir='ltr'><strong>τῶν</strong></span> <span class='ocrx_word' id='word_1_596' title='bbox 2666 2463 2725 2530; x_wconf 80' lang='grc' dir='ltr'>ἐξ</span> <span class='ocrx_word' id='word_1_597' title='bbox 2780 2461 2957 2533; x_wconf 85' lang='grc' dir='ltr'>ήμῶν,</span> <span class='ocrx_word' id='word_1_598' title='bbox 3005 2460 3142 2514; x_wconf 89' lang='grc' dir='ltr'><strong>ἀλλά</strong></span> <span class='ocrx_word' id='word_1_599' title='bbox 3190 2458 3458 2528; x_wconf 82' lang='grc' dir='ltr'>φυσικῶς,</span> <span class='ocrx_word' id='word_1_600' title='bbox 3486 2458 3632 2514; x_wconf 73' lang='grc' dir='ltr'>οὕτω</span> <span class='ocrx_word' id='word_1_601' title='bbox 3657 2463 3746 2515; x_wconf 69' lang='grc' dir='ltr'><strong>καὶ</strong></span> <span class='ocrx_word' id='word_1_602' title='bbox 3774 2463 3803 2515; x_wconf 89' lang='lat'><strong>6</strong></span> 
     </span>
    </p>
   </div>
   <div class='ocr_carea' id='block_1_81' title="bbox 2221 2549 3793 2624">
    <p class='ocr_par' dir='ltr' id='par_1_81' title="bbox 2221 2549 3793 2624">
     <span class='ocr_line' id='line_1_81' title="bbox 2221 2549 3793 2624; baseline -0.003 -14"><span class='ocrx_word' id='word_1_603' title='bbox 2221 2556 2352 2620; x_wconf 81' lang='grc' dir='ltr'>Θεὸς</span> <span class='ocrx_word' id='word_1_604' title='bbox 2400 2557 2494 2608; x_wconf 74' lang='grc' dir='ltr'><strong>καὶ</strong></span> <span class='ocrx_word' id='word_1_605' title='bbox 2541 2553 2734 2624; x_wconf 82' lang='grc' dir='ltr'>Πατὴρ</span> <span class='ocrx_word' id='word_1_606' title='bbox 2784 2552 2884 2605; x_wconf 92' lang='grc' dir='ltr'><strong>οὐκ</strong></span> <span class='ocrx_word' id='word_1_607' title='bbox 2948 2551 3012 2604; x_wconf 86' lang='grc' dir='ltr'>ὲκ</span> <span class='ocrx_word' id='word_1_608' title='bbox 3058 2549 3371 2621; x_wconf 86' lang='grc' dir='ltr'>βουλήσεως</span> <span class='ocrx_word' id='word_1_609' title='bbox 3408 2552 3597 2622; x_wconf 88' lang='grc' dir='ltr'>Πατήρ</span> <span class='ocrx_word' id='word_1_610' title='bbox 3631 2555 3793 2617; x_wconf 85' lang='grc' dir='ltr'>ἐστιν,</span> 
     </span>
    </p>
   </div>
   <div class='ocr_carea' id='block_1_82' title="bbox 2220 2641 3795 2716">
    <p class='ocr_par' dir='ltr' id='par_1_82' title="bbox 2220 2641 3795 2716">
     <span class='ocr_line' id='line_1_82' title="bbox 2220 2641 3795 2716; baseline -0.004 -15"><span class='ocrx_word' id='word_1_611' title='bbox 2220 2647 2356 2701; x_wconf 86' lang='grc' dir='ltr'><strong>ἀλλά</strong></span> <span class='ocrx_word' id='word_1_612' title='bbox 2386 2645 2653 2716; x_wconf 81' lang='grc' dir='ltr'>φυσικῶς.</span> <span class='ocrx_word' id='word_1_613' title='bbox 2717 2644 2828 2697; x_wconf 72' lang='grc' dir='ltr'>Καὶ</span> <span class='ocrx_word' id='word_1_614' title='bbox 2879 2642 3072 2713; x_wconf 83' lang='grc' dir='ltr'>ὥσπερ</span> <span class='ocrx_word' id='word_1_615' title='bbox 3103 2643 3154 2695; x_wconf 78' lang='grc' dir='ltr'>οἱ</span> <span class='ocrx_word' id='word_1_616' title='bbox 3203 2641 3262 2707; x_wconf 78' lang='grc' dir='ltr'><strong>ἐξ</strong></span> <span class='ocrx_word' id='word_1_617' title='bbox 3310 2641 3468 2712; x_wconf 85' lang='grc' dir='ltr'>ήμῶν</span> <span class='ocrx_word' id='word_1_618' title='bbox 3493 2642 3795 2712; x_wconf 86' lang='grc' dir='ltr'>τικτόμενοι</span> 
     </span>
    </p>
   </div>
   <div class='ocr_carea' id='block_1_83' title="bbox 2220 2733 3797 2812">
    <p class='ocr_par' dir='ltr' id='par_1_83' title="bbox 2220 2733 3797 2812">
     <span class='ocr_line' id='line_1_83' title="bbox 2220 2733 3797 2812; baseline -0.004 -17"><span class='ocrx_word' id='word_1_619' title='bbox 2220 2742 2391 2812; x_wconf 85' lang='grc' dir='ltr'>ὅμοιοι</span> <span class='ocrx_word' id='word_1_620' title='bbox 2417 2741 2634 2803; x_wconf 85' lang='grc' dir='ltr'>πάντως</span> <span class='ocrx_word' id='word_1_621' title='bbox 2651 2741 2782 2809; x_wconf 87' lang='grc' dir='ltr'>ἡμῖν</span> <span class='ocrx_word' id='word_1_622' title='bbox 2812 2738 2932 2791; x_wconf 84' lang='grc' dir='ltr'>κατ’</span> <span class='ocrx_word' id='word_1_623' title='bbox 2953 2736 3143 2790; x_wconf 90' lang='grc' dir='ltr'>οὐσίαν</span> <span class='ocrx_word' id='word_1_624' title='bbox 3161 2735 3320 2800; x_wconf 77' lang='grc' dir='ltr'>είσὶν,</span> <span class='ocrx_word' id='word_1_625' title='bbox 3347 2733 3490 2788; x_wconf 79' lang='grc' dir='ltr'>οὕτω</span> <span class='ocrx_word' id='word_1_626' title='bbox 3523 2735 3614 2788; x_wconf 66' lang='grc' dir='ltr'>καὶ</span> <span class='ocrx_word' id='word_1_627' title='bbox 3631 2737 3660 2788; x_wconf 88' lang='lat'><strong>6</strong></span> <span class='ocrx_word' id='word_1_628' title='bbox 3676 2737 3797 2799; x_wconf 67' lang='grc' dir='ltr'><strong>Υἱὸς</strong></span> 
     </span>
    </p>
   </div>
   <div class='ocr_carea' id='block_1_84' title="bbox 2221 2826 3801 2900">
    <p class='ocr_par' dir='ltr' id='par_1_84' title="bbox 2221 2826 3801 2900">
     <span class='ocr_line' id='line_1_84' title="bbox 2221 2826 3801 2900; baseline -0.001 -17"><span class='ocrx_word' id='word_1_629' title='bbox 2221 2830 2319 2883; x_wconf 88' lang='grc' dir='ltr'><strong>οὐκ</strong></span> <span class='ocrx_word' id='word_1_630' title='bbox 2349 2829 2546 2895; x_wconf 80' lang='grc' dir='ltr'>ἔξωθεν</span> <span class='ocrx_word' id='word_1_631' title='bbox 2575 2829 2654 2900; x_wconf 84' lang='grc' dir='ltr'>τῷ</span> <span class='ocrx_word' id='word_1_632' title='bbox 2679 2828 2853 2900; x_wconf 79' lang='grc' dir='ltr'>Πατρὶ</span> <span class='ocrx_word' id='word_1_633' title='bbox 2892 2827 3350 2898; x_wconf 81' lang='grc' dir='ltr'>προσγενόμενος,</span> <span class='ocrx_word' id='word_1_634' title='bbox 3391 2826 3510 2881; x_wconf 89' lang='grc' dir='ltr'>ἀλλ’</span> <span class='ocrx_word' id='word_1_635' title='bbox 3543 2828 3712 2892; x_wconf 77' lang='grc' dir='ltr'>ὅντως</span> <span class='ocrx_word' id='word_1_636' title='bbox 3743 2829 3801 2882; x_wconf 82' lang='grc' dir='ltr'>ὲκ</span> 
     </span>
    </p>
   </div>
   <div class='ocr_carea' id='block_1_85' title="bbox 2221 2918 3796 2992">
    <p class='ocr_par' dir='ltr' id='par_1_85' title="bbox 2221 2918 3796 2992">
     <span class='ocr_line' id='line_1_85' title="bbox 2221 2918 3796 2992; baseline -0.001 -19"><span class='ocrx_word' id='word_1_637' title='bbox 2221 2921 2318 2992; x_wconf 84' lang='grc' dir='ltr'><strong>τῆς</strong></span> <span class='ocrx_word' id='word_1_638' title='bbox 2343 2921 2532 2985; x_wconf 81' lang='grc' dir='ltr'>οὐσίας</span> <span class='ocrx_word' id='word_1_639' title='bbox 2563 2919 2729 2976; x_wconf 80' lang='grc' dir='ltr'>αὐτοῦ</span> <span class='ocrx_word' id='word_1_640' title='bbox 2757 2918 3038 2992; x_wconf 84' lang='grc' dir='ltr'>προελθὼν</span> <span class='ocrx_word' id='word_1_641' title='bbox 3093 2918 3282 2988; x_wconf 85' lang='grc' dir='ltr'>ὅμοιός</span> <span class='ocrx_word' id='word_1_642' title='bbox 3311 2920 3427 2973; x_wconf 73' lang='grc' dir='ltr'>ἐστι</span> <span class='ocrx_word' id='word_1_643' title='bbox 3460 2918 3604 2972; x_wconf 85' lang='grc' dir='ltr'>κατὰ</span> <span class='ocrx_word' id='word_1_644' title='bbox 3631 2919 3796 2974; x_wconf 85' lang='grc' dir='ltr'>πάντα</span> 
     </span>
    </p>
   </div>
   <div class='ocr_carea' id='block_1_86' title="bbox 2220 3008 3794 3083">
    <p class='ocr_par' dir='ltr' id='par_1_86' title="bbox 2220 3008 3794 3083">
     <span class='ocr_line' id='line_1_86' title="bbox 2220 3008 3794 3083; baseline -0.003 -18"><span class='ocrx_word' id='word_1_645' title='bbox 2220 3013 2300 3083; x_wconf 85' lang='grc' dir='ltr'>τῷ</span> <span class='ocrx_word' id='word_1_646' title='bbox 2335 3011 2706 3082; x_wconf 85' lang='grc' dir='ltr'>γεγεννηκότι.</span> <span class='ocrx_word' id='word_1_647' title='bbox 2741 3011 2852 3064; x_wconf 62' lang='grc' dir='ltr'><strong>Καὶ⁹</strong></span> <span class='ocrx_word' id='word_1_648' title='bbox 2883 3011 3074 3082; x_wconf 83' lang='grc' dir='ltr'>ὥσπερ</span> <span class='ocrx_word' id='word_1_649' title='bbox 3109 3010 3212 3064; x_wconf 88' lang='grc' dir='ltr'><strong>οὐκ</strong></span> <span class='ocrx_word' id='word_1_650' title='bbox 3243 3010 3308 3062; x_wconf 84' lang='grc' dir='ltr'>ὲκ</span> <span class='ocrx_word' id='word_1_651' title='bbox 3355 3008 3667 3082; x_wconf 86' lang='grc' dir='ltr'>βουλήσεὼς</span> <span class='ocrx_word' id='word_1_652' title='bbox 3694 3012 3794 3063; x_wconf 76' lang='grc' dir='ltr'>ἐστι</span> 
     </span>
    </p>
   </div>
   <div class='ocr_carea' id='block_1_87' title="bbox 2225 3100 3798 3176">
    <p class='ocr_par' dir='ltr' id='par_1_87' title="bbox 2225 3100 3798 3176">
     <span class='ocr_line' id='line_1_87' title="bbox 2225 3100 3798 3176; baseline -0.002 -18"><span class='ocrx_word' id='word_1_653' title='bbox 2225 3105 2435 3176; x_wconf 86' lang='grc' dir='ltr'>Πατὴρ,</span> <span class='ocrx_word' id='word_1_654' title='bbox 2474 3103 2617 3158; x_wconf 77' lang='grc' dir='ltr'>οὕτω</span> <span class='ocrx_word' id='word_1_655' title='bbox 2663 3104 2758 3158; x_wconf 76' lang='grc' dir='ltr'>καὶ</span> <span class='ocrx_word' id='word_1_656' title='bbox 2790 3105 2819 3157; x_wconf 92' lang='lat'><strong>6</strong></span> <span class='ocrx_word' id='word_1_657' title='bbox 2867 3103 2994 3167; x_wconf 84' lang='grc' dir='ltr'>Υἱὸς</span> <span class='ocrx_word' id='word_1_658' title='bbox 3026 3102 3126 3157; x_wconf 87' lang='grc' dir='ltr'><strong>οὐκ</strong></span> <span class='ocrx_word' id='word_1_659' title='bbox 3173 3104 3238 3155; x_wconf 77' lang='grc' dir='ltr'>ἐκ</span> <span class='ocrx_word' id='word_1_660' title='bbox 3281 3100 3592 3173; x_wconf 76' lang='grc' dir='ltr'>βουλήσεως</span> <span class='ocrx_word' id='word_1_661' title='bbox 3631 3105 3798 3167; x_wconf 73' lang='grc' dir='ltr'>ἐστιν,</span> 
     </span>
    </p>
   </div>
   <div class='ocr_carea' id='block_1_88' title="bbox 2225 3193 3802 3266">
    <p class='ocr_par' dir='ltr' id='par_1_88' title="bbox 2225 3193 3802 3266">
     <span class='ocr_line' id='line_1_88' title="bbox 2225 3193 3802 3266; baseline -0.003 -16"><span class='ocrx_word' id='word_1_662' title='bbox 2225 3196 2361 3250; x_wconf 88' lang='grc' dir='ltr'><strong>ἀλλά</strong></span> <span class='ocrx_word' id='word_1_663' title='bbox 2394 3194 2534 3249; x_wconf 89' lang='grc' dir='ltr'><strong>κατά</strong></span> <span class='ocrx_word' id='word_1_664' title='bbox 2556 3194 2739 3265; x_wconf 87' lang='grc' dir='ltr'>φύσιν,</span> <span class='ocrx_word' id='word_1_665' title='bbox 2763 3195 3104 3266; x_wconf 84' lang='grc' dir='ltr'>ἀπαύγασμα</span> <span class='ocrx_word' id='word_1_666' title='bbox 3125 3193 3219 3248; x_wconf 78' lang='grc' dir='ltr'><strong>καὶ</strong></span> <span class='ocrx_word' id='word_1_667' title='bbox 3241 3195 3529 3266; x_wconf 82' lang='grc' dir='ltr'>χαρακτὴρ</span> <span class='ocrx_word' id='word_1_668' title='bbox 3549 3194 3802 3266; x_wconf 79' lang='grc' dir='ltr'>ὑπάρχων</span> 
     </span>
    </p>
   </div>
   <div class='ocr_carea' id='block_1_89' title="bbox 2222 3287 2918 3358">
    <p class='ocr_par' dir='ltr' id='par_1_89' title="bbox 2222 3287 2918 3358">
     <span class='ocr_line' id='line_1_89' title="bbox 2222 3287 2918 3358; baseline 0 -17"><span class='ocrx_word' id='word_1_669' title='bbox 2222 3287 2315 3341; x_wconf 81' lang='grc' dir='ltr'>τοῦ</span> <span class='ocrx_word' id='word_1_670' title='bbox 2347 3288 2702 3358; x_wconf 86' lang='grc' dir='ltr'>γεννήσαντος</span> <span class='ocrx_word' id='word_1_671' title='bbox 2737 3287 2918 3342; x_wconf 88' lang='grc' dir='ltr'>αὐτόν.</span> 
     </span>
    </p>
   </div>
   <div class='ocr_carea' id='block_1_90' title="bbox 2918 3488 3120 3543">
    <p class='ocr_par' dir='ltr' id='par_1_90' title="bbox 2918 3488 3120 3543">
     <span class='ocr_line' id='line_1_90' title="bbox 2918 3488 3120 3543; baseline 0 -3"><span class='ocrx_word' id='word_1_672' title='bbox 2918 3488 3120 3543; x_wconf 83' lang='grc' dir='ltr'><strong>ΑΛΛΟ.</strong></span> 
     </span>
    </p>
   </div>
   <div class='ocr_carea' id='block_1_91' title="bbox 2485 3598 3556 3669">
    <p class='ocr_par' dir='ltr' id='par_1_91' title="bbox 2485 3598 3556 3669">
     <span class='ocr_line' id='line_1_91' title="bbox 2485 3598 3556 3669; baseline 0.001 -16"><span class='ocrx_word' id='word_1_673' title='bbox 2485 3599 2805 3666; x_wconf 83' lang='grc' dir='ltr'>Ἀντίθεσις</span> <span class='ocrx_word' id='word_1_674' title='bbox 2863 3599 2941 3666; x_wconf 85' lang='grc' dir='ltr'>ὡς</span> <span class='ocrx_word' id='word_1_675' title='bbox 2973 3600 3042 3654; x_wconf 75' lang='grc' dir='ltr'>ἑκ</span> <span class='ocrx_word' id='word_1_676' title='bbox 3078 3598 3196 3653; x_wconf 71' lang='grc' dir='ltr'><strong>τῶν</strong></span> <span class='ocrx_word' id='word_1_677' title='bbox 3231 3600 3556 3669; x_wconf 76' lang='grc' dir='ltr'>Εὐνομίου.</span> 
     </span>
    </p>
   </div>
   <div class='ocr_carea' id='block_1_92' title="bbox 2308 3691 3804 3764">
    <p class='ocr_par' dir='ltr' id='par_1_92' title="bbox 2308 3691 3804 3764">
     <span class='ocr_line' id='line_1_92' title="bbox 2308 3691 3804 3764; baseline 0.001 -20"><span class='ocrx_word' id='word_1_678' title='bbox 2308 3691 2659 3762; x_wconf 85' lang='grc' dir='ltr'>Ἐρωτητέον,</span> <span class='ocrx_word' id='word_1_679' title='bbox 2696 3691 2852 3763; x_wconf 78' lang='grc' dir='ltr'>φησὶ,</span> <span class='ocrx_word' id='word_1_680' title='bbox 2888 3691 3016 3755; x_wconf 79' lang='grc' dir='ltr'>τοὺς</span> <span class='ocrx_word' id='word_1_681' title='bbox 3048 3691 3184 3764; x_wconf 86' lang='grc' dir='ltr'>ὀροά</span> <span class='ocrx_word' id='word_1_682' title='bbox 3236 3695 3453 3763; x_wconf 86' lang='grc' dir='ltr'>φρονεῖν</span> <span class='ocrx_word' id='word_1_683' title='bbox 3483 3692 3767 3764; x_wconf 73' lang='grc' dir='ltr'>οἰομένους</span> <span class='ocrx_word' id='word_1_684' title='bbox 3789 3733 3804 3758; x_wconf 91' lang='grc'><strong>,</strong></span> 
     </span>
    </p>
   </div>
   <div class='ocr_carea' id='block_1_93' title="bbox 2225 3782 3804 3855">
    <p class='ocr_par' dir='ltr' id='par_1_93' title="bbox 2225 3782 3804 3855">
     <span class='ocr_line' id='line_1_93' title="bbox 2225 3782 3804 3855; baseline 0.001 -18"><span class='ocrx_word' id='word_1_685' title='bbox 2225 3783 2453 3855; x_wconf 88' lang='grc' dir='ltr'>πότερόν</span> <span class='ocrx_word' id='word_1_686' title='bbox 2477 3800 2611 3837; x_wconf 88' lang='grc' dir='ltr'>ποτε</span> <span class='ocrx_word' id='word_1_687' title='bbox 2648 3782 2904 3854; x_wconf 85' lang='grc' dir='ltr'>βουλήσει</span> <span class='ocrx_word' id='word_1_688' title='bbox 2935 3784 3232 3854; x_wconf 80' lang='grc' dir='ltr'>γεγέννηκε</span> <span class='ocrx_word' id='word_1_689' title='bbox 3259 3784 3352 3837; x_wconf 81' lang='grc' dir='ltr'><strong>τὸν</strong></span> <span class='ocrx_word' id='word_1_690' title='bbox 3384 3784 3513 3838; x_wconf 85' lang='grc' dir='ltr'>Υίὺν</span> <span class='ocrx_word' id='word_1_691' title='bbox 3537 3787 3566 3839; x_wconf 89' lang='lat'><strong>6</strong></span> <span class='ocrx_word' id='word_1_692' title='bbox 3593 3785 3804 3855; x_wconf 74' lang='grc' dir='ltr'>Πατὴρ,</span> 
     </span>
    </p>
   </div>
   <div class='ocr_carea' id='block_1_94' title="bbox 2222 3875 3808 3947">
    <p class='ocr_par' dir='ltr' id='par_1_94' title="bbox 2222 3875 3808 3947">
     <span class='ocr_line' id='line_1_94' title="bbox 2222 3875 3808 3947; baseline -0.001 -17"><span class='ocrx_word' id='word_1_693' title='bbox 2222 3876 2255 3946; x_wconf 85' lang='grc' dir='ltr'>ἢ</span> <span class='ocrx_word' id='word_1_694' title='bbox 2291 3875 2624 3947; x_wconf 77' lang='grc' dir='ltr'>ἀϐουλήτως.</span> <span class='ocrx_word' id='word_1_695' title='bbox 2689 3876 2752 3928; x_wconf 82' lang='lat' dir='ltr'><strong>Ei</strong></span> <span class='ocrx_word' id='word_1_696' title='bbox 2781 3875 2879 3946; x_wconf 79' lang='grc' dir='ltr'><strong>μὲν</strong></span> <span class='ocrx_word' id='word_1_697' title='bbox 2912 3876 3022 3946; x_wconf 79' lang='grc' dir='ltr'><strong>γάρ</strong></span> <span class='ocrx_word' id='word_1_698' title='bbox 3047 3875 3321 3945; x_wconf 77' lang='grc' dir='ltr'>ὲνυπῆρχε</span> <span class='ocrx_word' id='word_1_699' title='bbox 3362 3878 3428 3946; x_wconf 81' lang='grc' dir='ltr'>τῇ</span> <span class='ocrx_word' id='word_1_700' title='bbox 3471 3875 3567 3929; x_wconf 77' lang='grc' dir='ltr'><strong>τοῦ</strong></span> <span class='ocrx_word' id='word_1_701' title='bbox 3596 3877 3808 3946; x_wconf 74' lang='grc' dir='ltr'>Πατρύς</span> 
     </span>
    </p>
   </div>
   <div class='ocr_carea' id='block_1_95' title="bbox 2222 3967 3806 4040">
    <p class='ocr_par' dir='ltr' id='par_1_95' title="bbox 2222 3967 3806 4040">
     <span class='ocr_line' id='line_1_95' title="bbox 2222 3967 3806 4040; baseline 0 -21"><span class='ocrx_word' id='word_1_702' title='bbox 2222 3967 2400 4038; x_wconf 80' lang='grc' dir='ltr'>οὐσίᾳ,</span> <span class='ocrx_word' id='word_1_703' title='bbox 2439 3967 2626 4037; x_wconf 77' lang='grc' dir='ltr'>ἕτερος</span> <span class='ocrx_word' id='word_1_704' title='bbox 2658 3967 2734 4020; x_wconf 82' lang='grc' dir='ltr'>ὢν</span> <span class='ocrx_word' id='word_1_705' title='bbox 2765 3969 2897 4039; x_wconf 79' lang='grc' dir='ltr'>παρ’</span> <span class='ocrx_word' id='word_1_706' title='bbox 2931 3967 3094 4020; x_wconf 74' lang='grc' dir='ltr'>αὐτὸν</span> <span class='ocrx_word' id='word_1_707' title='bbox 3133 3968 3164 4020; x_wconf 86' lang='lat'><strong>6</strong></span> <span class='ocrx_word' id='word_1_708' title='bbox 3195 3968 3345 4031; x_wconf 79' lang='grc' dir='ltr'>Υἱὸς,</span> <span class='ocrx_word' id='word_1_709' title='bbox 3394 3967 3455 4020; x_wconf 89' lang='grc' dir='ltr'><strong>οὐ</strong></span> <span class='ocrx_word' id='word_1_710' title='bbox 3483 3970 3806 4040; x_wconf 77' lang='grc' dir='ltr'>προαιρέσει</span> 
     </span>
    </p>
   </div>
   <div class='ocr_carea' id='block_1_96' title="bbox 2221 4053 3810 4128">
    <p class='ocr_par' dir='ltr' id='par_1_96' title="bbox 2221 4053 3810 4128">
     <span class='ocr_line' id='line_1_96' title="bbox 2221 4053 3810 4128; baseline -0.001 -17"><span class='ocrx_word' id='word_1_711' title='bbox 2221 4057 2454 4112; x_wconf 79' lang='grc' dir='ltr'>τέτοκεν.</span> <span class='ocrx_word' id='word_1_712' title='bbox 2502 4053 2611 4112; x_wconf 88' lang='grc' dir='ltr'>Ἦν</span> <span class='ocrx_word' id='word_1_713' title='bbox 2657 4056 2766 4128; x_wconf 89' lang='grc' dir='ltr'><strong>γάρ</strong></span> <span class='ocrx_word' id='word_1_714' title='bbox 2815 4058 3027 4127; x_wconf 84' lang='grc' dir='ltr'>ἀνάγκη</span> <span class='ocrx_word' id='word_1_715' title='bbox 3083 4059 3264 4111; x_wconf 85' lang='grc' dir='ltr'>τεκεῖν</span> <span class='ocrx_word' id='word_1_716' title='bbox 3317 4057 3408 4110; x_wconf 84' lang='grc' dir='ltr'><strong>τὸν</strong></span> <span class='ocrx_word' id='word_1_717' title='bbox 3442 4059 3500 4110; x_wconf 81' lang='grc' dir='ltr'>ὲν</span> <span class='ocrx_word' id='word_1_718' title='bbox 3545 4060 3609 4128; x_wconf 82' lang='grc' dir='ltr'>τῇ</span> <span class='ocrx_word' id='word_1_719' title='bbox 3648 4059 3810 4126; x_wconf 84' lang='grc' dir='ltr'>φύσει</span> 
     </span>
    </p>
   </div>
   <div class='ocr_carea' id='block_1_97' title="bbox 2224 4144 3808 4220">
    <p class='ocr_par' dir='ltr' id='par_1_97' title="bbox 2224 4144 3808 4220">
     <span class='ocr_line' id='line_1_97' title="bbox 2224 4144 3808 4220; baseline -0.003 -16"><span class='ocrx_word' id='word_1_720' title='bbox 2224 4150 2493 4220; x_wconf 86' lang='grc' dir='ltr'>κείμενον.</span> <span class='ocrx_word' id='word_1_721' title='bbox 2523 4150 2587 4203; x_wconf 81' lang='grc' dir='ltr'><strong>Εἰ</strong></span> <span class='ocrx_word' id='word_1_722' title='bbox 2607 4149 2663 4202; x_wconf 84' lang='grc' dir='ltr'><strong>δὲ</strong></span> <span class='ocrx_word' id='word_1_723' title='bbox 2692 4149 2792 4202; x_wconf 91' lang='grc' dir='ltr'><strong>οὐκ</strong></span> <span class='ocrx_word' id='word_1_724' title='bbox 2816 4144 2883 4219; x_wconf 83' lang='grc' dir='ltr'>ἦν</span> <span class='ocrx_word' id='word_1_725' title='bbox 2923 4149 2982 4201; x_wconf 82' lang='grc' dir='ltr'><strong>ἐν</strong></span> <span class='ocrx_word' id='word_1_726' title='bbox 3013 4149 3210 4220; x_wconf 73' lang='grc' dir='ltr'>Πατρὶ,</span> <span class='ocrx_word' id='word_1_727' title='bbox 3241 4149 3504 4219; x_wconf 76' lang='grc' dir='ltr'>ἐγεννήθη</span> <span class='ocrx_word' id='word_1_728' title='bbox 3537 4149 3594 4202; x_wconf 84' lang='grc' dir='ltr'><strong>δὲ</strong></span> <span class='ocrx_word' id='word_1_729' title='bbox 3617 4148 3808 4219; x_wconf 79' lang='grc' dir='ltr'><strong>βουλη⁴</strong></span> 
     </span>
    </p>
   </div>
   <div class='ocr_carea' id='block_1_98' title="bbox 2224 4239 3808 4313">
    <p class='ocr_par' dir='ltr' id='par_1_98' title="bbox 2224 4239 3808 4313">
     <span class='ocr_line' id='line_1_98' title="bbox 2224 4239 3808 4313; baseline -0.003 -19"><span class='ocrx_word' id='word_1_730' title='bbox 2224 4239 2410 4305; x_wconf 80' lang='grc' dir='ltr'>θέντος</span> <span class='ocrx_word' id='word_1_731' title='bbox 2439 4241 2532 4294; x_wconf 83' lang='grc' dir='ltr'>τοῦ</span> <span class='ocrx_word' id='word_1_732' title='bbox 2568 4241 2804 4313; x_wconf 77' lang='grc' dir='ltr'>Πατρδς,</span> <span class='ocrx_word' id='word_1_733' title='bbox 2845 4239 3060 4310; x_wconf 83' lang='grc' dir='ltr'>ἀνάγκη</span> <span class='ocrx_word' id='word_1_734' title='bbox 3094 4241 3471 4311; x_wconf 79' lang='grc' dir='ltr'>προϋπάρχειν</span> <span class='ocrx_word' id='word_1_735' title='bbox 3504 4239 3668 4293; x_wconf 79' lang='grc' dir='ltr'>αὐτοῦ</span> <span class='ocrx_word' id='word_1_736' title='bbox 3709 4240 3808 4310; x_wconf 76' lang='grc' dir='ltr'><strong>τὴν</strong></span> 
     </span>
    </p>
   </div>
   <div class='ocr_carea' id='block_1_99' title="bbox 2224 4325 3806 4406">
    <p class='ocr_par' dir='ltr' id='par_1_99' title="bbox 2224 4325 3806 4406">
     <span class='ocr_line' id='line_1_99' title="bbox 2224 4325 3806 4406; baseline -0.003 -20"><span class='ocrx_word' id='word_1_737' title='bbox 2224 4331 2498 4406; x_wconf 83' lang='grc' dir='ltr'>βούλησιν.</span> <span class='ocrx_word' id='word_1_738' title='bbox 2523 4333 2635 4385; x_wconf 91' lang='grc' dir='ltr'>Οὐκ</span> <span class='ocrx_word' id='word_1_739' title='bbox 2665 4327 2733 4402; x_wconf 76' lang='grc' dir='ltr'>ἦν</span> <span class='ocrx_word' id='word_1_740' title='bbox 2762 4325 2854 4384; x_wconf 76' lang='grc' dir='ltr'><strong>οὖν</strong></span> <span class='ocrx_word' id='word_1_741' title='bbox 2901 4331 3010 4400; x_wconf 83' lang='grc' dir='ltr'>ἄρα</span> <span class='ocrx_word' id='word_1_742' title='bbox 3046 4329 3122 4401; x_wconf 82' lang='grc' dir='ltr'>τῷ</span> <span class='ocrx_word' id='word_1_743' title='bbox 3167 4332 3488 4402; x_wconf 84' lang='grc' dir='ltr'>γεννήσαντι</span> <span class='ocrx_word' id='word_1_744' title='bbox 3519 4329 3806 4392; x_wconf 76' lang='grc' dir='ltr'>συναῖδιος.</span> 
     </span>
    </p>
   </div>
   <div class='ocr_carea' id='block_1_100' title="bbox 2715 4529 3304 4600">
    <p class='ocr_par' dir='ltr' id='par_1_100' title="bbox 2715 4529 3304 4600">
     <span class='ocr_line' id='line_1_100' title="bbox 2715 4529 3304 4600; baseline -0.003 -15"><span class='ocrx_word' id='word_1_745' title='bbox 2715 4529 2871 4600; x_wconf 84' lang='grc' dir='ltr'>Πρὸς</span> <span class='ocrx_word' id='word_1_746' title='bbox 2891 4529 3078 4584; x_wconf 83' lang='grc' dir='ltr'>ταῦτα</span> <span class='ocrx_word' id='word_1_747' title='bbox 3104 4530 3304 4596; x_wconf 73' lang='grc' dir='ltr'>λύσις.</span> 
     </span>
    </p>
   </div>
   <div class='ocr_carea' id='block_1_101' title="bbox 2293 4664 3808 4742">
    <p class='ocr_par' dir='ltr' id='par_1_101' title="bbox 2293 4664 3808 4742">
     <span class='ocr_line' id='line_1_101' title="bbox 2293 4664 3808 4742; baseline -0.004 -18"><span class='ocrx_word' id='word_1_748' title='bbox 2293 4669 2517 4742; x_wconf 82' lang='grc' dir='ltr'>Πρῶτον</span> <span class='ocrx_word' id='word_1_749' title='bbox 2561 4669 2659 4740; x_wconf 79' lang='grc' dir='ltr'><strong>μὲν</strong></span> <span class='ocrx_word' id='word_1_750' title='bbox 2684 4664 3096 4737; x_wconf 79' lang='grc' dir='ltr'>ἀποθαυμάζειν</span> <span class='ocrx_word' id='word_1_751' title='bbox 3139 4664 3290 4730; x_wconf 78' lang='grc' dir='ltr'>ἄξιον</span> <span class='ocrx_word' id='word_1_752' title='bbox 3319 4664 3446 4728; x_wconf 85' lang='grc' dir='ltr'><strong>τούς</strong></span> <span class='ocrx_word' id='word_1_753' title='bbox 3475 4664 3808 4733; x_wconf 82' lang='grc' dir='ltr'>ἀφυλάκτως</span> 
     </span>
    </p>
   </div>
   <div class='ocr_carea' id='block_1_102' title="bbox 2221 4753 3808 4831">
    <p class='ocr_par' dir='ltr' id='par_1_102' title="bbox 2221 4753 3808 4831">
     <span class='ocr_line' id='line_1_102' title="bbox 2221 4753 3808 4831; baseline -0.006 -14"><span class='ocrx_word' id='word_1_754' title='bbox 2221 4763 2300 4827; x_wconf 80' lang='grc' dir='ltr'><strong>είς</strong></span> <span class='ocrx_word' id='word_1_755' title='bbox 2331 4765 2512 4816; x_wconf 83' lang='grc' dir='ltr'>πᾶσαν</span> <span class='ocrx_word' id='word_1_756' title='bbox 2538 4759 2830 4831; x_wconf 80' lang='grc' dir='ltr'>τρέχοντας</span> <span class='ocrx_word' id='word_1_757' title='bbox 2864 4757 3200 4828; x_wconf 81' lang='grc' dir='ltr'>δυσφημίαν,</span> <span class='ocrx_word' id='word_1_758' title='bbox 3238 4755 3440 4826; x_wconf 88' lang='grc' dir='ltr'>πολλήν</span> <span class='ocrx_word' id='word_1_759' title='bbox 3471 4771 3532 4808; x_wconf 88' lang='grc' dir='ltr'><strong>τε</strong></span> <span class='ocrx_word' id='word_1_760' title='bbox 3559 4753 3808 4824; x_wconf 83' lang='grc' dir='ltr'>ἀμαθίαν</span> 
     </span>
    </p>
   </div>
   <div class='ocr_carea' id='block_1_103' title="bbox 2221 4846 3809 4922">
    <p class='ocr_par' dir='ltr' id='par_1_103' title="bbox 2221 4846 3809 4922">
     <span class='ocr_line' id='line_1_103' title="bbox 2221 4846 3809 4922; baseline -0.008 -12"><span class='ocrx_word' id='word_1_761' title='bbox 2221 4856 2405 4917; x_wconf 84' lang='grc' dir='ltr'>αὐτοῖς</span> <span class='ocrx_word' id='word_1_762' title='bbox 2457 4853 2730 4922; x_wconf 79' lang='grc' dir='ltr'>ἐγκαλεῖν.</span> <span class='ocrx_word' id='word_1_763' title='bbox 2803 4850 2877 4903; x_wconf 92' lang='grc' dir='ltr'>Οὐ</span> <span class='ocrx_word' id='word_1_764' title='bbox 2934 4848 3042 4920; x_wconf 91' lang='grc' dir='ltr'><strong>γάρ</strong></span> <span class='ocrx_word' id='word_1_765' title='bbox 3100 4847 3451 4918; x_wconf 73' lang='grc' dir='ltr'>αἰσχύνονται</span> <span class='ocrx_word' id='word_1_766' title='bbox 3509 4846 3604 4900; x_wconf 69' lang='grc' dir='ltr'><strong>καὶ</strong></span> <span class='ocrx_word' id='word_1_767' title='bbox 3641 4847 3809 4900; x_wconf 71' lang='grc' dir='ltr'>αὐτόν</span> 
     </span>
    </p>
   </div>
   <div class='ocr_carea' id='block_1_104' title="bbox 2220 4937 3810 5014">
    <p class='ocr_par' dir='ltr' id='par_1_104' title="bbox 2220 4937 3810 5014">
     <span class='ocr_line' id='line_1_104' title="bbox 2220 4937 3810 5014; baseline -0.007 -14"><span class='ocrx_word' id='word_1_768' title='bbox 2220 4946 2489 5014; x_wconf 81' lang='grc' dir='ltr'>ἀνάγκαις</span> <span class='ocrx_word' id='word_1_769' title='bbox 2517 4942 2861 5006; x_wconf 83' lang='grc' dir='ltr'>ὐποτιθέντες</span> <span class='ocrx_word' id='word_1_770' title='bbox 2888 4940 2979 4994; x_wconf 86' lang='grc' dir='ltr'><strong>τὸν</strong></span> <span class='ocrx_word' id='word_1_771' title='bbox 3003 4938 3156 5004; x_wconf 82' lang='grc' dir='ltr'>Θεὸν,</span> <span class='ocrx_word' id='word_1_772' title='bbox 3183 4938 3277 4992; x_wconf 74' lang='grc' dir='ltr'><strong>καὶ</strong></span> <span class='ocrx_word' id='word_1_773' title='bbox 3307 4937 3560 5007; x_wconf 86' lang='grc' dir='ltr'>καθάπερ</span> <span class='ocrx_word' id='word_1_774' title='bbox 3581 4937 3677 4990; x_wconf 75' lang='grc' dir='ltr'>ἐπὶ</span> <span class='ocrx_word' id='word_1_775' title='bbox 3705 4955 3810 4990; x_wconf 86' lang='grc' dir='ltr'>σω-</span> 
     </span>
    </p>
   </div>
   <div class='ocr_carea' id='block_1_105' title="bbox 2225 5028 3808 5110">
    <p class='ocr_par' dir='ltr' id='par_1_105' title="bbox 2225 5028 3808 5110">
     <span class='ocr_line' id='line_1_105' title="bbox 2225 5028 3808 5110; baseline -0.007 -19"><span class='ocrx_word' id='word_1_776' title='bbox 2225 5039 2411 5110; x_wconf 87' lang='grc' dir='ltr'>μάτων</span> <span class='ocrx_word' id='word_1_777' title='bbox 2461 5034 2816 5108; x_wconf 83' lang='grc' dir='ltr'>ἀνθρωπίνων</span> <span class='ocrx_word' id='word_1_778' title='bbox 2875 5028 3302 5102; x_wconf 81' lang='grc' dir='ltr'>ὲμπεριὲχεσθαί</span> <span class='ocrx_word' id='word_1_779' title='bbox 3353 5047 3405 5083; x_wconf 89' lang='grc' dir='ltr'><strong>τι</strong></span> <span class='ocrx_word' id='word_1_780' title='bbox 3457 5029 3808 5099; x_wconf 81' lang='grc' dir='ltr'>λέγοντεςτῇ</span> 
     </span>
    </p>
   </div>
   <div class='ocr_carea' id='block_1_106' title="bbox 2220 5117 3809 5200">
    <p class='ocr_par' dir='ltr' id='par_1_106' title="bbox 2220 5117 3809 5200">
     <span class='ocr_line' id='line_1_106' title="bbox 2220 5117 3809 5200; baseline -0.008 -16"><span class='ocrx_word' id='word_1_781' title='bbox 2220 5129 2316 5184; x_wconf 82' lang='grc' dir='ltr'>τοῦ</span> <span class='ocrx_word' id='word_1_782' title='bbox 2348 5129 2560 5200; x_wconf 85' lang='grc' dir='ltr'>Πατρὸς</span> <span class='ocrx_word' id='word_1_783' title='bbox 2589 5126 2770 5197; x_wconf 77' lang='grc' dir='ltr'>οὐσίᾳ,</span> <span class='ocrx_word' id='word_1_784' title='bbox 2798 5125 2830 5195; x_wconf 82' lang='grc' dir='ltr'><strong>ἢ</strong></span> <span class='ocrx_word' id='word_1_785' title='bbox 2865 5123 3054 5194; x_wconf 82' lang='grc' dir='ltr'>ὥσπερ</span> <span class='ocrx_word' id='word_1_786' title='bbox 3077 5139 3129 5174; x_wconf 88' lang='grc' dir='ltr'><strong>τι</strong></span> <span class='ocrx_word' id='word_1_787' title='bbox 3157 5120 3349 5184; x_wconf 81' lang='grc' dir='ltr'>σκεῦος</span> <span class='ocrx_word' id='word_1_788' title='bbox 3377 5122 3435 5174; x_wconf 80' lang='grc' dir='ltr'>ὲν</span> <span class='ocrx_word' id='word_1_789' title='bbox 3475 5121 3663 5173; x_wconf 87' lang='grc' dir='ltr'>σκεύει</span> <span class='ocrx_word' id='word_1_790' title='bbox 3694 5117 3809 5172; x_wconf 64' lang='grc' dir='ltr'>κεῖὲ</span> 
     </span>
    </p>
   </div>
   <div class='ocr_carea' id='block_1_107' title="bbox 2223 5209 3810 5289">
    <p class='ocr_par' dir='ltr' id='par_1_107' title="bbox 2223 5209 3810 5289">
     <span class='ocr_line' id='line_1_107' title="bbox 2223 5209 3810 5289; baseline -0.009 -13"><span class='ocrx_word' id='word_1_791' title='bbox 2223 5223 2343 5276; x_wconf 80' lang='grc' dir='ltr'>σθαι</span> <span class='ocrx_word' id='word_1_792' title='bbox 2371 5222 2461 5275; x_wconf 82' lang='grc' dir='ltr'><strong>τὸν</strong></span> <span class='ocrx_word' id='word_1_793' title='bbox 2512 5221 2640 5274; x_wconf 82' lang='grc' dir='ltr'>Υἱὸν</span> <span class='ocrx_word' id='word_1_794' title='bbox 2689 5220 2748 5272; x_wconf 85' lang='grc' dir='ltr'>ὲν</span> <span class='ocrx_word' id='word_1_795' title='bbox 2801 5217 2995 5289; x_wconf 84' lang='grc' dir='ltr'>Πατρί.</span> <span class='ocrx_word' id='word_1_796' title='bbox 3057 5217 3250 5286; x_wconf 81' lang='grc' dir='ltr'>Ἡμεῖς</span> <span class='ocrx_word' id='word_1_797' title='bbox 3299 5213 3356 5266; x_wconf 85' lang='grc' dir='ltr'><strong>δὲ</strong></span> <span class='ocrx_word' id='word_1_798' title='bbox 3410 5209 3491 5276; x_wconf 74' lang='grc' dir='ltr'>οἷς</span> <span class='ocrx_word' id='word_1_799' title='bbox 3535 5210 3674 5283; x_wconf 79' lang='grc' dir='ltr'>ὀρθά</span> <span class='ocrx_word' id='word_1_800' title='bbox 3713 5211 3810 5263; x_wconf 75' lang='grc' dir='ltr'>καὶ</span> 
     </span>
    </p>
   </div>
   <div class='ocr_carea' id='block_1_108' title="bbox 2220 5301 3807 5381">
    <p class='ocr_par' dir='ltr' id='par_1_108' title="bbox 2220 5301 3807 5381">
     <span class='ocr_line' id='line_1_108' title="bbox 2220 5301 3807 5381; baseline -0.008 -17"><span class='ocrx_word' id='word_1_801' title='bbox 2220 5312 2403 5365; x_wconf 87' lang='grc' dir='ltr'>δίκαια</span> <span class='ocrx_word' id='word_1_802' title='bbox 2426 5311 2643 5381; x_wconf 87' lang='grc' dir='ltr'>φρονεῖν</span> <span class='ocrx_word' id='word_1_803' title='bbox 2671 5307 3058 5369; x_wconf 87' lang='grc' dir='ltr'>ὲσπούδασται,</span> <span class='ocrx_word' id='word_1_804' title='bbox 3077 5304 3190 5358; x_wconf 84' lang='grc' dir='ltr'><strong>ἀνω</strong></span> <span class='ocrx_word' id='word_1_805' title='bbox 3217 5303 3314 5374; x_wconf 85' lang='grc' dir='ltr'><strong>μὲν</strong></span> <span class='ocrx_word' id='word_1_806' title='bbox 3340 5301 3522 5370; x_wconf 83' lang='grc' dir='ltr'>πάσης</span> <span class='ocrx_word' id='word_1_807' title='bbox 3554 5301 3807 5369; x_wconf 71' lang='grc' dir='ltr'>ἀνάγκης</span> 
     </span>
    </p>
   </div>
   <div class='ocr_carea' id='block_1_109' title="bbox 2222 5390 3808 5472">
    <p class='ocr_par' dir='ltr' id='par_1_109' title="bbox 2222 5390 3808 5472">
     <span class='ocr_line' id='line_1_109' title="bbox 2222 5390 3808 5472; baseline -0.008 -16"><span class='ocrx_word' id='word_1_808' title='bbox 2222 5398 2362 5456; x_wconf 75' lang='grc' dir='ltr'>εἷναί</span> <span class='ocrx_word' id='word_1_809' title='bbox 2390 5419 2569 5472; x_wconf 90' lang='grc' dir='ltr'>φαμεν</span> <span class='ocrx_word' id='word_1_810' title='bbox 2599 5400 2697 5470; x_wconf 78' lang='grc' dir='ltr'><strong>τὴν</strong></span> <span class='ocrx_word' id='word_1_811' title='bbox 2735 5397 2922 5450; x_wconf 87' lang='grc' dir='ltr'>οὐσίαν</span> <span class='ocrx_word' id='word_1_812' title='bbox 2944 5397 3038 5450; x_wconf 82' lang='grc' dir='ltr'>τοῦ</span> <span class='ocrx_word' id='word_1_813' title='bbox 3069 5394 3229 5449; x_wconf 78' lang='grc' dir='ltr'><strong>Θεοῦο</strong></span> <span class='ocrx_word' id='word_1_814' title='bbox 3261 5390 3402 5446; x_wconf 80' lang='grc' dir='ltr'>εἶναι</span> <span class='ocrx_word' id='word_1_815' title='bbox 3429 5392 3487 5445; x_wconf 81' lang='grc' dir='ltr'><strong>δὲ</strong></span> <span class='ocrx_word' id='word_1_816' title='bbox 3521 5391 3685 5445; x_wconf 87' lang='grc' dir='ltr'>πάλιν</span> <span class='ocrx_word' id='word_1_817' title='bbox 3715 5391 3808 5444; x_wconf 73' lang='grc' dir='ltr'><strong>τὸν</strong></span> 
     </span>
    </p>
   </div>
   <div class='ocr_carea' id='block_1_110' title="bbox 2222 5483 3810 5560">
    <p class='ocr_par' dir='ltr' id='par_1_110' title="bbox 2222 5483 3810 5560">
     <span class='ocr_line' id='line_1_110' title="bbox 2222 5483 3810 5560; baseline -0.007 -13"><span class='ocrx_word' id='word_1_818' title='bbox 2222 5495 2349 5548; x_wconf 82' lang='grc' dir='ltr'>Υίὸν</span> <span class='ocrx_word' id='word_1_819' title='bbox 2376 5496 2430 5546; x_wconf 78' lang='grc' dir='ltr'>ἐν</span> <span class='ocrx_word' id='word_1_820' title='bbox 2464 5492 2640 5560; x_wconf 78' lang='grc' dir='ltr'>Πατρὶ</span> <span class='ocrx_word' id='word_1_821' title='bbox 2662 5529 2676 5553; x_wconf 93' lang='grc'><strong>,</strong></span> <span class='ocrx_word' id='word_1_822' title='bbox 2711 5490 2809 5560; x_wconf 84' lang='grc' dir='ltr'><strong>οὐχ</strong></span> <span class='ocrx_word' id='word_1_823' title='bbox 2836 5489 2912 5551; x_wconf 87' lang='grc' dir='ltr'>ὡς</span> <span class='ocrx_word' id='word_1_824' title='bbox 2941 5488 3099 5559; x_wconf 86' lang='grc' dir='ltr'>σῶμα</span> <span class='ocrx_word' id='word_1_825' title='bbox 3136 5487 3240 5538; x_wconf 80' lang='grc' dir='ltr'>ὑπὸ</span> <span class='ocrx_word' id='word_1_826' title='bbox 3272 5484 3525 5556; x_wconf 82' lang='grc' dir='ltr'>σώματος</span> <span class='ocrx_word' id='word_1_827' title='bbox 3555 5483 3810 5554; x_wconf 85' lang='grc' dir='ltr'>περιεχό-</span> 
     </span>
    </p>
   </div>
   <div class='ocr_carea' id='block_1_111' title="bbox 2226 5573 3810 5658">
    <p class='ocr_par' dir='ltr' id='par_1_111' title="bbox 2226 5573 3810 5658">
     <span class='ocr_line' id='line_1_111' title="bbox 2226 5573 3810 5658; baseline -0.01 -17"><span class='ocrx_word' id='word_1_828' title='bbox 2226 5603 2408 5658; x_wconf 88' lang='grc' dir='ltr'>μενον,</span> <span class='ocrx_word' id='word_1_829' title='bbox 2440 5585 2553 5638; x_wconf 80' lang='grc' dir='ltr'>ἀλλ’</span> <span class='ocrx_word' id='word_1_830' title='bbox 2580 5583 2654 5645; x_wconf 78' lang='grc' dir='ltr'>ὡς</span> <span class='ocrx_word' id='word_1_831' title='bbox 2689 5580 2991 5654; x_wconf 75' lang='grc' dir='ltr'>ἀχώριστον</span> <span class='ocrx_word' id='word_1_832' title='bbox 3021 5581 3119 5649; x_wconf 80' lang='grc' dir='ltr'><strong>τῆς</strong></span> <span class='ocrx_word' id='word_1_833' title='bbox 3175 5576 3364 5639; x_wconf 77' lang='grc' dir='ltr'>οὐσίας</span> <span class='ocrx_word' id='word_1_834' title='bbox 3415 5573 3580 5629; x_wconf 80' lang='grc' dir='ltr'>αὐτοῦ</span> <span class='ocrx_word' id='word_1_835' title='bbox 3615 5574 3711 5626; x_wconf 65' lang='grc' dir='ltr'>καὶ</span> <span class='ocrx_word' id='word_1_836' title='bbox 3748 5573 3810 5631; x_wconf 77' lang='grc' dir='ltr'><strong>ὲε</strong></span> 
     </span>
    </p>
   </div>
   <div class='ocr_carea' id='block_1_112' title="bbox 2225 5665 3806 5747">
    <p class='ocr_par' dir='ltr' id='par_1_112' title="bbox 2225 5665 3806 5747">
     <span class='ocr_line' id='line_1_112' title="bbox 2225 5665 3806 5747; baseline -0.009 -15"><span class='ocrx_word' id='word_1_837' title='bbox 2225 5679 2393 5747; x_wconf 74' lang='grc' dir='ltr'>αὐτῆς</span> <span class='ocrx_word' id='word_1_838' title='bbox 2426 5672 2756 5746; x_wconf 81' lang='grc' dir='ltr'>προελθόντα</span> <span class='ocrx_word' id='word_1_839' title='bbox 2795 5671 2934 5726; x_wconf 80' lang='grc' dir='ltr'><strong>κατά</strong></span> <span class='ocrx_word' id='word_1_840' title='bbox 2969 5669 3060 5723; x_wconf 82' lang='grc' dir='ltr'><strong>τὸν</strong></span> <span class='ocrx_word' id='word_1_841' title='bbox 3104 5668 3204 5737; x_wconf 80' lang='grc' dir='ltr'>τῆς</span> <span class='ocrx_word' id='word_1_842' title='bbox 3240 5666 3458 5734; x_wconf 81' lang='grc' dir='ltr'>φύσεως</span> <span class='ocrx_word' id='word_1_843' title='bbox 3500 5665 3687 5734; x_wconf 90' lang='grc' dir='ltr'>νόμον.</span> <span class='ocrx_word' id='word_1_844' title='bbox 3742 5665 3806 5717; x_wconf 81' lang='lat' dir='ltr'><strong>Ei</strong></span> 
     </span>
    </p>
   </div>
   <div class='ocr_carea' id='block_1_113' title="bbox 2222 5753 3798 5833">
    <p class='ocr_par' dir='ltr' id='par_1_113' title="bbox 2222 5753 3798 5833">
     <span class='ocr_line' id='line_1_113' title="bbox 2222 5753 3798 5833; baseline -0.009 -10"><span class='ocrx_word' id='word_1_845' title='bbox 2222 5772 2275 5824; x_wconf 71' lang='grc' dir='ltr'><strong>δὲ</strong></span> <span class='ocrx_word' id='word_1_846' title='bbox 2304 5769 2504 5822; x_wconf 71' lang='grc' dir='ltr'>οἴονται</span> <span class='ocrx_word' id='word_1_847' title='bbox 2541 5765 2698 5833; x_wconf 69' lang='grc' dir='ltr'>σοφόν</span> <span class='ocrx_word' id='word_1_848' title='bbox 2735 5784 2784 5819; x_wconf 90' lang='grc' dir='ltr'><strong>τι</strong></span> <span class='ocrx_word' id='word_1_849' title='bbox 2820 5762 3140 5832; x_wconf 77' lang='grc' dir='ltr'>προτείνειν,</span> <span class='ocrx_word' id='word_1_850' title='bbox 3175 5757 3426 5828; x_wconf 67' lang='grc' dir='ltr'>βουλήσει</span> <span class='ocrx_word' id='word_1_851' title='bbox 3464 5756 3714 5825; x_wconf 74' lang='grc' dir='ltr'>λέγοντες</span> <span class='ocrx_word' id='word_1_852' title='bbox 3766 5753 3798 5821; x_wconf 79' lang='grc' dir='ltr'>ἢ</span> 
     </span>
    </p>
   </div>
  </div>
