4056 6264
292 373 354 431 ςιτ
1721 375 2166 434 THESAURUS.
3504 387 3572 446 εδ

289 471 799 560 ἀϐουλήτωςίαὺτδν
829 491 1172 561 γεγενῆσθαι,
1197 494 1292 546 καὶ
1331 495 1462 563 παρ’
1493 491 1654 562 ἡμῶν
1681 494 1836 547 ἀκουὲ

1941 529 1952 560 ι
1981 493 2164 548 cissim
2191 493 2291 548 hoc
2321 507 2348 546 a
2385 493 2534 548 nobis
2565 493 2786 550 audiant
2817 512 2830 550 :
2865 495 3006 564 Ergo
3047 498 3186 568 ignis
3223 502 3384 556 etiam
3421 505 3564 560 calo-

286 597 480 634 τωσαν·
503 580 784 650 Βουλήσει
813 578 922 652 ἆρα
947 582 1007 635 τὸ
1053 581 1162 654 πῦρ
1185 583 1286 654 τὴν
1303 583 1364 648 ἐξ
1379 583 1546 638 αὑτοῦ
1573 583 1884 656 θερμότητα

285 672 448 742 γεννᾷ
471 673 508 742 ἦ
550 671 872 742 ἀϐουλήτως
895 689 910 738 ;
977 673 1114 726 Ἀλλ’
1145 674 1299 728 οὐδὲν
1327 675 1511 740 ἕξουσι
1559 676 1694 748 πρὸς
1723 676 1880 730 τοῦτο

283 763 486 818 εἰπεῖν.
515 763 604 816 Τὰ
633 763 744 833 γὰρ
761 765 824 817 ἐκ
851 764 1062 833 φύσεως
1093 767 1348 839 προϊόντα
1367 808 1382 832 ,
1431 765 1557 822 οὔτε
1591 768 1878 840 βούλησιν,

281 853 412 908 οὔτε
443 855 776 926 ἀϐουλησίαν
803 857 1130 928 ἐπιδέχεται.
1179 859 1303 912 Ἐπὶ
1336 859 1392 912 δὲ
1415 860 1528 914 τῶν
1563 861 1760 926 ἔξωθεν
1783 861 1880 914 καὶ

282 937 362 998 ὧν
391 948 567 1016 ὲσμεν
587 948 645 1000 ὲν
671 947 904 1017 ἐξουσίᾳ,
931 948 1184 1019 βούλησις
1207 951 1302 1004 καὶ
1331 950 1630 1024 ἁϐουλησεα
1659 956 1874 1026 κρατεῖ.

288 1035 508 1103 Ὥσπερ
537 1029 630 1088 οὖν
687 1035 778 1089 καὶ
815 1039 966 1107 ἡμᾶς
1029 1039 1377 1110 ἐργαζόμεθα
1407 1059 1462 1094 τι
1489 1041 1874 1114 βουληθέντες,

291 1125 552 1196 τίκτομεν
605 1127 662 1180 δὲ
711 1127 782 1192 ὲξ-
815 1130 1060 1195 ἑαυτῶν,
1103 1131 1296 1184 οὐδένα
1341 1133 1507 1186 τόπον
1547 1134 1777 1206 ἐχούσης
1815 1139 1874 1190 ὲν

288 1217 468 1288 τούτῳ
495 1217 800 1289 βουλήσεως
827 1221 860 1292 ἦ
891 1221 1250 1294 ἀϐουλησίας,
1293 1223 1436 1278 οὕτω
1475 1225 1568 1278 καὶ
1609 1226 1746 1290 Θεὸς
1775 1229 1870 1298 ἑρ-

287 1307 512 1374 γάζεται
543 1309 642 1378 μὲν
677 1309 934 1381 βουλήσει
963 1313 1032 1366 τὰ
1051 1316 1230 1380 ἐκτὸς,
1262 1316 1520 1386 ἐγέννησε
1544 1317 1602 1370 δὲ
1625 1317 1870 1389 ἀχρόνως

285 1397 376 1450 τὸν
399 1397 524 1451 Υἱὺν
551 1399 610 1464 ἐξ
632 1401 852 1467 ἑαυτοῦ,
897 1403 1088 1459 οὐδένα
1141 1405 1304 1460 τόπον
1331 1409 1559 1478 ἐχούσης
1587 1411 1646 1462 ὲν
1692 1409 1870 1480 τούτῳ

287 1485 584 1560 βουλήσεως
608 1493 701 1544 καὶ
726 1493 1076 1565 ἀϐουλησίας,
1097 1497 1147 1549 εἰ
1171 1502 1266 1551 καὶ
1285 1499 1388 1552 οὐκ
1409 1499 1668 1570 ἀθέλητός
1693 1501 1864 1556 ἐστιν.

296 1578 354 1631 '0
383 1580 492 1652 γὰρ
519 1583 710 1654 Πατὴρ
745 1585 938 1659 ἀγαπᾷ
973 1587 1064 1642 τὸν
1093 1589 1244 1653 Υἱδν,
1263 1589 1343 1654 ὡς
1367 1591 1698 1662 γέγραπται.

985 1765 1180 1818 ΔΛΛΟ.

545 1870 638 1937 Ὠς
659 1871 728 1936 ἐξ
756 1873 1110 1943 ἀντιθέσεως
1147 1877 1260 1932 τῶν
1291 1879 1612 1951 Εὐνομίου.

359 1971 424 2034 Ei
457 1983 532 2053 μὴ
557 1983 822 2056 βουλήσει,
853 1991 1039 2059 φησὶν,
1097 1993 1354 2064 ἐγέννησε
1380 1995 1472 2050 τὸν
1517 1996 1646 2050 Υἱδν
1675 1995 1704 2048 6
1745 1999 1858 2052 Πα-

283 2069 398 2140 τήρ,
432 2072 540 2142 ἔχει
573 2075 628 2126 δὲ
665 2077 832 2132 αὑτὸν
853 2080 920 2156 εκ
941 2081 1182 2150 φύσεως,
1207 2085 1450 2154 δηλονότι
1476 2087 1571 2140 καὶ
1597 2087 1698 2159 τὴν
1725 2087 1858 2158 περὶ

269 2163 430 2215 αὐτὸν
459 2164 661 2234 γνῶσιν
696 2169 799 2222 οὐκ
829 2171 973 2241 ἔχων
1007 2175 1192 2238 αὐτὸς,
1225 2175 1336 2246 ἔχει
1363 2179 1522 2232 πάλιν
1556 2180 1721 2252 αὐτὴν
1745 2180 1856 2234 ἀπὸ

263 2253 366 2322 τῆς
394 2255 640 2324 φύσεως.
684 2259 938 2330 Ἔμαθεν
970 2261 1065 2318 οὖν
1094 2268 1176 2318 ὅτι
1199 2267 1294 2320 καλ.
1311 2269 1440 2332 Υἱὸς
1469 2271 1630 2324 αὐτοῦ
1671 2272 1852 2340 ἔσται,

265 2346 367 2397 καὶ
410 2347 920 2421 συνδημιουργήσει
956 2354 1028 2407 τὰ
1071 2356 1266 2410 πάντα·
1321 2361 1416 2413 καὶ
1453 2362 1858 2434 ὲπισυμϐέϐηκε

262 2433 346 2503 τῷ
379 2435 560 2506 Ila-cpi.
583 2439 614 2507 ή
637 2441 768 2510 περὶ
804 2441 930 2494 rio-3
951 2444 1154 2512 γνῶσις
1179 2449 1242 2500 ἑκ
1266 2451 1361 2520 τῆς
1381 2452 1587 2516 οἰκείας
1619 2433 1858 2508 suam.

261 2527 408 2597 μένη
449 2527 692 2594 φύσεως.
735 2531 801 2585 Ei
861 2535 921 2586 δὲ
973 2538 1130 2591 τοῦτο
1165 2539 1384 2608 ἄτοπον,
1424 2543 1675 2616 βουλήσει
1715 2547 1848 2616 ἄρα,

256 2617 418 2681 εἰδὼς
466 2620 550 2673 ὅτι
607 2620 784 2688 ἔσται,
828 2627 1130 2698 προέϐαλεν
1190 2634 1372 2700 αὐτὸν,
1417 2636 1512 2690 καὶ
1557 2641 1848 2711 προτρέχει

256 2710 474 2776 πάντως
500 2714 602 2784 τῆς
630 2717 948 2786 γεννήσεως
979 2723 1012 2792 ή
1057 2723 1325 2796 βούλησις.

755 2832 918 2899 Πρὸς
947 2833 1123 2889 τοῦτο
1145 2839 1346 2907 λύσις.

340 2917 426 2980 Ὡς
449 2921 604 2991 ήμῶν
637 2925 1068 2996 ὁμολογούντων,
1118 2929 1198 2982 ὅτι
1230 2933 1446 3004 πρῶτον
1482 2937 1734 3010 ὲδιδάχῢη
1759 2941 1846 3004 τίς

263 3009 413 3064 ἔσται
444 3014 633 3080 ὸΥἱδς,
655 3012 754 3071 εἶθ’
776 3018 954 3082 οὕτως
979 3021 1308 3094 γεγέννηκεν
1351 3028 1514 3082 αὐτὸν
1543 3031 1571 3084 6
1609 3031 1764 3104 Πατὴ
1773 3049 1802 3104 ρ
1825 3073 1840 3098 ,

265 3104 660 3158 κατασκευάσει
692 3107 786 3176 τὴν
819 3109 1084 3180 πρότασιν
1104 3111 1132 3163 6
1164 3114 1292 3186 περὶ
1319 3115 1490 3170 ταῦτα
1511 3117 1705 3183 δεινὸς,
1741 3121 1842 3172 οὐκ

1893 1869 1936 1923 Β

1989 597 2100 636 rem
2137 597 2202 636 ea
2245 597 2302 636 se
2339 583 2638 638 voluntarie
2675 583 2846 654 gignit
2882 595 2974 642 aut
3013 589 3416 647 involuntarie?
3459 594 3564 650 Sed

1987 673 2118 728 nihil
2147 673 2420 728 habebunt
2447 675 2587 744 quod
2617 675 2680 730 ad
2711 677 2812 732 hoc
2833 678 3034 734 dicant.
3061 680 3194 734 Nam
3221 697 3344 750 qua:
3371 701 3434 738 ex
3467 701 3564 740 na-

1986 772 2104 817 tura
2135 763 2420 832 prodeunt,
2451 777 2624 836 neque
2649 765 2806 834 velle,
2833 767 2916 824 vel
2947 785 3050 824 non
3079 771 3214 826 velle
3241 773 3558 830 admittunt.

1983 853 2036 907 ln
2075 856 2235 910 rebus
2264 871 2394 912 vero
2433 872 2550 928 qua:
2588 869 2744 914 extra
2777 875 2876 916 nos
2905 871 2958 916 et
2988 863 3040 916 in
3076 875 3260 920 nostra
3291 877 3558 936 potestate

1979 951 2125 1008 sunt,
2154 953 2246 999 aut
2267 945 2534 1012 volumus,
2564 957 2656 1004 aut
2677 948 2946 1008 nolumus.
2969 951 3432 1018 Quemadmodum
3461 957 3560 1028 igi-

1981 1045 2066 1090 tur
2092 1035 2256 1090 etiam
2289 1051 2390 1092 nos
2419 1053 2711 1108 operemur
2736 1042 2940 1112 aliquid
2967 1046 3242 1102 voluntate
3271 1049 3382 1103 sive
3411 1049 3554 1104 deli-

1975 1128 2254 1182 beratione
2295 1129 2564 1195 adhibita,
2605 1131 2875 1202 gignimus
2915 1149 3044 1190 vero
3083 1149 3152 1191 ex
3195 1137 3348 1194 nobis
3389 1139 3554 1210 ipsis,

1975 1233 2150 1286 neque
2193 1219 2358 1274 ullum
2401 1221 2456 1275 in
2503 1223 2812 1291 generando
2857 1223 3034 1280 locum
3079 1227 3242 1284 habet
3281 1231 3422 1288 velle
3463 1243 3556 1288 aut

1972 1310 2136 1378 nolle,
2177 1313 2248 1366 ita
2291 1313 2452 1367 etiam
2493 1312 2636 1368 Deus
2674 1325 2934 1384 aperatur
2995 1317 3213 1386 quidem
3251 1321 3556 1380 voluntarie

1973 1415 2094 1472 quae
2117 1413 2270 1458 extra
2299 1405 2474 1472 ipsum
2503 1415 2653 1470 sunt,
2700 1405 2896 1462 Filium
2927 1419 3106 1464 autem
3135 1415 3324 1482 genuit
3351 1417 3554 1486 absque

1971 1501 2214 1562 tempore
2247 1509 2312 1550 ex
2347 1509 2426 1562 se,
2463 1511 2641 1566 neque
2675 1497 2842 1554 ullum
2879 1515 2940 1556 ea
2983 1503 3036 1558 in
3079 1517 3136 1558 re
3173 1505 3350 1560 locum
3389 1509 3552 1564 habet

1969 1587 2108 1642 velle
2131 1598 2228 1644 aut
2251 1589 2420 1657 nolle,
2449 1591 2664 1648 tametsi
2689 1607 2796 1648 non
2823 1603 2908 1650 est
2935 1595 3104 1652 invito
3131 1597 3290 1652 Patre
3311 1602 3543 1670 genitus.

1967 1679 2134 1737 Pater
2159 1685 2328 1749 enim,
2355 1695 2416 1739 ut
2443 1683 2728 1756 Scriptura
2761 1686 3023 1758 loquitur,
3051 1700 3196 1745 amat
3223 1691 3438 1748 Filium.

2637 1797 2862 1852 ALIUD.

2395 1885 2480 1942 Ea:
2519 1889 2806 1958 objections
2843 1889 3116 1948 Ennomii.

2034 1995 2092 2052 Si
2123 2011 2224 2051 non
2249 1997 2546 2067 voluntate,
2579 2003 2770 2072 inquit,
2799 2005 2994 2060 Filium
3025 2009 3210 2078 genuit
3237 2007 3420 2078 Pater,
3446 2013 3540 2068 sed

1961 2100 2026 2142 ex
2072 2095 2262 2141 natura
2309 2088 2486 2158 ipsum
2528 2091 2712 2160 habet,
2759 2096 3046 2154 manifesto
3088 2100 3252 2154 etiam
3295 2103 3538 2158 uetitiam

1959 2177 2024 2228 de
2051 2189 2118 2231 eo
2145 2191 2250 2232 non
2279 2177 2484 2236 habens
2515 2181 2660 2252 ipse,
2691 2199 2812 2240 eam
2844 2203 2872 2242 a
2903 2197 3094 2244 natura
3129 2191 3309 2245 habet.
3343 2191 3539 2247 Didicit

1957 2267 2144 2337 itaque
2194 2269 2338 2340 quod
2369 2271 2541 2328 Filius
2570 2289 2698 2330 suus
2727 2275 2940 2334 futurus
2971 2291 3136 2348 esset,
3163 2291 3216 2337 et
3241 2283 3420 2338 omnia
3451 2299 3538 2338 se-

1954 2373 2078 2414 cum
2105 2369 2420 2430 creaturus;
2449 2373 2611 2435 atque
2637 2367 2712 2422 ita
2737 2371 2928 2424 notitia
2953 2371 3078 2427 Filii
3104 2377 3336 2432 accessit
3391 2377 3536 2430 Patri

1954 2465 1982 2505 a
2023 2467 2122 2506 sua
2161 2463 2356 2509 natura
2393 2455 2608 2513 edocto.
2640 2457 2694 2514 Si
2729 2475 2858 2516 vero
2892 2462 2944 2516 id
2977 2463 3273 2520 absurdum
3311 2477 3414 2534 est,
3443 2484 3536 2522 vo-

1952 2539 2162 2598 luntate
2197 2544 2378 2616 igitur,
2411 2547 2592 2604 sciens
2621 2553 2764 2620 quod
2798 2551 3014 2609 futurus
3042 2565 3218 2620 esset,
3251 2571 3374 2612 eum
3405 2571 3532 2628 pro-

1953 2631 2136 2698 duxit,
2169 2635 2532 2706 praeceditque
2569 2641 2792 2697 omnino
2829 2645 3232 2714 generationem
3264 2649 3528 2706 voluntas.

2451 2833 2660 2890 Salutio
2695 2837 3024 2904 objectionis.

2021 2920 2246 2978 Perinde
2293 2939 2356 2980 ac
2405 2927 2452 2980 si
2501 2929 2936 2994 consideremus,
2989 2937 3222 3000 primum
3275 2937 3526 2992 edoctum

1949 3011 2114 3067 fuisse
2151 3011 2370 3070 Patrem
2411 3018 2531 3086 quis
2573 3029 2716 3074 esset
2757 3021 2970 3078 futurus
3013 3025 3206 3089 Filius,
3247 3038 3412 3097 atque
3455 3032 3526 3085 ita

1946 3102 2198 3174 deinceps
2237 3121 2360 3160 cum
2404 3109 2676 3177 genuisse,
2713 3110 2784 3164 ita
2827 3121 3076 3168 versutus
3117 3116 3204 3170 hic
3241 3131 3526 3186 argumen-

264 3192 424 3256 εἰδὼς
476 3195 574 3256 ὅτι,
622 3197 980 3272 διαστήματος
1028 3203 1242 3267 οὐδενὸς
1303 3205 1453 3270 ὖντος
1511 3211 1715 3279 μεταξὺ
1744 3213 1836 3266 τοῦ

1947 3202 2056 3247 tum
2094 3211 2254 3250 suum
2287 3199 2500 3264 astruit,
2535 3201 2772 3270 ignarus,
2807 3217 2926 3258 cum
2969 3207 3102 3260 nihil
3137 3208 3210 3262 sit
3245 3209 3406 3279 spatii
3445 3211 3526 3264 in-

262 3284 688 3354 μεσολαϐοὖντος
717 3291 776 3342 τὸ
805 3287 944 3346 εἷναι
971 3291 1067 3346 τοῦ
1092 3293 1308 3364 Πατρδς
1345 3297 1438 3349 καὶ
1459 3299 1556 3369 τὴν
1579 3301 1838 3372 γέννησιν

253 3375 348 3428 τοῦ
376 3377 522 3442 Υξοῦ,
562 3382 592 3450 ή
622 3383 746 3452 περὶ
781 3384 943 3437 αὐτοῦ
985 3386 1297 3458 πρόγνωσις
1354 3389 1456 3444 οὐκ
1500 3390 1614 3462 ἔχει
1651 3393 1834 3450 τόπον.

251 3467 314 3518 ΕΞ
341 3467 450 3540 γὰρ
473 3471 958 3542 προεϐουλεύσατο,
994 3475 1089 3530 καὶ
1131 3479 1519 3554 προεδιδάχθη,
1557 3485 1616 3536 ὲν
1658 3485 1836 3558 χρόνῳ

248 3555 302 3608 δὲ
329 3557 543 3622 πάντως
562 3560 734 3614 ταῦτα
765 3563 992 3632 ἐγίνετο,
1027 3566 1176 3620 κάτω
1201 3568 1408 3638 χρόνων
1437 3571 1466 3622 6
1497 3571 1646 3637 Υἱός.
1677 3573 1740 3627 Εἰ
1773 3576 1831 3629 δὲ

246 3646 408 3708 αὐτός
437 3649 582 3704 ἐστιν
609 3653 638 3704 6
697 3653 806 3706 τῶν
839 3655 1050 3724 χρόνων
1109 3658 1360 3730 ποιητής,
1405 3661 1460 3714 τί
1509 3665 1686 3735 μάτην
1729 3667 1832 3737 τῆς

246 3736 394 3801 οείας
422 3740 634 3808 φύσεως
659 3745 1056 3818 καταφλυαρεί,
1092 3747 1483 3825 διδασκομένην
1514 3757 1682 3828 αὐτὴν
1713 3760 1828 3810 εἰσ-

242 3825 428 3897 φέρων
465 3830 570 3882 ἀπὸ
602 3833 699 3903 τῆς
739 3833 978 3901 φύσεως,
1015 3835 1090 3898 ὡς
1121 3837 1286 3902 αὑτός
1321 3857 1474 3911 φησι,
1517 3843 1584 3898 τὰ
1627 3825 1828 3916 έσόμευ

242 3933 326 3981 να,
385 3921 480 3972 καὶ
534 3921 696 3976 πλέον
742 3925 898 3977 οὐδὲν
949 3926 1220 4000 ἀνθρώπῳ
1265 3931 1440 3996 διδοὺς
1490 3934 1523 4006 ἢ
1569 3935 1648 4008 τῷ
1680 3939 1824 4009 ὑπὲρ

240 4007 448 4074 πάντας
487 4012 600 4066 ὄντι
655 4014 811 4087 Θεῷ;
857 4019 1006 4072 ’Δνω
1057 4021 1237 4076 τοίνυν
1288 4025 1548 4096 κειμένης
1609 4027 1824 4084 αἰώνων

240 4101 328 4153 καὶ
359 4103 570 4173 χρόνων
623 4105 728 4176 τῆς
791 4109 1096 4180 γεννήσεως
1116 4112 1210 4166 τοῦ
1255 4113 1406 4178 Υἱοῦ,
1443 4116 1730 4188 δύσφημόν
1759 4139 1820 4174 τε

242 4190 328 4242 καὶ
365 4193 580 4261 ἀμαθὲς
611 4197 842 4261 εἰκότως
861 4197 926 4252 ἂν
957 4199 1038 4269 εἴη
1063 4201 1124 4253 τὸ
1153 4202 1821 4274 λέγεινιπροϐουλεύεσοαξ

241 4282 358 4352 τι,ῆ
393 4285 864 4353 προδιδάσκεσῡαι
883 4289 970 4343 τὸν
987 4292 1205 4364 Πατέρα
1229 4295 1360 4364 περὶ
1387 4296 1574 4350 αὑτοῦ.
1601 4300 1820 4366 Τέλειος

235 4372 338 4442 γὰρ
377 4375 472 4428 καὶ
503 4379 566 4429 ὲν
602 4377 684 4448 τῷ
735 4380 911 4434 πάντα
954 4383 1150 4436 εἰδέναι
1197 4386 1226 4438 6
1263 4387 1476 4458 Πατὴρ,
1509 4389 1604 4442 καὶ
1650 4392 1816 4447 τόπον

233 4465 422 4519 οὐδένα
447 4469 552 4538 πρὸ
589 4470 724 4524 Υἰοῦ
751 4473 784 4543 ή
817 4475 944 4545 περὶ
970 4476 1136 4530 αὐτοῦ
1181 4477 1434 4550 βούλησις
1465 4480 1597 4552 ἔχει.

914 4582 1119 4640 ΔΛΛΟ.

301 4687 367 4739 Εἰ
401 4681 542 4742 οἶδεν
583 4691 768 4746 ἑαυτὸν
819 4693 908 4747 ἀεὶ
961 4696 1088 4750 ὂντα
1128 4699 1345 4770 Πατέρα
1378 4701 1406 4754 6
1435 4703 1644 4774 Πατὴρ,
1691 4703 1804 4777 ἔχει

227 4779 452 4842 πάντως
481 4779 574 4832 καὶ
605 4783 660 4834 ὲν
689 4783 866 4856 ἑαυτῷ
893 4787 986 4840 τοῦ
1017 4789 1146 4842 Υῑοῦ
1180 4791 1277 4861 τὴν
1304 4793 1520 4861 γνῶσινζ
1564 4795 1651 4849 Ἐν
1695 4797 1803 4868 γὰρ

223 4867 301 4935 τῷ
344 4868 548 4923 εἰδέναι
598 4871 725 4944 ὅπερ
774 4875 922 4930 ἐστὶν
953 4878 1135 4944 αὐτὸς,
1171 4881 1389 4951 καὶτῆς
1433 4883 1678 4954 υἱότητος
1704 4886 1802 4954 τὴν

223 4957 425 5023 γνῶσιν
455 4963 640 5034 φορεῖ’
669 4965 862 5037 Πατὴρ
895 4966 1002 5038 γὰρ
1030 4969 1105 5033 ὡς
1137 4970 1268 5041 πρὸς
1307 4971 1434 5024 Υἱὸν
1463 4973 1577 5028 ἔστι
1607 4992 1666 5026 τε
1708 4977 1800 5029 καὶ

221 5049 563 5120 ὀνομάζεται.
617 5057 728 5111 Καὶ
769 5059 934 5113 πάλιν
982 5062 1044 5114 ἐκ
1097 5061 1205 5115 τῶν
1252 5065 1539 5119 ἐναντίων·
1591 5061 1743 5118 Οἶδεν
1773 5069 1802 5119 6

223 5141 344 5206 Υἱὸς
377 5144 472 5197 τὸν
500 5147 739 5218 Πατέρα,
767 5149 924 5214 εἰδὼς
957 5153 1092 5222 ὅπερ
1122 5154 1268 5206 ἐστὶν
1302 5155 1482 5217 αὑτός.
1526 5157 1660 5208 Ἀπὸ
1693 5157 1799 5229 γὰρ

215 5231 312 5301 τῆς
345 5235 595 5306 υῐότητος
635 5242 668 5309 ἠ
709 5242 988 5313 πατρότης
1016 5247 1255 5298 νοεῖται·
1290 5247 1381 5298 καὶ
1423 5246 1484 5298 τὸ
1520 5247 1798 5318 ἀντίστρο-

215 5341 329 5392 φον,
363 5328 431 5380 ἐκ
459 5329 557 5398 τῆς
589 5334 932 5405 πατρότητος
965 5337 997 5407 ή
1033 5337 1215 5407 υἰότης
1237 5355 1250 5368 ·
1280 5334 1347 5409 ἦν
1382 5333 1472 5391 οὖν
1499 5339 1583 5392 ἀεὶ
1611 5340 1796 5414 Πατὴρ

211 5417 238 5467 6
267 5417 418 5482 Θεὸς,
451 5413 518 5489 ἦν
550 5421 656 5492 ἄρα
701 5425 796 5477 καὶ
845 5427 874 5478 6
921 5427 1062 5490 Υἱός.
1103 5429 1396 5499 Δύσφημον
1438 5429 1494 5483 δὲ
1534 5429 1594 5482 τὸ
1619 5413 1796 5500 λέγειν

213 5507 282 5579 μή
314 5509 511 5566 εέδέναι
546 5515 637 5568 τὸν
685 5517 908 5594 Πατέρα
963 5517 1023 5584 ἐξ
1075 5521 1270 5573 ἑαυτοῦ
1319 5523 1408 5574 τὸν
1456 5523 1603 5586 Υἱὺν,
1654 5523 1796 5578 διδά-

211 5600 424 5655 σκεσθαι
457 5603 512 5658 δὲ
543 5605 654 5660 ἀπὸ
689 5608 790 5679 τῆς
825 5608 1064 5677 φύσεως,
1094 5611 1327 5663 ἑκάστου
1359 5611 1556 5684 δηλαδὴ
1596 5615 1688 5683 ἀφ’
1715 5609 1790 5669 ὧν

208 5695 338 5748 ἐστιν
364 5697 526 5762 αὐτὸς
562 5699 666 5770 τὴν
697 5699 794 5754 τοῦ
839 5702 1029 5771 ἑτέρου
1061 5700 1261 5769 γνῶσιν
1311 5703 1542 5774 ἔχοντος.
1580 5705 1786 5770 ’Λλλως

1943 3291 2024 3338 ter
2051 3297 2170 3340 esse
2205 3285 2380 3343 Patris
2417 3300 2468 3343 et
2505 3294 2910 3360 generationem
2947 3294 3104 3362 Filii,
3137 3302 3522 3368 prrenotiouem

1939 3375 2006 3430 de
2033 3391 2100 3432 eo
2129 3378 2334 3433 nullum
2365 3380 2566 3437 habere
2598 3383 2796 3440 locum.
2827 3383 2962 3441 Nam
2993 3387 3038 3442 si
3071 3390 3220 3458 prius
3252 3391 3520 3450 delibera-

1936 3467 2042 3531 vit,
2075 3477 2130 3522 et
2163 3469 2315 3539 prius
2351 3475 2631 3544 cognovit,
2663 3487 2827 3548 atque
2861 3478 2976 3534 haec
3015 3481 3064 3534 in
3103 3491 3344 3552 tempore
3375 3486 3518 3542 facta

1934 3557 2134 3613 fuerint
2169 3575 2394 3619 necesse
2427 3565 2532 3632 sit,
2573 3569 2802 3637 tempori
2837 3585 2968 3643 ergo
3001 3575 3268 3631 obnoxius
3305 3587 3385 3632 cst
3423 3579 3514 3633 Fi-

1899 3650 2054 3738 olius.
2093 3655 2162 3707 At
2195 3670 2318 3710 eum
2353 3659 2470 3726 ipse
2508 3661 2578 3714 sit
2621 3669 2924 3732 temporum
2966 3667 3232 3732 conditor,
3270 3670 3398 3738 quid
3437 3681 3514 3726 te-

1932 3757 2078 3798 mere
2099 3747 2358 3802 adversus
2381 3747 2618 3804 divinam
2643 3759 2892 3808 naturam
2917 3755 3240 3823 deblaterat,
3267 3761 3510 3814 edoctam

1929 3831 2074 3887 illam
2116 3849 2238 3892 esse
2277 3837 2387 3909 59
2425 3855 2455 3894 a
2498 3851 2688 3896 natura
2733 3847 2798 3900 de
2841 3849 3000 3902 rebus
3043 3848 3240 3904 futuris
3277 3851 3508 3920 ﬁngens,

1929 3938 2101 3994 neque
2129 3927 2422 3999 quidquam
2454 3935 2686 4004 amplius
2717 3941 3035 4007 praepotenti
3073 3939 3184 3993 Deo
3219 3955 3380 4008 quam
3415 3945 3506 3993 Im-

1926 4015 2056 4071 mini
2084 4019 2361 4076 tribuens?
2385 4023 2516 4078 Cum
2549 4027 2729 4095 itaque
2759 4028 3038 4096 generatio
3067 4029 3188 4082 Filii
3221 4031 3415 4083 sa~cula
3445 4047 3508 4086 ne

1925 4112 2164 4176 tempora
2198 4113 2444 4176 excedat,
2477 4115 2773 4167 absurdum
2806 4131 2868 4168 ac
2899 4115 3274 4186 blasphemum
3306 4129 3388 4175 est
3421 4123 3505 4175 di-

1922 4208 2046 4252 cere
2079 4199 2436 4268 dcliberasse,
2473 4213 2528 4258 et
2567 4205 2716 4274 prius
2756 4209 3008 4264 edoctum
3049 4209 3216 4268 fuisse
3256 4215 3320 4268 de
3361 4215 3504 4272 illius

1921 4293 2268 4356 generatione
2307 4291 2544 4350 Patrem.
2584 4296 2860 4356 Perfectus
2901 4303 3044 4358 enim
3092 4315 3176 4360 cst
3218 4307 3271 4362 in
3320 4311 3500 4380 cogni-

1919 4381 2062 4436 tione
2089 4387 2327 4440 omnium
2362 4403 2541 4444 rerum
2574 4389 2756 4458 Pater,
2787 4395 3098 4468 nullumque
3131 4398 3306 4456 locqu
3339 4401 3498 4459 habet

1917 4473 2256 4547 deliberatio,
2285 4479 2480 4538 Filium
2515 4487 2845 4556 praecedens.

2593 4598 2828 4655 ALIUD.

1984 4696 2040 4754 Si
2091 4699 2251 4757 Pater
2300 4718 2512 4776 semper
2563 4712 2709 4765 novit
2757 4727 2814 4766 sc
2868 4729 2988 4769 esse
3033 4715 3269 4783 Patrem,
3331 4719 3493 4776 habet

1910 4792 2130 4846 Omnino
2175 4796 2336 4850 etiam
2371 4797 2422 4850 in
2449 4813 2509 4853 se
2539 4801 2783 4856 notitiam
2829 4803 2971 4860 Filii.
3015 4807 3089 4862 Eo
3141 4811 3286 4863 enim
3347 4813 3488 4878 quod

1910 4884 2144 4950 seipsum
2195 4889 2383 4952 novit,
2431 4892 2577 4945 novit
2629 4903 2683 4948 et
2711 4895 2946 4951 Filium:
3007 4898 3168 4954 Pater
3191 4900 3334 4953 enim
3397 4917 3488 4954 ra-

1910 4973 2054 5024 tione
2095 4971 2215 5027 Filii
2246 4988 2327 5029 cst
2365 4990 2418 5031 et
2447 4982 2668 5038 dicitur.
2727 4987 2792 5040 Et
2845 5001 2876 5039 e
2912 4990 3186 5040 contrario
3249 5006 3262 5042 :
3329 4988 3486 5048 Novit

1908 5065 2076 5118 Filius
2113 5065 2350 5133 Patrem,
2381 5086 2612 5128 noscens
2650 5078 2912 5146 seipsnm.
2961 5077 3092 5132 Nam
3128 5095 3193 5135 ex
3229 5082 3486 5142 liliatione

1908 5157 2223 5228 intelligitur
2261 5163 2576 5229 paternitas,
2607 5175 2664 5220 et
2723 5168 2999 5236 reciproco
3049 5187 3112 5225 ex
3159 5185 3482 5242 paternitate

1905 5249 2091 5305 ﬁliatio
2126 5271 2138 5306 :
2172 5261 2288 5306 erat
2347 5268 2477 5322 ergo
2509 5271 2724 5328 semper
2755 5261 2912 5314 Pater
2944 5261 3114 5334 Deus;
3151 5279 3266 5324 erat
3293 5273 3480 5340 utique

1903 5352 1956 5394 et
1995 5341 2184 5397 Filius.
2225 5344 2450 5415 lmpimn
2495 5359 2676 5405 autem
2716 5354 2860 5407 dictu
2903 5366 3117 5414 estnon
3165 5377 3325 5416 nosse
3375 5362 3480 5416 Pa-

1902 5443 2035 5489 trem
2067 5437 2284 5503 Filium,
2321 5441 2412 5508 qui
2455 5455 2520 5496 ex
2565 5459 2622 5498 se
2673 5454 2773 5510 est,
2817 5448 2910 5502 sed
2953 5451 3132 5505 doceri
3180 5469 3208 5506 a
3260 5462 3479 5515 natura,

1897 5543 2020 5580 cum
2055 5539 2280 5600 uterque
2324 5546 2389 5587 ex
2432 5550 2497 5591 eo
2539 5537 2654 5606 ipso
2683 5540 2822 5606 quod
2848 5553 2930 5596 est
2969 5544 3192 5596 alterius
3228 5547 3472 5600 notitiam

1897 5617 2112 5673 habeat.
2148 5623 2210 5676 Et
2251 5624 2451 5694 alioqui
2491 5637 2680 5682 natura
2712 5629 2800 5684 Dei
2848 5649 2951 5687 non
3000 5636 3068 5688 sit
3111 5635 3252 5689 aliud
3309 5653 3470 5707 quant

1895 5707 2006 5774 ipse
2041 5727 2055 5775 ;
2101 5713 2328 5780 simplex
2355 5718 2497 5773 enim
2531 5728 2582 5774 ct
2610 5719 2994 5794 incompositus
3026 5736 3128 5780 cst.

203 5803 248 5839 τε
280 5789 462 5864 ἕτερον
493 5795 596 5848 οὐκ
631 5797 702 5850 ἂν
731 5796 819 5864 εἴη
854 5797 1018 5865 φύσις
1048 5797 1182 5852 Θεοῦ
1213 5799 1342 5868 παρ’
1378 5799 1560 5855 αὐτόν·
1591 5801 1793 5865 ἁπλοῦς
1833 5800 1938 5872 γὰρ
1979 5805 2068 5857 καὶ
2102 5808 2407 5874 ἁσύνΟετος.
