4056 6264
280 409 372 465 (01

1669 481 1678 489 1
1707 391 2148 456 THESAURUS.
3449 386 3548 439 l0".

279 523 369 575 τὸν
403 520 551 580 Υἱδν,
602 518 884 588 σφραγῖδα
919 517 1010 570 καὶ
1050 516 1233 570 εἰκόνα
1272 517 1367 587 τῆς
1414 515 1605 570 ἑαυτοῦ
1657 513 1870 582 φύσεως

1993 520 2080 558 um
2112 513 2166 559 et
2221 502 2507 574 imaginem
2549 500 3000 571 perfectissimam
3053 515 3160 552 sure
3230 499 3400 569 ipsius
3457 516 3550 549 ιιι·-

281 609 716 679 ἀκριϐεστάτην.

803 729 1173 816 ΛΟΓΟΣ
1245 730 1376 812 H’.

287 887 452 955 Πρὸς
488 887 631 951 τοὺς
663 885 972 954 λέγον-τας,
1014 885 1104 938 ὅτι
1133 887 1204 938 οὑ
1231 882 1310 949 τῷ
1356 882 1556 950 "arpi,
1593 882 1754 955 αλλὰ
1795 879 1870 948 τῇ

469 952 769 1023 ,βουλήσει
801 957 990 1010 αὐτοῦ
1028 955 1229 1024 ὅμοιός
1256 956 1424 1008 ἐστιν
1461 957 1493 1007 d
1537 952 1694 1014 Υἱός.

369 1069 578 1141 Πολλὴν
605 1069 668 1124 ἄν
691 1086 775 1132 τις
801 1067 1029 1131 εἰκότως
1061 1066 1314 1121 ἀδουλίαν
1341 1064 1448 1119 τῶν
1489 1062 1872 1135 χριστομάχων

298 1162 766 1233 καταψηφίσωτο,
817 1160 853 1230 ἢ
903 1161 1162 1229 λογιεῖται
1211 1159 1384 1230 όρθῶς
1430 1157 1736 1230 μαίνεσθαι,
1782 1174 1872 1209 πι-

302 1252 507 1306 στεύων
527 1254 638 1315 τοῖς
674 1251 772 1319 τῆς
802 1249 1110 1321 βουλήσεως
1144 1249 1237 1303 τοῦ
1270 1247 1482 1318 Πατρὸς
1517 1248 1699 1318 ὅμοιον
1734 1241 1874 1301 εἶναι

300 1342 513 1410 λέγουσι
540 1340 636 1394 τὸν
661 1339 814 1403 Υἳὸν,
854 1339 956 1392 οὐκ
998 1339 1150 1410 αὑτῷ
1189 1338 1268 1407 τῷ
1311 1337 1516 1410 Πατρί⁶
1566 1337 1743 1391 καίτοι
1777 1335 1876 1406 τῆς

297 1434 446 1496 θείας
470 1435 691 1503 Γραφῆς
735 1433 797 1485 οὐ
836 1431 1023 1484 τοῦτον
1056 1431 1396 1502 ἐκφερούσης
1434 1429 1562 1503 περὶ
1589 1427 1755 1482 αὑτοῦ
1783 1428 1877 1482 τὸν

292 1526 440 1596 ὅρον,
472 1526 586 1578 ἀλλ’
607 1523 728 1577 οὐδὲ
756 1523 925 1579 αὐτοῦ
955 1522 1050 1577 τοῦ
1083 1523 1335 1594 Σωτῆρος
1356 1523 1606 1592 λέγοντος
1627 1538 1640 1553 ⁸
1685 1521 1743 1576 '0
1777 1522 1876 1573 δω-

296 1614 481 1685 -ρακὼς
507 1614 630 1684 ἐμὲ,
656 1613 867 1684 ἑώρακε
892 1613 988 1684 τὴν
1015 1611 1268 1682 βούλησιν
1287 1611 1382 1664 τοῦ
1407 1611 1643 1680 Πατρός.
1683 1609 1878 1681 Ἐχρῆν

297 1704 358 1756 δέ
387 1721 451 1771 γε
480 1704 573 1755 τὸν
609 1703 834 1756 εἰπόντα
854 1704 1086 1774 Χριστόν
1107 1717 1119 1732 ·
1149 1723 1168 1756 ‹
1215 1702 1356 1772 Ἐγὼ
1380 1704 1498 1773 εἰμι
1525 1705 1558 1772 ἠ
1582 1702 1827 1773 ἀλήθεια,
1854 1719 1872 1752 ι

310 1795 390 1866 μὴ
409 1795 489 1864 τῷ
521 1795 701 1865 Πατρὶ
740 1795 882 1848 κατὰ
914 1795 1072 1864 φύσιν
1097 1795 1282 1849 ἑαυτὸν
1314 1793 1616 1866 ἐξομοιοῦν,
1651 1797 1717 1864 τῇ
1761 1793 1881 1864 βου.

1974 606 2130 650 tura.

2285 719 2858 812 ASSERTIO
2951 721 3232 811 VIII.

2009 893 2269 948 Adversus
2288 890 2536 954 dicentes,
2571 906 2675 943 non
2697 889 2868 951 Patri,
2890 889 2979 941 sed
3001 878 3259 943 voluntati
3276 887 3390 958 ejus
3447 887 3521 938 si-

2472 960 2650 1014 milem
2671 976 2782 1014 esse
2819 959 3047 1014 Filium.

2046 1073 2236 1130 Merito
2258 1074 2381 1143 quis
2413 1086 2662 1141 magnam
2690 1071 2924 1126 hostium
2961 1070 3162 1126 Christi
3193 1070 3550 1124 temeritatem

1975 1165 2210 1227 damnet,
2243 1171 2334 1217 aut
2388 1161 2587 1216 rectius
2635 1161 2875 1215 insanire
2919 1161 3122 1227 iudicet
3163 1174 3255 1214 eos
3294 1159 3382 1229 qui
3449 1175 3553 1211 tum

1979 1255 2077 1324 ipsi
2114 1254 2288 1318 Patri,
2333 1253 2427 1307 sed
2456 1250 2714 1304 voluntati
2740 1250 2855 1317 ejus
2907 1249 3136 1305 similem
3187 1264 3308 1304 esse
3363 1248 3555 1302 Fdium

1977 1344 2304 1400 contendunt
2332 1381 2348 1407 ,
2394 1357 2516 1397 cum
2563 1341 2762 1410 alioqui
2812 1354 2967 1395 sacra
3006 1339 3283 1408 Scriptura
3324 1355 3430 1394 non
3487 1342 3557 1392 it:

1979 1438 2046 1493 de
2118 1437 2236 1506 ipso
2289 1435 2556 1499 deﬁniat,
2607 1434 2702 1488 sed
2762 1447 2937 1502 neque
3002 1432 3114 1502 ipse
3171 1429 3426 1485 Servator
3477 1432 3559 1484 di-

1979 1538 2067 1582 cat
2103 1543 2118 1580 :
2161 1527 2262 1594 Qui
2319 1527 2449 1580 vidit
2509 1541 2595 1582 me
2628 1567 2642 1590 ,
2698 1526 2832 1580 vidit
2885 1534 2940 1579 ct
2992 1525 3328 1578 voluntatem
3383 1523 3561 1576 Patris

1977 1618 2083 1690 σι
2123 1620 2248 1674 mei.
2283 1615 2534 1688 Oportuit
2565 1634 2695 1673 vero
2731 1617 3003 1672 Christum
3049 1616 3313 1670 dicentem
3345 1652 3362 1678 ,
3393 1633 3411 1665 ι
3451 1614 3560 1682 Ego

1979 1725 2098 1765 sum
2125 1710 2324 1765 veritas
2353 1709 2421 1776 “,
2456 1726 2474 1760 ι
2509 1723 2845 1778 equaquam
2871 1723 2928 1763 se
2959 1708 3103 1762 Patri
3133 1705 3428 1762 secundum
3466 1722 3559 1758 tta-

1986 1811 2161 1856 turam
2209 1815 2550 1871 comparare,
2579 1801 2677 1856 sed
2717 1800 2898 1870 potius
2927 1799 3044 1869 ejus
3073 1798 3357 1861 voluntati,
3399 1796 3443 1850 si
3481 1797 3551 1847 ita

311 1886 475 1956 λήσει
511 1885 567 1938 se
610 1885 805 1955 μᾶλλον
847 1884 1031 1949 αὑτοῦ,
1075 1887 1227 1956 εἴπερ
1258 1885 1432 1949 οὕτως
1459 1885 1596 1955 ἔχει,
1625 1883 1880 1955 καθάπερ

1992 1903 2087 1958 est,
2129 1901 2191 1948 ut
2240 1891 2342 1962 ipsi
2395 1894 2608 1949 volunt.
2673 1894 2742 1947 At
2784 1907 2906 1947 cum
2950 1905 3009 1946 se
3058 1905 3162 1946 non
3231 1888 3559 1944 voluntatem

316 1977 516 2030 ἐκεῖνοί
539 1994 712 2045 φασιν.
755 1976 891 2029 Ἀλλ’
915 1978 1148 2048 οὐδαμοῦ
1175 1978 1271 2048 τὴν
1305 1978 1556 2048 βούλησιν
1582 1978 1876 2048 ὀνομάσας,

313 2068 490 2120 εἰκόνα
515 2067 569 2119 δὲ
587 2067 675 2119 τοῦ
707 2067 918 2138 Πατρός
945 2069 1135 2122 ἑαυτὸν
1168 2068 1501 2140 προσειπὼν,
1522 2068 1678 2140 δῆλος
1705 2070 1770 2122 ἂν
1793 2068 1880 2139 εἴη

305 2161 399 2229 τήν
427 2157 656 2212 ἐκείνων
688 2159 952 2212 ὑπόνοιαν
986 2161 1250 2231 ἀναιρῶν.

998 2274 1185 2327 MAG
1194 2315 1208 2328 .

389 2379 736 2450 Ἔρωτητέον
754 2381 885 2444 τοὺς
909 2384 1312 2453 χριστομάχους
1331 2398 1344 2412 ·
1388 2385 1451 2437 Ἦ
1483 2383 1728 2455 βούλησις
1754 2387 1886 2452 αὕτη

310 2470 411 2523 τοῦ
437 2470 680 2540 Πατρός,
710 2465 780 2542 ἧς
819 2470 1010 2540 ὅμοιον
1032 2467 1175 2526 εἷναί
1199 2491 1333 2541 φατε
1358 2475 1448 2528 τὸν
1491 2476 1634 2537 Υίδν,
1671 2477 1888 2547 πότερόν

306 2579 446 2614 ποτε
475 2561 638 2615 οὐσία
674 2562 759 2625 τίς
803 2563 940 2626 ἐστι,
987 2563 1082 2616 καὶ
1114 2564 1318 2634 ὑπέστη
1350 2565 1486 2635 αὐτὴ
1525 2566 1645 2618 καθ’
1668 2567 1882 2638 ἑαυτὴν,

305 2652 338 2722 ἦ
370 2651 496 2722 οὐχί
516 2668 534 2717 ;
572 2652 637 2704 Ei
682 2652 784 2721 μὲν
822 2652 935 2724 γὰρ
961 2651 1191 2724 οὑσιὼδη
1231 2657 1322 2707 καὶ¹
1361 2656 1721 2726 ύποστατικὴν
1747 2653 1886 2710 εἶναι

302 2743 506 2796 δώσετε
535 2743 764 2813 ταύτην,
796 2743 913 2807 πῶς
938 2744 1018 2798 ἔτι
1047 2746 1336 2816 μονογενὴς
1367 2749 1395 2799 ό
1420 2747 1567 2811 Υἱὸς,
1598 2749 1778 2819 τρίτος
1807 2749 1885 2802 ὢν

304 2837 370 2888 ἐκ
395 2836 640 2907 Πατρόςς
677 2839 932 2890 Φαίνεται
955 2837 1065 2905 γὰρ
1105 2839 1473 2908 μεωλασοῦσα
1505 2840 1602 2912 τὴν
1631 2843 1886 2912 γέννησιν

308 2928 472 2982 αὐτοῦ
501 2929 756 3000 βούλησίς
781 2947 866 2993 τις
892 2931 1252 2994 ὲνυπόστατος
1292 2933 1386 2985 καὶ
1419 2933 1588 2996 ζῶσα,
1617 2934 1761 2988 κατὰ
1789 2935 1887 3004 τὴν

312 3021 580 3092 ὑμετέραν
617 3024 904 3092 πρότασιν.
954 3024 1015 3076 Εἰ
1054 3022 1111 3075 δὲ
1143 3023 1300 3077 τοῦτο
1331 3024 1782 3095 παραιτούμενοι,
1824 3025 1887 3077 οὗ

318 3111 443 3163 καθ’
467 3113 752 3165 ὑπόστασιν
779 3115 878 3183 τὴν
910 3113 1163 3184 βούλησιν
1184 3115 1491 3167 διακεῖσθαι
1521 3114 1742 3180 δώσετε,
1768 3116 1890 3170 οὐδὲ

1987 1981 2303 2046 nominarit,
2335 1985 2430 2038 sed
2461 1982 2720 2052 adiecerit
2753 1997 2813 2038 se
2855 1996 2977 2036 esse
3031 1980 3323 2052 imaginem
3361 1978 3558 2042 Patris,

1986 2077 2274 2133 manifeste
2304 2090 2494 2132 eorum
2524 2077 2833 2147 opinionem
2860 2073 3146 2129 subvertit.

2666 2270 2895 2326 ALlUD.

2060 2384 2436 2456 lnterrogandi
2471 2391 2597 2437 sunt
2637 2383 2825 2437 hostes
2861 2381 3060 2436 Christi
3111 2398 3124 2434 :
3164 2380 3423 2434 Voluntas
3457 2379 3567 2432 brc

1989 2479 2190 2542 Patris,
2219 2480 2306 2534 cui
2342 2475 2577 2530 similem
2625 2475 2807 2528 dicitis
2849 2487 2969 2528 esse
3019 2471 3237 2534 Filium,
3295 2480 3446 2525 estne
3486 2488 3568 2525 es-

1990 2569 2186 2633 sentia,
2240 2566 2568 2636 exstititquc
2621 2565 2736 2634 ipsa
2778 2580 2875 2635 per
2907 2580 2988 2631 se,
3039 2579 3107 2617 an
3159 2560 3468 2617 nonYNam
3523 2564 3567 2616 si

1991 2661 2334 2716 essentialem
2385 2672 2507 2712 esse
2545 2658 2738 2712 dicetis
2784 2665 2840 2711 et
2890 2670 2987 2724 per
3024 2669 3080 2710 se
3113 2656 3410 2720 exstitisse,
3462 2669 3570 2725 quo

1992 2759 2152 2823 pacto
2182 2751 2438 2820 deinceps
2491 2747 2666 2803 Filius
2700 2749 2807 2802 erit
2836 2751 3165 2819 unigenitus,
3197 2763 3317 2802 cum
3359 2748 3470 2817 jam
3501 2748 3570 2800 sit

1995 2844 2187 2900 tertius
2224 2857 2290 2897 ex
2329 2841 2493 2896 Patre
2518 2841 2542 2894 ?
2564 2841 2800 2909 Apparet
2833 2841 2976 2894 enim
3010 2841 3358 2908 prmcessisse
3402 2839 3571 2909 ipsius

1993 2934 2390 3004 generationem
2449 2931 2776 2985 voluntatem
2827 2931 3117 3000 quamdam
3175 2945 3362 2984 revera
3421 2931 3569 2983 exsi-

1995 3030 2226 3078 stentem
2250 3031 2303 3075 et
2323 3019 2690 3088 vivam,juxta
2708 3027 2941 3072 vestram
2961 3019 3402 3086 proliositionem.
3420 3018 3573 3082 Quod

1996 3113 2040 3168 si
2086 3127 2216 3167 vero
2264 3113 2366 3167 hoc
2422 3119 2705 3180 negantes,
2760 3124 2866 3164 non
2914 3109 2968 3162 in
3022 3108 3239 3178 propria
3294 3092 3570 3178 hypostasi

323 3203 512 3256 οὐσίαν
536 3198 670 3257 εἶναι
698 3206 870 3268 ζῶσαν
895 3207 987 3260 καὶ
1009 3207 1379 3279 ὑπάρχουσαν,
1403 3208 1592 3279 ὥσπερ
1625 3207 1714 3261 τὸν
1740 3207 1885 3269 Υἱδν,

2000 3206 2298 3260 subsistere
2320 3204 2458 3258 hanc
2485 3202 2815 3256 voluntatem
2839 3201 3058 3266 dabitis,
3087 3214 3259 3269 neque
3282 3201 3574 3255 essentiam

325 3294 662 3358 ἀπαιδεύτως
693 3295 888 3366 σφόδρα
920 3295 1016 3350 καὶ
1048 3297 1278 3367 ἀμαθῶς
1319 3299 1393 3369 μὴ
1427 3297 1521 3351 δύο
1557 3298 1892 3369 παραθέντες

320 3385 510 3448 οὐσίας
538 3389 827 3459 ὁμοιότητα
854 3387 1088 3459 ζητεῖτε.
1122 3388 1247 3452 Πῶς
1284 3388 1394 3458 γὰρ
1425 3388 1577 3440 ἔσται
1610 3388 1670 3440 τὸ
1701 3389 1892 3441 ὲνυπό-

321 3494 512 3530 στατον
543 3478 622 3548 τῷ
657 3479 730 3549 μὴ
755 3479 986 3550 τοιούτῳ
1017 3480 1369 3552 προσεοικός;
1406 3480 1438 3552 ἦ
1470 3479 1587 3542 πῶς
1613 3480 1672 3532 τὸ
1705 3480 1778 3551 μὴ
1814 3481 1892 3544 εἰς

314 3568 504 3622 οὐσίαν
530 3569 742 3638 ἐνεχθὲν
779 3569 857 3640 τῷ
895 3570 1226 3640 ὑφεστηκότι
1265 3571 1408 3625 κατὰ
1437 3571 1531 3624 τὸν
1573 3571 1671 3642 τῆς
1716 3574 1889 3642 ἐμφε-

316 3657 469 3727 ρείας
498 3659 700 3729 τρόπον
731 3658 1166 3728 ἀντεξετάζοιτῃ

1006 3851 1208 3905 ΑΛΛΟ.

384 3963 605 4027 Καὶτίς
627 3963 728 4017 οὐκ
755 3963 822 4018 ἂν
851 3966 1204 4037 ὁμολογήσειε
1234 3965 1357 4020 νοῦν
1387 3965 1526 4036 ἔχων
1557 3965 1638 4019 ὄτι
1665 3966 1743 4040 τῷ
1767 3964 1893 4037 ζώῳ

315 4052 448 4123 πρὸς
499 4054 562 4108 τὸ
602 4053 744 4119 ζῶον
802 4058 834 4127 ἡ
879 4057 1153 4127 ὁμοιότης,
1201 4059 1293 4110 καὶ
1339 4058 1416 4128 τῷ
1457 4059 1531 4130 μὴ
1582 4059 1706 4130 ζώῳ
1757 4061 1892 4130 πρὸς

1993 3308 2115 3349 esse
2146 3295 2322 3348 vivam
2373 3302 2538 3364 atque
2592 3293 2968 3358 exsistentem,
3028 3302 3086 3346 ut
3144 3291 3358 3358 Filium,
3398 3293 3579 3360 inepte

1993 3395 2142 3439 certe
2193 3399 2299 3437 non
2363 3384 2557 3453 positis
2611 3384 2817 3438 duabus
2865 3383 3120 3437 essentiis
3164 3382 3575 3438 similitudinem

1992 3473 2259 3541 quaeritis.
2297 3475 2415 3539 Quo
2449 3482 2608 3542 pacto
2651 3473 2796 3526 enim
2841 3471 2893 3525 id
2927 3473 3069 3540 quod
3105 3471 3446 3542 hypostatice
3479 3485 3577 3524 ex-

1993 3563 2158 3627 sistit,
2209 3577 2316 3617 non
2367 3563 2654 3618 exsistenti
2701 3562 2877 3617 simile
2922 3562 3028 3616 dici
3074 3562 3283 3631 possit?
3329 3571 3423 3615 aut
3469 3577 3578 3630 quo

1995 3663 2154 3723 pacto
2181 3655 2233 3708 id
2263 3655 2404 3723 quod
2451 3657 2692 3709 nondum
2742 3654 2808 3708 ad
2841 3668 2961 3709 esse
3010 3655 3331 3725 perductum
3366 3665 3473 3719 est,
3524 3651 3573 3707 ei

1992 3748 2138 3816 quod
2161 3747 2275 3815 jam
2303 3756 2411 3814 est,
2445 3748 2817 3802 similitudinis
2849 3748 3061 3803 ratione
3086 3747 3328 3804 conferri
3361 3747 3577 3817 potest!

2668 3860 2900 3916 ALIUD.

2066 3973 2198 4042 Quis
2228 3974 2371 4029 enim
2408 3987 2555 4028 sanat
2585 3973 2785 4028 mentis
2826 3987 2930 4026 non
2973 3971 3206 4025 fateatur
3240 3968 3461 4023 animali
3509 3971 3574 4023 ad

1996 4066 2194 4121 animal
2226 4065 2633 4122 similitudinem
2664 4063 3020 4125 intercedere,
3053 4069 3107 4114 ct
3130 4075 3232 4113 non
3259 4059 3476 4114 animali
3509 4062 3576 4115 ad

313 4146 372 4197 τὸ
401 4145 475 4216 μὴ
504 4143 682 4211 ζῶονς
719 4147 801 4200 Τὰ
829 4147 938 4218 γὰρ
969 4148 1256 4220 ἑτερογενῆ
1291 4148 1385 4201 καὶ
1415 4149 1591 4218 πάντη
1629 4150 1725 4219 τῆς
1757 4149 1885 4219 πρὸς

1999 4174 2104 4212 non
2133 4157 2378 4212 animal?
2423 4155 2556 4208 Nam
2592 4167 2711 4221 quae
2749 4152 2945 4206 diversi
2979 4151 3192 4218 generis
3241 4159 3387 4218 sunt,
3423 4162 3477 4205 et
3508 4154 3574 4205 ad

311 4235 519 4308 ἄλληλα
568 4238 808 4307 σχέσεως
842 4238 1084 4307 φυσικῶς
1115 4239 1544 4309 διακεκομμένα,
1576 4241 1676 4293 οὐκ
1705 4243 1770 4294 ἄν
1811 4260 1885 4305 τις

1995 4249 2226 4306 invicem
2271 4245 2464 4312 relata,
2513 4242 2835 4298 naturaliter
2875 4243 3170 4307 dissident,
3225 4257 3382 4297 nemo
3432 4257 3577 4300 recte

312 4324 368 4382 εὖ
426 4327 650 4398 φρονῶν
701 4329 1042 4395 ἁντεξετάζοι
1092 4331 1230 4402 πρὸς
1283 4331 1488 4401 ἄλληλα
1513 4371 1528 4395 ,
1565 4331 1688 4384 οὐδὲ
1737 4333 1885 4387 τοῦτο

1995 4339 2230 4394 sentiens
2261 4339 2402 4392 inter
2434 4350 2491 4391 se
2515 4343 2812 4405 comparet,
2847 4349 3020 4403 neque
3055 4334 3155 4389 hoc
3185 4333 3285 4398 illi,
3311 4347 3404 4388 aut
3445 4336 3574 4390 illud

311 4421 505 4492 ἐκείνῳ
523 4421 1000 4499 προσεοικὸς,οὕτε
1023 4424 1128 4495 μὴν
1155 4425 1330 4477 ἐκεῖνο
1357 4423 1532 4495 τούτῳ
1558 4426 1780 4497 φήσειεν
1803 4429 1888 4482 ἄν.

1996 4431 2120 4484 huic
2161 4430 2338 4485 simile
2382 4443 2506 4485 esse
2540 4427 2703 4483 dicat.
2736 4425 2937 4491 Veluti,
2968 4427 3198 4496 exempli
3225 4429 3426 4497 gratia,
3461 4440 3570 4483 sta-

311 4509 606 4604 Oiovicpépe
637 4516 849 4568 εἰπεῖν’
871 4514 1188 4587 Ἀνθρωπος
1232 4517 1599 4588 προσκείσθω,
1636 4518 1668 4590 ἢ
1703 4518 1885 4593 ἕτερόν

1998 4533 2181 4578 luatur
2205 4523 2385 4590 homo,
2422 4531 2515 4576 aut
2548 4519 2650 4574 alia
2681 4521 2945 4590 qurepiam
2978 4521 3277 4574 substantia
3322 4536 3439 4589 qua:
3478 4522 3578 4576 Sui)

312 4620 367 4656 τι
401 4603 513 4655 τῶν
545 4604 710 4658 όντων
755 4605 857 4659 ὅσα
898 4606 1086 4659 πίπτει
1126 4606 1262 4676 πρὸς
1293 4607 1385 4659 τὸν
1425 4608 1550 4678 ὅρον
1587 4607 1681 4660 τοῦ
1726 4608 1886 4674 ζώου,

316 4695 525 4748 κείσθω
567 4697 660 4750 καὶ
697 4699 1001 4769 ἐπιστήμη,
1054 4699 1174 4771 ἦτοι
1209 4699 1390 4768 σοφία,
1423 4700 1564 4770 ίήτοι
1616 4699 1889 4772 βούλησις,

313 4786 349 4860 ἢ
387 4786 576 4857 ἕτερόν
613 4805 664 4840 τι
703 4787 809 4842 τῶν
863 4790 966 4843 ὅσα
1015 4790 1142 4843 καθ’
1187 4790 1356 4844 ἑαυτὰ
1397 4790 1496 4844 οὐκ
1558 4791 1892 4847 ἐνυπόστατα

315 4879 442 4950 μὲν,
488 4879 778 4950 ἐνυπάρχει
824 4881 881 4934 δὲ
925 4881 1072 4954 ὅμως
1114 4883 1224 4937 τῶν
1261 4885 1428 4940 όντων
1475 4889 1638 4953 τισὶν,
1682 4885 1894 4958 ἀνθρώ-

313 4988 438 5034 ποις
478 4971 640 5041 τυχὸν
692 4972 724 5042 ἦ
780 4973 1056 5042 ἀγγέλοις.
1104 4970 1231 5048 Ἆρ’
1261 4972 1388 5043 οὖν,
1436 4977 1609 5042 εἴτις
1651 4979 1742 5031 τὸν
1801 4979 1893 5032 ἄν·

311 5061 527 5132 θρωπον
581 5062 614 5132 ἢ
663 5064 850 5136 ἕτερόν
902 5082 956 5119 τι
1014 5064 1152 5130 ζῶον
1191 5069 1256 5138 τῇ
1316 5070 1594 5140 ἐπιστήμῃ
1650 5070 1769 5139 ἦτοι
1824 5071 1890 5139 τῇ

314 5156 474 5226 σοφίᾳ
506 5155 541 5226 ἢ
587 5159 655 5227 τῇ
705 5156 958 5228 βουλήσει
1001 5160 1378 5230 προσεοικέναι
1418 5161 1664 5230 φήσειεν,
1695 5161 1793 5212 οὐκ
1826 5160 1892 5212 ἂν

311 5246 543 5310 εἰκότως
576 5248 787 5319 μωρίας
814 5249 1044 5319 όφλήσοι
1079 5251 1310 5319 γέλωτα,
1340 5251 1410 5304 τὰ
1453 5250 1616 5321 μηδὲν
1646 5250 1893 5321 ἀλλήλοις

313 5340 673 5408 προσεοικότα
708 5341 1030 5412 δοκιμάζειν
1057 5359 1117 5396 τε
1148 5343 1241 5397 καὶ
1269 5342 1647 5409 ἀντεξετάζειν
1688 5344 1894 5414 ἐπιχει-

313 5430 450 5499 ρῶν;
505 5432 714 5485 Οὐκοῦν
752 5434 1118 5497 ὲνυπόστατος
1149 5433 1224 5487 ὢν
1266 5435 1293 5487 ό
1323 5435 1449 5498 Υἱὸς
1491 5433 1586 5487 τοῦ
1633 5433 1790 5499 Θεοῦ,
1825 5437 1890 5506 τῇ

309 5521 662 5595 ἀνυποστὰτῳ
696 5525 956 5597 βουλήσει
1000 5528 1121 5578 κατ’
1148 5525 1299 5577 οὐδὲν
1339 5526 1489 5579 ἔσται
1533 5525 1889 5597 προσεοικώς.

313 5609 380 5665 Ἦ
407 5615 515 5688 γὰρ
544 5618 845 5690 ἀποτόμως
879 5619 1134 5690 ἀνόμοιον
1164 5613 1302 5674 εἶναι
1338 5619 1413 5690 τῷ
1448 5619 1622 5689 ιιατρὶ
1655 5619 1890 5687 λεγέτω-

371 5797 416 5830 ⁸¹
443 5795 600 5854 Joan.
645 5815 762 5868 xw,
795 5799 853 5854 ϐ.

1995 4616 2363 4671 definitionem
2389 4612 2635 4669 animalis
2657 4613 2828 4667 cadit:
2849 4620 3116 4666 statuatur
3139 4613 3301 4666 etiam
3328 4614 3574 4675 scicntia,

1998 4707 2081 4762 vel
2117 4707 2405 4777 sapientia,
2455 4705 2540 4759 vel
2569 4703 2838 4767 voluntas,
2887 4703 2969 4756 vel
3022 4702 3167 4756 aliud
3217 4705 3343 4772 quid
3391 4719 3575 4756 eorum

2000 4813 2118 4866 quze
2142 4814 2248 4852 non
2277 4797 2546 4852 exsistunt
2577 4811 2674 4866 per
2708 4810 2785 4861 se,
2813 4797 2993 4848 insunt
3023 4805 3199 4847 tamen
3229 4795 3369 4856 aliis,
3401 4793 3576 4846 homi-

2003 4888 2162 4942 nibus
2189 4890 2441 4943 nimirum
2470 4888 2552 4941 vcl
2587 4887 2810 4956 angelis.
2835 4886 2890 4940 Si
2928 4885 3050 4954 quis
3082 4885 3243 4952 igitur
3273 4883 3578 4944 hominem,

2005 4991 2095 5034 aut
2117 4979 2258 5034 aliud
2284 4981 2500 5048 aliquod
2525 4979 2727 5033 animal
2753 4977 3014 5039 scientiae,
3037 4983 3130 5028 aut
3155 4973 3458 5040 sapientim,
3486 4983 3579 5028 aut

2004 5071 2264 5125 voluntati
2305 5070 2482 5122 simile
2503 5083 2624 5122 esse
2653 5068 2874 5127 dixerit,
2903 5078 3081 5118 nonne
3107 5063 3303 5120 merito
3332 5063 3578 5119 stultitia:

2002 5163 2218 5216 nomine
2249 5159 2527 5214 rideatur?
2560 5156 2757 5226 quippe
2790 5157 2882 5224 qui
2909 5171 2968 5209 ea
2999 5155 3192 5223 quibus
3225 5156 3365 5211 nulla
3411 5158 3579 5211 inter—

1997 5254 2140 5308 cedit
2173 5249 2569 5316 convenientia,
2619 5263 2933 5319 comparare
2967 5258 3128 5317 atque
3157 5249 3408 5303 conferre
3439 5249 3579 5302 inter

1998 5362 2056 5402 se
2110 5345 2261 5400 velit.
2317 5343 2483 5398 Filius
2546 5341 2726 5413 itaque
2769 5342 2858 5396 Dei
2914 5341 3246 5412 Ity-postatice
3289 5342 3577 5403 exsistens,

1999 5435 2257 5490 voluntati
2302 5432 2637 5502 hyposlalice
2679 5447 2783 5486 non
2826 5432 3105 5485 exsislenti
3142 5430 3285 5483 nulla
3328 5443 3390 5480 ex
3428 5437 3579 5493 parte

2001 5527 2196 5583 similis
2236 5534 2340 5579 est.
2382 5524 2487 5577 Aut
2532 5525 2674 5577 enim
2727 5523 2886 5591 plane
2918 5521 3232 5579 dissimilem
3277 5517 3416 5570 Patri
3461 5530 3578 5568 esse

2003 5617 2203 5681 dicant,
2249 5625 2303 5669 et
2359 5623 2545 5684 aperte
2591 5613 3028 5683 blasphemantes
3067 5609 3371 5665 detestandi
3420 5606 3576 5658 sint;
