4056 6264
519 388 618 444 103

1514 385 1574 439 S.
1619 382 1902 439 CYRlLIJ
1941 377 2420 440 ALEXANDPJNI
2458 379 2787 436 ARCllllil’.

3698 383 3810 442 1οί

519 515 616 561 aut
663 500 708 559 si
757 500 1076 556 necessario
1127 501 1535 556 similitudinem
1582 517 1702 557 cum
1759 503 1918 558 Patre
1969 503 2091 557 Filit

2212 493 2330 569 σαν,
2385 501 2477 554 καὶ
2534 499 2783 572 φανερῶς
2841 496 3253 568 δυσφημοῦντες
3301 496 3702 568 μισείσθωσαν·
3779 505 3815 574 ἦ

521 599 766 653 tribuere
818 592 1038 658 debent,
1079 593 1444 647 necessarium
1490 595 1650 648 etiam
1684 595 1904 650 omnino
1939 594 2102 649 fuerit

521 706 627 746 non
647 704 770 746 esse
792 689 1058 744 voluntati
1083 687 1338 754 similem,
1363 690 1472 761 62
1499 690 1594 746 sed
1616 687 1880 744 Genitori.
1905 688 2101 744 Osten-

518 796 638 835 sum
670 780 813 836 euim
849 791 934 837 cst
965 779 1108 851 quod
1139 781 1204 834 iis
1237 795 1356 850 quae
1389 781 1444 834 in
1479 780 1718 836 essentia
1749 789 1802 834 et
1827 779 2100 851 ltypostasi

517 874 811 937 exsistunt,
834 873 901 928 ad
927 887 990 926 ea
1015 887 1134 943 quae
1161 871 1470 927 essentialia
1501 881 1556 926 et
1592 871 1929 944 hypostatica
1955 881 2100 939 sunt,

518 963 816 1020 similitudo
866 965 980 1019 haec
1024 974 1309 1030 servatur;
1354 979 1462 1018 non
1499 963 1566 1018 ad
1603 978 1664 1018 ea
1706 979 1828 1034 qua:
1875 964 2101 1020 alterius

517 1063 648 1108 sunt
677 1054 915 1124 generis,
943 1062 998 1108 ct
1027 1053 1082 1108 in
1119 1053 1241 1108 aliis
1276 1069 1434 1108 suum
1468 1067 1590 1110 esse
1623 1053 1827 1109 habent
1859 1070 1873 1108 :
1911 1067 2101 1124 quem-

514 1143 804 1198 admodum
855 1142 1122 1213 sapientia
1171 1143 1225 1196 in
1273 1143 1538 1213 sapiente,
1585 1154 1641 1198 et
1685 1143 1938 1200 voluntas
1986 1145 2102 1201 sive

509 1233 796 1289 consilium
829 1235 883 1289 in
915 1234 1133 1290 volente
1165 1233 1249 1290 vel
1275 1233 1644 1290 consultante.

722 1343 958 1411 ALIUD,
983 1361 1074 1413 per
1096 1345 1448 1400 reductionem
1478 1346 1550 1399 ad
1577 1345 1882 1402 absurdum.

580 1458 638 1512 Si
696 1457 961 1511 voluntati
995 1455 1178 1512 Patris
1223 1457 1418 1512 similis
1464 1457 1753 1524 exsistens,
1793 1473 1859 1512 ex
1914 1469 2092 1515 vestra

509 1550 801 1612 sententia,
837 1549 1007 1604 Filius
1028 1549 1305 1605 dissimilis
1333 1559 1416 1604 est
1442 1551 1688 1620 genitori,
1720 1553 2087 1608 necessarium

2208 592 2368 663 εἴπερ
2399 592 2613 661 ἀνάγκη
2640 592 2739 662 τήν
2763 591 3054 662 ὁμοιότητα
3080 589 3262 643 δοῦναι
3295 590 3373 660 τῷ
3402 590 3512 660 Υίῷ
3538 592 3678 661 πρὸς
3711 591 3812 646 τὸν

2209 685 2450 755 Πατέρα,
2485 684 2698 754 ἀνάγκη
2744 682 2810 754 δὴ
2845 684 2993 736 πᾶσα
3027 681 3102 746 ὡς
3132 685 3233 736 οὐκ
3274 683 3428 736 ἔσται
3459 685 3556 752 τῆς
3596 683 3810 754 βουλή-

2212 793 2346 838 σεως
2392 775 2596 845 ὅμοιος,
2646 773 2784 828 ἀλλά
2840 773 3044 843 μᾶλλον
3091 773 3187 827 τοῦ
3226 775 3642 845 γεγεννηκότος.
3698 776 3808 827 Δέ-

2209 866 2415 920 δεικται
2441 867 2548 937 γὰρ
2586 866 2668 919 ὅτι
2702 866 2815 928 τοῖς
2843 866 2901 918 tv
2925 865 3083 936 οὐσίᾳ.
3111 865 3206 918 καὶ
3236 865 3531 920 ὑποστάσει
3559 867 3701 937 πρὸς
3735 866 3809 919 τά

2209 957 2425 1013 ἐνούσιά
2449 974 2508 1010 τε
2535 957 2630 1010 καὶ
2662 955 3006 1010 ὲνυπόστατα
3039 957 3073 1026 ὴ
3108 956 3363 1028 ὁμοιότης
3389 958 3424 1026 ή
3465 957 3608 1011 κατά
3635 955 3810 1010 τοῦτο

2212 1047 2460 1116 σώζεται,
2484 1047 2545 1101 οὐ
2574 1046 2708 1118 πρὸς
2728 1045 2798 1100 τὰ
2818 1046 3126 1123 ἑτερογενῆ,
3159 1046 3254 1102 καὶ
3281 1048 3339 1101 ὲν
3361 1046 3571 1118 ἑτέροις
3599 1047 3806 1118 ἔχοντα

2205 1140 2267 1194 τὸ
2295 1137 2454 1207 εἶναι,
2487 1139 2676 1209 ὥσπερ
2719 1141 2752 1210 ή
2803 1139 2966 1208 σοφία
3005 1139 3169 1211 τυχὸν
3197 1141 3255 1195 tv
3279 1139 3358 1214 τῷ
3405 1139 3575 1213 σοφῷ,
3620 1141 3723 1194 καὶ
3765 1141 3802 1210 ή

2209 1232 2462 1305 βούλησις
2491 1235 2550 1287 tv
2575 1233 2654 1304 τῷ
2684 1234 3077 1316 βουλευομένῳ,

2381 1347 2584 1413 ΑΛΛΟ,
2616 1346 2714 1400 διὰ
2750 1346 2862 1416 τῆς
2892 1349 2979 1414 είς
3006 1346 3236 1403 ἄτοπον
3263 1347 3603 1418 ἀπαγωγῆς.

2275 1459 2338 1512 El
2358 1458 2457 1530 τῆς
2479 1457 2784 1530 βουλήσεως
2801 1457 2896 1513 τοῦ
2924 1459 3136 1530 Πατρδς
3155 1459 3340 1530 ὅμοιος
3363 1459 3460 1526 ὢν,
3478 1459 3598 1512 καθ’
3620 1459 3648 1511 ὐ
3656 1460 3789 1529 μᾶς,

2201 1551 2229 1603 6
2258 1549 2386 1614 Υἱὸς
2421 1549 2674 1618 ἀνόμοιός
2701 1551 2818 1604 ἐστι
2855 1549 2934 1622 τῷ
2978 1551 3350 1622 γεγεννηκότι,
3389 1551 3602 1619 ἀνάγκη
3636 1553 3792 1604 πᾶσα

509 1643 733 1698 omnino
769 1641 955 1707 fuerit,
989 1657 1162 1712 neque
1197 1641 1526 1697 voluntatem
1562 1642 1793 1698 similem
1832 1659 1956 1700 esse
1992 1646 2091 1699 Deo

2200 1642 2301 1710 τὴν
2330 1641 2584 1714 βούλησιν
2619 1643 2772 1697 οὐδὲν
2813 1643 3190 1714 προσεοικέναι
3230 1643 3308 1714 τῷ
3339 1643 3457 1714 Θεῴ
3488 1645 3580 1698 καὶ
3608 1645 3786 1710 Πατρὶ

511 1750 576 1788 ac
607 1733 786 1798 Patri;
818 1734 971 1803 cujus
1001 1735 1310 1799 character,
1342 1748 1464 1789 cum
1489 1734 1562 1789 sit
1593 1734 1783 1800 Filius,
1817 1736 2091 1792 dissimilis

2200 1733 2400 1802 λέγειν,
2429 1728 2498 1805 ἦς
2523 1733 2812 1806 χαρακτὴρ
2845 1735 3105 1804 ὑπάρχων
3131 1735 3160 1787 6
3181 1736 3327 1800 Υἱὸς,
3361 1736 3607 1805 ἀνόμοιός
3641 1735 3786 1796 ἐστι,

509 1836 614 1892 est,
653 1827 953 1881 secundum
987 1841 1106 1888 vos.
1139 1825 1309 1882 Patri.
1344 1827 1462 1882 Erit
1501 1827 1686 1897 itaque
1710 1828 1874 1882 etiam
1911 1828 2091 1883 volun-

2199 1823 2321 1878 καθ’
2361 1825 2526 1896 ὑμᾶς,
2577 1825 2656 1896 τῷ
2699 1825 2895 1896 Πατρί.
2933 1827 3128 1880 Ἔσται
3159 1823 3252 1880 οὖν
3287 1827 3383 1880 καὶ
3414 1829 3480 1898 τῇ
3530 1826 3786 1897 βουλήσει

512 1928 625 1973 tate
655 1933 750 1973 sua
801 1918 1081 1974 dissimilis
1125 1917 1306 1973 Pater.
1364 1919 1487 1974 limo
1532 1919 1676 1974 enim
1727 1920 1976 1989 impietas
2023 1936 2091 1976 ex

2195 1919 2263 1987 τῇ
2295 1916 2490 1970 ἑαυτοῦ
2521 1917 2774 1987 ἀνόμοιος
2804 1919 2832 1971 6
2863 1919 3075 1990 Πατήρ,
3126 1918 3297 1973 Τοῦτο
3323 1919 3433 1990 γὰρ
3462 1921 3526 1972 ὲκ
3560 1917 3652 1972 τοῦ
3690 1917 3783 1970 λό-

510 2011 656 2064 dicto
681 2019 863 2064 vestro
903 2011 1169 2079 sequitur.
1205 2012 1275 2066 At
1311 2012 1357 2065 si
1385 2011 1719 2066 voluntatem
1753 2012 1954 2082 aliquid
1994 2012 2093 2083 by-

509 2102 779 2170 postatice
810 2103 1082 2156 exsistens
1116 2116 1238 2157 esse
1274 2102 1488 2168 dicetis,
1519 2103 1623 2157 erit
1667 2103 1854 2174 utique
1903 2105 1956 2158 in
2007 2118 2095 2159 es-

508 2194 684 2249 sentia
727 2192 818 2248 Dei
851 2193 1056 2264 aliquid
1097 2196 1196 2264 ipsi
1249 2194 1531 2250 dissimile.
1580 2193 1716 2249 Nam
1770 2196 1932 2251 etiam
1991 2197 2094 2252 hoc

448 2353 455 2360 _
510 2284 648 2339 ratio
675 2299 770 2340 vos
800 2286 1048 2340 confiteri
1074 2294 1252 2355 coget.
1279 2287 1548 2342 Caeterum
1582 2288 1669 2342 hic
1689 2289 1980 2357 quaerenda
2003 2299 2093 2346 est

508 2377 648 2432 ratio
691 2378 1152 2434 disslmilitudinis
1195 2393 1316 2448 qua:
1348 2378 1612 2433 voluntati
1651 2380 1940 2436 intercedit
1970 2396 2091 2437 cum

507 2467 687 2525 Patre.
729 2468 786 2524 Si
825 2470 966 2524 enim
1012 2483 1075 2524 ea
1120 2470 1330 2526 ratione
1372 2469 1651 2526 dissimilis
1693 2479 1778 2526 est
1821 2472 1964 2541 quod
2027 2487 2093 2529 ex

507 2561 684 2630 aliqua
730 2570 884 2629 parte
933 2561 1003 2615 sit
1049 2561 1225 2615 minor
1285 2575 1350 2615 eo
1419 2561 1472 2614 id
1523 2561 1668 2629 quod
1719 2563 1984 2630 processit
2024 2577 2091 2617 ex

513 2652 812 2706 substantia
846 2651 1045 2714 Patris,
1078 2652 1182 2704 erit
1225 2649 1380 2720 pejus
1423 2665 1482 2705 se
1529 2666 1595 2706 ac
1637 2651 1820 2708 minus
1867 2669 1880 2706 :
1916 2668 2091 2723 neque

506 2745 652 2799 enim
683 2743 1027 2798 extrinsecus
1064 2743 1234 2797 ascita
1270 2755 1353 2797 est
1404 2742 1674 2809 voluntas,
1712 2742 1808 2800 sed
1856 2759 1920 2801 ex
1973 2744 2091 2814 ipso

506 2844 561 2889 et
583 2835 638 2888 in
665 2834 802 2902 ipso.
830 2833 1022 2904 Pejora
1050 2844 1229 2889 autem
1253 2849 1316 2889 ex
1342 2850 1400 2890 se
1429 2834 1670 2903 gignere,
1696 2851 1763 2891 ne
1784 2837 1849 2892 iis
1871 2837 2091 2899 quidem

505 2928 597 2994 qui
618 2940 856 2982 creatam
875 2931 1077 2984 habent
1097 2941 1371 2992 naturam,
1404 2928 1656 2983 accidere
1681 2939 1875 2998 potest.
1906 2928 2094 2999 Neque

505 3017 651 3071 enim
690 3017 851 3073 homo
885 3018 1030 3074 aliud
1061 3021 1190 3088 quid
1223 3020 1499 3074 diversum
1537 3036 1565 3074 a
1590 3033 1649 3074 se
1677 3023 1960 3090 generabit
1991 3039 2005 3078 :
2035 3030 2094 3075 ut

507 3124 607 3165 nec
635 3111 780 3165 aliud
807 3111 1036 3179 quodvis
1060 3111 1374 3167 animalium
1416 3111 1623 3168 ratione
1657 3114 1980 3168 carentium.
2033 3113 2091 3169 Si

505 3215 660 3268 vero,
693 3202 837 3270 quod
869 3201 1022 3256 nefas
1055 3202 1198 3255 dictu
1227 3211 1332 3269 est,
1361 3203 1538 3258 Patris
1567 3206 1813 3259 voluntas
1839 3218 1905 3260 eo
1937 3206 2091 3260 adni-
2119 3188 2161 3243 (δ

506 3302 628 3348 tens
654 3303 714 3346 ut
762 3292 934 3361 majus
977 3292 1180 3360 aliquid
1238 3295 1456 3360 habeat,
1502 3294 1822 3350 dissimilem
1879 3310 1939 3352 se
1988 3297 2090 3352 sibi

505 3383 657 3447 facit,
688 3392 874 3452 utpote
903 3381 1014 3450 jam
1054 3385 1234 3439 minor
1274 3399 1338 3440 ac
1388 3385 1540 3456 pejor
1574 3401 1634 3440 se
1682 3388 1945 3454 redditus,
1985 3405 2095 3460 quo

504 3481 668 3544 pacto
704 3488 809 3527 non
864 3473 1088 3542 impium
1139 3475 1303 3530 fuerit
1335 3477 1480 3531 dictu
1512 3477 1716 3547 aliquid
1759 3492 1880 3536 esse
1921 3481 2094 3550 majus

503 3573 559 3618 et
591 3563 782 3618 melius
814 3563 1015 3619 Patre?
1059 3563 1116 3620 Si
1162 3581 1293 3621 vero
1345 3583 1520 3638 neque
1566 3570 1688 3636 hoc,
1740 3586 1915 3640 neque
1962 3573 2091 3627 illud

503 3656 832 3720 concedetis,
873 3665 927 3711 et
959 3655 1291 3712 voluntatem
1324 3674 1430 3714 non
1478 3674 1572 3730 per
1604 3677 1662 3716 se
1709 3662 2092 3719 subsistentem

503 3759 626 3800 esse
655 3745 848 3800 dicetis
878 3755 1042 3814 atque
1070 3746 1144 3800 ita
1185 3755 1245 3801 ut
1291 3748 1343 3803 in
1390 3751 1546 3806 nobis
1588 3751 1938 3819 intellectam,
1986 3770 2092 3825 quo

505 3846 661 3903 pacto
691 3839 852 3890 etiam
889 3837 1016 3892 hinc
1049 3841 1302 3896 statuetis
1337 3840 1654 3898 dissimilem
1685 3859 1807 3899 esse
1837 3846 2088 3902 volunta-

505 3937 610 3982 tem
637 3927 782 3983 Patri
806 3929 828 3982 ?
852 3926 986 3983 Nam
1027 3930 1071 3984 si
1106 3931 1177 3984 ita
1209 3939 1314 3995 cst,
1353 3931 1626 3987 videbitur
1659 3933 1819 3989 Pater
1859 3935 2092 3994 voluisse

502 4034 620 4090 quae
653 4020 752 4075 sibi
783 4021 1007 4077 minime
1032 4023 1366 4079 conveniunt
1396 4041 1410 4079 :
1444 4026 1594 4096 quod
1622 4025 1704 4083 vel
1735 4027 1848 4083 sola
1883 4029 2088 4100 cogita-

503 4117 648 4169 tione
675 4114 967 4170 absurdum
999 4125 1102 4171 est.

1183 4208 1413 4266 ALIUD.

577 4320 735 4375 Ratio
766 4320 878 4390 ipsa
905 4334 1002 4374 vos
1022 4331 1180 4390 coget
1213 4331 1272 4376 ut
1299 4326 1460 4379 etiam
1495 4327 1648 4381 inviti
1675 4326 1810 4384 Filio
1843 4328 2087 4384 similitu-

501 4411 682 4467 dinem
710 4426 832 4465 cum
871 4410 1033 4465 Patre
1075 4413 1346 4468 tribuatis.
1373 4416 1807 4472 Demonstratum
1833 4419 1976 4472 enim
2003 4428 2088 4473 est

2198 2025 2297 2078 γου
2331 2009 2624 2078 συνάγεται
2665 2009 2725 2063 τὸ
2770 2010 3045 2081 ἀσέϐημα.
3085 2010 3193 2063 Καὶ
3224 2012 3270 2064 εί
3315 2009 3681 2064 ὲνυπόστατὸν
3730 2025 3786 2062 τι

2197 2098 2296 2172 τὴν
2325 2099 2580 2172 βούλησιν
2605 2097 2743 2156 εἷναί
2775 2119 2934 2172 φατε,
2959 2102 3072 2156 ἐστι
3101 2119 3153 2155 τι
3186 2102 3400 2164 πάντως
3434 2102 3490 2153 tv
3520 2104 3586 2172 τῇ
3623 2100 3787 2169 οὐσία

2196 2195 2292 2250 τοῦ
2316 2193 2453 2249 Θεοῦ
2483 2194 2544 2248 τὸ
2578 2193 2832 2265 ἀνόμοιον
2859 2194 3045 2249 αὐτοῦ.
3084 2193 3195 2247 Καὶ
3223 2191 3378 2246 τοῦτο
3407 2193 3514 2260 γὰρ
3549 2193 3578 2244 6
3621 2189 3787 2258 λόγος

2199 2287 2626 2359 προσομολογεῖν
2667 2286 2812 2358 ὑμᾶς
2845 2287 3165 2355 ἀναγκάσει.
3214 2285 3350 2339 Ἀλλ’
3385 2284 3574 2338 ἐνθάδε
3613 2282 3785 2354 ζητή-

2198 2379 2320 2434 τέον
2367 2378 2468 2448 τῆς
2499 2379 2884 2448 ἀνομοιότητος
2933 2378 3025 2432 τὸν
3065 2377 3286 2450 τρόπον,
3336 2377 3402 2448 ήν
3440 2378 3476 2448 ἡ
3529 2375 3782 2446 βούλησις

2201 2468 2314 2540 ἔχει
2348 2469 2486 2539 πρὸς
2505 2468 2596 2523 τὸν
2626 2468 2863 2539 Πατέρα.
2899 2466 2961 2521 Εἰ
2985 2469 3083 2538 μὲν
3109 2469 3217 2539 γὰρ
3243 2467 3318 2531 ὡς
3352 2467 3588 2521 ἐλάττων
3616 2466 3776 2519 αὐτοῦ

2200 2561 2344 2614 κατά
2379 2577 2434 2613 τι
2461 2559 2824 2630 τυγχάνουσα,
2863 2559 2960 2630 τήν
2987 2561 3279 2630 ὁμοιότητα
3309 2560 3409 2631 τήν
3454 2559 3587 2629 πρὸς
3617 2558 3773 2611 αὐτὸν

2195 2651 2297 2704 οὐκ
2329 2649 2466 2720 ἔχει.
2491 2649 2554 2702 τὸ
2581 2649 2948 2719 προεληλυθὸς
2978 2651 3044 2703 ὲκ
3070 2651 3167 2720 τῆς
3198 2651 3387 2713 οὐσίας
3417 2647 3508 2702 τοῦ
3542 2647 3764 2719 Πατρὸς,

2193 2743 2376 2813 χεῖρον
2430 2740 2593 2795 αὐτοῦ
2648 2741 2742 2794 καὶ
2798 2740 3050 2795 ἔλαττον
3100 2742 3163 2794 οὐ
3219 2741 3330 2812 γὰρ
3383 2740 3597 2806 ἔξωθεν,
3653 2739 3769 2792 οὐδὲ

2197 2833 2520 2886 ἐπείσακτον
2565 2833 2597 2903 ή
2649 2830 2924 2902 βούλησις,
2953 2831 3067 2885 ἀλλ’
3104 2832 3164 2897 ἐξ
3192 2831 3358 2886 αὐτοῦ
3389 2832 3483 2887 καὶ
3519 2832 3575 2885 tv
3607 2829 3768 2898 αὐτῷ.

2198 2926 2272 2979 Τὸ
2304 2926 2360 2979 δὲ
2388 2927 2608 2998 χείρονα
2635 2927 2864 2988 τίκτειν,
2905 2925 3026 2978 οὐδὲ
3057 2928 3169 2990 τοῖς
3198 2925 3432 2996 γενητὴν
3467 2925 3652 2995 ἔχουσι
3679 2925 3774 2994 τὴν

2201 3019 2360 3088 φύσιν
2390 3015 2497 3073 οἶδε
2527 3019 2865 3090 συμϐαίνειν.
2895 3018 3027 3073 Οὐδὲ
3055 3018 3162 3088 γὰρ
3194 3017 3479 3087 ἄνθρωπος
3505 3017 3694 3081 ἕτερόν
3723 3034 3773 3070 τι

2200 3114 2450 3184 γεννήσει
2481 3113 2610 3184 παρ’
2635 3113 2772 3183 ὅπερ
2792 3111 2939 3165 ἐστὶν
2970 3111 3132 3174 αὐτός
3153 3125 3166 3139 °
3200 3110 3316 3164 ἀλλ’
3348 3110 3470 3164 οὐδὲ
3499 3111 3684 3181 ἔτερόν
3722 3127 3772 3162 τι

2197 3205 2305 3258 τῶν
2334 3205 2543 3274 ἀλόγων
2577 3203 2752 3268 ζώων.
2809 3205 2872 3257 Et
2918 3204 2996 3267 δὲ,
3043 3204 3180 3274 ὅπερ
3213 3203 3275 3256 οὐ
3320 3202 3540 3273 θεμιτὸν
3576 3202 3772 3272 λέγειν,

2197 3298 2293 3351 ἐπὶ
2321 3296 2382 3350 τὸ
2419 3298 2601 3368 μεῖζον
2629 3297 2776 3368 ἔχειν
2810 3315 2864 3350 τι
2892 3296 3177 3368 δραμοῦσα
3210 3295 3304 3349 τοῦ
3340 3296 3551 3367 Πατρδς
3590 3297 3624 3366 ἡ
3657 3295 3775 3366 βού-

2197 3391 2352 3461 λησις
2372 3389 2536 3444 αὐτοῦ
2561 3389 2659 3460 τὴν
2694 3390 2831 3461 πρὸς
2872 3389 3032 3444 αὐτὸν
3065 3388 3425 3461 ἀνομοιότητα
3453 3387 3591 3441 κατά
3622 3386 3776 3441 τοῦτο

2197 3485 2372 3554 φορεῖ,
2417 3483 2492 3546 ὡς
2525 3482 2661 3554 πρὸς
2710 3481 2968 3536 ἐλάττονα
3018 3482 3050 3552 ἢ
3099 3480 3240 3536 κατά
3280 3498 3334 3534 τι
3374 3483 3612 3552 χείρονα,
3660 3481 3776 3544 πῶς

2195 3575 2295 3626 οὐκ
2323 3573 2519 3636 ἀσεϐὲς
2551 3571 2734 3642 μεῖζόν
2772 3589 2824 3624 τι
2855 3571 2950 3624 καὶ
2981 3574 3225 3644 κρεῖττον
3268 3570 3362 3624 τοῦ
3397 3571 3608 3641 Πατρὸς
3637 3567 3776 3624 εῖναι

2195 3663 2410 3732 λέγειν;
2443 3664 2504 3716 El
2549 3662 2607 3716 δὲ
2643 3663 2779 3734 μήτε
2816 3661 2972 3716 τοῦτο
3006 3662 3226 3730 δώσετε,
3277 3665 3412 3735 μήτε
3449 3665 3644 3729 ἐκεῖνο,
3693 3664 3778 3716 ἀν-

2195 3755 2492 3810 υπόστατόν
2539 3772 2600 3809 τε
2652 3755 2750 3826 τὴν
2784 3755 3038 3826 βούλησιν
3076 3751 3214 3808 εἶναι
3265 3755 3632 3826 ὁμολογήσετε
3681 3759 3778 3809 καὶ

2194 3847 2337 3901 οῦτω
2389 3847 2684 3918 νοουμένην
2736 3845 2924 3917 ὥσπερ
2973 3845 3058 3914 ἐφ’
3097 3845 3276 3916 ήμῶν,
3325 3846 3442 3910 πῶς
3497 3847 3774 3900 κάνταῦθα

2194 3941 2390 4014 θήσετε
2416 3941 2665 4010 ἀνόμοιον
2685 3935 2823 3994 εἶναι
2847 3939 2945 4009 τὴν
2973 3937 3226 4009 βούλησιν
3246 3938 3324 4010 τῷ
3345 3939 3555 4011 Πατρί;
3580 3941 3775 3994 Ἔσται

2192 4035 2322 4105 γὰρ,
2357 4033 2424 4088 ἂν
2466 4031 2636 4094 οὕτως
2675 4031 2794 4103 ἔχῃ,
2835 4030 2904 4084 τὰ
2941 4029 3116 4102 ἑαυτῷ
3152 4031 3227 4102 μὴ
3268 4031 3545 4102 πρέποντα
3581 4032 3771 4105 βουλη-

2193 4126 2306 4186 θείς
2329 4143 2340 4155 ·
2377 4127 2512 4195 ὅπερ
2540 4124 2656 4177 ἐστὶ
2687 4122 2780 4176 καὶ
2810 4121 2969 4191 μόνον
2999 4123 3200 4175 ἐννοεῖν
3240 4121 3610 4180 ἀτοπώτατον.

2887 4211 3095 4266 ΛΔΛΟ.

2273 4327 2330 4378 Ὀ
2361 4326 2515 4393 λόγος
2555 4323 2856 4392 ἀναγκάσει
2903 4323 2997 4375 καὶ
3027 4321 3259 4387 ἄκοντας
3289 4323 3435 4394 ὑμᾶς
3477 4322 3657 4377 δοῦναι
3690 4322 3772 4393 τῷ

2191 4418 2302 4488 Υἱῷ
2331 4418 2428 4489 τὴν
2465 4416 2759 4487 ὁμοιότητα
2803 4414 2901 4485 τὴν
2937 4414 3074 4485 πρὸς
3113 4413 3206 4467 τὸν
3237 4416 3476 4486 Πατέρα.
3524 4414 3766 4486 Ἐδείχθη

501 4501 951 4558 absurdissimum
985 4515 1126 4568 esse,
1177 4504 1220 4558 si
1253 4505 1374 4573 quis
1419 4507 1606 4562 credat
1647 4507 1814 4562 Deum
1849 4509 2084 4567 voluisse

2195 4509 2295 4578 γὰρ
2324 4506 2444 4559 λίαν
2473 4506 2819 4558 ἀτοπώτατον
2847 4503 2906 4557 ὃν
2937 4505 2997 4556 τὸ
3031 4502 3324 4569 πιστεύειν,
3373 4503 3441 4558 τὰ
3489 4503 3567 4575 μὴ
3617 4505 3768 4574 αὐτῴ

501 4610 566 4649 ea
593 4608 713 4662 qua:
745 4593 848 4648 sibi
889 4608 1229 4664 nequaquam
1274 4598 1624 4663 conveniunt,
1668 4600 1739 4653 ita
1777 4609 1836 4654 ut
1864 4614 2083 4657 necesse

499 4688 723 4744 omnino
755 4687 829 4742 sit
871 4685 1204 4742 voluntatem
1242 4704 1392 4742 suam
1435 4689 1666 4744 similem
1703 4691 1804 4746 sibi
1848 4706 1991 4749 esse.
2022 4691 2080 4747 Si

497 4797 628 4851 ergo
660 4779 905 4835 voluntas
938 4779 1133 4834 similis
1162 4788 1246 4835 est
1281 4781 1447 4846 Patri,
1483 4781 1650 4837 Filius
1681 4793 1860 4839 autem
1893 4783 2082 4839 volun-

501 4875 595 4930 tati
631 4893 644 4930 :
677 4873 1111 4930 eritnecessario
1137 4873 1331 4928 tertius
1355 4873 1549 4928 similis
1577 4875 1771 4944 primo.
1805 4875 1938 4929 Nam
1958 4892 2078 4946 quae

500 4967 551 5022 in
571 4968 746 5022 medio
764 4968 936 5039 posita
952 4976 1032 5022 est
1049 4964 1318 5028 voluntas,
1333 4964 1441 5037 63
1456 4965 1754 5021 naturalem
1766 4965 2078 5021 similitudio

498 5073 622 5114 nem
649 5059 764 5128 ejus
794 5062 884 5130 qui
906 5073 1025 5115 eam
1053 5058 1221 5129 gignit
1246 5059 1580 5126 exprimens,
1606 5057 1751 5113 dedit
1775 5072 1893 5113 eam
1923 5057 2074 5122 Filio,

495 5147 647 5216 juxta
676 5161 908 5205 vestram
933 5150 1262 5205 sententiam
1289 5163 1304 5203 :
1335 5151 1434 5204 hac
1460 5149 1623 5220 igitur
1645 5150 1854 5204 ratione
1881 5149 2074 5204 similis

500 5239 645 5294 Patri
670 5238 858 5303 Filius,
883 5242 1046 5294 etiam
1077 5241 1388 5296 uolentibus
1413 5241 1586 5305 vobis,
1620 5241 2074 5310 deprehendetur.

498 5335 631 5388 (lum
665 5345 794 5386 vero
835 5331 1136 5388 iutertnedii
1173 5332 1306 5388 nihil
1340 5334 1412 5386 sit
1456 5331 1597 5386 inter
1635 5331 1847 5386 Patrem
1887 5342 1942 5387 et
1984 5331 2075 5385 Fi-

501 5424 648 5490 lium,
693 5423 931 5478 cessabit
970 5425 1188 5480 omnino
1222 5434 1277 5480 et
1312 5437 1708 5493 supervacanea
1747 5423 1854 5477 erit
1898 5429 2075 5477 vestra

496 5517 562 5570 de
591 5515 877 5572 solunlate
918 5515 1057 5568 ratio
1095 5533 1109 5568 ι
1163 5517 1414 5583 nulloque
1460 5514 1851 5567 interveniente
1907 5511 2075 5568 Filius

498 5609 600 5666 erit
633 5609 947 5664 immediate
975 5609 1268 5662 secundum
1301 5615 1550 5660 naturam
1582 5605 1775 5661 similis
1807 5605 1976 5660 Patri.

1159 5717 1385 5772 ALIUD.

566 5813 817 5875 Christus
847 5815 897 5872 in
929 5812 1208 5875 Scriptura
1243 5817 1463 5866 vocatur
1511 5809 1748 5880 potentia
1775 5820 1828 5868 et
1861 5809 2073 5878 sapien-

2190 4597 2468 4669 πρέποντα
2499 4593 2856 4665 βεϐουλῆσθαι
2883 4592 3038 4656 Θεὸν,
3067 4593 3143 4656 ὼς
3181 4595 3427 4665 ἀνάγκην
3466 4591 3606 4648 εἶναι
3658 4596 3766 4648 πᾶ-

2191 4709 2288 4745 σαν
2333 4691 2572 4744 ἐοικυῖαν
2610 4688 2759 4759 αὐτῷ
2805 4688 2903 4760 τὴν
2953 4688 3209 4760 βούλησιν
3258 4689 3425 4745 αὐτοῦ
3470 4691 3667 4759 λέγειν.
3705 4693 3766 4746 Εἰ

2186 4783 2364 4836 τοίνυν
2393 4782 2426 4850 ὴ
2472 4780 2569 4850 μὲν
2613 4779 2865 4850 βούλησις
2894 4777 3036 4832 ἔοικε
3065 4780 3142 4850 τῷ
3178 4780 3374 4852 Ila-cpi,
3403 4782 3432 4832 ὁ
3463 4781 3519 4833 δὲ
3546 4781 3674 4845 Υἱὸς
3699 4785 3763 4852 τῇ

2188 4872 2460 4942 βουλήσει,
2491 4871 2642 4924 ἔσται
2670 4872 2882 4934 πάντως
2912 4873 2940 4925 6
2967 4871 3151 4942 τρίτος
3182 4872 3257 4942 τῷ
3289 4871 3490 4944 πρώτῳ
3521 4891 3766 4944 προσεοι-

2186 4961 2314 5025 κώς.
2365 4961 2429 5013 Ἡ
2463 4960 2570 5031 γὰρ
2598 4961 2656 5014 ὲν
2684 4959 2762 5031 τῷ
2803 4961 2954 5031 μέσῳ
2983 4961 3210 5033 κειμένη
3243 4962 3517 5033 βούλησις,
3550 4965 3648 5033 τὴν
3672 4962 3765 5015 τοῦ

2183 5053 2437 5116 τεκόντος
2492 5052 2654 5105 αὐτὸν
2708 5053 2946 5124 φυσικήν
2995 5055 3296 5125 ἐμφέρειαν
3341 5054 3763 5125 ἀναμαξαμένή,

2183 5145 2413 5199 δέδωκεν
2457 5143 2630 5215 αὐτὴν
2684 5144 2762 5215 τῷ
2803 5145 2936 5216 Υίῷ,
2988 5145 3108 5199 καθ’
3145 5148 3316 5217 ὑμᾶς·
3363 5144 3506 5198 οὕτω
3543 5145 3642 5214 μὲν
3673 5141 3766 5199 οὖν

2182 5237 2258 5308 τῷ
2290 5237 2466 5308 Πατρὶ
2513 5235 2870 5306 προσεοικὼς,
2908 5239 3002 5290 καὶ
3034 5236 3108 5308 μὴ
3153 5237 3494 5308 βουλομένων
3528 5237 3706 5306 ὑμῶν,
3738 5239 3768 5288 6

2185 5327 2312 5391 Υἱὸς
2342 5327 2717 5398 εὑρεθήσεται.
2760 5325 2977 5396 Ἐπειδὴ
3025 5325 3081 5379 δὲ
3125 5326 3277 5380 οὐδέν
3307 5329 3422 5378 ἐστι
3455 5325 3517 5378 τὸ
3561 5324 3765 5394 μεταξὺ

2183 5417 2393 5489 Πατρὸς
2434 5418 2526 5471 καὶ
2560 5414 2713 5480 Υίοῦ,
2748 5415 2982 5484 ἀργήσει
3033 5417 3131 5487 μὲν
3177 5418 3396 5480 πάντως
3428 5418 3456 5470 6
3489 5415 3620 5486 περὶ
3664 5419 3765 5485 τῆς

2184 5509 2489 5581 βουλήσεως
2545 5510 2736 5577 λόγος,
2793 5510 2888 5562 καὶ
2939 5509 3152 5573 οὐδενὸς
3203 5510 3282 5562 ἔτι
3336 5507 3766 5578 μεσολαϐοῦντος

2183 5603 2465 5674 προσεχῶς
2491 5604 2518 5656 6
2552 5603 2676 5665 Υἱὸς
2710 5602 2862 5656 ἔσται
2891 5601 3032 5656 κατὰ
3068 5603 3228 5670 φύσιν
3250 5602 3433 5671 εμοιος
3457 5599 3535 5675 τῷ
3567 5601 3764 5672 Πατρί.

2871 5717 3072 5770 ΛΛΛΟ.

2249 5811 2561 5884 Γέγραπται
2593 5809 2827 5882 Χριστὸς
2853 5807 2988 5862 Θεοῦ
3019 5808 3246 5879 δύναμις
3278 5806 3370 5858 καὶ
3400 5805 3536 5859 Θεοῦ
3578 5801 3763 5873 σοφία..
