4056 6264
363 343 468 400 105

1793 325 2240 384 THESAURUS.

3527 333 3630 390 106

361 459 422 520 Εἰ
445 456 630 518 τοίνυν
665 455 702 532 ἡ
737 451 998 526 βούλησις
1040 451 1134 506 τοῦ
1174 450 1390 525 Πατρδς
1422 445 1816 520 χαρακτηρίζει
1852 447 1941 516 τήν

2065 445 2136 499 tia
2167 445 2260 501 Dei
2285 445 2354 500 ⁸³.
2383 445 2440 501 Si
2469 459 2598 516 ergo
2638 447 2890 502 voluntas
2939 449 3030 504 Dei
3083 449 3336 518 exprimit
3383 464 3446 504 ac
3483 459 3632 502 notat

358 563 418 605 τε
464 543 701 616 δύναμιν
753 545 852 596 καὶ¹
905 531 1098 612 σοφίαν
1141 541 1332 608 αὐτοῦ,
1373 540 1622 594 τουτέστι
1663 538 1754 592 τὸν
1801 539 1948 600 Υἰὺν,

357 639 582 710 ἀνάγκη
621 637 780 691 πᾶσα
825 637 901 711 μὴ
950 635 1204 706 ἀνομοίαν
1235 633 1408 704 αὐτὴν
1459 629 1596 687 εἶναι
1647 632 1826 702 λέγειν
1873 630 1952 700 τῷ

359 731 567 800 Πατρὶ,
605 729 696 782 ἵνα
731 730 805 799 μὴ
837 728 1088 797 φαίνηται
1119 727 1348 798 δύναμιν
1383 727 1477 780 καὶ
1514 725 1716 794 σοφίαν
1746 723 1884 794 ἔχων
1920 725 1950 776 ὁ

363 821 567 892 Πατὴρ
595 821 696 892 οὐχ
723 819 912 890 ὁμοίαν
947 818 1148 889 ἑαυτῷ.
1186 817 1248 872 Ei
1297 817 1352 870 δὲ
1402 815 1584 880 τοῦτο,
1629 815 1816 870 λοιπὸν
1865 817 1952 868 ἔνο

365 911 666 964 νοείτωσαν
701 910 748 961 oi
783 908 1146 979 χριστομάχοι
1183 909 1284 978 τῆς
1329 907 1538 961 ἑαυτῶν
1583 907 1843 970 ἀϐουλίας
1889 905 1952 959 τὸ

373 1001 628 1072 μέγεθος.
679 1000 1109 1072 Παραιτούμενοι
1155 1000 1262 1070 γὰρ
1313 1001 1408 1053 ἕνα
1463 999 1594 1053 ὂντα
1645 1000 1738 1052 τὸν
1797 999 1946 1065 Υῖὸν,

369 1093 560 1162 ὅμοιον
596 1087 729 1145 εἶναι
759 1092 941 1160 λέγειν
967 1091 1048 1162 τῷ
1079 1093 1274 1163 Πατρὶ,
1313 1091 1408 1146 δύο
1433 1089 1751 1154 δεδώκασιν,
1790 1089 1950 1160 εἴπερ

371 1181 516 1237 εἷναί
559 1201 610 1237 τι
653 1183 752 1253 τὴν
786 1183 1044 1256 βούλησιν
1081 1183 1302 1254 ἐροῦσιν
1340 1185 1722 1238 ὲνυπόστατον.
1779 1183 1844 1236 Ei
1891 1183 1950 1236 δὲ

369 1275 732 1338 ἀνυπόστατός
759 1275 926 1340 ἐστιν,
952 1275 1052 1329 οὐκ
1081 1275 1232 1328 ἔσται
1266 1275 1548 1347 χαρακτὴρ
1579 1274 1673 1328 τοῦ
1705 1273 1950 1344 ὑφεστῶ-

364 1386 456 1432 eo;
500 1369 558 1422 τὸ
614 1368 692 1439 μὴ
740 1367 1072 1438 ὑφεστηκὸς,
1115 1369 1238 1423 κατ’
1267 1368 1402 1423 αὐτὸ
1452 1368 1518 1438 δὴ
1553 1367 1710 1422 τοῦτο
1759 1367 1822 1422 τὸ
1870 1367 1948 1437 μὴ

361 1460 751 1538 ὑφεστηκέναι.

1051 1575 1232 1630 ΔΛΛΟ

433 1683 520 1738 τὰ
557 1683 660 1756 τὴν
703 1687 872 1758 αὐτὴν
911 1687 1186 1758 ἐνέργειαν
1231 1685 1425 1766 ἔχοντα
1473 1685 1570 1738 καὶ
1601 1685 1720 1746 ταῖς
1755 1683 1946 1747 αὐταῖς

367 1775 638 1846 δυνάμεσι
673 1781 932 1844 φυσικαῖς
971 1777 1404 1856 ἅποκεχρημένα,
1452 1777 1554 1846 τῆς
1593 1777 1763 1846 αὐτῆς
1806 1773 1946 1829 εἶναι

2063 537 2362 605 potentiam
2400 547 2456 592 et
2499 539 2820 606 sapientiam
2895 555 3088 604 suam,
3141 541 3245 594 h'oc
3287 549 3374 596 est
3421 540 3632 602 Filium,

2063 629 2432 684 necessarium
2465 627 2624 698 plane
2662 637 2748 682 est
2779 639 2836 682 nt
2865 643 2984 684 eam
3013 643 3122 683 non
3153 627 3458 683 absimilem
3491 627 3634 682 Patri

2059 735 2184 776 esse
2215 719 2483 784 dicamus,
2525 733 2594 772 ne
2627 719 2876 774 videatur
2903 718 3064 774 Pater
3109 719 3312 774 habere
3341 719 3634 786 potentiam

2057 821 2113 867 et
2143 811 2462 879 sapientiam
2486 825 2556 879 qu
2577 825 2622 864 at
2657 825 2764 865 non
2795 813 2866 866 sit
2895 811 3090 866 similis
3117 809 3219 866 sibi
3253 809 3376 878 ipsi.
3401 807 3554 876 Quod
3585 811 3632 862 si

2059 903 2130 956 ita
2165 909 2270 966 est,
2307 899 2614 970 intelligam
2645 903 2868 957 tandem
2899 902 3088 957 hostes
3109 901 3312 956 Christi
3343 901 3630 954 dementiae

2057 1009 2171 1050 sua
2203 995 2654 1064 magnitudinem.
2673 995 2808 1050 Cum
2841 995 2984 1050 enim
3009 1003 3264 1050 recusent
3293 991 3510 1056 Filium,
3537 993 3630 1060 qui

2057 1099 2198 1139 unus
2220 1093 2326 1149 est,
2364 1085 2512 1140 Patri
2547 1085 2782 1140 similem
2809 1085 3010 1150 dicere,
3039 1084 3174 1140 duos
3207 1083 3622 1148 constituerunt,
3713 1133 3734 1142 ,ι

2055 1178 2104 1234 si
2147 1178 2480 1232 voluntatem
2507 1193 2602 1246 per
2641 1193 2702 1232 se
2731 1177 3028 1232 subsistere
3047 1176 3250 1232 volunt.
3281 1175 3352 1230 At
3377 1189 3498 1230 cum
3535 1189 3630 1228 vo-

2057 1269 2236 1326 luntas
2267 1283 2366 1340 per
2391 1285 2452 1324 se
2475 1283 2582 1324 non
2617 1269 2901 1331 subsistat,
2933 1283 3042 1322 non
3075 1267 3180 1322 erit
3207 1267 3490 1324 character
3515 1265 3632 1334 ejus

2055 1365 2198 1432 quod
2224 1361 2474 1417 subsistit
2503 1361 2556 1415 id
2585 1363 2730 1431 quod
2759 1375 2866 1416 non
2899 1360 3168 1424 subsistit,
3191 1373 3256 1415 ea
3283 1361 3400 1430 ipsa
3421 1359 3632 1414 ratione

2055 1453 2198 1526 quod
2230 1468 2336 1509 non
2365 1453 2630 1510 subsistit.

2730 1567 2956 1626 ALIUD.

2124 1680 2258 1748 Quae
2279 1681 2524 1737 eamdem
2551 1683 2750 1738 habent
2775 1683 3042 1738 actionem
3075 1682 3372 1750 iisdemque
3399 1687 3590 1734 natura
3607 1709 3626 1718 -

2053 1769 2196 1826 libus
2231 1771 2580 1828 facultatibus
2623 1781 2852 1828 utuntur
2877 1813 2892 1838 ,
2935 1773 3178 1842 ejusdem
3223 1773 3474 1826 essentia:
3517 1773 3626 1824 sint

378 1863 602 1928 παντως
653 1867 844 1930 οὗσίας
889 1869 1198 1936 ἀναγκαῖον.
1253 1869 1416 1922 Οὐδὲν
1469 1868 1578 1939 γὰρ
1625 1866 1736 1920 τῶν
1779 1865 1941 1920 ὄντων

2054 1873 2276 1914 necesse
2305 1866 2408 1914 est.
2439 1859 2580 1914 Nihil
2607 1863 2750 1918 enim
2780 1877 2966 1918 eorum
2995 1877 3114 1932 qua-
3145 1863 3198 1916 in
3225 1877 3402 1918 rerum
3431 1869 3622 1916 natura

381 1953 522 2024 πρὸς
549 1955 608 2006 τὸ
638 1956 942 2026 ἑτερογενὲς
971 1959 1060 2012 καὶ
1093 1959 1396 2032 ἐτερούσιον
1429 1959 1528 2023 τὰς
1569 1959 1738 2022 αὑτὰς
1765 1959 1950 2030 ἀπαρ-

379 2043 654 2108 αλλάκτως
677 2049 895 2118 φορέσει
935 2049 1192 2120 δυνάμεις
1241 2067 1300 2103 τε
1351 2051 1448 2104 καὶ
1496 2049 1812 2122 ἐνεργείας·
1852 2067 1948 2103 κε-

295 2147 300 2150 ’
365 2135 626 2204 Χρήσεται
655 2137 712 2190 δὲ
743 2139 930 2208 μόνοις
977 2143 1088 2203 τοῖς
1121 2143 1258 2206 ἴσοις
1304 2141 1556 2212 ίδιώμασι
1595 2141 1664 2194 τὰ
1695 2141 1824 2212 μίαν
1853 2139 1952 2193 λαέ

358 2224 524 2292 χὸντα
558 2225 656 2298 τὴν
691 2229 855 2296 φύσιν
877 2245 892 2260 ·
925 2224 1006 2294 οἷς
1039 2231 1098 2284 δὲ
1127 2233 1162 2300 ἡ
1186 2233 1242 2284 ὲν
1280 2235 1347 2303 τῇ
1375 2231 1530 2302 οὐσίᾳ
1555 2233 1798 2304 κοινότης
1825 2231 1944 2302 μία,

355 2317 576 2382 τούτοις
629 2321 999 2392 ἀκολουθήσει
1040 2324 1138 2375 καὶ
1171 2323 1234 2376 τὺ
1288 2323 1542 2394 ἀλλήλοις
1589 2325 1726 2378 κατὰ
1771 2325 1946 2378 πάντα

363 2410 784 2479 προσεοικέναι.
819 2410 890 2462 Ei.
929 2413 1110 2465 τοίνυν
1164 2414 1260 2484 μία
1307 2415 1407 2485 μὲν
1454 2415 1696 2486 ἐνέργεια
1739 2416 1950 2488 Πατρδς

366 2498 470 2552 καὶ
503 2499 662 2566 Υίοῦ,
707 2503 738 2570 ή
793 2501 933 2580 αὐτῇ
963 2503 1020 2555 δὲ
1056 2503 1284 2575 δύναμις
1312 2506 1372 2558 ἐν
1415 2508 1580 2559 πᾶσιν
1611 2509 1820 2578 ὁρᾶται,
1852 2509 1948 2582 οὐχ

362 2591 684 2662 ἑτερούσιος
729 2593 808 2656 ὡς
857 2593 994 2664 πρὸς
1043 2595 1241 2664 ἑαυτὴν
1294 2598 1324 2665 ἡ
1378 2595 1529 2659 δυάς.
1575 2597 1638 2650 ΕΞ
1672 2597 1727 2650 δὲ
1765 2597 1942 2666 τοῦτο,

355 2681 585 2753 φορέσει
632 2683 860 2748 πάντως
905 2685 999 2737 καὶ
1043 2687 1142 2756 τὴν
1187 2687 1474 2758 ὁμοιότητα
1525 2687 1620 2742 τοῦ
1665 2689 1880 2762 Πατρὸς
1917 2693 1946 2743 6

359 2773 510 2838 Υἱὸς,
543 2775 622 2838 ὠς
651 2775 960 2846 ὀμοούσιος,
1013 2778 1104 2832 καὶ
1149 2779 1246 2838 οὐκ
1289 2777 1439 2842 ἔσται
1487 2782 1584 2856 τῆς
1635 2779 1945 2853 βουλήσεως

357 2883 544 2919 εικων.

1051 2985 1250 3042 ΑΛΛΟ.

437 3095 502 3149 El.
531 3097 630 3150 ὅσα
665 3095 976 3168 βουλεύεται
1015 3100 1044 3152 ὁ
1087 3099 1219 3164 Θεὸς
1253 3103 1346 3154 καὶ
1377 3104 1588 3174 Πατὴρ,
1615 3105 1788 3162 ταῦτα
1816 3105 1942 3176 βου-

2052 1952 2344 2019 exsistunt,
2373 1955 2590 2010 easdem
2621 1957 2824 2026 absque
2853 1958 2962 2010 ulla
2995 1957 3294 2014 differentia
3343 1957 3628 2012 facultates

2051 2043 2406 2114 actionesque
2444 2047 2588 2110 edet,
2637 2063 2760 2102 eum
2807 2063 2873 2102 eo
2921 2049 3062 2118 quod
3097 2063 3294 2120 genere
3340 2059 3502 2118 atque
3535 2065 3624 2104 es-

2052 2133 2224 2187 sentia
2252 2133 2475 2202 differt;
2509 2143 2733 2192 utentur
2769 2151 2900 2192 vero
2926 2151 2990 2192 ea
3021 2149 3228 2194 tantum
3269 2141 3462 2196 iisdem
3497 2153 3624 2208 pro-

2051 2223 2393 2293 prietatibus,
2414 2241 2534 2294 qua:
2565 2243 2670 2282 una
2701 2237 2864 2298 atque
2891 2231 3080 2284 eadem
3107 2232 3330 2306 prmdita
3367 2243 3496 2288 sunt
3523 2247 3624 2286 na-

2053 2323 2173 2368 tura
2201 2333 2214 2368 :
2251 2325 2306 2370 at
2339 2316 2541 2385 quibus
2575 2333 2678 2372 una
2711 2321 2936 2392 contigit
2965 2323 3218 2376 essentia
3259 2325 3512 2388 societas,
3557 2339 3622 2378 ea

2049 2405 2218 2458 etiam
2257 2407 2512 2462 omnibus
2547 2408 2746 2462 similia
2781 2409 2924 2464 inter
2955 2426 3014 2464 se
3039 2419 3216 2466 erunt.
3247 2411 3304 2466 Si
3347 2429 3480 2482 ergo
3517 2429 3620 2465 una

2049 2501 2136 2550 est
2163 2494 2412 2563 operatio
2459 2494 2639 2552 Patris
2673 2507 2728 2552 et
2759 2499 2902 2566 Filii,
2947 2501 3246 2570 eademque
3291 2503 3528 2571 potentia
3567 2505 3620 2554 in

2047 2585 2304 2641 omnibus
2331 2586 2600 2652 cernitur,
2641 2603 2752 2644 non
2793 2599 2876 2645 est
2907 2591 3138 2647 dnalitas
3173 2593 3402 2648 diversa:
3441 2607 3624 2648 essen-

2053 2679 2162 2734 tia.
2187 2679 2254 2734 Et
2275 2680 2322 2734 si
2351 2680 2426 2734 ita
2451 2690 2559 2750 est,
2581 2683 2810 2751 gestabit
2835 2685 3058 2740 omnino
3077 2685 3486 2742 similitudinem
3517 2687 3619 2740 Pa-

2051 2769 2151 2825 tris
2197 2769 2384 2840 i‘ilius,
2431 2783 2492 2828 ut
2528 2775 3040 2844 eonsubstantiaiis;
3079 2793 3254 2848 neque
3293 2781 3396 2834 erit
3441 2781 3620 2850 imago

2051 2859 2362 2917 1voluntatis.

2719 2985 2950 3042 ALIUD.

2118 3089 2175 3146 Si
2202 3107 2538 3166 quacunque
2582 3099 2774 3154 statuit
2805 3097 2949 3156 Deus
2977 3109 3034 3156 et
3067 3101 3248 3168 Pater,
3273 3105 3462 3160 eadem
3507 3116 3620 3160 sta-

365 3187 586 3242 λεύεται
625 3164 718 3242 καὶ
751 3191 780 3243 ὁ
807 3191 934 3254 Υίὸς
964 3191 1212 3264 (οὐδεμία
1247 3193 1358 3266 γὰρ
1403 3164 1594 3261 mae},-
1627 3198 1660 3267 ἢ
1701 3164 1941 3270 διχὸνοια

2049 3183 2150 3240 tuit
2177 3199 2232 3242 et
2257 3185 2428 3242 Filius
2452 3164 2620 3260 (nulla
2648 3191 2794 3244 enim
2833 3191 3100 3252 dissensio
3129 3195 3182 3250 in
3217 3164 3322 3254 una
3351 3205 3406 3250 et
3433 3196 3612 3252 iocor.

367 3281 610 3350 χωρήσει
640 3281 768 3333 ποτὲ
797 3282 856 3333 ὲν
881 3285 946 3352 τῇ
981 3284 1082 3354 μιᾷ
1122 3283 1220 3338 καὶ
1249 3285 1501 3356 ἀχράντῳ
1529 3288 1763 3358 Τριάδι),
1789 3292 1944 3342 ποῖον

363 3371 480 3436 ἔξει
525 3371 687 3424 τόπον
729 3373 1093 3436 ἐννπόστατος
1144 3373 1422 3445 βούλησις,
1476 3376 1658 3445 τρίτον
1705 3379 1942 3447 ἀποφαί-

363 3481 524 3524 νουσα
557 3465 648 3520 τὸν
671 3464 796 3518 Υίὸν
814 3465 910 3518 τὸν
940 3467 1180 3538 προσεχῆ
1204 3465 1282 3537 τῷ
1305 3467 1502 3538 Πατρὶ,
1539 3468 1672 3522 καθὸ
1698 3471 1792 3524 καὶ
1815 3471 1944 3537 Υίὸς

361 3557 514 3610 οὐδὲν
541 3555 679 3626 ἔχων
715 3556 1054 3628 μεσολαόοὖν
1077 3560 1178 3630 τὴν
1199 3560 1454 3630 γέννησιν
1491 3561 1658 3615 αὐτοῦ
1682 3581 1700 3629 ;
1727 3563 1818 3617 Διὸ
1847 3565 1941 3618 καὶ

361 3649 524 3713 αὐτός
554 3652 702 3704 ἐστιν
729 3654 764 3724 ἡ
801 3651 956 3716 ζῶσα
985 3653 1080 3706 καὶ
1105 3653 1346 3718 ὲνούσιος
1374 3656 1408 3725 ἡ
1441 3653 1694 3727 βούλησις
1721 3655 1816 3710 τοῦ
1855 3673 1940 3724 γε·

362 3742 704 3812 γεννηκὰεος.

1042 3859 1244 3916 ΑΛΛΟ.

433 3963 546 4033 Τῆς
571 3963 880 4037 βουλήσεως
906 3965 1000 4020 τοῦ
1029 3969 1244 4040 Πατρδς
1270 3969 1596 4044 χαρακτῆρα
1627 3976 1722 4027 καὶ
1749 3973 1942 4044 ὁμοίω-

363 4071 446 4106 σιν
473 4050 608 4108 εἶναι
631 4057 722 4110 τὸν
751 4057 880 4110 Υἰὺν
904 4059 1350 4129 καταψεύδονται,
1380 4062 1496 4118 ἀλλ’
1516 4063 1617 4118 οὐκ
1649 4065 1814 4130 αὑτοῦ
1843 4063 1938 4119 τοῦ

359 4144 592 4236 [ἰατρός.
623 4145 716 4200 Διδ
749 4147 812 4224 δὴ
843 4149 1004 4204 πάλιν
1037 4151 1334 4223 ὲροηητέον
1359 4155 1486 4219 τοὺς
1511 4159 1940 4236 χριστομάχους,

359 4233 420 4289 εξ
455 4238 644 4307 ὅμοιός
679 4239 828 4292 tam
863 4241 895 4300 _6
927 4242 1117 4316 Πατὴρ
1155 4244 1258 4316 τῆς
1299 4247 1498 4300 ἑαυτοῦ
1535 4233 1862 4321 βουλήσεως,
1904 4249 1938 4324 ἢ

356 4328 508 4396 οὐχίς
567 4327 634 4380 ΕΞ
688 4331 788 4398 μὲν
837 4330 946 4408 γὰρ
1001 4332 1270 4404 ἀνόμοιος,
1321 4333 1582 4405 ἀνομοίαν
1621 4337 1797 4410 ἐαυτῷ
1839 4339 1939 4411 τὴν

359 4416 616 4490 βούλησιν
639 4417 754 4490 ἔχει
774 4435 788 4448 ⁸
819 4421 911 4474 καὶ
942 4423 1126 4476 σιωπῶ
1159 4425 1298 4496 πρὸς
1335 4425 1493 4479 τοῦτο
1529 4427 1590 4482 τὸ
1621 4427 1934 4500 δύσφημον

2045 3285 2206 3346 rupta
2239 3277 2554 3352 'l'rinitate),
2591 3297 2752 3352 quem
2785 3282 2966 3348 locum
2994 3285 3214 3346 habebit
3246 3288 3498 3344 voluntas
3525 3305 3622 3358 per

2043 3382 2106 3424 se
2133 3371 2458 3434 subsistens,
2479 3373 2698 3430 tertium
2719 3377 3056 3434 constituens
3081 3377 3278 3440 Filium
3305 3383 3618 3440 immediate

2045 3463 2398 3530 coniunctum
2425 3461 2596 3532 Patri.
2633 3476 2888 3538 tanquam
2933 3479 2988 3526 et
3013 3469 3182 3530 Filius
3221 3475 3312 3544 qui
3359 3476 3492 3532 nihil
3523 3477 3618 3530 ha-

2043 3553 2136 3608 bet
2181 3553 2562 3612 intermedium
2605 3557 2748 3615 inter
2787 3577 2946 3618 suam
2993 3567 3434 3636 generationem?
3469 3569 3618 3634 Quo.

2042 3645 2190 3702 circa
2225 3646 2340 3718 ipse
2370 3657 2454 3716 est
2483 3649 2674 3708 vivens
2701 3663 2865 3724 atque
2897 3658 3210 3714 essentialis
3238 3659 3488 3718 voluntas
3523 3677 3616 3730 εει·-

2043 3739 2260 3800 nitoris.
2737 3749 2742 3754 '

2720 3861 2956 3918 ALIUD.

2115 3965 2424 4030 Voluptatis
2445 3980 2707 4042 paternae,
2745 3989 2852 4032 non
2889 3983 3066 4028 autem
3095 3977 3263 4044 ipsius
3295 3975 3406 4048 δή,
3437 3977 3616 4030 Patris

2044 4057 2420 4115 characterem
2448 4072 2503 4116 et
2533 4063 2942 4118 similitudinem
2969 4077 3088 4118 esse
3111 4061 3306 4117 Filium
3341 4068 3612 4118 mentiun-

2046 4157 2150 4203 tur.
2183 4151 2360 4219 Atque
2393 4151 2598 4206 idcirco
2633 4167 2824 4206 rursus
2874 4153 3238 4223 interrogandi
3269 4164 3396 4208 sunt
3431 4153 3616 4210 hostes

2043 4237 2174 4308 Dei,
2228 4257 2295 4296 an
2341 4243 2535 4299 similis
2585 4245 2659 4299 sit
2699 4241 2864 4299 Pater
2905 4261 3020 4308 suae
3071 4247 3364 4316 voluntati,
3417 4265 3609 4305 necne.

2041 4327 2174 4385 Nam
2199 4334 2241 4386 si
2278 4335 2562 4390 dissimilis
2593 4347 2698 4402 est,
2732 4351 2860 4408 ergo
2888 4339 3206 4394 dissimilem
3238 4339 3340 4406 sibi
3371 4341 3616 4395 volunta-

2048 4429 2152 4475 tem
2186 4425 2388 4480 habet:
2413 4437 2470 4482 et
2514 4438 2669 4484 taceo
2702 4429 3092 4512 blasphemiam
3121 4447 3242 4500 (ιιιω
3276 4433 3398 4486 inde
3431 4436 3615 4501 sequi-

356 4511 406 4561 εἰ
442 4510 499 4562 δὲ
531 4511 724 4580 ὁμοίαν
753 4512 932 4584 ἑαυτῷ
961 4514 1057 4585 τὴν
1095 4514 1349 4588 βούλησιν
1377 4517 1511 4586 ἔχει,
1537 4513 1625 4593 ἧς,
1665 4519 1741 4584 ὥς
1777 4499 1937 4590 φατε,

2048 4519 2162 4576 tur;
2200 4516 2244 4570 si
2267 4532 2398 4572 vero
2421 4519 2652 4576 similem
2679 4521 2782 4582 sibi
2817 4499 2917 4591 ipsi
2952 4522 3284 4577 voluntatem
3311 4523 3494 4586 habet,
3525 4543 3612 4575 rn-

357 4603 646 4672 χαρακτήρ
683 4605 797 4656 ἔστι
842 4605 938 4658 καὶ
979 4605 1144 4659 εἰκὼν
1183 4609 1211 4660 ὁ
1245 4608 1394 4674 Υἱὸς,
1434 4611 1607 4667 ἔοικεν
1649 4613 1757 4684 ἄρα
1792 4616 1934 4671 κατὰ

357 4691 520 4744 τοῦτο
545 4691 622 4762 τῷ
653 4694 844 4764 Πατρί.
879 4695 1004 4760 Πῶς
1040 4693 1134 4750 οὖν
1175 4699 1426 4770 ἀνόμοιος
1469 4701 1621 4757 ἔσται
1653 4707 1792 4760 κατά
1835 4707 1933 4778 τὴν

357 4781 550 4836 οὐσίαν
574 4784 736 4854 αὐτῷ,
764 4789 792 4840 ὁ
834 4787 944 4840 διὰ·
962 4787 1024 4840 τὸ
1053 4791 1116 4860 τῇ
1153 4789 1400 4862 βουλήσει
1436 4798 1810 4864 προσεοικέναι
1837 4816 1934 4868 χα-

359 4875 575 4944 ρακτὴρ
607 4875 680 4928 ὢν
709 4879 906 4944 αὐτοῦ;
941 4880 1295 4948 Συγκείσεται
1337 4885 1467 4958 γὰρ,
1504 4887 1570 4940 ἂν
1608 4889 1780 4954 οὕτως
1810 4891 1930 4961 ἔχῃ,

354 4965 480 5017 καθ’
509 4967 672 5037 ὑμᾶς.
715 4971 771 5036 ἐξ
800 4971 986 5041 ὁμοίου
1017 4973 1112 5026 καὶ
1151 4973 1209 5042 ἐξ
1241 4977 1496 5046 ἀνομοίου
1538 4979 1567 5030 ὁ
1600 4980 1746 5042 Υἱὸς,
1791 4982 1933 5036 κατά

349 5073 400 5108 τι
431 5057 530 5126 μὲν
559 5060 751 5121 ἐοικὼς
781 5061 860 5136 τῷ
903 5063 1100 5134 Πατρὶ,
1131 5067 1272 5121 κατά
1297 5085 1348 5122 τι
1388 5069 1445 5123 δὲ
1484 5069 1934 5140 ἀλλοτριούμενος

348 5147 446 5218 τῆς
480 5150 616 5220 πρὸς
645 5151 812 5212 αὑτὸν
846 5153 1182 5230 ὁμοιότητος.
1213 5153 1369 5223 Εἶτα,
1403 5163 1554 5223 ποῖος
1585 5164 1932 5232 συγχωρήσει

347 5239 504 5312 λόγος
529 5241 590 5293 τὸ
619 5242 680 5302 ἓν
707 5245 827 5296 κατ’
855 5245 1044 5298 οὐσίαν
1075 5248 1316 5322 ὑπάρχον
1360 5250 1453 5302 καὶ
1479 5251 1536 5300 ἐν
1561 5251 1799 5322 ἀριθμῷ,
1822 5247 1933 5304 οἷον

349 5329 562 5385 Παῦλον
591 5333 750 5406 τυχὸν
792 5333 827 5405 ἦ
875 5333 1103 5406 Πέτρον,
1132 5339 1224 5392 δύο
1255 5341 1444 5412 φέρειν
1471 5341 1528 5392 ὲν
1572 5343 1756 5412 ταυτῷ
1795 5346 1934 5398 κατὰ

347 5421 509 5486 φύσιν
536 5423 604 5476 τὰ
633 5425 884 5492 ἐναντία;
916 5427 992 5480 Οὐ
1021 5428 1132 5500 γὰρ
1159 5430 1448 5500 δυνήσεταί
1476 5450 1559 5494 τις
1585 5434 1758 5486 εἰπεῖν
1784 5450 1796 5463 ·
1828 5436 1931 5487 Λο-

345 5515 490 5578 γικὸς
526 5515 590 5567 τέ
623 5519 738 5588 εἰμι
781 5519 882 5576 καὶ
930 5519 1159 5588 ἄλογος”
1191 5523 1300 5576 οὐδ’
1333 5519 1398 5580 αὖ
1440 5525 1499 5578 τὸ
1540 5525 1649 5596 πῦρ
1693 5525 1809 5593 ἐρεῖ
1849 5544 1931 5589 τις

339 5606 534 5678 θερμὸν
561 5603 702 5663 εἶναί
749 5628 814 5664 τε
851 5611 948 5664 καὶ
991 5611 1198 5682 ψυχρόν
1219 5629 1232 5644 ⁸
1263 5613 1342 5666 δεῖ
1370 5616 1498 5686 γὰρ,
1531 5617 1647 5680 ἑνὸς
1693 5618 1928 5688 ἐνυπάρ-

396 5771 442 5805 ³¹
473 5772 490 5826 l
523 5775 648 5830 Cor.
687 5789 728 5839 ι,
761 5773 858 5826 24.

644 5875 939 5934 ΡΔτιιοι..
990 5868 1106 5928 Gn.
1155 5869 1404 5934 LXXV.

2042 4603 2148 4672 ius,
2179 4619 2235 4661 ιιι
2265 4609 2466 4674 dicitis,
2503 4611 2787 4667 character
2807 4623 2965 4668 estet
2992 4614 3166 4685 imago
3199 4613 3385 4678 Filius,
3421 4619 3613 4670 similis

2039 4699 2205 4769 igitur
2248 4701 2348 4754 hac
2396 4715 2461 4754 ex
2509 4713 2662 4768 parte
2692 4714 2776 4757 est
2823 4703 2992 4770 Patri.
3044 4705 3323 4772 Quomodo
3357 4708 3518 4776 igitur
3564 4709 3610 4758 ei

2037 4789 2316 4842 dissimilis
2349 4791 2456 4844 erit
2495 4789 2652 4860 juxta
2697 4793 2990 4850 essentiam
3037 4794 3082 4846 is
3129 4793 3220 4876 qui
3254 4794 3323 4845 ob
3367 4795 3420 4860 id
3467 4797 3608 4860 quod

2035 4879 2310 4935 voluntate
2339 4883 2534 4938 similis
2566 4886 2654 4948 sit,
2690 4887 2972 4938 character
3008 4886 3176 4952 ipsius
3225 4885 3344 4936 est?
3371 4884 3426 4934 Si
3469 4885 3612 4936 enim

2037 4969 2110 5023 ita
2151 4979 2269 5032 est,
2327 4981 2384 5025 ιιι
2429 4989 2524 5028 vos
2575 4975 2898 5043 Opinamini,
2941 4989 3005 5027 ex
3056 4973 3221 5026 simili
3273 4981 3326 5024 et
3359 4971 3610 5028 dissimili

2038 5065 2372 5134 compositus
2405 5068 2510 5119 erit
2533 5067 2705 5121 Filius
2733 5085 2746 5121 :
2780 5067 2959 5140 aliqua
3005 5081 3071 5118 ex
3101 5074 3255 5134 parte
3291 5066 3482 5121 similis
3509 5069 3610 5122 Pa-

2042 5155 2131 5220 tri,
2177 5171 2243 5210 ει
2291 5157 2394 5214 alia
2433 5171 2561 5210 vero
2604 5171 2633 5209 a
2679 5157 3032 5211 similitudine
3063 5171 3184 5210 eum
3222 5157 3336 5226 ipso
3377 5161 3607 5226 alienus.

2042 5249 2265 5314 Deinde,
2297 5263 2417 5318 quae
2445 5248 2584 5300 ratio
2613 5247 2716 5302 hoc
2743 5245 2870 5314 fert,
2901 5259 2958 5301 ut
2983 5249 3033 5302 id
3063 5249 3203 5318 quod
3229 5252 3533 5306 substantia
3556 5265 3610 5307 et

2045 5357 2270 5400 numero
2303 5355 2466 5394 unum
2502 5349 2606 5410 est,
2650 5349 2704 5396 ιιι
2735 5339 2954 5402 Paulus,
2990 5341 3072 5404 vel
3098 5341 3310 5408 Petrus,
3344 5345 3449 5397 duo
3475 5345 3528 5399 in
3555 5361 3612 5398 se

2044 5431 2240 5486 habent
2269 5431 2590 5486 naturaliter
2618 5430 2888 5486 contraria
2913 5430 2934 5482 ἲ
2960 5429 3140 5502 Neque
3157 5436 3298 5487 enim
3326 5432 3612 5502 quisquam

2042 5529 2224 5581 dicere
2259 5531 2494 5597 poterit:
2544 5529 2678 5593 Sum
2713 5527 2921 5590 ratione
2966 5533 3242 5602 praeditus,
3275 5541 3330 5584 et
3361 5545 3479 5583 sum
3523 5549 3610 5585 ra-

2048 5619 2206 5672 tionis
2257 5634 2485 5688 expers;
2543 5635 2716 5688 neque
2775 5617 2910 5672 ullus
2977 5621 3151 5688 ignem
3207 5621 3444 5676 calidum
3493 5638 3612 5674 esse

3172 5868 3214 5930 It-
