4056 6264
514 290 616 343 107

1544 287 1599 341 S.
1638 285 1909 340 CYRlLLl
1958 283 2425 340 ALEXANDRINI
2466 284 2787 339 ARCIIILP.

3653 287 3775 354 ,τοι

513 406 711 462 dixerit
742 403 902 460 sintut
949 412 1005 458 et
1043 401 1299 471 frigidum
1336 420 1349 456 :
1384 416 1606 457 necesse
1656 404 1797 459 enim
1835 414 1941 467 est,
1972 418 2062 457 unt

2181 418 2385 472 χοντος,
2440 399 2791 473 ἀναρῤεῖσθαι
2827 398 2933 452 τῶν
2985 398 3402 471 σημαινομένων
3455 400 3513 454 τὸ
3559 400 3770 474 ἕτερον.

510 500 830 562 exsistente,
852 495 1078 551 alterum
1108 509 1293 549 eorum
1336 507 1453 563 qua:
1480 494 1852 565 signillcantur
1882 495 2079 565 perire.

512 586 655 643 Fieri
689 587 870 657 itaque
902 601 1010 642 non
1044 595 1221 656 potest
1250 595 1306 640 ut
1336 586 1388 639 in
1424 585 1561 641 Filio
1592 586 1887 642 similitudo
1922 586 2081 643 simul

510 682 583 734 sit
611 687 669 733 et
693 678 1103 745 dissimilitudo.
1128 676 1259 733 Cum
1288 692 1418 732 vero
1444 691 1600 732 sacra
1626 677 1901 747 Scriptura
1928 677 2084 732 simi-

511 768 619 823 lem
653 768 798 825 Patri
832 784 951 825 esse
986 769 1239 834 testetur',
1265 784 1498 837 cumque
1540 769 1653 838 ipse
1693 770 1840 825 dicat
1876 787 1892 825 ι
1930 788 1949 822 ι
1981 770 2081 837 Qui

510 860 647 915 vidit
674 875 787 926 me,
815 860 950 915 vidit
981 867 1034 914 et
1061 859 1271 913 Patrem
1293 859 1390 926 ⁸³,ι
1425 860 1917 916 dissimilitudinem
1944 861 2084 915 hanc

510 949 997 1012 nonadmittemus,
1023 963 1119 1019 per
1149 948 1267 1003 huic
1302 949 1605 1003 testimonia
1642 950 1708 1003 ad
1734 949 1785 1003 id
1820 951 1963 1017 quod
1997 966 2083 1005 ve-

508 1040 624 1095 rius
653 1040 1168 1109 convenientiusque
1187 1041 1521 1095 estadducti.
1548 1040 1753 1095 Etcum
1792 1056 1895 1095 non
1929 1043 2080 1099 (ἥκει

392 1202 418 1209 ἢ
507 1135 620 1190 rit:
650 1134 747 1201 Qui
785 1135 916 1190 vidit
947 1150 1061 1201 me,
1094 1137 1228 1191 vidit
1267 1146 1315 1192 el
1357 1137 1684 1192 voluntatem
1724 1137 1903 1193 Patris
1937 1142 2073 1206 mei,

506 1238 610 1279 non
655 1224 979 1291 voluntatis,
1028 1226 1123 1282 sed
1167 1225 1347 1281 Patris
1385 1226 1676 1297 imaginem
1725 1243 1847 1285 esse
1883 1229 2077 1285 Filium

502 1316 812 1371 fatebimur.

1177 1430 1410 1486 ALIUD.

575 1546 706 1611 Qua:
748 1558 776 1598 a
819 1552 1001 1599 mutua
1042 1543 1421 1614 conjunctione
1460 1553 1513 1600 et
1554 1545 1783 1600 naturali
1825 1546 2075 1601 similitu-

504 1636 633 1691 dine
660 1637 955 1701 recedunt,
981 1645 1035 1689 et
1060 1637 1366 1691 essentialis
1393 1637 1670 1707 qualitatis
1702 1638 1907 1695 ratione
1938 1640 2080 1693 inter

2193 492 2399 547 Οὐκοῦν
2426 494 2704 564 ἀμήχανον
2734 493 2792 546 ἐν
2822 492 2936 559 Υἱῷ
2961 492 3052 545 καὶ
3077 491 3139 545 τὸ
3180 492 3363 562 ὅμοιον
3390 488 3530 545 εἶναι
3572 496 3669 548 καὶ
3716 498 3773 549 τὲ

2191 584 2465 656 ἀνόμοιον.
2507 582 3018 655 Ἐπιμαρτυρούσης
3042 583 3098 638 δὲ
3126 584 3226 653 τῆς
3261 582 3409 648 θείας
3441 586 3591 656 αὐτῷ
3635 587 3772 658 Γρα-

2192 676 2300 746 φῆς
2339 675 2435 747 τὴν
2464 674 2758 747 ὁμοιότητα
2800 674 2900 741 τὴν
2930 673 3066 744 πρὸς
3089 673 3179 726 τὸν
3210 674 3454 745 Πατέρα,
3481 678 3574 729 καὶ
3602 678 3771 731 αὑτοῦ

2188 767 2245 820 δὲ
2280 766 2575 835 φάσκοντος
2597 782 2610 799 ·
2657 784 2677 818 ι
2733 766 2789 819 Ὀ
2819 765 3079 836 ἑωρακὼς
3127 764 3250 835 ἐμὲ,
3283 765 3495 837 ἑώρακε
3538 768 3627 821 τὸν
3664 770 3772 824 Πα-

2189 859 2342 929 τέρα,
2388 877 2406 909 ι
2442 857 2501 911 τὸ
2530 858 2780 929 ἀνόμοιον
2809 858 2869 910 οὐ
2901 856 3337 930 παραδεξόμεθα,
3374 859 3771 935 ποδηγούμενα

2186 949 2273 1003 διά
2326 948 2530 1002 τούτων
2573 949 2665 1002 ἐπὶ
2709 947 2771 1001 τὺ
2814 947 3174 1019 ἀληθέστερόν
3220 966 3280 1002 τε
3339 952 3434 1003 καὶ
3480 953 3769 1022 πρεπωδέ-

2190 1057 2399 1111 στερον.
2459 1039 2676 1111 Ἐπειδὴ
2719 1038 2776 1092 δὲ
2825 1039 2985 1093 πάλιν
3024 1040 3124 1092 ούκ
3168 1035 3352 1096 εἶπεν·
3394 1042 3453 1095 ὐ
3505 1044 3769 1114 ἑωρακὼς

2187 1130 2307 1199 ἐμὲ,
2342 1129 2438 1200 τὴν
2470 1128 2722 1200 βούλησιν
2763 1127 2973 1200 ἑώρακε
3020 1130 3115 1183 τοῦ
3150 1132 3358 1203 Πατρός
3403 1151 3528 1203 μου,
3563 1137 3623 1187 ού
3669 1137 3770 1206 τῆς

2188 1218 2493 1288 βουλήσεως
2525 1218 2704 1270 εἰκόνα
2731 1217 2821 1270 τὸν
2851 1217 2978 1270 Υίδν
3007 1218 3435 1291 ὁμολογήσομεν,
3458 1222 3572 1276 ἀλλ’
3598 1224 3767 1278 αὑτοῦ

2185 1308 2278 1362 τοῦ
2310 1308 2519 1379 [ἰατρὸς
2545 1308 2619 1373 ὡς
2657 1308 2808 1362 Υἱόν.

2870 1421 3075 1475 ΑΛΛΟ.

2255 1533 2335 1586 Τὰ
2373 1533 2471 1603 τῆς
2501 1534 2636 1604 πρὸς
2666 1533 2869 1604 ἄλληλα
2916 1535 3208 1603 συναφείας
3244 1537 3274 1607 ἦ
3320 1539 3553 1610 φυσικῆς
3594 1540 3765 1611 ἐμφε-

2185 1624 2336 1696 ρείας
2380 1624 2830 1696 ἀναχωρήσαντα,
2872 1626 2966 1679 καὶ
3009 1627 3151 1679 κατὰ
3192 1628 3283 1681 τὸν
3321 1630 3421 1699 τῆς
3474 1631 3763 1695 ούσιὼδους

502 1741 565 1783 se
594 1726 887 1790 dissident,
916 1740 980 1780 ea
1016 1733 1110 1780 aut
1142 1725 1291 1789 loco,
1317 1736 1409 1780 aut
1445 1726 1557 1780 sola
1593 1727 1801 1783 ratione
1834 1729 2062 1795 sejuncta

2185 1716 2464 1785 ποιότητος
2496 1715 2650 1784 λόγον
2696 1718 3172 1788 ἀπεσχοινισμένα,
3227 1721 3560 1794 διίσταταιῆ
3609 1724 3762 1793 τόπῳ

503 1826 649 1873 sunt.
674 1817 741 1872 Et
764 1816 882 1873 loco
909 1816 1123 1886 quidem
1152 1830 1181 1869 a
1208 1824 1392 1871 mutua
1421 1817 1796 1885 conjunctione
1824 1834 2078 1890 separan-

505 1919 591 1965 tur
620 1924 740 1979 quae
770 1922 1089 1978 corpoream
1122 1908 1567 1963 constitutionem
1599 1909 1831 1977 habent;
1871 1911 2079 1967 ratione

503 2010 684 2056 autem
719 2000 1104 2070 disjunguntnr
1138 2000 1427 2065 nonnulla,
1455 2016 1573 2069 quae
1613 2003 1884 2057 essentiali
1921 2003 2077 2060 dill‘e-

503 2091 675 2147 rentia
707 2090 985 2155 dill‘erunt,
1010 2098 1068 2145 ut
1099 2090 1259 2144 homo
1292 2090 1358 2145 ab
1390 2105 1550 2160 equo.
1580 2090 1924 2162 Quaecunque
1947 2110 2077 2149 vero

499 2178 946 2249 signiﬁcationem
991 2188 1047 2233 et
1088 2179 1232 2249 quod
1276 2192 1342 2232 ex
1384 2179 1513 2248 ipsis
1555 2178 1782 2234 elIicitur
1818 2183 2076 2239 dissimile

499 2269 737 2339 habent,
774 2285 837 2325 ea
898 2270 1109 2325 ratione
1158 2270 1596 2340 cogitationeque
1646 2271 2071 2342 distinguuntur,

496 2360 948 2429 quemadmodum
1011 2361 1217 2415 sanitas
1274 2370 1328 2415 et
1381 2363 1619 2416 morbus.
1676 2363 1753 2417 Ex
1808 2352 1893 2419 his
1948 2380 2074 2421 vero

495 2465 831 2521 quaacunque
858 2453 969 2507 sola
1002 2453 1211 2508 ratione
1233 2462 1287 2508 et
1320 2452 1511 2509 eﬂ‘ectu
1540 2457 1813 2510 contraria
1846 2458 1987 2513 inter
2013 2473 2073 2514 se

497 2554 658 2610 sunt,
716 2545 1003 2615 peritiores
1063 2546 1367 2615 philosophi
1426 2550 1703 2602 contraria
1759 2549 2069 2605 immediata

494 2644 722 2699 vocant;
781 2636 884 2689 alia
928 2651 1057 2691 vero
1110 2637 1362 2692 mediata.
1408 2639 1727 2693 lmmediata
1775 2641 1965 2707 igitur,
2014 2652 2072 2697 ut

496 2726 656 2779 modo
690 2725 954 2791 diximus,
982 2736 1108 2781 sunt
1140 2727 1347 2783 sanitas
1385 2738 1440 2782 et
1477 2730 1696 2784 morbus
1739 2747 1752 2782 :
1790 2729 1900 2803 65
1941 2733 2070 2787 nihil

494 2818 637 2871 enim
668 2817 810 2871 inter
836 2818 950 2872 haec
977 2827 1060 2872 est
1092 2818 1347 2873 medium.
1377 2818 1433 2873 Si
1464 2820 1606 2875 enim
1640 2819 1841 2890 aliquid
1875 2823 2068 2879 horum

494 2908 695 2962 homini
729 2909 960 2972 accidat,
985 2909 1036 2963 id
1062 2909 1233 2963 solum
1267 2911 1317 2965 in
1349 2910 1465 2981 ipso
1493 2922 1594 2966 est.
1620 2912 1727 2966 Aut
1748 2915 1895 2968 enim
1930 2915 2067 2969 bene

493 3000 652 3065 valet,
676 3011 766 3054 aut
788 3009 1043 3071 aegrotat;
1073 3000 1386 3071 nullumque
1416 3005 1557 3057 inter
1580 3016 1850 3073 egmtare
1878 3013 1933 3059 et
1960 3021 2064 3060 non

2178 1810 2504 1880 τεμνόμενα,
2536 1809 2569 1881 ἢ
2617 1808 2805 1878 μόναις
2848 1812 2966 1873 ταῖς
3001 1811 3289 1875 ἐπινοίαις.
3338 1814 3499 1883 Τόπῳ
3533 1815 3629 1884 μὲν
3666 1810 3760 1868 οὖν

2176 1904 2276 1973 τῆς
2304 1902 2441 1973 πρὸς
2466 1899 2672 1969 ἄλληλα
2710 1901 3001 1969 συναφείας
3027 1901 3296 1955 διίσταται
3326 1904 3393 1957 τὰ
3440 1906 3758 1975 σωματικὴν

2178 1994 2371 2064 ἔχοντα
2426 1992 2707 2057 σύστασιν,
2764 1993 3031 2047 διίσταται
3067 1993 3125 2047 δὲ
3166 1995 3262 2047 καὶ
3306 1995 3446 2065 λόγῳ
3484 1997 3606 2049 τινὰ
3650 1996 3757 2049 τῶν

2177 2085 2319 2137 κατά
2375 2083 2474 2155 τὴν
2522 2083 2752 2155 ούσιώδη
2814 2083 3095 2157 διαφορὰν,
3163 2086 3239 2149 ὡς
3307 2084 3595 2155 ἄνθρωπος
3668 2090 3759 2140 ἴπ-

2176 2193 2301 2229 που.
2334 2175 2416 2229 Τὰ
2443 2175 2500 2228 δὲ
2532 2176 2630 2229 ὅσα
2662 2175 2760 2246 τὴν
2788 2174 3019 2245 δήλωσιν
3053 2177 3148 2229 καὶ
3189 2177 3249 2230 τὸ
3293 2176 3352 2241 ἐξ
3389 2178 3569 2232 αὐτῶν
3612 2181 3753 2233 ἀπο-

2175 2265 2499 2337 τελούμενον
2552 2266 2804 2337 ἀνόμοιον
2853 2266 2985 2337 ἔχει,
3037 2268 3178 2337 λόγῳ
3219 2267 3358 2339 ψιλῷ
3396 2271 3491 2321 και¹
3535 2270 3754 2342 ἐπινοίᾳ

2176 2356 2512 2429 μεριζόμενα
2550 2356 2821 2427 φαίνεται,
2852 2354 2963 2411 οἷον
3002 2358 3184 2427 ὑγίεια
3228 2360 3321 2414 καὶ
3348 2360 3522 2423 νόσος.
3576 2361 3665 2415 Ἐν
3695 2361 3752 2415 δὲ

2171 2445 2380 2510 τούτοις
2415 2447 2515 2499 ὅσα
2548 2446 2693 2518 λόγῳ
2724 2446 2871 2518 μόνῳ
2916 2448 3011 2501 καὶ
3044 2448 3121 2517 τῷ
3154 2449 3214 2517 ἐξ
3242 2449 3421 2503 αὐτῶν
3461 2451 3750 2504 ἀποτελου-

2175 2537 2321 2610 μένῳ
2348 2540 2467 2593 κατ’
2497 2541 2846 2610 ἐναντιότητα
2888 2539 3160 2612 διέστηκε,
3192 2542 3259 2596 τὰ
3290 2541 3390 2611 μὲν
3436 2541 3617 2615 ἄμεσα
3655 2560 3744 2595 κα-

2168 2628 2349 2684 λοῦσιν
2389 2632 2438 2685 οἱ
2472 2632 2541 2684 τὰ
2582 2634 2681 2701 τῆς
2727 2631 3044 2701 φιλοσοφίας
3080 2632 3383 2702 ἠσκημένοι
3428 2632 3736 2703 μαθήματα,

2169 2721 2239 2775 τὰ
2261 2720 2316 2773 δὲ
2348 2721 2583 2792 έμμεσα.
2620 2721 2834 2793 Ἀμεσα
2869 2722 2969 2793 μὲν
3000 2717 3112 2787 οὖν,
3140 2723 3395 2795 καθάπερ
3422 2724 3522 2795 ’ήδη
3565 2726 3744 2794 προεῖ-

2170 2830 2288 2879 πον,
2324 2814 2501 2882 ὑγίεια
2534 2813 2628 2867 καὶ
2667 2814 2853 2879 νόσοςο
2901 2813 3055 2867 οὐδὲν
3086 2814 3195 2885 γὰρ
3225 2814 3430 2869 τούτων
3476 2816 3594 2868 ἐστὶ
3648 2833 3743 2885 με·

2165 2903 2318 2967 ταξύ.
2356 2904 2417 2956 Εἰ
2444 2903 2551 2975 γὰρ
2580 2905 2665 2956 ἐπ’
2694 2903 2978 2974 ἀνθρώπου
3006 2905 3167 2975 τυχὸν
3200 2906 3419 2977 φέροιτό
3444 2923 3497 2959 τι
3523 2906 3743 2972 τούτων,

2167 2995 2225 3048 ἓν
2258 2994 2406 3049 ἔσται
2436 2996 2651 3059 πάντως
2680 2996 2737 3047 έν
2770 2994 2939 3066 αὐτῷ.
2984 2995 3057 3049 ’Ἦ
3092 2996 3199 3068 γὰρ
3230 2996 3481 3065 ὑγιαίνει,
3516 2997 3549 3068 ἢ
3580 2999 3743 3065 νοσεῖ,

487 3100 751 3160 κει-θωνα
783 3101 867 3147 est
898 3093 1154 3148 medium.
1180 3093 1408 3149 Mediata
1443 3109 1569 3149 vero
1602 3098 1874 3152 contraria
1904 3097 2062 3167 justi-

2166 3086 2261 3139 καὶ
2290 3087 2351 3139 τὸ
2386 3087 2548 3157 μέσον
2577 3085 2669 3140 τοῦ
2704 3090 2876 3140 νοσεῖν
2905 3087 2938 3158 ἢ
2975 3088 3047 3158 μὴ
3082 3091 3280 3155 νοσεῖν,
3315 3088 3490 3143 οὐδέν.
3532 3089 3745 3161 Ἔμμε-

488 3184 617 3236 tiam
653 3192 709 3238 et
738 3183 1051 3250 iniustitiam
1085 3199 1207 3240 esse
1240 3185 1447 3241 volunt.
1481 3186 1670 3257 Neque
1710 3189 1856 3242 enim
1892 3191 2070 3245 omnis

488 3276 650 3329 homo
692 3285 789 3329 aut
826 3276 879 3329 in
926 3277 1238 3331 universum
1279 3277 1488 3346 justus,
1526 3289 1616 3333 aut
1658 3281 1710 3334 in
1756 3280 2067 3336 universum

486 3365 719 3434 injustas
756 3377 860 3421 est.
884 3366 1029 3422 Fieri
1068 3368 1212 3421 enim
1254 3379 1431 3437 potest
1464 3380 1521 3424 ut
1555 3373 1788 3426 medium
1832 3374 2065 3442 aliquem

485 3455 661 3511 locum
695 3459 1066 3535 inveniamus,
1095 3460 1349 3515 nimirum
1382 3468 1441 3516 ut
1470 3463 1593 3532 quis
1616 3478 1680 3515 ex
1711 3473 1861 3530 parte
1887 3464 2067 3530 justus

483 3548 577 3615 ait,
606 3562 709 3601 non
740 3557 917 3602 autem
948 3549 1200 3605 omnibus
1220 3551 1467 3621 partibus
1498 3552 1753 3622 injustus.
1779 3552 1873 3608 His
1902 3554 2066 3622 igitur

483 3637 587 3693 hoc
616 3639 773 3694 modo
801 3640 1177 3708 consideratis,
1203 3651 1257 3697 et
1283 3642 1726 3700 dissimilitudine
1756 3648 1808 3700 in
1837 3646 2062 3716 singulis

483 3728 645 3783 rebus
683 3730 1070 3800 pervestigata,
1107 3718 1382 3785 videamus
1415 3747 1647 3801 quonam
1691 3737 1851 3791 modo
1888 3751 1951 3791 ex
1997 3738 2062 3793 iis

480 3831 602 3885 qua:
632 3817 773 3872 dicta
808 3829 932 3873 sunt
965 3819 1136 3875 Filius
1169 3834 1199 3873 ο
1235 3820 1585 3877 similitudine
1612 3823 1796 3879 Patris
1822 3826 2054 3882 dill'erat.

478 3908 624 3965 Loco
652 3921 805 3966 certe
837 3912 1077 3981 separari
1116 3927 1276 3967 nemo
1308 3913 1509 3968 dixerit
1542 3934 1555 3969 :
1596 3932 1767 3987 neque
1800 3920 1940 3971 enim
1972 3930 2061 3974 est

476 4016 692 4071 corpus,
713 4016 1000 4072 corporum
1025 4012 1207 4059 autem
1234 4004 1512 4075 proprium
1540 4017 1625 4062 est
1645 4006 1903 4062 localibus
1932 4022 2059 4078 spa-

478 4092 569 4149 tiis
609 4093 824 4162 dirimi;
865 4095 1130 4165 reliquum
1176 4111 1309 4168 ergo
1341 4106 1425 4153 est
1457 4107 1515 4153 ut
1546 4098 1757 4154 ratione
1790 4098 2001 4154 diﬂ‘erat
2038 4118 2052 4154 :

476 4187 687 4240 ratione
730 4195 910 4241 autem
944 4187 1063 4241 dico
1104 4188 1359 4244 naturali.
1387 4190 1457 4243 At
1490 4190 1532 4245 si
1568 4202 1761 4245 natura
1798 4200 1881 4245 est
1916 4193 2053 4246 Deus

474 4275 657 4342 Pater,
683 4285 737 4330 et
765 4286 958 4331 natura
989 4277 1130 4333 Deus
1156 4280 1346 4347 Filius,
1374 4282 1673 4349 qualisnam
1706 4284 1848 4337 ratio
1880 4285 2051 4352 ipsum

2172 3195 2263 3231 σον
2299 3178 2355 3231 δὲ
2385 3178 2482 3248 τὴν
2506 3178 2851 3249 δικαιοσύνην
2880 3174 3018 3232 εἶναι
3065 3196 3195 3247 φασι
3237 3180 3333 3233 καὶ
3369 3179 3469 3251 τὴν
3508 3181 3742 3234 ἀδικίαν.

2182 3269 2511 3343 Ἐπειδήπερ
2546 3271 2608 3323 οὐ
2629 3273 2735 3334 πᾶς
2757 3271 2853 3325 ἄνθ
2863 3288 3041 3342 ρωπος
3069 3272 3102 3343 ἢ
3126 3271 3430 3345 ὁλοκλήρως
3454 3272 3682 3338 δίκαιος,
3709 3273 3743 3343 ἢ

2166 3362 2347 3425 ἄδικός
2379 3365 2517 3417 ἐστι.
2557 3364 2789 3417 Δυνατὸν
2823 3364 2931 3432 γὰρ
2977 3363 3141 3432 μέσον
3191 3364 3380 3436 ὥσπερ
3431 3365 3553 3419 τινὰ
3581 3367 3744 3419 τόπον

2164 3454 2420 3525 εὑρέσθαι
2450 3455 2513 3509 ὲκ
2540 3456 2742 3525 μέρους
2766 3455 2978 3509 δικαίου
3011 3456 3156 3519 τινὸς
3184 3456 3353 3521 ὄντος,
3379 3457 3475 3509 καὶ
3507 3458 3568 3509 ού
3601 3475 3743 3521 παν-

2161 3546 2331 3608 τελῶς
2352 3546 2561 3600 ἀδίκου.
2593 3546 2808 3599 Τούτων
2838 3545 3124 3617 τοιγαροῦν
3156 3548 3297 3601 κατά
3324 3549 3473 3602 τόνδε
3502 3549 3593 3603 τὸν
3618 3550 3746 3621 τρό-

2161 3652 2264 3690 πον
2313 3639 2443 3707 ήμῖν
2483 3638 2914 3708 διεσκεμμένων,
2964 3638 3060 3692 καὶ
3108 3643 3208 3710 τῆς
3243 3642 3629 3711 ἀνομοιότητος
3682 3644 3743 3695 έν

2160 3726 2370 3790 τούτοις
2396 3726 2793 3798 ἐξεταζομένης
2818 3730 2909 3782 ἐπὶ
2933 3729 3133 3793 παντὸς
3158 3732 3503 3801 πράγματος,
3539 3732 3742 3803 ἴδωμεν

2160 3816 2301 3869 κατὰ
2335 3819 2485 3869 ποῖον
2513 3817 2621 3870 τῶν
2669 3820 2971 3890 εἰρημένων
3012 3820 3167 3889 λόγον
3211 3823 3486 3892 ἀφέστηκε
3517 3825 3615 3893 τῆς
3644 3824 3740 3877 τοῦ

2158 3908 2369 3978 Πατρὸς
2402 3908 2718 3980 ὁμοιότητος
2749 3912 2776 3962 6
2806 3910 2949 3973 Υἱός.
2984 3911 3145 3981 Τόπῳ
3172 3912 3271 3982 μὲν
3295 3909 3389 3966 οὖν
3419 3915 3519 3967 ούκ
3561 3917 3625 3970 ἄν
3654 3934 3740 3979 τις

2156 3999 2318 4051 αὑτὸν
2349 3998 2665 4070 μερίζεσθαι
2695 3999 2878 4069 λέγοι,
2911 4002 3033 4055 ἐπεὶ
3067 4003 3202 4073 μήτε
3237 4004 3395 4075 σῶμά
3427 4007 3543 4059 ἐστι
3567 4023 3580 4037 ·
3628 4024 3739 4060 σως

2158 4089 2343 4160 μάτων
2377 4091 2481 4162 γὰρ
2538 4090 2667 4145 ἴδιον
2711 4094 2965 4157 τοπικαῖς
3013 4092 3332 4165 μερίζεσθαι
3379 4097 3730 4151 διαστάσεσν

2153 4181 2398 4237 λείπεται
2428 4182 2608 4237 τοίνυν
2634 4183 2718 4251 τὸ,
2753 4184 2895 4256 λόγῳ
2935 4186 3261 4257 χωρίζεσθαι
3285 4200 3299 4218 ⁵
3335 4188 3476 4259 λόγῳ
3501 4189 3558 4242 δέ
3590 4207 3733 4261 φημι

2153 4273 2228 4344 τῷ
2256 4275 2397 4329 κατὰ
2426 4276 2524 4346 τὴν
2568 4275 2751 4345 φύσιν.
2797 4277 2935 4330 Ἀλλ’
2967 4278 3124 4350 εἰπερ
3175 4279 3334 4349 φύσει
3382 4279 3516 4345 Θεὸς
3555 4283 3584 4333 6
3613 4282 3728 4333 Πα·

476 4366 794 4436 distinguit?
821 4368 951 4432 Quis
982 4376 1159 4421 autem
1188 4385 1293 4422 non
1324 4371 1557 4423 fateatur
1578 4387 1638 4424 ea
1671 4388 1789 4440 qua:
1810 4373 2049 4442 ejusdem

2166 4367 2274 4437 ιήρ,
2313 4368 2409 4420 καὶ
2438 4367 2596 4436 φύσει
2623 4370 2755 4432 Θεὸς
2798 4370 2827 4421 ό
2869 4369 3016 4435 Υίὺς,
3049 4373 3201 4434 ποῖος
3232 4371 3393 4424 αὑτὸν
3433 4373 3726 4442 ἀποτέμνει

476 4459 727 4513 essentia:
758 4468 914 4523 sunt,
947 4458 1145 4513 similia
1179 4459 1319 4513 inter
1348 4475 1407 4513 se
1436 4461 1589 4514 esse?
1620 4461 1917 4527 Praeterea,
1947 4479 2050 4517 non

2166 4457 2336 4525 λόγος
2361 4459 2458 4523 Τίς
2478 4460 2533 4512 δὲ
2562 4461 2622 4512 ού
2662 4463 3004 4533 συγχωρήσει
3030 4461 3128 4535 τὴν
3154 4462 3290 4534 πρὸς
3316 4462 3515 4534 ἄλληλα
3542 4464 3726 4533 φορεῖν

473 4549 637 4606 veluti
667 4551 998 4605 contrarium
1028 4550 1390 4620 distinguetur
1417 4550 1583 4605 Filius
1611 4568 1639 4604 a
1668 4552 1847 4617 Patre,
1875 4560 1933 4607 ut
1960 4554 2047 4609 illa

2166 4547 2444 4617 ὃμοιότητα
2494 4548 2592 4618 τῆς
2645 4548 2809 4603 αὑτοῦ
2857 4550 3042 4613 οὐσίας
3089 4550 3432 4621 ὑπάρχοντα;
3489 4550 3610 4603 Ἔτι
3668 4567 3725 4602 τε

472 4656 594 4711 qua:
624 4641 882 4697 dicuntur
911 4641 1245 4696 immediata.
1279 4640 1465 4711 Neque
1499 4642 1640 4696 enim
1674 4653 1730 4697 nt
1760 4644 1963 4698 sanitas
1994 4656 2048 4700 et

471 4733 697 4788 morbus
744 4732 886 4785 inter
930 4746 991 4786 se
1035 4730 1331 4796 dissident;
1376 4748 1551 4801 neque
1596 4736 2042 4801 quemadmodum

469 4838 636 4879 unum
684 4822 889 4893 aliquid
921 4836 1108 4877 eorum
1139 4838 1256 4889 qua:
1299 4822 1532 4876 diximus
1568 4822 1621 4876 in
1660 4824 1877 4877 homine
1913 4826 2042 4879 reti-

467 4914 581 4968 neri
601 4954 617 4979 ,
648 4913 788 4967 ratio
818 4913 1086 4978 ostendit,
1116 4914 1189 4966 ita
1221 4912 1382 4967 etiam
1414 4923 1497 4966 est
1526 4913 1579 4966 in
1609 4911 1768 4968 Patre
1799 4925 1853 4968 et
1884 4914 2037 4972 Filio.

466 4998 739 5057 luhabitat
768 5002 913 5057 enim
946 5016 999 5055 tn
1032 5002 1211 5070 aliquo
1235 4998 1398 5057 Pater
1432 5017 1444 5053 :
1477 4999 1741 5054 inhabitat
1768 5009 1822 5053 et
1848 5001 2034 5055 Filius.

464 5091 671 5161 Neque,
702 5092 1154 5161 quemadmodum
1186 5091 1274 5147 illa
1300 5092 1460 5147 simul
1490 5093 1655 5161 coire,
1686 5092 1950 5163 simulque
1984 5096 2034 5147 in

465 5184 652 5239 eodem
697 5185 936 5252 subjecto
975 5185 1274 5241 subsistere
1317 5197 1623 5255 nequeunt,
1661 5187 1732 5239 ita
1776 5184 1943 5239 Filius
1985 5197 2040 5240 et

466 5275 627 5330 Pater
670 5289 729 5330 se
773 5276 970 5330 habent
1010 5293 1025 5329 :
1080 5296 1099 5327 ι
1154 5276 1292 5331 Ecce
1336 5279 1513 5343 enim,
1541 5279 1713 5347 inquit
1751 5276 2033 5343 Christus,

466 5368 741 5423 veniemus
781 5381 882 5433 ego
918 5377 974 5422 et
1011 5365 1189 5433 Pater,
1220 5376 1272 5422 et
1305 5368 1357 5420 in
1392 5368 1510 5437 ipso
1550 5368 1972 5423 manebimus“.
2012 5387 2029 5418 ι

464 5457 569 5514 Sed
612 5474 783 5529 neque
829 5460 901 5513 ita
949 5460 1123 5513 media
1158 5475 1245 5514 res
1281 5458 1384 5515 erit
1417 5458 1581 5513 Pater
1617 5463 1682 5513 ad
1719 5460 1945 5526 Filium,
1981 5472 2035 5516 ut

458 5548 686 5615 iustitia.
716 5549 900 5619 Neque
926 5549 1069 5604 enim
1101 5549 1279 5604 minus
1310 5549 1413 5604 erit
1439 5546 1620 5615 Pater,
1647 5548 1829 5616 Pater,
1862 5567 2032 5622 neque

536 5703 580 5736 ⁸³
617 5706 769 5760 Joan.
804 5722 909 5765 ιιν,
943 5708 995 5759 9.
1076 5706 1121 5737 "'
1152 5706 1286 5758 lhid.
1322 5707 1414 5759 εὖ.

2150 4638 2285 4708 πρὸς
2320 4640 2513 4711 τούτῳ,
2549 4640 2668 4693 οὐδὲ
2697 4642 2771 4704 ὼς
2805 4643 3045 4697 ἐναντίον
3080 4643 3187 4711 ἕξει
3218 4662 3268 4697 τι
3300 4644 3436 4714 πρὸς
3477 4642 3568 4695 τὸν
3599 4642 3727 4697 Υίὸν

2146 4731 2174 4783 ὁ
2198 4729 2405 4801 Πατὴρ,
2432 4731 2504 4793 ὡς
2534 4730 2603 4783 τὰ
2624 4732 2802 4801 ἄμεσα
2834 4732 3156 4803 καλούμενα.
3190 4734 3263 4787 ού
3294 4734 3403 4804 γὰρ
3443 4734 3518 4796 ὡς
3547 4734 3726 4801 ὑγίεια

2146 4821 2239 4873 καὶ
2277 4820 2428 4883 νόσος
2475 4820 2725 4890 ἀλλήλοις
2756 4822 3117 4876 ἁντίκεινται·
3153 4824 3273 4875 οὐδὲ
3325 4823 3515 4894 ὥσπερ
3562 4824 3621 4876 ἓν
3671 4842 3724 4876 τι

2145 4912 2361 4965 πάντων
2384 4911 2491 4964 τῶν
2514 4912 2820 4983 είρημένων
2850 4914 2907 4964 ἐν
2931 4913 3238 4986 ἀνθρώποις
3267 4914 3536 4979 σώζεσθαι
3566 4917 3592 4967 6
3614 4915 3722 4967 τῶν

2144 5004 2488 5074 πραγμάτων
2545 5005 2847 5072 ἀναγκάσει
2880 5006 3060 5074 λόγος,
3086 5006 3228 5060 οὕτω
3257 5008 3349 5059 καὶ
3383 5008 3475 5058 ἐπὶ
3508 5005 3721 5075 Πατρὸς

2143 5096 2238 5148 καὶ
2269 5095 2420 5149 Υίοῦ.
2459 5096 2691 5149 Ἐνοικεῖ
2719 5095 2827 5168 γάρ
2856 5114 2997 5149 τισιν
3024 5100 3050 5150 6
3076 5096 3286 5168 Πατὴρ,
3323 5099 3519 5149 ἐνοικεῖ
3541 5097 3595 5150 δὲ
3626 5097 3721 5148 καὶ

2142 5189 2169 5238 6
2206 5186 2353 5250 Υἱός.
2385 5186 2495 5240 Καὶ
2519 5188 2580 5240 οὐ
2611 5188 2861 5259 καθάπερ
2894 5190 3075 5241 ἐκεῖνα
3102 5190 3181 5251 είς
3202 5188 3397 5241 ταυτὸν
3425 5186 3719 5257 ἀσύμϐατὲ

2142 5296 2201 5330 τε
2248 5278 2342 5331 καὶ
2382 5278 2778 5349 ἁσυνύπαρκτά
2817 5280 2985 5341 ἐστιν,
3016 5279 3159 5332 οὓτω
3190 5280 3281 5332 καὶ
3328 5280 3356 5330 6
3387 5278 3514 5340 Υἱὸς
3560 5279 3651 5330 καὶ
3690 5279 3718 5329 6

2144 5370 2371 5439 Πατήρο
2411 5388 2429 5420 ι
2481 5370 2611 5422 Ἰδοὺ
2646 5368 2775 5439 γὰρ,
2829 5370 2992 5439 φησὶν
3034 5370 3061 5422 6
3109 5368 3361 5439 Χριστὸς,
3411 5365 3713 5420 εἰσελευσό-

2144 5459 2283 5529 μεθα
2315 5458 2424 5528 ἐγὼ
2459 5461 2553 5513 καὶ
2580 5461 2608 5512 ό
2647 5459 2854 5531 Πατὴρ,
2885 5459 2979 5511 καὶ
3014 5459 3181 5530 μονὴν
3209 5459 3339 5529 παρ’
3362 5456 3510 5526 αύτῷ
3556 5456 3716 5524 ποιή-

2144 5566 2325 5618 σομεν.
2377 5572 2394 5604 ι
2451 5550 2588 5603 Ἀλλ’
2634 5551 2754 5602 οὐδὲ
2789 5550 2959 5613 οὕτως
2998 5549 3238 5620 ἕμμεσον
3281 5550 3433 5602 ἔσται
3480 5550 3713 5620 πρᾶγμα
