4056 6264
398 293 499 349 109

1810 294 2087 355 THESAU
2102 299 2258 356 RUS.

3559 318 3655 371 ii0

392 406 583 479 Πατὴρ
625 410 765 482 πρὸς
819 411 972 476 Υῐὸν,
1021 411 1207 482 ὥσπερ
1256 414 1289 482 ὴ
1326 413 1639 485 δικαιοσύνη
1683 418 1863 486 τυχόν.
1904 418 1971 470 0'3

2086 419 2262 475 minus
2288 418 2393 475 erit
2420 418 2614 484 Filius,
2640 416 2839 484 Filius,
2870 430 2928 475 ut
2956 424 3164 480 medius
3190 427 3385 498 aliquis
3415 430 3561 489 locus
3589 441 3655 489 sit

391 501 499 572 γὰρ
536 502 769 558 ἔλαττον
836 504 988 559 ἔσται
1034 503 1224 575 Πατὴρ
1269 506 1299 556 δ
1344 504 1555 576 Πατὴρ,
1600 506 1720 560 οὐδὲ
1762 508 1981 562 ἔλαττον

390 592 550 649 ἔσται
582 594 719 657 Υἱὸς
747 596 776 647 ὁ
807 594 953 659 Υίὸς,
992 594 1078 647 ἶνα
1105 612 1188 658 τις
1222 596 1389 666 μέσος
1425 596 1647 666 γένηται
1678 599 1842 662 τόπος
1872 617 1983 669 χω-

399 684 511 755 ρῶν
538 684 645 754 τῆς
692 685 875 751 οὐσίας
901 686 999 757 τὴν
1046 686 1329 755 ὑπόϐασιν,
1382 688 1572 760 ὥσπερ
1617 691 1711 742 ἐπὶ
1752 692 1852 762 τῆς
1898 691 1978 745 δι-

398 774 701 846 καιοσύνης
751 777 844 831 καὶ
893 778 1108 842 ἀδικίας
1142 778 1376 847 ἐλέγετο.
1415 780 1643 844 Οὐδενὸς
1694 780 1983 852 τοιγαροῦν

402 867 730 937 χωρίζοντος
757 868 922 924 τόπου
960 870 1063 939 τῆς
1096 870 1231 941 πρὸς
1261 870 1393 923 Θεὸν
1418 872 1638 943 Πατέρα
1668 873 1985 943 ὁμοιότητος

406 960 504 1012 τὸν
530 960 673 1023 Υίὸν,
706 961 957 1032 περιττὸν
979 962 1042 1014 τὸ
1063 961 1248 1030 λέγειν
1276 965 1339 1034 τῇ
1373 962 1626 1034 βουλήσει
1666 965 1979 1034 προσεοικέ-

410 1067 501 1104 ναι
524 1052 715 1123 μᾶλλον
738 1053 925 1121 αὑτὸν,
947 1054 1042 1108 καὶ
1064 1055 1163 1107 οὐκ
1186 1055 1335 1126 αὐτῷ
1356 1054 1434 1126 τῷ
1459 1054 1797 1127 ὲκλάμψαντι
1819 1056 1980 1111 αὐτὸν

408 1141 600 1213 Πατρί.

1085 1258 1285 1312 ΑΛΛΟ.

469 1364 568 1423 Ὧν
598 1370 629 1423 ὁ
666 1369 823 1437 λόγος
860 1372 892 1424 ό
929 1370 1111 1436 αὐτὸς,
1163 1370 1339 1426 ταῦτα
1383 1372 1597 1436 παντως
1646 1374 1863 1445 ὁμοειδῆ
1919 1393 1977 1428 τι

395 1456 534 1517 εἶναι
563 1463 655 1515 καὶ
682 1462 936 1533 ἀλλήλοις
978 1462 1194 1520 ἐοικότα
1228 1463 1473 1533 φυσικῶς
1501 1464 1818 1533 ἀναγκαῖον.
1852 1461 1978 1520 Οἷον

397 1552 532 1626 φέρε
576 1554 751 1607 εἰπεῖν
774 1569 787 1580 ·
844 1554 902 1608 '0
934 1553 1029 1609 τοῦ
1071 1554 1363 1627 ἀνθρώπου
1397 1554 1555 1623 λόγος
1600 1555 1772 1621 οὕτως
1815 1556 1975 1627 ἔχων,

402 1642 540 1707 ζῶον
563 1642 807 1711 λογικὸν,
845 1642 1058 1715 Θνητὸν,
1089 1643 1179 1697 νοῦ
1215 1644 1309 1698 καὶ
1348 1643 1666 1717 ὶπιστήμης
1697 1644 1941 1700 δεκτικόν
1960 1665 1974 1679 ο

406 1732 528 1787 καθ’
557 1726 632 1785 ὧν
666 1732 706 1784 δ’
739 1732 804 1786 ἂν
832 1732 1067 1803 φέροιτο,
1092 1733 1260 1789 ταῦτα
1286 1738 1386 1807 τῆς
1422 1736 1599 1805 αὐτῆς
1636 1737 1824 1802 οὐσίας
1849 1738 1979 1795 ὄντα

410 1824 670 1878 δεικνύει.
701 1825 808 1879 Καὶ
834 1821 912 1888 οἷς
941 1825 1008 1880 ἂν
1033 1826 1201 1881 ταῦτα
1244 1828 1669 1899 ὲπαληθεύηται,
1698 1829 1767 1883 τὰ
1796 1832 1853 1883 έν
1900 1831 1979 1900 τῷ

416 1918 546 1988 ὅρῳ,
590 1917 744 1987 φημὶ,
772 1915 941 1969 ταῦτα
973 1918 1191 1983 πάντως
1225 1918 1545 1991 ἀνθρώπους
1593 1916 1734 1975 εἶναι
1779 1921 1877 1975 δεῖ.
1917 1922 1979 1975 Εἰ

411 2008 515 2078 γὰρ
558 2007 691 2071 ζῶόν
730 2008 845 2060 ἐστι
876 2007 1114 2079 λογικὸν,
1159 2009 1374 2081 θνητὸν,
1402 2011 1494 2065 νοῦ
1530 2013 1621 2065 καὶ
1665 2013 1980 2083 ἐπιστήμης

394 2098 658 2164 δεκτικὸν,
690 2100 743 2152 τί
771 2100 837 2154 ἂν
866 2100 1056 2172 ἕτερον
1091 2101 1178 2172 εἴη
1209 2102 1396 2155 λοιπὸν
1422 2104 1456 2174 ἡ
1481 2102 1765 2174 ἄνθρωπος
1792 2104 1853 2157 τὸ
1882 2120 1980 2173 ση-

392 2192 723 2261 μαινόμενον
744 2209 759 2257 ;
791 2194 857 2247 Εἰ
878 2194 1060 2247 τοίνυν
1080 2194 1143 2247 τὸ
1168 2194 1297 2257 Θεὸς
1325 2194 1496 2264 ὄνομα
1518 2197 1611 2248 καὶ
1636 2195 1855 2267 Κύριος,
1883 2198 1978 2251 καὶ

392 2282 457 2333 τὸ
486 2282 791 2352 ἄφθαρτος,
817 2283 916 2335 καὶ
937 2284 1000 2335 τὸ
1029 2283 1303 2351 βασιλεὺς,
1338 2284 1434 2336 καὶ
1456 2284 1579 2337 εἴτι
1616 2285 1802 2356 ἕτερον
1840 2286 1977 2355 πρὸς

401 2372 619 2435 τούτοις
658 2374 791 2441 περὶ
818 2372 913 2425 τοῦ
941 2372 1157 2444 Πατρὸς
1180 2373 1415 2441 λέγεται,
1452 2374 1542 2428 καὶ
1576 2373 1745 2429 ταῦτα
1781 2376 1870 2428 καὶ
1893 2377 1974 2446 ἐφ’

405 2450 540 2520 Ϋίοῦ
560 2466 838 2534 φερόμενα
856 2464 1273 2533 ἐπαληθεύεται.
1300 2465 1391 2520 καὶ
1413 2465 1473 2517 ού
1490 2465 1650 2535 μέχρι
1682 2465 1854 2533 μόνων
1872 2466 1975 2519 τῶν

394 2557 689 2627 ὀνομάτων
717 2555 817 2626 τήν
843 2557 1124 2627 εὐφημίαν
1150 2556 1280 2627 ἔχει,
1313 2557 1430 2613 ἀλλ’
1460 2558 1608 2611 ἐστιν
1636 2558 1800 2620 ὄντως
1833 2559 1974 2613 οὕτω

392 2646 491 2702 καὶ
525 2647 668 2700 κατά
695 2646 881 2714 φύσιν,
910 2650 1061 2710 ποῖος
1101 2647 1253 2716 λόγος
1297 2648 1396 2718 τῆς
1439 2650 1576 2720 πρὸς
1619 2648 1712 2702 τὸν
1757 2652 1975 2721 Πατέρα

390 2739 631 2810 φυσικῆς
688 2740 1010 2812 ὁμοιότητος
1058 2742 1246 2811 χωριεί
1293 2739 1385 2793 τὸν
1442 2742 1604 2808 Υίόνς
1671 2744 1807 2799 Ἕνα
1864 2745 1975 2816 γὰρ

390 2831 573 2904 έχουσι
600 2832 701 2903 τῆς
723 2832 915 2895 οὐσίας
943 2831 1034 2885 τὸν
1071 2833 1213 2903 ὅρον,
1240 2833 1333 2887 καὶ
1360 2835 1539 2890 πάντα
1579 2835 1681 2889 ὅσα
1708 2836 1975 2905 πρόσεστι

391 2923 470 2995 τῷ
519 2923 893 2994 γεγεννηκότι,
937 2924 1031 2977 καὶ
1074 2924 1167 2977 ὲπὶ
1215 2924 1306 2977 τοῦ
1359 2925 1715 3011 γεννηθέντος
1762 2926 1972 2994 ἐπαλη-

395 3015 626 3070 θεύεται.
660 3016 724 3069 Εί
747 3015 805 3071 δέ
844 3032 927 3078 τις
968 3014 1251 3087 ἀποτολμᾷ
1287 3015 1639 3087 ψευδώνυμον
1668 3017 1801 3070 Θεὸν
1832 3014 1973 3073 εἶναι

2086 510 2176 580 qui
2209 511 2385 580 capiat
2412 512 2660 567 essentia:
2692 511 3143 580 imminutionem,
3175 519 3316 573 sicut
3353 522 3419 575 de
3446 523 3654 594 justitia

2084 610 2138 656 el
2186 601 2444 667 injustitia
2486 602 2684 657 dictum
2708 612 2809 657 est.
2842 602 2976 657 Cum
3022 606 3208 675 itaque
3248 610 3426 667 nullus
3467 619 3659 675 modus

2085 690 2177 754 sit,
2208 691 2296 759 qui
2326 689 2521 744 Filium
2550 705 2579 744 a
2609 690 2960 747 similitudine
2989 692 3167 750 Patris
3196 710 3435 769 separet,
3466 718 3661 775 super-
3758 747 3763 751 .

2084 796 2377 834 vacaneum
2432 792 2593 851 atque
2646 782 2938 838 absurdum
3003 796 3086 840 est
3144 787 3325 843 dicere
3396 791 3656 850 voluntati

2082 869 2260 927 Patris
2294 870 2467 939 ipsum
2504 872 2685 943 potius
2719 873 2949 937 similem
2983 888 3134 939 esse,
3165 891 3271 932 non
3306 875 3453 934 Patri
3492 883 3589 952 ipsi
3629 900 3658 939 ο

2082 977 2188 1030 quo
2218 962 2453 1031 effulget.

2758 1262 2986 1319 ALIUD.

2151 1368 2390 1436 Quorum
2423 1374 2611 1430 eadem
2645 1388 2727 1432 est
2755 1379 2919 1445 ratio,
2951 1380 3067 1437 haec
3097 1383 3388 1440 uniformis
3422 1396 3475 1442 et
3504 1399 3657 1444 natu-

2084 1464 2273 1518 raliter
2299 1466 2496 1520 similia
2536 1468 2677 1523 inter
2704 1484 2763 1523 se
2788 1486 2910 1527 esse
2943 1488 3164 1531 necesse
3192 1486 3295 1531 est.
3326 1474 3397 1531 Ut
3424 1482 3656 1551 exempli

2080 1557 2255 1623 gratia
2290 1572 2305 1610 :
2338 1558 2572 1613 hominis
2602 1561 2742 1616 ratio
2774 1563 2845 1617 ita
2876 1565 3099 1631 habens,
3137 1569 3334 1624 animal
3368 1572 3653 1640 rationale,

2083 1648 2339 1713 mortale,
2382 1648 2686 1708 intellectus
2727 1663 2780 1709 et
2826 1656 3065 1713 scientia:
3114 1675 3311 1729 capax,
3349 1678 3538 1719 omnes
3587 1666 3653 1721 ad

2082 1752 2219 1804 quos
2251 1739 2299 1791 id
2334 1739 2587 1805 refertur,
2613 1742 2853 1811 ejusdem
2888 1748 3204 1804 substantia:
3238 1766 3361 1809 esse
3394 1756 3652 1813 ostendit.

2078 1829 2189 1901 68
2224 1830 2284 1883 Et
2315 1832 2508 1899 quibus
2538 1835 2652 1889 haec
2683 1837 2921 1894 deﬁnitio
2946 1855 3069 1895 vere
3093 1846 3379 1912 competit,
3407 1845 3654 1904 homines

2081 1937 2202 1975 esse
2244 1938 2465 1978 necesse
2503 1936 2607 1982 est.
2638 1928 2693 1981 Si
2740 1931 2883 1984 enim
2931 1933 3128 1987 animal
3171 1936 3330 1993 inerit
3367 1941 3651 2007 rationale,

2082 2011 2347 2077 mortale,
2387 2014 2692 2073 intellectus
2736 2031 2784 2073 et
2834 2026 3110 2091 sapientia:
3154 2041 3359 2099 capax,
3393 2030 3651 2099 quidnam

2080 2100 2221 2155 aliud
2256 2120 2414 2171 quant
2453 2107 2613 2162 homo
2648 2111 3013 2181 signiﬁcetur?
3053 2116 3109 2171 Si
3132 2134 3261 2188 ergo
3291 2136 3484 2177 nomen
3524 2125 3646 2190 hoc,

2078 2189 2220 2246 Deus
2245 2205 2299 2248 et
2328 2195 2614 2263 Dominus,
2644 2212 2698 2255 et
2728 2203 3079 2274 immortalis,
3107 2221 3158 2263 et
3196 2226 3286 2266 rex
3308 2250 3323 2275 ,
3351 2222 3405 2267 et
3436 2212 3478 2266 si
3510 2189 3651 2282 quod

2078 2294 2337 2351 praeterea
2368 2288 2513 2343 aliud
2538 2293 2603 2346 de
2634 2291 2793 2350 Patre
2824 2298 3045 2364 dicitur,
3074 2301 3238 2354 etiam
3266 2302 3331 2357 de
3359 2303 3496 2358 Filio
3524 2320 3651 2360 vere

2078 2374 2352 2442 dicuntur,
2407 2396 2580 2450 neque
2630 2387 2933 2442 nominibus
2977 2391 3184 2455 solum,
3231 2394 3325 2448 sed
3378 2397 3552 2465 reipsa
3600 2407 3655 2453 ct

2077 2470 2373 2522 secundum
2416 2486 2694 2542 naturam,
2723 2493 2965 2546 quaenam
3008 2484 3144 2537 ratio
3181 2501 3208 2537 a
3256 2489 3483 2541 naturali
3528 2506 3649 2545 cum

2077 2556 2237 2614 Patre
2285 2562 2637 2620 similitudine
2683 2568 2878 2624 Filium
2928 2577 3237 2643 separabit?
3284 2578 3456 2634 Unam
3503 2582 3648 2635 enim

2077 2651 2277 2705 habent
2304 2658 2550 2710 essentia:
2580 2658 2975 2730 definitionem,
3002 2675 3056 2720 et
3093 2671 3272 2723 omnia
3308 2686 3427 2735 qua:
3468 2674 3651 2728 insunt

2075 2740 2340 2807 Genitori,
2362 2747 2523 2801 etiam
2544 2749 2607 2802 de
2628 2752 2821 2807 Genito
2846 2770 2970 2808 vere
2997 2758 3269 2815 dicuntur.
3296 2759 3352 2815 Si
3381 2763 3500 2831 quis
3522 2780 3650 2817 vero

2076 2847 2241 2889 ausus
2283 2836 2447 2893 fuerit
2486 2841 2665 2896 dicere
2702 2844 2894 2900 Filium
2939 2847 3079 2903 l'also
3122 2854 3391 2908 nominari
3448 2854 3647 2920 Deum.

2076 2940 2247 2994 neque
2280 2930 2509 2999 amplius
2537 2934 2827 3003 quidquam
2865 2938 3065 2994 habere
3097 2957 3262 3011 quam
3298 2960 3393 2999 eos
3424 2948 3513 3015 qui
3550 2964 3647 3017 per

2074 3020 2301 3085 gratiam
2328 3024 2395 3076 ad
2418 3019 2755 3079 divinitatem
2788 3039 2841 3081 et
2867 3030 3175 3086 illiationem
3204 3039 3377 3089 vocati
3408 3048 3529 3092 sunt
3551 3081 3566 3103 ,
3594 3042 3646 3097 in

400 3105 576 3175 λέγειν
603 3107 692 3159 τὸν
716 3106 859 3173 Υἱὸν,
897 3107 990 3161 καὶ
1022 3105 1189 3161 πλέον
1218 3107 1368 3159 οὐδὲν
1395 3107 1539 3177 ἔχειν
1563 3107 1675 3161 τῶν
1703 3109 1843 3165 κατά
1872 3110 1971 3180 χά-

2073 3105 2222 3162 Pauli
2247 3110 2582 3167 Samosateni
2610 3115 2800 3183 dogma
2827 3118 3127 3188 prolapsus,
3146 3122 3193 3176 is
3220 3127 3412 3179 merito
3431 3140 3463 3180 ι
3491 3130 3647 3185 nobis

403 3214 490 3267 ριν
519 3199 596 3261 εἰς
634 3197 856 3267 θεότητα
885 3197 978 3251 καὶ
1008 3199 1087 3262 εἰς
1119 3198 1348 3267 υίότητα
1374 3200 1749 3271 κεκλημένων,
1799 3203 1877 3267 είς
1913 3204 1973 3256 τὸ

397 3287 609 3342 Παύλου
648 3287 740 3342 τοῦ
777 3288 1137 3372 ξαμοσατέως
1165 3288 1487 3361 ἐμϐεϐηκὼς
1512 3291 1705 3362 δόγμα,
1748 3294 1973 3357 δικαίως

392 3379 682 3435 ἀκούσεται
713 3381 844 3452 παρ’
894 3380 1052 3451 ἡμῶν
1075 3397 1088 3410 ·
1133 3398 1153 3432 t
1208 3381 1335 3435 Ἐὰν
1368 3382 1443 3457 μὴ
1485 3384 1835 3455 πιστεύσητε,
1863 3387 1970 3444 οὐδ’

387 3473 450 3526 οὐ
484 3474 559 3544 μὴ
604 3472 820 3543 συνῆτε.
857 3490 876 3523 ι
920 3474 1225 3545 ’Δμήχανον
1261 3473 1369 3547 γὰρ
1392 3476 1519 3540 τοὺς
1558 3476 1634 3549 μὴ
1660 3477 1817 3547 φύσει
1839 3478 1969 3533 Θεὸν

386 3563 655 3633 ὑπάρχειν
698 3566 1055 3626 πιστεύοντας
1096 3563 1187 3617 τὸν
1234 3564 1383 3631 Υἰὸν,
1422 3564 1610 3636 νοῆσαι
1652 3567 1753 3640 τὴν
1796 3569 1968 3639 ἐμφέ-

384 3672 539 3727 ρειαν
561 3656 626 3727 ἢν
646 3656 759 3725 ἔχει
781 3655 918 3726 πρὸς
943 3656 1032 3707 τὸν
1059 3656 1279 3729 Πατέρα
1304 3657 1446 3712 κατὰ
1466 3658 1643 3728 φύσιν.
1668 3661 1970 3733 Τοιγαροῦν

380 3745 579 3810 ἐοικὼς
605 3746 681 3817 τῷ
706 3746 906 3817 Πατρὶ,
941 3747 1042 3799 οὐκ
1074 3747 1417 3818 ὲνυπάρκτου
1446 3748 1752 3823 βουλήσεως
1780 3753 1967 3808 εἰκόνα

384 3839 562 3908 φορεῖ,
594 3838 856 3908 ὑπάρχων
894 3837 1002 3908 πρὸ
1031 3836 1138 3891 τῶν
1170 3837 1383 3893 αἰώνων
1413 3840 1560 3905 Υἱός.

895 3960 1258 4050 ΛΟΓΟΣ
1328 3961 1449 4051 Θ’.

374 4116 514 4170 ὀτι
536 4118 866 4187 νόμοούσιος
905 4115 985 4182 τῷ
1030 4116 1212 4184 Harp!
1251 4121 1285 4171 ό
1325 4118 1480 4184 Υἱὸς,
1512 4121 1964 4187 παρατεθέντων

578 4186 819 4259 ῥητῶν,
864 4189 992 4252 τοῦ,
1035 4208 1052 4239 r
1100 4191 1162 4242 Τί
1184 4205 1265 4259 με
1294 4188 1491 4256 λέγεις
1537 4186 1801 4259 d-faﬂdr;
1849 4194 1960 4245 Οὺ-

450 4206 549 4239 και
594 4206 819 4255 ρητων,
864 4206 992 4252 του,
1035 4208 1052 4239 r
1101 4206 1158 4242 ιι
1178 4206 1265 4312 ίιε
1294 4206 1491 4256 λεγεις
1537 4206 1801 4259 amator;
1849 4206 1959 4273 mi-

450 4256 578 4319 δεὶς
611 4257 854 4325 ἀγαθὸς,
901 4260 952 4310 εί
1001 4258 1086 4327 μὴ
1145 4275 1232 4323 ες
1282 4261 1315 4311 ὁ
1350 4260 1531 4327 Θεὸς,
1594 4280 1611 4309 ι
1676 4261 1775 4314 καὶ
1832 4277 1959 4324 του,

455 4344 475 4408 ε
520 4329 853 4408 Homere
888 4329 1037 4395 πρὸς
1063 4329 1171 4382 τὸν
1198 4326 1433 4408 Παξέρα
1457 4346 1575 4408 μευ
1593 4328 1701 4408 μαι
1728 4331 1960 4408 Πατέρα

445 4397 651 4466 ὑμῶν,
719 4400 871 4451 Θεόν
933 4416 1052 4465 μου
1113 4400 1212 4452 καὶ
1287 4398 1435 4452 Θεὸν
1500 4397 1683 4468 ὑμῶν.
1750 4419 1769 4452 ι
1844 4397 1956 4455 Καὶ

2075 3200 2255 3253 audiet
2289 3219 2301 3254 :
2339 3219 2358 3253 ι
2394 3202 2505 3258 Nisi
2539 3206 2909 3276 credideritis,
2942 3226 3047 3265 non
3082 3213 3412 3285 intelligetis.
3450 3238 3469 3271 ι
3500 3220 3642 3277 Fieri

2071 3292 2215 3344 enim
2253 3309 2356 3347 non
2410 3306 2587 3365 potest
2627 3310 2682 3351 ut
2714 3302 2803 3369 qui
2841 3301 3038 3358 Filium
3077 3318 3265 3363 natura
3317 3310 3480 3368 Deum
3525 3330 3646 3371 esse

2072 3394 2177 3433 non
2210 3385 2457 3451 credunt,
2483 3387 2783 3459 intelligant
2812 3396 3111 3451 naturalem
3143 3414 3301 3465 quam
3334 3419 3456 3458 cum
3482 3403 3643 3461 Patre

2072 3470 2233 3527 habet
2256 3474 2683 3536 similitudinem.
2708 3484 2910 3541 Similis
2936 3488 3115 3560 itaque
3136 3490 3304 3559 Patri,
3330 3510 3434 3549 non
3460 3508 3640 3552 autent

2070 3561 2362 3620 voluntatis
2392 3584 2491 3637 per
2516 3586 2575 3626 se
2608 3575 2919 3631 exsistentis
2959 3582 3246 3654 imaginem
3281 3596 3489 3656 gestat,
3517 3602 3643 3646 ante

2069 3655 2247 3707 omnia
2280 3658 2473 3712 szecula
2505 3664 2774 3719 exsistens
2802 3667 2986 3726 Filius.

2441 3974 3015 4066 ASSERTIO
3090 3983 3261 4067 IX.

2065 4114 2219 4194 Quod
2241 4118 2702 4194 consubstantialis
2726 4119 2877 4194 Patri
2900 4124 2967 4175 sit
2996 4121 3189 4190 Filius,
3208 4129 3457 4194 appositis
3481 4135 3634 4191 etiam

2134 4188 2288 4237 dictis
2320 4202 2393 4264 ᾖ(
2434 4186 2573 4264 Quid
2604 4204 2683 4241 me
2708 4191 3100 4264 dicis‘ponum.’
3132 4186 3296 4250 Neu-to
3323 4186 3633 4264 bonus,tiisi

2132 4272 2268 4331 unus
2324 4256 2461 4309 Deus
2483 4257 2586 4323 "‘,
2613 4270 2718 4331 t_et
2740 4300 2756 4322 ,
2786 4279 2807 4311 ‹
2844 4260 2986 4317 Vada
3030 4268 3099 4316 ad
3139 4264 3346 4323 Patrem

2132 4324 2345 4401 [fatrem
2364 4337 2607 4391 vestrum,
2628 4328 2796 4401 Deum
2812 4349 2980 4388 meum
3002 4345 3051 4387 et
3074 4335 3239 4391 Deum
3263 4324 3550 4399 vestrum“

2130 4396 2370 4485 similiter
2409 4415 2642 4470 quoque,
2676 4420 2694 4451 ι
2735 4400 2900 4457 Pater
2921 4407 3007 4474 qui
3038 4409 3175 4461 misit
3223 4427 3331 4476 me,
3360 4396 3532 4485 major
3557 4434 3635 4471 me

449 4470 694 4540 ομοίως,
738 4487 755 4517 ‹
809 4468 871 4520 '0
900 4468 1102 4538 Πατὴρ
1133 4473 1164 4522 ό
1196 4468 1440 4537 πέμψας
1471 4466 1547 4538 μέ
1585 4470 1797 4539 μείζων
1834 4473 1954 4540 μού
1986 4470 2031 4524 D
2128 4466 2286 4520 tu".
2319 4487 2338 4519 ι

452 4539 633 4590 ἐστιν.
675 4558 693 4588 ι

454 4648 517 4703 Εἰ
537 4652 737 4721 ἤρξατο
776 4652 872 4706 τοῦ
905 4654 1097 4720 γεννᾷν
1129 4652 1220 4705 τὸν
1262 4653 1387 4707 Υίὸν
1416 4656 1444 4708 ὁ
1469 4655 1678 4726 Πατὴρ,
1707 4658 1800 4710 καὶ
1823 4675 1953 4711 κατ-

376 4744 609 4805 έπαυσε,
661 4744 915 4815 καθάπερ
960 4746 1007 4798 οἱ
1039 4746 1409 4817 Χριστομάχοι
1457 4748 1608 4816 φασὶ,
1640 4750 1697 4800 ὲν
1741 4749 1952 4820 ὑστέρῳ

375 4837 553 4909 χρόνῳ
585 4839 940 4909 προσγέγονεν
973 4838 1140 4911 αύτῷ.
1170 4834 1279 4891 Ἦν
1310 4836 1403 4893 οὖν
1443 4841 1549 4911 ἄρα
1596 4843 1726 4907 πρὶν
1754 4858 1950 4911 γεννη-

370 4930 554 5001 θῆναι,
586 4934 704 4984 κατ’
732 4932 977 4995 ἐκείνους
1022 4935 1081 4986 ὲν
1126 4932 1313 5003 μονάδι
1337 4934 1396 4986 τὸ
1435 4934 1588 4988 Θεῖον
1613 4949 1626 4962 ·
1673 4934 1860 5001 γέγονε
1894 4933 1951 4985 δὲ

367 5023 596 5094 ὕστερον
621 5027 679 5079 ὲν
702 5025 856 5079 δυάδι
880 5025 1228 5095 γεννηθέντος
1249 5025 1343 5078 τοῦ
1368 5026 1520 5089 Υἱοῦ,
1543 5027 1638 5079 καὶ
1661 5025 1848 5095 ὥσπερ
1869 5042 1953 5087 τις

368 5115 658 5187 προσθήκη
700 5123 795 5171 καὶ
826 5116 1055 5187 αῦξησις
1084 5118 1334 5188 Θεότητος
1375 5117 1434 5181 ἐξ
1464 5119 1697 5187 ἀρχαίας
1726 5118 1952 5187 μονάδος

370 5211 454 5273 εἰς
483 5210 580 5281 τὴν
627 5211 766 5282 μετά
814 5211 986 5264 ταῦτα
1021 5210 1207 5265 δυάδα.
1250 5209 1578 5278 Ἀποκαμὼν
1612 5208 1668 5260 δὲ
1700 5211 1730 5261 ό
1762 5208 1951 5277 Πατὴρ

367 5300 558 5370 ὥσπερ
583 5305 638 5357 ὲν
663 5302 742 5375 τῷ
764 5298 905 5357 εἶναι
933 5304 1115 5374 μόνος,
1141 5303 1400 5373 ἐπενόησε
1426 5300 1518 5353 τὸν
1545 5299 1672 5352 Υἱὸν
1697 5300 1949 5353 κοινωνὸν

364 5390 470 5462 τῆς
493 5391 744 5466 θεότητος
770 5396 867 5449 καὶ
892 5394 1003 5448 τῶν
1028 5395 1229 5466 ἔργων.
1251 5396 1363 5447 Καὶ
1394 5391 1563 5445 πολλά
1587 5392 1722 5461 πρὸς
1741 5391 1950 5454 τούτοις

359 5483 626 5557 δύσφημά
659 5504 720 5540 τε
779 5487 878 5541 καὶ
932 5486 1133 5556 πολλῆς
1184 5485 1425 5555 γέμοντα
1460 5485 1559 5555 τῆς
1607 5483 1835 5546 ἀτοπίας
1884 5483 1948 5535 ὲκ

360 5575 457 5631 τοῦ
496 5581 714 5649 φρονεῖν
760 5578 906 5631 οὕτω
938 5577 1405 5649 παρενεχθήσεται
1428 5594 1440 5607 ·
1472 5576 1505 5629 ἃ
1546 5577 1638 5630 καὶ
1677 5576 1945 5644 τοσαύτην

434 5734 504 5767 ⁸⁸⁸
534 5736 702 5791 Marc.
738 5735 905 5801 κ,18.
983 5735 1030 5766 ⁸⁸
1060 5733 1213 5789 Joan.
1251 5750 1341 5798 xx,
1379 5734 1465 5787 17.
1543 5734 1587 5765 ⁸⁸
1625 5732 1778 5787 Joan.
1823 5746 1929 5795 xiv,
1958 5730 2047 5782 ‘28.

2134 4662 2190 4715 Si
2211 4662 2670 4735 Pateraliquando
2684 4670 2848 4739 cmpit
2864 4688 3125 4741 generare
3139 4676 3355 4745 Filium,
3374 4691 3423 4733 et
3445 4694 3627 4750 postea

2062 4754 2313 4815 cessavit,
2359 4759 2812 4824 quemadmodum
2865 4763 3046 4818 hostes
3088 4766 3293 4820 Christi
3337 4784 3627 4834 asserunt,

2060 4845 2325 4907 βοείου-ἰηι-
2355 4856 2595 4916 tempore
2617 4849 2761 4905 Patri
2801 4857 3048 4910 accessit.
3078 4857 3206 4913 Erat
3243 4860 3442 4925 itaque,
3472 4873 3627 4916 antea

2058 4946 2216 4999 quam
2259 4938 2413 4991 lleret
2450 4939 2647 5004 Filius,
2678 4954 2735 4995 ut
2773 4944 2851 4997 illi
2897 4947 3109 5010 volunt,
3142 4949 3295 5000 unica
3335 4950 3385 5001 in
3432 4952 3631 5009 deitatu

2056 5038 2315 5091 persona;
2344 5041 2526 5095 postea
2552 5046 2681 5085 vero
2702 5035 2839 5095 dum,
2862 5033 3004 5088 {acto
3028 5035 3190 5102 Filio;
3214 5048 3373 5108 atque
3394 5041 3464 5095 ita
3484 5046 3631 5097 addi-

2062 5127 2354 5171 tamentum
2382 5121 2595 5188 aliquod
2622 5125 2738 5178 sive
2766 5126 3151 5182 incrementum
3176 5129 3394 5190 deitatis
3420 5135 3622 5192 factum

2060 5219 2142 5262 est
2162 5224 2224 5263 ex
2248 5212 2413 5265 veteri
2440 5214 2645 5269 unitate
2668 5215 2717 5269 in
2742 5219 3093 5285 posteriorem
3115 5224 3447 5283 dualitatem.
3467 5229 3628 5284 Cum-

2059 5315 2165 5367 que
2199 5301 2596 5368 quodammodo
2639 5306 2875 5365 taederet.
2898 5308 3111 5366 Patrem
3144 5315 3254 5388 67
3289 5320 3625 5385 solitudinis,

2059 5395 2400 5448 machinatus
2445 5406 2529 5451 est
2568 5397 2795 5465 Filium,
2826 5404 2921 5472 qui
2968 5405 3267 5462 divinitatis
3310 5426 3422 5464 sua:
3466 5425 3629 5482 atque

2055 5498 2275 5551 operum
2300 5488 2479 5542 socius
2499 5503 2662 5544 esset.
2689 5490 2965 5563 Multaque
2986 5499 3288 5567 hujusmodi
3315 5502 3628 5571 hlasphema

2057 5589 2374 5646 sunnnaque
2437 5582 2773 5639 absurditate
2833 5586 3026 5640 referta
3088 5602 3151 5641 ex
3220 5590 3321 5643 hac
3378 5593 3631 5657 Opinione
