4056 6264
437 272 538 329 ΙΙΙ

1468 262 1525 312 δ.
1568 261 1844 314 mnu.”
1887 254 2350 311 ALEXANDHIM
2386 254 2707 310 AliClllEP.

3611 260 3721 311 il?

436 391 776 452 accumulant
806 409 819 447 :
855 403 974 460 quae
1005 387 1139 442 adeo
1169 393 1412 440 atrocem
1442 383 1835 452 blasphemiam
1873 381 1926 433 in
1963 393 2009 432 se

2125 376 2240 448 ἕχει
2277 376 2374 448 τὴν
2407 377 2739 448 δυσφημίαν,
2775 377 2848 440 ὡς
2890 377 3049 430 παντί
3080 394 3155 448 τῳ
3185 375 3437 444 γενέσθαι
3469 385 3720 446 φευκτά..

428 488 743 552 continent,
776 495 835 539 ut
885 484 1082 537 merito
1122 479 1370 534 omnibus
1415 476 1742 530 exsecranda
1789 477 1917 528 sint.
1953 471 2009 526 Si

432 595 563 654 ergo
589 594 710 634 eam
740 591 862 647 quae
895 577 948 629 in
982 575 1140 628 dictis
1175 586 1359 626 eorum
1394 578 1475 624 est
1508 566 1890 622 absurditatem
1920 565 2011 618 de-

442 671 628 730 testari
665 667 957 730 convenit,
995 678 1333 734 consequens
1374 671 1458 717 est
1488 670 1545 714 ut
1576 659 1860 714 credamus
1904 671 2011 709 non

435 762 683 836 additum
713 771 836 813 esse
870 755 1066 810 Filium
1098 751 1274 817 Patri,
1307 750 1399 804 sed
1437 763 1651 817 semper
1685 755 2010 800 comterunm

434 851 646 925 ex’ipso
670 850 855 906 fuisse.
875 847 942 902 Et
962 843 1436 916 quemadmodum,
1458 840 1502 896 si
1533 839 1744 893 additus
1768 835 1886 900 fuit,
1908 849 2011 888 non

435 957 555 1002 erat
588 938 1068 999 consubstantialis
1106 957 1118 991 :
1159 936 1232 990 ita
1267 935 1430 989 etiam
1453 971 1467 996 ,
1504 945 1624 984 cum
1661 927 1874 982 additus
1909 938 2013 978 non

435 1037 616 1102 fuerit,
645 1034 742 1090 sed
770 1045 985 1100 semper
1011 1045 1133 1083 cum
1160 1029 1276 1100 ipso
1294 1022 1582 1088 exstiterit,
1603 1021 1824 1077 omnino
1854 1018 2014 1074 etiam

434 1122 913 1185 consubstantialis
945 1121 991 1176 ei
1027 1129 1130 1175 est.

1107 1230 1338 1288 ALIUD.

501 1349 740 1408 Tametsi
774 1348 957 1419 aliquo
992 1345 1149 1400 modo
1179 1343 1395 1398 ditl‘erat
1424 1339 1596 1394 Filius
1629 1353 1658 1390 a
1691 1351 1791 1392 suo
1821 1335 2014 1398 Patre,

429 1437 491 1500 ea
524 1444 781 1499 nimirum
811 1439 1025 1494 ratione
1049 1451 1153 1505 qua
1182 1435 1344 1488 Pater
1369 1431 1692 1503 principium
1721 1436 1826 1492 est,
1847 1426 2017 1480 Filius

432 1546 613 1592 autem
642 1549 707 1589 ex
741 1531 1027 1602 principio,
1055 1543 1160 1583 non
1191 1535 1371 1581 tamen
1401 1524 1603 1578 idcirco
1629 1522 1769 1575 idem
1803 1534 1922 1574 cum
1950 1532 2016 1573 eo

432 1638 484 1683 et
516 1621 1011 1681 consubstantialis
1045 1633 1167 1673 esse
1200 1617 1430 1671 desinet.
1464 1612 1646 1681 Neque
1681 1611 1821 1664 enim
1853 1608 2014 1678 quid-

2117 469 2179 520 Εξ
2211 467 2390 521 τοίνυν
2427 468 2527 539 τὴν
2560 469 2618 521 ὲν
2658 470 2769 531 τοῖς
2800 469 3111 538 εἰρημένοις
3153 467 3381 520 ἀτοπίαν
3413 471 3724 537 παραιτεῖ-

2116 559 2438 625 σθαικαλὺν,
2462 561 2740 613 πιστεύειν
2761 559 3054 613 ἀκόλουθον
3079 561 3153 622 ὼς
3190 559 3251 614 οὐ
3293 559 3676 630 προσγέγονεν
3695 563 3724 613 6

2110 651 2244 714 ’Υἱὸς
2265 651 2350 722 τῷ
2373 652 2570 721 nam,
2603 651 2719 705 ἀλλ’
2750 647 2817 723 ἦν
2846 653 2933 705 ἀεὶ
2970 652 3236 714 συναῒδιος
3266 651 3326 715 ἐξ
3370 651 3558 704 αὐτοῦ.
3603 654 3723 705 Καὶ

2113 743 2325 814 ὥσπερ,
2364 744 2412 795 εί
2439 743 2820 815 προσ-γεγονὼς
2854 741 3124 814 ἐφαίνετο,
3170 745 3272 796 οὐκ
3303 744 3368 796 ἂν
3398 740 3466 814 ἦν
3505 745 3721 814 ὁμοσύ-

2117 855 2249 902 σιος,
2295 837 2494 918 οὕτωςζ
2535 838 2657 890 ἐπεὶ
2705 837 2780 908 μὴ
2808 835 2965 889 τοῦτό
2993 837 3160 899 ἐστιν,
3205 835 3319 889 ἀλλ’
3361 831 3430 905 ἦν
3471 837 3560 888 ἀεὶ
3615 838 3720 888 σὺν

2115 929 2286 1002 αὐτῷ,
2320 929 2540 993 πάντως
2573 928 2726 983 ἔσται
2767 929 2862 982 καὶ
2895 928 3196 999 ὁμοούσιος.

2802 1217 3008 1272 AAAO.

2185 1330 2305 1384 Κᾶν
2328 1334 2424 1402 ἔχῃ
2452 1331 2571 1384 τινὰ
2593 1331 2856 1402 διαφορὰν
2880 1335 2907 1384 6
2938 1331 3066 1394 Υἱὸς
3097 1331 3173 1394 ὡς
3205 1331 3340 1402 πρὸς
3369 1331 3460 1384 τὸν
3505 1333 3714 1386 ἑαυτοῦ

2116 1423 2357 1494 Πατέρα,
2387 1423 2507 1476 καθ’
2533 1422 2600 1493 ἢν
2629 1425 2656 1476 ὁ
2684 1423 2782 1492 μὲν
2822 1421 3012 1494 Πατὴρ
3042 1423 3182 1493 ἀρχή
3210 1424 3380 1489 ἐστιν,
3411 1427 3438 1476 ό
3465 1423 3523 1476 δὲ
3567 1424 3712 1487 Υἱὸς

2115 1518 2179 1568 ὲκ
2203 1517 2300 1586 τῆς
2329 1515 2522 1586 ἀρχῆς,
2557 1514 2672 1567 ἀλλ’
2705 1516 2765 1566 οὐ
2809 1515 2896 1567 διὰ
2921 1513 3078 1566 τοῦτο
3108 1515 3206 1585 τῆς
3233 1516 3560 1587 ταύτότητος
3585 1513 3709 1570 ’καὶ

2113 1607 2214 1678 τῆς
2255 1608 2392 1678 πρὸς
2424 1606 2587 1659 αὐτὸν
2620 1606 3040 1677 ὁμοουσιότητος
3067 1605 3456 1675 ἐξωσθήσεται.
3489 1609 3560 1661 Οὐ
3593 1609 3710 1679 γὰρ

431 1731 595 1786 quam
628 1713 792 1768 fuerit
819 1719 1147 1766 comternum
1178 1705 1359 1774 Patri,
1387 1703 1528 1773 quod
1559 1717 1625 1756 ex
1654 1702 1768 1771 ipso
1797 1709 2009 1753 natura-

2117 1699 2268 1752 ἔσται
2306 1715 2358 1752 τι
2399 1699 2669 1752 συναῖδιον
2696 1698 2776 1768 τῷ
2809 1698 3009 1769 Πατρὶ,
3053 1698 3129 1768 μὴ
3159 1698 3218 1750 ὃν
3253 1698 3312 1763 ἐξ
3341 1699 3506 1752 αὐτοῦ
3543 1718 3712 1768 φυσι-

431 1810 556 1864 liter
583 1821 688 1862 non
720 1804 910 1869 fuerit;
945 1816 1012 1856 ne
1043 1801 1206 1856 etiam
1236 1795 1502 1852 creaturis
1530 1795 1632 1848 hoc
1663 1793 1841 1846 inesse
1867 1789 2014 1843 dica-

432 1919 587 1969 mus,
620 1901 761 1972 quod
793 1897 894 1954 soli
924 1896 1120 1952 divina:
1151 1903 1356 1948 natura:
1388 1891 1547 1945 inest.
1575 1887 1838 1954 Quocirca
1875 1893 2012 1936 tam-

431 1993 727 2052 etsiFilius
747 1990 965 2045 Patrem
986 2003 1142 2043 suum
1169 1984 1491 2056 principium
1517 1982 1810 2045 itabeat,ea
1834 1986 2010 2030 tamen

432 2087 642 2142 ratione
693 2099 799 2156 qua
853 2096 920 2136 ex
975 2079 1239 2150 principio
1293 2087 1405 2141 est,
1457 2087 1671 2142 unaque
1720 2084 1844 2127 cum
1899 2068 2014 2140 ipso

431 2176 673 2241 exsistit,
703 2171 985 2228 dissimilis
1016 2169 1066 2224 ei
1102 2167 1395 2222 secundum
1429 2161 1718 2219 essentiam
1753 2175 1872 2214 esse
1908 2173 2012 2211 non

432 2274 628 2337 potest.
655 2263 930 2334 Siquidem
957 2260 1082 2330 quia
1111 2274 1175 2312 ex
1201 2256 1469 2329 principio
1492 2264 1594 2317 est,
1619 2252 1822 2307 idcirco
1847 2251 2010 2306 etiam

431 2353 913 2416 consubstantialis
939 2351 1208 2423 principio
1237 2359 1342 2404 est.
1367 2348 1424 2402 ld
1454 2361 1582 2401 vero
1610 2346 1752 2412 quod
1782 2342 2012 2397 consub-

431 2446 864 2507 stantiale'Patri
908 2454 1012 2508 est,
1059 2442 1349 2498 ascititium
1393 2455 1502 2494 non
1555 2449 1658 2503 εει,
1704 2451 1772 2492 ne
1817 2445 1871 2490 et
1902 2435 2013 2503 ipse

435 2541 700 2613 ejusmodi
729 2553 851 2596 esse
868 2536 1206 2607 reperiatur.

1115 2625 1269 2679 ALIU
1282 2631 1339 2678 ι).

876 2742 960 2796 Ex
988 2738 1275 2808 objectione
1304 2732 1574 2788 Eunomtt.

505 2861 628 2918 Non
651 2855 1085 2927 recipit,-inqnit,
1110 2849 1511 2920 generationem
1540 2845 1717 2899 Patris
1743 2843 2008 2908 essentia;

437 2957 655 3027 genitus
697 2962 881 3007 autem
930 2957 1014 3002 est
1053 2945 1240 3000 Filius.
1273 2941 1388 3008 Quo
1433 2949 1592 3008 pacto
1633 2939 1793 3008 igitur
1836 2938 1884 2990 is
1922 2937 2012 3004 qui

437 3048 652 3122 genitus
678 3054 762 3101 est
781 3042 886 3098 erit
917 3034 1398 3095 eonsubstantialis
1421 3031 1590 3098 Patri,
1615 3032 1704 3099 qui
1735 3044 1842 3084 non
1875 3030 2014 3084 reci-

431 3142 512 3214 pit
533 3133 978 3211 generationem?

943 3241 1152 3297 Salutio
1174 3236 1508 3307 objectionia.

503 3365 696 3419 Dieant
721 3357 908 3420 nobis,
936 3355 1198 3416 obsecro,
1227 3350 1318 3423 qui
1351 3347 1658 3417 hujusmodi
1692 3345 1854 3400 stulte
1890 3358 2013 3410 pro-

426 3447 612 3516 ferunt
635 3473 650 3509 :
677 3451 736 3506 Si
772 3466 865 3521 per
889 3445 1289 3520 generationem
1314 3441 1517 3495 tollitur
1545 3437 2014 3493 consubstantiali-

433 3564 545 3612 tas,
585 3562 682 3618 per
723 3558 882 3614 quam
940 3554 1051 3594 rem
1104 3531 1544 3591 conservabitur?
1588 3529 1654 3583 Et
1688 3545 1936 3592 rursum,
1967 3527 2010 3583 si

432 3641 674 3714 genitum
701 3652 810 3691 non
843 3643 927 3689 est
958 3625 1421 3687 consubstantiale
1457 3621 1726 3695 genitori,
1755 3621 2010 3690 quidnam

435 3734 542 3790 erit
567 3723 1062 3786 consubstantiale?
1089 3722 1250 3776 Certe
1279 3721 1328 3772 id
1356 3716 1498 3787 quod
1529 3715 1768 3784 genitum
1800 3727 1903 3766 non
1931 3719 2013 3764 est

433 3836 490 3879 et
516 3822 749 3878 alienum
774 3824 860 3873 est
883 3814 949 3869 ab
976 3810 1236 3874 essentia,
1261 3817 1352 3861 aut
1385 3807 1436 3860 id
1462 3804 1603 3875 quod
1633 3811 1903 3871 sumptum
1932 3809 2014 3853 est

435 3915 506 3972 ab
544 3913 725 3984 aliquo
769 3921 955 3963 eorum
999 3917 1122 3974 qua:
1159 3900 1303 3956 circa
1342 3896 1606 3953 essentias
1645 3902 1770 3948 sunt
1811 3910 1823 3946 :
1863 3890 2012 3958 atqui

435 4011 538 4064 ltoc
568 3982 898 4074 impossibile
924 4008 1026 4051 est.
1057 3993 1215 4049 Dices
1233 3990 1406 4060 igitur
1439 3986 1736 4056 ingenitum
1770 3982 2012 4051 ingenito

433 4099 596 4172 plane
627 4073 1091 4154 consubstantiale
1120 4099 1269 4148 esse,
1301 4081 1594 4152 ingenitum
1628 4084 1803 4130 autem
1832 4073 2012 4142 genito

435 4165 542 4246 non
573 4189 721 4243 item.
743 4183 1031 4251 Quocirca,
1054 4194 1176 4235 cum
1199 4177 1369 4232 Adam
1383 4173 1603 4245 genitus
1631 4186 1736 4226 non
1767 4171 1859 4233 sit,
1879 4165 2009 4220 Abel

435 4292 616 4336 autem
647 4293 717 4332 ex
747 4275 972 4329 muliere
1001 4271 1239 4340 genitus,
1268 4283 1375 4321 non
1409 4265 1514 4320 erit
1541 4265 1744 4317 Adamo
1778 4258 2010 4315 consub-

433 4367 722 4428 stantialis.
743 4364 799 4419 Si
821 4376 946 4418 vero
970 4361 1184 4430 genitus
1203 4357 1418 4426 quidem
1441 4364 1547 4417 est,
1565 4353 1802 4419 ejusdem
1829 4361 2006 4403 tamen

2116 1792 2227 1854 κῶς
2248 1809 2261 1822 ’
2294 1791 2382 1845 ἵνα
2423 1791 2498 1862 μὴ
2531 1791 2628 1844 καὶ
2663 1794 2778 1854 τοῖς
2811 1791 3074 1861 κτίσμασι
3108 1789 3266 1844 τοῦτο
3300 1795 3582 1862 προσεῖναι
3614 1793 3708 1845 λέ-

2114 1901 2325 1954 γωμεν,
2355 1883 2383 1936 6
2417 1883 2553 1956 μόνῃ
2583 1885 2843 1955 πρόσεστι
2868 1885 2933 1954 τῇ
2972 1882 3092 1953 θείᾳ
3133 1883 3313 1951 φύσει.
3351 1884 3560 1937 Οὐκοῦν
3595 1884 3707 1938 κᾶν

2111 1975 2288 2046 ἀρχὴν
2325 1977 2353 2027 6
2395 1976 2523 2041 Υἱὸς
2555 1975 2654 2050 ἔχῃ
2682 1975 2774 2030 τὸν
2803 1973 2996 2029 ἑαυτοῦ
3039 1975 3280 2044 Πατέρα,
3311 1977 3445 2030 ἀλλὰ
3469 1979 3603 2031 καθὸ
3636 1980 3706 2031 ἐκ

2114 2069 2215 2137 τῆς
2256 2068 2432 2138 ἀρχῆς
2472 2069 2610 2131 ἐστι,
2649 2066 2944 2139 σύνδρομον
2973 2067 3111 2138 αὐτῇ
3143 2067 3200 2120 τὸ
3229 2062 3365 2120 εἶναι
3395 2068 3554 2137 ἔχων.
3595 2071 3703 2121 τάν-

2113 2157 2297 2227 ὁμοιος
2326 2157 2424 2210 οὐκ
2450 2156 2602 2210 ἔσται
2631 2155 2770 2210 κατὰ
2799 2155 2898 2227 τὴν
2924 2155 3114 2209 οὐσίαν
3145 2158 3297 2228 αὐτῇ.
3337 2158 3552 2227 Ἐπειδὴ
3581 2159 3698 2229 γὰρ

2115 2250 2178 2300 ἐκ
2211 2248 2310 2317 τῆς
2339 2247 2512 2318 ἀρχῆς
2536 2249 2671 2313 ἐστι,
2699 2247 2786 2301 διὰ
2807 2243 2966 2300 τοῦτο
2995 2247 3089 2301 καὶ
3118 2249 3397 2320 ὁμοούσιος
3431 2252 3496 2320 τῇ
3523 2251 3692 2322 ἀρχῇ.

2113 2339 2187 2391 Tb
2215 2339 2272 2392 δὲ
2307 2339 2592 2409 ὁμοούσιον
2623 2339 2701 2408 τῷ
2729 2340 2924 2411 Πατρὶ,
2960 2341 3286 2410 ὲπιγενητὺν
3307 2342 3406 2394 οὐκ
3437 2341 3577 2405 ἔστι,
3603 2343 3697 2396 ἵνα

2117 2433 2192 2505 μὴ
2223 2431 2378 2487 τοῦτο
2410 2431 2485 2486 ὣν
2522 2432 2846 2504 εὑρίσκηται
2882 2433 2975 2487 καὶ
3002 2433 3184 2496 αὐτός.

2800 2607 3004 2662 ΑΑΑΟ.
3349 2641 3371 2672 ,

2364 2723 2452 2788 Ὠς
2481 2721 2550 2786 ἐξ
2583 2715 2940 2798 ἀντιέιθέσεως
2975 2724 3094 2779 τῶν
3122 2724 3448 2795 Εὐνομίου.

2185 2836 2298 2889 Οὐκ
2349 2835 2681 2905 ἐπιδέχεται,
2740 2837 2896 2906 φησὶ,
2936 2837 3189 2908 γέννησιν
3249 2840 3282 2908 ἡ
3335 2837 3429 2890 τοῦ
3484 2836 3691 2908 Πατρός

2113 2928 2270 2981 οὐσία
2291 2945 2304 2956 ·
2337 2926 2602 2996 ἐγεννήθη
2632 2927 2689 2980 δὲ
2727 2929 2755 2981 6
2784 2928 2932 2992 Υἱός.
2965 2929 3088 2993 Πῶς
3119 2924 3210 2982 οὖν
3244 2931 3273 2981 6
3301 2930 3694 3000 γεγεννημένος

2113 3018 2397 3090 ὁμοούσιος
2431 3018 2583 3071 ἔσται
2614 3017 2692 3089 τῷ
2722 3020 2918 3092 Πατρὶ,
2947 3020 3025 3091 τῷ
3055 3021 3130 3093 μὴ
3159 3022 3530 3094 ὲπιδεχομένῳ
3570 3024 3696 3090 γέν-

2041 3088 2083 3145 C
2116 3088 2302 3184 νησιν;

2602 3228 2758 3296 Πρὸς
2787 3229 2962 3283 τοῦτο
2989 3231 3193 3297 λύσις.

2184 3343 2503 3411 Λεγέτωσαν
2532 3345 2663 3414 ἡμῖν
2695 3344 2745 3396 ei
2778 3345 2846 3395 τὰ
2879 3342 3105 3395 τοιαῦτα
3143 3343 3518 3413 προτείνοντες
3545 3344 3695 3413 ἁμα-

2115 3435 2243 3500 θῶς,
2276 3435 2338 3488 Εἰ
2370 3437 2457 3490 διὰ
2491 3437 2588 3506 τῆς
2622 3437 2928 3506 γεννήσεως
2962 3436 3266 3509 ἀναιρεῖται
3291 3436 3351 3489 τὸ
3386 3436 3696 3507 ὀμοούσιον,

2114 3527 2200 3580 διὰ
2227 3529 2378 3581 ποίου
2417 3529 2721 3598 σωθήσεται
2767 3527 3130 3598 πράγματος;
3178 3529 3289 3582 Καὶ
3315 3529 3502 3591 πάλιν,
3533 3532 3582 3583 εί
3619 3531 3698 3601 τῷ

2113 3621 2466 3692 γεγεννηκότι
2496 3621 2556 3673 τὸ
2590 3619 2850 3691 γεννηθὲν
2884 3621 2985 3691 οὐχ
3012 3621 3317 3690 ὁμοούσιον,
3353 3625 3509 3677 ποῖον
3540 3625 3700 3679 ἔσται

2111 3713 2172 3766 τὸ
2213 3712 2530 3784 ὁμοούσιον;
2579 3714 2722 3783 Ἀρα
2772 3712 2832 3765 τὸ
2881 3713 2956 3782 μὴ
3000 3713 3258 3782 γεννηθὲν
3289 3713 3384 3767 καὶ
3401 3694 3698 3786 immo».

2110 3809 2211 3879 τῆς
2235 3809 2441 3873 οὐσίας,
2464 3807 2496 3877 ἢ
2531 3807 2590 3860 τὸ
2613 3807 2721 3860 ἀπό
2745 3822 2893 3869 τινος
2919 3805 3122 3877 ληφθὲν
3161 3806 3267 3860 τῶν
3289 3807 3388 3859 ὅσα
3419 3807 3538 3860 ἐστὶ
3565 3825 3633 3860 πε
3646 3806 3703 3878 ρὶ

2110 3902 2205 3966 τὰς
2243 3901 2430 3964 οὐσίας
2450 3917 2463 3931 ο
2495 3900 2630 3953 ἀλλὰ
2661 3899 2816 3953 τοῦτο
2860 3899 3140 3951 ἀδύνατον.
3191 3899 3365 3966 Ἐρεῖς
3401 3894 3494 3952 οὖν
3522 3900 3604 3952 ὅτι
3632 3900 3701 3952 ’τὺ

2113 3993 2403 4064 ἀγέννητον
2451 3991 2530 4062 τῷ
2582 3991 2862 4060 ἀγεννήτῳ
2912 3989 3129 4052 πάντως
3169 3990 3484 4059 σόμοούσιον,
3528 3990 3589 4042 τὸ
3636 3991 3696 4044 δὲ

2111 4086 2402 4157 ἀγέννητον
2428 4083 2505 4154 τῷ
2529 4082 2772 4152 γεννητῷ
2793 4083 2892 4151 οὐχ
2912 4083 3116 4152 ὅμοιον.
3157 4081 3365 4133 Οὐκοῦν
3392 4081 3694 4152 ἐπειδήπερ

2110 4176 2210 4229 οὐκ
2259 4173 2522 4246 ἐγεννήθη
2575 4172 2672 4243 μὲν
2703 4175 2730 4225 6
2773 4172 2962 4242 Ἀδὰμ,
3001 4170 3263 4241 ἐγεννήθη
3313 4171 3372 4224 δὲ
3407 4172 3572 4224 Ἅϐελ
3630 4175 3694 4224 ὲκ

2109 4267 2386 4336 γυναικὸς,
2405 4267 2504 4319 οὐκ
2533 4264 2687 4317 ἔσται
2715 4262 2793 4334 τῷ
2828 4263 2998 4330 Ἀδὰμ
3021 4261 3323 4333 ὁμοούσιος.
3359 4261 3421 4327 Εἰ
3449 4261 3506 4313 δὲ
3535 4263 3691 4329 ἐγεν-

2110 4356 2248 4427 νήθη
2283 4357 2401 4426 μὲν,
2432 4355 2546 4425 ἔχει
2591 4355 2647 4408 δὲ
2674 4357 2774 4424 τῆς
2827 4354 3044 4421 φύσεως
3069 4353 3166 4423 τὴν
3202 4351 3508 4421 ταύτότητα
3554 4352 3690 4422 πρὸς

433 4471 520 4520 est
544 4476 666 4516 cum
693 4457 900 4510 Adamo
925 4453 1088 4507 etiam
1146 4464 1251 4503 non
1283 4447 1465 4517 genito
1496 4454 1721 4508 naturae,
1750 4443 1877 4511 quid
1913 4443 2008 4496 ob-

2113 4423 2201 4500 τόν
2238 4423 2433 4516 ίᾸδὰμ,
2463 4423 2643 4500 itaita:
2817 4445 3232 4514 γεγεννημένον,
3261 4443 3315 4496 τί
3347 4443 3546 4498 κωλύει
3591 4444 3689 4494 καὶ

436 4560 548 4611 stat
579 4549 870 4621 qumninus
907 4543 1075 4600 Filius
1117 4555 1184 4596 ex
1230 4538 1468 4606 ingenito
1510 4532 1670 4588 Patre
1710 4534 1923 4604 genitus
1961 4533 2008 4585 ei

436 4649 502 4707 sit
538 4633 1050 4700 consubstantialis?

854 4751 968 4826 es
997 4747 1225 4813 ALIUD,
1255 4722 1586 4812 explicatius.

503 4875 756 4933 Genitum
794 4883 916 4926 esse
949 4866 1149 4924 Filium
1190 4877 1258 4919 ex
1288 4861 1448 4917 Patre
1481 4861 1648 4916 etiam
1685 4857 1783 4927 ipsi
1826 4857 2009 4912 hostes

433 4969 633 5025 Christi
676 4965 1036 5028 conﬁtentur;
1080 4973 1254 5028 neque
1299 4955 1615 5026 quisquam,
1650 4951 1908 5014 arbitror,
1941 4964 2007 5004 eo

434 5060 686 5130 nequitia:
712 5055 948 5124 devenit,
973 5061 1037 5109 ut
1059 5051 1259 5106 audeat
1282 5049 1467 5104 dicere
1492 5046 1666 5116 ipsum
1695 5043 1919 5113 perinde
1941 5055 2006 5096 ac

431 5144 713 5206 creaturas
750 5149 958 5203 ratione
977 5153 1186 5202 natura
1223 5151 1378 5196 extra
1444 5137 1688 5194 divinam
1711 5133 2002 5190 essentiam

430 5257 575 5297 csse.
607 5237 665 5295 Si
705 5238 868 5309 igitur
904 5237 1092 5306 genuit
1121 5250 1190 5291 ex
1221 5247 1284 5290 se
1315 5231 1476 5286 Pater
1507 5229 1737 5295 Filium,
1762 5242 1860 5282 cur
1897 5241 2004 5281 non

431 5336 536 5390 erit
567 5327 1073 5388 consubstantialis?
1105 5327 1298 5382 Dicant
1333 5325 1492 5380 nobis
1522 5321 1615 5377 Dei
1644 5320 1808 5377 Verbi
1841 5335 2003 5374 accu-

431 5435 661 5479 satores.
692 5422 826 5477 Nam
858 5428 952 5475 aut
981 5421 1106 5488 quia
1142 5433 1246 5473 non
1281 5416 1488 5486 potuit,
1515 5423 1606 5468 aut
1639 5413 1762 5485 quia
1800 5412 2001 5474 noluit,

431 5519 592 5570 talem
641 5517 814 5584 ipsum
859 5520 1104 5584 generat.
1149 5511 1206 5565 Si
1250 5510 1434 5564 dicant
1481 5507 1606 5576 quia
1649 5522 1756 5560 non
1797 5508 1998 5574 potuit,

431 5610 626 5677 pudeat
672 5604 790 5659 illos
829 5602 1007 5657 Patris
1049 5602 1340 5656 essentiam
1385 5597 1712 5653 contumelia
1757 5598 1998 5658 aﬂicerc,

430 5714 551 5752 eum
593 5693 958 5757 itnpotenti:_tnt
999 5690 1073 5744 illi
1114 5691 1349 5744 tribuere
1383 5686 1614 5751 audent;
1651 5685 1696 5738 si
1730 5699 1856 5737 vero
1893 5683 2000 5735 alio

2111 4541 2202 4593 τὸν
2242 4539 2370 4592 Υἱὺν
2413 4537 2472 4604 ἐξ
2507 4539 2803 4609 ἀγεννὴτου
2848 4536 3062 4608 [lat-pb;
3099 4536 3228 4590 ὄντα
3262 4537 3516 4606 γεννητὸν
3550 4532 3691 4589 εἶναι

2111 4632 2206 4685 mi.
2232 4631 2515 4702 όμοούσιον
2537 4649 2550 4698 ;

2544 4744 2748 4808 ΑΛΛΟ,
2787 4739 3239 4812 διηγηματικῶς.

2179 4859 2541 4929 Γεγεννῆσθαι
2567 4859 2658 4913 τὸν
2689 4857 2816 4911 Υἱὸν
2839 4859 2903 4910 ἐκ
2933 4855 3148 4928 Πατρὸς
3173 4856 3268 4908 καὶ
3299 4855 3350 4906 οἱ
3391 4853 3688 4925 χριστομά-

2112 4967 2197 5021 χοι
2226 4948 2612 5018 συνθήσονται·
2665 4947 2760 5000 καὶ
2783 4946 2882 4999 οὐκ
2933 4944 2999 4998 ἄν
3026 4961 3130 5008 τις,
3179 4943 3354 5013 οἶμαι,
3383 4942 3520 5012 πρὸς
3554 4958 3686 4993 τοσο

2113 5041 2283 5112 αὐτην
2312 5039 2504 5093 ἐλάσαι
2545 5037 2763 5102 κακίαν,
2807 5037 2883 5100 ὡς
2913 5035 3182 5106 τολμῆσαι
3210 5032 3462 5104 καθάπερ
3496 5032 3592 5084 καὶ
3619 5031 3688 5083 τὰ

2111 5135 2392 5204 ποιήματα
2429 5131 2524 5185 καὶ
2567 5130 2730 5185 αὐτόν
2763 5129 2867 5194 ἔξω
2900 5127 3115 5182 κεῖσθαι
3150 5127 3250 5196 τῆς
3297 5125 3448 5188 θείας
3497 5121 3686 5185 οὐσίας

2107 5225 2248 5279 κατὰ
2284 5224 2376 5278 τὸν
2403 5223 2500 5292 τῆς
2533 5220 2746 5288 φύσεως
2776 5219 2953 5286 λόγον.
2995 5218 3058 5269 Εἰ
3097 5215 3279 5269 τοίνυν
3313 5213 3600 5284 ἐγέννησεν
3627 5212 3686 5276 ἐξ

2106 5313 2298 5370 ἑαυτοῦ
2317 5314 2406 5368 τὸν
2420 5313 2546 5368 Υὶδν
2563 5314 2591 5366 ὁ
2613 5311 2822 5380 Πατὴρ,
2837 5308 2977 5362 διατι
3011 5307 3084 5378 μὴ
3114 5309 3141 5360 6
3149 5306 3428 5378 μοούσιος;
3447 5304 3684 5371 Λεγέτω-

2107 5426 2206 5463 σαν
2231 5409 2362 5479 ἡμῖν
2387 5409 2436 5459 οἱ
2466 5405 2560 5458 τοῦ
2589 5403 2724 5457 Θεοῦ
2755 5402 2929 5468 Λόγου
2961 5400 3280 5469 κατήγοροι.
3321 5396 3684 5464 Ἀὃυνατήσας

2104 5495 2213 5569 ἆρα
2238 5498 2476 5552 τοιοῦτον
2507 5494 2668 5550 αὐτὸν
2718 5491 2969 5564 γεννᾷ,ἢ
3020 5491 3094 5561 μὴ
3149 5489 3419 5560 θελήσαςς
3478 5487 3541 5540 Εἰ
3586 5484 3684 5554 μὲν

2103 5588 2196 5644 οὖν
2249 5590 2591 5659 ἀδυνατήσας
2641 5585 2912 5654 λέγουσιν,
2958 5580 3398 5652 αἰσχυνέσῢωσαν
3445 5578 3542 5646 την
3585 5575 3681 5627 τοῦ

2106 5683 2317 5749 [ἰατρὸς
2356 5683 2543 5735 οὐσίαν
2577 5678 2907 5746 ὑϐρίζοντες,
2956 5675 3019 5726 δι’
3059 5667 3131 5726 ὧν
3164 5672 3297 5739 αὐτῇ
3352 5667 3681 5738 προσάπτειν
