4056 6264
337 439 451 499 H3

1777 435 2224 493 TIIESAURUS.

3527 431 3628 488 I-ll

337 559 400 614 τὸ
441 553 812 630 μὴδύνασθαι
835 551 1254 620 τετολμήκασιν.
1296 552 1358 602 Εἰ
1387 551 1432 602 δ’
1456 553 1550 604 ἐπὶ
1583 550 1812 622 θάτερον
1841 569 1936 622 με-

2060 553 2382 626 :onl'ugiant,
2409 565 2470 610 ct
2488 553 2732 609 uoluisse
2761 549 2948 606 dicant
2971 547 3494 606 consubstantialem
3521 549 3624 604 sibi

338 650 744 718 sciscitantium,
793 646 884 698 καὶ
927 645 1002 713 μὴ
1043 642 1298 714 ἐθελῆσαι
1331 643 1600 714 φήσωσιν
1649 643 1936 714 ῳοοὺσιον

343 735 500 806 αὺτῷ
530 734 794 802 γεννῆσαι
823 731 916 784 τὸν
949 731 1100 794 Υἱὸν,
1141 732 1342 801 ἐτέρως
1375 731 1658 804 ὑϐρίζωσι
1701 735 1936 804 πρᾶγμα

348 827 595 900 χαλεπὸν
616 828 708 880 καὶ
725 825 785 877 τὸ
814 824 1038 878 πάντων
1061 821 1338 894 αἴσχιστον
1367 823 1742 894 περιτιθέντες
1765 823 1934 896 αὐτῷ,

233 945 242 956 -
352 920 448 973 τὸν
479 919 572 972 ἐπὶ
599 920 709 982 τοῖς
740 916 1025 986 ἀμείνοσιν
1049 915 1230 970 ὄκνον.
1257 913 1320 966 Εἰ
1355 913 1466 984 γὰρ
1497 915 1746 986 κρεῖττον
1777 909 1844 986 ἦν
1875 915 1938 968 τὸ

353 1007 642 1078 ὁμοούσιον
667 1007 758 1060 τοῦ
792 1007 868 1078 μὴ
895 1005 1160 1070 τοιούτου,
1185 1005 1300 1068 πῶς
1329 1006 1430 1060 οὐκ
1450 1005 1604 1060 ἔσται
1629 1007 1936 1078 δυσφημίας

357 1101 580 1172 ἁπάσης
620 1100 876 1153 ἐπέκεινα
903 1097 966 1151 τὺ
997 1097 1176 1166 λέγειν
1201 1099 1428 1168 ὀκνῆσαι
1475 1100 1604 1170 περὶ
1643 1097 1720 1152 τὰ
1755 1099 1938 1170 κρείτ·

358 1209 490 1246 τονα
533 1191 626 1244 καὶ
673 1191 1102 1262 πρεπωδέστερα
1133 1189 1234 1262 τὴν
1281 1189 1432 1242 θείαν
1477 1191 1686 1256 οὐσίαν,
1723 1191 1818 1244 καὶ
1861 1189 1938 1261 μὴ

361 1283 558 1350 μᾶλλον
605 1282 858 1354 ἐθελῆσαι
899 1282 960 1335 τὸ
994 1281 1212 1334 κάλλιον
1245 1281 1280 1354 ἦ
1319 1283 1377 1336 τὸ
1427 1283 1504 1354 μὴ
1554 1281 1728 1346 οὕτως
1775 1281 1936 1353 ἔχον;

371 1374 524 1428 Ἀλλὰ
576 1376 756 1430 πάντα
801 1374 1028 1428 δύναται
1085 1376 1257 1426 ποιεῖν
1301 1375 1330 1426 6
1381 1375 1591 1446 Πατὴρ,
1643 1373 1740 1428 καὶ
1797 1373 1940 1427 θέλει

355 1469 556 1538 μᾶλλον
576 1468 636 1522 τδ
668 1471 919 1540 κρεῖττον
942 1483 956 1498 ·
985 1467 1140 1522 οὐδὲν
1161 1461 1254 1522 οὖν
1273 1469 1390 1522 ἐστι
1413 1467 1475 1522 τὸ
1509 1467 1714 1522 κωλύον
1745 1467 1942 1539 ὁμοθυ-

358 1575 470 1612 σιον
497 1553 638 1612 εἶναι
669 1560 762 1614 τὸν
794 1559 948 1614 Υίόν.

1053 1797 1248 1854 ΑΛΔΟ.

649 1905 968 1972 Ἀντίθεσις
993 1907 1074 1974 ὡς
1101 1907 1170 1962 ἐκ
1199 1905 1316 1964 τῶν
1349 1909 1670 1980 Εὐνομίου.

447 1995 516 2052 τὸ
564 1997 626 2064 ἐξ
663 1997 838 2051 αἰτίου
896 2000 1042 2064 τινὸς
1071 1999 1152 2064 ὃν,
1203 2001 1240 2072 ἢ
1281 1999 1706 2072 γεγεννημένον,
1749 2001 1940 2071 φησὶν,

367 2087 568 2158 ἀνάγκη
599 2087 852 2160 δεύτερον
871 2083 1016 2142 εἶναι
1043 2091 1262 2159 τούτου,
1283 2091 1312 2142 ὃ
1337 2091 1402 2162 δὴ
1424 2091 1520 2148 καὶ
1547 2091 1766 2162 γέγονεν
1788 2089 1942 2160 αὐτῷ

357 2179 446 2232 τοῦ
482 2175 620 2234 εἶναι
647 2179 851 2235 αἴτιον,
893 2179 1102 2234 Οὐκοῦν
1142 2181 1395 2254 δεύτερος
1427 2181 1576 2234 ἔσται
1601 2183 1696 2236 τοῦ
1731 2183 1944 2254 Πατρὸς

354 2271 384 2320 6
411 2269 540 2332 Υἱὸς
571 2269 748 2324 αἴτιον
784 2267 951 2321 αὑτὸν
980 2269 1150 2338 ἐχωνσ
1185 2269 1282 2322 καὶ⁸
1322 2269 1412 2324 διὰ
1439 2269 1594 2323 τοῦτο
1617 2271 1716 2342 οὐχ
1754 2271 1946 2342 ὁμοσύ-

365 2379 508 2432 σιος.
551 2363 628 2414 Ἢ
677 2359 1154 2430 ὰφιλονεικότερον
1201 2361 1518 2432 ἐνστήσεται
1549 2380 1628 2426 τις
1671 2363 1948 2434 ὁμοούσιον

365 2452 533 2504 αὑτὸν
566 2447 712 2504 εἶναι
746 2451 946 2519 λέγων,
993 2451 1026 2520 ἠ
1077 2449 1176 2521 μία
1221 2448 1431 2521 θεότης,
1467 2452 1588 2522 ἄρα,
1637 2453 1806 2524 τομήν
1834 2471 1948 2506 τινα

363 2540 692 2610 χωρησασα,
724 2539 952 2608 γέγονεν
990 2539 1071 2601 εἰς
1113 2537 1278 2592 δυάδα
1299 2553 1314 2567 ·
1359 2541 1420 2591 οὐ
1461 2541 1566 2610 γὰρ
1594 2543 1794 2612 ἑτέρως
1821 2543 1948 2613 ὁμο-

354 2631 540 2694 οὐσιος
571 2627 714 2684 εἶναι
741 2630 988 2686 δύναται.
1037 2631 1270 2702 Ἀνάγκη
1301 2625 1396 2684 οὖν
1420 2631 1596 2700 λέγειν
1621 2633 1720 2704 οὐχ
1750 2635 1948 2704 ὀμ.οού-

359 2741 472 2776 σιον
506 2719 650 2778 εἶναι
677 2724 774 2778 τὸν
810 2725 960 2778 Υῐόν.

849 2935 1008 3003 Πρὸς
1039 2935 1222 2990 ταῦτα
1250 2937 1456 3001 λύσις.

437 3047 553 3099 Ut):
577 3046 892 3100 αἰσθάνεται
936 3045 1106 3100 πάλιν
1129 3046 1342 3116 μεθύων
1369 3049 1398 3100 6
1429 3049 1820 3118 χριστομάχος,
1859 3051 1956 3102 καὶ

379 3141 554 3207 μάτην
581 3139 982 3208 καταφλυαρῶν
1025 3138 1128 3208 τῆς
1173 3138 1326 3202 θείας
1355 3139 1566 3201 οὐσίας.
1603 3141 1677 3192 Τὸ
1706 3140 1806 3210 μὲν
1847 3141 1958 3211 γὰρ

2043 666 2304 722 generare
2333 649 2562 713 Filium,
2587 647 2750 702 alium
2783 643 3174 701 contumeliam
3205 643 3256 698 ei
3285 641 3622 712 impingunt,

2045 745 2414 815 turpissimam
2471 742 2874 811 pessimamque
2931 751 3054 792 rem
3107 735 3184 790 illi
3245 734 3622 796 ascribentes,

2045 835 2422 906 negligentiam
2445 833 2704 888 nimirum
2731 839 2898 900 atque
2927 827 3198 900 ignaviam
3225 825 3282 881 in
3309 823 3626 880 melioribus

2043 941 2108 982 ac
2145 921 2618 994 pmstantioribus
2657 919 2946 975 faciendis.
2980 915 3042 972 Si
3081 915 3226 972 enim
3273 913 3468 969 melius
3505 919 3628 966 erat

2043 1013 2506 1074 consubstantiale
2541 1027 2710 1084 quam
2753 1011 2808 1067 id
2849 1011 2994 1082 quod
3039 1006 3306 1080 eiusmodi
3351 1021 3458 1061 non
3499 1013 3624 1070 est,

2041 1123 2150 1180 quo
2173 1117 2332 1178 pacto
2361 1123 2468 1162 non
2491 1106 2643 1162 omni
2675 1101 3010 1170 blasphemia
3047 1099 3226 1170 majus
3253 1097 3418 1153 fuerit
3443 1095 3628 1152 dicere

2043 1201 2282 1256 divinam
2309 1195 2604 1252 essentiam
2635 1194 2688 1248 in
2719 1193 2786 1248 iis
2811 1205 2934 1260 qua:
2963 1187 3190 1244 meliora
3221 1185 3624 1242 convenientiu-

2045 1307 2214 1362 raque
2255 1298 2416 1348 erant
2457 1285 2722 1344 faciendis
2769 1281 3134 1354 negligentem
3173 1278 3378 1342 fuisse,
3421 1287 3478 1332 et
3525 1291 3628 1332 non

2043 1385 2222 1458 potius
2255 1380 2492 1436 voluisse
2527 1375 2678 1448 quod
2717 1373 2912 1430 melius
2957 1385 3124 1442 quam
3167 1369 3314 1440 quod
3361 1368 3631 1424 deterius?

2043 1477 2206 1546 Atqui
2245 1473 2406 1528 Pater
2437 1471 2620 1528 omnia
2651 1477 2824 1538 potest
2855 1465 3070 1528 iacere,
3111 1461 3394 1532 magisque
3427 1459 3542 1516 vult
3575 1460 3630 1516 id

2045 1569 2194 1643 quod
2233 1565 2428 1623 melius
2457 1571 2542 1620 est
2575 1579 2590 1618 :
2627 1559 2760 1616 nihil
2791 1567 2876 1614 est
2905 1557 3072 1628 igitur
3101 1553 3250 1626 quod
3277 1552 3462 1610 obstet
3489 1567 3630 1624 quo-

2047 1664 2228 1720 minus
2251 1653 2729 1716 consubstantialia
2757 1651 2828 1708 sit
2853 1649 3046 1706 Filius.

2723 1785 2954 1843 ALIUD.

2482 1885 2566 1942 Ea:
2599 1885 2884 1956 objections
2915 1879 3196 1936 Eunomii.

2115 2009 2266 2080 Quod
2293 2022 2360 2062 ex
2390 2017 2550 2060 causa
2583 2001 2760 2072 aliqua
2787 2009 2892 2066 est,
2913 1997 2998 2054 vel
3029 1997 3276 2068 genitum
3303 2004 3410 2061 est,
3433 1995 3628 2064 inquit,

2047 2103 2416 2162 necessarium
2461 2106 2544 2152 est
2586 2104 2646 2150 ut
2687 2095 2760 2152 sit
2803 2091 3102 2148 secundum
3146 2089 3217 2146 ab
3257 2089 3352 2146 illo
3389 2090 3534 2158 quod
3579 2086 3632 2142 el

2048 2209 2210 2258 causa
2240 2191 2572 2249 exsistentim
2601 2187 2720 2242 fuit.
2751 2187 3032 2243 Secundus
3061 2185 3246 2258 itaque
3273 2186 3376 2242 erit
3407 2185 3573 2240 Filius
3601 2197 3634 2238 a

2049 2289 2210 2344 Patre
2231 2327 2248 2351 ,
2277 2285 2478 2356 quippe
2503 2283 2596 2352 qui
2629 2281 2842 2336 Patrem
2873 2289 2933 2336 ut
2961 2295 3184 2335 causam
3211 2279 3406 2334 habeat
3435 2299 3448 2332 :
3475 2287 3636 2345 atque

2049 2381 2260 2437 idcirco
2301 2391 2370 2431 ne
2409 2370 2888 2430 consubstantialis
2926 2371 3148 2440 quidem
3191 2370 3240 2424 ei
3281 2369 3408 2426 erit.
3441 2366 3550 2422 Aut
3587 2365 3636 2422 si

2051 2469 2176 2540 quis
2231 2463 2618 2523 contentiosius
2679 2469 2898 2532 urgeat,
2945 2457 3460 2516 consubstantialem
3511 2470 3636 2510 eum

2050 2577 2172 2617 esse
2199 2559 2420 2621 dicens,
2449 2569 2552 2609 una
2593 2562 2742 2608 certe
2779 2551 2952 2606 deitaa
3005 2551 3304 2608 lectionem
3345 2548 3638 2606 admittens

2056 2653 2106 2706 in
2133 2651 2446 2704 dualitatem
2472 2645 2646 2702 divisa
2672 2643 2776 2698 erit
2803 2661 2818 2698 :
2847 2655 3018 2712 neque
3047 2641 3193 2698 enim
3223 2641 3381 2696 aliter
3403 2639 3638 2696 consub-

2055 2745 2327 2801 suntiulis
2356 2757 2478 2798 csse
2503 2747 2700 2812 potest.
2719 2735 3096 2792 Necessarium
3123 2735 3286 2806 igitur
3303 2741 3389 2790 est
3410 2740 3468 2788 ut
3489 2731 3640 2787 dica-

2058 2856 2176 2896 mus
2205 2833 2718 2894 consubstantialem
2745 2847 2850 2886 non
2875 2845 2998 2886 esse
3021 2827 3240 2884 Filium.

2733 2941 2828 2996 Sol
2833 2943 2960 2996 alio.

2131 3063 2506 3118 Debacchatur
2553 3071 2774 3114 rursum
2827 3053 3028 3113 Christi
3091 3051 3286 3118 hostis,
3327 3059 3642 3118 temet-eque

2057 3157 2317 3211 adversus
2359 3155 2593 3210 divinam
2637 3151 2928 3210 essentiam
2980 3147 3228 3204 blaterat.
3265 3145 3452 3202 Secari
3496 3144 3640 3198 eniut

375 3229 672 3300 τέμνεσθαι
699 3231 790 3283 καὶ
809 3231 1084 3284 διάστασίν
1107 3247 1232 3284 τινα
1256 3229 1454 3300 μεταξὺ
1470 3231 1568 3300 τὴν
1593 3231 1732 3301 πρὸς
1747 3230 1953 3302 ἄλληλα

2060 3257 2111 3304 et
2156 3248 2474 3303 divisionem
2525 3246 2761 3315 aliquam
2817 3245 3055 3312 recipere
3117 3255 3304 3311 posse,
3349 3253 3641 3307 corporum

372 3322 638 3376 δύνασθαι
679 3323 878 3389 λαϐεῖν,
931 3323 1206 3393 σωμάτων
1255 3323 1412 3377 ἴδιον.
1474 3324 1538 3376 Ἡ
1585 3323 1644 3376 δὲ
1692 3322 1815 3376 θεία
1857 3324 1952 3376 τοῦ

373 3414 583 3492 llas-p6;
613 3414 790 3481 οὐσία,
821 3414 1118 3486 ἀσώματος
1142 3409 1299 3481 οὖσα,
1333 3417 1510 3486 τομῆς
1533 3431 1594 3467 τε
1623 3416 1718 3468 καὶ
1747 3415 1954 3486 διαιρέ-

374 3523 510 3572 σεως
553 3507 904 3570 ἀνεπίδεκτός
935 3510 1114 3561 ἐστιν·
1145 3506 1270 3561 οὔτε
1317 3507 1376 3560 δὲ
1412 3509 1470 3560 ἐν
1499 3507 1651 3578 τόπῳ
1693 3507 1952 3576 μένουσα,

371 3597 494 3652 οὔτε
525 3599 630 3654 ὑπό
671 3617 818 3663 τινος
860 3596 996 3654 οὖσα
1042 3600 1284 3672 χωρητὴ,
1325 3599 1442 3654 ἀλλ’
1487 3601 1548 3654 ἐν
1581 3601 1806 3672 ἀρρήτῳ
1843 3600 1958 3654 τινὶ

373 3693 466 3745 καὶ
495 3693 760 3764 ἀφράστῳ
777 3693 1118 3748 καταστάσει
1140 3693 1390 3763 κειμένη,
1411 3691 1504 3746 τὸν
1525 3691 1652 3745 Υἱδν
1673 3692 1730 3758 ἐξ
1755 3691 1960 3761 ἑαυτῆς

373 3783 714 3850 ἁδιαστάτως
743 3783 1050 3852 ἐξέλαμψεν
1069 3797 1082 3814 ·
1113 3784 1216 3836 οὐκ
1241 3783 1308 3837 ἂν
1339 3783 1541 3854 ἑτέρως
1563 3783 1706 3852 ἔχειν
1733 3782 1796 3835 τὸ
1817 3777 1958 3836 εἶναι

374 3873 556 3928 τελεία
585 3875 880 3946 δυναμένη,
913 3877 964 3928 εί
999 3874 1074 3946 μὴ
1105 3875 1363 3945 ἐγέννησε
1409 3875 1500 3928 τὸν
1534 3874 1684 3938 Υἱδν,
1717 3875 1814 3928 καὶ
1860 3877 1958 3928 ἁν-

375 3962 586 4032 εδείχθη
615 3964 952 4034 καρπογὸνος
967 3981 984 3996 ·
1009 3965 1104 4018 καὶ
1119 3965 1276 4019 πάλιν
1297 3966 1398 4020 οὐκ
1413 3966 1478 4019 ἂν
1501 3965 1700 4034 ἑτέρως
1721 3965 1958 4034 ἐσομένη

373 4054 726 4126 δημιουργὸς,
767 4058 818 4109 εί
847 4056 926 4127 μὴ
951 4057 1168 4112 τέτοκεν
1197 4057 1256 4122 ἐξ
1287 4058 1488 4129 ἑαυτῆς
1528 4057 1838 4129 ἁμερίστως
1869 4057 1960 4110 τὸν

377 4147 522 4212 Υἱὸν,
557 4147 626 4199 δι’
659 4141 720 4202 οὗ
749 4149 820 4202 τὰ
847 4148 1028 4202 πάντα
1073 4149 1388 4219 ἐργάζεται.
1423 4151 1612 4204 Ἔστιν
1639 4146 1734 4204 οὖν
1763 4151 1794 4202 6
1837 4148 1962 4212 Υἱὸς

373 4236 658 4308 γεννηθεὶς
685 4239 752 4292 ἐκ
795 4238 1028 4308 Πατρὸς,
1057 4240 1118 4292 οὐ
1157 4239 1303 4294 κατά
1327 4258 1456 4294 τινα
1493 4241 1686 4311 τομὴν,
1723 4241 1756 4310 ἢ
1791 4241 1968 4312 ἀπόρ-

379 4331 551 4398 ροιαν,
602 4327 858 4398 καθάπερ
905 4329 1062 4399 ὑμεῖς
1103 4330 1478 4401 φαντάζεσθε·
1527 4330 1642 4384 ἀλλ’
1675 4329 1864 4401 ὥσπερ
1897 4331 1964 4384 ἐκ

377 4421 548 4490 πυρὸς
595 4419 894 4492 θερμότης,
945 4422 1258 4494 ἀμερίστως
1307 4425 1374 4476 ἐκ
1423 4422 1522 4493 τῆς
1563 4423 1656 4476 τοῦ
1707 4423 1962 4486 τεκόντος

381 4511 660 4582 προελθὼν
691 4512 910 4577 οὐσίας.

1067 4608 1270 4662 MAO.

633 4721 728 4787 Ὠς
753 4720 826 4786 ἐξ
859 4719 1222 4788 ἀντιθέσεως
1253 4719 1373 4774 τῶν
1403 4721 1723 4791 Εὑνομίου.

457 4835 521 4887 Ei
549 4833 824 4902 ὀμοούσιός
847 4835 988 4900 ἐστι,
1017 4833 1200 4904 φησὶν,
1235 4835 1263 4888 ὁ
1307 4833 1433 4897 Υἱὸς
1462 4834 1538 4905 τῷ
1569 4833 1766 4904 Πατρὶ,
1799 4833 1852 4884 τί
1887 4833 1962 4902 μὴ

385 4923 480 4975 καὶ
504 4921 667 4985 αὐτός
689 4923 832 4976 ἐστιν
845 4923 1052 4991 ἀγαθὸς
1077 4923 1248 4989 οὕτως
1264 4923 1338 4987 ὡς
1355 4925 1383 4976 6
1405 4925 1596 4995 Πατήρ
1617 4941 1630 4988 ;
1669 4922 1833 4989 Λέγει
1858 4923 1965 4992 γάρ

381 5031 484 5066 που
527 5013 666 5084 πρός
707 5027 832 5068 τινα
857 5017 888 5068 6
921 5013 1192 5086 Χριστός’
1234 5034 1253 5068 t
1291 5015 1358 5068 Τί
1405 5033 1472 5086 με
1509 5015 1689 5082 λέγεις
1719 5013 1965 5080 ἀγαθόν;

380 5107 566 5170 Οὐδεὶς
613 5107 820 5176 ἀγαθὸς
851 5109 900 5160 εἰ
958 5105 1032 5178 μὴ
1082 5102 1162 5171 εἷς
1205 5111 1233 5162 6
1261 5107 1412 5171 Θεός,
1455 5126 1473 5158 ι
1516 5106 1654 5158 Ἕνα
1685 5105 1742 5158 δέ
1771 5103 1964 5168 εἰπὼν,

383 5201 572 5253 ἑαυτὴν
605 5201 709 5266 ἔξω
733 5201 1002 5266 τέθεικεν,
1031 5197 1106 5264 ὦς
1135 5201 1338 5269 ἀγαθὸν
1379 5205 1478 5270 μὲν
1505 5199 1635 5252 ὄντα
1660 5197 1755 5251 καὶ
1782 5197 1967 5264 αὐτὸν,

378 5295 480 5364 οὐχ
509 5291 652 5347 οὕτω
677 5291 734 5348 δὲ
765 5293 960 5364 ὥσπερ
992 5291 1059 5348 ἂν
1093 5293 1178 5364 εἴη
1211 5293 1304 5346 καὶ
1335 5294 1363 5345 6
1401 5293 1612 5364 Πατήρ.

863 5405 1022 5474 Πρὸς
1047 5405 1236 5460 ταῦτα
1270 5406 1477 5470 λύσις.

453 5521 662 5592 Κύριον
693 5519 1086 5586 ἀποκαλούσης
1124 5517 1220 5572 τὸν
1259 5517 1386 5572 Υἱὺν
1421 5519 1518 5587 τῆς
1546 5517 1697 5580 θείας
1726 5517 1969 5588 Γραφῆς,

378 5615 566 5677 δώσεις
589 5611 704 5684 ἄρα
743 5612 844 5664 καὶ
885 5609 1050 5663 αὐτὸν
1092 5605 1234 5661 εῖναι
1267 5609 1490 5678 Κύριον,
1526 5607 1796 5662 καὶτοῦτο
1830 5610 1974 5661 κατὰ

381 5705 656 5776 ἀλήθειαν»
687 5704 722 5774 ἦ
755 5701 900 5771 πρὸς
921 5701 1037 5761 τοῖς
1065 5697 1244 5761 ἄλλοις
1269 5699 1478 5768 ἀρνήσῃ
1511 5699 1604 5753 καὶ
1624 5699 1766 5752 τόδε.
1792 5701 1854 5752 Ei
1876 5699 1974 5768 μὲν

383 5797 480 5868 γὰρ
499 5798 602 5852 οὐκ
639 5790 784 5848 εἶναι
838 5789 1048 5858 Κύριον
1083 5789 1256 5859 ἐρεῖς,
1293 5791 1550 5843 τάναντία
1594 5792 1809 5860 φρονεῖς
1855 5793 1974 5851 ταῖς

385 5889 546 5958 θείαις
579 5886 840 5962 Γραφαῖς
873 5883 972 5936 καὶ
1014 5881 1091 5951 τῷ
1122 5881 1292 5936 ταῦτα
1337 5882 1630 5953 λαλήσαντι
1676 5880 1972 5940 Ilva-ituri,

2059 3341 2336 3410 proprium
2366 3347 2468 3394 est.
2495 3339 2684 3393 Divina
2718 3347 2896 3394 autem
2937 3334 3112 3390 Patris
3139 3335 3398 3400 essentia,
3423 3347 3544 3387 cum
3573 3331 3646 3384 sit

2057 3433 2410 3501 incorporea,
2437 3431 2698 3487 sectionis
2739 3439 2830 3486 aut
2863 3427 3144 3484 divisionis
3183 3441 3354 3496 capax
3391 3441 3494 3480 non
3529 3433 3644 3487 est;

2059 3537 2234 3595 neque
2273 3525 2326 3578 in
2367 3523 2488 3580 loco
2525 3524 2768 3590 exsistit,
2799 3537 2972 3593 neque
3015 3537 3044 3576 a
3085 3535 3355 3590 quoquam
3396 3515 3646 3573 contine-

2059 3623 2178 3682 tur;
2212 3617 2306 3671 sed
2337 3617 2390 3671 in
2425 3633 2626 3672 arcano
2657 3627 2818 3684 atque
2849 3613 3100 3669 ineffabili
3138 3623 3283 3668 statu
3315 3611 3642 3669 consistens,

2059 3707 2262 3762 Filium
2292 3721 2360 3761 ex.
2388 3723 2447 3761 se
2477 3707 2786 3762 immediate
2811 3703 3068 3774 protulit;
3101 3717 3275 3774 neqne
3299 3701 3404 3756 alia
3434 3699 3648 3753 ratione

2063 3799 2300 3867 perfecta
2325 3811 2446 3852 esse
2473 3807 2672 3867 potest,
2695 3797 2794 3851 nisi
2823 3795 3017 3849 Filium
3050 3792 3315 3862 genuerit,
3337 3801 3392 3844 ct
3419 3787 3648 3844 fecunda

2063 3897 2284 3944 ostensa
2310 3888 2412 3954 sit;
2444 3901 2618 3956 neque
2647 3899 2862 3939 rursum
2896 3883 3128 3936 creatrix
3161 3894 3284 3935 esse
3316 3886 3515 3946 potest,
3545 3875 3646 3927 nisi

2062 3979 2308 4048 genuerit
2351 3993 2417 4032 ex
2460 3993 2518 4032 se
2561 3977 2828 4031 indivulse
2867 3973 3096 4037 Filium,
3137 3985 3234 4038 per
3270 3983 3429 4037 quem
3469 3968 3650 4021 omnia

2061 4069 2174 4140 69
2196 4077 2470 4138 Operatur.
2499 4067 2592 4119 Est
2621 4065 2784 4133 igitur
2810 4063 3022 4132 genitus
3054 4073 3120 4112 ex
3147 4057 3306 4111 Patre
3329 4055 3518 4121 Filius,
3544 4069 3650 4109 non

2063 4162 2306 4217 sectione
2338 4167 2430 4210 aut
2467 4155 2682 4211 deﬂuxu
2715 4155 2924 4222 aliquo,
2951 4152 3090 4208 sicut
3124 4167 3218 4206 vos
3251 4147 3646 4222 imaginamini;

2065 4251 2158 4305 sed
2191 4246 2649 4320 quetnadmodtnn
2688 4243 2938 4300 caliditas
2977 4257 3043 4299 et
3087 4239 3241 4314 igne,
3275 4237 3541 4297 indivulse
3582 4251 3649 4292 ex

2066 4342 2298 4398 essentia
2333 4337 2607 4413 gignentis
2633 4336 2896 4410 procedit.

2745 4601 2972 4658 ALIUD.

2496 4719 2581 4773 Ea:
2619 4717 2911 4788 objections
2953 4713 3228 4772 Eunomii.

2145 4831 2224 4894 Si,
2264 4829 2459 4899 inquit,
2494 4827 2664 4883 Filius
2705 4837 2790 4884 est
2837 4825 3322 4883 consubstantialis
3353 4819 3522 4884 Patri,
3559 4835 3652 4874 cur
3687 4883 3716 4899 Δ,

2078 4937 2180 4974 non
2205 4921 2366 4974 etiam
2395 4923 2508 4990 ipse
2529 4931 2612 4976 est.
2633 4921 2806 4976 bonus
2829 4921 2904 4974 ita
2934 4929 2990 4972 ut
3013 4917 3213 4973 Pater?
3237 4916 3490 4970 Christus
3512 4915 3655 4970 enim
3683 4893 3708 4944 θ’

2077 5013 2272 5068 alicubi
2321 5013 2387 5065 ad
2421 5011 2710 5080 quemdam
2757 5013 2830 5064 ita
2880 5012 3000 5063 ait:
3038 5029 3055 5060 ι
3087 5010 3199 5063 Cur
3249 5020 3333 5060 tne
3382 5005 3521 5062 dicis
3561 5007 3657 5064 bo-

2080 5104 2252 5160 num?
2299 5100 2470 5158 Nemo
2501 5099 2674 5156 bonus
2715 5101 2818 5154 nisi
2869 5116 3010 5154 unus
3059 5101 3224 5156 Deus.
3255 5117 3273 5152 ι
3313 5097 3486 5154 Unum
3529 5115 3658 5156 vero

2079 5212 2200 5251 cum
2230 5195 2388 5259 dixit,
2419 5193 2657 5263 scipsum
2685 5193 2920 5263 excepit,
2947 5192 3144 5264 quippe
3169 5191 3262 5262 qui
3297 5193 3472 5249 bonus
3491 5195 3654 5250 etiam

2081 5289 2194 5358 ipsc
2226 5287 2317 5354 sit,
2344 5303 2450 5342 non
2485 5297 2662 5342 tamen
2701 5286 2774 5342 ita
2806 5287 2980 5341 bonus
3014 5295 3070 5340 ut
3097 5284 3277 5340 Pater.

2589 5396 2792 5454 Salutio
2820 5397 3150 5468 objectionis.

2151 5514 2284 5566 Cum
2315 5527 2472 5568 saera
2504 5513 2784 5582 Scriptura
2815 5511 3011 5566 Filium
3046 5511 3336 5565 Dominum
3367 5521 3542 5575 vocet,
3575 5511 3658 5565 l‘a-

2086 5605 2286 5658 teberis
2335 5606 2582 5673 profecto
2629 5607 2791 5660 etiam
2849 5605 3023 5673 ipsum
3073 5602 3362 5657 Dominum
3415 5617 3556 5663 esse,
3605 5610 3661 5654 et

2083 5696 2302 5763 quidem
2331 5711 2476 5760 vere,
2513 5706 2606 5749 aut
2637 5713 2738 5749 una
2770 5713 2892 5751 cum
2923 5696 3043 5750 aliis
3075 5694 3241 5748 ctiam
3277 5692 3378 5744 hoc
3415 5690 3656 5758 negabis.

2082 5788 2151 5838 At
2209 5785 2250 5837 si
2305 5789 2524 5855 negabis
2579 5787 2861 5842 Dominum
2911 5802 3053 5844 esse,
3114 5780 3445 5835 Cttllll'itl‘llllll
3503 5777 3660 5843 plane

2084 5874 2252 5933 sentis
2291 5893 2320 5930 ιι
2369 5877 2666 5947 Scripturis
2719 5888 2771 5934 ct
2822 5895 2850 5933 a
2898 5875 3105 5947 Spiritu
3154 5871 3258 5922 hoc
3292 5866 3560 5925 loquente.
3601 5857 3660 5910 Si
