  <div class='ocr_page' id='page_1' title='image "/cluster/home/n/w/nwhite01/storage/ocr_20150623/75/mdp.39015078384495/065.png"; bbox 0 0 4056 6264; ppageno 0'>
   <div class='ocr_carea' id='block_1_1' title="bbox 388 468 558 524">
    <p class='ocr_par' dir='ltr' id='par_1_1' title="bbox 388 468 558 524">
     <span class='ocr_line' id='line_1_1' title="bbox 388 468 558 524; baseline 0 0"><span class='ocrx_word' id='word_1_1' title='bbox 388 488 393 491; x_wconf 94' lang='grc'>·</span> <span class='ocrx_word' id='word_1_2' title='bbox 453 468 558 524; x_wconf 80' lang='grc'><strong>115</strong></span> 
     </span>
    </p>
   </div>
   <div class='ocr_carea' id='block_1_2' title="bbox 1454 472 2703 530">
    <p class='ocr_par' dir='ltr' id='par_1_2' title="bbox 1454 472 2703 530">
     <span class='ocr_line' id='line_1_2' title="bbox 1454 472 2703 530; baseline 0 -3"><span class='ocrx_word' id='word_1_3' title='bbox 1454 474 1510 528; x_wconf 87' lang='lat' dir='ltr'><strong>S.</strong></span> <span class='ocrx_word' id='word_1_4' title='bbox 1553 473 1827 530; x_wconf 76' lang='lat' dir='ltr'><strong>CYRILLI</strong></span> <span class='ocrx_word' id='word_1_5' title='bbox 1866 473 2341 529; x_wconf 71' lang='lat' dir='ltr'><strong>ALEXANDlllNl</strong></span> <span class='ocrx_word' id='word_1_6' title='bbox 2381 472 2703 527; x_wconf 70' lang='lat' dir='ltr'><strong>ARCHIEP.</strong></span> 
     </span>
    </p>
   </div>
   <div class='ocr_carea' id='block_1_3' title="bbox 451 589 2041 674">
    <p class='ocr_par' dir='ltr' id='par_1_3' title="bbox 451 594 2036 674">
     <span class='ocr_line' id='line_1_3' title="bbox 451 594 2036 674; baseline 0.005 -24"><span class='ocrx_word' id='word_1_7' title='bbox 451 594 792 652; x_wconf 76' lang='lat' dir='ltr'><strong>concesseris</strong></span> <span class='ocrx_word' id='word_1_8' title='bbox 822 596 1137 665; x_wconf 77' lang='lat' dir='ltr'><strong>dixerisque</strong></span> <span class='ocrx_word' id='word_1_9' title='bbox 1179 598 1463 654; x_wconf 86' lang='lat' dir='ltr'><strong>Dominum</strong></span> <span class='ocrx_word' id='word_1_10' title='bbox 1498 615 1640 668; x_wconf 89' lang='lat' dir='ltr'><strong>esse,</strong></span> <span class='ocrx_word' id='word_1_11' title='bbox 1670 601 1833 672; x_wconf 83' lang='lat' dir='ltr'><strong>impie</strong></span> <span class='ocrx_word' id='word_1_12' title='bbox 1873 618 2036 674; x_wconf 84' lang='lat' dir='ltr'><strong>agere</strong></span> 
     </span>
    </p>
   </div>
   <div class='ocr_carea' id='block_1_4' title="bbox 2144 589 3737 674">
    <p class='ocr_par' dir='ltr' id='par_1_4' title="bbox 2144 589 3737 671">
     <span class='ocr_line' id='line_1_4' title="bbox 2144 589 3737 671; baseline -0.007 -16"><span class='ocrx_word' id='word_1_13' title='bbox 2144 599 2565 671; x_wconf 81' lang='grc' dir='ltr'>Συντεθειμένος</span> <span class='ocrx_word' id='word_1_14' title='bbox 2597 597 2655 653; x_wconf 84' lang='grc' dir='ltr'><strong>δὲ</strong></span> <span class='ocrx_word' id='word_1_15' title='bbox 2689 596 2782 651; x_wconf 76' lang='grc' dir='ltr'>καὶ</span> <span class='ocrx_word' id='word_1_16' title='bbox 2835 595 3063 666; x_wconf 82' lang='grc' dir='ltr'>φάσκων</span> <span class='ocrx_word' id='word_1_17' title='bbox 3117 593 3281 647; x_wconf 78' lang='grc' dir='ltr'>αὐτὸν</span> <span class='ocrx_word' id='word_1_18' title='bbox 3319 589 3459 647; x_wconf 79' lang='grc' dir='ltr'>εἷναι</span> <span class='ocrx_word' id='word_1_19' title='bbox 3495 591 3737 663; x_wconf 77' lang='grc' dir='ltr'><strong>Κύριον,</strong></span> 
     </span>
    </p>
   </div>
   <div class='ocr_carea' id='block_1_5' title="bbox 452 688 2031 759">
    <p class='ocr_par' dir='ltr' id='par_1_5' title="bbox 452 688 2031 759">
     <span class='ocr_line' id='line_1_5' title="bbox 452 688 2031 759; baseline 0.006 -17"><span class='ocrx_word' id='word_1_20' title='bbox 452 688 901 757; x_wconf 87' lang='lat' dir='ltr'><strong>deprehenderis,</strong></span> <span class='ocrx_word' id='word_1_21' title='bbox 923 689 1121 758; x_wconf 80' lang='lat' dir='ltr'><strong>quippe</strong></span> <span class='ocrx_word' id='word_1_22' title='bbox 1148 690 1240 759; x_wconf 93' lang='lat' dir='ltr'><strong>qui</strong></span> <span class='ocrx_word' id='word_1_23' title='bbox 1267 690 1550 747; x_wconf 86' lang='lat' dir='ltr'><strong>Dominum</strong></span> <span class='ocrx_word' id='word_1_24' title='bbox 1573 708 1735 750; x_wconf 82' lang='lat' dir='ltr'><strong>voces</strong></span> <span class='ocrx_word' id='word_1_25' title='bbox 1759 704 1814 750; x_wconf 92' lang='lat' dir='ltr'><strong>et</strong></span> <span class='ocrx_word' id='word_1_26' title='bbox 1836 696 2031 752; x_wconf 89' lang='lat' dir='ltr'><strong>adores</strong></span> 
     </span>
    </p>
   </div>
   <div class='ocr_carea' id='block_1_6' title="bbox 452 782 2031 848">
    <p class='ocr_par' dir='ltr' id='par_1_6' title="bbox 452 782 2031 848">
     <span class='ocr_line' id='line_1_6' title="bbox 452 782 2031 848; baseline 0.003 -11"><span class='ocrx_word' id='word_1_27' title='bbox 452 795 576 841; x_wconf 82' lang='lat' dir='ltr'><strong>eum</strong></span> <span class='ocrx_word' id='word_1_28' title='bbox 610 795 770 848; x_wconf 84' lang='lat' dir='ltr'><strong>quem</strong></span> <span class='ocrx_word' id='word_1_29' title='bbox 800 782 1320 838; x_wconf 84' lang='lat' dir='ltr'><strong>consubstantialem</strong></span> <span class='ocrx_word' id='word_1_30' title='bbox 1355 799 1477 840; x_wconf 85' lang='lat' dir='ltr'><strong>esse</strong></span> <span class='ocrx_word' id='word_1_31' title='bbox 1508 784 1616 840; x_wconf 86' lang='lat' dir='ltr'><strong>Deo</strong></span> <span class='ocrx_word' id='word_1_32' title='bbox 1646 801 1710 841; x_wconf 92' lang='lat' dir='ltr'><strong>ac</strong></span> <span class='ocrx_word' id='word_1_33' title='bbox 1747 785 1895 841; x_wconf 90' lang='lat' dir='ltr'><strong>Patri</strong></span> <span class='ocrx_word' id='word_1_34' title='bbox 1936 802 2031 842; x_wconf 91' lang='lat' dir='ltr'><strong>ne—</strong></span> 
     </span>
    </p>
   </div>
   <div class='ocr_carea' id='block_1_7' title="bbox 451 876 2027 946">
    <p class='ocr_par' dir='ltr' id='par_1_7' title="bbox 451 876 2027 946">
     <span class='ocr_line' id='line_1_7' title="bbox 451 876 2027 946; baseline 0.006 -20"><span class='ocrx_word' id='word_1_35' title='bbox 451 887 569 942; x_wconf 86' lang='lat' dir='ltr'><strong>gas,</strong></span> <span class='ocrx_word' id='word_1_36' title='bbox 602 882 657 927; x_wconf 91' lang='lat' dir='ltr'><strong>et</strong></span> <span class='ocrx_word' id='word_1_37' title='bbox 700 883 1011 929; x_wconf 85' lang='lat' dir='ltr'><strong>creaturam</strong></span> <span class='ocrx_word' id='word_1_38' title='bbox 1042 876 1221 945; x_wconf 79' lang='lat' dir='ltr'><strong>potius</strong></span> <span class='ocrx_word' id='word_1_39' title='bbox 1254 892 1417 946; x_wconf 81' lang='lat' dir='ltr'><strong>quam</strong></span> <span class='ocrx_word' id='word_1_40' title='bbox 1451 893 1639 933; x_wconf 81' lang='lat' dir='ltr'><strong>verum</strong></span> <span class='ocrx_word' id='word_1_41' title='bbox 1668 879 1836 933; x_wconf 85' lang='lat' dir='ltr'><strong>Deum</strong></span> <span class='ocrx_word' id='word_1_42' title='bbox 1871 880 2027 936; x_wconf 85' lang='lat' dir='ltr'><strong>colis.</strong></span> 
     </span>
    </p>
   </div>
   <div class='ocr_carea' id='block_1_8' title="bbox 452 963 2033 1037">
    <p class='ocr_par' dir='ltr' id='par_1_8' title="bbox 452 963 2033 1037">
     <span class='ocr_line' id='line_1_8' title="bbox 452 963 2033 1037; baseline 0.004 -20"><span class='ocrx_word' id='word_1_43' title='bbox 452 963 609 1029; x_wconf 83' lang='lat' dir='ltr'><strong>Quod</strong></span> <span class='ocrx_word' id='word_1_44' title='bbox 655 965 798 1019; x_wconf 87' lang='lat' dir='ltr'><strong>enim</strong></span> <span class='ocrx_word' id='word_1_45' title='bbox 833 964 1056 1019; x_wconf 72' lang='lat' dir='ltr'><strong>alterius</strong></span> <span class='ocrx_word' id='word_1_46' title='bbox 1101 975 1309 1019; x_wconf 69' lang='lat' dir='ltr'><strong>naturae</strong></span> <span class='ocrx_word' id='word_1_47' title='bbox 1339 976 1425 1021; x_wconf 85' lang='lat' dir='ltr'><strong>est</strong></span> <span class='ocrx_word' id='word_1_48' title='bbox 1454 965 1522 1021; x_wconf 86' lang='lat' dir='ltr'><strong>ab</strong></span> <span class='ocrx_word' id='word_1_49' title='bbox 1559 981 1624 1021; x_wconf 89' lang='lat' dir='ltr'><strong>eo</strong></span> <span class='ocrx_word' id='word_1_50' title='bbox 1663 966 1754 1037; x_wconf 91' lang='lat' dir='ltr'><strong>qui</strong></span> <span class='ocrx_word' id='word_1_51' title='bbox 1788 981 1916 1022; x_wconf 86' lang='lat' dir='ltr'><strong>vere</strong></span> <span class='ocrx_word' id='word_1_52' title='bbox 1948 977 2033 1024; x_wconf 82' lang='lat' dir='ltr'><strong>est</strong></span> 
     </span>
    </p>
   </div>
   <div class='ocr_carea' id='block_1_9' title="bbox 451 1053 2030 1127">
    <p class='ocr_par' dir='ltr' id='par_1_9' title="bbox 451 1053 2030 1127">
     <span class='ocr_line' id='line_1_9' title="bbox 451 1053 2030 1127; baseline 0.003 -18"><span class='ocrx_word' id='word_1_53' title='bbox 451 1054 621 1120; x_wconf 82' lang='lat' dir='ltr'><strong>Deus,</strong></span> <span class='ocrx_word' id='word_1_54' title='bbox 660 1056 714 1110; x_wconf 90' lang='lat' dir='ltr'><strong>id</strong></span> <span class='ocrx_word' id='word_1_55' title='bbox 750 1065 940 1109; x_wconf 84' lang='lat' dir='ltr'><strong>natura</strong></span> <span class='ocrx_word' id='word_1_56' title='bbox 970 1053 1115 1112; x_wconf 86' lang='lat' dir='ltr'><strong>Deus</strong></span> <span class='ocrx_word' id='word_1_57' title='bbox 1144 1069 1265 1111; x_wconf 85' lang='lat' dir='ltr'><strong>esse</strong></span> <span class='ocrx_word' id='word_1_58' title='bbox 1302 1072 1409 1112; x_wconf 88' lang='lat' dir='ltr'><strong>non</strong></span> <span class='ocrx_word' id='word_1_59' title='bbox 1453 1067 1652 1127; x_wconf 90' lang='lat' dir='ltr'><strong>potest.</strong></span> <span class='ocrx_word' id='word_1_60' title='bbox 1683 1060 1837 1126; x_wconf 83' lang='lat' dir='ltr'><strong>Quod</strong></span> <span class='ocrx_word' id='word_1_61' title='bbox 1867 1062 2030 1115; x_wconf 89' lang='lat' dir='ltr'><strong>etiam</strong></span> 
     </span>
    </p>
   </div>
   <div class='ocr_carea' id='block_1_10' title="bbox 452 1143 2032 1216">
    <p class='ocr_par' dir='ltr' id='par_1_10' title="bbox 452 1143 2032 1216">
     <span class='ocr_line' id='line_1_10' title="bbox 452 1143 2032 1216; baseline 0.003 -16"><span class='ocrx_word' id='word_1_62' title='bbox 452 1145 569 1214; x_wconf 83' lang='lat' dir='ltr'><strong>ipsa</strong></span> <span class='ocrx_word' id='word_1_63' title='bbox 614 1160 768 1200; x_wconf 82' lang='lat' dir='ltr'><strong>sacra</strong></span> <span class='ocrx_word' id='word_1_64' title='bbox 822 1143 1103 1216; x_wconf 81' lang='lat' dir='ltr'><strong>Scriptura</strong></span> <span class='ocrx_word' id='word_1_65' title='bbox 1149 1156 1403 1211; x_wconf 86' lang='lat' dir='ltr'><strong>testatur,</strong></span> <span class='ocrx_word' id='word_1_66' title='bbox 1455 1148 1690 1203; x_wconf 87' lang='lat' dir='ltr'><strong>dicens:</strong></span> <span class='ocrx_word' id='word_1_67' title='bbox 1725 1167 1743 1200; x_wconf 79' lang='grc' dir='ltr'><strong>ι</strong></span> <span class='ocrx_word' id='word_1_68' title='bbox 1777 1149 2032 1206; x_wconf 84' lang='lat' dir='ltr'><strong>Dominus</strong></span> 
     </span>
    </p>
   </div>
   <div class='ocr_carea' id='block_1_11' title="bbox 451 1237 2034 1303">
    <p class='ocr_par' dir='ltr' id='par_1_11' title="bbox 451 1237 2034 1303">
     <span class='ocr_line' id='line_1_11' title="bbox 451 1237 2034 1303; baseline 0.004 -11"><span class='ocrx_word' id='word_1_69' title='bbox 451 1237 593 1292; x_wconf 86' lang='lat' dir='ltr'><strong>Deus</strong></span> <span class='ocrx_word' id='word_1_70' title='bbox 626 1246 839 1303; x_wconf 85' lang='lat' dir='ltr'><strong>noster,</strong></span> <span class='ocrx_word' id='word_1_71' title='bbox 876 1238 1135 1295; x_wconf 84' lang='lat' dir='ltr'><strong>Dominus</strong></span> <span class='ocrx_word' id='word_1_72' title='bbox 1166 1256 1306 1295; x_wconf 89' lang='lat' dir='ltr'><strong>unus</strong></span> <span class='ocrx_word' id='word_1_73' title='bbox 1337 1249 1421 1294; x_wconf 84' lang='lat' dir='ltr'><strong>est</strong></span> <span class='ocrx_word' id='word_1_74' title='bbox 1440 1238 1485 1272; x_wconf 76' lang='grc'><strong>⁸⁷</strong></span> <span class='ocrx_word' id='word_1_75' title='bbox 1514 1259 1529 1296; x_wconf 89' lang='lat'><strong>:</strong></span> <span class='ocrx_word' id='word_1_76' title='bbox 1569 1260 1589 1293; x_wconf 71' lang='grc' dir='ltr'><strong>ι</strong></span> <span class='ocrx_word' id='word_1_77' title='bbox 1629 1257 1733 1296; x_wconf 87' lang='lat' dir='ltr'><strong>una</strong></span> <span class='ocrx_word' id='word_1_78' title='bbox 1761 1243 1907 1297; x_wconf 90' lang='lat' dir='ltr'><strong>enim</strong></span> <span class='ocrx_word' id='word_1_79' title='bbox 1948 1252 2034 1299; x_wconf 90' lang='lat' dir='ltr'><strong>est</strong></span> 
     </span>
    </p>
   </div>
   <div class='ocr_carea' id='block_1_12' title="bbox 452 1329 2033 1398">
    <p class='ocr_par' dir='ltr' id='par_1_12' title="bbox 452 1329 2033 1398">
     <span class='ocr_line' id='line_1_12' title="bbox 452 1329 2033 1398; baseline 0.004 -16"><span class='ocrx_word' id='word_1_80' title='bbox 452 1329 674 1385; x_wconf 79' lang='lat' dir='ltr'><strong>deitatis</strong></span> <span class='ocrx_word' id='word_1_81' title='bbox 726 1340 942 1385; x_wconf 84' lang='lat' dir='ltr'><strong>natura.</strong></span> <span class='ocrx_word' id='word_1_82' title='bbox 1003 1331 1159 1398; x_wconf 82' lang='lat' dir='ltr'><strong>Quod</strong></span> <span class='ocrx_word' id='word_1_83' title='bbox 1214 1346 1343 1387; x_wconf 73' lang='lat' dir='ltr'><strong>vero</strong></span> <span class='ocrx_word' id='word_1_84' title='bbox 1390 1332 1533 1388; x_wconf 89' lang='lat' dir='ltr'><strong>hanc</strong></span> <span class='ocrx_word' id='word_1_85' title='bbox 1588 1333 1760 1389; x_wconf 86' lang='lat' dir='ltr'><strong>solam</strong></span> <span class='ocrx_word' id='word_1_86' title='bbox 1803 1334 2033 1391; x_wconf 87' lang='lat' dir='ltr'><strong>adorare</strong></span> 
     </span>
    </p>
   </div>
   <div class='ocr_carea' id='block_1_13' title="bbox 450 1424 2030 1492">
    <p class='ocr_par' dir='ltr' id='par_1_13' title="bbox 450 1424 2030 1492">
     <span class='ocr_line' id='line_1_13' title="bbox 450 1424 2030 1492; baseline 0.004 -15"><span class='ocrx_word' id='word_1_87' title='bbox 450 1433 722 1492; x_wconf 83' lang='lat' dir='ltr'><strong>oporteat,</strong></span> <span class='ocrx_word' id='word_1_88' title='bbox 767 1424 957 1479; x_wconf 80' lang='lat' dir='ltr'><strong>audies</strong></span> <span class='ocrx_word' id='word_1_89' title='bbox 987 1439 1200 1479; x_wconf 86' lang='lat' dir='ltr'><strong>rursum</strong></span> <span class='ocrx_word' id='word_1_90' title='bbox 1234 1442 1249 1478; x_wconf 89' lang='lat'><strong>:</strong></span> <span class='ocrx_word' id='word_1_91' title='bbox 1286 1443 1307 1477; x_wconf 73' lang='grc' dir='ltr'><strong>ι</strong></span> <span class='ocrx_word' id='word_1_92' title='bbox 1340 1424 1632 1483; x_wconf 88' lang='lat' dir='ltr'><strong>Dominum</strong></span> <span class='ocrx_word' id='word_1_93' title='bbox 1677 1427 1844 1483; x_wconf 90' lang='lat' dir='ltr'><strong>Deum</strong></span> <span class='ocrx_word' id='word_1_94' title='bbox 1878 1438 2030 1483; x_wconf 91' lang='lat' dir='ltr'><strong>tuum</strong></span> 
     </span>
    </p>
   </div>
   <div class='ocr_carea' id='block_1_14' title="bbox 450 1514 2033 1590">
    <p class='ocr_par' dir='ltr' id='par_1_14' title="bbox 450 1514 2033 1590">
     <span class='ocr_line' id='line_1_14' title="bbox 450 1514 2033 1590; baseline 0.005 -22"><span class='ocrx_word' id='word_1_95' title='bbox 450 1514 733 1581; x_wconf 80' lang='lat' dir='ltr'><strong>adorabis,</strong></span> <span class='ocrx_word' id='word_1_96' title='bbox 764 1524 819 1569; x_wconf 89' lang='lat' dir='ltr'><strong>et</strong></span> <span class='ocrx_word' id='word_1_97' title='bbox 844 1514 894 1570; x_wconf 92' lang='lat' dir='ltr'><strong>ei</strong></span> <span class='ocrx_word' id='word_1_98' title='bbox 927 1515 1027 1570; x_wconf 90' lang='lat' dir='ltr'><strong>soli</strong></span> <span class='ocrx_word' id='word_1_99' title='bbox 1059 1516 1266 1572; x_wconf 80' lang='lat' dir='ltr'><strong>servies</strong></span> <span class='ocrx_word' id='word_1_100' title='bbox 1286 1516 1354 1571; x_wconf 81' lang='grc'><strong>⁸⁸.</strong></span> <span class='ocrx_word' id='word_1_101' title='bbox 1385 1535 1406 1569; x_wconf 73' lang='grc' dir='ltr'><strong>ι</strong></span> <span class='ocrx_word' id='word_1_102' title='bbox 1448 1515 1505 1573; x_wconf 82' lang='lat' dir='ltr'><strong>Si</strong></span> <span class='ocrx_word' id='word_1_103' title='bbox 1540 1518 1705 1589; x_wconf 80' lang='lat' dir='ltr'><strong>igitur</strong></span> <span class='ocrx_word' id='word_1_104' title='bbox 1734 1519 1863 1590; x_wconf 83' lang='lat' dir='ltr'><strong>quia</strong></span> <span class='ocrx_word' id='word_1_105' title='bbox 1888 1519 2033 1576; x_wconf 86' lang='lat' dir='ltr'><strong>Deus</strong></span> 
     </span>
    </p>
   </div>
   <div class='ocr_carea' id='block_1_15' title="bbox 455 1603 2031 1674">
    <p class='ocr_par' dir='ltr' id='par_1_15' title="bbox 455 1603 2031 1674">
     <span class='ocr_line' id='line_1_15' title="bbox 455 1603 2031 1674; baseline 0.003 -13"><span class='ocrx_word' id='word_1_106' title='bbox 455 1619 524 1661; x_wconf 79' lang='lat' dir='ltr'><strong>ac</strong></span> <span class='ocrx_word' id='word_1_107' title='bbox 545 1603 709 1660; x_wconf 89' lang='lat' dir='ltr'><strong>Pater</strong></span> <span class='ocrx_word' id='word_1_108' title='bbox 741 1604 890 1661; x_wconf 86' lang='lat' dir='ltr'><strong>solus</strong></span> <span class='ocrx_word' id='word_1_109' title='bbox 917 1605 1115 1661; x_wconf 86' lang='lat' dir='ltr'><strong>dicitur</strong></span> <span class='ocrx_word' id='word_1_110' title='bbox 1140 1609 1334 1674; x_wconf 92' lang='lat' dir='ltr'><strong>bonus,</strong></span> <span class='ocrx_word' id='word_1_111' title='bbox 1368 1608 1538 1665; x_wconf 85' lang='lat' dir='ltr'><strong>Filius</strong></span> <span class='ocrx_word' id='word_1_112' title='bbox 1563 1609 1737 1665; x_wconf 87' lang='lat' dir='ltr'><strong>bonus</strong></span> <span class='ocrx_word' id='word_1_113' title='bbox 1768 1625 1893 1667; x_wconf 89' lang='lat' dir='ltr'><strong>esse</strong></span> <span class='ocrx_word' id='word_1_114' title='bbox 1922 1627 2031 1666; x_wconf 86' lang='lat' dir='ltr'><strong>non</strong></span> 
     </span>
    </p>
   </div>
   <div class='ocr_carea' id='block_1_16' title="bbox 454 1697 2031 1770">
    <p class='ocr_par' dir='ltr' id='par_1_16' title="bbox 454 1697 2031 1770">
     <span class='ocr_line' id='line_1_16' title="bbox 454 1697 2031 1770; baseline 0.004 -18"><span class='ocrx_word' id='word_1_115' title='bbox 454 1707 635 1767; x_wconf 86' lang='lat' dir='ltr'><strong>potest</strong></span> <span class='ocrx_word' id='word_1_116' title='bbox 662 1698 803 1753; x_wconf 86' lang='lat' dir='ltr'><strong>sicut</strong></span> <span class='ocrx_word' id='word_1_117' title='bbox 831 1697 1013 1763; x_wconf 87' lang='lat' dir='ltr'><strong>Pater,</strong></span> <span class='ocrx_word' id='word_1_118' title='bbox 1043 1698 1338 1770; x_wconf 89' lang='lat' dir='ltr'><strong>eademque</strong></span> <span class='ocrx_word' id='word_1_119' title='bbox 1364 1700 1574 1757; x_wconf 83' lang='lat' dir='ltr'><strong>ratione</strong></span> <span class='ocrx_word' id='word_1_120' title='bbox 1604 1717 1727 1758; x_wconf 91' lang='lat' dir='ltr'><strong>cum</strong></span> <span class='ocrx_word' id='word_1_121' title='bbox 1757 1720 1897 1758; x_wconf 91' lang='lat' dir='ltr'><strong>unus</strong></span> <span class='ocrx_word' id='word_1_122' title='bbox 1925 1704 2031 1758; x_wconf 88' lang='lat' dir='ltr'><strong>Pa-</strong></span> 
     </span>
    </p>
   </div>
   <div class='ocr_carea' id='block_1_17' title="bbox 458 1792 2033 1865">
    <p class='ocr_par' dir='ltr' id='par_1_17' title="bbox 458 1792 2033 1865">
     <span class='ocr_line' id='line_1_17' title="bbox 458 1792 2033 1865; baseline 0.003 -19"><span class='ocrx_word' id='word_1_123' title='bbox 458 1804 542 1847; x_wconf 84' lang='lat' dir='ltr'><strong>ter</strong></span> <span class='ocrx_word' id='word_1_124' title='bbox 568 1792 768 1848; x_wconf 89' lang='lat' dir='ltr'><strong>dicitur</strong></span> <span class='ocrx_word' id='word_1_125' title='bbox 795 1792 1050 1848; x_wconf 85' lang='lat' dir='ltr'><strong>Dominus</strong></span> <span class='ocrx_word' id='word_1_126' title='bbox 1079 1804 1135 1848; x_wconf 93' lang='lat' dir='ltr'><strong>et</strong></span> <span class='ocrx_word' id='word_1_127' title='bbox 1165 1794 1328 1857; x_wconf 87' lang='lat' dir='ltr'><strong>Deus,</strong></span> <span class='ocrx_word' id='word_1_128' title='bbox 1366 1795 1610 1865; x_wconf 83' lang='lat' dir='ltr'><strong>sequitur</strong></span> <span class='ocrx_word' id='word_1_129' title='bbox 1634 1798 1797 1852; x_wconf 88' lang='lat' dir='ltr'><strong>etiam</strong></span> <span class='ocrx_word' id='word_1_130' title='bbox 1844 1811 2033 1852; x_wconf 79' lang='lat' dir='ltr'><strong>neces-</strong></span> 
     </span>
    </p>
   </div>
   <div class='ocr_carea' id='block_1_18' title="bbox 459 1884 2032 1958">
    <p class='ocr_par' dir='ltr' id='par_1_18' title="bbox 459 1884 2032 1958">
     <span class='ocr_line' id='line_1_18' title="bbox 459 1884 2032 1958; baseline 0.003 -21"><span class='ocrx_word' id='word_1_131' title='bbox 459 1885 606 1939; x_wconf 86' lang='lat' dir='ltr'><strong>sario</strong></span> <span class='ocrx_word' id='word_1_132' title='bbox 633 1900 698 1940; x_wconf 81' lang='lat' dir='ltr'><strong>ex</strong></span> <span class='ocrx_word' id='word_1_133' title='bbox 742 1886 930 1940; x_wconf 89' lang='lat' dir='ltr'><strong>eodem</strong></span> <span class='ocrx_word' id='word_1_134' title='bbox 965 1888 1283 1957; x_wconf 85' lang='lat' dir='ltr'><strong>argumento</strong></span> <span class='ocrx_word' id='word_1_135' title='bbox 1308 1884 1504 1943; x_wconf 85' lang='lat' dir='ltr'><strong>Filium</strong></span> <span class='ocrx_word' id='word_1_136' title='bbox 1540 1902 1718 1958; x_wconf 86' lang='lat' dir='ltr'><strong>neque</strong></span> <span class='ocrx_word' id='word_1_137' title='bbox 1746 1887 2032 1944; x_wconf 92' lang='lat' dir='ltr'><strong>Dominum</strong></span> 
     </span>
    </p>
   </div>
   <div class='ocr_carea' id='block_1_19' title="bbox 2138 683 3741 762">
    <p class='ocr_par' dir='ltr' id='par_1_19' title="bbox 2138 683 3741 762">
     <span class='ocr_line' id='line_1_19' title="bbox 2138 683 3741 762; baseline -0.007 -15"><span class='ocrx_word' id='word_1_138' title='bbox 2138 692 2354 757; x_wconf 76' lang='grc' dir='ltr'>ἀσεϐῶς</span> <span class='ocrx_word' id='word_1_139' title='bbox 2381 689 2688 762; x_wconf 78' lang='grc' dir='ltr'>ὲλεγχθήσῃ</span> <span class='ocrx_word' id='word_1_140' title='bbox 2707 688 2802 742; x_wconf 74' lang='grc' dir='ltr'><strong>καὶ</strong></span> <span class='ocrx_word' id='word_1_141' title='bbox 2824 686 3031 759; x_wconf 81' lang='grc' dir='ltr'>Κύριον</span> <span class='ocrx_word' id='word_1_142' title='bbox 3060 685 3238 754; x_wconf 85' lang='grc' dir='ltr'>λέγων</span> <span class='ocrx_word' id='word_1_143' title='bbox 3277 685 3372 739; x_wconf 76' lang='grc' dir='ltr'><strong>καὶ</strong></span> <span class='ocrx_word' id='word_1_144' title='bbox 3405 683 3741 755; x_wconf 81' lang='grc' dir='ltr'>προσκυνῶν</span> 
     </span>
    </p>
   </div>
   <div class='ocr_carea' id='block_1_20' title="bbox 2137 774 3740 855">
    <p class='ocr_par' dir='ltr' id='par_1_20' title="bbox 2137 774 3740 855">
     <span class='ocr_line' id='line_1_20' title="bbox 2137 774 3740 855; baseline -0.006 -16"><span class='ocrx_word' id='word_1_145' title='bbox 2137 785 2196 839; x_wconf 82' lang='grc' dir='ltr'><strong>δν</strong></span> <span class='ocrx_word' id='word_1_146' title='bbox 2221 786 2281 839; x_wconf 87' lang='grc' dir='ltr'><strong>ού</strong></span> <span class='ocrx_word' id='word_1_147' title='bbox 2332 784 2439 855; x_wconf 82' lang='grc' dir='ltr'>φὴς</span> <span class='ocrx_word' id='word_1_148' title='bbox 2485 781 2773 853; x_wconf 85' lang='grc' dir='ltr'>ὀμοούσιον</span> <span class='ocrx_word' id='word_1_149' title='bbox 2804 774 2943 833; x_wconf 77' lang='grc' dir='ltr'>εῖναι</span> <span class='ocrx_word' id='word_1_150' title='bbox 2989 777 3067 848; x_wconf 84' lang='grc' dir='ltr'>τῷ</span> <span class='ocrx_word' id='word_1_151' title='bbox 3105 776 3224 849; x_wconf 89' lang='grc' dir='ltr'>Θεῷ</span> <span class='ocrx_word' id='word_1_152' title='bbox 3270 778 3365 831; x_wconf 75' lang='grc' dir='ltr'><strong>καὶ</strong></span> <span class='ocrx_word' id='word_1_153' title='bbox 3398 777 3603 848; x_wconf 72' lang='grc' dir='ltr'>Πατρὶ,</span> <span class='ocrx_word' id='word_1_154' title='bbox 3642 775 3740 830; x_wconf 75' lang='grc' dir='ltr'>καὶ</span> 
     </span>
    </p>
   </div>
   <div class='ocr_carea' id='block_1_21' title="bbox 2139 867 3740 948">
    <p class='ocr_par' dir='ltr' id='par_1_21' title="bbox 2139 867 3740 948">
     <span class='ocr_line' id='line_1_21' title="bbox 2139 867 3740 948; baseline -0.006 -17"><span class='ocrx_word' id='word_1_155' title='bbox 2139 876 2401 948; x_wconf 77' lang='grc' dir='ltr'><strong>κτίσματι</strong></span> <span class='ocrx_word' id='word_1_156' title='bbox 2442 872 2642 947; x_wconf 81' lang='grc' dir='ltr'>μᾶλλον</span> <span class='ocrx_word' id='word_1_157' title='bbox 2687 872 2723 944; x_wconf 77' lang='grc' dir='ltr'>ἢ</span> <span class='ocrx_word' id='word_1_158' title='bbox 2776 870 2897 942; x_wconf 89' lang='grc' dir='ltr'>Θεῷ</span> <span class='ocrx_word' id='word_1_159' title='bbox 2927 868 3071 924; x_wconf 87' lang='grc' dir='ltr'><strong>κατά</strong></span> <span class='ocrx_word' id='word_1_160' title='bbox 3113 870 3278 940; x_wconf 89' lang='grc' dir='ltr'>φύσιν</span> <span class='ocrx_word' id='word_1_161' title='bbox 3315 868 3630 937; x_wconf 85' lang='grc' dir='ltr'>λατρεύεις.</span> <span class='ocrx_word' id='word_1_162' title='bbox 3662 867 3740 921; x_wconf 81' lang='grc' dir='ltr'><strong>Τὸ</strong></span> 
     </span>
    </p>
   </div>
   <div class='ocr_carea' id='block_1_22' title="bbox 2137 958 3839 1041">
    <p class='ocr_par' dir='ltr' id='par_1_22' title="bbox 2137 958 3839 1041">
     <span class='ocr_line' id='line_1_22' title="bbox 2137 958 3839 1041; baseline -0.007 -18"><span class='ocrx_word' id='word_1_163' title='bbox 2137 969 2247 1041; x_wconf 81' lang='grc' dir='ltr'>γὰρ</span> <span class='ocrx_word' id='word_1_164' title='bbox 2268 968 2465 1039; x_wconf 79' lang='grc' dir='ltr'>ἐτέρας</span> <span class='ocrx_word' id='word_1_165' title='bbox 2490 966 2738 1039; x_wconf 84' lang='grc' dir='ltr'>ὑπάρχον</span> <span class='ocrx_word' id='word_1_166' title='bbox 2764 963 2949 1027; x_wconf 80' lang='grc' dir='ltr'><strong>οὐσίας</strong></span> <span class='ocrx_word' id='word_1_167' title='bbox 2990 962 3144 1033; x_wconf 85' lang='grc' dir='ltr'>παρὰ</span> <span class='ocrx_word' id='word_1_168' title='bbox 3168 961 3260 1015; x_wconf 88' lang='grc' dir='ltr'><strong>τὸν</strong></span> <span class='ocrx_word' id='word_1_169' title='bbox 3292 959 3423 1014; x_wconf 74' lang='grc' dir='ltr'>ὄντα</span> <span class='ocrx_word' id='word_1_170' title='bbox 3448 959 3610 1020; x_wconf 84' lang='grc' dir='ltr'>Θεὸν,</span> <span class='ocrx_word' id='word_1_171' title='bbox 3634 960 3740 1012; x_wconf 79' lang='grc' dir='ltr'><strong>οὐκ</strong></span> <span class='ocrx_word' id='word_1_172' title='bbox 3836 958 3839 959; x_wconf 55' lang='grc'><strong><em>⁷</em></strong></span> 
     </span>
    </p>
   </div>
   <div class='ocr_carea' id='block_1_23' title="bbox 2139 1052 3739 1132">
    <p class='ocr_par' dir='ltr' id='par_1_23' title="bbox 2139 1052 3739 1132">
     <span class='ocr_line' id='line_1_23' title="bbox 2139 1052 3739 1132; baseline -0.007 -17"><span class='ocrx_word' id='word_1_173' title='bbox 2139 1061 2206 1115; x_wconf 79' lang='grc' dir='ltr'><strong>ἂν</strong></span> <span class='ocrx_word' id='word_1_174' title='bbox 2228 1062 2313 1132; x_wconf 74' lang='grc' dir='ltr'>εἴη</span> <span class='ocrx_word' id='word_1_175' title='bbox 2332 1060 2493 1131; x_wconf 84' lang='grc' dir='ltr'>φύσει</span> <span class='ocrx_word' id='word_1_176' title='bbox 2519 1058 2675 1123; x_wconf 89' lang='grc' dir='ltr'>Θεός.</span> <span class='ocrx_word' id='word_1_177' title='bbox 2697 1057 2810 1112; x_wconf 71' lang='grc' dir='ltr'>Καὶ</span> <span class='ocrx_word' id='word_1_178' title='bbox 2836 1054 3027 1110; x_wconf 88' lang='grc' dir='ltr'>τούτου</span> <span class='ocrx_word' id='word_1_179' title='bbox 3053 1054 3264 1129; x_wconf 80' lang='grc' dir='ltr'><strong>μάρτυς</strong></span> <span class='ocrx_word' id='word_1_180' title='bbox 3287 1055 3321 1126; x_wconf 77' lang='grc' dir='ltr'><strong>ἡ</strong></span> <span class='ocrx_word' id='word_1_181' title='bbox 3347 1052 3467 1106; x_wconf 80' lang='grc' dir='ltr'>θεία</span> <span class='ocrx_word' id='word_1_182' title='bbox 3491 1052 3739 1121; x_wconf 78' lang='grc' dir='ltr'><strong>λέγουσα</strong></span> 
     </span>
    </p>
   </div>
   <div class='ocr_carea' id='block_1_24' title="bbox 2138 1137 3732 1223">
    <p class='ocr_par' dir='ltr' id='par_1_24' title="bbox 2138 1137 3732 1223">
     <span class='ocr_line' id='line_1_24' title="bbox 2138 1137 3732 1223; baseline -0.008 -18"><span class='ocrx_word' id='word_1_183' title='bbox 2138 1152 2362 1223; x_wconf 85' lang='grc' dir='ltr'>Γραφή·</span> <span class='ocrx_word' id='word_1_184' title='bbox 2408 1169 2426 1202; x_wconf 80' lang='grc' dir='ltr'><strong>ι</strong></span> <span class='ocrx_word' id='word_1_185' title='bbox 2464 1148 2671 1220; x_wconf 83' lang='grc' dir='ltr'>Κύριος</span> <span class='ocrx_word' id='word_1_186' title='bbox 2708 1149 2737 1202; x_wconf 99' lang='lat'><strong>6</strong></span> <span class='ocrx_word' id='word_1_187' title='bbox 2764 1146 2895 1210; x_wconf 86' lang='grc' dir='ltr'>Θεὸς</span> <span class='ocrx_word' id='word_1_188' title='bbox 2944 1144 3124 1217; x_wconf 81' lang='grc' dir='ltr'>ἡμῶν,</span> <span class='ocrx_word' id='word_1_189' title='bbox 3171 1142 3379 1215; x_wconf 89' lang='grc' dir='ltr'>Κύριος</span> <span class='ocrx_word' id='word_1_190' title='bbox 3404 1137 3487 1206; x_wconf 75' lang='grc' dir='ltr'>εἷς</span> <span class='ocrx_word' id='word_1_191' title='bbox 3514 1143 3671 1193; x_wconf 74' lang='grc' dir='ltr'>ἐστι·</span> <span class='ocrx_word' id='word_1_192' title='bbox 3711 1158 3732 1193; x_wconf 75' lang='grc' dir='ltr'><strong>ι</strong></span> 
     </span>
    </p>
   </div>
   <div class='ocr_carea' id='block_1_25' title="bbox 2141 1232 3740 1317">
    <p class='ocr_par' dir='ltr' id='par_1_25' title="bbox 2141 1232 3740 1317">
     <span class='ocr_line' id='line_1_25' title="bbox 2141 1232 3740 1317; baseline -0.008 -19"><span class='ocrx_word' id='word_1_193' title='bbox 2141 1244 2241 1317; x_wconf 89' lang='grc' dir='ltr'><strong>μία</strong></span> <span class='ocrx_word' id='word_1_194' title='bbox 2269 1242 2378 1313; x_wconf 83' lang='grc' dir='ltr'>γὰρ</span> <span class='ocrx_word' id='word_1_195' title='bbox 2429 1241 2684 1312; x_wconf 78' lang='grc' dir='ltr'><strong>θεότητος</strong></span> <span class='ocrx_word' id='word_1_196' title='bbox 2737 1238 2919 1309; x_wconf 86' lang='grc' dir='ltr'>φύσις.</span> <span class='ocrx_word' id='word_1_197' title='bbox 2977 1238 3087 1291; x_wconf 77' lang='grc' dir='ltr'><strong>Καὶ</strong></span> <span class='ocrx_word' id='word_1_198' title='bbox 3118 1236 3200 1290; x_wconf 83' lang='grc' dir='ltr'><strong>ὅτι</strong></span> <span class='ocrx_word' id='word_1_199' title='bbox 3244 1234 3416 1305; x_wconf 83' lang='grc' dir='ltr'>ταύτῃ</span> <span class='ocrx_word' id='word_1_200' title='bbox 3460 1235 3603 1304; x_wconf 84' lang='grc' dir='ltr'>μόνῃ</span> <span class='ocrx_word' id='word_1_201' title='bbox 3654 1232 3740 1286; x_wconf 88' lang='grc' dir='ltr'><strong>δεῖ</strong></span> 
     </span>
    </p>
   </div>
   <div class='ocr_carea' id='block_1_26' title="bbox 2140 1324 3738 1406">
    <p class='ocr_par' dir='ltr' id='par_1_26' title="bbox 2140 1324 3738 1406">
     <span class='ocr_line' id='line_1_26' title="bbox 2140 1324 3738 1406; baseline -0.006 -17"><span class='ocrx_word' id='word_1_202' title='bbox 2140 1336 2486 1406; x_wconf 80' lang='grc' dir='ltr'>προσκυνεῖν,</span> <span class='ocrx_word' id='word_1_203' title='bbox 2536 1332 2746 1405; x_wconf 77' lang='grc' dir='ltr'>ἀκούσῃ</span> <span class='ocrx_word' id='word_1_204' title='bbox 2778 1330 2974 1385; x_wconf 74' lang='grc' dir='ltr'>πάλινο</span> <span class='ocrx_word' id='word_1_205' title='bbox 3036 1348 3055 1380; x_wconf 79' lang='grc' dir='ltr'><strong>ι</strong></span> <span class='ocrx_word' id='word_1_206' title='bbox 3090 1326 3300 1397; x_wconf 83' lang='grc' dir='ltr'>Κύριον</span> <span class='ocrx_word' id='word_1_207' title='bbox 3337 1325 3426 1380; x_wconf 86' lang='grc' dir='ltr'><strong>τὸν</strong></span> <span class='ocrx_word' id='word_1_208' title='bbox 3474 1324 3617 1378; x_wconf 81' lang='grc' dir='ltr'>Θεόν</span> <span class='ocrx_word' id='word_1_209' title='bbox 3643 1341 3738 1379; x_wconf 88' lang='grc' dir='ltr'><strong>σου</strong></span> 
     </span>
    </p>
   </div>
   <div class='ocr_carea' id='block_1_27' title="bbox 2140 1416 3735 1499">
    <p class='ocr_par' dir='ltr' id='par_1_27' title="bbox 2140 1416 3735 1499">
     <span class='ocr_line' id='line_1_27' title="bbox 2140 1416 3735 1499; baseline -0.008 -18"><span class='ocrx_word' id='word_1_210' title='bbox 2140 1426 2561 1499; x_wconf 81' lang='grc' dir='ltr'>προσκυνήσεις,</span> <span class='ocrx_word' id='word_1_211' title='bbox 2602 1424 2697 1478; x_wconf 76' lang='grc' dir='ltr'><strong>καὶ</strong></span> <span class='ocrx_word' id='word_1_212' title='bbox 2728 1422 2880 1494; x_wconf 84' lang='grc' dir='ltr'>αύτῷ</span> <span class='ocrx_word' id='word_1_213' title='bbox 2922 1421 3070 1492; x_wconf 81' lang='grc' dir='ltr'>μόνῳ</span> <span class='ocrx_word' id='word_1_214' title='bbox 3096 1418 3441 1491; x_wconf 82' lang='grc' dir='ltr'>λατρεύσεις.</span> <span class='ocrx_word' id='word_1_215' title='bbox 3466 1437 3484 1471; x_wconf 72' lang='grc' dir='ltr'><strong>ι</strong></span> <span class='ocrx_word' id='word_1_216' title='bbox 3519 1418 3587 1470; x_wconf 75' lang='grc' dir='ltr'><strong>Εἰ</strong></span> <span class='ocrx_word' id='word_1_217' title='bbox 3619 1416 3735 1469; x_wconf 81' lang='grc' dir='ltr'>τοι·</span> 
     </span>
    </p>
   </div>
   <div class='ocr_carea' id='block_1_28' title="bbox 2137 1506 3737 1588">
    <p class='ocr_par' dir='ltr' id='par_1_28' title="bbox 2137 1506 3737 1588">
     <span class='ocr_line' id='line_1_28' title="bbox 2137 1506 3737 1588; baseline -0.009 -15"><span class='ocrx_word' id='word_1_218' title='bbox 2137 1536 2233 1573; x_wconf 90' lang='grc' dir='ltr'><strong>νυν</strong></span> <span class='ocrx_word' id='word_1_219' title='bbox 2254 1518 2342 1572; x_wconf 83' lang='grc' dir='ltr'>διὰ</span> <span class='ocrx_word' id='word_1_220' title='bbox 2366 1517 2427 1571; x_wconf 87' lang='grc' dir='ltr'><strong>τὸ</strong></span> <span class='ocrx_word' id='word_1_221' title='bbox 2460 1518 2621 1588; x_wconf 86' lang='grc' dir='ltr'>μόνον</span> <span class='ocrx_word' id='word_1_222' title='bbox 2638 1513 2852 1584; x_wconf 78' lang='grc' dir='ltr'>ἀγαθὸν</span> <span class='ocrx_word' id='word_1_223' title='bbox 2882 1511 3138 1578; x_wconf 84' lang='grc' dir='ltr'>λέγεσθαι</span> <span class='ocrx_word' id='word_1_224' title='bbox 3161 1509 3253 1564; x_wconf 89' lang='grc' dir='ltr'><strong>τὸν</strong></span> <span class='ocrx_word' id='word_1_225' title='bbox 3277 1508 3409 1562; x_wconf 90' lang='grc' dir='ltr'>Θεὸν</span> <span class='ocrx_word' id='word_1_226' title='bbox 3432 1510 3526 1561; x_wconf 76' lang='grc' dir='ltr'>καὶ</span> <span class='ocrx_word' id='word_1_227' title='bbox 3554 1506 3737 1560; x_wconf 65' lang='grc' dir='ltr'><strong>Πατέρα</strong></span> 
     </span>
    </p>
   </div>
   <div class='ocr_carea' id='block_1_29' title="bbox 2142 1604 3734 1685">
    <p class='ocr_par' dir='ltr' id='par_1_29' title="bbox 2142 1604 3734 1685">
     <span class='ocr_line' id='line_1_29' title="bbox 2142 1604 3734 1685; baseline -0.008 -17"><span class='ocrx_word' id='word_1_228' title='bbox 2142 1632 2229 1685; x_wconf 92' lang='grc' dir='ltr'><strong>ρα,</strong></span> <span class='ocrx_word' id='word_1_229' title='bbox 2261 1615 2577 1667; x_wconf 68' lang='grc' dir='ltr'>ἆκπεσεῖται</span> <span class='ocrx_word' id='word_1_230' title='bbox 2618 1610 2713 1665; x_wconf 81' lang='grc' dir='ltr'>τοῦ</span> <span class='ocrx_word' id='word_1_231' title='bbox 2747 1604 2888 1663; x_wconf 78' lang='grc' dir='ltr'>εἶναι</span> <span class='ocrx_word' id='word_1_232' title='bbox 2922 1606 3130 1677; x_wconf 83' lang='grc' dir='ltr'>ἀγαθὸς</span> <span class='ocrx_word' id='word_1_233' title='bbox 3154 1610 3182 1660; x_wconf 91' lang='lat'><strong>6</strong></span> <span class='ocrx_word' id='word_1_234' title='bbox 3224 1607 3355 1671; x_wconf 75' lang='grc' dir='ltr'>Υἱὸς</span> <span class='ocrx_word' id='word_1_235' title='bbox 3391 1605 3566 1671; x_wconf 79' lang='grc' dir='ltr'>οὕτως</span> <span class='ocrx_word' id='word_1_236' title='bbox 3594 1606 3675 1670; x_wconf 84' lang='grc' dir='ltr'><strong>ὡς</strong></span> <span class='ocrx_word' id='word_1_237' title='bbox 3704 1606 3734 1656; x_wconf 86' lang='lat'><strong>6</strong></span> 
     </span>
    </p>
   </div>
   <div class='ocr_carea' id='block_1_30' title="bbox 2139 1693 3732 1777">
    <p class='ocr_par' dir='ltr' id='par_1_30' title="bbox 2139 1693 3732 1777">
     <span class='ocr_line' id='line_1_30' title="bbox 2139 1693 3732 1777; baseline -0.006 -18"><span class='ocrx_word' id='word_1_238' title='bbox 2139 1693 2351 1777; x_wconf 81' lang='grc' dir='ltr'>Πατὴρ,</span> <span class='ocrx_word' id='word_1_239' title='bbox 2381 1705 2477 1759; x_wconf 73' lang='grc' dir='ltr'><strong>καὶ</strong></span> <span class='ocrx_word' id='word_1_240' title='bbox 2519 1701 2606 1757; x_wconf 82' lang='grc' dir='ltr'>διὰ</span> <span class='ocrx_word' id='word_1_241' title='bbox 2647 1703 2708 1755; x_wconf 85' lang='grc' dir='ltr'><strong>τὸ</strong></span> <span class='ocrx_word' id='word_1_242' title='bbox 2739 1701 2837 1755; x_wconf 74' lang='grc' dir='ltr'><strong>ἕνα</strong></span> <span class='ocrx_word' id='word_1_243' title='bbox 2882 1699 3139 1768; x_wconf 77' lang='grc' dir='ltr'>λέγεσθαι</span> <span class='ocrx_word' id='word_1_244' title='bbox 3201 1697 3408 1771; x_wconf 85' lang='grc' dir='ltr'>Κύριον</span> <span class='ocrx_word' id='word_1_245' title='bbox 3447 1698 3545 1759; x_wconf 76' lang='grc' dir='ltr'><strong>καὶ</strong></span> <span class='ocrx_word' id='word_1_246' title='bbox 3597 1696 3732 1751; x_wconf 82' lang='grc' dir='ltr'>Θεὸν</span> 
     </span>
    </p>
   </div>
   <div class='ocr_carea' id='block_1_31' title="bbox 2138 1782 3733 1864">
    <p class='ocr_par' dir='ltr' id='par_1_31' title="bbox 2138 1782 3733 1864">
     <span class='ocr_line' id='line_1_31' title="bbox 2138 1782 3733 1864; baseline -0.004 -19"><span class='ocrx_word' id='word_1_247' title='bbox 2138 1792 2228 1846; x_wconf 89' lang='grc' dir='ltr'><strong>τὸν</strong></span> <span class='ocrx_word' id='word_1_248' title='bbox 2251 1792 2501 1864; x_wconf 80' lang='grc' dir='ltr'><strong>Πατέρα,</strong></span> <span class='ocrx_word' id='word_1_249' title='bbox 2540 1792 2851 1845; x_wconf 74' lang='grc' dir='ltr'>ἐκπεσεῖται</span> <span class='ocrx_word' id='word_1_250' title='bbox 2884 1786 2981 1842; x_wconf 76' lang='grc' dir='ltr'>τοῦ</span> <span class='ocrx_word' id='word_1_251' title='bbox 3019 1782 3161 1841; x_wconf 79' lang='grc' dir='ltr'>εἶναι</span> <span class='ocrx_word' id='word_1_252' title='bbox 3188 1787 3391 1858; x_wconf 85' lang='grc' dir='ltr'>Κύριος</span> <span class='ocrx_word' id='word_1_253' title='bbox 3445 1786 3540 1840; x_wconf 74' lang='grc' dir='ltr'>καὶ</span> <span class='ocrx_word' id='word_1_254' title='bbox 3594 1785 3733 1849; x_wconf 72' lang='grc' dir='ltr'>Θεὸς</span> 
     </span>
    </p>
   </div>
   <div class='ocr_carea' id='block_1_32' title="bbox 2141 1875 3731 1952">
    <p class='ocr_par' dir='ltr' id='par_1_32' title="bbox 2141 1875 3731 1952">
     <span class='ocr_line' id='line_1_32' title="bbox 2141 1875 3731 1952; baseline -0.006 -15"><span class='ocrx_word' id='word_1_255' title='bbox 2141 1885 2171 1937; x_wconf 93' lang='lat'><strong>6</strong></span> <span class='ocrx_word' id='word_1_256' title='bbox 2210 1883 2357 1949; x_wconf 74' lang='grc' dir='ltr'>Υἱὸς,</span> <span class='ocrx_word' id='word_1_257' title='bbox 2413 1882 2557 1938; x_wconf 85' lang='grc' dir='ltr'>κατὰ</span> <span class='ocrx_word' id='word_1_258' title='bbox 2603 1882 2705 1952; x_wconf 81' lang='grc' dir='ltr'>τὴν</span> <span class='ocrx_word' id='word_1_259' title='bbox 2754 1879 2849 1934; x_wconf 78' lang='grc' dir='ltr'>τοῦ</span> <span class='ocrx_word' id='word_1_260' title='bbox 2894 1879 3164 1950; x_wconf 82' lang='grc' dir='ltr'>νοήματος</span> <span class='ocrx_word' id='word_1_261' title='bbox 3222 1875 3580 1931; x_wconf 75' lang='grc' dir='ltr'>ἀκολουθίανο</span> <span class='ocrx_word' id='word_1_262' title='bbox 3610 1875 3731 1940; x_wconf 81' lang='grc' dir='ltr'>πῶς</span> 
     </span>
    </p>
   </div>
   <div class='ocr_carea' id='block_1_33' title="bbox 458 1968 2041 2051">
    <p class='ocr_par' dir='ltr' id='par_1_33' title="bbox 458 1977 2033 2051">
     <span class='ocr_line' id='line_1_33' title="bbox 458 1977 2033 2051; baseline 0.002 -20"><span class='ocrx_word' id='word_1_263' title='bbox 458 1991 637 2045; x_wconf 89' lang='lat' dir='ltr'><strong>neque</strong></span> <span class='ocrx_word' id='word_1_264' title='bbox 662 1977 829 2032; x_wconf 92' lang='lat' dir='ltr'><strong>Deum</strong></span> <span class='ocrx_word' id='word_1_265' title='bbox 859 1992 979 2034; x_wconf 90' lang='lat' dir='ltr'><strong>esse</strong></span> <span class='ocrx_word' id='word_1_266' title='bbox 1006 1996 1018 2033; x_wconf 90' lang='lat'>:</span> <span class='ocrx_word' id='word_1_267' title='bbox 1049 1994 1158 2049; x_wconf 93' lang='lat' dir='ltr'><strong>quo</strong></span> <span class='ocrx_word' id='word_1_268' title='bbox 1184 1988 1344 2049; x_wconf 90' lang='lat' dir='ltr'><strong>pacto</strong></span> <span class='ocrx_word' id='word_1_269' title='bbox 1374 1980 1539 2051; x_wconf 78' lang='lat' dir='ltr'><strong>igitur</strong></span> <span class='ocrx_word' id='word_1_270' title='bbox 1569 1982 1765 2036; x_wconf 86' lang='lat' dir='ltr'><strong>adoras</strong></span> <span class='ocrx_word' id='word_1_271' title='bbox 1794 1995 1917 2036; x_wconf 91' lang='lat' dir='ltr'><strong>eum</strong></span> <span class='ocrx_word' id='word_1_272' title='bbox 1941 1980 2033 2050; x_wconf 88' lang='lat' dir='ltr'><strong>qui</strong></span> 
     </span>
    </p>
   </div>
   <div class='ocr_carea' id='block_1_34' title="bbox 2144 1968 3730 2051">
    <p class='ocr_par' dir='ltr' id='par_1_34' title="bbox 2144 1968 3730 2047">
     <span class='ocr_line' id='line_1_34' title="bbox 2144 1968 3730 2047; baseline -0.006 -16"><span class='ocrx_word' id='word_1_273' title='bbox 2144 1972 2231 2031; x_wconf 78' lang='grc' dir='ltr'><strong>οὖν</strong></span> <span class='ocrx_word' id='word_1_274' title='bbox 2260 1976 2584 2047; x_wconf 85' lang='grc' dir='ltr'>προσκυνεῖς</span> <span class='ocrx_word' id='word_1_275' title='bbox 2610 1972 2689 2045; x_wconf 82' lang='grc' dir='ltr'>τῷ</span> <span class='ocrx_word' id='word_1_276' title='bbox 2721 1973 2857 2044; x_wconf 81' lang='grc' dir='ltr'>μήτε</span> <span class='ocrx_word' id='word_1_277' title='bbox 2879 1971 3073 2045; x_wconf 83' lang='grc' dir='ltr'>Κυρίῳ</span> <span class='ocrx_word' id='word_1_278' title='bbox 3099 1970 3238 2041; x_wconf 89' lang='grc' dir='ltr'>μήτε</span> <span class='ocrx_word' id='word_1_279' title='bbox 3260 1968 3377 2040; x_wconf 83' lang='grc' dir='ltr'>Θεῷ</span> <span class='ocrx_word' id='word_1_280' title='bbox 3400 1988 3414 2036; x_wconf 90' lang='grc'><strong>;</strong></span> <span class='ocrx_word' id='word_1_281' title='bbox 3446 1969 3508 2022; x_wconf 77' lang='lat' dir='ltr'><strong>Et</strong></span> <span class='ocrx_word' id='word_1_282' title='bbox 3532 1968 3591 2023; x_wconf 77' lang='grc' dir='ltr'>δὲ</span> <span class='ocrx_word' id='word_1_283' title='bbox 3613 1970 3730 2026; x_wconf 84' lang='grc' dir='ltr'>Κυ-</span> 
     </span>
    </p>
   </div>
   <div class='ocr_carea' id='block_1_35' title="bbox 456 2069 2037 2141">
    <p class='ocr_par' dir='ltr' id='par_1_35' title="bbox 456 2069 2037 2141">
     <span class='ocr_line' id='line_1_35' title="bbox 456 2069 2037 2141; baseline 0.004 -18"><span class='ocrx_word' id='word_1_284' title='bbox 456 2084 558 2125; x_wconf 88' lang='lat' dir='ltr'><strong>nec</strong></span> <span class='ocrx_word' id='word_1_285' title='bbox 584 2069 864 2139; x_wconf 85' lang='lat' dir='ltr'><strong>Dominus,</strong></span> <span class='ocrx_word' id='word_1_286' title='bbox 897 2086 999 2127; x_wconf 91' lang='lat' dir='ltr'><strong>nec</strong></span> <span class='ocrx_word' id='word_1_287' title='bbox 1037 2070 1180 2129; x_wconf 87' lang='lat' dir='ltr'><strong>Deus</strong></span> <span class='ocrx_word' id='word_1_288' title='bbox 1204 2075 1321 2130; x_wconf 77' lang='lat' dir='ltr'><strong>est?</strong></span> <span class='ocrx_word' id='word_1_289' title='bbox 1350 2070 1408 2129; x_wconf 88' lang='lat' dir='ltr'><strong>Si</strong></span> <span class='ocrx_word' id='word_1_290' title='bbox 1445 2088 1594 2141; x_wconf 86' lang='lat' dir='ltr'><strong>vero,</strong></span> <span class='ocrx_word' id='word_1_291' title='bbox 1623 2088 1746 2130; x_wconf 91' lang='lat' dir='ltr'><strong>cum</strong></span> <span class='ocrx_word' id='word_1_292' title='bbox 1775 2073 1938 2129; x_wconf 85' lang='lat' dir='ltr'><strong>Pater</strong></span> <span class='ocrx_word' id='word_1_293' title='bbox 1964 2074 2037 2130; x_wconf 90' lang='lat' dir='ltr'><strong>sit</strong></span> 
     </span>
    </p>
   </div>
   <div class='ocr_carea' id='block_1_36' title="bbox 455 2159 2034 2232">
    <p class='ocr_par' dir='ltr' id='par_1_36' title="bbox 455 2159 2034 2232">
     <span class='ocr_line' id='line_1_36' title="bbox 455 2159 2034 2232; baseline 0.003 -16"><span class='ocrx_word' id='word_1_294' title='bbox 455 2159 718 2219; x_wconf 85' lang='lat' dir='ltr'><strong>Dominus</strong></span> <span class='ocrx_word' id='word_1_295' title='bbox 765 2174 819 2219; x_wconf 89' lang='lat' dir='ltr'><strong>et</strong></span> <span class='ocrx_word' id='word_1_296' title='bbox 878 2162 1044 2231; x_wconf 86' lang='lat' dir='ltr'><strong>Deus,</strong></span> <span class='ocrx_word' id='word_1_297' title='bbox 1098 2164 1258 2221; x_wconf 88' lang='lat' dir='ltr'><strong>simul</strong></span> <span class='ocrx_word' id='word_1_298' title='bbox 1307 2166 1471 2221; x_wconf 86' lang='lat' dir='ltr'><strong>etiam</strong></span> <span class='ocrx_word' id='word_1_299' title='bbox 1515 2165 1794 2221; x_wconf 90' lang='lat' dir='ltr'><strong>inducitur</strong></span> <span class='ocrx_word' id='word_1_300' title='bbox 1841 2164 2034 2232; x_wconf 86' lang='lat' dir='ltr'><strong>Filius,</strong></span> 
     </span>
    </p>
   </div>
   <div class='ocr_carea' id='block_1_37' title="bbox 456 2258 2034 2330">
    <p class='ocr_par' dir='ltr' id='par_1_37' title="bbox 456 2258 2034 2330">
     <span class='ocr_line' id='line_1_37' title="bbox 456 2258 2034 2330; baseline 0.001 -18"><span class='ocrx_word' id='word_1_301' title='bbox 456 2258 705 2315; x_wconf 82' lang='lat' dir='ltr'><strong>eamdem</strong></span> <span class='ocrx_word' id='word_1_302' title='bbox 737 2259 941 2316; x_wconf 83' lang='lat' dir='ltr'><strong>habens</strong></span> <span class='ocrx_word' id='word_1_303' title='bbox 976 2260 1386 2329; x_wconf 88' lang='lat' dir='ltr'><strong>proprietatem,</strong></span> <span class='ocrx_word' id='word_1_304' title='bbox 1423 2269 1608 2329; x_wconf 88' lang='lat' dir='ltr'><strong>utpote</strong></span> <span class='ocrx_word' id='word_1_305' title='bbox 1628 2275 1692 2316; x_wconf 84' lang='lat' dir='ltr'><strong>ex</strong></span> <span class='ocrx_word' id='word_1_306' title='bbox 1724 2261 1841 2330; x_wconf 88' lang='lat' dir='ltr'><strong>ipso</strong></span> <span class='ocrx_word' id='word_1_307' title='bbox 1873 2269 2034 2315; x_wconf 55' lang='lat' dir='ltr'><strong>natu.</strong></span> 
     </span>
    </p>
   </div>
   <div class='ocr_carea' id='block_1_38' title="bbox 458 2346 2035 2419">
    <p class='ocr_par' dir='ltr' id='par_1_38' title="bbox 458 2346 2035 2419">
     <span class='ocr_line' id='line_1_38' title="bbox 458 2346 2035 2419; baseline 0.004 -18"><span class='ocrx_word' id='word_1_308' title='bbox 458 2346 649 2403; x_wconf 77' lang='lat' dir='ltr'><strong>raliter</strong></span> <span class='ocrx_word' id='word_1_309' title='bbox 685 2350 1005 2419; x_wconf 85' lang='lat' dir='ltr'><strong>procedens,</strong></span> <span class='ocrx_word' id='word_1_310' title='bbox 1058 2360 1114 2405; x_wconf 91' lang='lat' dir='ltr'><strong>et</strong></span> <span class='ocrx_word' id='word_1_311' title='bbox 1168 2359 1253 2406; x_wconf 88' lang='lat' dir='ltr'><strong>est</strong></span> <span class='ocrx_word' id='word_1_312' title='bbox 1287 2367 1409 2406; x_wconf 91' lang='lat' dir='ltr'><strong>cum</strong></span> <span class='ocrx_word' id='word_1_313' title='bbox 1462 2351 1623 2405; x_wconf 82' lang='lat' dir='ltr'><strong>Patre</strong></span> <span class='ocrx_word' id='word_1_314' title='bbox 1662 2350 1923 2406; x_wconf 88' lang='lat' dir='ltr'><strong>Dominus</strong></span> <span class='ocrx_word' id='word_1_315' title='bbox 1970 2365 2035 2407; x_wconf 88' lang='lat' dir='ltr'><strong>ac</strong></span> 
     </span>
    </p>
   </div>
   <div class='ocr_carea' id='block_1_39' title="bbox 2141 2060 3730 2143">
    <p class='ocr_par' dir='ltr' id='par_1_39' title="bbox 2141 2060 3730 2143">
     <span class='ocr_line' id='line_1_39' title="bbox 2141 2060 3730 2143; baseline -0.005 -20"><span class='ocrx_word' id='word_1_316' title='bbox 2141 2070 2259 2143; x_wconf 90' lang='grc' dir='ltr'>ρίου</span> <span class='ocrx_word' id='word_1_317' title='bbox 2293 2070 2390 2124; x_wconf 73' lang='grc' dir='ltr'><strong>καὶ</strong></span> <span class='ocrx_word' id='word_1_318' title='bbox 2422 2067 2559 2122; x_wconf 83' lang='grc' dir='ltr'>Θεοῦ</span> <span class='ocrx_word' id='word_1_319' title='bbox 2598 2066 2694 2120; x_wconf 83' lang='grc' dir='ltr'>τοῦ</span> <span class='ocrx_word' id='word_1_320' title='bbox 2723 2063 2957 2136; x_wconf 74' lang='grc' dir='ltr'>ιΠατρὸς</span> <span class='ocrx_word' id='word_1_321' title='bbox 2990 2064 3178 2129; x_wconf 80' lang='grc' dir='ltr'>ὄντος,</span> <span class='ocrx_word' id='word_1_322' title='bbox 3229 2060 3590 2128; x_wconf 81' lang='grc' dir='ltr'>συνεπάγεται</span> <span class='ocrx_word' id='word_1_323' title='bbox 3626 2061 3730 2115; x_wconf 79' lang='grc' dir='ltr'>καὶ</span> 
     </span>
    </p>
   </div>
   <div class='ocr_carea' id='block_1_40' title="bbox 2138 2150 3728 2232">
    <p class='ocr_par' dir='ltr' id='par_1_40' title="bbox 2138 2150 3728 2232">
     <span class='ocr_line' id='line_1_40' title="bbox 2138 2150 3728 2232; baseline -0.006 -18"><span class='ocrx_word' id='word_1_324' title='bbox 2138 2163 2166 2214; x_wconf 90' lang='grc' dir='ltr'>ὁ</span> <span class='ocrx_word' id='word_1_325' title='bbox 2195 2160 2324 2225; x_wconf 82' lang='grc' dir='ltr'>Υίὸς</span> <span class='ocrx_word' id='word_1_326' title='bbox 2356 2159 2455 2232; x_wconf 78' lang='grc' dir='ltr'><strong>τὴν</strong></span> <span class='ocrx_word' id='word_1_327' title='bbox 2482 2157 2693 2213; x_wconf 77' lang='grc' dir='ltr'>ἐκεῖθεν</span> <span class='ocrx_word' id='word_1_328' title='bbox 2734 2157 2976 2226; x_wconf 76' lang='grc' dir='ltr'>ἰδιότητα</span> <span class='ocrx_word' id='word_1_329' title='bbox 3026 2153 3164 2225; x_wconf 78' lang='grc' dir='ltr'>ἔχων</span> <span class='ocrx_word' id='word_1_330' title='bbox 3187 2150 3261 2216; x_wconf 83' lang='grc' dir='ltr'>ὡς</span> <span class='ocrx_word' id='word_1_331' title='bbox 3285 2152 3345 2217; x_wconf 76' lang='grc' dir='ltr'><strong>ἐξ</strong></span> <span class='ocrx_word' id='word_1_332' title='bbox 3378 2150 3541 2207; x_wconf 81' lang='grc' dir='ltr'>αὑτοῦ</span> <span class='ocrx_word' id='word_1_333' title='bbox 3574 2152 3728 2211; x_wconf 78' lang='grc' dir='ltr'>κατὰ</span> 
     </span>
    </p>
   </div>
   <div class='ocr_carea' id='block_1_41' title="bbox 2139 2240 3727 2322">
    <p class='ocr_par' dir='ltr' id='par_1_41' title="bbox 2139 2240 3727 2322">
     <span class='ocr_line' id='line_1_41' title="bbox 2139 2240 3727 2322; baseline -0.006 -16"><span class='ocrx_word' id='word_1_334' title='bbox 2139 2250 2300 2321; x_wconf 82' lang='grc' dir='ltr'>φύσιν</span> <span class='ocrx_word' id='word_1_335' title='bbox 2329 2251 2590 2322; x_wconf 75' lang='grc' dir='ltr'>ὑπάρχων</span> <span class='ocrx_word' id='word_1_336' title='bbox 2617 2288 2632 2313; x_wconf 95' lang='grc'><strong>,</strong></span> <span class='ocrx_word' id='word_1_337' title='bbox 2666 2249 2761 2305; x_wconf 76' lang='grc' dir='ltr'><strong>καὶ</strong></span> <span class='ocrx_word' id='word_1_338' title='bbox 2791 2247 2908 2301; x_wconf 70' lang='grc' dir='ltr'>ἔστι</span> <span class='ocrx_word' id='word_1_339' title='bbox 2952 2245 3091 2318; x_wconf 85' lang='grc' dir='ltr'><strong>μετά</strong></span> <span class='ocrx_word' id='word_1_340' title='bbox 3134 2244 3346 2315; x_wconf 85' lang='grc' dir='ltr'>Πατρὸς</span> <span class='ocrx_word' id='word_1_341' title='bbox 3392 2241 3593 2315; x_wconf 90' lang='grc' dir='ltr'>Κύριος</span> <span class='ocrx_word' id='word_1_342' title='bbox 3622 2240 3727 2312; x_wconf 71' lang='grc' dir='ltr'><strong>καὶ</strong></span> 
     </span>
    </p>
   </div>
   <div class='ocr_carea' id='block_1_42' title="bbox 2137 2334 3726 2410">
    <p class='ocr_par' dir='ltr' id='par_1_42' title="bbox 2137 2334 3726 2410">
     <span class='ocr_line' id='line_1_42' title="bbox 2137 2334 3726 2410; baseline -0.006 -14"><span class='ocrx_word' id='word_1_343' title='bbox 2137 2343 2290 2410; x_wconf 82' lang='grc' dir='ltr'>Θεὸς,</span> <span class='ocrx_word' id='word_1_344' title='bbox 2324 2343 2436 2410; x_wconf 71' lang='grc' dir='ltr'>ἕξει</span> <span class='ocrx_word' id='word_1_345' title='bbox 2477 2341 2698 2405; x_wconf 82' lang='grc' dir='ltr'>πάντως</span> <span class='ocrx_word' id='word_1_346' title='bbox 2736 2340 2832 2395; x_wconf 70' lang='grc' dir='ltr'><strong>καὶ</strong></span> <span class='ocrx_word' id='word_1_347' title='bbox 2857 2338 2918 2392; x_wconf 87' lang='grc' dir='ltr'><strong>τὸ</strong></span> <span class='ocrx_word' id='word_1_348' title='bbox 2950 2334 3091 2391; x_wconf 82' lang='grc' dir='ltr'>εἷναι</span> <span class='ocrx_word' id='word_1_349' title='bbox 3121 2335 3322 2406; x_wconf 80' lang='grc' dir='ltr'>ἀγαθὸς</span> <span class='ocrx_word' id='word_1_350' title='bbox 3356 2334 3431 2399; x_wconf 82' lang='grc' dir='ltr'>ὡς</span> <span class='ocrx_word' id='word_1_351' title='bbox 3451 2336 3480 2388; x_wconf 94' lang='lat'><strong>6</strong></span> <span class='ocrx_word' id='word_1_352' title='bbox 3509 2334 3726 2405; x_wconf 78' lang='grc' dir='ltr'>Πατὴρ,</span> 
     </span>
    </p>
   </div>
   <div class='ocr_carea' id='block_1_43' title="bbox 459 2425 2041 2512">
    <p class='ocr_par' dir='ltr' id='par_1_43' title="bbox 459 2431 2033 2512">
     <span class='ocr_line' id='line_1_43' title="bbox 459 2431 2033 2512; baseline 0.003 -20"><span class='ocrx_word' id='word_1_353' title='bbox 459 2438 623 2506; x_wconf 86' lang='lat' dir='ltr'><strong>Deus,</strong></span> <span class='ocrx_word' id='word_1_354' title='bbox 664 2431 978 2497; x_wconf 85' lang='lat' dir='ltr'><strong>necessario</strong></span> <span class='ocrx_word' id='word_1_355' title='bbox 1013 2443 1178 2499; x_wconf 83' lang='lat' dir='ltr'><strong>etiam</strong></span> <span class='ocrx_word' id='word_1_356' title='bbox 1212 2441 1389 2499; x_wconf 91' lang='lat' dir='ltr'><strong>bonus</strong></span> <span class='ocrx_word' id='word_1_357' title='bbox 1428 2444 1552 2512; x_wconf 92' lang='lat' dir='ltr'><strong>erit,</strong></span> <span class='ocrx_word' id='word_1_358' title='bbox 1584 2453 1643 2498; x_wconf 94' lang='lat' dir='ltr'><strong>ut</strong></span> <span class='ocrx_word' id='word_1_359' title='bbox 1691 2442 1876 2509; x_wconf 85' lang='lat' dir='ltr'><strong>Pater,</strong></span> <span class='ocrx_word' id='word_1_360' title='bbox 1911 2458 2033 2498; x_wconf 79' lang='lat' dir='ltr'><strong>cum</strong></span> 
     </span>
    </p>
   </div>
   <div class='ocr_carea' id='block_1_44' title="bbox 2144 2425 3729 2512">
    <p class='ocr_par' dir='ltr' id='par_1_44' title="bbox 2144 2425 3729 2507">
     <span class='ocr_line' id='line_1_44' title="bbox 2144 2425 3729 2507; baseline -0.006 -19"><span class='ocrx_word' id='word_1_361' title='bbox 2144 2436 2238 2506; x_wconf 79' lang='grc' dir='ltr'>τῆς</span> <span class='ocrx_word' id='word_1_362' title='bbox 2267 2435 2537 2507; x_wconf 79' lang='grc' dir='ltr'>πατρικῆς</span> <span class='ocrx_word' id='word_1_363' title='bbox 2564 2434 2825 2502; x_wconf 77' lang='grc' dir='ltr'>ἰδιότητος</span> <span class='ocrx_word' id='word_1_364' title='bbox 2849 2431 2951 2485; x_wconf 84' lang='grc' dir='ltr'><strong>κάν</strong></span> <span class='ocrx_word' id='word_1_365' title='bbox 2982 2430 3158 2501; x_wconf 86' lang='grc' dir='ltr'>τούτῳ</span> <span class='ocrx_word' id='word_1_366' title='bbox 3188 2428 3355 2482; x_wconf 77' lang='grc' dir='ltr'>πάλιν</span> <span class='ocrx_word' id='word_1_367' title='bbox 3374 2425 3729 2500; x_wconf 82' lang='grc' dir='ltr'>ὑπαρχούσης</span> 
     </span>
    </p>
   </div>
   <div class='ocr_carea' id='block_1_45' title="bbox 456 2534 2036 2604">
    <p class='ocr_par' dir='ltr' id='par_1_45' title="bbox 456 2534 2036 2604">
     <span class='ocr_line' id='line_1_45' title="bbox 456 2534 2036 2604; baseline 0.001 -18"><span class='ocrx_word' id='word_1_368' title='bbox 456 2543 679 2601; x_wconf 86' lang='lat' dir='ltr'><strong>paterna</strong></span> <span class='ocrx_word' id='word_1_369' title='bbox 707 2534 1011 2603; x_wconf 85' lang='lat' dir='ltr'><strong>proprietas</strong></span> <span class='ocrx_word' id='word_1_370' title='bbox 1039 2534 1200 2589; x_wconf 88' lang='lat' dir='ltr'><strong>etiam</strong></span> <span class='ocrx_word' id='word_1_371' title='bbox 1237 2535 1338 2590; x_wconf 82' lang='lat' dir='ltr'><strong>hac</strong></span> <span class='ocrx_word' id='word_1_372' title='bbox 1368 2537 1423 2589; x_wconf 92' lang='lat' dir='ltr'><strong>in</strong></span> <span class='ocrx_word' id='word_1_373' title='bbox 1449 2546 1603 2603; x_wconf 87' lang='lat' dir='ltr'><strong>parte</strong></span> <span class='ocrx_word' id='word_1_374' title='bbox 1649 2536 1703 2589; x_wconf 91' lang='lat' dir='ltr'><strong>in</strong></span> <span class='ocrx_word' id='word_1_375' title='bbox 1737 2536 1853 2604; x_wconf 87' lang='lat' dir='ltr'><strong>ipso</strong></span> <span class='ocrx_word' id='word_1_376' title='bbox 1890 2535 2036 2590; x_wconf 64' lang='lat' dir='ltr'><strong>elisi-</strong></span> 
     </span>
    </p>
   </div>
   <div class='ocr_carea' id='block_1_46' title="bbox 457 2622 1280 2694">
    <p class='ocr_par' dir='ltr' id='par_1_46' title="bbox 457 2622 1280 2694">
     <span class='ocr_line' id='line_1_46' title="bbox 457 2622 1280 2694; baseline 0 -15"><span class='ocrx_word' id='word_1_377' title='bbox 457 2631 591 2688; x_wconf 81' lang='lat' dir='ltr'><strong>Stat,</strong></span> <span class='ocrx_word' id='word_1_378' title='bbox 625 2622 849 2692; x_wconf 89' lang='lat' dir='ltr'><strong>perinde</strong></span> <span class='ocrx_word' id='word_1_379' title='bbox 885 2635 1049 2694; x_wconf 86' lang='lat' dir='ltr'><strong>atque</strong></span> <span class='ocrx_word' id='word_1_380' title='bbox 1081 2626 1133 2678; x_wconf 93' lang='lat' dir='ltr'><strong>in</strong></span> <span class='ocrx_word' id='word_1_381' title='bbox 1169 2624 1280 2679; x_wconf 86' lang='lat' dir='ltr'><strong>illo.</strong></span> 
     </span>
    </p>
   </div>
   <div class='ocr_carea' id='block_1_47' title="bbox 1137 2754 1367 2811">
    <p class='ocr_par' dir='ltr' id='par_1_47' title="bbox 1137 2754 1367 2811">
     <span class='ocr_line' id='line_1_47' title="bbox 1137 2754 1367 2811; baseline 0 -3"><span class='ocrx_word' id='word_1_382' title='bbox 1137 2754 1367 2811; x_wconf 84' lang='lat' dir='ltr'><strong>ALIUD.</strong></span> 
     </span>
    </p>
   </div>
   <div class='ocr_carea' id='block_1_48' title="bbox 529 2887 2038 2962">
    <p class='ocr_par' dir='ltr' id='par_1_48' title="bbox 529 2887 2038 2962">
     <span class='ocr_line' id='line_1_48' title="bbox 529 2887 2038 2962; baseline 0.002 -17"><span class='ocrx_word' id='word_1_383' title='bbox 529 2890 699 2945; x_wconf 78' lang='lat' dir='ltr'><strong>Multa</strong></span> <span class='ocrx_word' id='word_1_384' title='bbox 746 2890 814 2945; x_wconf 90' lang='lat' dir='ltr'><strong>de</strong></span> <span class='ocrx_word' id='word_1_385' title='bbox 844 2890 1006 2946; x_wconf 84' lang='lat' dir='ltr'><strong>Patre</strong></span> <span class='ocrx_word' id='word_1_386' title='bbox 1048 2899 1101 2945; x_wconf 89' lang='lat' dir='ltr'><strong>et</strong></span> <span class='ocrx_word' id='word_1_387' title='bbox 1148 2887 1287 2947; x_wconf 87' lang='lat' dir='ltr'><strong>Filio</strong></span> <span class='ocrx_word' id='word_1_388' title='bbox 1318 2904 1472 2946; x_wconf 86' lang='lat' dir='ltr'><strong>sacra</strong></span> <span class='ocrx_word' id='word_1_389' title='bbox 1510 2888 1795 2961; x_wconf 85' lang='lat' dir='ltr'><strong>Scriptura</strong></span> <span class='ocrx_word' id='word_1_390' title='bbox 1840 2894 2038 2962; x_wconf 45' lang='lat' dir='ltr'><strong>praedi.</strong></span> 
     </span>
    </p>
   </div>
   <div class='ocr_carea' id='block_1_49' title="bbox 459 2980 2039 3050">
    <p class='ocr_par' dir='ltr' id='par_1_49' title="bbox 459 2980 2039 3050">
     <span class='ocr_line' id='line_1_49' title="bbox 459 2980 2039 3050; baseline 0.003 -14"><span class='ocrx_word' id='word_1_391' title='bbox 459 2991 569 3049; x_wconf 83' lang='lat' dir='ltr'><strong>eat,</strong></span> <span class='ocrx_word' id='word_1_392' title='bbox 623 2996 799 3050; x_wconf 89' lang='lat' dir='ltr'><strong>neque</strong></span> <span class='ocrx_word' id='word_1_393' title='bbox 850 2991 1029 3037; x_wconf 87' lang='lat' dir='ltr'><strong>tamen</strong></span> <span class='ocrx_word' id='word_1_394' title='bbox 1082 2980 1391 3037; x_wconf 77' lang='lat' dir='ltr'><strong>dili&#39;erentia</strong></span> <span class='ocrx_word' id='word_1_395' title='bbox 1450 2981 1734 3037; x_wconf 89' lang='lat' dir='ltr'><strong>nominum</strong></span> <span class='ocrx_word' id='word_1_396' title='bbox 1787 2984 2039 3040; x_wconf 62' lang='lat' dir='ltr'><strong>essentia</strong></span> 
     </span>
    </p>
   </div>
   <div class='ocr_carea' id='block_1_50' title="bbox 459 3074 2036 3145">
    <p class='ocr_par' dir='ltr' id='par_1_50' title="bbox 459 3074 2036 3145">
     <span class='ocr_line' id='line_1_50' title="bbox 459 3074 2036 3145; baseline 0.001 -15"><span class='ocrx_word' id='word_1_397' title='bbox 459 3075 725 3130; x_wconf 87' lang='lat' dir='ltr'><strong>rationem</strong></span> <span class='ocrx_word' id='word_1_398' title='bbox 762 3075 815 3130; x_wconf 89' lang='lat' dir='ltr'><strong>in</strong></span> <span class='ocrx_word' id='word_1_399' title='bbox 863 3074 1178 3131; x_wconf 71' lang='lat' dir='ltr'><strong>universum</strong></span> <span class='ocrx_word' id='word_1_400' title='bbox 1222 3074 1530 3145; x_wconf 82' lang='lat' dir='ltr'><strong>distinguit,</strong></span> <span class='ocrx_word' id='word_1_401' title='bbox 1565 3075 1641 3129; x_wconf 85' lang='lat' dir='ltr'><strong>ita</strong></span> <span class='ocrx_word' id='word_1_402' title='bbox 1675 3083 1732 3130; x_wconf 90' lang='lat' dir='ltr'><strong>ut</strong></span> <span class='ocrx_word' id='word_1_403' title='bbox 1768 3074 1895 3132; x_wconf 82' lang='lat' dir='ltr'><strong>inde</strong></span> <span class='ocrx_word' id='word_1_404' title='bbox 1922 3076 2036 3133; x_wconf 88' lang='lat' dir='ltr'><strong>dis-</strong></span> 
     </span>
    </p>
   </div>
   <div class='ocr_carea' id='block_1_51' title="bbox 459 3159 2038 3234">
    <p class='ocr_par' dir='ltr' id='par_1_51' title="bbox 459 3159 2038 3234">
     <span class='ocr_line' id='line_1_51' title="bbox 459 3159 2038 3234; baseline -0.001 -14"><span class='ocrx_word' id='word_1_405' title='bbox 459 3163 757 3220; x_wconf 82' lang='lat' dir='ltr'><strong>similitudo</strong></span> <span class='ocrx_word' id='word_1_406' title='bbox 783 3164 1028 3234; x_wconf 81' lang='lat' dir='ltr'><strong>quaedam</strong></span> <span class='ocrx_word' id='word_1_407' title='bbox 1054 3177 1151 3218; x_wconf 84' lang='lat' dir='ltr'><strong>eos</strong></span> <span class='ocrx_word' id='word_1_408' title='bbox 1172 3172 1407 3233; x_wconf 85' lang='lat' dir='ltr'><strong>separet.</strong></span> <span class='ocrx_word' id='word_1_409' title='bbox 1442 3159 1559 3217; x_wconf 86' lang='lat' dir='ltr'><strong>Una</strong></span> <span class='ocrx_word' id='word_1_410' title='bbox 1588 3161 1731 3217; x_wconf 88' lang='lat' dir='ltr'><strong>enim</strong></span> <span class='ocrx_word' id='word_1_411' title='bbox 1757 3170 1841 3216; x_wconf 91' lang='lat' dir='ltr'><strong>est</strong></span> <span class='ocrx_word' id='word_1_412' title='bbox 1865 3161 2038 3218; x_wconf 89' lang='lat' dir='ltr'><strong>deitas</strong></span> 
     </span>
    </p>
   </div>
   <div class='ocr_carea' id='block_1_52' title="bbox 458 3253 2035 3324">
    <p class='ocr_par' dir='ltr' id='par_1_52' title="bbox 458 3253 2035 3324">
     <span class='ocr_line' id='line_1_52' title="bbox 458 3253 2035 3324; baseline -0.003 -12"><span class='ocrx_word' id='word_1_413' title='bbox 458 3255 639 3312; x_wconf 87' lang='lat' dir='ltr'><strong>Patris</strong></span> <span class='ocrx_word' id='word_1_414' title='bbox 681 3267 736 3312; x_wconf 91' lang='lat' dir='ltr'><strong>ct</strong></span> <span class='ocrx_word' id='word_1_415' title='bbox 763 3255 911 3322; x_wconf 82' lang='lat' dir='ltr'><strong>Filii,</strong></span> <span class='ocrx_word' id='word_1_416' title='bbox 961 3255 1174 3310; x_wconf 82' lang='lat' dir='ltr'><strong>etiamsi</strong></span> <span class='ocrx_word' id='word_1_417' title='bbox 1222 3263 1455 3324; x_wconf 88' lang='lat' dir='ltr'><strong>uterque</strong></span> <span class='ocrx_word' id='word_1_418' title='bbox 1506 3268 1603 3322; x_wconf 88' lang='lat' dir='ltr'><strong>per</strong></span> <span class='ocrx_word' id='word_1_419' title='bbox 1631 3253 1781 3308; x_wconf 85' lang='lat' dir='ltr'><strong>varia</strong></span> <span class='ocrx_word' id='word_1_420' title='bbox 1818 3254 2035 3309; x_wconf 82' lang='lat' dir='ltr'><strong>nomina</strong></span> 
     </span>
    </p>
   </div>
   <div class='ocr_carea' id='block_1_53' title="bbox 458 3325 2108 3419">
    <p class='ocr_par' dir='ltr' id='par_1_53' title="bbox 458 3325 2108 3419">
     <span class='ocr_line' id='line_1_53' title="bbox 458 3325 2108 3419; baseline -0.002 -12"><span class='ocrx_word' id='word_1_421' title='bbox 458 3350 779 3407; x_wconf 85' lang='lat' dir='ltr'><strong>dill‘erenter</strong></span> <span class='ocrx_word' id='word_1_422' title='bbox 826 3350 1166 3419; x_wconf 78' lang='lat' dir='ltr'><strong>signiﬁcetur</strong></span> <span class='ocrx_word' id='word_1_423' title='bbox 1200 3366 1215 3403; x_wconf 90' lang='lat'><strong>:</strong></span> <span class='ocrx_word' id='word_1_424' title='bbox 1252 3363 1357 3402; x_wconf 92' lang='lat' dir='ltr'><strong>non</strong></span> <span class='ocrx_word' id='word_1_425' title='bbox 1404 3348 1549 3418; x_wconf 90' lang='lat' dir='ltr'><strong>quod</strong></span> <span class='ocrx_word' id='word_1_426' title='bbox 1603 3348 1868 3403; x_wconf 86' lang='lat' dir='ltr'><strong>alteruter</strong></span> <span class='ocrx_word' id='word_1_427' title='bbox 1910 3363 2035 3418; x_wconf 90' lang='lat' dir='ltr'><strong>pro-</strong></span> <span class='ocrx_word' id='word_1_428' title='bbox 2066 3325 2108 3382; x_wconf 69' lang='grc' dir='ltr'>ο</span> 
     </span>
    </p>
   </div>
   <div class='ocr_carea' id='block_1_54' title="bbox 460 3439 2042 3514">
    <p class='ocr_par' dir='ltr' id='par_1_54' title="bbox 460 3439 2042 3514">
     <span class='ocr_line' id='line_1_54' title="bbox 460 3439 2042 3514; baseline -0.001 -17"><span class='ocrx_word' id='word_1_429' title='bbox 460 3445 638 3514; x_wconf 89' lang='lat' dir='ltr'><strong>prium</strong></span> <span class='ocrx_word' id='word_1_430' title='bbox 670 3442 780 3512; x_wconf 78' lang='lat'><strong>70</strong></span> <span class='ocrx_word' id='word_1_431' title='bbox 805 3440 1005 3510; x_wconf 70' lang='lat' dir='ltr'><strong>aliquid</strong></span> <span class='ocrx_word' id='word_1_432' title='bbox 1064 3441 1118 3494; x_wconf 91' lang='lat' dir='ltr'><strong>in</strong></span> <span class='ocrx_word' id='word_1_433' title='bbox 1167 3454 1226 3495; x_wconf 92' lang='lat' dir='ltr'><strong>se</strong></span> <span class='ocrx_word' id='word_1_434' title='bbox 1273 3440 1493 3503; x_wconf 84' lang='lat' dir='ltr'><strong>habeat,</strong></span> <span class='ocrx_word' id='word_1_435' title='bbox 1533 3440 1677 3510; x_wconf 88' lang='lat' dir='ltr'><strong>quod</strong></span> <span class='ocrx_word' id='word_1_436' title='bbox 1723 3439 1886 3496; x_wconf 85' lang='lat' dir='ltr'><strong>alteri</strong></span> <span class='ocrx_word' id='word_1_437' title='bbox 1936 3456 2042 3496; x_wconf 91' lang='lat' dir='ltr'><strong>non</strong></span> 
     </span>
    </p>
   </div>
   <div class='ocr_carea' id='block_1_55' title="bbox 464 3531 2044 3602">
    <p class='ocr_par' dir='ltr' id='par_1_55' title="bbox 464 3531 2044 3602">
     <span class='ocr_line' id='line_1_55' title="bbox 464 3531 2044 3602; baseline 0.001 -14"><span class='ocrx_word' id='word_1_438' title='bbox 464 3532 615 3597; x_wconf 89' lang='lat' dir='ltr'><strong>insit,</strong></span> <span class='ocrx_word' id='word_1_439' title='bbox 646 3535 741 3588; x_wconf 90' lang='lat' dir='ltr'><strong>sed</strong></span> <span class='ocrx_word' id='word_1_440' title='bbox 785 3534 926 3601; x_wconf 87' lang='lat' dir='ltr'><strong>quod</strong></span> <span class='ocrx_word' id='word_1_441' title='bbox 971 3533 1035 3586; x_wconf 89' lang='lat' dir='ltr'><strong>de</strong></span> <span class='ocrx_word' id='word_1_442' title='bbox 1064 3542 1294 3600; x_wconf 90' lang='lat' dir='ltr'><strong>utroque</strong></span> <span class='ocrx_word' id='word_1_443' title='bbox 1336 3531 1442 3585; x_wconf 88' lang='lat' dir='ltr'><strong>dici</strong></span> <span class='ocrx_word' id='word_1_444' title='bbox 1476 3531 1646 3601; x_wconf 88' lang='lat' dir='ltr'><strong>possit</strong></span> <span class='ocrx_word' id='word_1_445' title='bbox 1677 3532 1941 3602; x_wconf 86' lang='lat' dir='ltr'><strong>quidquid</strong></span> <span class='ocrx_word' id='word_1_446' title='bbox 1976 3534 2044 3589; x_wconf 87' lang='lat' dir='ltr'><strong>de</strong></span> 
     </span>
    </p>
   </div>
   <div class='ocr_carea' id='block_1_56' title="bbox 464 3624 2042 3695">
    <p class='ocr_par' dir='ltr' id='par_1_56' title="bbox 464 3624 2042 3695">
     <span class='ocr_line' id='line_1_56' title="bbox 464 3624 2042 3695; baseline -0.001 -15"><span class='ocrx_word' id='word_1_447' title='bbox 464 3642 575 3681; x_wconf 89' lang='lat' dir='ltr'><strong>uno</strong></span> <span class='ocrx_word' id='word_1_448' title='bbox 601 3626 819 3688; x_wconf 89' lang='lat' dir='ltr'><strong>dicitur,</strong></span> <span class='ocrx_word' id='word_1_449' title='bbox 857 3636 1082 3694; x_wconf 82' lang='lat' dir='ltr'><strong>excepta</strong></span> <span class='ocrx_word' id='word_1_450' title='bbox 1122 3624 1463 3682; x_wconf 87' lang='lat' dir='ltr'><strong>solummodo</strong></span> <span class='ocrx_word' id='word_1_451' title='bbox 1492 3624 1671 3681; x_wconf 89' lang='lat' dir='ltr'><strong>Patris</strong></span> <span class='ocrx_word' id='word_1_452' title='bbox 1704 3633 1759 3681; x_wconf 90' lang='lat' dir='ltr'><strong>et</strong></span> <span class='ocrx_word' id='word_1_453' title='bbox 1785 3624 1907 3679; x_wconf 88' lang='lat' dir='ltr'><strong>Filii</strong></span> <span class='ocrx_word' id='word_1_454' title='bbox 1943 3640 2042 3695; x_wconf 55' lang='lat' dir='ltr'><strong>ap.</strong></span> 
     </span>
    </p>
   </div>
   <div class='ocr_carea' id='block_1_57' title="bbox 463 3716 2045 3790">
    <p class='ocr_par' dir='ltr' id='par_1_57' title="bbox 463 3716 2045 3790">
     <span class='ocr_line' id='line_1_57' title="bbox 463 3716 2045 3790; baseline 0.001 -17"><span class='ocrx_word' id='word_1_455' title='bbox 463 3717 753 3787; x_wconf 81' lang='lat' dir='ltr'><strong>pellatione</strong></span> <span class='ocrx_word' id='word_1_456' title='bbox 798 3733 862 3772; x_wconf 88' lang='lat' dir='ltr'><strong>ac</strong></span> <span class='ocrx_word' id='word_1_457' title='bbox 892 3733 970 3771; x_wconf 89' lang='lat' dir='ltr'><strong>re.</strong></span> <span class='ocrx_word' id='word_1_458' title='bbox 1006 3716 1141 3772; x_wconf 81' lang='lat' dir='ltr'><strong>Nam</strong></span> <span class='ocrx_word' id='word_1_459' title='bbox 1188 3717 1351 3775; x_wconf 86' lang='lat' dir='ltr'><strong>Pater</strong></span> <span class='ocrx_word' id='word_1_460' title='bbox 1387 3734 1604 3790; x_wconf 87' lang='lat' dir='ltr'><strong>semper</strong></span> <span class='ocrx_word' id='word_1_461' title='bbox 1633 3728 1719 3775; x_wconf 89' lang='lat' dir='ltr'><strong>est</strong></span> <span class='ocrx_word' id='word_1_462' title='bbox 1743 3716 1925 3785; x_wconf 87' lang='lat' dir='ltr'><strong>Pater,</strong></span> <span class='ocrx_word' id='word_1_463' title='bbox 1949 3733 2045 3774; x_wconf 87' lang='lat' dir='ltr'><strong>ne-</strong></span> 
     </span>
    </p>
   </div>
   <div class='ocr_carea' id='block_1_58' title="bbox 464 3808 2044 3880">
    <p class='ocr_par' dir='ltr' id='par_1_58' title="bbox 464 3808 2044 3880">
     <span class='ocr_line' id='line_1_58' title="bbox 464 3808 2044 3880; baseline 0.001 -15"><span class='ocrx_word' id='word_1_464' title='bbox 464 3826 573 3880; x_wconf 84' lang='lat' dir='ltr'><strong>que</strong></span> <span class='ocrx_word' id='word_1_465' title='bbox 622 3825 860 3880; x_wconf 82' lang='lat' dir='ltr'><strong>unquam</strong></span> <span class='ocrx_word' id='word_1_466' title='bbox 913 3810 1076 3865; x_wconf 80' lang='lat' dir='ltr'><strong>fuerit</strong></span> <span class='ocrx_word' id='word_1_467' title='bbox 1114 3808 1324 3878; x_wconf 80' lang='lat' dir='ltr'><strong>Filius;</strong></span> <span class='ocrx_word' id='word_1_468' title='bbox 1373 3811 1545 3867; x_wconf 87' lang='lat' dir='ltr'><strong>Filius</strong></span> <span class='ocrx_word' id='word_1_469' title='bbox 1592 3821 1783 3867; x_wconf 88' lang='lat' dir='ltr'><strong>contra</strong></span> <span class='ocrx_word' id='word_1_470' title='bbox 1827 3825 2044 3880; x_wconf 82' lang='lat' dir='ltr'><strong>semper</strong></span> 
     </span>
    </p>
   </div>
   <div class='ocr_carea' id='block_1_59' title="bbox 465 3903 2045 3977">
    <p class='ocr_par' dir='ltr' id='par_1_59' title="bbox 465 3903 2045 3977">
     <span class='ocr_line' id='line_1_59' title="bbox 465 3903 2045 3977; baseline 0 -17"><span class='ocrx_word' id='word_1_471' title='bbox 465 3916 548 3961; x_wconf 86' lang='lat' dir='ltr'><strong>est</strong></span> <span class='ocrx_word' id='word_1_472' title='bbox 592 3905 784 3972; x_wconf 84' lang='lat' dir='ltr'><strong>Filius,</strong></span> <span class='ocrx_word' id='word_1_473' title='bbox 845 3918 1025 3975; x_wconf 86' lang='lat' dir='ltr'><strong>neque</strong></span> <span class='ocrx_word' id='word_1_474' title='bbox 1070 3920 1310 3977; x_wconf 82' lang='lat' dir='ltr'><strong>unquam</strong></span> <span class='ocrx_word' id='word_1_475' title='bbox 1356 3904 1523 3960; x_wconf 74' lang='lat' dir='ltr'><strong>fuerit</strong></span> <span class='ocrx_word' id='word_1_476' title='bbox 1568 3904 1753 3960; x_wconf 83' lang='lat' dir='ltr'><strong>Pater.</strong></span> <span class='ocrx_word' id='word_1_477' title='bbox 1809 3903 1866 3958; x_wconf 90' lang='lat' dir='ltr'><strong>Si</strong></span> <span class='ocrx_word' id='word_1_478' title='bbox 1921 3903 2045 3974; x_wconf 88' lang='lat' dir='ltr'><strong>quis</strong></span> 
     </span>
    </p>
   </div>
   <div class='ocr_carea' id='block_1_60' title="bbox 462 3996 2047 4068">
    <p class='ocr_par' dir='ltr' id='par_1_60' title="bbox 462 3996 2047 4068">
     <span class='ocr_line' id='line_1_60' title="bbox 462 3996 2047 4068; baseline -0.001 -14"><span class='ocrx_word' id='word_1_479' title='bbox 462 4014 593 4055; x_wconf 78' lang='lat' dir='ltr'><strong>vero</strong></span> <span class='ocrx_word' id='word_1_480' title='bbox 626 3999 857 4055; x_wconf 86' lang='lat' dir='ltr'><strong>voluerit</strong></span> <span class='ocrx_word' id='word_1_481' title='bbox 910 3998 1095 4054; x_wconf 87' lang='lat' dir='ltr'><strong>dicere</strong></span> <span class='ocrx_word' id='word_1_482' title='bbox 1134 4013 1241 4053; x_wconf 91' lang='lat' dir='ltr'><strong>non</strong></span> <span class='ocrx_word' id='word_1_483' title='bbox 1282 4012 1442 4068; x_wconf 86' lang='lat' dir='ltr'><strong>posse</strong></span> <span class='ocrx_word' id='word_1_484' title='bbox 1487 3997 1709 4067; x_wconf 86' lang='lat' dir='ltr'><strong>utrique</strong></span> <span class='ocrx_word' id='word_1_485' title='bbox 1753 3996 2047 4052; x_wconf 85' lang='lat' dir='ltr'><strong>convenire</strong></span> 
     </span>
    </p>
   </div>
   <div class='ocr_carea' id='block_1_61' title="bbox 464 4087 2045 4159">
    <p class='ocr_par' dir='ltr' id='par_1_61' title="bbox 464 4087 2045 4159">
     <span class='ocr_line' id='line_1_61' title="bbox 464 4087 2045 4159; baseline -0.004 -12"><span class='ocrx_word' id='word_1_486' title='bbox 464 4089 882 4159; x_wconf 83' lang='lat' dir='ltr'><strong>appellationem</strong></span> <span class='ocrx_word' id='word_1_487' title='bbox 923 4104 1045 4158; x_wconf 72' lang='lat' dir='ltr'><strong>qua:</strong></span> <span class='ocrx_word' id='word_1_488' title='bbox 1078 4088 1172 4144; x_wconf 90' lang='lat' dir='ltr'><strong>uni</strong></span> <span class='ocrx_word' id='word_1_489' title='bbox 1206 4089 1500 4155; x_wconf 81' lang='lat' dir='ltr'><strong>tribuatur,</strong></span> <span class='ocrx_word' id='word_1_490' title='bbox 1530 4088 1585 4143; x_wconf 89' lang='lat' dir='ltr'><strong>in</strong></span> <span class='ocrx_word' id='word_1_491' title='bbox 1608 4087 1905 4142; x_wconf 75' lang='lat' dir='ltr'><strong>maximum</strong></span> <span class='ocrx_word' id='word_1_492' title='bbox 1935 4102 2045 4142; x_wconf 85' lang='lat' dir='ltr'><strong>ma-</strong></span> 
     </span>
    </p>
   </div>
   <div class='ocr_carea' id='block_1_62' title="bbox 465 4178 2043 4249">
    <p class='ocr_par' dir='ltr' id='par_1_62' title="bbox 465 4178 2043 4249">
     <span class='ocr_line' id='line_1_62' title="bbox 465 4178 2043 4249; baseline 0.002 -17"><span class='ocrx_word' id='word_1_493' title='bbox 465 4181 574 4235; x_wconf 83' lang='lat' dir='ltr'><strong>lum</strong></span> <span class='ocrx_word' id='word_1_494' title='bbox 640 4182 859 4237; x_wconf 88' lang='lat' dir='ltr'><strong>incidet.</strong></span> <span class='ocrx_word' id='word_1_495' title='bbox 908 4180 1048 4249; x_wconf 84' lang='lat' dir='ltr'><strong>Quid</strong></span> <span class='ocrx_word' id='word_1_496' title='bbox 1100 4180 1245 4237; x_wconf 91' lang='lat' dir='ltr'><strong>enim</strong></span> <span class='ocrx_word' id='word_1_497' title='bbox 1295 4179 1500 4245; x_wconf 79' lang='lat' dir='ltr'><strong>faciat,</strong></span> <span class='ocrx_word' id='word_1_498' title='bbox 1554 4180 1772 4237; x_wconf 89' lang='lat' dir='ltr'><strong>dicente</strong></span> <span class='ocrx_word' id='word_1_499' title='bbox 1817 4178 1982 4235; x_wconf 89' lang='lat' dir='ltr'><strong>Paulo</strong></span> <span class='ocrx_word' id='word_1_500' title='bbox 2028 4198 2043 4235; x_wconf 90' lang='lat'><strong>:</strong></span> 
     </span>
    </p>
   </div>
   <div class='ocr_carea' id='block_1_63' title="bbox 471 4267 2045 4338">
    <p class='ocr_par' dir='ltr' id='par_1_63' title="bbox 471 4267 2045 4338">
     <span class='ocr_line' id='line_1_63' title="bbox 471 4267 2045 4338; baseline 0.004 -17"><span class='ocrx_word' id='word_1_501' title='bbox 471 4291 491 4321; x_wconf 74' lang='grc' dir='ltr'><strong>ι</strong></span> <span class='ocrx_word' id='word_1_502' title='bbox 521 4267 674 4324; x_wconf 84' lang='lat' dir='ltr'><strong>Unus</strong></span> <span class='ocrx_word' id='word_1_503' title='bbox 694 4268 836 4324; x_wconf 87' lang='lat' dir='ltr'><strong>Deus</strong></span> <span class='ocrx_word' id='word_1_504' title='bbox 863 4268 1029 4325; x_wconf 83' lang='lat' dir='ltr'><strong>Pater</strong></span> <span class='ocrx_word' id='word_1_505' title='bbox 1051 4284 1120 4325; x_wconf 79' lang='lat' dir='ltr'><strong>ex</strong></span> <span class='ocrx_word' id='word_1_506' title='bbox 1149 4284 1259 4338; x_wconf 89' lang='lat' dir='ltr'><strong>quo</strong></span> <span class='ocrx_word' id='word_1_507' title='bbox 1286 4271 1493 4337; x_wconf 89' lang='lat' dir='ltr'><strong>omnia,</strong></span> <span class='ocrx_word' id='word_1_508' title='bbox 1517 4280 1573 4327; x_wconf 85' lang='lat' dir='ltr'><strong>et</strong></span> <span class='ocrx_word' id='word_1_509' title='bbox 1601 4286 1744 4327; x_wconf 92' lang='lat' dir='ltr'><strong>unus</strong></span> <span class='ocrx_word' id='word_1_510' title='bbox 1775 4270 2045 4328; x_wconf 84' lang='lat' dir='ltr'><strong>Dominus</strong></span> 
     </span>
    </p>
   </div>
   <div class='ocr_carea' id='block_1_64' title="bbox 466 4360 2046 4433">
    <p class='ocr_par' dir='ltr' id='par_1_64' title="bbox 466 4360 2046 4433">
     <span class='ocr_line' id='line_1_64' title="bbox 466 4360 2046 4433; baseline 0.003 -18"><span class='ocrx_word' id='word_1_511' title='bbox 466 4360 623 4416; x_wconf 85' lang='lat' dir='ltr'><strong>Jesus</strong></span> <span class='ocrx_word' id='word_1_512' title='bbox 662 4361 912 4415; x_wconf 87' lang='lat' dir='ltr'><strong>Christus</strong></span> <span class='ocrx_word' id='word_1_513' title='bbox 960 4375 1057 4428; x_wconf 87' lang='lat' dir='ltr'><strong>per</strong></span> <span class='ocrx_word' id='word_1_514' title='bbox 1105 4374 1266 4428; x_wconf 87' lang='lat' dir='ltr'><strong>quem</strong></span> <span class='ocrx_word' id='word_1_515' title='bbox 1316 4361 1499 4425; x_wconf 72' lang='lat' dir='ltr'><strong>omnia</strong></span> <span class='ocrx_word' id='word_1_516' title='bbox 1525 4361 1613 4414; x_wconf 63' lang='grc' dir='ltr'>υτ</span> <span class='ocrx_word' id='word_1_517' title='bbox 1648 4380 1666 4414; x_wconf 77' lang='grc' dir='ltr'><strong>ι</strong></span> <span class='ocrx_word' id='word_1_518' title='bbox 1704 4360 1848 4418; x_wconf 80' lang='lat' dir='ltr'><strong>Ecce</strong></span> <span class='ocrx_word' id='word_1_519' title='bbox 1883 4379 2046 4433; x_wconf 81' lang='lat' dir='ltr'><strong>qualn</strong></span> 
     </span>
    </p>
   </div>
   <div class='ocr_carea' id='block_1_65' title="bbox 471 4444 2048 4518">
    <p class='ocr_par' dir='ltr' id='par_1_65' title="bbox 471 4444 2048 4518">
     <span class='ocr_line' id='line_1_65' title="bbox 471 4444 2048 4518; baseline 0.003 -16"><span class='ocrx_word' id='word_1_520' title='bbox 471 4459 662 4518; x_wconf 89' lang='lat' dir='ltr'><strong>aperte</strong></span> <span class='ocrx_word' id='word_1_521' title='bbox 690 4447 835 4502; x_wconf 86' lang='lat' dir='ltr'><strong>Patri</strong></span> <span class='ocrx_word' id='word_1_522' title='bbox 870 4446 1077 4501; x_wconf 90' lang='lat' dir='ltr'><strong>tribuat</strong></span> <span class='ocrx_word' id='word_1_523' title='bbox 1110 4444 1278 4502; x_wconf 90' lang='lat' dir='ltr'><strong>Deum</strong></span> <span class='ocrx_word' id='word_1_524' title='bbox 1308 4462 1428 4503; x_wconf 82' lang='lat' dir='ltr'><strong>esse</strong></span> <span class='ocrx_word' id='word_1_525' title='bbox 1457 4459 1512 4503; x_wconf 90' lang='lat' dir='ltr'><strong>et</strong></span> <span class='ocrx_word' id='word_1_526' title='bbox 1544 4465 1709 4504; x_wconf 89' lang='lat' dir='ltr'><strong>unum</strong></span> <span class='ocrx_word' id='word_1_527' title='bbox 1739 4465 1883 4516; x_wconf 84' lang='lat' dir='ltr'><strong>esse,</strong></span> <span class='ocrx_word' id='word_1_528' title='bbox 1909 4452 2048 4508; x_wconf 89' lang='lat' dir='ltr'><strong>Filio</strong></span> 
     </span>
    </p>
   </div>
   <div class='ocr_carea' id='block_1_66' title="bbox 467 4537 2049 4612">
    <p class='ocr_par' dir='ltr' id='par_1_66' title="bbox 467 4537 2049 4612">
     <span class='ocr_line' id='line_1_66' title="bbox 467 4537 2049 4612; baseline 0.007 -23"><span class='ocrx_word' id='word_1_529' title='bbox 467 4548 647 4592; x_wconf 75' lang='lat' dir='ltr'><strong>autem</strong></span> <span class='ocrx_word' id='word_1_530' title='bbox 680 4537 966 4593; x_wconf 87' lang='lat' dir='ltr'><strong>Dominum</strong></span> <span class='ocrx_word' id='word_1_531' title='bbox 996 4552 1117 4593; x_wconf 84' lang='lat' dir='ltr'><strong>esse</strong></span> <span class='ocrx_word' id='word_1_532' title='bbox 1155 4547 1211 4593; x_wconf 93' lang='lat' dir='ltr'><strong>et</strong></span> <span class='ocrx_word' id='word_1_533' title='bbox 1245 4554 1434 4593; x_wconf 88' lang='lat' dir='ltr'><strong>unum.</strong></span> <span class='ocrx_word' id='word_1_534' title='bbox 1468 4537 1605 4593; x_wconf 85' lang='lat' dir='ltr'><strong>Num</strong></span> <span class='ocrx_word' id='word_1_535' title='bbox 1640 4542 1807 4612; x_wconf 78' lang='lat' dir='ltr'><strong>igitur</strong></span> <span class='ocrx_word' id='word_1_536' title='bbox 1842 4544 2049 4600; x_wconf 89' lang='lat' dir='ltr'><strong>idcirco</strong></span> 
     </span>
    </p>
   </div>
   <div class='ocr_carea' id='block_1_67' title="bbox 466 4630 2048 4702">
    <p class='ocr_par' dir='ltr' id='par_1_67' title="bbox 466 4630 2048 4702">
     <span class='ocr_line' id='line_1_67' title="bbox 466 4630 2048 4702; baseline 0.003 -17"><span class='ocrx_word' id='word_1_537' title='bbox 466 4631 639 4686; x_wconf 84' lang='lat' dir='ltr'><strong>Filius</strong></span> <span class='ocrx_word' id='word_1_538' title='bbox 689 4646 794 4686; x_wconf 89' lang='lat' dir='ltr'><strong>non</strong></span> <span class='ocrx_word' id='word_1_539' title='bbox 843 4631 947 4687; x_wconf 91' lang='lat' dir='ltr'><strong>erit</strong></span> <span class='ocrx_word' id='word_1_540' title='bbox 984 4630 1148 4696; x_wconf 84' lang='lat' dir='ltr'><strong>Deus,</strong></span> <span class='ocrx_word' id='word_1_541' title='bbox 1181 4634 1309 4702; x_wconf 89' lang='lat' dir='ltr'><strong>quia</strong></span> <span class='ocrx_word' id='word_1_542' title='bbox 1342 4630 1507 4686; x_wconf 78' lang='lat' dir='ltr'><strong>Pater</strong></span> <span class='ocrx_word' id='word_1_543' title='bbox 1550 4642 1775 4687; x_wconf 83' lang='lat' dir='ltr'><strong>vocatur</strong></span> <span class='ocrx_word' id='word_1_544' title='bbox 1808 4635 1947 4690; x_wconf 89' lang='lat' dir='ltr'><strong>Deus</strong></span> <span class='ocrx_word' id='word_1_545' title='bbox 1993 4644 2048 4690; x_wconf 88' lang='lat' dir='ltr'><strong>et</strong></span> 
     </span>
    </p>
   </div>
   <div class='ocr_carea' id='block_1_68' title="bbox 468 4722 2048 4797">
    <p class='ocr_par' dir='ltr' id='par_1_68' title="bbox 468 4722 2048 4797">
     <span class='ocr_line' id='line_1_68' title="bbox 468 4722 2048 4797; baseline 0.004 -19"><span class='ocrx_word' id='word_1_546' title='bbox 468 4726 647 4780; x_wconf 86' lang='lat' dir='ltr'><strong>unus?</strong></span> <span class='ocrx_word' id='word_1_547' title='bbox 693 4735 787 4779; x_wconf 87' lang='lat' dir='ltr'><strong>aut</strong></span> <span class='ocrx_word' id='word_1_548' title='bbox 830 4724 995 4781; x_wconf 89' lang='lat' dir='ltr'><strong>Pater</strong></span> <span class='ocrx_word' id='word_1_549' title='bbox 1053 4741 1158 4781; x_wconf 90' lang='lat' dir='ltr'><strong>non</strong></span> <span class='ocrx_word' id='word_1_550' title='bbox 1215 4728 1322 4781; x_wconf 89' lang='lat' dir='ltr'><strong>erit</strong></span> <span class='ocrx_word' id='word_1_551' title='bbox 1372 4727 1650 4791; x_wconf 85' lang='lat' dir='ltr'><strong>Dominus,</strong></span> <span class='ocrx_word' id='word_1_552' title='bbox 1699 4727 1825 4797; x_wconf 89' lang='lat' dir='ltr'><strong>quia</strong></span> <span class='ocrx_word' id='word_1_553' title='bbox 1876 4722 2048 4784; x_wconf 89' lang='lat' dir='ltr'><strong>Filius</strong></span> 
     </span>
    </p>
   </div>
   <div class='ocr_carea' id='block_1_69' title="bbox 468 4817 2044 4888">
    <p class='ocr_par' dir='ltr' id='par_1_69' title="bbox 468 4817 2044 4888">
     <span class='ocr_line' id='line_1_69' title="bbox 468 4817 2044 4888; baseline 0.001 -17"><span class='ocrx_word' id='word_1_554' title='bbox 468 4819 771 4888; x_wconf 80' lang='lat' dir='ltr'><strong>appellatus</strong></span> <span class='ocrx_word' id='word_1_555' title='bbox 796 4827 882 4873; x_wconf 89' lang='lat' dir='ltr'><strong>est</strong></span> <span class='ocrx_word' id='word_1_556' title='bbox 908 4817 1170 4872; x_wconf 90' lang='lat' dir='ltr'><strong>Dominus</strong></span> <span class='ocrx_word' id='word_1_557' title='bbox 1198 4828 1253 4872; x_wconf 90' lang='lat' dir='ltr'><strong>et</strong></span> <span class='ocrx_word' id='word_1_558' title='bbox 1282 4833 1421 4872; x_wconf 89' lang='lat' dir='ltr'><strong>unus</strong></span> <span class='ocrx_word' id='word_1_559' title='bbox 1440 4818 1467 4871; x_wconf 65' lang='grc' dir='ltr'><strong><em>ἲ</em></strong></span> <span class='ocrx_word' id='word_1_560' title='bbox 1514 4817 1735 4875; x_wconf 83' lang='lat' dir='ltr'><strong>Minime</strong></span> <span class='ocrx_word' id='word_1_561' title='bbox 1767 4834 1916 4884; x_wconf 86' lang='lat' dir='ltr'><strong>vero,</strong></span> <span class='ocrx_word' id='word_1_562' title='bbox 1946 4818 2044 4873; x_wconf 83' lang='lat' dir='ltr'><strong>ab—</strong></span> 
     </span>
    </p>
   </div>
   <div class='ocr_carea' id='block_1_70' title="bbox 466 4908 2048 4975">
    <p class='ocr_par' dir='ltr' id='par_1_70' title="bbox 466 4908 2048 4975">
     <span class='ocr_line' id='line_1_70' title="bbox 466 4908 2048 4975; baseline 0.001 -10"><span class='ocrx_word' id='word_1_563' title='bbox 466 4914 577 4967; x_wconf 75' lang='lat' dir='ltr'><strong>sit!</strong></span> <span class='ocrx_word' id='word_1_564' title='bbox 630 4914 762 4967; x_wconf 76' lang='lat' dir='ltr'><strong>Cum</strong></span> <span class='ocrx_word' id='word_1_565' title='bbox 812 4912 959 4967; x_wconf 91' lang='lat' dir='ltr'><strong>enim</strong></span> <span class='ocrx_word' id='word_1_566' title='bbox 1004 4908 1170 4965; x_wconf 84' lang='lat' dir='ltr'><strong>Pater</strong></span> <span class='ocrx_word' id='word_1_567' title='bbox 1201 4910 1271 4965; x_wconf 92' lang='lat' dir='ltr'><strong>sit</strong></span> <span class='ocrx_word' id='word_1_568' title='bbox 1309 4908 1472 4975; x_wconf 89' lang='lat' dir='ltr'><strong>Deus,</strong></span> <span class='ocrx_word' id='word_1_569' title='bbox 1524 4908 1697 4966; x_wconf 88' lang='lat' dir='ltr'><strong>Filius</strong></span> <span class='ocrx_word' id='word_1_570' title='bbox 1746 4911 1912 4965; x_wconf 89' lang='lat' dir='ltr'><strong>etiam</strong></span> <span class='ocrx_word' id='word_1_571' title='bbox 1964 4920 2048 4966; x_wconf 88' lang='lat' dir='ltr'><strong>est</strong></span> 
     </span>
    </p>
   </div>
   <div class='ocr_carea' id='block_1_71' title="bbox 467 5001 2049 5073">
    <p class='ocr_par' dir='ltr' id='par_1_71' title="bbox 467 5001 2049 5073">
     <span class='ocr_line' id='line_1_71' title="bbox 467 5001 2049 5073; baseline 0 -14"><span class='ocrx_word' id='word_1_572' title='bbox 467 5006 611 5061; x_wconf 83' lang='lat' dir='ltr'><strong>Dens</strong></span> <span class='ocrx_word' id='word_1_573' title='bbox 645 5025 659 5061; x_wconf 90' lang='lat'><strong>:</strong></span> <span class='ocrx_word' id='word_1_574' title='bbox 692 5018 745 5059; x_wconf 91' lang='lat' dir='ltr'><strong>et</strong></span> <span class='ocrx_word' id='word_1_575' title='bbox 779 5021 993 5073; x_wconf 86' lang='lat' dir='ltr'><strong>rursus,</strong></span> <span class='ocrx_word' id='word_1_576' title='bbox 1046 5020 1168 5060; x_wconf 91' lang='lat' dir='ltr'><strong>cum</strong></span> <span class='ocrx_word' id='word_1_577' title='bbox 1214 5004 1477 5059; x_wconf 90' lang='lat' dir='ltr'><strong>Dominus</strong></span> <span class='ocrx_word' id='word_1_578' title='bbox 1523 5002 1595 5058; x_wconf 91' lang='lat' dir='ltr'><strong>sit</strong></span> <span class='ocrx_word' id='word_1_579' title='bbox 1624 5001 1818 5067; x_wconf 82' lang='lat' dir='ltr'><strong>Filius,</strong></span> <span class='ocrx_word' id='word_1_580' title='bbox 1865 5004 2049 5059; x_wconf 89' lang='lat' dir='ltr'><strong>Domi-</strong></span> 
     </span>
    </p>
   </div>
   <div class='ocr_carea' id='block_1_72' title="bbox 468 5097 2044 5168">
    <p class='ocr_par' dir='ltr' id='par_1_72' title="bbox 468 5097 2044 5168">
     <span class='ocr_line' id='line_1_72' title="bbox 468 5097 2044 5168; baseline 0.001 -18"><span class='ocrx_word' id='word_1_581' title='bbox 468 5113 570 5151; x_wconf 88' lang='lat' dir='ltr'><strong>nus</strong></span> <span class='ocrx_word' id='word_1_582' title='bbox 600 5109 684 5151; x_wconf 88' lang='lat' dir='ltr'><strong>est</strong></span> <span class='ocrx_word' id='word_1_583' title='bbox 708 5108 762 5151; x_wconf 88' lang='lat' dir='ltr'><strong>ct</strong></span> <span class='ocrx_word' id='word_1_584' title='bbox 793 5098 971 5154; x_wconf 82' lang='lat' dir='ltr'><strong>Pater.</strong></span> <span class='ocrx_word' id='word_1_585' title='bbox 1004 5097 1171 5167; x_wconf 77' lang='lat' dir='ltr'><strong>Atqui</strong></span> <span class='ocrx_word' id='word_1_586' title='bbox 1213 5098 1257 5153; x_wconf 89' lang='lat' dir='ltr'><strong>si</strong></span> <span class='ocrx_word' id='word_1_587' title='bbox 1292 5113 1411 5168; x_wconf 69' lang='lat' dir='ltr'><strong>qius</strong></span> <span class='ocrx_word' id='word_1_588' title='bbox 1441 5103 1586 5151; x_wconf 86' lang='lat' dir='ltr'><strong>esset</strong></span> <span class='ocrx_word' id='word_1_589' title='bbox 1610 5097 1863 5152; x_wconf 83' lang='lat' dir='ltr'><strong>essentiae</strong></span> <span class='ocrx_word' id='word_1_590' title='bbox 1888 5097 2044 5152; x_wconf 75' lang='lat' dir='ltr'><strong>diﬁc-</strong></span> 
     </span>
    </p>
   </div>
   <div class='ocr_carea' id='block_1_73' title="bbox 469 5186 2045 5257">
    <p class='ocr_par' dir='ltr' id='par_1_73' title="bbox 469 5186 2045 5257">
     <span class='ocr_line' id='line_1_73' title="bbox 469 5186 2045 5257; baseline 0.001 -18"><span class='ocrx_word' id='word_1_591' title='bbox 469 5188 643 5239; x_wconf 85' lang='lat' dir='ltr'><strong>rentia</strong></span> <span class='ocrx_word' id='word_1_592' title='bbox 695 5202 813 5255; x_wconf 76' lang='lat' dir='ltr'><strong>qua:</strong></span> <span class='ocrx_word' id='word_1_593' title='bbox 854 5187 972 5243; x_wconf 83' lang='lat' dir='ltr'><strong>illos</strong></span> <span class='ocrx_word' id='word_1_594' title='bbox 1010 5189 1063 5243; x_wconf 91' lang='lat' dir='ltr'><strong>in</strong></span> <span class='ocrx_word' id='word_1_595' title='bbox 1107 5191 1213 5243; x_wconf 92' lang='lat' dir='ltr'><strong>duo</strong></span> <span class='ocrx_word' id='word_1_596' title='bbox 1259 5188 1547 5251; x_wconf 85' lang='lat' dir='ltr'><strong>divideret,</strong></span> <span class='ocrx_word' id='word_1_597' title='bbox 1591 5202 1767 5257; x_wconf 89' lang='lat' dir='ltr'><strong>neque</strong></span> <span class='ocrx_word' id='word_1_598' title='bbox 1811 5186 2045 5242; x_wconf 87' lang='lat' dir='ltr'><strong>naturali</strong></span> 
     </span>
    </p>
   </div>
   <div class='ocr_carea' id='block_1_74' title="bbox 470 5273 2048 5349">
    <p class='ocr_par' dir='ltr' id='par_1_74' title="bbox 470 5273 2048 5349">
     <span class='ocr_line' id='line_1_74' title="bbox 470 5273 2048 5349; baseline 0.001 -18"><span class='ocrx_word' id='word_1_599' title='bbox 470 5273 753 5331; x_wconf 73' lang='grc' dir='ltr'>Μυηιίιιιιε</span> <span class='ocrx_word' id='word_1_600' title='bbox 791 5278 1085 5333; x_wconf 82' lang='lat' dir='ltr'><strong>com-enire</strong></span> <span class='ocrx_word' id='word_1_601' title='bbox 1131 5278 1491 5346; x_wconf 90' lang='lat' dir='ltr'><strong>permitteret,</strong></span> <span class='ocrx_word' id='word_1_602' title='bbox 1547 5279 1707 5334; x_wconf 88' lang='lat' dir='ltr'><strong>unius</strong></span> <span class='ocrx_word' id='word_1_603' title='bbox 1756 5278 2048 5349; x_wconf 86' lang='lat' dir='ltr'><strong>appellatio</strong></span> 
     </span>
    </p>
   </div>
   <div class='ocr_carea' id='block_1_75' title="bbox 471 5368 2047 5439">
    <p class='ocr_par' dir='ltr' id='par_1_75' title="bbox 471 5368 2047 5439">
     <span class='ocr_line' id='line_1_75' title="bbox 471 5368 2047 5439; baseline 0.003 -18"><span class='ocrx_word' id='word_1_604' title='bbox 471 5368 625 5422; x_wconf 80' lang='lat' dir='ltr'><strong>alteri</strong></span> <span class='ocrx_word' id='word_1_605' title='bbox 660 5368 874 5436; x_wconf 88' lang='lat' dir='ltr'><strong>proprie</strong></span> <span class='ocrx_word' id='word_1_606' title='bbox 903 5370 1061 5422; x_wconf 84' lang='lat' dir='ltr'><strong>tribui</strong></span> <span class='ocrx_word' id='word_1_607' title='bbox 1098 5386 1200 5423; x_wconf 85' lang='lat' dir='ltr'><strong>non</strong></span> <span class='ocrx_word' id='word_1_608' title='bbox 1241 5380 1445 5439; x_wconf 87' lang='lat' dir='ltr'><strong>posset.</strong></span> <span class='ocrx_word' id='word_1_609' title='bbox 1475 5370 1744 5437; x_wconf 85' lang='lat' dir='ltr'><strong>Quocirca</strong></span> <span class='ocrx_word' id='word_1_610' title='bbox 1778 5387 1901 5426; x_wconf 92' lang='lat' dir='ltr'><strong>cum</strong></span> <span class='ocrx_word' id='word_1_611' title='bbox 1932 5387 2047 5425; x_wconf 86' lang='lat' dir='ltr'><strong>om-</strong></span> 
     </span>
    </p>
   </div>
   <div class='ocr_carea' id='block_1_76' title="bbox 472 5458 2048 5534">
    <p class='ocr_par' dir='ltr' id='par_1_76' title="bbox 472 5458 2048 5534">
     <span class='ocr_line' id='line_1_76' title="bbox 472 5458 2048 5534; baseline 0.003 -21"><span class='ocrx_word' id='word_1_612' title='bbox 472 5459 561 5513; x_wconf 87' lang='lat' dir='ltr'><strong>nia</strong></span> <span class='ocrx_word' id='word_1_613' title='bbox 580 5475 697 5529; x_wconf 74' lang='lat' dir='ltr'><strong>quze</strong></span> <span class='ocrx_word' id='word_1_614' title='bbox 724 5458 901 5512; x_wconf 86' lang='lat' dir='ltr'><strong>Patris</strong></span> <span class='ocrx_word' id='word_1_615' title='bbox 926 5472 1050 5513; x_wconf 82' lang='lat' dir='ltr'><strong>sunt</strong></span> <span class='ocrx_word' id='word_1_616' title='bbox 1079 5459 1217 5517; x_wconf 79' lang='lat' dir='ltr'><strong>Filio</strong></span> <span class='ocrx_word' id='word_1_617' title='bbox 1246 5462 1437 5525; x_wconf 83' lang='lat' dir='ltr'><strong>insint,</strong></span> <span class='ocrx_word' id='word_1_618' title='bbox 1461 5471 1515 5515; x_wconf 89' lang='lat' dir='ltr'><strong>et</strong></span> <span class='ocrx_word' id='word_1_619' title='bbox 1544 5474 1758 5531; x_wconf 88' lang='lat' dir='ltr'><strong>contra,</strong></span> <span class='ocrx_word' id='word_1_620' title='bbox 1783 5479 1903 5534; x_wconf 66' lang='lat' dir='ltr'><strong>qua:</strong></span> <span class='ocrx_word' id='word_1_621' title='bbox 1920 5463 2048 5518; x_wconf 85' lang='lat' dir='ltr'><strong>Filii</strong></span> 
     </span>
    </p>
   </div>
   <div class='ocr_carea' id='block_1_77' title="bbox 473 5550 2047 5615">
    <p class='ocr_par' dir='ltr' id='par_1_77' title="bbox 473 5550 2047 5615">
     <span class='ocr_line' id='line_1_77' title="bbox 473 5550 2047 5615; baseline 0.003 -11"><span class='ocrx_word' id='word_1_622' title='bbox 473 5560 620 5615; x_wconf 87' lang='lat' dir='ltr'><strong>sunt,</strong></span> <span class='ocrx_word' id='word_1_623' title='bbox 671 5550 838 5604; x_wconf 81' lang='lat' dir='ltr'><strong>insint</strong></span> <span class='ocrx_word' id='word_1_624' title='bbox 887 5550 1055 5610; x_wconf 78' lang='lat' dir='ltr'><strong>Patri.</strong></span> <span class='ocrx_word' id='word_1_625' title='bbox 1096 5552 1167 5605; x_wconf 87' lang='lat' dir='ltr'><strong>ita</strong></span> <span class='ocrx_word' id='word_1_626' title='bbox 1224 5563 1281 5605; x_wconf 91' lang='lat' dir='ltr'><strong>ut</strong></span> <span class='ocrx_word' id='word_1_627' title='bbox 1340 5552 1487 5606; x_wconf 78' lang='lat' dir='ltr'><strong>nulla</strong></span> <span class='ocrx_word' id='word_1_628' title='bbox 1538 5554 1679 5609; x_wconf 85' lang='lat' dir='ltr'><strong>ratio</strong></span> <span class='ocrx_word' id='word_1_629' title='bbox 1712 5555 2047 5609; x_wconf 82' lang='lat' dir='ltr'><strong>ideotitatem</strong></span> 
     </span>
    </p>
   </div>
   <div class='ocr_carea' id='block_1_78' title="bbox 478 5639 2048 5713">
    <p class='ocr_par' dir='ltr' id='par_1_78' title="bbox 478 5639 2048 5713">
     <span class='ocr_line' id='line_1_78' title="bbox 478 5639 2048 5713; baseline 0.003 -19"><span class='ocrx_word' id='word_1_630' title='bbox 478 5639 734 5710; x_wconf 88' lang='lat' dir='ltr'><strong>impedire</strong></span> <span class='ocrx_word' id='word_1_631' title='bbox 766 5642 953 5708; x_wconf 79' lang='lat' dir='ltr'><strong>possit,</strong></span> <span class='ocrx_word' id='word_1_632' title='bbox 988 5642 1095 5695; x_wconf 87' lang='lat' dir='ltr'><strong>erit</strong></span> <span class='ocrx_word' id='word_1_633' title='bbox 1122 5642 1287 5696; x_wconf 83' lang='lat' dir='ltr'><strong>etiam</strong></span> <span class='ocrx_word' id='word_1_634' title='bbox 1322 5642 1439 5713; x_wconf 86' lang='lat' dir='ltr'><strong>ipse</strong></span> <span class='ocrx_word' id='word_1_635' title='bbox 1478 5642 1670 5708; x_wconf 81' lang='lat' dir='ltr'><strong>bonus,</strong></span> <span class='ocrx_word' id='word_1_636' title='bbox 1705 5644 2048 5712; x_wconf 81' lang='lat' dir='ltr'><strong>quemadmo-</strong></span> 
     </span>
    </p>
   </div>
   <div class='ocr_carea' id='block_1_79' title="bbox 476 5731 1908 5802">
    <p class='ocr_par' dir='ltr' id='par_1_79' title="bbox 476 5731 1908 5802">
     <span class='ocr_line' id='line_1_79' title="bbox 476 5731 1908 5802; baseline 0.003 -15"><span class='ocrx_word' id='word_1_637' title='bbox 476 5734 601 5787; x_wconf 91' lang='lat' dir='ltr'><strong>dum</strong></span> <span class='ocrx_word' id='word_1_638' title='bbox 637 5731 817 5797; x_wconf 77' lang='lat' dir='ltr'><strong>Pater,</strong></span> <span class='ocrx_word' id='word_1_639' title='bbox 856 5742 1017 5802; x_wconf 86' lang='lat' dir='ltr'><strong>atque</strong></span> <span class='ocrx_word' id='word_1_640' title='bbox 1053 5734 1174 5788; x_wconf 90' lang='lat' dir='ltr'><strong>ideo</strong></span> <span class='ocrx_word' id='word_1_641' title='bbox 1202 5734 1365 5788; x_wconf 85' lang='lat' dir='ltr'><strong>ctiam</strong></span> <span class='ocrx_word' id='word_1_642' title='bbox 1402 5735 1908 5793; x_wconf 85' lang='lat' dir='ltr'><strong>censubstantialis.</strong></span> 
     </span>
    </p>
   </div>
   <div class='ocr_carea' id='block_1_80' title="bbox 2139 2522 3139 2598">
    <p class='ocr_par' dir='ltr' id='par_1_80' title="bbox 2139 2522 3139 2598">
     <span class='ocr_line' id='line_1_80' title="bbox 2139 2522 3139 2598; baseline -0.005 -18"><span class='ocrx_word' id='word_1_643' title='bbox 2139 2528 2197 2581; x_wconf 80' lang='grc' dir='ltr'>ὲν</span> <span class='ocrx_word' id='word_1_644' title='bbox 2229 2526 2397 2598; x_wconf 77' lang='grc' dir='ltr'>αὐτῷ,</span> <span class='ocrx_word' id='word_1_645' title='bbox 2428 2524 2684 2595; x_wconf 84' lang='grc' dir='ltr'>καθάπερ</span> <span class='ocrx_word' id='word_1_646' title='bbox 2714 2524 2809 2578; x_wconf 73' lang='grc' dir='ltr'><strong>καὶ</strong></span> <span class='ocrx_word' id='word_1_647' title='bbox 2836 2525 2893 2576; x_wconf 82' lang='grc' dir='ltr'>ἐν</span> <span class='ocrx_word' id='word_1_648' title='bbox 2923 2522 3139 2591; x_wconf 84' lang='grc' dir='ltr'>ἐκείνῳ.</span> 
     </span>
    </p>
   </div>
   <div class='ocr_carea' id='block_1_81' title="bbox 2828 2758 3032 2810">
    <p class='ocr_par' dir='ltr' id='par_1_81' title="bbox 2828 2758 3032 2810">
     <span class='ocr_line' id='line_1_81' title="bbox 2828 2758 3032 2810; baseline -0.005 -1"><span class='ocrx_word' id='word_1_649' title='bbox 2828 2758 3032 2810; x_wconf 81' lang='grc' dir='ltr'><strong>ΑΛΛΟ.</strong></span> 
     </span>
    </p>
   </div>
   <div class='ocr_carea' id='block_1_82' title="bbox 2210 2884 3725 2965">
    <p class='ocr_par' dir='ltr' id='par_1_82' title="bbox 2210 2884 3725 2965">
     <span class='ocr_line' id='line_1_82' title="bbox 2210 2884 3725 2965; baseline -0.005 -17"><span class='ocrx_word' id='word_1_650' title='bbox 2210 2890 2389 2949; x_wconf 85' lang='grc' dir='ltr'>Πολλὰ</span> <span class='ocrx_word' id='word_1_651' title='bbox 2413 2890 2543 2965; x_wconf 83' lang='grc' dir='ltr'>περί</span> <span class='ocrx_word' id='word_1_652' title='bbox 2570 2908 2630 2948; x_wconf 85' lang='grc' dir='ltr'><strong>τε</strong></span> <span class='ocrx_word' id='word_1_653' title='bbox 2648 2889 2743 2947; x_wconf 76' lang='grc' dir='ltr'>τοῦ</span> <span class='ocrx_word' id='word_1_654' title='bbox 2771 2889 2983 2962; x_wconf 85' lang='grc' dir='ltr'>[Ιατρὸς</span> <span class='ocrx_word' id='word_1_655' title='bbox 3003 2890 3098 2945; x_wconf 75' lang='grc' dir='ltr'><strong>καὶ</strong></span> <span class='ocrx_word' id='word_1_656' title='bbox 3123 2889 3218 2943; x_wconf 78' lang='grc' dir='ltr'>τοῦ</span> <span class='ocrx_word' id='word_1_657' title='bbox 3240 2887 3375 2943; x_wconf 87' lang='grc' dir='ltr'><strong>Υἱοῦ</strong></span> <span class='ocrx_word' id='word_1_658' title='bbox 3398 2888 3649 2957; x_wconf 81' lang='grc' dir='ltr'>λέγουσιν</span> <span class='ocrx_word' id='word_1_659' title='bbox 3670 2884 3725 2940; x_wconf 77' lang='grc' dir='ltr'>αἱ</span> 
     </span>
    </p>
   </div>
   <div class='ocr_carea' id='block_1_83' title="bbox 2141 2978 3726 3058">
    <p class='ocr_par' dir='ltr' id='par_1_83' title="bbox 2141 2978 3726 3058">
     <span class='ocr_line' id='line_1_83' title="bbox 2141 2978 3726 3058; baseline -0.006 -16"><span class='ocrx_word' id='word_1_660' title='bbox 2141 2988 2283 3042; x_wconf 83' lang='grc' dir='ltr'>Θεῖαι</span> <span class='ocrx_word' id='word_1_661' title='bbox 2308 2986 2549 3058; x_wconf 80' lang='grc' dir='ltr'>Γραφαὶ,</span> <span class='ocrx_word' id='word_1_662' title='bbox 2572 2985 2668 3039; x_wconf 70' lang='grc' dir='ltr'><strong>καὶ</strong></span> <span class='ocrx_word' id='word_1_663' title='bbox 2693 2985 2753 3039; x_wconf 87' lang='grc' dir='ltr'><strong>ού</strong></span> <span class='ocrx_word' id='word_1_664' title='bbox 2782 2984 2845 3039; x_wconf 89' lang='grc' dir='ltr'><strong>τὸ</strong></span> <span class='ocrx_word' id='word_1_665' title='bbox 2873 2982 2983 3037; x_wconf 83' lang='grc' dir='ltr'><strong>τῶν</strong></span> <span class='ocrx_word' id='word_1_666' title='bbox 3012 2982 3294 3053; x_wconf 80' lang='grc' dir='ltr'>ὀνομάτων</span> <span class='ocrx_word' id='word_1_667' title='bbox 3332 2979 3592 3050; x_wconf 87' lang='grc' dir='ltr'>διάφορον</span> <span class='ocrx_word' id='word_1_668' title='bbox 3615 2978 3726 3033; x_wconf 77' lang='grc' dir='ltr'>διαο</span> 
     </span>
    </p>
   </div>
   <div class='ocr_carea' id='block_1_84' title="bbox 2143 3067 3727 3147">
    <p class='ocr_par' dir='ltr' id='par_1_84' title="bbox 2143 3067 3727 3147">
     <span class='ocr_line' id='line_1_84' title="bbox 2143 3067 3727 3147; baseline -0.007 -13"><span class='ocrx_word' id='word_1_669' title='bbox 2143 3080 2352 3135; x_wconf 80' lang='grc' dir='ltr'>στέλλει</span> <span class='ocrx_word' id='word_1_670' title='bbox 2374 3080 2592 3143; x_wconf 80' lang='grc' dir='ltr'>πάντως</span> <span class='ocrx_word' id='word_1_671' title='bbox 2620 3079 2805 3141; x_wconf 74' lang='grc' dir='ltr'>αὐτοῖς</span> <span class='ocrx_word' id='word_1_672' title='bbox 2831 3076 2926 3131; x_wconf 67' lang='grc' dir='ltr'>καὶ</span> <span class='ocrx_word' id='word_1_673' title='bbox 2952 3076 3051 3147; x_wconf 85' lang='grc' dir='ltr'><strong>τῆς</strong></span> <span class='ocrx_word' id='word_1_674' title='bbox 3079 3074 3268 3137; x_wconf 83' lang='grc' dir='ltr'>οὐσίας</span> <span class='ocrx_word' id='word_1_675' title='bbox 3300 3072 3394 3127; x_wconf 87' lang='grc' dir='ltr'><strong>τὸν</strong></span> <span class='ocrx_word' id='word_1_676' title='bbox 3426 3070 3588 3141; x_wconf 86' lang='grc' dir='ltr'>λόγον</span> <span class='ocrx_word' id='word_1_677' title='bbox 3609 3112 3625 3138; x_wconf 95' lang='grc'><strong>,</strong></span> <span class='ocrx_word' id='word_1_678' title='bbox 3653 3067 3727 3133; x_wconf 83' lang='grc' dir='ltr'>ὡς</span> 
     </span>
    </p>
   </div>
   <div class='ocr_carea' id='block_1_85' title="bbox 2142 3161 3728 3244">
    <p class='ocr_par' dir='ltr' id='par_1_85' title="bbox 2142 3161 3728 3244">
     <span class='ocr_line' id='line_1_85' title="bbox 2142 3161 3728 3244; baseline -0.008 -17"><span class='ocrx_word' id='word_1_679' title='bbox 2142 3172 2505 3244; x_wconf 79' lang='grc' dir='ltr'>ἀνομοιότητὰ</span> <span class='ocrx_word' id='word_1_680' title='bbox 2534 3187 2657 3223; x_wconf 85' lang='grc' dir='ltr'>τινα</span> <span class='ocrx_word' id='word_1_681' title='bbox 2681 3169 2770 3223; x_wconf 75' lang='grc' dir='ltr'>διὰ</span> <span class='ocrx_word' id='word_1_682' title='bbox 2794 3166 3000 3222; x_wconf 84' lang='grc' dir='ltr'>τούτων</span> <span class='ocrx_word' id='word_1_683' title='bbox 3035 3167 3283 3237; x_wconf 78' lang='grc' dir='ltr'>χωρῆσαι</span> <span class='ocrx_word' id='word_1_684' title='bbox 3318 3161 3547 3235; x_wconf 81' lang='grc' dir='ltr'>μεταξύ.</span> <span class='ocrx_word' id='word_1_685' title='bbox 3571 3161 3728 3215; x_wconf 80' lang='grc' dir='ltr'>Ἐστι</span> 
     </span>
    </p>
   </div>
   <div class='ocr_carea' id='block_1_86' title="bbox 2143 3253 3727 3337">
    <p class='ocr_par' dir='ltr' id='par_1_86' title="bbox 2143 3253 3727 3337">
     <span class='ocr_line' id='line_1_86' title="bbox 2143 3253 3727 3337; baseline -0.008 -19"><span class='ocrx_word' id='word_1_686' title='bbox 2143 3266 2252 3337; x_wconf 78' lang='grc' dir='ltr'>γὰρ</span> <span class='ocrx_word' id='word_1_687' title='bbox 2285 3263 2386 3335; x_wconf 82' lang='grc' dir='ltr'><strong>μία</strong></span> <span class='ocrx_word' id='word_1_688' title='bbox 2415 3261 2606 3333; x_wconf 81' lang='grc' dir='ltr'>Θεότης</span> <span class='ocrx_word' id='word_1_689' title='bbox 2651 3261 2865 3333; x_wconf 87' lang='grc' dir='ltr'>Πατρὸς</span> <span class='ocrx_word' id='word_1_690' title='bbox 2899 3259 2995 3313; x_wconf 67' lang='grc' dir='ltr'><strong>καὶ</strong></span> <span class='ocrx_word' id='word_1_691' title='bbox 3026 3256 3183 3323; x_wconf 82' lang='grc' dir='ltr'>Υἱοῦ,</span> <span class='ocrx_word' id='word_1_692' title='bbox 3227 3254 3332 3310; x_wconf 79' lang='grc' dir='ltr'><strong>κᾶν</strong></span> <span class='ocrx_word' id='word_1_693' title='bbox 3370 3255 3636 3326; x_wconf 80' lang='grc' dir='ltr'>ὲκάτερος</span> <span class='ocrx_word' id='word_1_694' title='bbox 3663 3253 3727 3323; x_wconf 77' lang='grc' dir='ltr'>τῇ</span> 
     </span>
    </p>
   </div>
   <div class='ocr_carea' id='block_1_87' title="bbox 2144 3346 3730 3427">
    <p class='ocr_par' dir='ltr' id='par_1_87' title="bbox 2144 3346 3730 3427">
     <span class='ocr_line' id='line_1_87' title="bbox 2144 3346 3730 3427; baseline -0.008 -16"><span class='ocrx_word' id='word_1_695' title='bbox 2144 3358 2252 3411; x_wconf 83' lang='grc' dir='ltr'><strong>τῶν</strong></span> <span class='ocrx_word' id='word_1_696' title='bbox 2275 3356 2555 3427; x_wconf 81' lang='grc' dir='ltr'>ὀνομάτων</span> <span class='ocrx_word' id='word_1_697' title='bbox 2580 3353 2827 3424; x_wconf 74' lang='grc' dir='ltr'>ποικιλίᾳ</span> <span class='ocrx_word' id='word_1_698' title='bbox 2846 3350 3119 3422; x_wconf 82' lang='grc' dir='ltr'>διαφόρως</span> <span class='ocrx_word' id='word_1_699' title='bbox 3152 3349 3510 3420; x_wconf 83' lang='grc' dir='ltr'>σημαίνηται,</span> <span class='ocrx_word' id='word_1_700' title='bbox 3532 3347 3635 3418; x_wconf 74' lang='grc' dir='ltr'><strong>οὐχ</strong></span> <span class='ocrx_word' id='word_1_701' title='bbox 3658 3346 3730 3408; x_wconf 84' lang='grc' dir='ltr'>ὼς</span> 
     </span>
    </p>
   </div>
   <div class='ocr_carea' id='block_1_88' title="bbox 2144 3439 3731 3519">
    <p class='ocr_par' dir='ltr' id='par_1_88' title="bbox 2144 3439 3731 3519">
     <span class='ocr_line' id='line_1_88' title="bbox 2144 3439 3731 3519; baseline -0.006 -17"><span class='ocrx_word' id='word_1_702' title='bbox 2144 3446 2276 3502; x_wconf 83' lang='grc' dir='ltr'>ῖδιον</span> <span class='ocrx_word' id='word_1_703' title='bbox 2310 3446 2450 3519; x_wconf 82' lang='grc' dir='ltr'>ἔχων</span> <span class='ocrx_word' id='word_1_704' title='bbox 2479 3463 2533 3501; x_wconf 88' lang='grc' dir='ltr'><strong>τι</strong></span> <span class='ocrx_word' id='word_1_705' title='bbox 2569 3447 2664 3502; x_wconf 78' lang='grc' dir='ltr'><strong>καὶ</strong></span> <span class='ocrx_word' id='word_1_706' title='bbox 2692 3446 2817 3500; x_wconf 84' lang='grc' dir='ltr'>καθ’</span> <span class='ocrx_word' id='word_1_707' title='bbox 2841 3444 3055 3509; x_wconf 80' lang='grc' dir='ltr'>ἑαυτὸν,</span> <span class='ocrx_word' id='word_1_708' title='bbox 3079 3443 3108 3495; x_wconf 83' lang='grc' dir='ltr'><strong>ὃ</strong></span> <span class='ocrx_word' id='word_1_709' title='bbox 3146 3441 3221 3513; x_wconf 82' lang='grc' dir='ltr'>μὴ</span> <span class='ocrx_word' id='word_1_710' title='bbox 3255 3440 3333 3513; x_wconf 81' lang='grc' dir='ltr'>τῷ</span> <span class='ocrx_word' id='word_1_711' title='bbox 3355 3440 3531 3514; x_wconf 77' lang='grc' dir='ltr'>ἑτέρῳ</span> <span class='ocrx_word' id='word_1_712' title='bbox 3558 3439 3731 3513; x_wconf 67' lang='lat'><strong>1:965-</strong></span> 
     </span>
    </p>
   </div>
   <div class='ocr_carea' id='block_1_89' title="bbox 2144 3531 3733 3607">
    <p class='ocr_par' dir='ltr' id='par_1_89' title="bbox 2144 3531 3733 3607">
     <span class='ocr_line' id='line_1_89' title="bbox 2144 3531 3733 3607; baseline -0.004 -15"><span class='ocrx_word' id='word_1_713' title='bbox 2144 3555 2315 3604; x_wconf 87' lang='grc' dir='ltr'>εστιν,</span> <span class='ocrx_word' id='word_1_714' title='bbox 2351 3538 2467 3592; x_wconf 86' lang='grc' dir='ltr'>ἀλλ’</span> <span class='ocrx_word' id='word_1_715' title='bbox 2491 3539 2567 3600; x_wconf 84' lang='grc' dir='ltr'><strong>ὡς</strong></span> <span class='ocrx_word' id='word_1_716' title='bbox 2612 3539 2699 3589; x_wconf 75' lang='grc' dir='ltr'>ἐπ’</span> <span class='ocrx_word' id='word_1_717' title='bbox 2728 3537 2931 3607; x_wconf 82' lang='grc' dir='ltr'>ἀμφοῖν</span> <span class='ocrx_word' id='word_1_718' title='bbox 2960 3536 3161 3607; x_wconf 87' lang='grc' dir='ltr'>χωρεῖν</span> <span class='ocrx_word' id='word_1_719' title='bbox 3190 3534 3489 3604; x_wconf 82' lang='grc' dir='ltr'>δυναμένου</span> <span class='ocrx_word' id='word_1_720' title='bbox 3528 3531 3733 3595; x_wconf 85' lang='grc' dir='ltr'>παντὸς</span> 
     </span>
    </p>
   </div>
   <div class='ocr_carea' id='block_1_90' title="bbox 2144 3623 3735 3701">
    <p class='ocr_par' dir='ltr' id='par_1_90' title="bbox 2144 3623 3735 3701">
     <span class='ocr_line' id='line_1_90' title="bbox 2144 3623 3735 3701; baseline -0.004 -17"><span class='ocrx_word' id='word_1_721' title='bbox 2144 3631 2281 3701; x_wconf 82' lang='grc' dir='ltr'>ὅπερ</span> <span class='ocrx_word' id='word_1_722' title='bbox 2312 3630 2379 3684; x_wconf 80' lang='grc' dir='ltr'><strong>ἂν</strong></span> <span class='ocrx_word' id='word_1_723' title='bbox 2410 3630 2497 3699; x_wconf 72' lang='grc' dir='ltr'><strong>ἐφ’</strong></span> <span class='ocrx_word' id='word_1_724' title='bbox 2527 3629 2644 3690; x_wconf 80' lang='grc' dir='ltr'>ἑνὸς</span> <span class='ocrx_word' id='word_1_725' title='bbox 2660 3628 2895 3698; x_wconf 73' lang='grc' dir='ltr'>λέγοιτο,</span> <span class='ocrx_word' id='word_1_726' title='bbox 2919 3628 3044 3699; x_wconf 88' lang='grc' dir='ltr'>δίχα</span> <span class='ocrx_word' id='word_1_727' title='bbox 3073 3626 3241 3699; x_wconf 79' lang='grc' dir='ltr'>μόνης</span> <span class='ocrx_word' id='word_1_728' title='bbox 3268 3623 3367 3697; x_wconf 84' lang='grc' dir='ltr'>τῆς</span> <span class='ocrx_word' id='word_1_729' title='bbox 3389 3626 3486 3680; x_wconf 85' lang='grc' dir='ltr'><strong>τοῦ</strong></span> <span class='ocrx_word' id='word_1_730' title='bbox 3519 3626 3735 3698; x_wconf 75' lang='grc' dir='ltr'>Πατρὸς</span> 
     </span>
    </p>
   </div>
   <div class='ocr_carea' id='block_1_91' title="bbox 2145 3717 3736 3790">
    <p class='ocr_par' dir='ltr' id='par_1_91' title="bbox 2145 3717 3736 3790">
     <span class='ocr_line' id='line_1_91' title="bbox 2145 3717 3736 3790; baseline -0.004 -16"><span class='ocrx_word' id='word_1_731' title='bbox 2145 3722 2238 3774; x_wconf 80' lang='grc' dir='ltr'><strong>καὶ</strong></span> <span class='ocrx_word' id='word_1_732' title='bbox 2262 3719 2357 3774; x_wconf 78' lang='grc' dir='ltr'>τοῦ</span> <span class='ocrx_word' id='word_1_733' title='bbox 2387 3718 2519 3773; x_wconf 82' lang='grc' dir='ltr'><strong>Υἱοῦ</strong></span> <span class='ocrx_word' id='word_1_734' title='bbox 2560 3718 2935 3790; x_wconf 73' lang='grc' dir='ltr'>προσηγορίας</span> <span class='ocrx_word' id='word_1_735' title='bbox 2978 3735 3037 3771; x_wconf 86' lang='grc' dir='ltr'><strong>τε</strong></span> <span class='ocrx_word' id='word_1_736' title='bbox 3066 3718 3164 3771; x_wconf 80' lang='grc' dir='ltr'><strong>καὶ</strong></span> <span class='ocrx_word' id='word_1_737' title='bbox 3194 3717 3545 3789; x_wconf 83' lang='grc' dir='ltr'>πράγματος.</span> <span class='ocrx_word' id='word_1_738' title='bbox 3575 3717 3736 3771; x_wconf 86' lang='grc' dir='ltr'>Ἔστι</span> 
     </span>
    </p>
   </div>
   <div class='ocr_carea' id='block_1_92' title="bbox 2144 3806 3737 3883">
    <p class='ocr_par' dir='ltr' id='par_1_92' title="bbox 2144 3806 3737 3883">
     <span class='ocr_line' id='line_1_92' title="bbox 2144 3806 3737 3883; baseline -0.004 -15"><span class='ocrx_word' id='word_1_739' title='bbox 2144 3813 2255 3883; x_wconf 86' lang='grc' dir='ltr'>γὰρ</span> <span class='ocrx_word' id='word_1_740' title='bbox 2286 3814 2316 3866; x_wconf 96' lang='lat'><strong>6</strong></span> <span class='ocrx_word' id='word_1_741' title='bbox 2341 3810 2533 3883; x_wconf 84' lang='grc' dir='ltr'>Πατὴρ</span> <span class='ocrx_word' id='word_1_742' title='bbox 2576 3810 2664 3864; x_wconf 76' lang='grc' dir='ltr'>ἀεὶ</span> <span class='ocrx_word' id='word_1_743' title='bbox 2718 3809 2932 3881; x_wconf 80' lang='grc' dir='ltr'>Πατὴρ,</span> <span class='ocrx_word' id='word_1_744' title='bbox 2983 3810 3079 3863; x_wconf 77' lang='grc' dir='ltr'><strong>καὶ</strong></span> <span class='ocrx_word' id='word_1_745' title='bbox 3120 3807 3249 3873; x_wconf 72' lang='grc' dir='ltr'>Υἱὸς</span> <span class='ocrx_word' id='word_1_746' title='bbox 3296 3809 3398 3864; x_wconf 78' lang='grc' dir='ltr'><strong>οὐκ</strong></span> <span class='ocrx_word' id='word_1_747' title='bbox 3426 3808 3495 3862; x_wconf 84' lang='grc' dir='ltr'><strong>ἂν</strong></span> <span class='ocrx_word' id='word_1_748' title='bbox 3522 3806 3737 3877; x_wconf 81' lang='grc' dir='ltr'>γένοιτό</span> 
     </span>
    </p>
   </div>
   <div class='ocr_carea' id='block_1_93' title="bbox 2146 3900 3739 3973">
    <p class='ocr_par' dir='ltr' id='par_1_93' title="bbox 2146 3900 3739 3973">
     <span class='ocr_line' id='line_1_93' title="bbox 2146 3900 3739 3973; baseline 0 -16"><span class='ocrx_word' id='word_1_749' title='bbox 2146 3916 2279 3957; x_wconf 76' lang='grc' dir='ltr'>ποτε</span> <span class='ocrx_word' id='word_1_750' title='bbox 2303 3917 2319 3935; x_wconf 79' lang='grc' dir='ltr'><strong><em>ο</em></strong></span> <span class='ocrx_word' id='word_1_751' title='bbox 2353 3902 2449 3957; x_wconf 74' lang='grc' dir='ltr'>καὶ</span> <span class='ocrx_word' id='word_1_752' title='bbox 2470 3901 2667 3955; x_wconf 67' lang='grc' dir='ltr'>ἔστινὸ</span> <span class='ocrx_word' id='word_1_753' title='bbox 2702 3900 2829 3966; x_wconf 81' lang='grc' dir='ltr'>Υἱὸς</span> <span class='ocrx_word' id='word_1_754' title='bbox 2869 3901 2959 3955; x_wconf 74' lang='grc' dir='ltr'>ἀεὶ</span> <span class='ocrx_word' id='word_1_755' title='bbox 2989 3902 3138 3968; x_wconf 80' lang='grc' dir='ltr'>Υἱὸς,</span> <span class='ocrx_word' id='word_1_756' title='bbox 3179 3901 3277 3956; x_wconf 74' lang='grc' dir='ltr'>καὶ</span> <span class='ocrx_word' id='word_1_757' title='bbox 3312 3900 3504 3973; x_wconf 70' lang='grc' dir='ltr'>Πατήρ</span> <span class='ocrx_word' id='word_1_758' title='bbox 3537 3901 3647 3956; x_wconf 78' lang='grc' dir='ltr'><strong>οὐκ</strong></span> <span class='ocrx_word' id='word_1_759' title='bbox 3672 3901 3739 3957; x_wconf 76' lang='grc' dir='ltr'>ἃν</span> 
     </span>
    </p>
   </div>
   <div class='ocr_carea' id='block_1_94' title="bbox 2147 3992 3736 4066">
    <p class='ocr_par' dir='ltr' id='par_1_94' title="bbox 2147 3992 3736 4066">
     <span class='ocr_line' id='line_1_94' title="bbox 2147 3992 3736 4066; baseline -0.001 -17"><span class='ocrx_word' id='word_1_760' title='bbox 2147 3995 2231 4066; x_wconf 65' lang='grc' dir='ltr'>εἴη</span> <span class='ocrx_word' id='word_1_761' title='bbox 2274 3993 2426 4048; x_wconf 83' lang='grc' dir='ltr'>ποτέ.</span> <span class='ocrx_word' id='word_1_762' title='bbox 2452 3994 2519 4047; x_wconf 80' lang='lat' dir='ltr'><strong>Et</strong></span> <span class='ocrx_word' id='word_1_763' title='bbox 2549 3993 2606 4047; x_wconf 82' lang='grc' dir='ltr'>δέ</span> <span class='ocrx_word' id='word_1_764' title='bbox 2650 4010 2735 4055; x_wconf 83' lang='grc' dir='ltr'><strong>τις</strong></span> <span class='ocrx_word' id='word_1_765' title='bbox 2784 3992 3028 4064; x_wconf 82' lang='grc' dir='ltr'>βούλοιτο</span> <span class='ocrx_word' id='word_1_766' title='bbox 3080 3993 3311 4063; x_wconf 79' lang='grc' dir='ltr'>φάσκειν</span> <span class='ocrx_word' id='word_1_767' title='bbox 3366 3993 3442 4065; x_wconf 81' lang='grc' dir='ltr'>μὴ</span> <span class='ocrx_word' id='word_1_768' title='bbox 3472 3993 3736 4049; x_wconf 82' lang='grc' dir='ltr'>δύνασθαι</span> 
     </span>
    </p>
   </div>
   <div class='ocr_carea' id='block_1_95' title="bbox 2149 4083 3738 4160">
    <p class='ocr_par' dir='ltr' id='par_1_95' title="bbox 2149 4083 3738 4160">
     <span class='ocr_line' id='line_1_95' title="bbox 2149 4083 3738 4160; baseline 0.002 -22"><span class='ocrx_word' id='word_1_769' title='bbox 2149 4088 2348 4157; x_wconf 84' lang='grc' dir='ltr'>χωρεῖν</span> <span class='ocrx_word' id='word_1_770' title='bbox 2381 4083 2468 4138; x_wconf 75' lang='grc' dir='ltr'><strong>ἐπ’</strong></span> <span class='ocrx_word' id='word_1_771' title='bbox 2497 4085 2700 4156; x_wconf 79' lang='grc' dir='ltr'>ἀμφοῖν</span> <span class='ocrx_word' id='word_1_772' title='bbox 2724 4085 2863 4157; x_wconf 84' lang='grc' dir='ltr'>ὅπερ</span> <span class='ocrx_word' id='word_1_773' title='bbox 2892 4085 2961 4140; x_wconf 80' lang='grc' dir='ltr'><strong>ἂν</strong></span> <span class='ocrx_word' id='word_1_774' title='bbox 2990 4086 3077 4156; x_wconf 77' lang='grc' dir='ltr'><strong>ἐφ’</strong></span> <span class='ocrx_word' id='word_1_775' title='bbox 3108 4085 3227 4150; x_wconf 75' lang='grc' dir='ltr'>ἐνὸς</span> <span class='ocrx_word' id='word_1_776' title='bbox 3253 4086 3472 4158; x_wconf 77' lang='grc' dir='ltr'>φέροιτο</span> <span class='ocrx_word' id='word_1_777' title='bbox 3493 4090 3738 4160; x_wconf 68' lang='grc' dir='ltr'>πρόσρηο</span> 
     </span>
    </p>
   </div>
   <div class='ocr_carea' id='block_1_96' title="bbox 2153 4176 3733 4250">
    <p class='ocr_par' dir='ltr' id='par_1_96' title="bbox 2153 4176 3733 4250">
     <span class='ocr_line' id='line_1_96' title="bbox 2153 4176 3733 4250; baseline -0.003 -15"><span class='ocrx_word' id='word_1_778' title='bbox 2153 4196 2249 4248; x_wconf 81' lang='grc' dir='ltr'><strong>μα,</strong></span> <span class='ocrx_word' id='word_1_779' title='bbox 2283 4176 2505 4249; x_wconf 80' lang='grc' dir='ltr'>μεγάλῳ</span> <span class='ocrx_word' id='word_1_780' title='bbox 2533 4179 2917 4248; x_wconf 83' lang='grc' dir='ltr'>περιπεσεῖται</span> <span class='ocrx_word' id='word_1_781' title='bbox 2956 4177 3133 4249; x_wconf 72' lang='grc' dir='ltr'>κακῷ.</span> <span class='ocrx_word' id='word_1_782' title='bbox 3166 4178 3231 4231; x_wconf 87' lang='grc' dir='ltr'>Τί</span> <span class='ocrx_word' id='word_1_783' title='bbox 3254 4177 3364 4249; x_wconf 81' lang='grc' dir='ltr'>γὰρ</span> <span class='ocrx_word' id='word_1_784' title='bbox 3390 4178 3459 4233; x_wconf 81' lang='grc' dir='ltr'><strong>ἂν</strong></span> <span class='ocrx_word' id='word_1_785' title='bbox 3492 4181 3733 4250; x_wconf 83' lang='grc' dir='ltr'>ποιήσοι,</span> 
     </span>
    </p>
   </div>
   <div class='ocr_carea' id='block_1_97' title="bbox 2148 4262 3736 4341">
    <p class='ocr_par' dir='ltr' id='par_1_97' title="bbox 2148 4262 3736 4341">
     <span class='ocr_line' id='line_1_97' title="bbox 2148 4262 3736 4341; baseline 0 -19"><span class='ocrx_word' id='word_1_786' title='bbox 2148 4269 2398 4339; x_wconf 71' lang='grc' dir='ltr'>λέγοντος</span> <span class='ocrx_word' id='word_1_787' title='bbox 2424 4268 2521 4325; x_wconf 77' lang='grc' dir='ltr'>τοῦ</span> <span class='ocrx_word' id='word_1_788' title='bbox 2544 4268 2758 4323; x_wconf 89' lang='grc' dir='ltr'>Παύλου</span> <span class='ocrx_word' id='word_1_789' title='bbox 2779 4285 2793 4299; x_wconf 91' lang='grc'><strong>·</strong></span> <span class='ocrx_word' id='word_1_790' title='bbox 2825 4286 2845 4321; x_wconf 78' lang='grc' dir='ltr'><strong>ι</strong></span> <span class='ocrx_word' id='word_1_791' title='bbox 2877 4262 2974 4332; x_wconf 75' lang='grc' dir='ltr'><strong>Εἷς</strong></span> <span class='ocrx_word' id='word_1_792' title='bbox 2995 4271 3023 4323; x_wconf 90' lang='lat'><strong>6</strong></span> <span class='ocrx_word' id='word_1_793' title='bbox 3048 4268 3182 4333; x_wconf 80' lang='grc' dir='ltr'>Θεὸς</span> <span class='ocrx_word' id='word_1_794' title='bbox 3208 4268 3239 4321; x_wconf 88' lang='lat'><strong>6</strong></span> <span class='ocrx_word' id='word_1_795' title='bbox 3268 4268 3458 4341; x_wconf 81' lang='grc' dir='ltr'>Πατὴρ</span> <span class='ocrx_word' id='word_1_796' title='bbox 3491 4269 3552 4333; x_wconf 76' lang='grc' dir='ltr'><strong>ἐξ</strong></span> <span class='ocrx_word' id='word_1_797' title='bbox 3579 4262 3642 4322; x_wconf 77' lang='grc' dir='ltr'>οὗ</span> <span class='ocrx_word' id='word_1_798' title='bbox 3667 4268 3736 4322; x_wconf 73' lang='grc' dir='ltr'>τὰ</span> 
     </span>
    </p>
   </div>
   <div class='ocr_carea' id='block_1_98' title="bbox 2148 4357 3737 4436">
    <p class='ocr_par' dir='ltr' id='par_1_98' title="bbox 2148 4357 3737 4436">
     <span class='ocr_line' id='line_1_98' title="bbox 2148 4357 3737 4436; baseline -0.003 -17"><span class='ocrx_word' id='word_1_799' title='bbox 2148 4366 2357 4419; x_wconf 52' lang='lat' dir='ltr'><strong>«avras</strong></span> <span class='ocrx_word' id='word_1_800' title='bbox 2403 4365 2499 4419; x_wconf 74' lang='grc' dir='ltr'><strong>καὶ</strong></span> <span class='ocrx_word' id='word_1_801' title='bbox 2539 4358 2622 4429; x_wconf 77' lang='grc' dir='ltr'>εἷς</span> <span class='ocrx_word' id='word_1_802' title='bbox 2666 4364 2872 4436; x_wconf 86' lang='grc' dir='ltr'>Κύριος</span> <span class='ocrx_word' id='word_1_803' title='bbox 2938 4362 3149 4434; x_wconf 78' lang='grc' dir='ltr'>Ἰησοῦς</span> <span class='ocrx_word' id='word_1_804' title='bbox 3198 4364 3436 4434; x_wconf 85' lang='grc' dir='ltr'>Χριστὸς</span> <span class='ocrx_word' id='word_1_805' title='bbox 3475 4362 3542 4416; x_wconf 84' lang='grc' dir='ltr'>δι’</span> <span class='ocrx_word' id='word_1_806' title='bbox 3571 4357 3636 4416; x_wconf 74' lang='grc' dir='ltr'>οὗ</span> <span class='ocrx_word' id='word_1_807' title='bbox 3667 4362 3737 4414; x_wconf 70' lang='grc' dir='ltr'>τὰ</span> 
     </span>
    </p>
   </div>
   <div class='ocr_carea' id='block_1_99' title="bbox 2150 4451 3737 4528">
    <p class='ocr_par' dir='ltr' id='par_1_99' title="bbox 2150 4451 3737 4528">
     <span class='ocr_line' id='line_1_99' title="bbox 2150 4451 3737 4528; baseline -0.005 -13"><span class='ocrx_word' id='word_1_808' title='bbox 2150 4456 2349 4515; x_wconf 76' lang='grc' dir='ltr'>πάντα.</span> <span class='ocrx_word' id='word_1_809' title='bbox 2399 4476 2417 4508; x_wconf 77' lang='grc' dir='ltr'><strong>ι</strong></span> <span class='ocrx_word' id='word_1_810' title='bbox 2468 4456 2598 4511; x_wconf 82' lang='grc' dir='ltr'>Ἰδοὺ</span> <span class='ocrx_word' id='word_1_811' title='bbox 2636 4457 2748 4528; x_wconf 83' lang='grc' dir='ltr'>γὰρ</span> <span class='ocrx_word' id='word_1_812' title='bbox 2770 4455 2847 4527; x_wconf 81' lang='grc' dir='ltr'>τῷ</span> <span class='ocrx_word' id='word_1_813' title='bbox 2874 4454 3052 4525; x_wconf 72' lang='grc' dir='ltr'>Πατρὶ</span> <span class='ocrx_word' id='word_1_814' title='bbox 3082 4454 3145 4508; x_wconf 86' lang='grc' dir='ltr'><strong>τὸ</strong></span> <span class='ocrx_word' id='word_1_815' title='bbox 3163 4451 3309 4509; x_wconf 74' lang='grc' dir='ltr'>εἶναι</span> <span class='ocrx_word' id='word_1_816' title='bbox 3350 4455 3480 4511; x_wconf 76' lang='grc' dir='ltr'>Θεὸν</span> <span class='ocrx_word' id='word_1_817' title='bbox 3513 4453 3608 4507; x_wconf 74' lang='grc' dir='ltr'>καὶ</span> <span class='ocrx_word' id='word_1_818' title='bbox 3639 4452 3737 4507; x_wconf 74' lang='grc' dir='ltr'><strong>ἕνα</strong></span> 
     </span>
    </p>
   </div>
   <div class='ocr_carea' id='block_1_100' title="bbox 2150 4541 3735 4617">
    <p class='ocr_par' dir='ltr' id='par_1_100' title="bbox 2150 4541 3735 4617">
     <span class='ocr_line' id='line_1_100' title="bbox 2150 4541 3735 4617; baseline -0.002 -16"><span class='ocrx_word' id='word_1_819' title='bbox 2150 4546 2385 4601; x_wconf 81' lang='grc' dir='ltr'>δέδωκε·</span> <span class='ocrx_word' id='word_1_820' title='bbox 2416 4546 2496 4617; x_wconf 82' lang='grc' dir='ltr'>τῷ</span> <span class='ocrx_word' id='word_1_821' title='bbox 2535 4546 2593 4600; x_wconf 83' lang='grc' dir='ltr'>δὲ</span> <span class='ocrx_word' id='word_1_822' title='bbox 2628 4547 2742 4617; x_wconf 82' lang='grc' dir='ltr'><strong>Υίῷ</strong></span> <span class='ocrx_word' id='word_1_823' title='bbox 2789 4548 2850 4601; x_wconf 89' lang='grc' dir='ltr'><strong>τὸ</strong></span> <span class='ocrx_word' id='word_1_824' title='bbox 2889 4542 3029 4600; x_wconf 77' lang='grc' dir='ltr'>εἶναι</span> <span class='ocrx_word' id='word_1_825' title='bbox 3074 4544 3281 4617; x_wconf 75' lang='grc' dir='ltr'>Κύριον</span> <span class='ocrx_word' id='word_1_826' title='bbox 3321 4545 3418 4599; x_wconf 79' lang='grc' dir='ltr'>καὶ</span> <span class='ocrx_word' id='word_1_827' title='bbox 3451 4545 3570 4599; x_wconf 66' lang='grc' dir='ltr'>ινα.</span> <span class='ocrx_word' id='word_1_828' title='bbox 3605 4541 3735 4616; x_wconf 67' lang='grc' dir='ltr'><strong>’Ἆρ’</strong></span> 
     </span>
    </p>
   </div>
   <div class='ocr_carea' id='block_1_101' title="bbox 2079 4637 3735 4720">
    <p class='ocr_par' dir='ltr' id='par_1_101' title="bbox 2079 4637 3735 4720">
     <span class='ocr_line' id='line_1_101' title="bbox 2079 4637 3735 4720; baseline -0.002 -25"><span class='ocrx_word' id='word_1_829' title='bbox 2079 4665 2124 4720; x_wconf 76' lang='lat' dir='ltr'><strong>D</strong></span> <span class='ocrx_word' id='word_1_830' title='bbox 2152 4637 2244 4696; x_wconf 80' lang='grc' dir='ltr'>οὖν</span> <span class='ocrx_word' id='word_1_831' title='bbox 2270 4641 2359 4694; x_wconf 80' lang='grc' dir='ltr'><strong>διὰ</strong></span> <span class='ocrx_word' id='word_1_832' title='bbox 2381 4640 2542 4694; x_wconf 81' lang='grc' dir='ltr'>τοῦτο</span> <span class='ocrx_word' id='word_1_833' title='bbox 2562 4641 2694 4703; x_wconf 84' lang='grc' dir='ltr'>Θεὸς</span> <span class='ocrx_word' id='word_1_834' title='bbox 2713 4641 2813 4711; x_wconf 81' lang='grc' dir='ltr'>μὲν</span> <span class='ocrx_word' id='word_1_835' title='bbox 2843 4641 2943 4693; x_wconf 77' lang='grc' dir='ltr'><strong>οὐκ</strong></span> <span class='ocrx_word' id='word_1_836' title='bbox 2970 4638 3124 4693; x_wconf 65' lang='grc' dir='ltr'>ἔσται</span> <span class='ocrx_word' id='word_1_837' title='bbox 3153 4640 3182 4692; x_wconf 89' lang='lat'><strong>6</strong></span> <span class='ocrx_word' id='word_1_838' title='bbox 3213 4640 3360 4707; x_wconf 84' lang='grc' dir='ltr'>Υἱὸς,</span> <span class='ocrx_word' id='word_1_839' title='bbox 3392 4638 3579 4710; x_wconf 73' lang='grc' dir='ltr'>ἐπειδὴ</span> <span class='ocrx_word' id='word_1_840' title='bbox 3605 4639 3735 4702; x_wconf 88' lang='grc' dir='ltr'>Θεὸς</span> 
     </span>
    </p>
   </div>
   <div class='ocr_carea' id='block_1_102' title="bbox 2155 4729 3735 4804">
    <p class='ocr_par' dir='ltr' id='par_1_102' title="bbox 2155 4729 3735 4804">
     <span class='ocr_line' id='line_1_102' title="bbox 2155 4729 3735 4804; baseline -0.002 -17"><span class='ocrx_word' id='word_1_841' title='bbox 2155 4734 2250 4788; x_wconf 73' lang='grc' dir='ltr'><strong>καὶ</strong></span> <span class='ocrx_word' id='word_1_842' title='bbox 2278 4729 2359 4797; x_wconf 76' lang='grc' dir='ltr'><strong>εἷς</strong></span> <span class='ocrx_word' id='word_1_843' title='bbox 2381 4734 2409 4787; x_wconf 90' lang='lat'><strong>6</strong></span> <span class='ocrx_word' id='word_1_844' title='bbox 2432 4734 2624 4804; x_wconf 81' lang='grc' dir='ltr'>Πατὴρ</span> <span class='ocrx_word' id='word_1_845' title='bbox 2656 4730 3076 4802; x_wconf 85' lang='grc' dir='ltr'>κατωνόμασται</span> <span class='ocrx_word' id='word_1_846' title='bbox 3098 4749 3114 4800; x_wconf 85' lang='lat'><strong>;</strong></span> <span class='ocrx_word' id='word_1_847' title='bbox 3139 4731 3345 4803; x_wconf 88' lang='grc' dir='ltr'>Κύριος</span> <span class='ocrx_word' id='word_1_848' title='bbox 3366 4731 3424 4785; x_wconf 59' lang='grc' dir='ltr'>δὴ</span> <span class='ocrx_word' id='word_1_849' title='bbox 3458 4731 3558 4785; x_wconf 81' lang='grc' dir='ltr'><strong>οὐκ</strong></span> <span class='ocrx_word' id='word_1_850' title='bbox 3584 4730 3735 4785; x_wconf 74' lang='grc' dir='ltr'>ἔσται</span> 
     </span>
    </p>
   </div>
   <div class='ocr_carea' id='block_1_103' title="bbox 2155 4817 3735 4896">
    <p class='ocr_par' dir='ltr' id='par_1_103' title="bbox 2155 4817 3735 4896">
     <span class='ocr_line' id='line_1_103' title="bbox 2155 4817 3735 4896; baseline -0.003 -18"><span class='ocrx_word' id='word_1_851' title='bbox 2155 4828 2184 4879; x_wconf 91' lang='lat'><strong>6</strong></span> <span class='ocrx_word' id='word_1_852' title='bbox 2222 4824 2435 4896; x_wconf 80' lang='grc' dir='ltr'>Πατὴρ,</span> <span class='ocrx_word' id='word_1_853' title='bbox 2464 4824 2652 4894; x_wconf 73' lang='grc' dir='ltr'>ἐπειδὴ</span> <span class='ocrx_word' id='word_1_854' title='bbox 2684 4823 2889 4895; x_wconf 82' lang='grc' dir='ltr'>Κύριος</span> <span class='ocrx_word' id='word_1_855' title='bbox 2912 4824 3005 4877; x_wconf 78' lang='grc' dir='ltr'><strong>καὶ</strong></span> <span class='ocrx_word' id='word_1_856' title='bbox 3027 4817 3107 4888; x_wconf 75' lang='grc' dir='ltr'>εἷς</span> <span class='ocrx_word' id='word_1_857' title='bbox 3126 4825 3155 4875; x_wconf 90' lang='lat'><strong>6</strong></span> <span class='ocrx_word' id='word_1_858' title='bbox 3175 4824 3303 4887; x_wconf 80' lang='grc' dir='ltr'>Υἱὸς</span> <span class='ocrx_word' id='word_1_859' title='bbox 3330 4822 3533 4895; x_wconf 73' lang='grc' dir='ltr'>ἐκλήθη</span> <span class='ocrx_word' id='word_1_860' title='bbox 3557 4839 3572 4887; x_wconf 87' lang='lat'><strong>;</strong></span> <span class='ocrx_word' id='word_1_861' title='bbox 3595 4822 3735 4877; x_wconf 82' lang='grc' dir='ltr'>Ἀλλ’</span> 
     </span>
    </p>
   </div>
   <div class='ocr_carea' id='block_1_104' title="bbox 2155 4912 3735 4989">
    <p class='ocr_par' dir='ltr' id='par_1_104' title="bbox 2155 4912 3735 4989">
     <span class='ocr_line' id='line_1_104' title="bbox 2155 4912 3735 4989; baseline -0.001 -20"><span class='ocrx_word' id='word_1_862' title='bbox 2155 4916 2255 4969; x_wconf 75' lang='grc' dir='ltr'><strong>οὐκ</strong></span> <span class='ocrx_word' id='word_1_863' title='bbox 2274 4915 2388 4969; x_wconf 82' lang='grc' dir='ltr'>ἔστι</span> <span class='ocrx_word' id='word_1_864' title='bbox 2409 4914 2588 4980; x_wconf 76' lang='grc' dir='ltr'>τοῦτο,</span> <span class='ocrx_word' id='word_1_865' title='bbox 2633 4913 2708 4985; x_wconf 83' lang='grc' dir='ltr'>μὴ</span> <span class='ocrx_word' id='word_1_866' title='bbox 2733 4914 2962 4983; x_wconf 80' lang='grc' dir='ltr'>γένοιτο.</span> <span class='ocrx_word' id='word_1_867' title='bbox 2997 4914 3132 4970; x_wconf 83' lang='grc' dir='ltr'>Θεοῦ</span> <span class='ocrx_word' id='word_1_868' title='bbox 3166 4915 3272 4989; x_wconf 84' lang='grc' dir='ltr'>γὰρ</span> <span class='ocrx_word' id='word_1_869' title='bbox 3306 4915 3457 4976; x_wconf 75' lang='grc' dir='ltr'>ὄντος</span> <span class='ocrx_word' id='word_1_870' title='bbox 3488 4912 3581 4967; x_wconf 80' lang='grc' dir='ltr'>τοῦ</span> <span class='ocrx_word' id='word_1_871' title='bbox 3624 4915 3735 4967; x_wconf 80' lang='lat' dir='ltr'><strong>Ila-</strong></span> 
     </span>
    </p>
   </div>
   <div class='ocr_carea' id='block_1_105' title="bbox 2153 5005 3738 5079">
    <p class='ocr_par' dir='ltr' id='par_1_105' title="bbox 2153 5005 3738 5079">
     <span class='ocr_line' id='line_1_105' title="bbox 2153 5005 3738 5079; baseline 0 -20"><span class='ocrx_word' id='word_1_872' title='bbox 2153 5007 2300 5077; x_wconf 83' lang='grc' dir='ltr'>τρὸς,</span> <span class='ocrx_word' id='word_1_873' title='bbox 2336 5005 2468 5070; x_wconf 79' lang='grc' dir='ltr'>Θεός</span> <span class='ocrx_word' id='word_1_874' title='bbox 2498 5007 2615 5059; x_wconf 81' lang='grc' dir='ltr'>ἐστι</span> <span class='ocrx_word' id='word_1_875' title='bbox 2642 5005 2735 5060; x_wconf 76' lang='grc' dir='ltr'><strong>καὶ</strong></span> <span class='ocrx_word' id='word_1_876' title='bbox 2766 5008 2794 5060; x_wconf 94' lang='lat'><strong>6</strong></span> <span class='ocrx_word' id='word_1_877' title='bbox 2827 5005 2957 5071; x_wconf 79' lang='grc' dir='ltr'>Υἱός</span> <span class='ocrx_word' id='word_1_878' title='bbox 2977 5023 2989 5037; x_wconf 90' lang='grc'><strong>·</strong></span> <span class='ocrx_word' id='word_1_879' title='bbox 3024 5006 3117 5060; x_wconf 73' lang='grc' dir='ltr'>καὶ</span> <span class='ocrx_word' id='word_1_880' title='bbox 3148 5006 3356 5079; x_wconf 81' lang='grc' dir='ltr'>Κυρίου</span> <span class='ocrx_word' id='word_1_881' title='bbox 3391 5006 3556 5061; x_wconf 79' lang='grc' dir='ltr'>πάλιν</span> <span class='ocrx_word' id='word_1_882' title='bbox 3586 5005 3738 5068; x_wconf 73' lang='grc' dir='ltr'>ὄντος</span> 
     </span>
    </p>
   </div>
   <div class='ocr_carea' id='block_1_106' title="bbox 2154 5092 3738 5171">
    <p class='ocr_par' dir='ltr' id='par_1_106' title="bbox 2154 5092 3738 5171">
     <span class='ocr_line' id='line_1_106' title="bbox 2154 5092 3738 5171; baseline 0 -21"><span class='ocrx_word' id='word_1_883' title='bbox 2154 5098 2249 5152; x_wconf 81' lang='grc' dir='ltr'>τοῦ</span> <span class='ocrx_word' id='word_1_884' title='bbox 2281 5097 2434 5165; x_wconf 81' lang='grc' dir='ltr'>Υίοῦ,</span> <span class='ocrx_word' id='word_1_885' title='bbox 2469 5097 2674 5171; x_wconf 85' lang='grc' dir='ltr'>Κύριός</span> <span class='ocrx_word' id='word_1_886' title='bbox 2706 5100 2854 5153; x_wconf 78' lang='grc' dir='ltr'>ἔστιν</span> <span class='ocrx_word' id='word_1_887' title='bbox 2884 5098 2913 5154; x_wconf 89' lang='lat'><strong>6</strong></span> <span class='ocrx_word' id='word_1_888' title='bbox 2939 5100 3149 5171; x_wconf 82' lang='grc' dir='ltr'>Πατήρ.</span> <span class='ocrx_word' id='word_1_889' title='bbox 3186 5095 3325 5153; x_wconf 81' lang='grc' dir='ltr'>Ἀλλ’</span> <span class='ocrx_word' id='word_1_890' title='bbox 3374 5099 3531 5171; x_wconf 83' lang='grc' dir='ltr'>εῐπερ</span> <span class='ocrx_word' id='word_1_891' title='bbox 3557 5092 3627 5169; x_wconf 82' lang='grc' dir='ltr'>ἦν</span> <span class='ocrx_word' id='word_1_892' title='bbox 3657 5115 3738 5160; x_wconf 81' lang='grc' dir='ltr'><strong>τις</strong></span> 
     </span>
    </p>
   </div>
   <div class='ocr_carea' id='block_1_107' title="bbox 2154 5191 3738 5265">
    <p class='ocr_par' dir='ltr' id='par_1_107' title="bbox 2154 5191 3738 5265">
     <span class='ocr_line' id='line_1_107' title="bbox 2154 5191 3738 5265; baseline -0.001 -20"><span class='ocrx_word' id='word_1_893' title='bbox 2154 5191 2341 5257; x_wconf 76' lang='grc' dir='ltr'>οὐσίας</span> <span class='ocrx_word' id='word_1_894' title='bbox 2368 5192 2601 5265; x_wconf 81' lang='grc' dir='ltr'>διαφορά</span> <span class='ocrx_word' id='word_1_895' title='bbox 2646 5192 2745 5265; x_wconf 79' lang='grc' dir='ltr'>τὴν</span> <span class='ocrx_word' id='word_1_896' title='bbox 2793 5193 2965 5249; x_wconf 85' lang='grc' dir='ltr'>δυάδα</span> <span class='ocrx_word' id='word_1_897' title='bbox 3000 5193 3402 5264; x_wconf 78' lang='grc' dir='ltr'>διατειχίξουσα</span> <span class='ocrx_word' id='word_1_898' title='bbox 3427 5234 3442 5259; x_wconf 94' lang='grc'><strong>,</strong></span> <span class='ocrx_word' id='word_1_899' title='bbox 3504 5193 3599 5248; x_wconf 76' lang='grc' dir='ltr'>καὶ</span> <span class='ocrx_word' id='word_1_900' title='bbox 3640 5192 3738 5246; x_wconf 83' lang='grc' dir='ltr'><strong>οὐκ</strong></span> 
     </span>
    </p>
   </div>
   <div class='ocr_carea' id='block_1_108' title="bbox 2158 5279 3733 5357">
    <p class='ocr_par' dir='ltr' id='par_1_108' title="bbox 2158 5279 3733 5357">
     <span class='ocr_line' id='line_1_108' title="bbox 2158 5279 3733 5357; baseline 0.001 -22"><span class='ocrx_word' id='word_1_901' title='bbox 2158 5281 2303 5336; x_wconf 71' lang='grc' dir='ltr'>ἐῶσα</span> <span class='ocrx_word' id='word_1_902' title='bbox 2329 5282 2626 5353; x_wconf 83' lang='grc' dir='ltr'>μίσγεσθαι</span> <span class='ocrx_word' id='word_1_903' title='bbox 2671 5285 2915 5353; x_wconf 84' lang='grc' dir='ltr'>φυσικῶς</span> <span class='ocrx_word' id='word_1_904' title='bbox 2944 5285 3024 5349; x_wconf 83' lang='grc' dir='ltr'><strong>εἰς</strong></span> <span class='ocrx_word' id='word_1_905' title='bbox 3045 5285 3349 5357; x_wconf 83' lang='grc' dir='ltr'>ταυτότητα</span> <span class='ocrx_word' id='word_1_906' title='bbox 3367 5325 3382 5350; x_wconf 90' lang='grc'><strong>,</strong></span> <span class='ocrx_word' id='word_1_907' title='bbox 3412 5285 3513 5338; x_wconf 82' lang='grc' dir='ltr'><strong>οὐκ</strong></span> <span class='ocrx_word' id='word_1_908' title='bbox 3544 5284 3631 5348; x_wconf 80' lang='grc' dir='ltr'><strong>ἂν,</strong></span> <span class='ocrx_word' id='word_1_909' title='bbox 3660 5279 3733 5337; x_wconf 71' lang='grc' dir='ltr'><strong>οἵ·</strong></span> 
     </span>
    </p>
   </div>
   <div class='ocr_carea' id='block_1_109' title="bbox 2156 5373 3736 5448">
    <p class='ocr_par' dir='ltr' id='par_1_109' title="bbox 2156 5373 3736 5448">
     <span class='ocr_line' id='line_1_109' title="bbox 2156 5373 3736 5448; baseline -0.002 -22"><span class='ocrx_word' id='word_1_910' title='bbox 2156 5390 2274 5442; x_wconf 86' lang='grc' dir='ltr'>μαι,</span> <span class='ocrx_word' id='word_1_911' title='bbox 2302 5373 2506 5444; x_wconf 84' lang='grc' dir='ltr'>κυρίως</span> <span class='ocrx_word' id='word_1_912' title='bbox 2529 5374 2588 5426; x_wconf 80' lang='grc' dir='ltr'><strong>τὸ</strong></span> <span class='ocrx_word' id='word_1_913' title='bbox 2606 5374 2699 5426; x_wconf 83' lang='grc' dir='ltr'>τοῦ</span> <span class='ocrx_word' id='word_1_914' title='bbox 2724 5374 2915 5447; x_wconf 80' lang='grc' dir='ltr'>ἐτέρου</span> <span class='ocrx_word' id='word_1_915' title='bbox 2942 5375 3241 5448; x_wconf 86' lang='grc' dir='ltr'>πρόσρημα</span> <span class='ocrx_word' id='word_1_916' title='bbox 3271 5374 3347 5445; x_wconf 82' lang='grc' dir='ltr'>τῷ</span> <span class='ocrx_word' id='word_1_917' title='bbox 3377 5375 3549 5446; x_wconf 82' lang='grc' dir='ltr'>ἑτέρῳ</span> <span class='ocrx_word' id='word_1_918' title='bbox 3570 5387 3736 5445; x_wconf 61' lang='grc' dir='ltr'>προσ.</span> 
     </span>
    </p>
   </div>
   <div class='ocr_carea' id='block_1_110' title="bbox 2153 5463 3737 5537">
    <p class='ocr_par' dir='ltr' id='par_1_110' title="bbox 2153 5463 3737 5537">
     <span class='ocr_line' id='line_1_110' title="bbox 2153 5463 3737 5537; baseline 0 -20"><span class='ocrx_word' id='word_1_919' title='bbox 2153 5465 2239 5534; x_wconf 82' lang='grc' dir='ltr'><strong>ἦν.</strong></span> <span class='ocrx_word' id='word_1_920' title='bbox 2266 5464 2487 5536; x_wconf 80' lang='grc' dir='ltr'>Ἐπειδὴ</span> <span class='ocrx_word' id='word_1_921' title='bbox 2534 5466 2590 5518; x_wconf 83' lang='grc' dir='ltr'>δὲ</span> <span class='ocrx_word' id='word_1_922' title='bbox 2625 5466 2802 5518; x_wconf 81' lang='grc' dir='ltr'>πάντα</span> <span class='ocrx_word' id='word_1_923' title='bbox 2837 5467 2905 5519; x_wconf 83' lang='grc' dir='ltr'>τὰ</span> <span class='ocrx_word' id='word_1_924' title='bbox 2925 5466 3020 5521; x_wconf 78' lang='grc' dir='ltr'>τοῦ</span> <span class='ocrx_word' id='word_1_925' title='bbox 3070 5466 3283 5537; x_wconf 87' lang='grc' dir='ltr'>Πατρὸς</span> <span class='ocrx_word' id='word_1_926' title='bbox 3309 5468 3368 5519; x_wconf 81' lang='grc' dir='ltr'>ὲν</span> <span class='ocrx_word' id='word_1_927' title='bbox 3402 5464 3518 5535; x_wconf 82' lang='grc' dir='ltr'>Υίῷ</span> <span class='ocrx_word' id='word_1_928' title='bbox 3547 5463 3737 5534; x_wconf 67' lang='grc' dir='ltr'>φαίνει</span> 
     </span>
    </p>
   </div>
   <div class='ocr_carea' id='block_1_111' title="bbox 2154 5554 3738 5629">
    <p class='ocr_par' dir='ltr' id='par_1_111' title="bbox 2154 5554 3738 5629">
     <span class='ocr_line' id='line_1_111' title="bbox 2154 5554 3738 5629; baseline -0.001 -22"><span class='ocrx_word' id='word_1_929' title='bbox 2154 5572 2263 5617; x_wconf 85' lang='grc' dir='ltr'>ται,</span> <span class='ocrx_word' id='word_1_930' title='bbox 2297 5555 2392 5609; x_wconf 73' lang='grc' dir='ltr'><strong>καὶ</strong></span> <span class='ocrx_word' id='word_1_931' title='bbox 2409 5555 2477 5608; x_wconf 84' lang='grc' dir='ltr'>τὰ</span> <span class='ocrx_word' id='word_1_932' title='bbox 2504 5554 2598 5608; x_wconf 79' lang='grc' dir='ltr'>τοῦ</span> <span class='ocrx_word' id='word_1_933' title='bbox 2639 5556 2770 5609; x_wconf 86' lang='grc' dir='ltr'><strong>Υἱοῦ</strong></span> <span class='ocrx_word' id='word_1_934' title='bbox 2799 5557 2961 5611; x_wconf 82' lang='grc' dir='ltr'>πάλιν</span> <span class='ocrx_word' id='word_1_935' title='bbox 2988 5559 3047 5611; x_wconf 83' lang='grc' dir='ltr'>ὲν</span> <span class='ocrx_word' id='word_1_936' title='bbox 3082 5558 3280 5629; x_wconf 72' lang='lat' dir='ltr'><strong>Ila-cpi,</strong></span> <span class='ocrx_word' id='word_1_937' title='bbox 3309 5558 3384 5621; x_wconf 86' lang='grc' dir='ltr'><strong>ὡς</strong></span> <span class='ocrx_word' id='word_1_938' title='bbox 3416 5555 3631 5618; x_wconf 87' lang='grc' dir='ltr'>οὐδενὸς</span> <span class='ocrx_word' id='word_1_939' title='bbox 3655 5554 3738 5606; x_wconf 76' lang='grc' dir='ltr'>ἔτι</span> 
     </span>
    </p>
   </div>
   <div class='ocr_carea' id='block_1_112' title="bbox 2155 5644 3738 5719">
    <p class='ocr_par' dir='ltr' id='par_1_112' title="bbox 2155 5644 3738 5719">
     <span class='ocr_line' id='line_1_112' title="bbox 2155 5644 3738 5719; baseline -0.002 -20"><span class='ocrx_word' id='word_1_940' title='bbox 2155 5647 2245 5699; x_wconf 86' lang='grc' dir='ltr'><strong>τὸν</strong></span> <span class='ocrx_word' id='word_1_941' title='bbox 2271 5648 2371 5715; x_wconf 84' lang='grc' dir='ltr'><strong>τῆς</strong></span> <span class='ocrx_word' id='word_1_942' title='bbox 2399 5648 2727 5718; x_wconf 81' lang='grc' dir='ltr'>ταυτότητος</span> <span class='ocrx_word' id='word_1_943' title='bbox 2762 5648 3091 5719; x_wconf 83' lang='grc' dir='ltr'>διείργοντος</span> <span class='ocrx_word' id='word_1_944' title='bbox 3130 5648 3306 5715; x_wconf 77' lang='grc' dir='ltr'>λόγον,</span> <span class='ocrx_word' id='word_1_945' title='bbox 3332 5646 3487 5700; x_wconf 73' lang='grc' dir='ltr'>ἔσται</span> <span class='ocrx_word' id='word_1_946' title='bbox 3516 5646 3613 5700; x_wconf 73' lang='grc' dir='ltr'>καὶ</span> <span class='ocrx_word' id='word_1_947' title='bbox 3645 5644 3738 5697; x_wconf 67' lang='lat' dir='ltr'><strong>azi-</strong></span> 
     </span>
    </p>
   </div>
   <div class='ocr_carea' id='block_1_113' title="bbox 2157 5738 3663 5812">
    <p class='ocr_par' dir='ltr' id='par_1_113' title="bbox 2157 5738 3663 5812">
     <span class='ocr_line' id='line_1_113' title="bbox 2157 5738 3663 5812; baseline -0.001 -21"><span class='ocrx_word' id='word_1_948' title='bbox 2157 5740 2247 5803; x_wconf 86' lang='grc' dir='ltr'><strong>τὸς</strong></span> <span class='ocrx_word' id='word_1_949' title='bbox 2274 5739 2499 5807; x_wconf 76' lang='grc' dir='ltr'>ἀγαθὸς,</span> <span class='ocrx_word' id='word_1_950' title='bbox 2532 5739 2606 5805; x_wconf 83' lang='grc' dir='ltr'>ὡς</span> <span class='ocrx_word' id='word_1_951' title='bbox 2628 5741 2657 5794; x_wconf 81' lang='lat'><strong>6</strong></span> <span class='ocrx_word' id='word_1_952' title='bbox 2688 5741 2898 5812; x_wconf 80' lang='grc' dir='ltr'>Πατὴρ,</span> <span class='ocrx_word' id='word_1_953' title='bbox 2932 5741 3024 5795; x_wconf 75' lang='grc' dir='ltr'><strong>καὶ</strong></span> <span class='ocrx_word' id='word_1_954' title='bbox 3053 5739 3141 5795; x_wconf 83' lang='grc' dir='ltr'>διὰ</span> <span class='ocrx_word' id='word_1_955' title='bbox 3177 5738 3332 5792; x_wconf 85' lang='grc' dir='ltr'>τοῦτο</span> <span class='ocrx_word' id='word_1_956' title='bbox 3359 5738 3663 5809; x_wconf 84' lang='grc' dir='ltr'>ὀμοούσιος.</span> 
     </span>
    </p>
   </div>
   <div class='ocr_carea' id='block_1_114' title="bbox 543 5910 2041 5983">
    <p class='ocr_par' dir='ltr' id='par_1_114' title="bbox 543 5910 2041 5982">
     <span class='ocr_line' id='line_1_114' title="bbox 543 5910 2041 5982; baseline -0.001 -11"><span class='ocrx_word' id='word_1_957' title='bbox 543 5913 587 5945; x_wconf 82' lang='grc'><strong>⁸⁷</strong></span> <span class='ocrx_word' id='word_1_958' title='bbox 611 5911 766 5971; x_wconf 79' lang='lat' dir='ltr'><strong>Deut.</strong></span> <span class='ocrx_word' id='word_1_959' title='bbox 799 5926 873 5980; x_wconf 75' lang='lat' dir='ltr'><strong>vr,</strong></span> <span class='ocrx_word' id='word_1_960' title='bbox 906 5910 957 5967; x_wconf 68' lang='grc'><strong>4.</strong></span> <span class='ocrx_word' id='word_1_961' title='bbox 1036 5913 1079 5943; x_wconf 77' lang='grc'>⁸⁸</span> <span class='ocrx_word' id='word_1_962' title='bbox 1103 5911 1257 5968; x_wconf 86' lang='lat' dir='ltr'><strong>Deut.</strong></span> <span class='ocrx_word' id='word_1_963' title='bbox 1290 5926 1341 5977; x_wconf 67' lang='grc' dir='ltr'><strong>κ,</strong></span> <span class='ocrx_word' id='word_1_964' title='bbox 1375 5911 1474 5979; x_wconf 68' lang='lat'><strong>20;</strong></span> <span class='ocrx_word' id='word_1_965' title='bbox 1512 5911 1696 5971; x_wconf 75' lang='lat' dir='ltr'><strong>Matth.</strong></span> <span class='ocrx_word' id='word_1_966' title='bbox 1733 5929 1805 5982; x_wconf 84' lang='lat' dir='ltr'><strong>tv,</strong></span> <span class='ocrx_word' id='word_1_967' title='bbox 1842 5913 1925 5970; x_wconf 79' lang='grc'><strong>10.</strong></span> <span class='ocrx_word' id='word_1_968' title='bbox 2004 5915 2041 5947; x_wconf 56' lang='grc'>⁸⁸</span> 
     </span>
    </p>
   </div>
   <div class='ocr_carea' id='block_1_115' title="bbox 2144 5910 2486 5983">
    <p class='ocr_par' dir='ltr' id='par_1_115' title="bbox 2144 5914 2486 5983">
     <span class='ocr_line' id='line_1_115' title="bbox 2144 5914 2486 5983; baseline -0.003 -14"><span class='ocrx_word' id='word_1_969' title='bbox 2144 5914 2254 5972; x_wconf 72' lang='lat' dir='ltr'><strong>Cor.</strong></span> <span class='ocrx_word' id='word_1_970' title='bbox 2283 5928 2396 5983; x_wconf 83' lang='lat' dir='ltr'><strong>vnt,</strong></span> <span class='ocrx_word' id='word_1_971' title='bbox 2433 5916 2486 5969; x_wconf 80' lang='lat' dir='ltr'><strong>ti.</strong></span> 
     </span>
    </p>
   </div>
  </div>
