4056 6264
2202 289 2235 303 Α.

436 399 538 448 119
1461 400 1520 454 8.
1562 398 1835 453 CYBILLI
1878 400 2022 453 ALE'.

2123 401 2347 458 ΝυιιιΝι
2385 407 2707 463 ARCHIEP.
3596 416 3703 469 120

434 510 736 564 conditioni
767 512 1008 581 subjecta
1039 523 1142 577 est,
1177 516 1376 584 poterit
1408 515 1569 569 etiam
1615 512 1776 569 Pater
1809 517 2010 571 habere

2123 520 2298 587 φύσις,
2328 521 2437 588 ἕξει
2464 526 2557 577 καὶ
2602 528 2630 579 ὀ
2662 528 2850 600 Πατὴρ
2880 531 3033 597 Θεὸν,
3068 533 3159 585 καὶ
3187 535 3233 585 εί
3264 535 3338 603 μή
3370 552 3454 587 πω
3482 534 3700 602 γέγονε.

436 601 633 664 Deum,
687 604 901 657 tametsi
953 605 1005 659 id
1050 620 1325 675 nunquam
1373 606 1574 661 factum
1628 607 1813 663 fuerit.
1856 608 2010 675 Quod

2123 613 2191 665 Τὸ
2217 614 2325 685 γὰρ
2354 610 2700 688 ἐνδεχόμενον
2738 622 3020 689 γενέσθαι,
3053 626 3144 678 καὶ
3173 627 3222 677 εί
3254 601 3336 696 μή.
3365 643 3450 678 πω
3484 601 3703 679 τετέλε-

432 689 581 743 euim
614 689 730 744 ﬁeri
773 700 970 759 pou-st,
1009 694 1223 749 tametsi
1257 710 1534 765 nunquam
1565 696 1864 767 perfectum
1893 697 2011 752 fue-

435 781 527 847 rit,
570 783 812 850 potentia
868 783 919 837 id
966 795 1050 838 est
1096 786 1240 854 quod
1295 801 1418 841 esse
1462 795 1660 856 potest.
1708 788 1778 842 At
1819 789 1864 843 si
1910 789 2013 845 hoc

432 872 808 940 hlasphemum
837 884 943 938 est,
971 888 1079 928 non
1105 876 1403 929 secundum
1448 885 1698 930 naturam
1732 877 1894 932 Pater
1933 879 2014 933 dio

433 965 578 1018 citur
617 964 757 1020 Deus
775 964 919 1032 Filii,
963 967 1059 1021 sed
1092 968 1303 1022 ratione
1331 967 1721 1025 incarnationis
1744 979 2012 1040 quatenus

434 1058 600 1112 homo
623 1067 726 1112 est.

1107 1169 1337 1229 ALIUD.

505 1273 561 1342 Si
614 1275 668 1342 in
711 1286 889 1342 forma
927 1281 1346 1358 aaqualitatequc
1382 1280 1474 1345 Dei
1513 1284 1785 1347 exsistens
1820 1278 2010 1359 Filius,

432 1366 573 1432 sicut
604 1377 865 1447 scriptum
883 1387 983 1442 est,
1019 1378 1328 1433 humiliavit
1358 1378 1618 1448 seipsum,
1782 1381 2011 1437 fortnam

431 1469 575 1523 servi
625 1465 919 1537 accipiens,
967 1478 1131 1537 atque
1175 1468 1360 1524 habitu
1419 1471 1671 1528 inventus
1718 1483 1777 1527 ut
1822 1472 2008 1540 homo,

434 1569 562 1612 sunt
598 1558 714 1614 haec
729 1560 893 1614 verba
927 1559 1321 1614 humiliationis
1349 1568 1405 1613 et
1429 1572 1587 1614 servo
1612 1562 2008 1629 c0nvenientia,

435 1665 540 1703 non
576 1653 642 1704 ad
684 1648 979 1706 essentiam
1008 1650 1178 1721 ipsius
1208 1652 1595 1721 pertingentia,
1625 1652 1721 1707 sed
1757 1654 2013 1708 incarna—

436 1742 570 1797 tioni
614 1738 1045 1798 acComntodata.
1078 1743 1145 1799 Et
1177 1748 1635 1814 quemadmodum
1669 1759 1736 1800 ex
1767 1744 2015 1800 sublimi—

436 1837 547 1890 tate
591 1833 811 1890 deitatis
850 1833 1216 1889 humilitatem
1262 1850 1383 1906 qua:
1427 1836 1482 1890 in
1524 1834 1862 1890 humanitate
1899 1835 2014 1890 sive
2043 1858 2088 1913 Β

436 1926 826 1982 lmmanatione
850 1933 953 1990 est,
992 1928 1393 1996 cognoscimus,
1420 1928 1495 1981 ita
1519 1935 1707 1982 contra
1737 1943 1803 1983 ex
1835 1925 2014 1981 humi-

436 2017 589 2072 litate
641 2034 759 2088 quae
800 2020 853 2076 in
902 2021 1296 2076 humanatione
1343 2018 1614 2085 consistit,
1662 2018 1714 2074 id
1764 2019 1909 2089 quod
1961 2018 2014 2072 in

435 2109 637 2162 deitate
662 2125 914 2181 magnum
948 2119 1003 2167 et
1031 2111 1085 2167 in
1115 2110 1355 2168 essentia
1380 2110 1503 2166 Filii
1537 2108 1768 2166 sublime
1797 2116 1899 2177 est,
1927 2107 2016 2162 ina

440 2199 717 2272 telligetis.

840 2352 1418 2445 ASSERTIO
1485 2357 1611 2444 X.

656 2504 813 2570 Quod
833 2504 1299 2561 consubstantialis
1325 2491 1480 2561 Patri
1507 2506 1576 2562 sit
1604 2505 1800 2562 Filius.

511 2610 706 2668 Hostes
749 2613 978 2679 Christi,
1018 2630 1140 2669 cum
1192 2629 1256 2669 ea
1302 2629 1424 2685 qua:
1475 2616 1543 2671 ad
1586 2617 1842 2673 deitatem
1892 2617 2016 2673 Filii

438 2708 733 2776 pertinent,
762 2715 1020 2771 tractant,
1057 2718 1112 2762 et
1149 2707 1519 2764 habitudinem
1556 2724 1718 2779 quam
1755 2712 2017 2765 naturali-

442 2814 526 2855 ter
557 2801 725 2855 habet
746 2802 810 2855 ad
846 2801 1087 2867 Patrem,
1122 2804 1420 2873 inquirunt,
1460 2819 1565 2859 non
1603 2814 1748 2860 recte
1794 2815 2019 2859 utuntur

438 2892 623 2945 verbis
650 2907 770 2960 qum
816 2892 1052 2947 humano
1095 2908 1247 2947 more
1275 2894 1420 2948 dicta
1455 2904 1602 2960 sunt,
1632 2904 1688 2949 et
1730 2910 1761 2949 a
1788 2895 2017 2951 Domino

440 2991 630 3037 nostro
654 2984 886 3050 prolata,
915 2983 1134 3050 quando
1172 2998 1390 3039 carnem
1427 2993 1667 3039 nostram
1700 2986 2011 3054 assumpsit.

439 3072 625 3142 Neque
650 3074 796 3126 enim
832 3088 896 3126 ex
933 3073 1000 3128 iis
1028 3088 1149 3142 quae
1183 3083 1240 3127 ut
1271 3074 1434 3129 homo
1466 3084 1714 3145 respectu
1761 3076 2013 3129 incarna-

2117 716 2260 765 σται,
2284 705 2511 776 δυνάμει
2536 706 2692 761 τοῦτό
2714 711 2861 763 ἐστιν
2884 712 3021 782 ὅπερ
3047 713 3344 783 ἐνδέχεται.
3375 713 3438 765 Ei
3466 711 3520 765 δὲ
3538 712 3704 767 τοῦτο

2113 797 2434 868 δύσφημον,
2484 799 2546 851 οὐ
2590 801 2732 854 κατὰ
2778 801 2938 871 φύσιν
2976 807 3004 857 ὁ
3036 806 3225 876 Πατὴρ
3265 804 3360 858 τοῦ
3407 804 3536 858 Υἱοῦ
3565 805 3705 870 Θεὸς

2114 888 2351 957 λέγεται,
2381 890 2515 945 ἀλλὰ
2542 892 2680 945 καθὸ
2706 894 2929 961 γέγονεν
2968 895 3063 948 ἄνθ
3074 913 3253 967 ρωπος
3276 896 3659 967 οἰκονομικῶς.

2803 1176 3007 1234 ΑΛΛΟ.

2186 1290 2247 1346 Εἰ
2287 1294 2345 1346 ὲν
2374 1292 2554 1365 μορφῇ
2582 1292 2716 1346 Θεοῦ
2753 1293 3013 1363 ὑπάρχων
3048 1294 3075 1346 ὁ
3106 1292 3233 1356 Υἱὸς
3255 1309 3348 1345 και
3379 1292 3437 1345 ἐν
3468 1284 3707 1361 ίσότητι,

2115 1384 2257 1438 καθὰ
2277 1385 2608 1456 γέγραπται,
2638 1384 3005 1438 ἐταπείνωσεν
3035 1382 3250 1449 ἑαυτὸν,
3273 1383 3487 1454 μορφὴν
3509 1382 3709 1436 δούλου

2114 1475 2314 1543 λαϐὼν,
2339 1478 2433 1531 καὶ
2457 1478 2693 1547 σχήματι
2718 1475 2963 1548 εὑρεθεὶς
2984 1475 3059 1539 ὡς
3089 1474 3396 1545 ἄνθρωπος,
3428 1473 3581 1526 ἔσται
3601 1474 3709 1545 τῆς

2114 1569 2497 1634 ταπεινώσεως
2520 1570 2589 1622 τὰ
2604 1569 2943 1640 δουλοπρεπῆ
2964 1571 3206 1641 ῥήματα,
3226 1568 3327 1622 οὐκ
3341 1566 3705 1622 ἀναϐαίνοντα

2119 1661 2221 1732 μὲν
2247 1661 2384 1733 πρὸς
2407 1661 2506 1732 τὴν
2533 1662 2723 1715 οὐσίαν
2754 1660 2921 1714 αὑτοῦ
2940 1701 2956 1726 ,
3008 1659 3144 1714 ἀλλὰ
3182 1659 3259 1731 τῷ
3301 1662 3403 1730 τῆς
3425 1657 3705 1727 ἐνανθρω·

2117 1754 2341 1823 ιιι-ήσεως
2379 1751 2658 1824 προσώπῳ
2703 1752 3083 1824 περικείμενα.
3127 1753 3238 1806 Καὶ
3272 1750 3462 1822 ὥσπερ
3494 1750 3559 1802 ὲκ
3603 1748 3705 1801 τοῦ

2116 1844 2215 1915 τῆς
2248 1844 2499 1915 θεότητος
2528 1845 2697 1915 ὕψους
2727 1845 2827 1916 τὴν
2853 1844 2912 1900 ὲν
2957 1836 3342 1916 ἁνθρωπότητι
3367 1840 3705 1897 ταπείνωσιν

2118 1923 2574 2007 ἐπιγινώσκομεν,
2592 1934 2765 2000 οὕτως
2778 1936 2838 1991 τὸ
2853 1928 3094 1991 ἐναντίον
3118 1937 3182 1989 ὲκ
3198 1935 3296 2006 τῆς
3316 1932 3706 1997 ταπεινώσεως

2116 2027 2215 2096 τῆς
2246 2026 2304 2079 ἐν
2328 2021 2731 2100 ἀνθρωπότητι,
2772 2028 2833 2081 τὸ
2863 2030 2921 2081 ὲν
2954 2027 3170 2099 θεότητι
3205 2028 3348 2098 μέγα
3369 2027 3464 2082 καὶ
3496 2014 3703 2097 ὑψηλὸν

2116 2116 2218 2188 τῆς
2246 2112 2431 2184 οὐσίας
2463 2116 2558 2172 τοῦ
2582 2118 2713 2173 Υίοῠ
2749 2119 3201 2191 γνωρισθήσεται.

2612 2355 2978 2440 ΛΟΓΟΣ
3055 2347 3187 2439 ΘΠ

2367 2511 2495 2562 Ὅτι
2527 2509 2848 2575 ὀμοούσιος
2883 2506 2963 2571 τῷ
3008 2508 3191 2574 Harp!
3223 2511 3257 2561 ό
3296 2509 3448 2573 Υἱός.

2190 2623 2305 2676 οὐκ
2332 2622 2570 2690 εὐλόγως
2588 2622 2638 2673 οἱ
2661 2617 3023 2690 χριστομάχσι
3058 2616 3126 2670 τὰ
3155 2616 3283 2685 περὶ
3308 2614 3410 2684 τῆς
3445 2612 3700 2682 θεότητος

2118 2714 2212 2767 τοῦ
2251 2714 2379 2767 Υίοῦ
2407 2712 2798 2783 γυμνάζοντες,
2833 2711 2929 2764 καὶ¹
2959 2709 3145 2781 σχέσιν
3176 2706 3466 2777 ζητοῦντες
3490 2706 3557 2777 ἢν
3583 2705 3700 2776 ἔχει

2120 2805 2362 2875 φυσικῶς
2391 2804 2526 2875 πρὸς
2553 2804 2647 2857 τὸν
2677 2802 2871 2857 ἑαυτοῦ
2904 2801 3142 2873 Πατέρα,
3191 2803 3313 2863 ταῖς
3341 2797 3701 2871 ἀνθρωπίνως

2119 2896 2437 2968 εἰρημέναις
2476 2894 2772 2965 κέχρηνται
2822 2896 3049 2964 φωναῖς,
3090 2886 3182 2956 αἷς
3214 2894 3243 2946 ό
3288 2890 3491 2962 Κύριος
3520 2885 3702 2951 εἶπεν,

2119 2988 2209 3038 ὅτε
2239 2985 2335 3055 τὴν
2363 2985 2518 3055 ἡμῶν
2554 2984 2733 3056 σάρκα
2768 2983 3143 3055 περιεϐάλετο.
3178 2984 3254 3036 Οὐ
3291 2984 3397 3052 γὰρ
3427 2981 3487 3045 ἐξ
3520 2973 3595 3032 ὧν
3624 2978 3704 3042 ὡς

2117 3077 2401 3147 ἄνθρωπος
2432 3077 2791 3147 οἰκονομικῶς
2819 3075 3127 3144 διαλέγεται
3150 3116 3163 3136 ,
3193 3076 3251 3127 ὲν
3278 3073 3454 3143 τούτῳ
3485 3073 3519 3142 ἡ
3552 3071 3703 3124 ἀσώ-

444 3165 609 3219 tionis
647 3164 858 3219 locutus
905 3174 1014 3228 est,
1067 3166 1387 3235 incorporea
1425 3167 1543 3234 ejus
1585 3169 1824 3224 essentia
1872 3171 2018 3224 desi-

2123 3186 2291 3240 ματος
2336 3169 2494 3223 οὐσία
2546 3168 3036 3240 χαρακτηρίζεται,
3074 3167 3190 3221 ἀλλ’
3229 3165 3428 3217 εἰδέναι
3468 3164 3572 3234 χρὴ
3604 3162 3704 3215 καὶ

441 3264 635 3322 guatur
669 3264 833 3323 atque
872 3255 1217 3324 exprimitur,
1260 3259 1355 3312 sed
1397 3258 1528 3313 illud
1570 3274 1670 3315 nos
1702 3270 1757 3315 et
1794 3261 1933 3315 scire
1965 3270 2021 3314 et

443 3348 667 3398 credere
716 3352 956 3413 oportet,
1001 3345 1145 3414 quod
1185 3344 1421 3403 Verbum
1465 3350 1735 3406 exsistens
1782 3351 1925 3407 Deus
1967 3361 2022 3408 et

444 3437 907 3492 consubstantiale
934 3452 1027 3506 per
1046 3441 1227 3493 omnia
1256 3439 1427 3508 Patri,
1453 3443 1743 3498 humanam
1774 3454 2021 3498 naturam

442 3529 754 3597 assumpsit,
792 3538 849 3581 et
886 3528 1064 3585 factus
1103 3540 1189 3586 est
1238 3532 1420 3598 homo,
1456 3544 1515 3589 ut
1547 3536 1827 3599 interdum
1857 3537 2020 3592 etiam

445 3628 508 3674 ut
553 3620 716 3674 homo
769 3619 1057 3689 loquatur,
1108 3633 1329 3693 propter
1373 3624 1834 3694 dispensationem
1897 3641 2018 3680 cum

444 3727 632 3768 carne.
663 3713 930 3783 Loquitur
962 3729 1092 3769 vero
1119 3716 1288 3770 etiam
1318 3726 1377 3771 ut
1411 3716 1554 3771 Deus
1580 3732 1700 3785 qua:
1744 3717 2018 3772 hominem

443 3806 734 3872 excedunt,
760 3806 963 3877 quippe
992 3807 1085 3876 qui
1122 3808 1262 3863 Deus
1305 3808 1626 3862 naturaliter
1653 3818 1767 3873 est;
1810 3820 1866 3864 et
1897 3826 2017 3864 cum

443 3904 657 3965 tempus
683 3895 738 3950 id
774 3896 1028 3966 requirit,
1065 3912 1131 3953 eo
1165 3896 1420 3967 loquendi
1451 3911 1653 3967 genere
1679 3900 1873 3954 utitur.
1905 3900 2021 3955 Cae-

445 3994 642 4050 terum,
674 3986 719 4042 si
745 3988 871 4055 quis
899 3988 1032 4044 velit
1060 4002 1121 4043 ea
1152 4002 1272 4057 qua:
1288 3988 1528 4043 humano
1556 4004 1711 4045 more
1733 3998 1788 4044 et
1812 3990 2022 4044 ratione

440 4074 859 4143 incarnationis,
909 4086 969 4132 ut
1008 4078 1141 4145 dixi,
1183 4079 1328 4137 dicta
1379 4089 1526 4146 sunt,
1573 4082 1642 4136 ad
1684 4081 2020 4136 divinitatem

444 4166 614 4233 ipsius
645 4169 869 4232 referre,
915 4183 1035 4237 qua:
1066 4186 1195 4227 vero
1222 4172 1410 4229 divino
1446 4188 1599 4229 more
1620 4172 1765 4229 dicta
1800 4182 1925 4227 sunt
1956 4173 2022 4227 ad

443 4258 578 4310 illud
621 4269 834 4327 tempus
855 4260 1154 4316 transferre
1183 4278 1292 4331 quo
1319 4265 1498 4320 factus
1524 4275 1616 4320 est
1640 4268 1822 4331 homo,
1855 4267 1901 4321 is
1929 4281 2024 4320 na-

449 4360 625 4403 turam
679 4366 858 4404 rerum
901 4352 1215 4416 confundet,
1263 4368 1592 4423 omnemque
1638 4357 2025 4413 incarnationis

449 4444 716 4497 rationem
775 4442 948 4497 tollet.
1012 4442 1285 4498 Interdum
1339 4445 1485 4499 enim
1543 4454 1600 4498 ut
1656 4445 1797 4501 Deus
1848 4448 2019 4502 dicit:

2122 3262 2421 3327 πιστεύειν,
2484 3263 2565 3315 ὅτι
2592 3262 2723 3325 Θεὸς
2751 3260 2827 3315 ὣν
2871 3262 2897 3312 ό
2921 3260 3094 3327 Λόγος
3114 3258 3209 3311 καὶ
3247 3256 3531 3328 ὀμοούσιος
3559 3253 3704 3308 κατὰ

2122 3357 2298 3409 πάντα
2324 3354 2402 3426 τῷ
2434 3354 2629 3425 Πατρὶ,
2669 3354 2769 3422 τὴν
2797 3350 3086 3423 ἀνθρώπου
3118 3349 3279 3419 φύσιν
3320 3346 3701 3419 περιεϐάλετο,

2122 3448 2216 3500 καὶ
2246 3446 2470 3514 γέγονεν
2502 3445 2806 3515 ἄνθρωπος,
2839 3444 2925 3494 ἵνα
2954 3442 3049 3494 καὶ
3078 3441 3154 3503 ώς
3174 3438 3268 3493 ἄνθ
3279 3456 3458 3510 ρωπος
3479 3437 3591 3490 ἔσθ’
3612 3438 3703 3490 ὅτε

2122 3537 2277 3605 λαλῇ,
2308 3536 2394 3587 διὰ
2427 3534 2524 3603 τὴν
2559 3533 2697 3602 μετὰ
2728 3533 2927 3601 σαρκὸς
2959 3529 3290 3599 οἰκονομίαν.
3318 3528 3482 3582 Λαλεϊ
3510 3527 3568 3580 δὲ
3608 3527 3705 3580 καὶ

2122 3627 2198 3688 ὡς
2218 3625 2351 3686 Θεὸς
2374 3626 2442 3677 τὰ
2465 3624 2603 3693 ὑπὲρ
2630 3622 2938 3693 ἄνθρωπον,
2966 3620 3042 3683 ὡς
3069 3620 3229 3673 τοῦτο
3249 3618 3388 3672 κατὰ
3415 3616 3576 3688 φύσιν
3598 3616 3701 3679 ὢν,

2122 3718 2218 3770 καὶ
2247 3717 2335 3769 ὅτε
2373 3716 2563 3786 καιρὸς
2596 3715 2695 3785 τὴν
2723 3712 2916 3765 τούτου
2948 3711 3138 3783 χρείαν
3178 3711 3443 3781 εἰσφέρει.
3482 3708 3625 3761 Ἀλλ’
3656 3706 3713 3760 ετ

2121 3823 2206 3869 τις
2260 3805 2501 3875 βούλοιτο
2551 3804 2622 3857 τὰ
2648 3801 3137 3874 ἀνθρωπινώτερον
3175 3801 3271 3854 καὶ
3317 3799 3705 3870 οἰκονομικῶς,

2122 3899 2375 3969 καθάπερ
2402 3897 2556 3969 ἔφην,
2591 3897 2857 3968 εἰρημένα
2887 3896 3073 3966 φέρειν
3106 3896 3196 3950 ἐπὶ
3215 3895 3307 3948 τὸν
3332 3896 3431 3965 τῆς
3453 3894 3710 3963 θεότητος

2121 3989 2286 4045 αὐτοῦ
2307 3988 2485 4057 λόγον,
2512 3989 2605 4040 καὶ
2632 3986 2829 4053 πάλιν,
2863 3988 2932 4040 τὰ
2963 3985 3159 4049 θεῖκῶς
3202 3985 3470 4057 εἰρημένα
3514 3986 3707 4056 φέρειν

2124 4084 2211 4135 ἐπ’
2244 4084 2450 4135 ἐκεῖνον
2478 4080 2570 4132 τὸν
2605 4078 2795 4149 καιρὸν
2840 4077 2962 4131 καθ’
3010 4077 3069 4131 ὃν
3121 4075 3346 4145 γέγονεν
3391 4076 3704 4145 ἄνθρωπος,

2124 4175 2371 4244 ἀδικήσει
2410 4172 2519 4224 τῶν
2553 4170 2895 4240 πραγμάτων
2921 4168 3017 4238 τὴν
3047 4168 3242 4237 φύσιν,
3283 4166 3378 4221 καὶ
3418 4167 3709 4236 ἀναιρήσει

2124 4263 2571 4337 τὴνοίκονομίαν.
2597 4262 2734 4316 Ilo-ts
2765 4262 2861 4332 μὲν
2885 4261 2996 4333 γὰρ
3023 4260 3097 4323 ὼς
3125 4260 3257 4322 Θεὸς
3272 4259 3420 4327 λέγει
3440 4274 3455 4288 ·
3483 4278 3501 4309 ι
3528 4257 3709 4326 Ἀμὴν

2124 4356 2270 4423 λέγω
2303 4356 2451 4424 ὑμῖν,
2488 4354 2619 4422 πρὶν
2664 4350 2917 4422 Ἀδραὰμ
2942 4349 3213 4419 γενέσθαι,
3245 4348 3357 4416 ἐγώ
3382 4350 3516 4418 εἰμι.
3547 4366 3565 4397 ι
3593 4347 3707 4400 Καὶ

2126 4450 2321 4503 πάλιν·
2365 4467 2383 4497 ι
2422 4444 2792 4514 Καταεέϐηκα
2838 4446 2902 4496 ὲκ
2949 4444 3043 4496 τοῦ
3075 4440 3326 4513 οὐρανοῦ.
3373 4458 3391 4490 ι
3425 4441 3487 4492 Ei
3523 4439 3582 4493 δέ
3618 4452 3708 4500 τις

453 4552 471 4582 ι
503 4536 673 4585 Amen
704 4532 827 4587 dico
859 4530 1030 4595 vobis,
1080 4540 1373 4612 antequam
1401 4532 1673 4586 Abraham
1709 4534 1881 4599 ﬁeret,
1922 4551 2022 4606 ego

2129 4541 2370 4612 βούλοιτο
2393 4539 2551 4608 μόνον
2568 4535 2716 4607 αὐτῷ
2741 4536 3028 4605 φυλάττειν
3047 4535 3106 4588 τὸ
3133 4531 3434 4603 θεοπρεπὲς
3463 4532 3706 4602 ἀξίωμα,

434 4640 558 4681 sum
585 4624 650 4677 ⁸⁸³.
682 4642 700 4673 ι
739 4623 803 4677 Et
833 4638 1059 4679 rursus:
1094 4640 1115 4675 ι
1140 4610 1259 4695 Ego
1298 4622 1554 4679 descendi
1587 4638 1617 4679 e
1650 4624 1787 4680 coelo
1809 4627 1878 4681 ".
1909 4646 1927 4679 ι
1967 4628 2024 4681 Si

433 4732 570 4772 vero
600 4717 869 4786 quispiam
915 4716 1043 4772 velit
1072 4717 1242 4773 solam
1281 4716 1403 4784 ejus
1434 4717 1671 4771 divinam
1705 4718 2022 4788 dignitatem

442 4812 605 4875 tueri,
638 4813 789 4866 tollet
826 4810 987 4881 plane
1024 4810 1167 4879 quod
1219 4810 1423 4865 ultimis
1470 4810 1807 4880 temporibus
1855 4812 2023 4867 homo

442 4904 618 4958 tactus
656 4901 839 4958 fuerit.
891 4901 1076 4970 Neque
1106 4901 1254 4956 enim
1302 4901 1418 4969 ipse
1461 4912 1582 4957 erat
1623 4904 1806 4967 homo,
1844 4904 2024 4971 prius-

440 5013 601 5063 quam
632 4996 910 5050 Abraham
960 4995 1140 5058 ﬁeret,
1170 5011 1348 5065 neque
1395 5006 1453 5049 ut
1498 4995 1657 5049 homo
1684 4995 1961 5050 descendit
1991 5013 2022 5050 c

442 5088 603 5143 cmlu.
636 5088 861 5151 Contra,
905 5087 950 5143 si
981 5089 1105 5155 quis
1143 5089 1304 5144 verba
1335 5097 1391 5143 et
1434 5104 1518 5143 res
1542 5103 1661 5158 quae
1693 5088 2021 5142 humanitati

441 5181 792 5245 conveniunt,
854 5180 967 5235 Dco
1019 5180 1232 5245 Verbo,
1277 5181 1349 5235 ita
1395 5190 1455 5235 ut
1509 5190 1634 5235 ante
1690 5180 2023 5235 incarnatio-

442 5288 567 5325 nctn
603 5281 743 5335 erat,
782 5273 1197 5328 accommodare
1231 5272 1394 5336 volet,
1429 5273 1716 5325 admodum
1749 5273 1911 5341 impie
1942 5271 2023 5325 fa-

441 5367 566 5418 ciet.
617 5364 754 5430 Quid
802 5362 944 5417 enim
996 5363 1181 5426 iaciat,
1230 5362 1440 5416 dicente
1472 5364 1734 5418 Christo:
1775 5381 1793 5413 ι
1826 5364 2018 5417 Anima

443 5460 562 5509 mea
617 5456 901 5514 turbatur,
936 5440 1043 5522 73
1082 5463 1135 5505 et
1166 5452 1335 5506 tristis
1369 5460 1451 5504 est
1498 5452 1653 5506 valdc
1677 5453 1722 5483 "
1760 5453 1827 5505 r?
1872 5454 2027 5506 Auuc

444 5561 735 5601 maerorem
782 5554 837 5599 ct
881 5546 1211 5598 anxietatem
1263 5543 1457 5598 divina:
1507 5551 1710 5599 natura:
1760 5548 2026 5600 accidisse

441 5645 668 5700 statuet,
718 5647 809 5689 aut
860 5637 1039 5690 timori
1080 5634 1272 5689 mortis
1312 5636 1601 5690 obnoxiam
1646 5636 1814 5691 fuisse
1842 5636 2026 5691 dicet?

2126 4632 2413 4702 ἀναιρήσει
2445 4630 2665 4691 πάντως
2702 4628 2763 4680 τὸ
2792 4631 2848 4681 ὲν
2896 4628 3142 4697 ὑστέροις
3178 4626 3391 4695 καιροῖς
3420 4625 3706 4696 ἄνθρωπον

2126 4722 2377 4792 γενέσθαι
2408 4721 2589 4775 αὐτόν.
2627 4721 2703 4773 Οὐ
2732 4720 2840 4789 γὰρ
2883 4716 2951 4790 ἦν
2992 4722 3049 4772 ἐν
3095 4717 3475 4789 ἁνθρωπότητι
3501 4757 3515 4782 ,
3575 4718 3708 4787 πρὶν

2140 4812 2393 4882 Ἀϐραὰμ
2442 4811 2717 4879 γενέσθαι,
2751 4812 2870 4864 οὐδὲ
2910 4812 3045 4864 καθὸ
3077 4808 3363 4880 ἄνθρωπος
3402 4808 3702 4877 καταϐέϐη-

2127 4922 2220 4957 κεν
2255 4906 2321 4957 ὲκ
2345 4903 2439 4957 τοῦ
2458 4903 2718 4975 οὐρανοῦ,
2752 4904 2861 4956 Καὶ
2893 4903 3076 4965 πάλιν,
3099 4903 3253 4964 εἴτις
3283 4901 3500 4972 θελήσει
3520 4900 3589 4953 τὰ
3608 4900 3708 4968 τῆς

2130 4999 2226 5051 άνθ
2238 4997 2551 5068 ρωπάιητος
2572 4998 2638 5068 ρή
2648 4997 2793 5067 ματά
2809 5015 2864 5050 τε
2886 4998 2981 5049 καὶ
3011 4997 3312 5067 πράγματα
3329 4993 3519 5063 γυμνῴ
3540 5010 3703 5061 προσ-

2132 5090 2322 5142 άπτειν
2349 5088 2427 5160 τῷ
2451 5088 2568 5159 Θεῷ
2598 5090 2755 5160 Λόγῳ
2788 5090 2891 5160 πρὸ
2928 5089 3027 5157 τῆς
3072 5085 3555 5155 ἐνανθρωπήσεως,
3580 5085 3707 5136 dos-

2131 5180 2291 5250 θήσει
2336 5180 2608 5249 μεγάλως.
2650 5180 2715 5232 Τί
2760 5180 2865 5250 γὰρ
2895 5179 3129 5245 ποιήσει,
3160 5175 3409 5241 λέγοντος
3443 5174 3537 5227 τοῦ
3571 5176 3703 5246 Χρι-

2135 5272 2261 5325 στοῦ
2284 5289 2296 5301 ·
2331 5293 2349 5324 ι
2384 5273 2499 5325 Νῦν
2531 5276 2562 5337 ἡ
2590 5273 2732 5341 ψυχή
2771 5288 2872 5339 μου
2896 5269 3251 5338 τετάρακται,
3284 5266 3380 5320 καὶ
3412 5267 3705 5337 περίλυπός

2128 5368 2280 5427 ὲστι;
2318 5386 2335 5416 ι
2362 5365 2553 5434 Αύπην
2583 5365 2692 5433 ἄρα
2722 5362 2815 5413 καὶ
2850 5360 3080 5430 θόρυϐον
3115 5359 3276 5412 δώσει
3314 5361 3444 5429 περὶ
3490 5359 3588 5429 τὴν
3614 5358 3705 5413 τοῦ

2126 5456 2259 5509 Θεοῦ
2286 5457 2445 5525 φύσιν
2474 5455 2748 5523 γενέσθαι,
2780 5454 2875 5506 καὶ
2902 5455 3125 5525 κρατεῖν
3153 5452 3387 5506 θανάτου
3413 5453 3605 5520 φόϐονς
3642 5451 3704 5503 Τί

2124 5547 2182 5599 δὲ
2226 5549 2355 5599 ὅταν
2405 5544 2809 5617 σταυρούμενον
2852 5544 2956 5615 ἴδῃ,
3014 5545 3109 5599 καὶ
3149 5543 3307 5598 τοῦτο
3346 5545 3575 5613 πάσχειν
3613 5540 3703 5595 τοῦ

2128 5640 2256 5693 Υίτιῦ
2288 5640 2623 5711 τὴνθεότητα
2662 5637 2821 5692 δώσει
2860 5636 3032 5703 οὕτως
3061 5638 3136 5702 ὡς
3182 5637 3498 5709 ἅνθριο)πον;
3546 5634 3615 5687 Ἤ
3654 5630 3709 5683 τὸ

514 5823 557 5852 τ*
584 5816 716 5875 Juan
784 5825 901 5877 viti.
932 5816 1017 5871 58.
1098 5816 1136 5845 ”
1176 5816 1325 5874 ioan.
1365 5832 1432 5877 γι,
1470 5814 1555 5870 38.
1603 5813 1677 5893 ,⁸³
1712 5816 1862 5871 Joau.
1904 5832 2000 5877 xu,
2036 5814 2122 5871 Ξῖ.
