4056 6264
259 440 350 494 iii

1683 427 2122 488 TIIESAURUS.

3427 431 3526 486 l2")

259 559 538 629 δύσφημον
568 561 1010 629 mgnuﬁce-rat;
1045 555 1257 610 Οὐκοῦν
1286 553 1534 623 ἐκατέρῳ
1563 549 1741 622 καιρῷ
1783 567 1837 603 τε

1947 551 2086 617 Quid
2113 565 2244 606 vero
2273 565 2394 606 cum
2426 549 2744 605 cruciﬁxum
2788 547 3025 604 viderit?
3051 563 3194 604 anne
3221 561 3388 606 etiam
3423 553 3526 608 hoc

257 651 347 702 καὶ
377 651 678 720 πράγματι
709 648 964 714 σωξέσθω
999 647 1060 700 τὸ
1097 647 1328 713 πρέπον,
1355 645 1449 699 καὶ
1474 641 1840 714 γυμναζέσθω

257 740 354 808 μὲν
378 741 484 808 τῆς
511 741 796 810 θεολογίας
822 743 850 793 ὁ
877 739 1052 808 λόγος,
1087 739 1162 810 μὴ
1191 739 1416 800 πάντως
1448 735 1510 802 ἐξ
1539 729 1616 789 ὧν
1643 735 1718 798 ὡς
1743 733 1842 788 ἆν-

255 831 482 902 θριιητος
505 832 750 898 φαίνεται
783 831 980 897 λαλῶν,
1008 830 1122 884 ἀλλ’
1146 829 1204 894 ἐξ
1231 823 1306 882 ὧν
1333 831 1486 881 ἔστιν
1509 829 1574 880 ὲκ
1605 825 1840 896 Πατρδς,

251 925 330 988 ὡς
368 925 504 988 Tib;
531 926 628 978 καὶ
665 926 810 988 Θὲὸς.
845 923 1240 995 Συγχωρείσθω
1272 923 1330 974 δὲ
1359 923 1428 992 τῇ
1473 915 1840 990 οἱκονομίᾳτῇ

261 1014 404 1083 μετὰ
431 1015 652 1084 σαρκὸς,
678 1015 738 1067 τὸ
765 1015 948 1083 λέγειν
975 1015 1142 1068 αὐτὸν
1165 1013 1276 1066 ἐσθ’
1297 1013 1386 1066 ὅτε
1410 1013 1504 1064 καὶ
1526 1009 1564 1064 ἃ
1599 1009 1676 1080 μὴ
1704 1007 1842 1078 πρέ-

261 1123 356 1158 πει
388 1109 568 1176 γυμνῇ
601 1107 690 1159 καὶ
717 1107 844 1160 καθ’
873 1105 1078 1177 ἑαυτὴν
1117 1103 1250 1176 οὔσῃ
1291 1106 1359 1174 τῇ
1387 1104 1624 1173 θεότητι.
1671 1100 1842 1154 Ὅταν

262 1194 380 1260 οὖν,
411 1197 486 1260 ὡς
514 1198 825 1266 ἄνθρωπος,
867 1199 1004 1270 λέγῃ
1033 1197 1108 1268 μὴ
1137 1193 1278 1250 εἶναι
1331 1193 1534 1262 ἀγαθὸς
1562 1189 1736 1254 οὕτως
1766 1193 1840 1254 ὡς

265 1287 292 1338 ὁ
322 1285 528 1355 Πατὴρ,
560 1287 812 1357 φερέσθω
847 1287 1048 1358 μᾶλλον
1067 1287 1164 1340 καὶ
1191 1285 1352 1339 τοῦτο
1375 1283 1468 1336 ἐπὶ
1499 1283 1600 1356 τὴν
1629 1283 1840 1334 οἰκονο-

264 1377 391 1445 μίαν
429 1378 527 1447 τὴν
574 1379 716 1448 μετὰ
743 1379 970 1449 σαρκὸς,
998 1377 1094 1432 καὶ
1128 1374 1206 1448 μὴ
1241 1374 1495 1430 ἁπτέσθω
1521 1375 1622 1444 τῆς
1651 1373 1842 1435 οὐσίας

258 1467 347 1521 τοῦ
375 1469 506 1523 Υἱοῦ
539 1471 638 1526 καὶ
667 1471 829 1525 Θεοῦ.

1943 637 2066 696 Filii
2101 641 2438 712 divinitatem
2467 643 2574 710 pati
2601 639 2862 696 concedet
2891 639 3114 710 perinde
3154 651 3322 710 alque
3351 643 3524 698 homi-

1945 733 2208 786 nemiAn
2247 732 2424 803 potius
2457 729 2848 800 blasphemiam
2883 731 3126 788 vetabit?
3147 731 3526 788 Conservetul'

1945 825 2128 894 itaque
2163 827 2306 894 quod
2337 825 2556 893 utrique
2585 831 2641 878 et
2679 821 2910 892 tempori
2943 827 2999 878 et
3031 822 3108 877 rei
3145 821 3424 886 convenit,
3469 831 3526 876 et

1943 915 2106 971 divini
2140 915 2409 970 sermonis
2451 917 2592 970 ratio
2617 915 2948 984 inquiratur,
2983 931 3088 970 non
3117 913 3172 970 in
3203 915 3520 969 universum

1942 1023 2005 1064 ex
2033 1007 2099 1062 iis
2120 1021 2244 1078 quae
2285 1019 2342 1062 ut
2371 1003 2533 1062 horno
2567 1007 2828 1078 loquitur,
2867 1003 2960 1063 sed
3001 1022 3064 1062 ex
3097 1005 3302 1076 quibus
3335 1017 3418 1062 est
3455 1023 3522 1062 ex

1939 1099 2124 1165 Patre,
2165 1109 2226 1154 ut
2273 1095 2444 1155 Filius
2487 1109 2543 1154 et
2569 1099 2736 1154 Deus.
2779 1091 3078 1154 Trihnatnr
3111 1113 3239 1154 vero
3283 1097 3386 1154 hoc
3413 1097 3524 1154 dis-

1940 1191 2250 1262 pensationi
2299 1207 2424 1246 cum
2481 1207 2650 1247 carne
2693 1187 2810 1248 sive
2843 1185 3229 1258 incarnationi,
3279 1191 3324 1245 si
3357 1191 3526 1246 inter-

1942 1285 2068 1340 dum
2101 1285 2218 1354 ipse
2263 1297 2326 1339 ea
2359 1283 2504 1338 dicat
2542 1297 2662 1354 quae
2707 1283 2862 1338 nudae
2896 1297 2962 1338 ac
3007 1295 3104 1354 per
3133 1297 3192 1336 se
3241 1281 3526 1337 essistenti

1942 1373 2128 1432 deitati
2165 1391 2272 1430 non
2314 1377 2600 1446 quadrant.
2633 1373 2766 1430 Cum
2817 1373 2980 1446 igitur
3007 1383 3067 1428 ut
3111 1373 3270 1428 homo
3305 1375 3436 1430 dicit
3467 1389 3526 1430 se

1944 1481 2049 1524 non
2082 1481 2202 1523 esse
2225 1467 2426 1524 bonum
2461 1465 2532 1522 ita
2565 1477 2622 1522 ut
2649 1467 2828 1532 Pater,
2869 1467 2936 1522 ad
2971 1465 3400 1522 incarnationem
3427 1483 3524 1536 po-

1944 1561 2052 1614 tius
2081 1557 2214 1613 illud
2249 1557 2538 1622 referatur,
2567 1571 2742 1630 neque
2769 1557 2836 1613 ad
2867 1555 3160 1614 essentiam
3193 1547 3316 1612 Filii
3339 1567 3392 1613 et
3423 1555 3518 1614 Dei

1941 1647 2220 1722 pertinere
2241 1649 2544 1721 iudicetur.

273 1755 592 1848 Ἇπςλατίξι
631 1761 1036 1848 πιθενῆησῑρίξς
1067 1757 1176 1848 φτ
1189 1753 1837 1848 ,έρωῖήσιξνῐαξηεὲιά

1945 1755 2196 1834 Defensio
2224 1761 2554 1848 Jrerislima’lis
2577 1761 2673 1848 ⁸τιεί
2693 1763 3138 1848 “interrogantem
3151 1831 3160 1840 _
3177 1775 3196 1814 .'
3223 1779 3256 1844 οι
3283 1757 3394 1816 Cur
3443 1773 3524 1812 me

335 1833 392 1885 τι
418 1827 722 1902 peierare
745 1827 966 1902 ἁτάθόῦ·
979 1827 1120 1898 [καὶ
1148 1827 1446 1902 ἐξήγησις
1471 1829 1582 1884 σοῦ
1593 1827 1806 1896 ῥητοῦ.

2215 1832 2346 1886 dicis
2371 1831 2600 1888 bonum!
2625 1849 2644 1883 ι
2687 1825 2755 1884 Et
2788 1825 3069 1900 explicatio
3106 1829 3254 1884 dicti.

353 1939 698 2004 Ἑξεταστέον
731 1941 860 2012 ὃλην
893 1939 994 1996 ’τοῦ
1025 1941 1390 2014 προκειμένου
1419 1939 1517 2014 τὴν
1553 1939 1800 1994 διάνοιαν
1819 1954 1831 1966 ·

2013 1943 2206 2002 Totius
2249 1945 2328 2002 rei
2371 1945 2440 2002 de
2495 1959 2600 2015 qua
2649 1943 2859 2016 agimus
2913 1959 3110 2002 sensus
3167 1942 3524 2014 inquirendas

273 2031 367 2086 καὶ
393 2031 530 2084 οὕτω
555 2031 867 2103 γνωσόμεθα
895 2033 1108 2104 σαφῶς,
1126 2031 1262 2104 ὅπερ
1285 2027 1536 2086 ἐϐούλετο
1563 2031 1842 2086 διδάσκειν

258 2124 288 2174 ὁ
320 2121 568 2192 Χριστὸς,
599 2121 690 2175 διὰ
721 2123 819 2176 τοῦ
859 2125 1050 2193 φάναι·
1081 2141 1102 2176 t
1135 2125 1202 2178 τι
1236 2141 1304 2196 με
1325 2123 1505 2196 λέγεις
1527 2121 1732 2192 ἀγαθόν
1757 2137 1772 2188 ;
1815 2143 1834 2176 ι

244 2213 490 2283 Νομικδς
521 2213 842 2285 προσῆλθεν
865 2211 1034 2285 (οὓτω
1069 2215 1178 2285 γὰρ
1208 2215 1560 2286 γέγραπται),
1599 2213 1660 2266 τὸ
1689 2215 1840 2278 ὅπως

245 2305 562 2375 σωθήσεται
597 2307 902 2377 μανθάνειν
927 2305 1224 2374 ἐπιζητῶν.
1249 2303 1381 2360 Εἶτα
1407 2305 1678 2375 προτείνει
1698 2303 1842 2360 διδά-

248 2388 460 2448 σκαλον
481 2396 650 2449 αὑτὸν
671 2395 774 2448 καὶ
791 2394 1002 2462 ἀγαθὸν
1021 2395 1362 2466 προειρηκὼς
1385 2396 1466 2458 τὸ,
1490 2415 1508 2448 ι
1531 2397 1598 2448 Ti
1617 2397 1844 2466 ποιήσας

251 2485 410 2556 ζωὴν
439 2487 666 2540 αἰώνιον
699 2486 1132 2557 κληρονομήσω;
1161 2505 1182 2538 ι
1219 2487 1362 2556 Πρὸς
1382 2485 1552 2539 ταῦτα
1578 2487 1808 2558 Χριστός
1827 2503 1842 2516 ο

255 2597 276 2628 ι
315 2579 362 2630 Τ
367 2577 384 2629 ἱ
411 2595 486 2647 με
512 2577 716 2646 λέγεις,
750 2577 940 2646 φησὶν,
971 2575 1204 2644 ἀγαθόν;
1235 2577 1423 2641 Οὐδεὶς
1443 2577 1662 2646 ἀγαθὸς,
1697 2579 1744 2629 εξ
1767 2577 1842 2648 μὴ

247 2662 330 2732 εἷς
347 2670 378 2720 ὁ
402 2668 562 2730 Θεός.
601 2669 845 2738 "rastra,
879 2667 1132 2739 πώλησόν
1161 2685 1250 2722 σου
1271 2669 1338 2722 τὰ
1369 2670 1680 2742 ὑπάρχοντα
1699 2711 1716 2735 ,
1747 2673 1842 2726 καὶ

248 2761 340 2823 δὸς
365 2763 630 2830 πτωχοῖς,
659 2761 758 2814 καὶ
785 2759 934 2824 ἔξεις
961 2759 1234 2832 θησαυρὸν
1257 2763 1316 2814 ἐν
1335 2763 1608 2832 οὐρανοῖς.
1651 2783 1670 2814 ι
1695 2765 1838 2818 Ἀλλ’

249 2855 348 2908 οὐκ
371 2853 616 2922 ἐνεγκὼν
637 2853 738 2922 τῆς
767 2852 991 2922 ἐντολῆς
1011 2853 1074 2906 τὸ
1093 2853 1273 2925 βάρος,
1299 2855 1394 2908 καὶ
1413 2857 1682 2927 ἀτονήσας
1707 2875 1776 2910 πε
1783 2859 1840 2928 ρὶ

251 2946 348 3016 τὴν
381 2944 604 3016 ἀρετὴν,
651 2943 876 3008 ὀκλάζει
905 2945 1037 3014 περὶ
1085 2945 1144 2998 τὸ
1185 2946 1530 3019 πρόσταγμα.
1600 2949 1838 3020 Ἀπῆλθε

253 3043 382 3110 γὰρ,
405 3039 562 3110 φησι,
583 3037 941 3108 λυπούμενος.
967 3039 1128 3100 Ποτος
1146 3034 1236 3091 οὖν
1251 3034 1320 3110 ἦν
1337 3039 1526 3093 ἐνθάδε
1555 3041 1840 3110 θεολογίας

253 3129 446 3199 καιρός
467 3146 482 3194 ;
507 3129 600 3199 Τῷ
625 3130 682 3182 δὲ
709 3131 1062 3202 ὲρωτήσαντι,
1094 3129 1162 3182 Ti
1180 3131 1288 3202 ἄρα
1309 3132 1542 3202 ποιήσας
1569 3133 1724 3185 ἔσται
1743 3133 1842 3186 καὶ

252 3225 418 3288 αὐτὸς
449 3227 561 3287 τοῖς
585 3223 908 3294 σωζομένοις
933 3223 1286 3295 ἐναρίθμιος;
1319 3225 1475 3278 ποῖον
1511 3223 1626 3295 ἔχει
1653 3225 1836 3294 λόγον,

258 3317 335 3388 μὴ
372 3317 510 3386 ὅπερ
555 3314 779 3386 ὲξῂτησε
830 3315 1022 3386 μαθεῖν
1059 3313 1412 3384 ἀποκαλύψαι
1464 3317 1684 3386 μᾶλλον,
1721 3317 1836 3370 ἀλλ’

253 3408 442 3478 ἕτερόν
473 3424 528 3460 τι
553 3408 704 3478 παρὰ
737 3406 800 3460 τὸ
842 3409 1040 3478 ἐκεινῳ
1095 3407 1434 3477 ποθούμενον
1473 3409 1682 3468 εἰπεῖνς
1717 3409 1838 3472 Πῶς

252 3499 308 3551 δὲ
339 3493 448 3552 οἷόν
481 3516 540 3550 τε
567 3494 634 3569 ἦν
652 3499 712 3551 τὺ
739 3501 990 3566 ἐνεγκεῖν
1012 3501 1116 3552 οὐκ
1149 3498 1452 3569 ἰσχύσαντα
1470 3501 1602 3569 μιᾶς
1623 3500 1838 3570 ἐντολῆς

255 3589 614 3659 εὐαγγελικῆς
651 3591 894 3660 φορτίον,
941 3590 1004 3643 τὸ
1061 3591 1202 3662 ὑπὲρ
1251 3591 1430 3644 πάντα
1485 3590 1834 3645 διδάσκεσθαι

257 3683 578 3752 μυστήριον,
624 3681 796 3745 οὕτως
841 3679 1135 3734 ἀτονοῦντα
1189 3682 1320 3752 περὶ
1343 3681 1440 3752 τὴν
1467 3683 1580 3749 τῶν
1615 3682 1836 3750 ἀγαθῶν

252 3773 458 3842 ἔφεσιν.
482 3773 558 3836 ὡς
581 3773 715 3843 μηδὲ
731 3773 878 3843 λόγῳ
901 3773 1160 3826 δύνασθαι
1181 3775 1384 3842 ταύτην
1412 3777 1642 3845 χωρεῖνς
1665 3775 1834 3828 Asiti-

251 3881 424 3934 πηται
451 3865 580 3935 γὰρ,
605 3865 680 3927 ὼς
709 3863 1042 3934 γέγραπται.
1093 3865 1310 3936 Ἐπειδὴ
1339 3866 1516 3919 τοίνυν
1545 3865 1834 3938 ἄνθρωπον

252 3953 468 4022 βλέπων
505 3956 534 4006 ὁ
582 3955 826 4024 νομικὸς,
877 3953 952 4016 ὼς
989 3954 1260 4024 ἀνθρώπῳ
1289 3955 1580 4026 πρόσεισι,
1617 3957 1710 4008 καὶ
1757 3957 1834 4020 ὡς

251 4045 402 4112 ψιλὸν
441 4045 724 4116 ἄνθρωπον
767 4047 981 4117 ἐρωτᾷ,
1027 4046 1324 4116 ἐξελέγχων
1365 4047 1440 4109 ὡς
1469 4048 1688 4120 ἀμαθῆ,
1728 4049 1836 4118 μά·

251 4135 390 4189 ).ισθ’
432 4138 514 4189 ὅτι
552 4137 748 4204 σοφίας
793 4137 1061 4206 ὑπόληψιν
1095 4139 1565 4210 ἐπραγματεύετο,
1619 4141 1710 4194 διὰ
1739 4139 1832 4193 τοῦ

251 4229 424 4284 δοκεῖν
445 4231 656 4283 εἰδέναι
676 4231 769 4282 τὸν
793 4229 978 4300 νόμον,
1001 4232 1242 4285 δυσωπεῖ
1269 4231 1442 4300 λέγων
1463 4251 1476 4264 ο
1501 4229 1676 4296 Μόνος
1699 4235 1836 4300 ἁγα-

251 4321 336 4385 θὸς
365 4322 514 4376 κατὰ
541 4321 806 4391 ἀλήθειαν
829 4323 856 4374 ὁ
887 4321 1032 4385 Θεός.
1055 4324 1120 4375 Ti
1148 4323 1438 4394 τοιγαροῦν
1459 4324 1534 4386 ὡς
1561 4323 1834 4396 ἀνθρώπῳ

250 4412 586 4483 προσελθὼν,
615 4411 676 4465 τὸ
704 4412 852 4482 μόνῳ
869 4413 1064 4482 προσὸν
1080 4413 1157 4483 τῷ
1185 4413 1305 4483 Θεῷ
1335 4413 1477 4467 κατὰ
1506 4413 1688 4486 φύσιν,
1709 4416 1832 4485 ἐμοὶ

251 4503 558 4573 περιτίθης,
593 4502 800 4570 ἀγαθὸν
835 4502 1124 4556 ἀποκαλῶν
1144 4523 1158 4569 ;
1181 4499 1277 4568 Εἷς
1304 4505 1412 4574 γάρ
1443 4505 1588 4558 ἐστιν
1615 4509 1644 4559 ὁ
1671 4507 1830 4575 φύσει

1943 2039 2100 2094 nobis
2149 2046 2270 2102 est;
2319 2045 2482 2106 atque
2533 2037 2606 2090 ita
2657 2031 2944 2090 manifeste
2987 2033 3356 2102 intelligemus
3397 2032 3524 2102 quid

1942 2131 2176 2186 voluerit
2222 2121 2419 2184 docere
2467 2128 2718 2184 Christus
2767 2127 2956 2182 dicens
2991 2147 3004 2182 :
3045 2143 3066 2178 ι
3094 2124 3204 2182 Cur
3259 2140 3344 2180 me
3391 2123 3526 2178 dicis

1941 2221 2186 2277 bonum?
2221 2239 2240 2272 ›
2273 2219 2434 2290 Legis
2485 2220 2694 2290 peritus
2743 2219 2965 2288 quidam
2997 2218 3096 2288 (ita
3147 2217 3290 2271 enim
3336 2215 3528 2270 scribi-

1941 2315 2050 2384 tur)
2079 2313 2192 2368 adit
2223 2311 2534 2379 Dominum,
2564 2311 2792 2382 cupiens
2825 2327 2892 2367 ex
2927 2325 2992 2366 eo
3021 2321 3354 2378 cognoscere
3383 2321 3524 2376 quo-

1939 2422 2066 2461 nam
2131 2413 2290 2474 pacto
2357 2405 2590 2459 salutem
2662 2413 2920 2458 :eternam
3003 2399 3264 2468 consequi
3321 2409 3524 2470 posset.

1939 2497 2144 2556 Deinde
2165 2495 2269 2551 hoc
2293 2495 2544 2566 petitioni
2571 2507 2682 2550 sure
2703 2493 2972 2566 pranexit,
3006 2491 3326 2562 magistrum
3353 2491 3530 2560 ipsum

1939 2601 2062 2642 esse
2106 2595 2160 2642 et
2196 2587 2426 2652 bonum,
2473 2585 2548 2639 ita
2599 2583 2874 2642 Christum
2927 2579 3302 2654 compellans:
3340 2599 3358 2632 ι
3389 2579 3528 2646 Quid

1939 2677 2146 2732 iaciens
2188 2677 2353 2730 vitam
2395 2685 2656 2732 aeternam
2693 2675 3022 2748 possidebo?
3049 2693 3068 2726 ι
3103 2671 3200 2728 Cui
3236 2665 3528 2728 Christus:

1945 2787 1964 2821 ι
1999 2769 2138 2836 Quid
2173 2759 2280 2834 me,
2313 2769 2508 2838 inquit,
2556 2769 2692 2825 dicis
2723 2767 2963 2824 bonum?
2993 2763 3164 2822 Nemo
3191 2765 3392 2830 bonus,
3424 2759 3524 2820 nisi

1939 2875 2083 2917 unus
2107 2861 2266 2918 Deus.
2303 2861 2477 2928 Vade,
2515 2873 2568 2918 et
2598 2861 2772 2918 vende
2808 2861 2989 2918 omnia
3014 2877 3132 2932 qua:
3161 2861 3350 2926 habes,
3380 2869 3434 2915 et
3459 2859 3523 2914 da

1940 2955 2304 3026 pauperibus,
2343 2967 2398 3012 et
2449 2953 2675 3012 habebis
2729 2956 3058 3010 thesaurum
3117 2953 3172 3008 in
3229 2953 3474 3009 caelis”.
3505 2971 3522 3002 ι

1941 3048 2102 3117 Atqui
2155 3047 2198 3103 is
2233 3065 2340 3103 non
2375 3051 2553 3104 ferens
2595 3047 2848 3118 prcecepti
2887 3045 3122 3116 pondus,
3173 3053 3228 3098 et
3275 3041 3530 3112 languido

1940 3155 2068 3210 erga
2107 3142 2366 3196 virtutem
2413 3141 2620 3204 animo,
2657 3147 2995 3208 praeceptum
3045 3151 3150 3190 non
3192 3135 3527 3203 exsequitur.

1944 3231 2362 3296 Reccssitenim,
2389 3231 2584 3300 inquit,
2603 3237 2852 3286 maestus.
2877 3227 3136 3294 Qurenam
3157 3225 3323 3297 igitur
3345 3223 3432 3280 hic
3447 3233 3532 3280 oc-

1947 3326 2094 3377 casio
2112 3335 2230 3378 erat
2253 3335 2310 3376 ut
2325 3323 2506 3377 divino
2530 3337 2680 3377 more
2701 3325 3015 3392 loqueretur
3034 3319 3056 3374 ?
3077 3317 3210 3374 Cum
3240 3332 3370 3372 vero
3397 3317 3532 3388 legis

1946 3415 2154 3484 peritus
2200 3417 2501 3485 interrogat
2553 3415 2682 3486 quid
2719 3413 2926 3469 faciens
2977 3411 3030 3466 in
3064 3426 3250 3466 eorum
3292 3411 3384 3482 qui
3415 3411 3527 3464 sal-

1938 3507 2100 3560 vandi
2137 3515 2264 3558 sunt
2307 3519 2590 3560 numerum
2637 3501 2958 3560 referendus
2989 3501 3088 3568 sit,
3127 3515 3388 3572 quanam,
3416 3499 3519 3554 oba-

1943 3617 2126 3666 secro,
2161 3599 2390 3664 ratione,
2411 3615 2516 3653 non
2553 3599 2604 3654 id
2636 3599 2778 3668 quod
2811 3595 3032 3667 Optabat
3060 3596 3223 3660 scire,
3259 3593 3334 3648 illi
3363 3589 3520 3662 expli-

1937 3703 2042 3752 cct,
2081 3693 2175 3746 sed
2204 3692 2380 3760 potius
2411 3691 2612 3760 aliquid
2651 3689 2924 3744 diversum
2955 3687 3022 3742 ab
3063 3701 3128 3742 eo
3154 3687 3301 3758 quod
3337 3685 3526 3754 cupie-

1937 3787 2048 3852 bat,
2079 3785 2154 3839 illi
2189 3785 2332 3839 dicat
2357 3785 2381 3838 ?
2405 3783 2522 3850 Quo
2550 3793 2706 3854 pacto
2736 3797 2864 3838 vero
2909 3780 3025 3835 fieri
3059 3787 3273 3849 poterat
3319 3787 3398 3842 ut,
3435 3771 3526 3846 qui

1937 3893 2005 3931 ne
2038 3877 2196 3932 unius
2236 3877 2452 3948 quidem
2513 3875 2808 3948 evangelici
2847 3871 3102 3944 praecepti
3141 3869 3348 3941 pondus
3387 3865 3528 3924 ferre

1937 3979 2184 4040 petet-at,
2235 3983 2498 4022 arcanum
2553 3968 2798 4021 Omnium
2855 3963 3155 4018 maximum
3213 3960 3523 4022 doceretur,

1939 4059 2140 4128 quique
2173 4057 2246 4112 ita
2289 4057 2577 4126 languidus
2609 4071 2672 4109 ac
2697 4055 2960 4110 remissus
2995 4053 3047 4104 in
3085 4046 3402 4118 appetendis
3431 4043 3526 4100 bo-

1938 4151 2021 4206 nis
2051 4161 2192 4214 erat,
2228 4161 2286 4204 ut
2315 4165 2382 4205 ne
2413 4149 2624 4203 ratione
2657 4147 2874 4217 quidem
2911 4159 2974 4199 ea
3002 4143 3284 4214 percipere
3310 4141 3528 4210 posset?

1936 4241 2164 4298 Maestus
2195 4242 2338 4296 enim
2378 4249 2516 4306 erat,
2551 4249 2610 4294 ut
2662 4239 2924 4308 scriptum
2979 4235 3121 4290 est'.
3172 4233 3306 4290 Cum
3346 4233 3528 4304 itaque

1935 4335 2068 4404 legis
2106 4335 2313 4405 peritus
2361 4331 2449 4388 ille
2497 4332 2775 4388 hominem
2836 4331 2985 4384 illum
3025 4342 3146 4384 esse
3182 4343 3432 4394 cernens,
3469 4337 3526 4382 ut

1935 4428 2260 4496 simpliciter
2308 4428 2582 4482 hominem
2637 4425 3021 4496 compellaret,
3085 4437 3321 4494 arguens
3369 4420 3519 4474 illum

1934 4519 2238 4588 imperitiae,
2267 4535 2333 4577 eo
2379 4519 2650 4590 praecipue
2700 4517 2921 4572 nomine
2958 4515 3105 4586 quod
3147 4511 3426 4584 sapientia:
3459 4509 3525 4564 ti-

251 4595 490 4664 ἀγαθὸς,
529 4595 658 4657 Θεὸς
706 4595 930 4665 δηλαδή.
987 4596 1052 4649 Εἰ
1100 4597 1198 4666 μὲν
1243 4592 1338 4649 οὖν
1365 4591 1512 4661 οἶδάς
1545 4615 1633 4669 με,
1671 4599 1825 4670 φησὶ,

1939 4608 2052 4662 tnlo
2091 4625 2150 4664 se
2175 4609 2475 4678 jactitaret,
2525 4611 2778 4664 nimirum
2828 4607 2973 4679 quod
3015 4621 3076 4660 se
3111 4599 3358 4675 peritiam
3389 4599 3525 4668 legis

252 4687 387 4739 Θεὸν
427 4687 578 4752 ὄντα,
615 4687 708 4740 καὶ
746 4685 832 4740 διὰ
857 4686 1018 4740 τοῦτο
1044 4687 1267 4756 ἀγαθὸν,
1301 4691 1421 4742 ὅτου
1464 4689 1526 4760 δὴ
1557 4691 1714 4762 χάριν
1754 4683 1830 4754 ὡς

253 4778 530 4849 ἀνθρώπῳ
579 4781 854 4850 προσέρχῃ
891 4779 1068 4850 ψιλῷς
1101 4781 1166 4833 Εἰ
1199 4780 1255 4834 δὲ
1293 4781 1354 4833 οὐ
1395 4782 1670 4846 πιστεύεις
1692 4779 1830 4836 εἷναί

256 4889 324 4940 με
357 4870 514 4934 Θεὸν,
546 4871 656 4924 ἀλλ’
685 4871 974 4942 ἄνθρωπον
1001 4873 1104 4925 οἴει
1127 4889 1195 4941 με
1223 4873 1395 4942 ψιλὸν,
1427 4874 1480 4926 τί
1505 4875 1566 4946 δή
1601 4893 1730 4927 ποτε
1752 4875 1830 4945 τῷ

253 4960 373 5029 θεῷ
413 4961 620 5032 πρέπον
669 4963 892 5033 ἀξίωμα
945 4961 1092 5032 μόνῳ
1139 4964 1474 5032 προσάπτεις
1524 4963 1830 5035 ἀνθρὼπῳ;

257 5055 516 5124 Ἐλεγχκ
541 5050 634 5108 οὖν
663 5055 907 5126 ἀμαθίας
936 5055 998 5108 τὸ
1023 5057 1310 5128 εἰρημένον
1339 5058 1488 5110 ἐστὶν
1509 5097 1522 5118 ,
1552 5059 1612 5109 οὐ
1646 5057 1832 5109 θεολο-

251 5147 373 5211 γίας
402 5147 646 5214 ἀξίωσις.

1931 4711 2285 4755 consecutum
2321 4703 2568 4770 putabat,
2599 4701 2916 4770 perstringit
2949 4697 3128 4761 illum,
3158 4695 3346 4750 dicens
3375 4709 3389 4745 :
3421 4692 3523 4744 So-

1932 4793 2014 4846 lus
2046 4793 2186 4848 Deus
2226 4809 2412 4849 revera
2437 4791 2610 4846 bonus
2647 4803 2750 4847 est.
2799 4789 2907 4845 Cur
2939 4789 3101 4858 Igitur
3141 4803 3225 4842 me
3257 4795 3314 4839 ut
3347 4783 3522 4835 homi-

1933 4899 2055 4936 nem
2083 4885 2438 4947 ~accedendo,
2472 4883 2579 4954 74
2620 4884 2670 4936 id
2721 4883 2861 4952 quod
2908 4881 3005 4933 soli
3061 4879 3169 4931 Deo
3205 4871 3524 4928 naturaliter

1933 4977 2093 5038 inest,
2129 4977 2255 5028 mihi
2295 4977 2514 5040 tribuis,
2553 4977 2754 5030 bonum
2803 4992 2887 5029 me
2916 4971 3156 5026 vocans?
3201 4969 3347 5023 Unus
3377 4963 3522 5016 εηὶιη

1939 5075 2130 5120 natura
2165 5081 2259 5120 sna
2303 5069 2474 5120 bonus
2502 5075 2608 5131 est,
2649 5065 2792 5120 Deus
2833 5061 3110 5117 nimirum.
3151 5059 3206 5112 Si
3241 5054 3406 5120 enim,
3445 5053 3521 5106 in-

1940 5157 2079 5226 quit,
2129 5158 2270 5212 nosti
2319 5171 2404 5209 me
2457 5155 2621 5208 Deum
2668 5169 2812 5219 esse,
2870 5163 3034 5222 atque
3076 5149 3145 5205 ob
3195 5147 3248 5203 id
3300 5147 3520 5208 bonum,

249 5255 412 5308 quam
443 5243 512 5296 ob
539 5257 652 5298 rem
685 5257 776 5297 me
820 5251 878 5296 ut
901 5243 1104 5298 nudum
1145 5243 1420 5298 hominem
1479 5243 1734 5297 accedis?
1775 5246 1830 5299 Si
1872 5262 2003 5304 vero
2047 5265 2150 5303 non
2200 5251 2377 5305 credis
2421 5265 2505 5303 me
2577 5263 2698 5303 esse
2742 5247 2934 5311 Deum,
2987 5245 3082 5300 sed
3140 5241 3272 5299 nihil
3315 5252 3516 5311 praeter

245 5335 526 5392 hominem
557 5339 832 5410 vulgarem
865 5354 952 5394 me
985 5353 1106 5394 esse
1133 5355 1350 5402 censes,
1383 5352 1486 5392 cur
1512 5338 1828 5405 dignitatem
1870 5359 1989 5412 qua:
2027 5347 2127 5400 soli
2192 5347 2302 5402 Deo
2367 5347 2594 5401 debetur
2630 5344 2761 5400 mihi
2791 5339 2996 5397 homini
3033 5352 3243 5397 tantum
3291 5335 3522 5393 tribuis?

247 5429 464 5486 Dictum
495 5431 660 5504 igitur
694 5433 826 5500 hoc,
859 5440 1070 5486 tantum
1110 5431 1176 5486 ad
1219 5431 1698 5502 reprehensionem
1769 5435 2048 5505 imperitia:
2082 5439 2244 5504 illius,
2319 5456 2422 5492 non
2493 5439 2558 5492 ad
2611 5435 2912 5493 divinitatis
2943 5433 3363 5489 declarationem
3401 5442 3520 5496 pcr-

243 5525 394 5582 tinet.

439 5623 442 5626 ’
935 5617 1140 5668 ΑΛΛΟ.

303 5731 364 5784 ΕΞ
397 5731 484 5784 διὰ
523 5733 585 5786 τὸ
616 5728 885 5800 λέγεσθαι
927 5729 1086 5797 μόνον
1117 5723 1253 5780 εἶναι
1298 5731 1386 5781 καὶ
1425 5731 1518 5785 ἕνα
1554 5733 1688 5785 κειτά
1729 5733 1827 5801 φιλ.

305 5889 350 5922 ’⁸
377 5889 544 5946 Marc.
575 5905 634 5954 κ,
687 5886 881 5942 17-21.
973 5886 983 5914 '
1023 5883 1155 5942 Ibid.
1198 5885 1286 5940 :22.

2621 5616 2846 5673 ALIUD.

2015 5734 2070 5787 Si
2102 5751 2163 5787 ex
2198 5751 2260 5790 co
2292 5733 2435 5803 quod
2463 5733 2658 5786 dicitur
2687 5729 2825 5785 Deus
2862 5730 3005 5786 solus
3037 5745 3158 5785 esse
3193 5738 3355 5797 atque
3381 5739 3520 5780 unus
