4056 6264
289 428 385 482 195

791 539 951 606 Πρὸς
973 534 1151 590 ταῦτα
1169 538 1375 602 λύσις.

351 652 469 705 Οὐκ
498 648 832 705 αἰσθάνεται
869 649 1024 702 πάλιν
1056 648 1083 700 ὁ
1108 647 1479 717 χριπομάχος
1509 647 1718 717 κτίσμα
1754 646 1876 717 μὲν,

282 744 386 813 οὐχ
401 739 543 795 re”
571 741 843 810 εἰσφέρων
868 739 955 791 τὸν
982 737 1209 808 Κύριον,
1233 736 1418 791 δοῦλον
1438 737 1495 790 δὲ
1528 738 1650 791 ἀντὶ
1671 736 1877 821 Δεσπό·

286 851 408 897 του,
434 832 538 886 καὶ
564 832 756 902 λάτριν
781 830 901 883 ἀντὶ
926 829 1087 883 Θεοῦ.
1120 830 1184 883 El
1211 828 1317 900 γὰρ
1345 827 1486 882 κατὰ
1512 828 1675 897 φύσιν
1704 830 1877 882 οἴεται

289 925 430 977 Θεὸν
467 921 611 977 εἶναι
641 922 733 975 τοῦ
754 921 882 974 Υἱοῦ
916 920 1007 974 τὸν
1039 920 1279 991 Πατέρα,
1311 919 1405 973 καὶ
1429 919 1530 990 τὴν
1552 920 1612 971 ὲν
1640 923 1754 982 τοῖς
1786 918 1879 973 ἅλ-

289 1017 411 1080 λοις
439 1014 748 1086 οἰκονομίαν
776 1013 871 1082 οὐχ
904 1012 1025 1083 ὁρᾷ,
1062 1010 1187 1064 οὕτε
1217 1008 1499 1080 ὁμοούσιος
1541 1008 1718 1071 ἔσται,
1752 1006 1878 1062 οὔτε

295 1106 597 1177 Δεσπότης,
631 1104 752 1160 οὔτε
780 1104 932 1168 Osos.
974 1102 1173 1166 Καλῶς
1212 1100 1324 1172 γὰρ
1364 1100 1577 1172 ancisa
1605 1100 1878 1171 διῐσχυρί-

299 1199 476 1261 ζεται.
520 1196 821 1255 Ἐκὸαλότω
843 1194 1141 1265 τοιγαροῦν
1160 1192 1412 1266 φανερῶς
1440 1195 1533 1248 καὶ
1559 1194 1664 1262 τῆς
1693 1192 1876 1263 θεότη-

298 1304 389 1353 τος
412 1289 505 1344 καὶ
528 1288 847 1360 κυριότητος
876 1287 971 1343 τὸν
992 1286 1142 1350 Υεὸν,
1180 1286 1277 1340 καὶ
1303 1288 1413 1350 τοῖς
1450 1286 1721 1357 ποιήμασι
1746 1301 1874 1337 συν-

295 1382 555 1445 ταττέτω,
590 1381 681 1437 ἵνα
722 1381 907 1452 σαφὴς
959 1379 1145 1434 αὐτῶν
1176 1381 1210 1450 ἡ
1250 1378 1532 1448 δυσφημία
1580 1376 1872 1449 γενομένη,

294 1473 499 1537 πάντας
526 1472 832 1546 ἀναπείσῃς
859 1473 1040 1541 λέγειν
1064 1488 1078 1501 ”
1112 1471 1393 1527 Πλανᾶσθε
1441 1470 1517 1542 μὴ
1551 1471 1752 1534 εἰδότες
1773 1472 1873 1533 τὰς

296 1564 535 1634 Γραφάς.
572 1565 701 1620 Δίον
728 1566 840 1641 γὰρ
880 1563 1157 1631 ἐξετάζειν
1198 1562 1297 1633 τὴν
1341 1562 1734 1633 κεκρυμμένην
1779 1560 1872 1614 τοῦ

298 1655 470 1725 Λόγου
490 1656 741 1727 δύναμιν,
758 1656 1123 1727 δυσφημοῦσιν
1145 1655 1493 1723 ἀφυλάκτως,
1516 1653 1701 1705 οὐκέτι
1718 1651 1872 1715 Θεὸν,

303 1745 439 1799 ἀλλὰ
453 1747 583 1800 ναδν
611 1747 771 1814 Θεοῦ,
797 1748 888 1801 τὸν
907 1748 1032 1802 Υἱον
1056 1749 1417 1820 κισ-φέροντες,
1450 1744 1641 1814 ὥσπερ
1669 1739 1738 1815 ἧν
1766 1743 1874 1795 τῶν

1705 418 2149 480 THESAURUS.

1903 538 1951 595 Α
2478 538 2684 595 Salutio
2716 540 3037 609 ebjectionis.

3452 433 3550 493 HG

2048 647 2165 704 Non
2198 650 2361 705 sentit
2396 650 2591 705 iterum
2618 652 2790 709 hostis
2810 652 3013 709 Christi
3040 667 3099 710 se
3128 654 3412 711 Dominum
3441 675 3547 715 non

1975 751 2031 796 ut
2062 741 2281 808 Filium,
2312 743 2405 797 sed
2440 752 2498 797 ut
2532 752 2837 800 creaturam
2889 746 3166 810 inducere,
3212 756 3269 803 et
3305 764 3543 813 servum,

1975 845 2081 885 non
2126 831 2445 898 Dominum,
2483 832 2780 900 famulum,
2811 853 2913 891 non
2947 834 3134 892 Deum.
3172 839 3228 893 Si
3267 841 3408 894 enim
3448 856 3540 896 ex-

1976 922 2181 979 istimat
2205 922 2419 979 Patrem
2452 928 2749 981 secundum
2790 937 3035 983 naturam
3063 945 3181 984 esse
3212 929 3375 984 Deum
3398 930 3543 999 Filii,

1975 1023 2028 1067 et
2056 1029 2161 1067 non
2191 1015 2373 1082 potius
2407 1017 2618 1071 ratione
2647 1017 3063 1085 incarnationis,
3101 1037 3275 1089 neque
3313 1024 3545 1078 consub-

1973 1105 2241 1161 stantialis
2263 1106 2388 1169 erit,
2413 1122 2589 1177 neque
2612 1108 2895 1174 Dominus,
2931 1126 3109 1181 neque
3138 1112 3302 1168 Deus.
3328 1112 3544 1183 Optime

1972 1196 2121 1252 enim
2168 1196 2273 1251 hac
2306 1197 2514 1254 ratione
2541 1200 2824 1268 probatur.
2852 1202 3115 1258 Deturbet
3153 1204 3333 1273 itaque
3366 1214 3548 1274 aperte

1973 1302 2005 1344 a
2029 1288 2231 1345 deitate
2261 1297 2318 1344 et
2340 1289 2713 1344 dominatione
2742 1290 2957 1358 Filium,
2991 1305 3048 1347 et
3068 1297 3342 1351 creaturis
3368 1312 3547 1351 annu-

1974 1389 2166 1446 meret,
2205 1391 2284 1446 ut,
2319 1380 2605 1437 manifesta
2642 1381 2853 1438 illorum
2880 1384 3219 1455 blasphemia
3248 1389 3544 1455 patefacta,

1975 1472 2167 1528 merito
2183 1487 2371 1527 omnes
2400 1472 2701 1528 exclamem
2734 1491 2749 1527 :
2777 1473 3017 1529 «Erratis
3047 1476 3358 1532 nescientes
3387 1478 3542 1531 Scri-

1973 1573 2161 1633 pturas
2178 1564 2237 1619 ⁶⁶.
2250 1582 2270 1615 ι
2290 1562 2422 1618 Cum
2438 1564 2582 1618 enim
2603 1564 2872 1621 occultam
2890 1565 3051 1620 Verbi
3076 1567 3369 1634 potentiam
3392 1583 3546 1623 scru-

1974 1654 2078 1708 tari
2126 1654 2408 1720 deberent,
2457 1654 2805 1724 blasphemiis
2844 1658 3023 1725 potius
3087 1658 3384 1729 indulgeat,
3438 1675 3543 1715 non

1977 1747 2166 1809 Deum,
2210 1749 2304 1802 sed
2352 1748 2607 1817 templum
2656 1750 2772 1813 Dei,
2807 1748 3002 1804 Filium
3042 1764 3161 1806 esse
3206 1761 3543 1819 statuentes;

294 1839 484 1911 exinni
504 1839 752 1905 ἕκαστος,
784 1841 908 1912 περὶ
936 1833 1009 1896 ὧν
1035 1858 1192 1913 φησιν
1214 1857 1229 1873 ο
1279 1858 1298 1892 ι
1343 1838 1641 1908 Ἐνοικήσω
1675 1838 1733 1891 ὲν
1767 1837 1863 1890 αὐ-

1978 1836 2202 1905 periude
2246 1849 2409 1901 atque
2449 1840 2823 1911 unusquisque
2863 1852 3198 1908 sanctorum,
3233 1843 3302 1898 de
3348 1846 3545 1912 quibus

316 1930 448 1995 τοῖς,
496 1930 587 1983 καὶ
623 1931 1065 2004 ἑμπεριπατὴσω.
1102 1952 1121 1984 ι
1163 1933 1357 1987 Ἔσται
1399 1928 1691 2003 τοιγαροῦν
1726 1930 1863 1984 κατὰ

1978 1925 2222 1980 dicitur:
2278 1943 2297 1977 ι
2331 1925 2597 1983 Habitabo
2645 1929 2702 1984 in
2753 1930 2904 1999 ipsis,
2952 1940 3008 1984 et
3055 1931 3411 1987 deambulabo
3431 1932 3474 1987 '.
3515 1950 3536 1986 ι

308 2017 403 2088 τὴν
430 2014 651 2074 ἐκείνων
683 2018 883 2092 μανίαν
934 2019 1015 2088 εἷς
1058 2025 1155 2078 καὶ
1199 2021 1358 2086 αὐτὸς
1400 2024 1507 2079 τῶν
1538 2026 1679 2079 κατὰ
1710 2024 1873 2094 χάριν

296 2108 639 2179 κεκλημένων
667 2110 802 2165 υἱῶν
832 2112 930 2167 καὶ
951 2111 1113 2177 θεῶν,
1144 2115 1277 2185 πρὸς
1301 2114 1392 2179 οὓς
1416 2116 1662 2189 εἰρηκενο
1689 2133 1706 2165 t
1731 2111 1873 2182 Ἐγὼ

285 2194 416 2254 εἶπα
436 2216 453 2232 ο
485 2202 614 2255 Θεοί
648 2204 778 2257 εστε
806 2205 907 2257 καὶ
932 2204 1058 2257 Υἱοὶ
1088 2206 1312 2275 ὑψίστου
1337 2209 1557 2271 πάντες.
1608 2226 1626 2259 ι
1661 2202 1762 2263 Ὧν
1783 2207 1865 2260 ὅτι

288 2297 581 2359 παντελῶς
630 2296 920 2368 ἀφέστηκε
942 2339 958 2362 ,
997 2299 1093 2352 καὶ
1128 2299 1337 2368 φύσεως
1373 2299 1610 2373 ὕπεροχῇ
1652 2300 1873 2371 μεμέρι-

294 2400 451 2448 σται,
478 2385 686 2451 διδάξει
721 2386 917 2455 σαφῶς
949 2385 1008 2438 ὲν
1034 2385 1348 2458 Εὐαγγιλίῳ
1377 2389 1629 2459 Χριστὸς,
1661 2389 1834 2458 λέγων
1858 2404 1873 2419 ·

297 2494 319 2527 s
376 2476 574 2547 Ὑμεῖς
596 2477 664 2530 ἐκ
696 2476 809 2529 τῶν
848 2477 1001 2531 κάτω
1025 2476 1170 2542 ἐστὲ,
1199 2477 1308 2546 ἐγὼ
1329 2482 1393 2533 ἐκ
1421 2479 1531 2533 τῶν
1552 2480 1663 2534 ἄνω
1688 2480 1822 2551 εἰμί’
1849 2498 1867 2532 ι

288 2564 446 2618 κάτω
475 2564 656 2634 λέγων
684 2566 788 2637 τὴν
820 2565 1246 2638 βασιλευομένην
1271 2568 1362 2621 καὶ
1386 2570 1749 2641 ὑποκειμένην
1774 2570 1872 2641 τὴν

290 2655 486 2724 φύσιν·
520 2656 637 2711 ἅνω
661 2658 716 2710 δὲ
748 2658 919 2713 πάλιν
946 2657 1043 2728 τὴν
1080 2657 1462 2727 βασιλεύουσαν
1505 2661 1599 2715 καὶ
1626 2663 1739 2725 τοῖς
1766 2663 1869 2716 πᾶν·

292 2762 377 2799 σιν
403 2746 778 2817 ἐποχουμένην
816 2746 1067 2819 θεότητα.
1114 2749 1347 2821 Ἀληθῶς
1382 2752 1561 2805 τοίνυν
1603 2751 1698 2806 τοῦ
1730 2754 1868 2824 Χρι·

293 2836 417 2889 στοῦ
438 2836 686 2907 λέγοντος
709 2837 923 2892 ἄνωθεν
945 2834 1101 2908 εἶναι,
1122 2832 1273 2904 οὗτος
1297 2843 1457 2896 αὐτὸν
1482 2845 1549 2897 ὲκ
1586 2843 1695 2898 τῶν
1712 2845 1867 2898 κάτω

293 2928 445 2998 φησὶ,
471 2928 718 3001 φανερῶς
742 2929 834 2983 τοῦ
870 2930 1003 2984 Υίοῦ
1029 2931 1122 3004 τὴν
1150 2932 1335 2987 οὐσίαν
1361 2934 1739 3003 συκοφαντῶν.

562 3153 690 3207 Ὀτι
720 3155 1037 3223 ὁμοούσιος
1058 3153 1137 3221 τῷ
1158 3158 1341 3224 Πατρὶ
1370 3160 1403 3210 ὁ
1436 3159 1593 3224 Υἱός.

520 3243 841 3312 ’.ἀντίθεσις
887 3246 970 3311 ὡς
1024 3246 1092 3301 ἐκ
1160 3245 1280 3300 τῶν
1324 3248 1643 3317 samum.

364 3377 471 3431 Καὶ
500 3377 635 3443 πῶς,
668 3378 850 3449 φησὶν,
871 3379 1027 3434 ἔσται
1050 3378 1129 3450 τῷ
1154 3380 1331 3453 Πατρὶ
1359 3381 1645 3453 όμοούσιος
1664 3384 1692 3440 ὁ
1716 3384 1863 3454 Υἱὸς,

292 3468 462 3521 αἴτιον
484 3469 644 3522 αὑτὸν
670 3472 763 3524 τοῦ
795 3466 936 3525 εἶναι
963 3470 1137 3542 ἐχων;
1165 3474 1229 3526 Ὃ
1252 3474 1333 3546 μὴ
1362 3477 1628 3546 πρόσεστι
1654 3478 1732 3549 τῷ
1749 3480 1863 3533 Ila-

291 3557 397 3633 τρε.
427 3557 500 3613 Οὐ
522 3558 631 3633 γὰρ
652 3559 712 3627 ἐξ
736 3559 911 3617 αἰτίου
945 3561 1112 3629 τινὸς,
1138 3562 1275 3637 ὅπερ
1309 3563 1397 3633 ἂν,
1433 3564 1510 3630 ὠς
1551 3561 1725 3637 οἶμαι,
1752 3568 1861 3631 πᾶς

287 3669 371 3719 τις
392 3650 483 3708 οὖν
498 3654 696 3725 ἀληθὲς
723 3649 866 3707 εἶναι
899 3655 1145 3726 φήσειεν.

754 3855 912 3925 Πρὸς
955 3856 1131 3913 τοῦτο
1173 3860 1377 3926 λύσις.

353 3969 561 4041 Πολλὴν
588 3970 652 4024 ἄν
672 3986 757 4033 τις
784 3969 1009 4035 εἰκότως
1030 3969 1269 4043 ἀμαθίαν
1292 3971 1731 4045 καταψηφίσαιτο
1748 3975 1856 4029 τῶν

282 4062 348 4116 τα
392 4060 616 4115 τοιαῦτα
660 4060 983 4131 τολμώντων
1034 4060 1232 4116 λαλεῖν.
1279 4063 1409 4117 Υίδν
1439 4064 1547 4135 γὰρ
1576 4065 1851 4135 λέγοντες,

281 4155 374 4223 οὐχ
413 4152 702 4223 όμοούσιον
755 4148 893 4205 εἷναί
927 4170 1129 4221 φασιν,
1162 4154 1261 4207 οὐκ
1309 4154 1687 4227 αἰσθανόμενοι
1714 4159 1856 4228 τάχα

282 4246 412 4313 πρὸς
435 4246 504 4315 ἢν
530 4243 880 4315 ἐμϐαίνουσιν
909 4245 1110 4300 ἄνοιαν.
1147 4246 1210 4299 Ei
1240 4245 1349 4317 γὰρ
1375 4246 1501 4311 Υἱός
1535 4248 1705 4311 ἐστιν,
1742 4248 1855 4302 ὥσ.

280 4352 383 4408 περ
400 4333 496 4392 οὖν
531 4337 626 4391 καὶ
665 4337 814 4391 ἔστιν
841 4337 1073 4410 ἀληθῶς,
1106 4338 1260 4393 ἔσται
1297 4339 1517 4403 πάντως
1555 4339 1631 4411 τῷ
1663 4356 1854 4409 γεγεν-

278 4431 461 4499 νηκότι
482 4430 628 4485 κατὰ
652 4430 751 4501 τὴν
770 4431 959 4487 οὐσίαν
976 4435 1003 4486 ὁ
1026 4433 1208 4497 αὐτός.
1234 4434 1297 4487 Εἰ
1326 4433 1382 4487 δὲ
1403 4434 1501 4487 οὐκ
1525 4432 1673 4487 ἔστιν
1700 4434 1848 4499 Υἱὸς,

1974 2017 2093 2072 Erit
2136 2018 2316 2087 itaque
2348 2018 2498 2087 iuxta
2552 2021 2767 2077 illorum
2815 2023 3077 2077 insaniam
3111 2024 3332 2093 perinde
3382 2036 3546 2096 atque

1975 2126 2115 2165 unus
2141 2111 2367 2167 ﬁliorum
2398 2124 2451 2166 et
2473 2113 2695 2169 deorum
2721 2115 2811 2185 qui
2846 2118 3017 2170 vocati
3049 2124 3177 2172 sunt
3199 2118 3263 2171 ad
3291 2118 3540 2186 gratiam,

1973 2201 2038 2255 ad
2071 2215 2206 2271 quos
2237 2202 2367 2258 dicit
2398 2221 2411 2257 :
2446 2222 2463 2255 ι
2495 2202 2604 2273 Ego
2635 2205 2743 2259 dixi
2772 2224 2786 2260 :
2819 2205 2895 2260 Dii
2929 2206 3082 2271 estis,
3117 2214 3171 2261 et
3198 2206 3289 2260 ﬁlii
3327 2206 3538 2263 ΒεροΙεί

1969 2306 2158 2349 omnes
2178 2293 2219 2348 ⁸.
2255 2313 2273 2345 ι
2311 2293 2355 2348 Α
2382 2295 2577 2364 quibus
2611 2298 2751 2366 quod
2786 2298 2839 2352 in
2881 2299 3191 2355 universum
3220 2299 3457 2363 diﬂerat,
3487 2310 3544 2355 et

1969 2390 2177 2439 natura
2209 2381 2319 2456 76
2346 2385 2661 2443 excellentia
2694 2398 2977 2458 separatus
3007 2390 3098 2455 sit,
3128 2390 3357 2461 ipsemet
3380 2391 3537 2445 Cltri-

1974 2485 2091 2531 stus
2132 2477 2185 2531 in
2216 2477 2506 2550 Evangelio
2536 2464 2721 2548 aperie
2752 2481 2988 2547 docebit,
3036 2481 3288 2553 inquiens
3317 2501 3331 2536 :
3371 2500 3390 2535 ι
3430 2481 3535 2539 Vos

1968 2567 2032 2623 de
2065 2568 2319 2624 deorsum
2342 2570 2495 2635 estis,
2522 2586 2619 2641 ego
2646 2586 2710 2627 ex
2740 2574 2987 2642 supernis
3007 2589 3125 2632 sum
3144 2576 3203 2643 ';
3237 2594 3257 2629 ι
3286 2576 3539 2632 deorsum

1968 2659 2241 2729 appellans
2282 2670 2530 2715 naturam
2562 2674 2800 2719 creatam
2836 2674 2890 2719 et
2936 2664 3164 2736 imperio
3186 2667 3485 2737 subjectam
3520 2685 3536 2723 :

1968 2764 2181 2805 sursum
2232 2764 2362 2805 vero
2422 2750 2758 2809 divinitatem
2821 2768 2983 2824 supra
3051 2756 3232 2813 omnia
3293 2768 3537 2813 erectam

1966 2842 2323 2911 omnibusque
2363 2843 2739 2915 imperantem.
2790 2844 2923 2903 Cum
2974 2846 3135 2917 igitur
3164 2847 3413 2904 Christus
3456 2848 3540 2901 di-

1968 2941 2055 2986 cat
2087 2946 2145 2988 se
2182 2949 2245 2987 ex
2281 2936 2530 3003 supernis
2555 2949 2692 3001 esse,
2733 2936 2834 2990 iste
2868 2936 3014 2993 illum
3061 2938 3115 2993 in
3150 2939 3337 2995 inferis
3368 2938 3535 2994 collo-

1967 3033 2076 3088 cat,
2103 3024 2390 3081 manifeste
2422 3024 2541 3080 Filii
2578 3027 2870 3081 essentiam
2901 3028 3261 3084 calumnians.

2161 3157 2315 3224 Quod
2349 3158 2521 3213 Filius
2558 3161 2627 3215 sit
2668 3160 3130 3217 consubstantidis
3160 3161 3357 3231 lPatri.

2442 3248 2674 3320 Objeclia
2703 3268 2766 3307 ea:
2796 3250 2839 3305 Ε
2844 3254 3075 3309 unomio.

2037 3382 2143 3440 Sed
2174 3399 2284 3457 quo
2308 3394 2487 3452 pacto,
2524 3387 2723 3457 inquit,
2752 3387 2861 3445 erit
2890 3388 3368 3447 consubstantialis
3390 3389 3536 3446 Patri

1963 3474 2152 3541 Filius,
2199 3492 2323 3531 cum
2374 3476 2532 3532 Pater
2577 3480 2623 3533 ei
2677 3495 2839 3534 causa
2894 3480 3188 3535 exsistendi
3238 3482 3352 3537 sit?
3382 3483 3535 3549 Quod

1962 3564 2177 3632 quidem
2217 3565 2287 3620 de
2317 3563 2477 3622 Patre
2511 3568 2616 3623 dici
2669 3585 2772 3625 nou
2809 3578 3006 3639 potest.
3054 3569 3238 3642 Neque
3278 3573 3418 3627 enim
3452 3582 3536 3628 est

1960 3666 2026 3707 ex
2074 3653 2253 3722 aliqua
2303 3670 2488 3722 causa,
2533 3659 2677 3728 quod
2727 3668 2896 3714 certe.
2949 3666 3007 3713 ut
3049 3660 3306 3725 arbitror,
3346 3676 3535 3718 omnes

1960 3757 2146 3798 verum
2176 3758 2299 3801 esse
2328 3745 2662 3803 fatebuntur.

2451 3860 2661 3919 Salutio
2711 3863 3044 3934 objectionis.

2030 3968 2221 4026 Merito
2253 3983 2399 4029 certe
2434 3973 2557 4043 quis
2591 3989 2778 4030 eorum
2820 3974 3144 4045 imperitiam
3172 3975 3413 4037 damnet,
3440 3974 3535 4043 qui

1955 4063 2217 4138 ejusmodi
2260 4066 2461 4119 audent
2502 4066 2704 4121 dicere.
2743 4066 2939 4122 Filium
2981 4065 3128 4119 enim
3162 4080 3284 4121 cum
3316 4066 3526 4133 dicunt,

1955 4154 2476 4209 consubstantialem
2521 4168 2643 4208 esse
2691 4163 2912 4223 negant.
2969 4168 3075 4209 non
3131 4156 3429 4213 sentientes
3476 4159 3534 4216 in

1956 4262 2115 4316 quam
2146 4246 2538 4302 absurditatem
2573 4245 2843 4303 labantur.
2879 4245 2936 4301 Si
2968 4247 3112 4303 enim
3138 4246 3307 4303 Filius
3331 4258 3436 4313 est,
3469 4259 3531 4307 ut

1957 4336 2204 4406 profecto
2240 4347 2347 4404 est,
2387 4338 2493 4394 erit
2525 4340 2745 4397 omnino
2772 4339 3011 4410 ejusdem
3056 4340 3375 4397 substantia
3404 4357 3528 4398 cum

1952 4426 2229 4485 Genitore.
2269 4428 2327 4485 Si
2374 4444 2500 4484 vero
2542 4429 2713 4486 Filius
2760 4446 2865 4485 non
2910 4440 3013 4497 est,
3070 4431 3363 4487 secundum
3409 4447 3529 4496 vos,

278 4520 402 4573 καθ’
434 4522 598 4591 ὑμᾶς,
624 4522 833 4586 δείξατε
860 4525 1071 4596 γυμνὴν
1110 4524 1318 4579 ἑαυτῶν
1340 4525 1439 4596 τὴν
1475 4525 1846 4598 βλασφημίαν,

1964 4522 2153 4576 nudam
2200 4530 2437 4576 vestram
2490 4522 2881 4591 blasphemiam
2916 4523 3224 4592 patelacite,
3278 4532 3333 4579 et
3368 4524 3530 4578 dicite

277 4611 371 4665 καὶ
395 4610 585 4678 λέγετε
612 4614 820 4685 ποίημα
852 4610 1013 4677 εἶναι,
1051 4613 1137 4670 ἵνα
1166 4615 1301 4687 μηδὲ
1334 4618 1616 4687 ὁμοούσιος
1733 4618 1847 4671 Καὶ

276 4707 401 4757 τότε
429 4705 768 4777 δειχθήσεσθε
800 4707 1004 4772 πάσαις
1029 4707 1325 4778 μαχόμενοι
1355 4710 1474 4772 ταῖς
1504 4709 1677 4772 θείαις
1699 4710 1739 4764 Γ
1747 4727 1846 4779 ρα-

278 4799 427 4865 φαίς.
459 4798 584 4852 Υἰὸν
609 4799 712 4870 γὰρ
734 4800 951 4868 λέγουσι
980 4799 1072 4855 τὸν
1100 4800 1251 4863 Υίὸν,
1290 4803 1382 4855 καὶ
1418 4802 1478 4856 οὐ
1504 4802 1736 4873 ποίημα.

954 5000 1137 5053 ΑΛΛΟ

341 5114 516 5165 Αἴτιον
555 5113 885 5185 γεγενῆσθαι
918 5111 1014 5164 τοῦ
1052 5108 1189 5166 εἶναι
1237 5110 1314 5182 τῷ
1342 5112 1457 5181 Tit?)
1500 5112 1590 5165 τὸν
1622 5111 1838 5181 Πατέρα

274 5203 426 5271 φατὲ,
460 5205 595 5259 κατὰ
619 5205 738 5257 τίνα
769 5205 991 5275 τρόπον,
1021 5197 1480 5276 (expia-10961102;
1513 5202 1574 5255 Εἰ
1618 5202 1714 5270 μὲν
1748 5198 1845 5255 οὖν

270 5293 343 5355 ὡς
376 5294 702 5365 δημιουργόν
752 5311 875 5348 τινα
929 5294 1139 5367 ποίημα
1193 5291 1550 5361 φαντάζεσθε,
1603 5292 1698 5346 καὶ
1744 5295 1840 5362 οὐχ

270 5384 415 5446 Tibi),
446 5386 540 5437 καὶ
571 5385 871 5458 διαρρήδην
908 5386 1144 5456 μάχεσθε
1167 5385 1243 5454 τῷ
1270 5384 1441 5454 [Ia-cpi
1472 5384 1683 5451 λέγοντι
1714 5385 1841 5454 περὶ

268 5475 357 5529 τοῦ
392 5477 521 5530 ἰδίου
554 5480 921 5549 γεννήματος
971 5497 988 5528 t
1012 5476 1107 5531 Ἐκ
1129 5477 1364 5548 γαστρὸς
1414 5476 1519 5547 πρὸ
1562 5477 1838 5547 ἐωσφόρου

266 5569 584 5640 ὲξεγέννησὰ
626 5588 708 5624 σε.
744 5589 761 5621 )
803 5572 863 5622 Εἰ
907 5570 963 5623 δὲ
996 5570 1123 5623 Υἱδν
1162 5569 1327 5631 ὅντως
1368 5571 1710 5639 ὁμολογεῖτε,
1745 5572 1837 5623 καὶ

264 5661 429 5727 οὕτως
458 5660 597 5716 εἶναι
618 5663 932 5728 πιστεύετε,
975 5663 1185 5732 ἀνάγκη
1216 5665 1360 5716 πᾶσα
1382 5664 1454 5734 μὴ
1483 5664 1556 5727 ὡς
1574 5664 1834 5734 δημιουρ·

330 5843 371 5874 "
402 5841 591 5897 Matth.
630 5857 770 5908 xm,
801 5840 894 5899 29.
970 5840 989 5873 τ
1026 5838 1163 5894 l‘sul.
1212 5854 1259 5894 ν.
1294 5840 1372 5895 1‘2.
1451 5843 1468 5869 '

1504 5842 1640 5895 Psal.
1674 5858 1853 5906 LXltXl,
1895 5841 1943 5896 6.

1954 4622 2256 4668 creaturam
2288 4628 2427 4680 esse,
2454 4624 2512 4668 ut
2539 4628 2601 4667 ea
2630 4615 2838 4668 ratione
2867 4615 3341 4671 cousubstautialis
3361 4616 3525 4670 etiam

1951 4717 2058 4755 non
2086 4703 2175 4755 sit.
2198 4702 2273 4757 Ac
2296 4714 2407 4756 tum
2438 4705 2701 4760 universae
2720 4720 2890 4761 saera:
2910 4706 3205 4775 Scriptura:
3225 4720 3529 4776 repugnare

1950 4794 2336 4850 estettdetnini.
2372 4794 2567 4851 Filium
2595 4798 2739 4853 enim
2778 4798 3060 4854 nominant
3092 4797 3309 4863 Filium,
3335 4806 3391 4851 et
3420 4810 3526 4850 non

1951 4892 2279 4941 creaturam.

2618 5001 2844 5057 ALlUD.

2020 5113 2209 5170 Dicitis
2258 5113 2475 5168 Patrem
2527 5112 2691 5168 luisse
2743 5115 2879 5167 Filio
2926 5126 3145 5167 causam
3194 5114 3521 5181 emstendi;

1945 5223 2177 5279 quonam
2213 5222 2344 5263 vero
2379 5206 2557 5270 modo,
2603 5220 2636 5260 ο
2665 5205 2865 5261 Christi
2916 5205 3143 5261 hostes?
3169 5203 3335 5272 Nam,
3372 5207 3418 5262 si
3467 5215 3525 5261 ut

1951 5298 2415 5369 creatorem,jam
2463 5309 2770 5354 creaturam
2824 5313 2943 5354 esse
2992 5298 3381 5370 imaginamini,
3415 5317 3521 5356 non

1946 5393 2160 5454 Filium,
2197 5402 2251 5447 et
2282 5390 2573 5447 manifeste
2612 5392 2756 5447 Patri
2794 5391 3128 5461 repugnatis,
3162 5393 3253 5463 qui
3292 5392 3357 5445 de
3385 5392 3521 5447 Filio

1945 5498 2043 5537 suo
2065 5484 2136 5537 ita
2171 5483 2246 5536 ait
2279 5502 2289 5536 :
2326 5500 2345 5534 ι
2382 5483 2456 5537 Ex
2483 5493 2637 5537 utero
2664 5490 2789 5536 ante
2815 5480 3098 5536 luciferum
3128 5480 3288 5551 genui
3325 5488 3376 5533 te
3400 5479 3462 5535 “.
3497 5500 3514 5532 ι

1948 5575 2003 5627 Si
2040 5590 2165 5628 vero
2191 5574 2385 5628 Filium
2441 5588 2631 5628 revera
2664 5588 2785 5627 esse
2815 5572 3079 5639 Memini,
3115 5580 3275 5640 atque
3308 5571 3379 5625 ita
3404 5587 3521 5627 esse

1947 5666 2189 5731 creditis,
2221 5667 2587 5722 necessarium
2621 5666 2778 5734 plane
2826 5675 2907 5722 cst
2949 5675 3004 5721 ut
3048 5665 3285 5729 Patrem,
3320 5678 3422 5719 non
3462 5674 3520 5717 ut

2023 5844 2039 5862 “
2076 5842 2226 5897 Juun.
2261 5858 2371 5911 Vttt,
2416 5843 2503 5897 ‘25.
2586 5845 2623 5873 ’τ’
2653 5845 2771 5895 Pent
2828 5861 2909 5881 rn—
2963 5846 2991 5874 ιε
