4056 6264
559 399 658 455 li?

1547 403 1604 460 s.
1647 402 1919 459 CYRILIJ
1957 383 2424 459 ALEXANDRINI
2462 401 2782 458 ARCIIIEP.

3717 396 3820 450 128

559 526 860 572 creatorem
906 533 1136 574 causam
1169 519 1465 575 exsistendi
1517 520 1656 574 Filio
1703 521 1869 574 fuisse
1913 520 2108 575 dicatis

2235 519 2329 588 γδν
2355 521 2528 574 αἴτιον
2562 520 2658 573 τοῦ
2689 518 2830 574 εἰναι
2867 519 2946 590 τῷ
2987 515 3100 588 Υίῴ
3145 513 3471 586 γεγενῆσθαι
3501 511 3688 580 λέγειν
3725 511 3822 567 τὸν

557 609 652 662 sed
709 617 766 662 ut
803 611 1104 679 genitorem
1163 611 1504 667 naturaliter.
1554 611 1697 668 Nihil
1752 627 1882 668 vero
1925 613 2128 678 obstat,

2234 609 2475 681 Πατέρα,
2499 609 2613 663 ἀλλ’
2637 609 2713 673 ὡς
2743 610 3046 682 γεννήτορα
3079 603 3345 677 φυσικῶς.
3382 602 3600 658 Κωλύει
3643 601 3704 656 δὲ
3727 602 3824 656 οὑ-

558 700 666 752 imu
701 715 830 756 vero
874 702 1242 757 necessarium
1283 712 1392 768 est,
1438 712 1498 757 ut
1536 703 1586 757 id
1621 704 1767 774 quod
1809 703 2109 758 naturalitei

2227 701 2338 763 ὁὲν,
2375 702 2576 772 μᾶλλον
2628 700 2686 754 δὲ
2718 700 2935 771 ἀνάγκη
2989 699 3139 754 πᾶσα
3169 694 3232 750 τὸ
3276 695 3340 750 ἔκ
3369 712 3514 759 τινος
3559 692 3819 764 φυσικῶς

557 803 625 840 ex
665 788 848 857 aliquo
885 792 1174 859 processit,
1198 790 1375 846 simile
1412 792 1460 846 ei
1493 792 1788 847 secundum
1829 792 2127 847 essentiam

555 879 645 945 sit,
678 881 891 936 tametsi
920 882 1153 952 idipsum
1187 883 1486 938 exsistendi
1519 899 1740 940 causam
1773 883 1992 940 habeat.

1216 991 1449 1053 ALIUD.

623 1101 682 1156 Si
721 1103 980 1173 quidquid
1012 1118 1080 1160 ex
1119 1119 1285 1162 causa
1324 1106 1506 1178 aliqua
1553 1109 1636 1174 ﬁt,
1678 1110 1731 1166 id
1763 1113 1986 1170 omnino
2018 1115 2126 1170 erit

549 1193 830 1249 dissimilis
861 1209 983 1248 cum
1035 1197 1154 1266 ipso
1182 1197 1520 1265 substantiae,
1567 1205 1839 1270 quomodo
1881 1204 2016 1260 Abel
2049 1221 2118 1261 ex

547 1285 758 1339 Adamo
777 1295 1041 1356 tanquam
1066 1302 1134 1342 ex
1170 1303 1334 1343 causa
1367 1291 1604 1362 genitus,
1629 1293 1824 1350 similis
1851 1296 1899 1351 ei
1925 1311 2124 1352 secun-

549 1376 677 1429 dum
711 1375 1073 1430 substantiam
1110 1377 1257 1432 fuit?
1291 1379 1672 1438 Necessarium
1703 1385 1865 1454 igitur
1899 1389 2124 1444 omnino

545 1474 632 1518 est
665 1475 725 1519 ut
749 1467 928 1522 omnis
960 1468 1014 1522 in
1043 1469 1354 1525 universum
1387 1475 1700 1543 generatim
1729 1485 1942 1544 natura,
1973 1479 2125 1535 simi-

549 1555 620 1608 lia
649 1556 752 1611 sibi
795 1572 861 1611 ex
911 1573 973 1613 se
1022 1561 1304 1628 producat,
1355 1565 1575 1621 tametsi
1627 1566 1682 1622 id
1731 1568 1873 1635 quod
1924 1570 2121 1642 gignit,

543 1658 712 1698 causa
743 1644 814 1700 sit
841 1646 1162 1702 naturaliter
1183 1648 1234 1704 ei
1269 1651 1413 1719 quod
1436 1666 1504 1707 ex
1537 1666 1596 1710 se
1626 1655 1885 1726 gignitur.

1147 1756 1380 1818 ALIUD.

2229 791 2512 861 προελθὸν,
2538 791 2722 862 ὅμοιον
2741 787 2879 848 εἶναι
2905 791 3026 845 κατ’
3060 788 3246 842 οὐσίαν
3279 783 3467 852 αὐτοῦ,
3510 785 3619 839 κᾶν
3641 786 3821 839 αἴτιον

2229 882 2358 936 αὐτὸ
2393 881 2486 936 τοῦ
2513 875 2654 937 εἶναι
2682 881 2822 954 ἔχοι.

2909 996 3122 1054 ΔΛΛΟ.

2297 1112 2360 1166 Εἰ
2382 1114 2491 1168 πᾶν
2513 1114 2651 1185 ὅπερ
2669 1113 2736 1167 ἃν
2765 1111 2828 1178 ἐξ
2848 1112 3023 1167 αἰτίου
3042 1110 3191 1174 τινὸς
3220 1109 3464 1179 γένηται,
3490 1107 3659 1162 τοῦτο
3680 1103 3822 1160 πάνο

2223 1219 2332 1266 τως
2377 1203 2529 1258 ἔσται
2578 1204 2717 1276 πρὸς
2756 1203 2891 1259 αὐτὸ
2934 1205 3029 1258 καὶ
3057 1199 3435 1272 ἀνομοιούσιον
3479 1199 3583 1271 (Ι),
3636 1197 3758 1262 πῶς
3787 1199 3818 1250 6

2227 1295 2391 1349 Ἀσελ
2423 1295 2483 1362 ἐξ
2511 1295 2687 1350 αἰτίου
2703 1295 2984 1368 γεννηθεὶς
3013 1295 3108 1349 τοῦ
3138 1293 3330 1364 Ἀδὰμ,
3359 1294 3544 1364 ὅμοιος
3572 1286 3644 1363 ἦν
3663 1288 3818 1360 αὐτῷ

2224 1388 2345 1442 κατ’
2367 1389 2593 1454 oricia»;
2621 1388 2831 1443 Οὐκοῦν
2867 1389 3082 1458 ἀνάγκη
3110 1387 3297 1440 πᾶσαν
3339 1381 3530 1447 ἁπλῶς
3557 1397 3817 1451 γεννητι-

2225 1480 2327 1551 κὴν
2353 1480 2516 1550 φύσιν
2539 1521 2555 1545 ,
2585 1481 2750 1550 ὅμοια
2779 1479 2998 1544 πάντως
3031 1480 3168 1550 αὐτῇ
3210 1478 3284 1533 τὰ
3325 1476 3385 1544 ἑξ
3435 1475 3612 1546 αὐτῆς
3641 1473 3813 1544 ἔχειν,

2221 1571 2327 1626 κᾶν
2361 1571 2424 1624 τὸ
2451 1571 2636 1625 τίκτον
2662 1570 2836 1626 αίτιον
2862 1570 2898 1644 ᾖ
2933 1569 3182 1640 φυσικῶς
3209 1567 3288 1640 τῷ
3327 1567 3389 1636 ὲξ
3419 1565 3603 1635 αὑτοῦ,
3628 1578 3817 1620 τικτο-

2224 1663 2392 1735 μένῳ.

2904 1771 3110 1827 AAAO.

619 1869 673 1923 Si
726 1870 927 1927 idcirco
974 1870 1144 1929 Filius
1193 1890 1300 1930 non
1351 1886 1434 1933 est
1487 1880 1786 1938 secundum
1826 1886 2109 1943 essentiam

2290 1883 2353 1937 Εἰ
2385 1878 2473 1936 διὰ
2504 1877 2660 1938 τοῦτο
2683 1883 2808 1936 κατ’
2838 1867 3078 1937 οὐσίαν-ό
3099 1882 3230 1946 Υἱὸς
3261 1882 3363 1935 οὐκ
3387 1881 3542 1935 ἔσται
3573 1877 3657 1953 τῷ
3694 1881 3816 1934 Πα-

547 1959 741 2013 similis
768 1960 875 2030 77
908 1961 1053 2017 Patri
1079 1981 1254 2036 neque
1279 1969 1776 2042 consubstantialis,
1805 1963 1931 2046 quia
1959 1978 2120 2035 Pater

545 2061 610 2097 ex
656 2047 797 2101 nulla
848 2064 1010 2108 causa
1044 2053 1159 2108 sive
1205 2056 1472 2128 principio
1514 2071 1615 2126 est,
1649 2054 1819 2121 Filius
1844 2082 1970 2124 vero
2009 2059 2120 2125 Pa-

542 2143 682 2190 trem
729 2139 1051 2212 principium
1103 2143 1289 2212 habet,
1325 2149 1453 2219 quid
1515 2152 1785 2212 obstiterit
1831 2161 2118 2228 quominus

543 2223 788 2283 dicamus
813 2229 943 2287 Cain
978 2235 1139 2292 etiam
1165 2240 1306 2310 patri
1337 2256 1437 2298 suo
1462 2223 1979 2310 consubstantialem
2010 2269 2117 2310 non

541 2316 748 2409 fuisse?
779 2319 835 2374 Si
870 2323 1090 2391 quidem
1125 2327 1298 2385 Adam
1332 2346 1363 2386 a
1403 2336 1621 2393 nemine
1649 2352 1944 2409 generatus
1971 2345 2116 2400 fuit:

543 2408 750 2474 primus
779 2410 925 2466 enim
976 2416 1255 2473 hominum
1287 2419 1411 2477 fuit.
1447 2425 1579 2480 Cain
1625 2408 1755 2485 vero
1787 2431 1964 2502 ipsum
2011 2451 2113 2492 au-

540 2507 746 2552 ctorem
780 2509 834 2554 et
867 2502 1194 2576 principium
1237 2509 1446 2578 habuit,
1488 2530 1614 2570 nam
1643 2533 1711 2572 ex
1761 2521 1877 2589 ipso
1905 2528 2118 2592 genitus

539 2597 642 2640 cst.
681 2587 840 2658 Atqui
881 2593 924 2645 si
959 2593 1062 2648 hoc
1091 2596 1285 2652 falsum
1327 2611 1408 2656 est
1441 2587 1943 2672 (consubstantialis
1973 2615 2116 2680 enim

539 2676 748 2732 Adamo
775 2687 859 2735 est
892 2681 1068 2753 Cain),
1105 2687 1208 2741 erit
1234 2690 1479 2756 profecto
1514 2696 1991 2759 consubstantialis
2017 2676 2118 2759 Pa-

540 2767 606 2818 tri
648 2765 836 2834 Filius,
869 2774 1082 2828 tametsi
1117 2775 1268 2831 illum
1305 2793 1526 2838 causam
1569 2788 1865 2847 exsistendi
1897 2793 2115 2861 habeat,

547 2861 846 2926 procedens
878 2877 945 2917 ex
990 2863 1107 2934 ipso
1153 2868 1361 2941 absque
1389 2882 1655 2948 tempore,
1712 2889 1766 2936 et
1804 2883 1873 2938 ab
1913 2892 2118 2946 aeterno

537 2962 659 3003 cum
693 2951 808 3021 ipso
834 2954 1122 3013 exsistens.

1211 3067 1441 3136 ALIUD.

965 3185 1054 3244 Ea:
1082 3187 1374 3259 objectione
1400 3191 1676 3250 Eunomia.

606 3297 872 3351 (ueterum
895 3301 1188 3367 quomodo,
1215 3301 1412 3371 inquit,
1444 3303 1742 3375 ingenitum
1767 3312 1950 3382 genito
1977 3330 2110 3370 con-

534 3381 884 3440 anbstantiaie
921 3389 1059 3442 erit?
1105 3388 1327 3446 Multum
1359 3394 1502 3450 enim
1542 3397 1684 3454 inter
1729 3381 1793 3457 ea
1826 3410 1910 3459 est
1957 3405 2110 3462 dilic-

535 3477 741 3532 rentiar.
1547 3486 1554 3494 '

1031 3591 1240 3651 Salutio
1269 3599 1330 3653 ob
1327 3599 1598 3670 jectionis.

601 3703 783 3759 Ardua
811 3707 1030 3774 scilicet
1065 3711 1299 3766 hostium
1329 3713 1533 3770 Christi
1577 3716 1813 3786 obiectio
1844 3736 1952 3777 non
1996 3725 2112 3778 elli-

531 3798 636 3849 εἰει
679 3808 728 3849 ut
764 3797 934 3854 Filius
967 3817 1074 3857 non
1121 3803 1192 3860 sit
1243 3806 1722 3865 consubstantialis
1766 3812 1936 3881 Patri,
1986 3817 2108 3871 ideo

529 3889 651 3955 quia
705 3890 865 3945 Pater
913 3891 1189 3963 ingenitus
1237 3906 1342 3962 est,
1378 3897 1552 3956 Filius
1594 3916 1722 3958 vero
1763 3905 1998 3974 genitus.
2047 3909 2107 3964 Si

529 3980 672 4033 enim
698 3980 915 4040 dill‘erre
947 3987 1000 4040 in
1034 3985 1215 4057 aliquo
1245 3987 1375 4045 facit
1409 3999 1468 4045 ut
1495 3991 1706 4048 diversa
1744 3997 1816 4050 sit
1850 3997 1902 4051 in
1943 4002 2106 4056 rebus

531 4081 745 4137 natura,
775 4083 827 4128 et
852 4091 1046 4146 genera
1079 4095 1109 4133 a
1141 4091 1325 4135 mutua
1359 4082 1499 4138 inter
1520 4097 1578 4138 se
1604 4089 1979 4143 convenientia
2007 4107 2106 4145 na—

529 4165 795 4232 turalique
843 4168 1197 4226 similitudine
1251 4185 1500 4244 separat,
1544 4178 1882 4250 distinguant
1935 4181 2099 4235 etiam

527 4251 747 4305 Paulum
781 4269 809 4305 a
844 4255 1001 4312 Petro
1031 4260 1240 4314 ratione
1285 4266 1558 4332 essentize,
1619 4268 1888 4337 siquidem
1928 4273 2102 4339 parti-

527 4341 764 4395 cularem
813 4349 1102 4412 quamdam
1155 4351 1356 4406 habent
1395 4368 1459 4408 ac
1509 4358 1670 4410 veluti
1716 4358 1772 4412 in
1823 4360 2102 4418 individuo

527 4432 668 4485 inter
715 4447 775 4486 se
822 4434 1381 4508 diil'erentiam,juxta
1424 4459 1587 4513 quam
1636 4446 1724 4502 hic
1754 4449 1971 4518 quidem
2018 4462 2104 4508 est

2217 1970 2308 2042 τρὶ
2340 1967 2676 2042 προσεοικὼς
2696 1971 2818 2025 οὐδὲ
2844 1971 3150 2042 ὁμοούσιος,
3180 1969 3480 2041 ἐπειδήπερ
3501 1970 3530 2021 6
3563 1970 3665 2041 μὲν
3688 1970 3810 2022 Πα-

2217 2063 2323 2134 τὴρ
2358 2061 2460 2116 οὐκ
2490 2061 2547 2130 ἐξ
2576 2063 2749 2116 αἰτίου
2782 2063 2928 2126 τινός
2948 2063 3116 2128 ἐστιν,
3145 2063 3174 2114 6
3199 2060 3258 2113 δὲ
3284 2059 3411 2122 Υἱὸς
3431 2059 3606 2114 αἴτιον
3640 2059 3813 2114 αὐτὸν

2219 2153 2352 2226 ἔχει,
2378 2155 2431 2206 τί
2459 2152 2691 2206 κωλύσει
2715 2153 2894 2223 λέγειν
2921 2153 3003 2206 ὅτι
3034 2151 3129 2206 καὶ
3151 2151 3180 2204 6
3209 2150 3350 2205 Κάῖν
3372 2149 3578 2204 οὐκᾶν
3607 2150 3698 2221 εἴη
3729 2149 3812 2222 τῷ

2219 2241 2392 2314 πατρὶ
2425 2243 2738 2314 ὁμοούσιος;
2795 2243 3124 2312 Ἐπειδὴπερ
3168 2243 3196 2294 6
3229 2241 3328 2310 μὲν
3363 2239 3536 2310 Ἀδὰμ
3565 2239 3658 2292 ὑπ’
3709 2241 3812 2292 οὐ·

2217 2335 2366 2398 δενὺς
2389 2333 2675 2408 ἐγεννήθη·
2702 2334 2918 2405 πρῶτος
2941 2332 3050 2403 γὰρ
3074 2327 3144 2404 ἦν
3159 2330 3466 2401 ἄνθρωπος.
3499 2331 3558 2384 '0
3575 2331 3632 2384 δὲ
3651 2331 3804 2384 Κάϊν

2219 2425 2392 2480 αἴτιον
2421 2426 2580 2497 ἔσχεν
2607 2425 2791 2480 αὐτόν·
2819 2423 2879 2490 ἐξ
2906 2423 3069 2478 αὐτοῦ
3097 2421 3208 2493 γὰρ
3228 2422 3470 2491 γέγονεν.
3495 2419 3559 2478 Εἰ
3592 2422 3649 2476 δὲ
3670 2420 3809 2491 ψεύ-

2221 2504 2371 2572 σεται
2404 2517 2622 2582 πάντως
2648 2519 2676 2570 6
2696 2516 2854 2569 τοῦτο
2873 2515 3048 2584 λέγων
3069 2513 3378 2586 (ὁμοούσιος
3401 2512 3508 2584 γὰρ
3530 2513 3607 2583 τῷ
3620 2513 3802 2581 Ἀδὰμ

2217 2611 2246 2662 6
2271 2609 2454 2677 Κὰἳν),
2482 2607 2634 2660 ἔσται
2675 2605 2753 2677 τῷ
2793 2605 2971 2677 Πατρὶ
3021 2607 3240 2669 πάντως
3272 2604 3548 2676 ὀμοούσιος
3584 2603 3612 2655 6
3644 2601 3797 2664 Υἱὸς,

2219 2699 2323 2751 κᾶν
2349 2699 2519 2752 αἴτιον
2548 2696 2710 2749 αὑτὸν
2735 2696 2833 2768 ἔχῃ
2872 2695 2966 2749 τοῦ
3012 2690 3176 2761 εἶναι,
3212 2695 3272 2762 ἐξ
3318 2693 3482 2749 αὑτοῦ
3511 2691 3801 2766 προελθὼν

2218 2791 2484 2862 ἀχρόνως,
2515 2789 2613 2843 καὶ
2635 2787 2821 2853 ἁῖδίως
2840 2787 2914 2842 ὢν
2949 2787 3048 2842 σὺν
3080 2785 3252 2860 αὐτῷ.

2900 3090 3106 3144 ΛΑΛΟ.

2472 3203 2570 3272 Ὠς
2594 3203 2663 3269 ἐξ
2691 3201 3050 3268 ἀντιθέσεως
3075 3199 3194 3255 τῶν
3218 3200 3541 3270 Εὐνομίου.

2283 3319 2391 3372 Καὶ
2429 3318 2546 3380 πῶς
2573 3318 2746 3382 ἔσται,
2785 3316 2956 3386 φησὶν
2991 3314 3050 3368 τὸ
3086 3313 3381 3384 ἀγέννητον
3421 3313 3501 3384 τῷ
3548 3310 3792 3384 γεννητῷ

2211 3411 2532 3483 ὁμοούσιον;
2562 3405 2740 3479 Πολλὴ
2775 3408 2885 3478 γὰρ
2905 3408 2964 3460 ὲν
2985 3406 3170 3468 αὐτοῖς
3199 3406 3234 3477 ἠ
3269 3402 3522 3477 διαφορά.

2690 3605 2849 3676 Πρὸς
2886 3604 3062 3659 τοῦτο
3091 3605 3294 3672 λύσις.

2280 3727 2393 3777 Οὐκ
2413 3719 2706 3792 ἀνατρέψει
2733 3717 2793 3771 τὸ
2815 3716 2976 3787 σοφὸν
3003 3716 3112 3769 τῶν
3133 3716 3515 3789 χριστομάχων
3551 3718 3799 3789 πρόϐλη-

2213 3835 2289 3886 μα
2319 3816 2380 3869 τὸ
2401 3810 2541 3868 εἶναι
2579 3813 2670 3866 τὸν
2695 3811 2825 3864 Υἰὸν
2854 3809 3138 3880 ὁμοούσιον
3157 3808 3236 3878 τῷ
3263 3810 3462 3880 Πατρὶ,
3491 3811 3794 3882 ἐπειδήπερ

2208 3909 2236 3960 ὁ
2272 3907 2368 3977 μὲν
2402 3903 2589 3974 Πατὴρ
2614 3899 2911 3971 ἀγέννητός
2949 3899 3117 3961 ἐστιν,
3152 3898 3282 3963 Υἰδς
3322 3899 3380 3952 δὲ
3407 3900 3690 3969 γεννητὸς.
3732 3901 3795 3953 Εἰ

2207 3999 2317 4068 γὰρ
2341 3996 2402 4050 τὸ
2424 3996 2566 4049 κατά
2598 4011 2651 4048 τι
2685 3992 3003 4064 διαφέρειν,
3052 3990 3271 4054 πάντως
3308 3991 3402 4044 καὶ
3437 3992 3700 4063 διάφορον
3735 3995 3794 4047 ὲν

2206 4089 2316 4150 τοῖς
2341 4081 2459 4139 οὖσι
2483 4085 2581 4156 τὴν
2599 4082 2762 4153 φύσιν
2783 4079 3178 4151 ἀπεργάζεται,
3195 4080 3407 4150 καὶτῆς
3431 4080 3569 4150 πρὸς
3583 4081 3796 4154 ἄλληλα

2206 4175 2490 4238 κοινωνίας
2510 4192 2570 4228 τε
2617 4174 2712 4229 καὶ
2747 4173 2984 4243 φυσικῆς
3031 4171 3352 4242 ὁμοιότητος
3381 4172 3684 4242 ἀποτέμνει
3705 4173 3795 4227 -τὰ

2205 4269 2357 4340 γένηο
2379 4268 2786 4341 διοριζέτωσαν,
2817 4266 2954 4336 φέρε
2975 4265 3169 4329 εἰπεῖν,
3199 4263 3408 4317 καὶτὸν
3437 4263 3650 4318 Παῦλον
3677 4265 3793 4316 ἀπὸ

2203 4359 2295 4412 τοῦ
2313 4359 2518 4428 Πέτρου
2539 4358 2680 4412 κατὰ
2707 4357 2798 4410 τὸν
2813 4357 2912 4426 τῆς
2935 4355 3122 4419 οὐσίας
3144 4355 3322 4424 λόγον,
3344 4354 3637 4425 ἐπειδήπερ
3663 4355 3792 4409 τινὰ

2208 4449 2439 4520 μερικὴν
2451 4448 2631 4518 ἔχουσι
2649 4449 2743 4500 καὶ
2760 4448 2835 4511 ὡς
2853 4449 2909 4500 ὲν
2931 4447 3117 4518 ἀτόμῳ
3133 4446 3267 4518 πρὸς
3284 4445 3544 4516 ἀλλήλους
3568 4445 3668 4518 τὴν
3678 4448 3792 4501 δια-

527 4519 736 4585 Petrus,
769 4522 858 4577 hic
904 4538 1033 4580 vero
1060 4526 1280 4584 Paulus.
1332 4529 1585 4588 Videmus
1632 4547 1808 4590 autem
1857 4553 2100 4607 stepenu-

2214 4519 2396 4609 φορὰν,
2429 4538 2551 4592 καθ’
2575 4541 2641 4609 ἢν
2664 4539 2693 4590 ὁ
2719 4539 2816 4610 μὲν
2842 4537 2957 4592 ἔστι
2989 4539 3213 4610 Πέτρος,
3232 4541 3260 4591 6
3278 4538 3334 4592 δὲ
3368 4535 3599 4603 Παῦλος.
3622 4539 3790 4610 Ὀρῶο

525 4627 676 4666 mero
715 4615 881 4668 etiam
917 4632 985 4670 ea
1026 4631 1146 4688 qua:
1194 4619 1304 4676 alio
1357 4624 1515 4678 modo
1542 4640 1570 4677 a
1626 4637 1809 4681 mutua
1852 4628 1996 4684 inter
2039 4645 2100 4686 se

523 4703 878 4759 similitudine
933 4709 1164 4765 multum
1220 4713 1519 4779 dissident,
1573 4718 1826 4772 essentia:
1884 4720 2098 4775 ratione

521 4797 832 4852 convenire.
858 4797 990 4852 Nam
1018 4801 1180 4857 homo
1213 4805 1364 4873 niger
1391 4807 1618 4862 multum
1647 4809 1825 4866 diil'ert
1852 4812 1920 4866 ab
1949 4812 2094 4878 albo,

520 4891 613 4943 sed
655 4890 769 4944 haec
804 4889 1106 4946 diﬂercntia
1163 4909 1350 4949 eorum
1397 4899 1756 4954 substantiam
1807 4916 1912 4956 non
1967 4903 2100 4958 facit

521 4981 812 5036 diversam.
846 4981 904 5036 Si
951 4998 1082 5052 ergo
1128 4985 1290 5040 etiam
1336 4986 1392 5041 in
1431 4989 1589 5044 nobis
1635 4991 1766 5060 ipsis
1795 4993 2096 5050 diil'erentia

520 5073 812 5126 secundum
863 5073 1067 5145 aliquid
1122 5092 1228 5131 non
1282 5078 1534 5134 immutat
1579 5096 1700 5139 esse
1745 5084 1920 5154 ipsum
1967 5087 2098 5141 sub-

520 5163 754 5225 stantim,
787 5178 852 5217 ex
881 5180 988 5232 qua
1029 5174 1283 5222 constant
1327 5168 1399 5224 illi
1430 5171 1523 5240 qui
1571 5187 1602 5228 a
1637 5175 1793 5232 nobis
1815 5174 2095 5244 diil‘erunt,

520 5253 648 5321 quid
675 5253 854 5307 obstat
883 5257 1172 5323 quominus
1223 5259 1388 5314 etiam
1424 5261 1596 5320 Filius
1630 5265 1702 5320 sit
1730 5267 2092 5322 consubstan-

523 5342 666 5396 tialis
708 5342 876 5410 Patri,
925 5346 1136 5403 etiamsi
1170 5348 1224 5402 in
1268 5364 1334 5405 eo
1380 5351 1521 5407 inter
1565 5369 1626 5410 se
1667 5354 1918 5412 diil'erant
1952 5358 2096 5428 quod

525 5432 683 5486 νάιοι·
712 5435 784 5489 sit
812 5434 1100 5506 ingenitus,
1124 5438 1294 5498 Filius
1313 5455 1493 5499 autem
1522 5448 1776 5515 genitus?
1809 5449 1929 5506 Una
1949 5452 2094 5506 enim

523 5527 573 5576 in
617 5526 748 5594 ipsis
783 5537 866 5582 cst
893 5528 1085 5599 dcitas,
1115 5547 1178 5586 cx
1210 5533 1370 5592 Patre
1405 5535 1647 5606 ingenito
1689 5541 2010 5598 naturaliter
2040 5543 2094 5598 in

523 5613 716 5669 Filium
750 5619 1063 5686 procedens.

2210 4646 2308 4699 μεν
2327 4629 2385 4682 66
2421 4630 2503 4682 ὅτι
2531 4627 2793 4694 πολλάκις
2815 4630 2909 4682 καὶ
2938 4628 3008 4682 τὰ
3050 4628 3172 4682 καθ’
3219 4629 3406 4700 ἕτερόν
3429 4646 3554 4684 τινα
3586 4631 3790 4700 τρόπον

2203 4719 2588 4789 τῆςάλλήλων
2633 4719 2951 4790 ὁμοιότητος
2990 4718 3126 4772 πολὺ
3147 4718 3474 4788 διεστηκότα
3493 4759 3507 4783 ,
3539 4721 3790 4773 κοινωνεῖ

2205 4811 2346 4864 κατά
2375 4811 2465 4864 τὸν
2496 4811 2593 4880 τῆς
2612 4811 2798 4875 οὐσίας
2830 4810 3008 4879 λόγον.
3051 4811 3109 4864 '0
3138 4812 3238 4882 μὲν
3263 4811 3372 4884 γὰρ
3391 4812 3555 4883 μέλας
3583 4811 3789 4881 ἄνθρω-

2205 4917 2304 4964 πος
2335 4900 2496 4971 τυχὸν
2533 4901 2608 4965 ὡς
2647 4901 2782 4972 πρὸς
2820 4901 2911 4955 τὸν
2936 4901 3128 4956 λευκὸν
3159 4902 3360 4973 πολλὴν
3392 4903 3503 4972 ἔχει
3541 4905 3638 4972 τὴν
3671 4903 3786 4956 δια-

2206 4992 2400 5063 φορὰν,
2431 4991 2547 5046 ἀλλ’
2577 4993 2638 5044 οὐ
2663 4991 2820 5046 τοῦτο
2849 4992 2948 5064 τὴν
2975 4994 3166 5048 οὐσίαν
3195 4995 3378 5055 αὐτοῖς
3398 4993 3693 5062 διατέμνει.
3720 4994 3785 5047 Εἰ

2203 5085 2380 5138 τοίνυν
2397 5084 2491 5137 καὶ
2521 5083 2604 5153 ἐφ’
2625 5085 2786 5156 ήμῶν
2807 5085 2986 5139 αὐτῶν
3009 5088 3042 5156 ἠ
3065 5085 3206 5139 κατὰ
3225 5102 3276 5136 τι
3302 5085 3532 5154 διαφορὰ
3555 5084 3618 5138 1:6
3642 5081 3784 5140 εἶναι

2200 5175 2298 5246 τῆς
2328 5175 2498 5244 αὐτῆς
2521 5173 2707 5238 οὐσίας
2728 5174 2829 5228 οὐκ
2862 5175 3179 5246 ἀνατρέπει,
3207 5169 3274 5245 ἦς
3299 5170 3363 5226 ἂν
3395 5170 3505 5228 εἷεν
3539 5177 3782 5230 κάκεῖνοι

2200 5265 2336 5336 πρὸς
2367 5264 2458 5330 οὓς
2481 5265 2547 5318 ἂν
2575 5263 3011 5336 διακρινοίμεθα·
3061 5263 3114 5316 τί
3163 5264 3362 5318 κωλύει
3408 5267 3504 5320 καὶ
3535 5267 3626 5320 τὸν
3654 5268 3780 5321 Υἱὸν

2197 5355 2482 5427 ὁμοούσιον
2515 5351 2656 5408 εἶναι
2707 5353 2786 5424 τῷ
2825 5355 3018 5426 Πατρί,
3055 5356 3197 5409 κατὰ
3242 5356 3402 5411 τοῦτο
3454 5359 3778 5430 διαφέροντα

2198 5449 2318 5504 καθ’
2352 5449 2380 5502 ὃ
2414 5449 2513 5518 μὲν
2543 5446 2734 5517 Πατὴρ
2759 5446 3055 5519 ἀγέννητός
3085 5449 3255 5516 ἐστιν,
3291 5450 3319 5504 ὁ
3349 5450 3407 5504 δὲ
3433 5451 3560 5516 Υἱὸς
3586 5468 3775 5522 γεννη-

2196 5540 2321 5604 τός;
2353 5539 2467 5592 Μία
2490 5538 2598 5608 γὰρ
2631 5539 2690 5590 ἐν
2727 5537 2912 5602 αὐτοῖς
2949 5540 2984 5610 ἡ
3006 5538 3218 5609 θεότης,
3259 5540 3324 5593 ὲκ
3362 5542 3574 5614 Πατρδς
3615 5543 3776 5610 ἀγεν-

2198 5632 2358 5700 νήτου
2389 5630 2656 5701 τρέχονσα
2687 5629 2929 5700 φυσικῶς
2953 5631 3044 5684 ἐπὶ
3067 5631 3127 5685 τὸ
3154 5632 3419 5705 γέννημα.

593 5795 668 5864 (1)
707 5794 826 5854 Ed..
859 5795 1225 5866 ἁνομοοὺσιον.
1266 5798 1395 5859 Vide
1434 5804 1758 5861 Cutclet'iutn
1791 5808 1844 5864 in
1884 5818 1996 5864 not.
2024 5808 2088 5863 ad

2214 5823 2371 5861 mum.
2403 5805 2543 5862 Eccl.
2580 5807 2698 5878 (in,
2733 5826 2784 5881 p.
2814 5809 2938 5865 551.
2973 5809 3130 5866 Enn.
