4056 6264
215 287 294 342 l29

879 397 1075 452 AAAO.

425 513 776 577 ’Δγτίθεσις
817 511 894 576 ὼς
928 513 994 564 ἐκ
1032 511 1150 566 τῶν
1197 511 1520 580 Εὐνομίαν.

271 629 368 681 Οὐκ
395 626 465 680 ἂν
517 626 610 696 εἴη
642 625 867 690 τέλειος,
912 625 1059 695 φησι,
1093 625 1172 696 μὴ
1229 625 1446 688 πάντως
1485 621 1593 678 ἀπὸ
1629 637 1774 686 τινος

224 721 462 791 ἐκτρέχων
491 717 699 788 ἀρχῆς.
733 718 790 769 Et
821 715 990 769 τοίνυν
1013 716 1360 770 κατέπαυσεν
1386 717 1414 767 ὁ
1435 713 1627 786 Πατὴρ
1653 730 1776 782 γεν-

221 813 305 864 νῶν
321 813 406 863 τὸν
437 811 598 872 Υἱὺν,
623 809 682 860 τὸ
725 807 778 860 δὲ
812 807 1163 864 καταπαῦσαι
1199 807 1348 872 τέλος
1391 808 1571 871 ἐστὶν,
1601 807 1777 878 ἀρχὴν

223 904 312 973 ἄρα
340 902 450 972 ἔχει
478 900 572 954 τοῦ
617 897 770 953 εἶναι.
823 897 952 964 Πῶς
1003 893 1095 953 οὖν
1129 900 1156 952 ὁ
1206 897 1447 962 τοιοῦτος
1488 897 1776 970 ὀμοούσιος

229 995 358 1048 ἔσται
385 993 462 1064 τῷ
489 995 556 1046 ὲκ
585 991 847 1064 μηδεμιᾶς
879 991 1058 1064 ἀρχῆς
1086 989 1198 1043 δντι
1221 987 1425 1062 Ila-:95;

687 1166 842 1236 Πρὸς
869 1167 1046 1222 τοῦτο
1077 1167 1281 1234 λύσις.

289 1282 344 1334 Εἰ
368 1279 696 1335 κατέπαυσεν
725 1279 754 1332 ὁ
779 1277 988 1349 Πατὴρ,
1026 1277 1151 1331 καθ’
1197 1277 1364 1346 ὑμᾶς,
1386 1269 1432 1330 ὧ
1472 1273 1774 1347 χριστομά-

223 1389 310 1442 χοι,
339 1373 528 1442 γεννῶν
577 1371 668 1424 τὸν
701 1370 852 1434 Υἰὸν,
903 1371 999 1422 καὶ
1049 1369 1158 1422 ἀπό
1196 1385 1342 1432 τινος
1365 1367 1540 1438 ἀρχῆς
1571 1367 1776 1437 ἠρξατο

223 1464 372 1530 (τοῦτο
387 1465 492 1536 γὰρ
523 1462 680 1534 ὑμῶν
712 1463 748 1534 ἡ
781 1462 1052 1532 πρότασις
1075 1459 1236 1532 ἔχει),
1261 1459 1628 1532 προσγέγονεν
1668 1459 1776 1530 ἄρα

221 1553 286 1624 τῷ
311 1555 495 1626 Πατρί.
545 1553 620 1606 Th
665 1551 722 1605 δὲ
754 1553 1124 1624 προσγεγονὸς
1171 1553 1266 1604 καὶ
1295 1549 1472 1624 ἀρχὴν
1520 1549 1642 1620 ἕχον
1681 1548 1774 1601 τοῦ

222 1639 358 1706 εἶναι,
390 1646 700 1716 πρόσφατον
723 1647 790 1702 ἃν
815 1643 902 1714 εἴη
927 1645 1142 1706 πάντως
1169 1643 1262 1696 καὶ
1293 1641 1630 1710 ἀναγκαίως.
1649 1640 1776 1704 Πῶς

1607 275 2052 336 THESAURUS.

1803 397 1848 452 Α

3357 272 3458 326 Iw

2547 385 2776 440 ALIUD.

2312 499 2396 554 Ex
2433 499 2720 570 objectione
2745 497 3020 551 Eunomii.

1947 616 2249 680 Perfectus,
2281 613 2472 684 inquit,
2515 628 2638 668 esse
2677 628 2782 668 non
2829 621 3027 682 potest,
3077 613 3179 668 nisi
3213 616 3303 684 qui
3335 631 3454 672 om-

1877 711 2008 766 nino
2039 709 2108 763 ab
2133 708 2312 776 aliquo
2344 704 2610 774 principio
2642 705 2990 774 processerit.
3021 705 3076 759 Si
3102 706 3264 776 igitur
3291 705 3456 762 Pater

1877 804 2036 860 desiit
2065 815 2328 872 generare
2356 797 2576 864 Filium,
2603 799 2734 854 illud
2764 809 2946 852 autem
2987 799 3250 862 desinere,
3290 803 3450 854 linent

1876 894 2168 966 signilieal,
2210 893 2538 964 principium
2569 893 2752 962 itaque
2792 891 3087 946 exsistendi
3125 891 3302 944 habet.
3335 889 3452 958 Quo

1875 999 2034 1058 pacto
2063 987 2228 1058 igitur
2260 987 2306 1041 is
2337 985 2838 1042 consubstantialis
2867 983 2972 1040 erit
3009 983 3178 1048 Patri,
3213 983 3302 1053 qui
3331 983 3444 1038 nul-

1877 1080 1986 1135 lum
2015 1078 2340 1150 principium
2373 1078 2584 1134 habet?

2371 1167 2582 1222 Salutio
2633 1167 2958 1236 objectionis.

1944 1281 2002 1338 Si
2035 1279 2196 1336 desiit
2233 1279 2314 1334 vel
2345 1277 2580 1334 cessavit
2629 1276 2792 1330 Pater
2829 1290 3018 1330 creare
3057 1273 3274 1338 Filium,
3301 1277 3456 1342 juxta

1873 1381 2110 1428 vestram
2157 1371 2488 1440 Opinionem,
2547 1369 2732 1424 hostes
2773 1367 2998 1430 Christi,
3054 1376 3110 1420 et
3160 1365 3227 1419 ab
3273 1367 3453 1434 aliquo

1877 1463 2148 1535 principio
2179 1463 2342 1532 coepit
2371 1461 2484 1532 73
2509 1461 2606 1530 (ita
2645 1461 2790 1514 enim
2817 1471 2996 1514 vestra
3027 1459 3326 1528 propositio
3365 1461 3452 1514 ha-

1875 1555 2010 1625 bel),
2058 1569 2190 1624 ergo
2221 1553 2550 1606 adventitius
2585 1561 2668 1606 est
2695 1549 2864 1604 Patri.
2907 1551 2961 1604 Id
3007 1565 3138 1604 vero
3167 1549 3308 1619 quod
3353 1551 3450 1602 ad-

1875 1647 2166 1702 ventitium
2200 1645 2316 1700 sive
2373 1645 2664 1700 ascititium
2703 1655 2806 1709 est,
2837 1655 2890 1698 et
2923 1643 3248 1713 principium
3287 1641 3450 1696 habet

226 1735 281 1806 δὴ
303 1731 386 1790 οὖν
411 1739 522 1808 ἄρα
542 1737 740 1808 Once-te
755 1735 846 1786 τὸν
863 1735 990 1788 Υὶδν
1011 1736 1140 1789 Θεὸν
1163 1731 1305 1789 εἶναι
1331 1735 1482 1806 παρὰ
1507 1735 1606 1806 τῆς
1627 1733 1780 1797 θείας

1885 1739 2230 1802 exsistentim,
2261 1751 2454 1792 recens
2478 1737 2698 1790 omnino
2730 1736 2798 1790 sit
2827 1749 3050 1790 necesse
3075 1743 3175 1788 est.
3203 1733 3324 1801 Quo
3357 1749 3452 1801 pa-

229 1827 428 1898 Γραφῆς
455 1828 520 1880 οὐ
551 1823 1011 1896 συγχωρούμενον,
1047 1826 1110 1880 ἂν
1133 1823 1310 1890 οὕτως
1347 1827 1446 1900 ἔχῃ
1466 1868 1479 1892 ,
1517 1825 1776 1898 καθάπερ

235 1917 374 1987 ὑμεῖς
417 1935 580 1986 φατε;
623 1935 644 1970 ι
677 1919 784 1972 οὐκ
826 1917 974 1973 ἔσται
1019 1919 1129 1990 γὰρ
1180 1919 1239 1972 ὲν
1291 1918 1373 1970 σοὶ
1409 1917 1562 1981 Θεὸς,
1613 1919 1770 1986 φησι,

236 2008 536 2078 πρόσφατος.
563 2027 584 2060 ι
619 2009 752 2062 Ἀλλ’
770 2007 909 2064 οἶδεν
931 2011 1098 2065 αὐτὸν
1123 2013 1158 2081 ή
1183 2009 1302 2063 Θεία
1323 2009 1512 2080 Γραφὴ
1530 2009 1624 2062 καὶ
1639 2008 1773 2062 Υίδν

225 2097 334 2150 ὄντα
362 2099 446 2150 καί
473 2099 622 2156 Θεόν.
660 2102 778 2156 Οὐκ
807 2103 918 2173 ἄρα
949 2103 1294 2173 πρόσφατος,
1325 2103 1442 2154 οὐδὲ
1470 2101 1772 2172 ἀρξάμενος

216 2184 294 2238 τοῦ
317 2190 625 2255 γεννᾶσθαι,
656 2191 784 2244 καθ’
817 2193 996 2262 ὑμᾶς’
1033 2191 1174 2244 ἀλλὰ
1211 2192 1461 2260 γεννητὸς
1492 2193 1608 2262 μὲν,
1652 2207 1774 2244 συν-

205 2278 354 2340 attito;
381 2279 438 2332 δὲ
461 2281 618 2348 ὅμως
639 2281 718 2345 ὼς
741 2282 876 2344 Υἱὸς
899 2283 976 2332 ὢν
1003 2283 1060 2332 ὲν
1077 2280 1157 2350 τῷ
1179 2281 1372 2350 Ila-cpi.
1391 2282 1456 2334 Ei
1479 2282 1534 2334 δὲ
1555 2281 1614 2334 τὸ
1641 2277 1780 2334 εἶναι

201 2369 514 2437 πρόσφατον
544 2372 610 2422 οὔ
640 2372 1002 2442 συγχωρήσει
1029 2369 1134 2440 τῆς
1157 2371 1322 2440 αὐτῆς
1343 2373 1522 2435 οὐσίας
1551 2369 1686 2426 εἶναι
1709 2373 1786 2444 τῷ

200 2458 379 2528 Πατρὶ
411 2457 507 2510 τὸν
535 2458 696 2524 Υίδν,
724 2457 788 2513 τὸ
818 2461 896 2532 μὴ
937 2456 1073 2514 εἶναι
1123 2459 1434 2536 πρόσφατον
1459 2504 1473 2528 ,
1509 2463 1786 2534 ὁμοοὺοιον

197 2547 497 2612 ἀποδείξει.

893 2789 1094 2848 ΔΛΛῡ.

267 2899 328 2951 Εἰ
349 2898 494 2970 μόνῳ
511 2897 632 2969 Θεῷ
653 2897 734 2970 τῷ
760 2899 904 2954 κατὰ
921 2901 1080 2970 φύσιν
1101 2901 1166 2956 τὸ
1185 2907 1601 2974 προσκυνεῖσθαι
1625 2911 1778 2981 παρὰ

205 3008 256 3043 τε
283 2991 439 3061 ἡμῶν
461 2991 558 3045 καὶ
577 2991 828 3060 ἀγγέλων
859 2993 1152 3062 ὀφείλεται,
1185 2996 1356 3068 ἑτέρῳ
1383 2997 1441 3052 δὲ
1469 2999 1666 3067 οὐδενὶ,
1686 3003 1778 3055 καὶ

1878 1841 1966 1886 eto
1997 1830 2162 1898 igitur
2203 1827 2454 1883 statuetis
2488 1841 2702 1882 sacram
2739 1827 3074 1896 Scripturam
3109 1841 3216 1880 non
3259 1839 3454 1879 conce-

1877 1925 2005 1977 dere
2039 1919 2238 1974 Filium
2273 1920 2442 1974 Deum
2473 1933 2615 1984 esse,
2645 1919 2690 1974 si
2731 1919 2805 1972 ita
2835 1933 2894 1973 se
2935 1933 3020 1973 res
3055 1919 3235 1980 habet,
3269 1927 3326 1970 ut
3357 1931 3452 1970 vos

1877 2013 2104 2072 dicitis?
2133 2033 2150 2065 ι
2182 2011 2298 2068 Non
2323 2013 2466 2067 enim
2488 2010 2832 2080 erit,inquit,
2861 2009 2986 2063 inte
3013 2009 3152 2062 Deus
3181 2021 3387 2061 recens.
3427 2025 3448 2056 ι

1877 2105 2045 2176 Atqui
2087 2119 2242 2160 saera
2271 2103 2556 2172 Scriptura
2587 2101 2735 2156 illum
2779 2111 2836 2156 et
2869 2099 3066 2154 Filium
3107 2099 3366 2168 δείπνει-ῆι,
3399 2109 3452 2152 et

1879 2200 2072 2254 Deum.
2113 2195 2232 2250 Non
2271 2195 2436 2264 igitur
2465 2209 2656 2248 recens
2685 2203 2790 2256 est,
2821 2207 2996 2260 neque
3023 2191 3246 2260 incmpit
3287 2205 3452 2260 gene-

1879 2290 2011 2352 rari,
2045 2297 2104 2344 ut
2146 2302 2244 2342 vos
2293 2285 2614 2356 opinamini,
2667 2285 2762 2338 sed
2809 2285 3026 2354 genitus
3071 2282 3312 2352 quidem,
3361 2295 3454 2334 eo-

1884 2393 2117 2436 teternus
2149 2377 2526 2440 nihilominus,
2575 2387 2634 2430 ut
2665 2375 2836 2428 Filius
2877 2377 3147 2428 exsistens
3177 2374 3228 2426 in
3275 2372 3450 2424 Patre.

1884 2473 2032 2526 Sicut
2065 2469 2250 2540 igitur,
2284 2467 2328 2522 si
2365 2481 2557 2520 recens
2593 2475 2760 2530 esset,
2791 2465 3028 2532 ejusdem
3059 2463 3308 2518 essentia:
3338 2479 3456 2516 esse.

1881 2579 2000 2620 Cum
2033 2561 2192 2616 Patre
2225 2559 2394 2614 Filius
2442 2573 2781 2628 nequaquam
2817 2565 3020 2626 posset,
3085 2555 3155 2610 ita
3194 2557 3356 2612 etiam
3390 2571 3456 2610 eo

1881 2656 1996 2726 ipso
2027 2655 2170 2724 quod
2205 2667 2393 2709 recens
2419 2667 2524 2708 non
2555 2660 2660 2715 est,
2690 2647 3166 2706 consubstantialis
3204 2661 3324 2704 esse
3360 2649 3456 2702 de-

1881 2747 2140 2810 elaratur.

2555 2813 2784 2870 ALlUD.

1955 2929 2016 2984 Si
2050 2929 2149 2984 soli
2183 2927 2294 2984 Deo
2334 2927 2632 2984 secundum
2667 2934 2914 2980 naturam
2947 2925 3194 2984 adoratio
3229 2939 3260 2977 a
3303 2925 3456 2978 nobis

1882 3027 1938 3074 et
1969 3017 2176 3087 angelis
2200 3016 2446 3080 debetur,
2481 3023 2534 3070 et
2565 3015 2693 3068 nulli
2730 3013 2909 3078 alteri,
2941 3023 2994 3067 et
3031 3013 3097 3066 de
3133 3013 3288 3068 ltOblS
3326 3017 3460 3066 scri—

203 3083 284 3152 ἐφ’
320 3083 480 3152 ἡμῶν
511 3083 610 3154 μὲν
646 3083 880 3138 τέθειται
897 3101 912 3115 ο
939 3105 958 3136 ι
979 3085 1184 3156 Κύριον
1208 3087 1300 3142 τὸν
1328 3087 1462 3144 Θεόν
1489 3108 1586 3144 σου
1604 3107 1776 3162 προσ-

1885 3083 2164 3178 ριιιιιι-εει
2199 3125 2211 3158 :
2243 3125 2262 3159 ι
2303 3107 2588 3161 Dominum
2637 3103 2808 3157 Deum
2853 3113 3000 3157 tuum
3046 3105 3298 3158 adorabis
3323 3103 3400 3166 “;
3435 3123 3454 3156 ι

201 3176 484 3244 κυνήσεις,
519 3193 539 3224 ι
569 3175 820 3243 ἀγγέλοις
849 3176 908 3230 δὲ
941 3177 1004 3230 τὺ
1033 3178 1264 3248 Πνεῦμα
1285 3181 1504 3236 κελεύει
1533 3202 1780 3255 προσκυ-

201 3268 309 3318 νεῖν
337 3266 434 3320 τὸν
453 3266 608 3330 Υίὺν,
633 3266 774 3322 κατὰ
795 3268 878 3334 τὸ,
907 3287 924 3320 ι
950 3269 1124 3324 Ὅταν
1148 3271 1208 3324 δὲ
1236 3273 1508 3345 εἰσαγάγῃ
1523 3275 1614 3330 τὸν
1629 3291 1780 3346 πρωο

199 3356 420 3410 τότοκον
461 3359 542 3420 είς
571 3355 668 3427 τὴν
695 3357 1036 3431 οἰκουμένην,
1081 3359 1268 3429 λέγει’
1313 3363 1426 3418 Καὶ
1465 3378 1784 3436 προσκυνη-

198 3447 452 3506 σάτωσαν
471 3447 624 3518 αὐτῷ
650 3447 850 3512 πάντες
878 3449 1100 3518 ἄγγελοι
1122 3449 1279 3518 Θεοῦ,
1318 3472 1338 3505 ι
1358 3453 1492 3518 Θεὸς
1507 3454 1618 3526 ἄρα
1635 3455 1783 3510 ἐστὶν

193 3539 222 3592 ὁ
247 3537 731 3611 προσκυνούμενος
761 3540 911 3604 Υἱός.
949 3541 1076 3606 Πῶς
1107 3537 1200 3596 οὖν
1251 3543 1404 3598 ἔσται
1441 3545 1542 3616 μία
1571 3546 1778 3619 Θεότης,

193 3633 242 3686 εί
268 3631 376 3684 οὐκ
405 3631 543 3696 ἔστι,
575 3631 698 3686 καθ’
723 3633 890 3702 ὑμᾶς,
919 3633 1202 3704 ὀμοούσιος
1229 3635 1308 3706 τῷ
1329 3637 1544 3709 Πατρί;
1577 3640 1640 3694 Et
1671 3639 1781 3711 γὰρ

192 3722 312 3793 ἔχει
326 3722 456 3780 τινὰ
478 3721 756 3777 διάστασιν
781 3725 900 3794 ἤτοι
923 3725 1187 3798 διαφορᾲν
1209 3727 1348 3780 κατὰ
1365 3728 1458 3784 τὸν
1473 3730 1572 3796 τῆς
1593 3731 1780 3795 οὐσίας

189 3814 384 3883 λόγον,
418 3816 658 3886 ἑτεροῖος
689 3815 788 3886 μὲν
827 3815 896 3870 ἂν
922 3817 1008 3887 εἰη
1039 3815 1172 3880 Θεὸς
1201 3820 1230 3870 ὁ
1259 3819 1418 3886 Υἱὸς,
1453 3821 1690 3892 ἑτεροῖος
1722 3823 1782 3876 δὲ

189 3907 218 3962 ὸ
247 3907 480 3976 Πατὴρ,
505 3907 602 3958 καὶ
629 3905 720 3960 δύο
761 3907 906 3960 κατὰ
942 3907 1102 3962 τοῦτο
1137 3907 1301 3974 Geo-In;
1330 3911 1542 3983 ἀνάγκη
1565 3912 1744 3982 λέγειν
1762 3929 1776 3943 ’

189 3999 332 4068 ὅπερ
367 3998 526 4054 ἐστὶν
559 3997 774 4064 ἀσεϐὲς,
809 3999 902 4052 καὶ
938 3999 1060 4052 οὐδὲ
1093 3999 1252 4074 μέχρι
1279 4002 1440 4072 μόνον
1472 4003 1642 4074 ἀκοῆς
1677 4022 1782 4059 πα-

192 4089 488 4158 ραδεκτόν.
537 4089 677 4142 Ἀλλ’
705 4090 819 4144 ἐστι
843 4091 943 4162 μία
971 4091 1182 4164 θεότης,
1205 4094 1298 4146 καὶ
1316 4093 1458 4150 οὕτω
1485 4097 1782 4168 κηρύττου-

193 4198 276 4232 σιν
309 4183 372 4238 αἱ
402 4181 548 4238 θεῖαι
579 4181 795 4254 Γραφαί
815 4200 829 4214 ·
863 4183 1145 4253 ὁμοούσιος
1171 4185 1278 4256 ἄρα
1293 4185 1370 4256 τῷ
1383 4188 1560 4260 Ila.th
1585 4189 1616 4242 ὁ
1634 4189 1784 4256 Υἱός.

193 4271 354 4327 Οὕτω
393 4274 510 4346 γὰρ
547 4273 614 4330 τὸ
639 4273 702 4328 ἓν
723 4273 950 4344 Θεὸτητι
980 4277 1302 4349 σωθήσεται.

897 4385 1104 4443 ΔΛΛΟ.

265 4499 334 4552 Εἰ
359 4499 578 4568 ἦρξα-ιο
603 4498 696 4552 τοῦ
725 4499 922 4570 γεννᾷν
947 4499 1042 4554 τὸν
1067 4501 1196 4556 Υίὸν
1227 4504 1256 4555 ὁ
1285 4503 1478 4577 Πατὴρ
1519 4507 1614 4563 καὶ
1653 4526 1788 4564 κατ.

190 4590 445 4653 ἔπαυσε,
481 4590 622 4642 κατὰ
638 4591 732 4662 τὴν
757 4591 866 4646 τῶν
890 4595 1278 4665 χριστομὰχων
1315 4599 1532 4668 μανίαν,
1568 4601 1792 4658 ἀλλοίω-

191 4683 282 4748 σίς
305 4699 404 4745 τις
437 4681 535 4734 καὶ
559 4683 820 4756 μεταϐολὴ
853 4685 982 4755 περὶ
1001 4685 1163 4740 αὑτὸν
1189 4687 1430 4756 γέγονεν.
1468 4692 1532 4745 ’0
1563 4693 1670 4764 γὰρ
1689 4695 1789 4749 οὐκ

185 4767 260 4854 ἦν
287 4772 436 4843 πρὶν
458 4771 712 4844 γεννήσῃ,
749 4772 938 4842 γέγονε
963 4773 1102 4844 μετὰ
1121 4774 1180 4828 τὸ
1208 4780 1486 4847 γεννῆσαι.
1510 4779 1572 4832 Et
1599 4779 1656 4832 δὲ
1679 4781 1788 4834 τῶν

186 4863 482 4916 τοιούτων
513 4861 764 4932 ἀνωτέρω
792 4863 853 4917 τὸ
885 4864 1028 4920 θεῖόν
1075 4867 1191 4920 ἐστι
1237 4871 1444 4942 τροπῆς
1476 4887 1536 4924 τε
1561 4871 1654 4928 καὶ
1692 4873 1791 4925 ὰ).-

187 4951 488 5016 ὶ.οιώσεως
521 4953 889 5023 ἀνεπίδεκτον,
921 4957 1022 5010 οὐκ
1055 4957 1255 5028 ἠρξατο
1303 4959 1396 5012 τοῦ
1429 4964 1644 5032 γεννᾷν,
1675 4964 1796 5018 οὐδὲ

187 5046 550 5110 κατέπαυσε,
586 5047 839 5120 καθάπερ
866 5043 1014 5102 οὗτοί
1044 5067 1210 5120 φασιν
1231 5069 1245 5084 ·
1293 5053 1409 5106 ἀλλ’
1448 5049 1518 5126 ἦν
1555 5057 1796 5126 ἀχρόνως

184 5135 252 5188 ἐν
277 5137 471 5207 Πατρὶ
499 5139 528 5191 ὁ
565 5139 670 5192 τῶν
721 5139 942 5194 αἰώνων
995 5142 1088 5196 καὶ
1121 5143 1328 5214 χρόνων
1368 5144 1599 5214 ποιητὴς
1647 5145 1794 5208 Υἱός.

193 5225 446 5297 Ἐπειδὴ
467 5227 523 5280 δὲ
555 5229 839 5296 συναῖδιος,
870 5229 961 5283 διὰ
990 5231 1145 5284 τοῦτο
1170 5233 1264 5286 καὶ
1295 5231 1598 5304 ὁμοούσιος.

901 5433 1108 5487 AAAO.

257 5540 334 5597 ΕΞ
364 5541 572 5616 ἤρξατο
591 5545 686 5624 τοῦ
721 5546 930 5617 γεννᾷν
951 5545 981 5596 ὀ
1023 5545 1216 5614 Πατὴρ
1262 5546 1350 5598 τὸν
1377 5549 1520 5611 Υἰὸν,
1565 5552 1798 5620 προσγέ-

257 5707 302 5734 ²¹
349 5706 500 5764 Deut,
543 5725 618 5778 νι,
667 5711 768 5774 l3;
807 5705 1006 5760 Matth.
1045 5721 1116 5770 tv,
1155 5707 1237 5760 10.
1322 5709 1360 5737 ¹¹
1393 5707 1548 5765 Hebr.
1581 5728 1616 5778 l,
1658 5716 1706 5768 ὓ.

1887 3198 2094 3270 angelis
2137 3213 2267 3252 vero
2319 3197 2552 3267 Spiritus
2591 3195 2746 3266 jubet
2779 3195 3010 3250 adorare
3051 3195 3270 3262 Filium,
3302 3196 3456 3268 juxta

1889 3289 2018 3344 illud
2051 3307 2064 3342 :
2094 3305 2114 3341 ι
2153 3289 2378 3356 Quando
2414 3287 2686 3342 induxerit
2717 3287 3138 3357 primogenitum
3187 3287 3242 3342 in
3269 3291 3455 3344 orbem

1891 3391 2200 3448 terrarum,
2255 3380 2430 3434 dicit:
2463 3379 2530 3432 Et
2591 3380 2821 3434 adorent
2867 3396 2988 3434 eum
3039 3397 3230 3436 omnes
3283 3385 3462 3454 anguli

1888 3471 1981 3528 Dei
2005 3473 2086 3541 υς
2117 3491 2136 3522 ι
2195 3472 2340 3526 Deus
2371 3485 2506 3541 ergo
2551 3477 2634 3525 est
2687 3471 2855 3526 Filius
2889 3471 2978 3540 qui
3027 3473 3306 3528 aduratur.
3341 3475 3462 3540 Quo

1885 3573 2048 3634 pacto
2075 3561 2240 3633 igitur
2261 3564 2370 3616 erit
2405 3577 2510 3616 una
2543 3561 2740 3628 deitaa,
2777 3563 2820 3616 si
2851 3577 2958 3616 non
2993 3573 3096 3626 est,
3121 3576 3180 3618 ut
3215 3579 3309 3620 vos
3341 3568 3462 3634 opi-

1889 3655 2118 3720 nmini,
2151 3653 2636 3711 consubstantialis
2667 3653 2851 3708 Patri?
2879 3656 2936 3708 Si
2969 3657 3114 3710 enim
3149 3657 3460 3712 distantiam

1887 3743 2004 3798 sive
2029 3739 2392 3796 diﬂ'ereutiatn
2433 3741 2598 3796 ullam
2637 3743 2798 3798 habet
2827 3743 3036 3798 ratione
3067 3747 3340 3807 essentize.
3375 3747 3458 3800 di-

1885 3849 2080 3890 versus
2111 3847 2248 3889 sane
2292 3833 2454 3890 fuerit
2485 3833 2630 3890 Deus
2659 3833 2832 3890 Filius
2861 3851 2888 3886 a
2931 3835 3042 3890 Deo
3073 3835 3256 3898 Patre,
3299 3845 3464 3904 atque

1889 3924 1964 3978 ita
2005 3925 2146 3980 duos
2167 3925 2310 3980 Deos
2345 3925 2682 3980 constituere
2733 3939 2952 3978 necesse
2985 3925 3090 3978 erit
3117 3943 3131 3976 :
3167 3926 3308 3992 quod
3339 3929 3462 3991 qui-

1888 4016 2010 4072 dem
2041 4016 2264 4085 impium
2299 4027 2402 4080 est,
2437 4027 2490 4071 et
2521 4015 2605 4070 vel
2633 4016 2746 4070 solo
2769 4017 2952 4068 auditu
2982 4015 3338 4070 exsecrabile.
3369 4016 3466 4068 At-

1889 4109 1982 4178 qul
2013 4123 2120 4162 una
2153 4117 2240 4164 est
2273 4108 2471 4169 deitas,
2507 4115 2672 4170 atque
2705 4106 2778 4160 ita
2819 4121 2988 4160 sacra:
3025 4103 3244 4160 Littera:
3273 4109 3466 4174 praedi-

1890 4205 2014 4252 cant
2044 4215 2060 4254 :
2089 4196 2574 4254 consubstantialis
2625 4197 2790 4266 igitur
2825 4208 2908 4254 est
2957 4197 3104 4254 Patri
3153 4199 3340 4256 Filius.
3389 4203 3464 4257 tta

1813 4329 1860 4386 Β
1891 4290 2038 4346 enim
2068 4291 2252 4346 unitas
2289 4289 2342 4346 in
2383 4288 2594 4346 Deitate
2626 4293 3060 4348 conservabitur.

2560 4403 2790 4462 ALIUD.

1965 4519 2024 4575 Si
2056 4521 2222 4592 erepit
2251 4535 2513 4590 generare
2557 4521 2752 4575 Filium
2797 4521 2956 4577 Pater
3004 4531 3058 4576 et
3099 4522 3281 4586 desiit,
3311 4523 3460 4593 juxta

1893 4611 2137 4666 insanam
2169 4613 2375 4668 Christi
2407 4613 2640 4667 hostium
2684 4613 3015 4681 opinionem,
3047 4613 3295 4669 alteratio
3315 4629 3464 4684 qum-

1895 4701 2018 4756 dam
2049 4711 2102 4758 et
2135 4705 2365 4758 mutatio
2387 4704 2435 4758 ei
2466 4705 2684 4759 accidit.
2715 4703 2848 4758 Nam
2883 4707 3027 4775 quod
3066 4722 3171 4760 non
3219 4718 3337 4760 erat
3365 4723 3464 4756 au-

1895 4800 2112 4860 tequam
2143 4803 2453 4862 generaret,
2500 4795 2676 4850 factus
2719 4807 2799 4851 est
2835 4807 3120 4866 postquam
3161 4795 3461 4861 generat-it.

1896 4883 2060 4951 Atqui
2096 4883 2142 4938 si
2171 4885 2427 4940 divinitas
2473 4887 2602 4941 nulli
2633 4889 2942 4942 alterationi
2981 4885 3338 4940 mutatiouive
3372 4885 3470 4936 ob-

1899 4976 2060 5028 noxia
2091 4983 2196 5038 est,
2246 4989 2353 5028 non
2393 4989 2526 5045 ergo
2555 4978 2722 5045 caapit
2765 4989 3049 5046 generare,
3085 4988 3262 5042 neque
3305 4973 3468 5026 etiam

1899 5066 2099 5130 desiit,
2165 5067 2618 5135 quemadmodum
2675 5070 2764 5122 isti
2815 5069 3152 5134 opinantur,
3207 5065 3302 5122 sed
3353 5077 3472 5122 erat

1900 5156 2104 5224 absque
2145 5167 2388 5225 tempore
2427 5160 2480 5213 in
2511 5159 2694 5224 Patre,
2728 5156 3048 5214 saeculorum
3082 5167 3137 5212 et
3169 5165 3470 5228 temporum

1900 5246 2142 5302 omnium
2194 5247 2443 5304 conditor
2471 5248 2662 5304 Filius.
2710 5248 2846 5306 Cum
2875 5261 3008 5304 vero
3047 5258 3350 5304 coaeternus
3379 5248 3472 5310 sit,

1903 5335 2214 5392 necessario
2243 5337 2410 5394 etiam
2445 5337 2942 5398 consubstantiatis.

2575 5456 2808 5512 ALIUD.

1981 5561 2034 5614 Si
2071 5561 2230 5618 Pater
2260 5568 2416 5636 coepit
2449 5586 2710 5639 generare
2743 5566 2966 5630 Filium,
3000 5566 3228 5623 accessit
3259 5559 3484 5619 omnino
