4056 6264
577 262 671 316 IS!

1566 256 1623 311 S.
1664 255 1937 312 CYRIIJJ
1980 254 2450 311 ALEXANDRINI
2489 255 2810 311 ARCHIEP.

3730 259 3830 313 139.

576 381 679 433 hoc
728 373 794 428 ad
825 371 1116 428 essentiam
1144 370 1338 440 ipsms,
1366 377 1421 423 et
1459 370 1602 439 quod
1649 371 1804 425 initio
1835 386 1941 425 non
1982 372 2146 425 habe-

2254 387 2410 439 γονεν
2432 372 2537 441 ἄρα
2575 373 2644 443 τῇ
2669 370 2828 442 οὐσίᾳ
2856 370 3021 425 αὐτοῦ
3050 369 3226 436 τοῦτο,
3258 370 3352 426 καὶ
3385 369 3521 440 ὅπερ
3558 368 3653 421 οὐκ
3686 365 3829 440 εἶχεν

574 469 688 532 bat,
723 476 911 536 postea
947 462 1177 531 accepit.
1206 462 1360 529 Quod
1401 476 1527 517 vero
1570 462 1894 518 incrementi
1923 463 2151 534 alicujus

575 571 659 615 est
699 574 892 629 capax,
923 554 1302 626 imperfectum
1341 555 1553 611 censeri
1601 556 1781 622 debet,
1822 571 1928 611 non
1968 566 2149 612 autem

575 654 895 725 perfectum.
937 648 1046 722 79
1090 650 1196 705 Sed
1256 650 1357 705 hoc
1407 649 1699 704 absurdum
1755 660 1877 705 est:
1912 633 2150 719 perfecta

574 747 717 802 enim
761 754 844 799 est
875 741 1056 798 Patris
1096 741 1359 796 essentia.
1394 740 1673 795 Generare
1719 741 1884 812 igitur
1914 756 2020 794 non
2054 740 2153 795 fuit

575 834 629 889 in
664 850 729 891 eo
773 832 1162 896 accessorium,
1215 831 1310 886 sed
1369 830 1532 885 infuit
1580 831 1685 886 hoc
1726 833 1775 887 ei
1824 832 1891 887 ab
1926 841 2149 901 aeterno,

574 940 749 995 neque
782 938 1016 993 unquam
1050 936 1172 977 esse
1208 921 1395 992 coepit.
1436 919 1493 975 Si
1512 932 1690 976 autem
1725 938 1830 977 non
1867 924 2032 993 cmpit
2056 938 2150 994 ge-

573 1032 790 1083 nerare,
811 1022 1114 1072 coaeternus
1149 1029 1279 1084 ergo
1305 1023 1389 1068 est
1429 1013 1577 1068 Patri
1610 1011 1783 1069 Filius
1810 1028 1878 1069 ex
1923 1015 2038 1085 ipso
2058 1030 2150 1085 ge-

573 1111 738 1165 nitus.
766 1108 831 1162 Et
861 1105 1353 1177 quemadmodum,
1383 1105 1428 1161 si
1461 1104 1673 1160 initium
1718 1105 2010 1165 exsiswndi
2053 1106 2153 1161 ha-

570 1200 802 1265 buisset,
844 1215 948 1255 non
991 1208 1140 1253 esset
1181 1197 1663 1253 consubstantialis
1690 1196 1835 1252 Patri
1862 1213 1877 1251 :
1905 1198 1999 1264 ita,
2023 1199 2151 1268 quia

570 1307 677 1347 non
737 1290 928 1345 habuit
977 1290 1191 1345 initium
1243 1290 1297 1344 in
1349 1299 1631 1360 tempore,
1674 1290 2152 1346 consubstantialis

569 1383 794 1439 omnino
823 1383 947 1439 erit.
1324 1408 1326 1410 τ

1050 1468 1284 1538 ALIUD,
1328 1471 1665 1541 explicatius.

643 1608 1109 1675 Quemadmodum
1155 1609 1231 1664 illi
1271 1610 1360 1678 qui
1393 1608 1608 1664 veritati
1645 1614 1969 1677 repugnant,
1999 1605 2148 1676 prin-

2253 465 2310 516 ἐν
2334 464 2498 534 ἀρχῇ,
2527 463 2861 535 προσέλαϐεν
2885 463 3129 535 ὕστερον.
3146 464 3220 517 Τὸ
3237 463 3293 517 δὲ
3316 459 3633 538 προσθήκην
3654 462 3831 515 ἐπιδε-

2251 556 2480 627 χόμενόν
2526 574 2667 621 τινα,
2723 555 2910 620 ἀτελὲς
2936 554 3002 608 ἂν
3027 556 3134 626 εἴη,
3166 556 3259 608 καὶ
3303 555 3367 609 οὐ
3404 553 3629 609 τέλειον.
3673 551 3832 607 Ἀλλὰ

2251 646 2409 700 τοῦτο
2434 647 2633 701 ἄτοπον
2658 664 2672 679 ’
2706 647 2887 703 τελεία
2920 647 3030 719 γὰρ
3065 650 3099 718 ἡ
3125 646 3218 701 τοῦ
3253 646 3465 716 Πατρὸς
3510 645 3685 700 οὐσία.
3718 646 3831 700 Οὐκ

2252 737 2361 810 ἄρα
2390 738 2756 811 προσγέγονεν
2801 738 2939 810 αὐτῇ
2976 738 3036 792 τὸ
3068 739 3261 809 γεννᾷν
3284 780 3301 803 ,
3346 736 3462 790 ἀλλ’
3489 731 3557 808 ἦν
3603 738 3660 789 ἐν
3694 738 3831 807 αὐτῇ

2251 833 2411 886 τοῦτο
2439 832 2539 886 οὐκ
2572 832 2901 904 ἀρξάμενον.
2930 832 2994 885 El
3014 831 3071 884 δὲ
3099 832 3198 885 οὐκ
3223 829 3424 902 ἦρξατο
3464 830 3681 901 γεννᾷν,
3708 847 3833 881 συν-

2254 926 2422 989 αἲδιος
2456 926 2565 996 ἄρα
2588 926 2705 979 ἐστὶ
2726 924 2805 996 τῷ
2830 924 3009 996 Ila-cpi.
3032 924 3060 976 ὁ
3088 922 3147 989 ἐξ
3172 922 3334 979 αὐτοῦ
3371 923 3653 993 γεννηθεὶς
3681 922 3829 985 Υἱός.

2252 1018 2365 1072 Καὶ
2387 1017 2575 1089 ὥσπερ
2599 1019 2647 1070 εἰ
2669 1017 2844 1089 ἀρχὴν
2867 1017 2991 1089 ἔσχε
3014 1015 3107 1070 τοῦ
3137 1000 3296 1081 εῖναι,
3325 1017 3425 1069 οὐκ
3448 1015 3514 1070 ἂν
3538 1012 3607 1087 ἦν
3636 1016 3835 1087 ὁμοού-

2254 1128 2389 1175 σιος,
2416 1109 2590 1175 οὕτως
2614 1112 2735 1166 ἐπεὶ
2764 1110 2842 1183 μὴ
2872 1110 3028 1184 ἔσχεν
3050 1110 3225 1183 ἀρχὴν
3243 1110 3342 1182 τὴν
3368 1110 3425 1164 ὲν
3457 1110 3656 1182 χρόνῳ,
3680 1108 3834 1167 ἔσται

2253 1203 2472 1269 πάντως
2500 1202 2806 1276 ὁμοούσιος.

2364 1544 2373 1553 ὥ
2694 1463 2902 1533 ΔΛΛΟ,
2933 1465 3390 1538 διηγηματικῶς.

2324 1592 2538 1667 ’Ὠσπερ
2566 1597 2615 1650 οἱ
2641 1596 2706 1669 τῇ
2736 1596 2967 1671 ἀληθείᾳ
2991 1598 3311 1672 μαχόμενοι,
3342 1596 3518 1670 ἀρχὴν
3556 1598 3649 1652 καὶ
3679 1598 3839 1662 τέλος

570 1701 768 1771 cipium
790 1711 847 1755 et
872 1702 1032 1755 tinem
1064 1702 1399 1772 generationi
1430 1701 1554 1757 Filii
1584 1701 1941 1766 ascribentes,
1973 1700 2146 1769 ipsum

2250 1686 2317 1755 τῇ
2340 1685 2433 1739 τοῦ
2460 1685 2589 1740 Υἱοῦ
2616 1689 2867 1758 γεννήσει
2884 1689 3276 1761 περιτιθέντες,
3301 1690 3653 1744 ἐκϐάλλουσιν
3672 1690 3839 1742 αὐτὸν

572 1794 641 1847 ab
698 1793 1058 1849 similitudine
1120 1809 1243 1849 cum
1302 1793 1463 1849 Patre
1513 1792 1847 1859 exciudunt;
1907 1791 1979 1845 ita
2028 1805 2147 1855 nos,

569 1897 748 1952 neque
805 1885 1128 1955 principium
1172 1898 1347 1954 neque
1385 1883 1547 1937 linem
1599 1879 1969 1952 generationis
2028 1878 2149 1935 Filii

567 1984 946 2042 agnoscentes,
1008 1974 1378 2029 omnimodam
1431 1973 1480 2028 ei
1548 1971 1962 2027 similitudinem
2025 1984 2150 2025 cum

566 2063 727 2119 Patre
771 2066 1078 2121 tribuimus.
1121 2064 1274 2133 Quod
1321 2079 1452 2121 vero
1491 2079 1589 2135 per
1628 2063 1809 2120 omnia
1840 2062 2017 2118 simile
2047 2071 2149 2128 est,

569 2156 1039 2212 consubstantiale
1061 2157 1226 2212 etiam
1253 2165 1353 2212 est.

732 2289 885 2357 Quod
942 2289 1411 2346 consubstantialis
1460 2291 1529 2343 sit
1583 2288 1759 2344 Filius
1818 2286 1991 2343 Patri.

1160 2383 1401 2453 Objectio
1423 2384 1579 2437 Aetii.

635 2496 755 2565 Quo
793 2506 955 2567 pacto
980 2497 1152 2567 possit
1181 2499 1412 2561 servari,
1450 2499 1647 2567 inquit,
1687 2496 1943 2552 identitas
1974 2507 2154 2550 essen-

566 2590 656 2644 tia:
693 2592 748 2643 in
796 2588 960 2642 Patre
1012 2598 1066 2641 et
1105 2586 1269 2655 Filio,
1318 2590 1362 2642 si
1409 2586 1572 2642 Pater
1622 2589 1838 2657 quidem
1879 2588 2153 2655 ingenitus

561 2692 669 2747 est,
707 2680 880 2735 Filius
923 2689 1107 2733 autem
1158 2679 1412 2750 genitus?
1453 2678 1835 2734 Necessarium
1886 2681 2030 2734 enim
2070 2687 2155 2734 est

564 2774 731 2845 plane
766 2772 926 2826 lateri
968 2770 1115 2825 nulla
1165 2786 1229 2825 ex
1261 2782 1415 2841 parte
1464 2771 1663 2827 similia
1696 2786 1819 2827 esse
1852 2770 2150 2840 ingenitum

563 2874 620 2919 et
644 2864 911 2933 genitura.
943 2861 1015 2916 At
1046 2862 1091 2917 si
1123 2861 1321 2916 similia
1359 2846 1507 2928 sunt,
1540 2862 1675 2915 nihil
1701 2862 1979 2916 obstiterit
2016 2876 2153 2935 quo-

562 2954 744 3008 minus
787 2961 844 3006 et
896 2949 1116 3007 Patrem
1169 2952 1435 3021 genitum,
1495 2960 1550 3007 et
1606 2949 1800 3005 Filium
1851 2951 2149 3021 ingenitum

562 3042 896 3114 appellemus
954 3043 1248 3113 omniaque
1274 3038 1696 3097 confundamus.

1066 3153 1280 3210 Salutio
1323 3154 1655 3225 objectionis.

635 3272 737 3337 Qui
788 3270 903 3325 haec
950 3268 1024 3325 ita
1076 3270 1330 3340 imperite
1372 3268 1583 3338 objicit,
1631 3267 1867 3324 vicissim
1916 3283 1945 3321 a
1995 3267 2151 3324 nobis

562 3364 749 3419 audiet
777 3381 792 3418 z
821 3363 942 3430 Quo
982 3372 1142 3432 pacto
1181 3376 1289 3417 non
1338 3363 1510 3432 possit
1535 3364 1742 3417 servari
1775 3363 2029 3417 identitas
2062 3376 2149 3417 es-

562 3457 752 3512 sentite
784 3458 837 3511 in
866 3456 1029 3512 Patre
1055 3464 1110 3511 et
1139 3455 1298 3519 Filio,
1328 3457 1373 3509 si
1404 3453 1574 3510 Filius
1612 3465 1696 3511 est
1723 3455 1902 3522 imago
1950 3454 2145 3519 Patris,

561 3558 618 3604 et
657 3550 710 3602 in
746 3547 929 3617 seipso
962 3547 1203 3601 ostendit
1239 3545 1491 3601 Patrem?
1519 3545 1863 3601 Manifestum
1890 3546 2035 3600 enim
2064 3553 2149 3600 est

562 3654 617 3699 et
648 3644 718 3696 ab
749 3642 1004 3695 omnibus
1036 3641 1361 3705 admissum,
1417 3641 1688 3694 neminem
1728 3639 1785 3693 in
1814 3638 1917 3692 alia
1950 3651 2147 3693 natura

561 3738 724 3790 aliam
762 3748 1029 3797 cernere;
1078 3748 1255 3803 neque
1296 3733 1584 3803 quisquam
1624 3732 1805 3787 dicere
1841 3732 2013 3800 possit
2050 3744 2144 3795 se,

562 3843 686 3884 cum
719 3843 917 3898 equum
952 3827 1167 3894 viderit,
1193 3827 1470 3882 hominum
1499 3824 1737 3894 aliquem
1766 3824 1984 3878 vidisse.
2011 3820 2143 3876 Nam

561 3923 615 3976 in
658 3923 723 3977 iis
753 3936 873 3991 qua:
910 3922 1153 3993 ejusdem
1185 3928 1391 3975 natura:
1437 3927 1564 3972 sunt
1590 3917 1787 3972 similia
1822 3918 1986 3973 etiam
2020 3930 2145 3970 cer-

561 4026 796 4083 nuntur,
822 4028 926 4070 non
960 4015 1013 4068 in
1044 4014 1110 4069 iis
1152 4026 1276 4083 quae
1321 4011 1463 4067 inter
1504 4024 1563 4066 se
1591 4010 1896 4076 dissident,
1933 4010 2145 4064 ratione

561 4108 707 4161 modi
748 4122 855 4175 quo
887 4104 1181 4162 exsistunt.
1208 4102 1270 4159 Si
1318 4119 1447 4175 ergo
1477 4103 1724 4173 Philippo
1767 4102 2003 4173 cupienti
2040 4099 2145 4155 Pa-

562 4211 699 4254 trem
751 4202 935 4255 videre
993 4199 1249 4253 Christus
1303 4199 1543 4266 seipsum
1598 4195 1853 4259 ostendit,
1913 4195 2138 4248 dicens:

565 4311 590 4355 ί
621 4293 721 4358 Qui
774 4293 905 4344 vidit
946 4307 1052 4355 me,
1085 4290 1222 4344 vidit
1268 4299 1324 4343 et
1368 4288 1585 4342 Patrem
1605 4288 1681 4353 “;
1719 4307 1741 4338 ι
1790 4302 2011 4343 necesse
2057 4295 2140 4342 est

557 4382 783 4438 omnino
825 4392 885 4434 ut
932 4381 1172 4448 ejusdem
1216 4379 1468 4434 essentia:
1498 4379 1742 4431 dicamus
1783 4392 1904 4431 esse
1942 4378 2136 4432 Filium

557 4490 684 4529 cum
721 4473 903 4539 Patre,
938 4482 998 4526 ut
1039 4471 1413 4527 omnimodam
1452 4469 1739 4538 imaginem
1769 4480 1823 4525 et
1856 4471 2137 4526 characte-

558 4581 675 4622 rem
698 4581 812 4622 sua:
843 4567 1219 4636 hypostaseos.

1227 4674 1456 4730 ALIUD.

627 4792 911 4857 Dominus,
947 4789 1165 4846 etiamsi
1210 4790 1424 4860 genitus
1488 4789 1595 4855 sit,
1640 4791 1838 4859 passim
1894 4790 2133 4860 seipsum

553 4882 1083 4943 consubstantialem
1129 4881 1279 4937 Patri
1312 4897 1433 4938 esse
1475 4884 1675 4938 docet:
1713 4883 1980 4952 siquidem
2028 4896 2137 4954 quo

556 4990 715 5048 pactu
744 4980 980 5049 seipsum
1013 4976 1209 5031 Filium
1251 4991 1374 5032 esse
1410 4977 1582 5031 dicit?
1610 4976 1649 5031 Ε
1680 4977 1915 5041 diverso,
1953 4977 2135 5032 hostes

554 5069 757 5126 Christi
792 5071 1063 5127 imbecilla
1118 5085 1214 5125 sua
1272 5080 1577 5125 commenta
1619 5081 1975 5140 opponentes,
2019 5070 2134 5125 ﬁeri

557 5172 663 5210 non
712 5173 869 5226 posse
906 5161 1058 5215 aiunt
1089 5160 1202 5230 80
1244 5168 1322 5227 ut,
1356 5176 1479 5215 cum
1517 5160 1590 5215 sit
1625 5163 1862 5228 genitus,
1895 5160 2134 5230 ejusdem

553 5245 808 5299 essentite
858 5248 931 5301 sit
973 5264 1099 5304 cum
1150 5248 1312 5305 Patre
1358 5251 1448 5321 qui
1494 5258 1579 5305 est
1628 5250 1920 5320 ingenitus.
1968 5249 2133 5318 Atqui

554 5352 678 5390 cum
710 5336 960 5393 Christus
990 5340 1079 5394 illa
1102 5341 1175 5395 de
1212 5341 1390 5411 seipse
1419 5342 1586 5405 dicat,
1620 5342 1735 5397 hac
1767 5357 1901 5396 vero
1928 5339 2134 5396 Christi

553 5426 762 5491 hostes,
794 5427 1072 5497 quisnam,
1097 5432 1344 5497 obsecro,
1374 5446 1439 5487 eo
1469 5434 1755 5490 dementias
1775 5434 2043 5506 pervenit,
2073 5442 2133 5489 ut

552 5531 775 5575 censeat
805 5521 1115 5582 hominibus
1147 5526 1326 5597 potius
1354 5526 1681 5585 credendum
1717 5543 1879 5599 quam
1906 5527 2040 5594 Deo,
2079 5538 2134 5583 et

627 5694 667 5722 ”
690 5692 845 5748 Jnan.
880 5712 985 5764 xlv,
1018 5702 1070 5755 9.

2252 1776 2351 1847 τῆς
2375 1778 2693 1850 ὁμοιότητος
2716 1779 2819 1851 τῆς
2848 1782 2984 1852 πρὸς
3008 1780 3101 1835 τὸν
3131 1781 3502 1853 Γέγεννηκότα
3522 1796 3536 1810 ’
3569 1780 3716 1834 οὕτω
3740 1779 3839 1835 καὶ

2253 1870 2415 1941 ἡμεῖς
2441 1868 2565 1921 οὐτε
2589 1870 2787 1942 ἀρχὴν,
2817 1871 2941 1925 οὐτε
2963 1871 3116 1936 τέλος
3153 1874 3281 1944 περὶ
3303 1874 3399 1945 τὴν
3434 1873 3526 1927 τοῦ
3560 1871 3693 1927 Υἱοῦ
3717 1874 3838 1941 γένο

2251 1980 2405 2033 νησιν
2440 1961 2892 2034 παραδεχόμενοι,
2926 1964 3254 2035 εἰσφέρομεν
3281 1965 3446 2018 αὐτὸν
3470 1965 3550 2029 εἰς
3583 1964 3838 2038 ἀπαράλ-

2251 2054 2448 2109 λακτον
2484 2055 2775 2125 ὁμοιότητα
2804 2056 2898 2128 τὴν
2920 2055 3056 2127 πρὸς
3084 2055 3173 2109 τὸν
3201 2055 3443 2128 Πατέρα.
3473 2056 3546 2109 Τὸ
3571 2056 3627 2110 δὲ
3648 2058 3841 2127 ὅμοιον

2252 2146 2394 2201 κατὰ
2427 2148 2625 2212 πάντα,
2662 2149 2759 2202 καὶ
2781 2148 3085 2219 δμοούσιον.

2466 2286 2597 2341 ’Ὅτι
2645 2289 2969 2357 όμοούσιθς
3023 2290 3057 2341 ὁ
3122 2288 3255 2355 Υἱὸς
3292 2288 3374 2355 ³τῷ
3413 2291 3617 2358 "arpi.

2569 2378 2869 2446 Πρότασις
2897 2379 2977 2445 ὠς
3008 2379 3076 2433 ὲκ
3104 2378 3223 2434 τῶν
3263 2380 3510 2435 Ἀετίου.

2324 2490 2437 2545 Καὶ
2464 2490 2582 2553 πῶς
2617 2489 2681 2543 ἂν
2713 2490 2950 2558 δύναιτο,
3003 2492 3159 2562 φησὶ,
3209 2493 3474 2563 ταυτότης
3501 2492 3691 2556 οὐσῖας
3741 2491 3843 2546 ἐπί

2252 2599 2311 2635 τε
2343 2583 2559 2654 [ἰατρὸς
2610 2584 2706 2635 καὶ
2752 2582 2883 2635 Υἱοῦ
2939 2584 3228 2649 σώζεσθαι,
3266 2585 3320 2636 ετ
3349 2600 3411 2651 γε
3450 2586 3477 2636 ὀ
3505 2583 3602 2652 μὲν
3636 2582 3844 2653 Πατὴρ

2252 2673 2546 2744 ἀγέννητός
2593 2674 2730 2737 ἐστι,
2785 2675 3042 2746 γεννητὸς
3088 2674 3145 2728 δὲ
3171 2675 3199 2726 ὁ
3238 2674 3398 2741 Υἱός;
3445 2673 3682 2744 Ἀνάγκη
3719 2674 3843 2744 γὰρ

2253 2768 2404 2819 πᾶσα
2454 2767 2631 2834 λέγειν
2667 2767 2725 2821 ἐν
2764 2767 2939 2820 οὐδενῖ⁵
2983 2766 3379 2838 παραλλάττειν
3429 2764 3489 2817 τὸ
3536 2763 3844 2835 ἀγέννητον

2254 2858 2391 2929 πρὸς
2419 2857 2478 2912 τὸ
2511 2858 2788 2929 γεννητόν.
2816 2860 2877 2912 Εἰ
2907 2858 2963 2912 δὲ
2988 2858 3165 2923 τοῦτο,
3190 2858 3341 2912 οὐδὲν
3370 2856 3599 2911 κωλύσει
3629 2856 3726 2909 καὶ
3746 2859 3843 2911 τὸν

2252 2952 2471 3023 Πατέρα
2501 2952 2759 3022 γεννητὸν
2782 2947 2922 3006 εἶναι
2952 2950 3132 3019 λέγειν
3162 2953 3257 3005 καὶ
3289 2950 3381 3004 τὸν
3424 2949 3549 3003 Υἰὸν
3596 2949 3843 3019 ἀγέννη-

2175 3076 2221 3132 η
2252 3063 2364 3110 τον,
2396 3044 2489 3097 καὶ
2528 3045 2862 3115 συγκέχυται
2882 3043 2943 3097 τὸ
2973 3045 3102 3098 πᾶν.

2743 3157 2900 3226 Πρὸς
2926 3157 3112 3212 ταῦτα
3141 3158 3343 3224 λύσις.

2334 3273 2391 3325 '0
2423 3269 2597 3326 ταῦτα
2629 3272 2931 3343 προτείνων
2974 3270 3206 3342 ἀμαθῶς
3227 3312 3240 3335 ,
3274 3270 3666 3325 ἀντακούσεται
3701 3272 3841 3341 παρ’

2249 3364 2407 3435 ήμῶν
2426 3380 2440 3395 ·
2480 3365 2591 3419 Καὶ
2624 3364 2742 3427 πῶς
2767 3363 2834 3419 ἂν
2866 3363 3081 3418 δύναιτο
3107 3364 3374 3433 ταυτότης
3394 3365 3579 3426 οὐσίας
3615 3363 3689 3433 μὴ
3720 3363 3835 3415 σώ-

2246 3459 2438 3525 ζεσθαι
2480 3462 2573 3515 ἐπε
2626 3476 2687 3514 τε
2726 3461 2939 3532 Πατρὸς
2974 3462 3068 3515 καὶ¹
3103 3463 3265 3529 Υἱοῦ,
3304 3462 3358 3517 ετ
3383 3482 3446 3534 γε
3484 3465 3576 3518 τοῦ
3616 3465 3839 3534 Πατρὶς

2248 3553 2412 3607 εἰκών
2438 3553 2586 3606 ἐστιν
2615 3555 2643 3606 ὁ
2667 3554 2814 3617 Υἱὸς,
2838 3554 2932 3606 καὶ
2962 3554 3021 3607 ἐν
3051 3554 3230 3628 ἑαυτῷ
3249 3555 3491 3611 δείκνυσι
3527 3558 3617 3611 τὸν
3650 3558 3842 3611 Πατέ-

2251 3660 2349 3714 pa;
2384 3643 2623 3715 Εὔδηλον
2647 3645 2756 3717 γὰρ
2789 3643 2851 3715 δή
2888 3645 3086 3698 πουθέν
3123 3647 3240 3699 ἐστι
3296 3648 3390 3700 καὶ
3426 3649 3591 3701 πᾶσιν
3640 3647 3841 3717 ὁμολο-

2246 3738 2533 3810 γούμενον,
2562 3736 2637 3799 ὠς
2665 3737 2839 3800 οὐδεὶς
2865 3738 2921 3789 ἐν
2959 3738 3125 3808 ἑτέρᾳ
3162 3739 3321 3807 φύσει
3360 3738 3457 3810 τὴν
3486 3740 3676 3809 ἑτέραν
3703 3738 3845 3808 ὄψει-

2246 3846 2336 3884 ται
2358 3847 2372 3861 ’
2398 3829 2509 3882 οὐδ’
2535 3830 2601 3883 ἄν
2637 3847 2720 3893 τις
2769 3829 2881 3899 ἔχοι
2912 3827 3092 3898 λέγειν
3144 3829 3309 3883 ἵππον
3338 3831 3618 3902 ἑωρακὼς,
3656 3831 3739 3884 ὄτι
3765 3832 3839 3903 δή

2243 3937 2365 3974 τινα
2388 3918 2497 3973 τῶν
2524 3919 2825 3993 ἀνθρώπιον
2845 3920 3119 3975 τεθέαται.
3152 3920 3240 3974 Ἐν
3262 3921 3371 3993 γάρ
3402 3925 3513 3985 τοῖς
3532 3922 3843 3991 ὁμοφυέσιν

2245 4016 2278 4085 ἡ
2303 4014 2412 4069 τῶν
2440 4014 2642 4085 ὁμοίων
2666 4013 2963 4079 ἀπόδειξις,
2986 4014 3087 4068 οὐκ
3112 4015 3169 4067 ἐν
3195 4016 3307 4078 τοῖς
3344 4015 3585 4086 ἀλλήλων
3606 4015 3842 4086 διεστη-

2244 4108 2383 4171 κὸσι,
2417 4106 2555 4161 κατὰ
2584 4107 2672 4161 τδν
2692 4106 2785 4160 τοῦ
2810 4107 2929 4169 πῶς
2945 4102 3271 4177 εἶναιὶόγον.
3299 4109 3361 4162 Ei
3380 4109 3557 4163 τοίνυν
3575 4108 3841 4179 ζητοῦντι

2242 4197 2598 4271 τῷψιλίππῳ
2652 4198 2743 4251 τὸν
2798 4199 3020 4269 Πατέρα
3074 4198 3441 4263 ἱδεϊν,ἐαυτδν
3496 4199 3841 4254 ἐπιδεικνύει

2242 4292 2496 4364 Χριστὸς,
2519 4290 2693 4359 λέγων
2712 4306 2725 4319 ο
2763 4307 2781 4341 ι
2828 4289 2886 4343 ’0
2917 4289 3181 4360 ἑωρακὼς
3201 4291 3317 4359 ἐμὲ,
3356 4289 3566 4361 ἑώρακε
3593 4289 3685 4342 τὸν
3708 4292 3843 4345 Πα-

2243 4385 2395 4453 τέρα,
2430 4402 2448 4434 ι
2480 4384 2693 4451 ἀνάγκη
2726 4384 2876 4436 πᾶσα
2908 4384 3007 4453 τῆς
3031 4383 3201 4454 αὐτῆς
3244 4382 3427 4444 οὐσίας
3459 4377 3599 4437 εἶναι
3640 4382 3841 4451 λέγειν

2244 4477 2337 4529 τὸν
2364 4475 2491 4529 risv
2516 4475 2593 4546 τῷ
2616 4476 2810 4546 Πατρὶ,
2841 4476 2917 4540 ὼς
2950 4476 3362 4546 ἀπαράλλακτον
3387 4474 3570 4530 εἰκόνα
3598 4476 3693 4530 καὶ
3721 4494 3841 4546 xa-

2247 4570 2499 4640 ρακτῆρα
2518 4569 2619 4640 τῆς
2643 4570 2994 4633 ὑποστάσεως
3018 4567 3206 4623 αὐτοῦ.

2933 4682 3135 4735 ΑΛΛΟ.

2329 4793 2641 4864 Ὀμοούσιον
2668 4793 2858 4848 ἐαυτὸν
2886 4795 3015 4849 ὄντα
3040 4795 3118 4866 τῷ
3153 4796 3328 4867 Πατρὶ
3356 4795 3621 4851 διδάσκων
3646 4799 3674 4849 ὁ
3703 4797 3835 4849 KG-

2247 4904 2361 4958 ριος
2388 4888 2580 4956 ὁρᾶται
2630 4886 2933 4957 πανταχοῦ,
2983 4887 3160 4942 καίτοι
3207 4889 3464 4959 γεννητὸς
3514 4888 3778 4961 ὑπάρχων
3812 4907 3831 4921 ·

2242 4982 2364 5034 ἐπεὶ
2391 4979 2508 5044 πῶς
2551 4980 2739 5034 ἑαυτὸν
2785 4980 2914 5035 Υἰὸν
2967 4976 3105 5035 εἶναι
3138 4982 3474 5053 φησι;Πρὸς
3497 4981 3669 5036 ταῦτα
3720 4983 3834 5054 τὴν

2244 5071 2351 5125 ἀπὸ
2377 5071 2481 5123 τῶν
2498 5071 2713 5125 οἰκείων
2739 5072 3012 5141 λογισμῶν
3034 5073 3318 5125 ἀσθένειαν
3343 5073 3465 5124 άντε
3476 5072 3740 5141 πάγοντες
3768 5077 3833 5127 οἱ

2238 5162 2618 5233 χριστομάχοι,
2658 5164 2733 5234 μὴ
2763 5162 3025 5216 δύνασθαί
3073 5179 3235 5230 φασιν
3264 5203 3279 5228 ,
3327 5162 3517 5235 ἐπειδὴ
3561 5164 3832 5235 γεννητὸς

2238 5255 2375 5318 ἐστι,
2402 5254 2503 5324 τῆς
2548 5254 2719 5323 αὐτῆς
2766 5254 2953 5316 οὐσίας
2990 5248 3130 5305 εἶναι
3169 5253 3248 5326 τῷ
3294 5255 3574 5328 ἀγεννήτῳ
3618 5256 3824 5327 Πατρί,

2250 5346 2464 5398 Ἐκεῖνα
2494 5342 2785 5414 τοιγαροῦν
2820 5345 2949 5415 περ)⁸
2987 5344 3181 5399 ἑαυτοῦ
3227 5347 3529 5417 φάσκοντος
3556 5347 3648 5399 τοῦ
3679 5348 3829 5418 Χρισ-

2237 5434 2387 5501 στοῦ,
2422 5435 2595 5488 ταῦτα
2617 5434 2673 5488 δὲ
2708 5434 2814 5510 τῶν
2845 5438 3253 5509 χριστομάχων,
3276 5439 3363 5503 τίς
3393 5441 3472 5503 εἰς
3513 5438 3671 5491 τοῦτο
3701 5455 3828 5509 μω-

2238 5529 2357 5599 ρίας
2380 5527 2693 5599 ἐκϐήσεται,
2722 5528 2798 5595 ὡς
2838 5528 3047 5585 οἴεσθαι
3074 5530 3187 5585 δεῖν
3228 5528 3504 5602 ἀνθρώπῳ
3547 5528 3747 5599 μᾶλλον
3777 5528 3825 5599 ἢ
