  <div class='ocr_page' id='page_1' title='image "/cluster/home/n/w/nwhite01/storage/ocr_20150623/75/mdp.39015078384495/074.png"; bbox 0 0 4056 6264; ppageno 0'>
   <div class='ocr_carea' id='block_1_1' title="bbox 281 289 367 344">
    <p class='ocr_par' dir='ltr' id='par_1_1' title="bbox 281 289 367 344">
     <span class='ocr_line' id='line_1_1' title="bbox 281 289 367 344; baseline -0.012 -1"><span class='ocrx_word' id='word_1_1' title='bbox 281 289 367 344; x_wconf 61' lang='lat' dir='ltr'><strong>liii!</strong></span> 
     </span>
    </p>
   </div>
   <div class='ocr_carea' id='block_1_2' title="bbox 1676 278 2121 337">
    <p class='ocr_par' dir='ltr' id='par_1_2' title="bbox 1676 278 2121 337">
     <span class='ocr_line' id='line_1_2' title="bbox 1676 278 2121 337; baseline -0.004 -2"><span class='ocrx_word' id='word_1_2' title='bbox 1676 278 2121 337; x_wconf 76' lang='lat' dir='ltr'><strong>TllESAURUS.</strong></span> 
     </span>
    </p>
   </div>
   <div class='ocr_carea' id='block_1_3' title="bbox 3415 274 3513 332">
    <p class='ocr_par' dir='ltr' id='par_1_3' title="bbox 3415 274 3513 332">
     <span class='ocr_line' id='line_1_3' title="bbox 3415 274 3513 332; baseline 0.031 -3"><span class='ocrx_word' id='word_1_3' title='bbox 3415 274 3513 332; x_wconf 61' lang='lat' dir='ltr'><strong>lu</strong></span> 
     </span>
    </p>
   </div>
   <div class='ocr_carea' id='block_1_4' title="bbox 277 386 1848 472">
    <p class='ocr_par' dir='ltr' id='par_1_4' title="bbox 277 395 1846 472">
     <span class='ocr_line' id='line_1_4' title="bbox 277 395 1846 472; baseline -0.003 -17"><span class='ocrx_word' id='word_1_4' title='bbox 277 404 375 472; x_wconf 72' lang='grc' dir='ltr'>Θεῷ</span> <span class='ocrx_word' id='word_1_5' title='bbox 403 399 705 466; x_wconf 72' lang='grc' dir='ltr'><strong>πιστεύειν,</strong></span> <span class='ocrx_word' id='word_1_6' title='bbox 735 400 832 454; x_wconf 64' lang='grc' dir='ltr'>καὶ</span> <span class='ocrx_word' id='word_1_7' title='bbox 867 400 940 472; x_wconf 78' lang='grc' dir='ltr'><strong>μὴ</strong></span> <span class='ocrx_word' id='word_1_8' title='bbox 971 398 1072 468; x_wconf 75' lang='grc' dir='ltr'>τὴν</span> <span class='ocrx_word' id='word_1_9' title='bbox 1102 395 1274 468; x_wconf 75' lang='grc' dir='ltr'>καλὴν</span> <span class='ocrx_word' id='word_1_10' title='bbox 1314 395 1530 467; x_wconf 83' lang='grc' dir='ltr'>ἐκείνην</span> <span class='ocrx_word' id='word_1_11' title='bbox 1573 396 1680 449; x_wconf 85' lang='grc' dir='ltr'><strong>τῶν</strong></span> <span class='ocrx_word' id='word_1_12' title='bbox 1711 398 1846 450; x_wconf 73' lang='grc' dir='ltr'>ἁπο-</span> 
     </span>
    </p>
   </div>
   <div class='ocr_carea' id='block_1_5' title="bbox 1951 386 3515 472">
    <p class='ocr_par' dir='ltr' id='par_1_5' title="bbox 1951 386 3515 461">
     <span class='ocr_line' id='line_1_5' title="bbox 1951 386 3515 461; baseline -0.004 -13"><span class='ocrx_word' id='word_1_13' title='bbox 1951 409 2056 449; x_wconf 92' lang='lat' dir='ltr'><strong>non</strong></span> <span class='ocrx_word' id='word_1_14' title='bbox 2084 393 2261 461; x_wconf 77' lang='lat' dir='ltr'><strong>potius</strong></span> <span class='ocrx_word' id='word_1_15' title='bbox 2289 391 2435 445; x_wconf 83' lang='lat' dir='ltr'><strong>illam</strong></span> <span class='ocrx_word' id='word_1_16' title='bbox 2471 386 2817 460; x_wconf 82' lang='lat' dir='ltr'><strong>apostolicam</strong></span> <span class='ocrx_word' id='word_1_17' title='bbox 2851 389 3175 442; x_wconf 87' lang='lat' dir='ltr'><strong>sententiam</strong></span> <span class='ocrx_word' id='word_1_18' title='bbox 3191 390 3515 455; x_wconf 76' lang='lat' dir='ltr'><strong>exclamem,</strong></span> 
     </span>
    </p>
   </div>
   <div class='ocr_carea' id='block_1_6' title="bbox 278 488 1844 561">
    <p class='ocr_par' dir='ltr' id='par_1_6' title="bbox 278 488 1844 561">
     <span class='ocr_line' id='line_1_6' title="bbox 278 488 1844 561; baseline -0.003 -17"><span class='ocrx_word' id='word_1_19' title='bbox 278 494 454 546; x_wconf 71' lang='grc' dir='ltr'>στόλων</span> <span class='ocrx_word' id='word_1_20' title='bbox 493 491 845 561; x_wconf 81' lang='grc' dir='ltr'>φθέγγεσθαι</span> <span class='ocrx_word' id='word_1_21' title='bbox 891 490 1090 560; x_wconf 76' lang='grc' dir='ltr'>φωνὴν,</span> <span class='ocrx_word' id='word_1_22' title='bbox 1127 488 1306 556; x_wconf 84' lang='grc' dir='ltr'>λέγειν</span> <span class='ocrx_word' id='word_1_23' title='bbox 1339 504 1397 538; x_wconf 85' lang='grc' dir='ltr'><strong>τε</strong></span> <span class='ocrx_word' id='word_1_24' title='bbox 1437 488 1574 558; x_wconf 80' lang='grc' dir='ltr'>πρὸς</span> <span class='ocrx_word' id='word_1_25' title='bbox 1595 488 1719 552; x_wconf 79' lang='grc' dir='ltr'>τοὺς</span> <span class='ocrx_word' id='word_1_26' title='bbox 1748 490 1844 541; x_wconf 85' lang='grc' dir='ltr'><strong>ἀν-</strong></span> 
     </span>
    </p>
   </div>
   <div class='ocr_carea' id='block_1_7' title="bbox 274 578 1842 655">
    <p class='ocr_par' dir='ltr' id='par_1_7' title="bbox 274 578 1842 655">
     <span class='ocr_line' id='line_1_7' title="bbox 274 578 1842 655; baseline -0.004 -17"><span class='ocrx_word' id='word_1_27' title='bbox 274 586 431 648; x_wconf 83' lang='grc' dir='ltr'>οσίους</span> <span class='ocrx_word' id='word_1_28' title='bbox 467 582 818 655; x_wconf 80' lang='grc' dir='ltr'>αἱρετικούςο</span> <span class='ocrx_word' id='word_1_29' title='bbox 872 602 889 632; x_wconf 80' lang='lat' dir='ltr'><strong>t</strong></span> <span class='ocrx_word' id='word_1_30' title='bbox 935 580 1256 650; x_wconf 77' lang='grc' dir='ltr'><strong>Πειθαρχεῖν</strong></span> <span class='ocrx_word' id='word_1_31' title='bbox 1288 579 1371 632; x_wconf 83' lang='grc' dir='ltr'><strong>δεῖ</strong></span> <span class='ocrx_word' id='word_1_32' title='bbox 1406 578 1525 649; x_wconf 83' lang='grc' dir='ltr'>Θεῷ</span> <span class='ocrx_word' id='word_1_33' title='bbox 1574 579 1772 649; x_wconf 78' lang='grc' dir='ltr'>μᾶλλον</span> <span class='ocrx_word' id='word_1_34' title='bbox 1808 580 1842 650; x_wconf 75' lang='grc' dir='ltr'>ἢ</span> 
     </span>
    </p>
   </div>
   <div class='ocr_carea' id='block_1_8' title="bbox 269 671 1845 746">
    <p class='ocr_par' dir='ltr' id='par_1_8' title="bbox 269 671 1845 746">
     <span class='ocr_line' id='line_1_8' title="bbox 269 671 1845 746; baseline -0.002 -18"><span class='ocrx_word' id='word_1_35' title='bbox 269 674 613 746; x_wconf 81' lang='grc' dir='ltr'>ἀνθρώποις;</span> <span class='ocrx_word' id='word_1_36' title='bbox 652 693 672 725; x_wconf 70' lang='grc' dir='ltr'><strong>ι</strong></span> <span class='ocrx_word' id='word_1_37' title='bbox 703 674 767 728; x_wconf 77' lang='lat' dir='ltr'><strong>Ei</strong></span> <span class='ocrx_word' id='word_1_38' title='bbox 795 674 898 743; x_wconf 80' lang='grc' dir='ltr'>γὰρ</span> <span class='ocrx_word' id='word_1_39' title='bbox 927 671 1173 725; x_wconf 75' lang='grc' dir='ltr'>ἀτονοῦσι</span> <span class='ocrx_word' id='word_1_40' title='bbox 1195 672 1323 742; x_wconf 79' lang='grc' dir='ltr'>περὶ</span> <span class='ocrx_word' id='word_1_41' title='bbox 1351 671 1449 741; x_wconf 83' lang='grc' dir='ltr'><strong>τὴν</strong></span> <span class='ocrx_word' id='word_1_42' title='bbox 1462 673 1563 742; x_wconf 79' lang='grc' dir='ltr'>τῆς</span> <span class='ocrx_word' id='word_1_43' title='bbox 1590 671 1845 743; x_wconf 76' lang='grc' dir='ltr'><strong>ἀληθείας</strong></span> 
     </span>
    </p>
   </div>
   <div class='ocr_carea' id='block_1_9' title="bbox 269 760 1847 835">
    <p class='ocr_par' dir='ltr' id='par_1_9' title="bbox 269 760 1847 835">
     <span class='ocr_line' id='line_1_9' title="bbox 269 760 1847 835; baseline -0.002 -17"><span class='ocrx_word' id='word_1_44' title='bbox 269 766 580 834; x_wconf 77' lang='grc' dir='ltr'>κατάληψιν</span> <span class='ocrx_word' id='word_1_45' title='bbox 601 806 617 832; x_wconf 87' lang='grc'><strong>,</strong></span> <span class='ocrx_word' id='word_1_46' title='bbox 668 766 767 819; x_wconf 82' lang='grc' dir='ltr'>οὐκ</span> <span class='ocrx_word' id='word_1_47' title='bbox 814 764 1060 835; x_wconf 74' lang='grc' dir='ltr'><strong>ἀδικήσει</strong></span> <span class='ocrx_word' id='word_1_48' title='bbox 1107 762 1263 816; x_wconf 89' lang='grc' dir='ltr'>τοῦτο</span> <span class='ocrx_word' id='word_1_49' title='bbox 1317 760 1625 834; x_wconf 77' lang='grc' dir='ltr'><strong>προσούσης</strong></span> <span class='ocrx_word' id='word_1_50' title='bbox 1665 764 1847 826; x_wconf 74' lang='grc' dir='ltr'>αὐτοῖς</span> 
     </span>
    </p>
   </div>
   <div class='ocr_carea' id='block_1_10' title="bbox 268 856 548 919">
    <p class='ocr_par' dir='ltr' id='par_1_10' title="bbox 268 856 548 919">
     <span class='ocr_line' id='line_1_10' title="bbox 268 856 548 919; baseline -0.011 -6"><span class='ocrx_word' id='word_1_51' title='bbox 268 856 548 919; x_wconf 77' lang='grc' dir='ltr'>ἀϐουλίας.</span> 
     </span>
    </p>
   </div>
   <div class='ocr_carea' id='block_1_11' title="bbox 342 953 1155 1022">
    <p class='ocr_par' dir='ltr' id='par_1_11' title="bbox 342 953 1155 1022">
     <span class='ocr_line' id='line_1_11' title="bbox 342 953 1155 1022; baseline 0 -1"><span class='ocrx_word' id='word_1_52' title='bbox 342 953 349 959; x_wconf 79' lang='grc'>’</span> <span class='ocrx_word' id='word_1_53' title='bbox 950 968 1155 1022; x_wconf 77' lang='grc' dir='ltr'><strong>ΑΛΛΟ.</strong></span> 
     </span>
    </p>
   </div>
   <div class='ocr_carea' id='block_1_12' title="bbox 342 1075 1845 1148">
    <p class='ocr_par' dir='ltr' id='par_1_12' title="bbox 342 1075 1845 1148">
     <span class='ocr_line' id='line_1_12' title="bbox 342 1075 1845 1148; baseline 0.001 -20"><span class='ocrx_word' id='word_1_54' title='bbox 342 1076 706 1146; x_wconf 77' lang='grc' dir='ltr'>Γεγεννῆσθαι</span> <span class='ocrx_word' id='word_1_55' title='bbox 744 1075 858 1136; x_wconf 82' lang='grc' dir='ltr'>τόν,</span> <span class='ocrx_word' id='word_1_56' title='bbox 884 1078 1011 1131; x_wconf 75' lang='grc' dir='ltr'>Υίὸν</span> <span class='ocrx_word' id='word_1_57' title='bbox 1038 1078 1103 1130; x_wconf 83' lang='grc' dir='ltr'><strong>ἐκ</strong></span> <span class='ocrx_word' id='word_1_58' title='bbox 1130 1078 1370 1148; x_wconf 71' lang='grc' dir='ltr'>Πατρδς,</span> <span class='ocrx_word' id='word_1_59' title='bbox 1402 1078 1495 1133; x_wconf 74' lang='grc' dir='ltr'>καὶ</span> <span class='ocrx_word' id='word_1_60' title='bbox 1520 1077 1676 1132; x_wconf 75' lang='grc' dir='ltr'>αὐτοὶ</span> <span class='ocrx_word' id='word_1_61' title='bbox 1710 1080 1845 1132; x_wconf 82' lang='grc' dir='ltr'>πάν-</span> 
     </span>
    </p>
   </div>
   <div class='ocr_carea' id='block_1_13' title="bbox 284 1169 1845 1241">
    <p class='ocr_par' dir='ltr' id='par_1_13' title="bbox 284 1169 1845 1241">
     <span class='ocr_line' id='line_1_13' title="bbox 284 1169 1845 1241; baseline -0.001 -20"><span class='ocrx_word' id='word_1_62' title='bbox 284 1186 382 1231; x_wconf 79' lang='grc' dir='ltr'><strong>τως</strong></span> <span class='ocrx_word' id='word_1_63' title='bbox 399 1170 739 1238; x_wconf 80' lang='grc' dir='ltr'><strong>ὁμολογεῖτε·</strong></span> <span class='ocrx_word' id='word_1_64' title='bbox 775 1172 837 1222; x_wconf 83' lang='grc' dir='ltr'>οὐ</span> <span class='ocrx_word' id='word_1_65' title='bbox 874 1169 983 1240; x_wconf 82' lang='grc' dir='ltr'>γὰρ</span> <span class='ocrx_word' id='word_1_66' title='bbox 1014 1170 1090 1232; x_wconf 84' lang='grc' dir='ltr'>ὡς</span> <span class='ocrx_word' id='word_1_67' title='bbox 1117 1170 1176 1222; x_wconf 82' lang='grc' dir='ltr'>ἒν</span> <span class='ocrx_word' id='word_1_68' title='bbox 1224 1174 1332 1224; x_wconf 85' lang='grc' dir='ltr'>τῶν</span> <span class='ocrx_word' id='word_1_69' title='bbox 1382 1171 1698 1241; x_wconf 79' lang='grc' dir='ltr'><strong>ποιημάτων</strong></span> <span class='ocrx_word' id='word_1_70' title='bbox 1739 1170 1845 1236; x_wconf 76' lang='grc' dir='ltr'>ἔξω</span> 
     </span>
    </p>
   </div>
   <div class='ocr_carea' id='block_1_14' title="bbox 288 1260 1844 1330">
    <p class='ocr_par' dir='ltr' id='par_1_14' title="bbox 288 1260 1844 1330">
     <span class='ocr_line' id='line_1_14' title="bbox 288 1260 1844 1330; baseline 0.001 -19"><span class='ocrx_word' id='word_1_71' title='bbox 288 1261 375 1330; x_wconf 81' lang='grc' dir='ltr'>τῆς</span> <span class='ocrx_word' id='word_1_72' title='bbox 402 1261 583 1324; x_wconf 80' lang='grc' dir='ltr'><strong>οὐσίας</strong></span> <span class='ocrx_word' id='word_1_73' title='bbox 610 1260 703 1313; x_wconf 84' lang='grc' dir='ltr'><strong>τοῦ</strong></span> <span class='ocrx_word' id='word_1_74' title='bbox 728 1263 976 1324; x_wconf 79' lang='grc' dir='ltr'>τεκόντος</span> <span class='ocrx_word' id='word_1_75' title='bbox 1004 1262 1268 1315; x_wconf 83' lang='grc' dir='ltr'>κείσεται.</span> <span class='ocrx_word' id='word_1_76' title='bbox 1297 1262 1405 1315; x_wconf 75' lang='grc' dir='ltr'>Καὶ</span> <span class='ocrx_word' id='word_1_77' title='bbox 1428 1262 1542 1326; x_wconf 83' lang='grc' dir='ltr'><strong>πῶς</strong></span> <span class='ocrx_word' id='word_1_78' title='bbox 1564 1264 1663 1315; x_wconf 83' lang='grc' dir='ltr'>οὐκ</span> <span class='ocrx_word' id='word_1_79' title='bbox 1691 1261 1844 1314; x_wconf 78' lang='grc' dir='ltr'>ἔσται</span> 
     </span>
    </p>
   </div>
   <div class='ocr_carea' id='block_1_15' title="bbox 286 1350 1846 1422">
    <p class='ocr_par' dir='ltr' id='par_1_15' title="bbox 286 1350 1846 1422">
     <span class='ocr_line' id='line_1_15' title="bbox 286 1350 1846 1422; baseline 0.003 -22"><span class='ocrx_word' id='word_1_80' title='bbox 286 1350 356 1418; x_wconf 79' lang='grc' dir='ltr'>τῷ</span> <span class='ocrx_word' id='word_1_81' title='bbox 379 1350 583 1403; x_wconf 84' lang='grc' dir='ltr'>τεκόντι</span> <span class='ocrx_word' id='word_1_82' title='bbox 607 1353 829 1414; x_wconf 81' lang='grc' dir='ltr'>πάντως</span> <span class='ocrx_word' id='word_1_83' title='bbox 851 1353 1156 1422; x_wconf 84' lang='grc' dir='ltr'>όμοούσιος,</span> <span class='ocrx_word' id='word_1_84' title='bbox 1181 1354 1235 1405; x_wconf 81' lang='grc' dir='ltr'>εἴ</span> <span class='ocrx_word' id='word_1_85' title='bbox 1263 1369 1328 1421; x_wconf 86' lang='grc' dir='ltr'><strong>γε</strong></span> <span class='ocrx_word' id='word_1_86' title='bbox 1364 1354 1530 1416; x_wconf 75' lang='grc' dir='ltr'>ὅντως</span> <span class='ocrx_word' id='word_1_87' title='bbox 1560 1354 1677 1407; x_wconf 79' lang='grc' dir='ltr'>ἐστὶ</span> <span class='ocrx_word' id='word_1_88' title='bbox 1720 1353 1846 1422; x_wconf 83' lang='grc' dir='ltr'>γέν-</span> 
     </span>
    </p>
   </div>
   <div class='ocr_carea' id='block_1_16' title="bbox 286 1438 1845 1511">
    <p class='ocr_par' dir='ltr' id='par_1_16' title="bbox 286 1438 1845 1511">
     <span class='ocr_line' id='line_1_16' title="bbox 286 1438 1845 1511; baseline 0.001 -22"><span class='ocrx_word' id='word_1_89' title='bbox 286 1454 436 1508; x_wconf 86' lang='grc' dir='ltr'>νημα,</span> <span class='ocrx_word' id='word_1_90' title='bbox 493 1440 705 1511; x_wconf 83' lang='grc' dir='ltr'>καρπὸς</span> <span class='ocrx_word' id='word_1_91' title='bbox 754 1438 943 1510; x_wconf 79' lang='grc' dir='ltr'>ὥσπερ</span> <span class='ocrx_word' id='word_1_92' title='bbox 973 1456 1055 1503; x_wconf 89' lang='grc' dir='ltr'><strong>τις</strong></span> <span class='ocrx_word' id='word_1_93' title='bbox 1099 1440 1328 1509; x_wconf 78' lang='grc' dir='ltr'>φυσικὸς</span> <span class='ocrx_word' id='word_1_94' title='bbox 1362 1439 1454 1493; x_wconf 85' lang='grc' dir='ltr'><strong>τοῦ</strong></span> <span class='ocrx_word' id='word_1_95' title='bbox 1487 1440 1845 1509; x_wconf 76' lang='grc' dir='ltr'>γεννήσαντος</span> 
     </span>
    </p>
   </div>
   <div class='ocr_carea' id='block_1_17' title="bbox 288 1526 1843 1603">
    <p class='ocr_par' dir='ltr' id='par_1_17' title="bbox 288 1526 1843 1603">
     <span class='ocr_line' id='line_1_17' title="bbox 288 1526 1843 1603; baseline 0.003 -24"><span class='ocrx_word' id='word_1_96' title='bbox 288 1529 562 1598; x_wconf 74' lang='grc' dir='ltr'>ὑπάρχων;</span> <span class='ocrx_word' id='word_1_97' title='bbox 592 1530 656 1581; x_wconf 82' lang='grc' dir='ltr'><strong>Εἰ</strong></span> <span class='ocrx_word' id='word_1_98' title='bbox 688 1528 788 1598; x_wconf 78' lang='grc' dir='ltr'>μὲν</span> <span class='ocrx_word' id='word_1_99' title='bbox 809 1526 903 1583; x_wconf 71' lang='grc' dir='ltr'>οὖν</span> <span class='ocrx_word' id='word_1_100' title='bbox 930 1529 1120 1583; x_wconf 88' lang='grc' dir='ltr'>τοῦτον</span> <span class='ocrx_word' id='word_1_101' title='bbox 1158 1531 1304 1599; x_wconf 79' lang='grc' dir='ltr'>ἔχειν</span> <span class='ocrx_word' id='word_1_102' title='bbox 1354 1530 1555 1585; x_wconf 74' lang='grc' dir='ltr'>δώσετε</span> <span class='ocrx_word' id='word_1_103' title='bbox 1595 1531 1685 1584; x_wconf 83' lang='grc' dir='ltr'><strong>τὸν</strong></span> <span class='ocrx_word' id='word_1_104' title='bbox 1715 1530 1843 1603; x_wconf 70' lang='grc' dir='ltr'>τρόο</span> 
     </span>
    </p>
   </div>
   <div class='ocr_carea' id='block_1_18' title="bbox 290 1620 1843 1692">
    <p class='ocr_par' dir='ltr' id='par_1_18' title="bbox 290 1620 1843 1692">
     <span class='ocr_line' id='line_1_18' title="bbox 290 1620 1843 1692; baseline 0.002 -22"><span class='ocrx_word' id='word_1_105' title='bbox 290 1635 397 1681; x_wconf 84' lang='grc' dir='ltr'>πον,</span> <span class='ocrx_word' id='word_1_106' title='bbox 427 1620 580 1672; x_wconf 80' lang='grc' dir='ltr'>ἐσται</span> <span class='ocrx_word' id='word_1_107' title='bbox 607 1620 823 1684; x_wconf 81' lang='grc' dir='ltr'>παντως</span> <span class='ocrx_word' id='word_1_108' title='bbox 854 1622 948 1674; x_wconf 73' lang='grc' dir='ltr'><strong>καὶ</strong></span> <span class='ocrx_word' id='word_1_109' title='bbox 973 1621 1258 1692; x_wconf 85' lang='grc' dir='ltr'>όμοούσιος</span> <span class='ocrx_word' id='word_1_110' title='bbox 1279 1639 1293 1653; x_wconf 71' lang='grc' dir='ltr'><strong>ο</strong></span> <span class='ocrx_word' id='word_1_111' title='bbox 1317 1623 1367 1674; x_wconf 87' lang='grc' dir='ltr'><strong>εί</strong></span> <span class='ocrx_word' id='word_1_112' title='bbox 1400 1622 1456 1674; x_wconf 76' lang='grc' dir='ltr'>δὲ</span> <span class='ocrx_word' id='word_1_113' title='bbox 1479 1621 1641 1692; x_wconf 79' lang='grc' dir='ltr'>μέχρι</span> <span class='ocrx_word' id='word_1_114' title='bbox 1666 1620 1843 1673; x_wconf 77' lang='grc' dir='ltr'>διακό-</span> 
     </span>
    </p>
   </div>
   <div class='ocr_carea' id='block_1_19' title="bbox 1950 473 3520 553">
    <p class='ocr_par' dir='ltr' id='par_1_19' title="bbox 1950 473 3520 553">
     <span class='ocr_line' id='line_1_19' title="bbox 1950 473 3520 553; baseline -0.004 -14"><span class='ocrx_word' id='word_1_115' title='bbox 1950 484 2239 553; x_wconf 70' lang='lat' dir='ltr'><strong>impiisque</strong></span> <span class='ocrx_word' id='word_1_116' title='bbox 2281 477 2549 535; x_wconf 64' lang='lat' dir='ltr'><strong>ba‘retieia</strong></span> <span class='ocrx_word' id='word_1_117' title='bbox 2598 473 2855 544; x_wconf 77' lang='lat' dir='ltr'><strong>obiiciant</strong></span> <span class='ocrx_word' id='word_1_118' title='bbox 2908 491 2925 528; x_wconf 74' lang='grc' dir='ltr'><strong>ι</strong></span> <span class='ocrx_word' id='word_1_119' title='bbox 2973 492 2993 526; x_wconf 79' lang='grc' dir='ltr'><strong>ι</strong></span> <span class='ocrx_word' id='word_1_120' title='bbox 3024 474 3258 531; x_wconf 86' lang='lat' dir='ltr'><strong>Obedire</strong></span> <span class='ocrx_word' id='word_1_121' title='bbox 3307 489 3520 547; x_wconf 79' lang='lat' dir='ltr'><strong>oportet</strong></span> 
     </span>
    </p>
   </div>
   <div class='ocr_carea' id='block_1_20' title="bbox 1949 564 3519 643">
    <p class='ocr_par' dir='ltr' id='par_1_20' title="bbox 1949 564 3519 643">
     <span class='ocr_line' id='line_1_20' title="bbox 1949 564 3519 643; baseline -0.004 -14"><span class='ocrx_word' id='word_1_122' title='bbox 1949 576 2059 629; x_wconf 89' lang='lat' dir='ltr'><strong>Deo</strong></span> <span class='ocrx_word' id='word_1_123' title='bbox 2100 574 2273 643; x_wconf 78' lang='lat' dir='ltr'><strong>magis</strong></span> <span class='ocrx_word' id='word_1_124' title='bbox 2314 585 2472 641; x_wconf 88' lang='lat' dir='ltr'><strong>quam</strong></span> <span class='ocrx_word' id='word_1_125' title='bbox 2504 566 2940 623; x_wconf 65' lang='lat' dir='ltr'><strong>hominibus‘”?</strong></span> <span class='ocrx_word' id='word_1_126' title='bbox 2967 584 2986 618; x_wconf 73' lang='grc' dir='ltr'><strong>ι</strong></span> <span class='ocrx_word' id='word_1_127' title='bbox 3027 564 3083 621; x_wconf 83' lang='lat' dir='ltr'><strong>Si</strong></span> <span class='ocrx_word' id='word_1_128' title='bbox 3108 568 3251 621; x_wconf 89' lang='lat' dir='ltr'><strong>enim</strong></span> <span class='ocrx_word' id='word_1_129' title='bbox 3282 568 3337 621; x_wconf 91' lang='lat' dir='ltr'><strong>in</strong></span> <span class='ocrx_word' id='word_1_130' title='bbox 3373 585 3519 622; x_wconf 85' lang='lat' dir='ltr'><strong>com-</strong></span> 
     </span>
    </p>
   </div>
   <div class='ocr_carea' id='block_1_21' title="bbox 1948 654 3518 735">
    <p class='ocr_par' dir='ltr' id='par_1_21' title="bbox 1948 654 3518 735">
     <span class='ocr_line' id='line_1_21' title="bbox 1948 654 3518 735; baseline -0.005 -17"><span class='ocrx_word' id='word_1_131' title='bbox 1948 663 2327 735; x_wconf 81' lang='lat' dir='ltr'><strong>prehendenda</strong></span> <span class='ocrx_word' id='word_1_132' title='bbox 2366 661 2594 715; x_wconf 84' lang='lat' dir='ltr'><strong>veritate</strong></span> <span class='ocrx_word' id='word_1_133' title='bbox 2631 658 2766 713; x_wconf 86' lang='lat' dir='ltr'><strong>adeo</strong></span> <span class='ocrx_word' id='word_1_134' title='bbox 2798 665 3015 727; x_wconf 81' lang='lat' dir='ltr'><strong>torpent</strong></span> <span class='ocrx_word' id='word_1_135' title='bbox 3047 666 3102 711; x_wconf 83' lang='lat' dir='ltr'><strong>et</strong></span> <span class='ocrx_word' id='word_1_136' title='bbox 3132 654 3518 726; x_wconf 70' lang='lat' dir='ltr'><strong>languescunt,</strong></span> 
     </span>
    </p>
   </div>
   <div class='ocr_carea' id='block_1_22' title="bbox 1948 750 3518 823">
    <p class='ocr_par' dir='ltr' id='par_1_22' title="bbox 1948 750 3518 823">
     <span class='ocr_line' id='line_1_22' title="bbox 1948 750 3518 823; baseline -0.002 -15"><span class='ocrx_word' id='word_1_137' title='bbox 1948 756 2171 819; x_wconf 85' lang='lat' dir='ltr'><strong>nullam,</strong></span> <span class='ocrx_word' id='word_1_138' title='bbox 2199 754 2412 823; x_wconf 81' lang='lat' dir='ltr'><strong>Opinor,</strong></span> <span class='ocrx_word' id='word_1_139' title='bbox 2444 750 2693 819; x_wconf 88' lang='lat' dir='ltr'><strong>injuriam</strong></span> <span class='ocrx_word' id='word_1_140' title='bbox 2734 750 2925 805; x_wconf 87' lang='lat' dir='ltr'><strong>inferri</strong></span> <span class='ocrx_word' id='word_1_141' title='bbox 2965 750 3068 805; x_wconf 87' lang='lat' dir='ltr'><strong>sibi</strong></span> <span class='ocrx_word' id='word_1_142' title='bbox 3098 762 3518 820; x_wconf 85' lang='lat' dir='ltr'><strong>conquerentur,</strong></span> 
     </span>
    </p>
   </div>
   <div class='ocr_carea' id='block_1_23' title="bbox 1946 844 3033 904">
    <p class='ocr_par' dir='ltr' id='par_1_23' title="bbox 1946 844 3033 904">
     <span class='ocr_line' id='line_1_23' title="bbox 1946 844 3033 904; baseline -0.004 -1"><span class='ocrx_word' id='word_1_143' title='bbox 1946 862 2066 904; x_wconf 90' lang='lat' dir='ltr'><strong>cum</strong></span> <span class='ocrx_word' id='word_1_144' title='bbox 2092 855 2243 901; x_wconf 88' lang='lat' dir='ltr'><strong>tanta</strong></span> <span class='ocrx_word' id='word_1_145' title='bbox 2276 846 2474 901; x_wconf 89' lang='lat' dir='ltr'><strong>mentis</strong></span> <span class='ocrx_word' id='word_1_146' title='bbox 2497 844 2741 900; x_wconf 69' lang='lat' dir='ltr'><strong>caecitate</strong></span> <span class='ocrx_word' id='word_1_147' title='bbox 2767 844 3033 899; x_wconf 81' lang='lat' dir='ltr'><strong>laborent.</strong></span> 
     </span>
    </p>
   </div>
   <div class='ocr_carea' id='block_1_24' title="bbox 2610 954 2840 1012">
    <p class='ocr_par' dir='ltr' id='par_1_24' title="bbox 2610 954 2840 1012">
     <span class='ocr_line' id='line_1_24' title="bbox 2610 954 2840 1012; baseline -0.013 0"><span class='ocrx_word' id='word_1_148' title='bbox 2610 954 2840 1012; x_wconf 84' lang='lat' dir='ltr'><strong>ALIUD.</strong></span> 
     </span>
    </p>
   </div>
   <div class='ocr_carea' id='block_1_25' title="bbox 2013 1068 3521 1136">
    <p class='ocr_par' dir='ltr' id='par_1_25' title="bbox 2013 1068 3521 1136">
     <span class='ocr_line' id='line_1_25' title="bbox 2013 1068 3521 1136; baseline 0.001 -8"><span class='ocrx_word' id='word_1_149' title='bbox 2013 1070 2266 1128; x_wconf 85' lang='lat' dir='ltr'><strong>Genitum</strong></span> <span class='ocrx_word' id='word_1_150' title='bbox 2294 1085 2415 1128; x_wconf 87' lang='lat' dir='ltr'><strong>esse</strong></span> <span class='ocrx_word' id='word_1_151' title='bbox 2447 1069 2645 1127; x_wconf 87' lang='lat' dir='ltr'><strong>Filium</strong></span> <span class='ocrx_word' id='word_1_152' title='bbox 2674 1085 2739 1125; x_wconf 81' lang='lat' dir='ltr'><strong>ex</strong></span> <span class='ocrx_word' id='word_1_153' title='bbox 2774 1068 2961 1136; x_wconf 86' lang='lat' dir='ltr'><strong>Patre,</strong></span> <span class='ocrx_word' id='word_1_154' title='bbox 2984 1086 3081 1128; x_wconf 82' lang='lat' dir='ltr'><strong>vos</strong></span> <span class='ocrx_word' id='word_1_155' title='bbox 3108 1074 3271 1130; x_wconf 84' lang='lat' dir='ltr'><strong>etiam</strong></span> <span class='ocrx_word' id='word_1_156' title='bbox 3302 1074 3521 1129; x_wconf 78' lang='lat' dir='ltr'><strong>omnino</strong></span> 
     </span>
    </p>
   </div>
   <div class='ocr_carea' id='block_1_26' title="bbox 1945 1160 3520 1231">
    <p class='ocr_par' dir='ltr' id='par_1_26' title="bbox 1945 1160 3520 1231">
     <span class='ocr_line' id='line_1_26' title="bbox 1945 1160 3520 1231; baseline -0.001 -14"><span class='ocrx_word' id='word_1_157' title='bbox 1945 1162 2184 1218; x_wconf 81' lang='lat' dir='ltr'><strong>fatemini</strong></span> <span class='ocrx_word' id='word_1_158' title='bbox 2218 1178 2232 1216; x_wconf 89' lang='lat'><strong>:</strong></span> <span class='ocrx_word' id='word_1_159' title='bbox 2264 1176 2438 1231; x_wconf 88' lang='lat' dir='ltr'><strong>neque</strong></span> <span class='ocrx_word' id='word_1_160' title='bbox 2461 1161 2605 1214; x_wconf 88' lang='lat' dir='ltr'><strong>enim</strong></span> <span class='ocrx_word' id='word_1_161' title='bbox 2633 1160 2795 1213; x_wconf 83' lang='lat' dir='ltr'><strong>veluti</strong></span> <span class='ocrx_word' id='word_1_162' title='bbox 2826 1176 2930 1215; x_wconf 88' lang='lat' dir='ltr'><strong>una</strong></span> <span class='ocrx_word' id='word_1_163' title='bbox 2961 1173 3341 1217; x_wconf 83' lang='lat' dir='ltr'><strong>creaturarum</strong></span> <span class='ocrx_word' id='word_1_164' title='bbox 3369 1173 3520 1216; x_wconf 75' lang='lat' dir='ltr'><strong>extra</strong></span> 
     </span>
    </p>
   </div>
   <div class='ocr_carea' id='block_1_27' title="bbox 1943 1251 3520 1323">
    <p class='ocr_par' dir='ltr' id='par_1_27' title="bbox 1943 1251 3520 1323">
     <span class='ocr_line' id='line_1_27' title="bbox 1943 1251 3520 1323; baseline -0.003 -12"><span class='ocrx_word' id='word_1_165' title='bbox 1943 1256 2233 1311; x_wconf 81' lang='lat' dir='ltr'><strong>essentiam</strong></span> <span class='ocrx_word' id='word_1_166' title='bbox 2264 1253 2540 1310; x_wconf 83' lang='lat' dir='ltr'><strong>Genitoris</strong></span> <span class='ocrx_word' id='word_1_167' title='bbox 2584 1251 2796 1321; x_wconf 88' lang='lat' dir='ltr'><strong>positus</strong></span> <span class='ocrx_word' id='word_1_168' title='bbox 2823 1252 2948 1306; x_wconf 91' lang='lat' dir='ltr'><strong>erit.</strong></span> <span class='ocrx_word' id='word_1_169' title='bbox 2984 1254 3102 1319; x_wconf 85' lang='lat' dir='ltr'><strong>Quo</strong></span> <span class='ocrx_word' id='word_1_170' title='bbox 3140 1264 3300 1323; x_wconf 87' lang='lat' dir='ltr'><strong>pacto</strong></span> <span class='ocrx_word' id='word_1_171' title='bbox 3344 1265 3520 1308; x_wconf 86' lang='lat' dir='ltr'><strong>autem</strong></span> 
     </span>
    </p>
   </div>
   <div class='ocr_carea' id='block_1_28' title="bbox 1944 1345 3520 1413">
    <p class='ocr_par' dir='ltr' id='par_1_28' title="bbox 1944 1345 3520 1413">
     <span class='ocr_line' id='line_1_28' title="bbox 1944 1345 3520 1413; baseline -0.001 -10"><span class='ocrx_word' id='word_1_172' title='bbox 1944 1364 2051 1403; x_wconf 88' lang='lat' dir='ltr'><strong>non</strong></span> <span class='ocrx_word' id='word_1_173' title='bbox 2082 1349 2187 1403; x_wconf 90' lang='lat' dir='ltr'><strong>erit</strong></span> <span class='ocrx_word' id='word_1_174' title='bbox 2228 1347 2283 1401; x_wconf 88' lang='lat' dir='ltr'><strong>in</strong></span> <span class='ocrx_word' id='word_1_175' title='bbox 2315 1347 2627 1402; x_wconf 82' lang='lat' dir='ltr'><strong>universum</strong></span> <span class='ocrx_word' id='word_1_176' title='bbox 2654 1345 3139 1401; x_wconf 82' lang='lat' dir='ltr'><strong>eonsubstantialis</strong></span> <span class='ocrx_word' id='word_1_177' title='bbox 3171 1346 3440 1413; x_wconf 73' lang='lat' dir='ltr'><strong>Genitori,</strong></span> <span class='ocrx_word' id='word_1_178' title='bbox 3474 1348 3520 1402; x_wconf 88' lang='lat' dir='ltr'><strong>si</strong></span> 
     </span>
    </p>
   </div>
   <div class='ocr_carea' id='block_1_29' title="bbox 1945 1437 3519 1509">
    <p class='ocr_par' dir='ltr' id='par_1_29' title="bbox 1945 1437 3519 1509">
     <span class='ocr_line' id='line_1_29' title="bbox 1945 1437 3519 1509; baseline 0 -15"><span class='ocrx_word' id='word_1_179' title='bbox 1945 1454 2134 1494; x_wconf 88' lang='lat' dir='ltr'><strong>revera</strong></span> <span class='ocrx_word' id='word_1_180' title='bbox 2184 1448 2267 1494; x_wconf 87' lang='lat' dir='ltr'><strong>est</strong></span> <span class='ocrx_word' id='word_1_181' title='bbox 2308 1440 2591 1508; x_wconf 77' lang='lat' dir='ltr'><strong>geninten,</strong></span> <span class='ocrx_word' id='word_1_182' title='bbox 2644 1451 2708 1492; x_wconf 86' lang='lat' dir='ltr'><strong>ac</strong></span> <span class='ocrx_word' id='word_1_183' title='bbox 2761 1437 2927 1492; x_wconf 89' lang='lat' dir='ltr'><strong>veluti</strong></span> <span class='ocrx_word' id='word_1_184' title='bbox 2986 1438 3247 1494; x_wconf 83' lang='lat' dir='ltr'><strong>naturalis</strong></span> <span class='ocrx_word' id='word_1_185' title='bbox 3300 1442 3519 1509; x_wconf 80' lang='lat' dir='ltr'><strong>quidam</strong></span> 
     </span>
    </p>
   </div>
   <div class='ocr_carea' id='block_1_30' title="bbox 1944 1530 3518 1587">
    <p class='ocr_par' dir='ltr' id='par_1_30' title="bbox 1944 1530 3518 1587">
     <span class='ocr_line' id='line_1_30' title="bbox 1944 1530 3518 1587; baseline -0.003 -1"><span class='ocrx_word' id='word_1_186' title='bbox 1944 1530 2159 1587; x_wconf 78' lang='lat' dir='ltr'><strong>fructus</strong></span> <span class='ocrx_word' id='word_1_187' title='bbox 2190 1531 2509 1587; x_wconf 76' lang='lat' dir='ltr'><strong>Genitoris?</strong></span> <span class='ocrx_word' id='word_1_188' title='bbox 2538 1530 2595 1585; x_wconf 88' lang='lat' dir='ltr'><strong>Si</strong></span> <span class='ocrx_word' id='word_1_189' title='bbox 2624 1545 2752 1585; x_wconf 86' lang='lat' dir='ltr'><strong>vero</strong></span> <span class='ocrx_word' id='word_1_190' title='bbox 2778 1530 2880 1584; x_wconf 83' lang='lat' dir='ltr'><strong>hac</strong></span> <span class='ocrx_word' id='word_1_191' title='bbox 2915 1532 3124 1585; x_wconf 87' lang='lat' dir='ltr'><strong>ratione</strong></span> <span class='ocrx_word' id='word_1_192' title='bbox 3157 1530 3305 1584; x_wconf 89' lang='lat' dir='ltr'><strong>illum</strong></span> <span class='ocrx_word' id='word_1_193' title='bbox 3340 1546 3399 1587; x_wconf 83' lang='lat' dir='ltr'><strong>se</strong></span> <span class='ocrx_word' id='word_1_194' title='bbox 3426 1532 3518 1583; x_wconf 77' lang='lat' dir='ltr'><strong>lia-</strong></span> 
     </span>
    </p>
   </div>
   <div class='ocr_carea' id='block_1_31' title="bbox 1943 1620 3518 1691">
    <p class='ocr_par' dir='ltr' id='par_1_31' title="bbox 1943 1620 3518 1691">
     <span class='ocr_line' id='line_1_31' title="bbox 1943 1620 3518 1691; baseline -0.002 -15"><span class='ocrx_word' id='word_1_195' title='bbox 1943 1621 2072 1676; x_wconf 87' lang='lat' dir='ltr'><strong>bere</strong></span> <span class='ocrx_word' id='word_1_196' title='bbox 2101 1620 2401 1676; x_wconf 85' lang='lat' dir='ltr'><strong>conceditis</strong></span> <span class='ocrx_word' id='word_1_197' title='bbox 2423 1659 2438 1686; x_wconf 91' lang='lat'><strong>,</strong></span> <span class='ocrx_word' id='word_1_198' title='bbox 2471 1622 2577 1677; x_wconf 88' lang='lat' dir='ltr'><strong>erit</strong></span> <span class='ocrx_word' id='word_1_199' title='bbox 2605 1620 2848 1691; x_wconf 85' lang='lat' dir='ltr'><strong>profecto</strong></span> <span class='ocrx_word' id='word_1_200' title='bbox 2890 1621 3052 1676; x_wconf 78' lang='lat' dir='ltr'><strong>etiam</strong></span> <span class='ocrx_word' id='word_1_201' title='bbox 3084 1621 3518 1676; x_wconf 80' lang='lat' dir='ltr'><strong>consubstantia-</strong></span> 
     </span>
    </p>
   </div>
   <div class='ocr_carea' id='block_1_32' title="bbox 292 1710 1848 1811">
    <p class='ocr_par' dir='ltr' id='par_1_32' title="bbox 292 1710 1840 1784">
     <span class='ocr_line' id='line_1_32' title="bbox 292 1710 1840 1784; baseline 0.01 -25"><span class='ocrx_word' id='word_1_202' title='bbox 292 1725 372 1760; x_wconf 84' lang='grc' dir='ltr'><strong>νου</strong></span> <span class='ocrx_word' id='word_1_203' title='bbox 394 1710 577 1780; x_wconf 71' lang='grc' dir='ltr'>φωνῆς</span> <span class='ocrx_word' id='word_1_204' title='bbox 605 1711 703 1763; x_wconf 72' lang='grc' dir='ltr'><strong>καὶ</strong></span> <span class='ocrx_word' id='word_1_205' title='bbox 731 1714 1089 1784; x_wconf 67' lang='grc' dir='ltr'>προσηγορίας</span> <span class='ocrx_word' id='word_1_206' title='bbox 1107 1713 1275 1784; x_wconf 75' lang='grc' dir='ltr'>ψιλῆς</span> <span class='ocrx_word' id='word_1_207' title='bbox 1300 1715 1548 1784; x_wconf 81' lang='grc' dir='ltr'>γέννημα</span> <span class='ocrx_word' id='word_1_208' title='bbox 1575 1712 1840 1775; x_wconf 64' lang='grc' dir='ltr'>καλεῖται,</span> 
     </span>
    </p>
   </div>
   <div class='ocr_carea' id='block_1_33' title="bbox 1951 1710 3518 1811">
    <p class='ocr_par' dir='ltr' id='par_1_33' title="bbox 1951 1710 3518 1781">
     <span class='ocr_line' id='line_1_33' title="bbox 1951 1710 3518 1781; baseline -0.001 -17"><span class='ocrx_word' id='word_1_209' title='bbox 1951 1712 2052 1779; x_wconf 86' lang='lat' dir='ltr'><strong>lis;</strong></span> <span class='ocrx_word' id='word_1_210' title='bbox 2084 1721 2142 1766; x_wconf 87' lang='lat' dir='ltr'><strong>at</strong></span> <span class='ocrx_word' id='word_1_211' title='bbox 2166 1714 2214 1767; x_wconf 88' lang='lat' dir='ltr'><strong>si</strong></span> <span class='ocrx_word' id='word_1_212' title='bbox 2246 1712 2421 1767; x_wconf 84' lang='lat' dir='ltr'><strong>solum</strong></span> <span class='ocrx_word' id='word_1_213' title='bbox 2459 1712 2766 1767; x_wconf 86' lang='lat' dir='ltr'><strong>ministerio</strong></span> <span class='ocrx_word' id='word_1_214' title='bbox 2810 1712 2962 1767; x_wconf 86' lang='lat' dir='ltr'><strong>vocis</strong></span> <span class='ocrx_word' id='word_1_215' title='bbox 2997 1712 3244 1781; x_wconf 80' lang='lat' dir='ltr'><strong>nudaque</strong></span> <span class='ocrx_word' id='word_1_216' title='bbox 3284 1710 3518 1780; x_wconf 85' lang='lat' dir='ltr'><strong>appella-</strong></span> 
     </span>
    </p>
   </div>
   <div class='ocr_carea' id='block_1_34' title="bbox 295 1800 1848 1877">
    <p class='ocr_par' dir='ltr' id='par_1_34' title="bbox 295 1800 1841 1877">
     <span class='ocr_line' id='line_1_34' title="bbox 295 1800 1841 1877; baseline 0.003 -25"><span class='ocrx_word' id='word_1_217' title='bbox 295 1800 527 1867; x_wconf 82' lang='grc' dir='ltr'>λεγέσθω</span> <span class='ocrx_word' id='word_1_218' title='bbox 557 1802 766 1871; x_wconf 83' lang='grc' dir='ltr'>ποίημα</span> <span class='ocrx_word' id='word_1_219' title='bbox 794 1805 916 1872; x_wconf 82' lang='grc' dir='ltr'>παρ’</span> <span class='ocrx_word' id='word_1_220' title='bbox 948 1805 1112 1875; x_wconf 79' lang='grc' dir='ltr'>ὑμῶν,</span> <span class='ocrx_word' id='word_1_221' title='bbox 1148 1806 1237 1860; x_wconf 82' lang='grc' dir='ltr'>ἵνα</span> <span class='ocrx_word' id='word_1_222' title='bbox 1256 1806 1322 1877; x_wconf 79' lang='grc' dir='ltr'>δὴ</span> <span class='ocrx_word' id='word_1_223' title='bbox 1365 1807 1460 1861; x_wconf 72' lang='grc' dir='ltr'><strong>καὶ</strong></span> <span class='ocrx_word' id='word_1_224' title='bbox 1508 1804 1841 1876; x_wconf 82' lang='grc' dir='ltr'>σαφέστερον</span> 
     </span>
    </p>
   </div>
   <div class='ocr_carea' id='block_1_35' title="bbox 1951 1800 3518 1877">
    <p class='ocr_par' dir='ltr' id='par_1_35' title="bbox 1951 1800 3518 1873">
     <span class='ocr_line' id='line_1_35' title="bbox 1951 1800 3518 1873; baseline -0.003 -16"><span class='ocrx_word' id='word_1_225' title='bbox 1951 1803 2091 1857; x_wconf 78' lang='lat' dir='ltr'><strong>tione</strong></span> <span class='ocrx_word' id='word_1_226' title='bbox 2122 1803 2377 1873; x_wconf 67' lang='lat' dir='ltr'><strong>genimen</strong></span> <span class='ocrx_word' id='word_1_227' title='bbox 2410 1813 2659 1867; x_wconf 76' lang='lat' dir='ltr'><strong>vocatur,</strong></span> <span class='ocrx_word' id='word_1_228' title='bbox 2692 1802 2899 1857; x_wconf 86' lang='lat' dir='ltr'><strong>dicatur</strong></span> <span class='ocrx_word' id='word_1_229' title='bbox 2925 1805 3091 1857; x_wconf 88' lang='lat' dir='ltr'><strong>etiam</strong></span> <span class='ocrx_word' id='word_1_230' title='bbox 3116 1816 3149 1856; x_wconf 83' lang='lat' dir='ltr'><strong>a</strong></span> <span class='ocrx_word' id='word_1_231' title='bbox 3179 1800 3330 1856; x_wconf 81' lang='lat' dir='ltr'><strong>vobis</strong></span> <span class='ocrx_word' id='word_1_232' title='bbox 3362 1815 3518 1854; x_wconf 79' lang='lat' dir='ltr'><strong>crea-</strong></span> 
     </span>
    </p>
   </div>
   <div class='ocr_carea' id='block_1_36' title="bbox 303 1888 987 1963">
    <p class='ocr_par' dir='ltr' id='par_1_36' title="bbox 303 1888 987 1963">
     <span class='ocr_line' id='line_1_36' title="bbox 303 1888 987 1963; baseline 0.009 -22"><span class='ocrx_word' id='word_1_233' title='bbox 303 1888 692 1960; x_wconf 79' lang='grc' dir='ltr'>δυσφημοῦντες</span> <span class='ocrx_word' id='word_1_234' title='bbox 718 1892 987 1963; x_wconf 77' lang='grc' dir='ltr'>φαίνησθε.</span> 
     </span>
    </p>
   </div>
   <div class='ocr_carea' id='block_1_37' title="bbox 948 2006 1157 2060">
    <p class='ocr_par' dir='ltr' id='par_1_37' title="bbox 948 2006 1157 2060">
     <span class='ocr_line' id='line_1_37' title="bbox 948 2006 1157 2060; baseline 0.014 -3"><span class='ocrx_word' id='word_1_235' title='bbox 948 2006 1157 2060; x_wconf 79' lang='grc' dir='ltr'>ΑΛΛΟ.</span> 
     </span>
    </p>
   </div>
   <div class='ocr_carea' id='block_1_38' title="bbox 554 2115 1553 2185">
    <p class='ocr_par' dir='ltr' id='par_1_38' title="bbox 554 2115 1553 2185">
     <span class='ocr_line' id='line_1_38' title="bbox 554 2115 1553 2185; baseline 0.004 -16"><span class='ocrx_word' id='word_1_236' title='bbox 554 2115 643 2182; x_wconf 73' lang='grc' dir='ltr'>Ὠς</span> <span class='ocrx_word' id='word_1_237' title='bbox 664 2116 731 2182; x_wconf 79' lang='grc' dir='ltr'><strong>ἐξ</strong></span> <span class='ocrx_word' id='word_1_238' title='bbox 755 2118 1125 2185; x_wconf 73' lang='grc' dir='ltr'>ἀντιθέσεως</span> <span class='ocrx_word' id='word_1_239' title='bbox 1152 2117 1273 2171; x_wconf 70' lang='grc' dir='ltr'>τῶν·</span> <span class='ocrx_word' id='word_1_240' title='bbox 1316 2118 1553 2173; x_wconf 79' lang='grc' dir='ltr'>Ἀετίου.</span> 
     </span>
    </p>
   </div>
   <div class='ocr_carea' id='block_1_39' title="bbox 342 2225 1843 2302">
    <p class='ocr_par' dir='ltr' id='par_1_39' title="bbox 342 2225 1843 2302">
     <span class='ocr_line' id='line_1_39' title="bbox 342 2225 1843 2302; baseline 0.005 -23"><span class='ocrx_word' id='word_1_241' title='bbox 342 2225 404 2280; x_wconf 83' lang='grc' dir='ltr'><strong>Εἰ</strong></span> <span class='ocrx_word' id='word_1_242' title='bbox 428 2229 726 2299; x_wconf 81' lang='grc' dir='ltr'>ἁμέριστός</span> <span class='ocrx_word' id='word_1_243' title='bbox 764 2233 909 2295; x_wconf 85' lang='grc' dir='ltr'>ἐστι,</span> <span class='ocrx_word' id='word_1_244' title='bbox 946 2232 1106 2301; x_wconf 67' lang='grc' dir='ltr'>φησὶ,</span> <span class='ocrx_word' id='word_1_245' title='bbox 1156 2231 1254 2302; x_wconf 74' lang='grc' dir='ltr'>τὴν</span> <span class='ocrx_word' id='word_1_246' title='bbox 1284 2232 1468 2286; x_wconf 86' lang='grc' dir='ltr'>οὑσὶαν</span> <span class='ocrx_word' id='word_1_247' title='bbox 1498 2234 1526 2287; x_wconf 87' lang='grc' dir='ltr'><strong>δ</strong></span> <span class='ocrx_word' id='word_1_248' title='bbox 1562 2232 1713 2299; x_wconf 72' lang='grc' dir='ltr'>Θεὸς,</span> <span class='ocrx_word' id='word_1_249' title='bbox 1743 2230 1843 2288; x_wconf 75' lang='grc' dir='ltr'>οὑκ</span> 
     </span>
    </p>
   </div>
   <div class='ocr_carea' id='block_1_40' title="bbox 278 2318 1848 2396">
    <p class='ocr_par' dir='ltr' id='par_1_40' title="bbox 278 2318 1848 2396">
     <span class='ocr_line' id='line_1_40' title="bbox 278 2318 1848 2396; baseline 0.005 -27"><span class='ocrx_word' id='word_1_250' title='bbox 278 2318 458 2382; x_wconf 83' lang='grc' dir='ltr'>οὑσίας</span> <span class='ocrx_word' id='word_1_251' title='bbox 497 2321 778 2374; x_wconf 78' lang='grc' dir='ltr'>διαστάσει</span> <span class='ocrx_word' id='word_1_252' title='bbox 808 2320 871 2372; x_wconf 65' lang='grc' dir='ltr'>τὸ</span> <span class='ocrx_word' id='word_1_253' title='bbox 900 2320 1163 2390; x_wconf 64' lang='grc' dir='ltr'>γεννηθὲν</span> <span class='ocrx_word' id='word_1_254' title='bbox 1195 2322 1477 2394; x_wconf 73' lang='grc' dir='ltr'>ἐγεννήθη,</span> <span class='ocrx_word' id='word_1_255' title='bbox 1502 2324 1611 2376; x_wconf 68' lang='grc' dir='ltr'>ἀλλ’</span> <span class='ocrx_word' id='word_1_256' title='bbox 1644 2324 1848 2396; x_wconf 75' lang='grc' dir='ltr'>ὑπέστη</span> 
     </span>
    </p>
   </div>
   <div class='ocr_carea' id='block_1_41' title="bbox 282 2410 1848 2487">
    <p class='ocr_par' dir='ltr' id='par_1_41' title="bbox 282 2410 1848 2487">
     <span class='ocr_line' id='line_1_41' title="bbox 282 2410 1848 2487; baseline 0.004 -26"><span class='ocrx_word' id='word_1_257' title='bbox 282 2410 402 2461; x_wconf 82' lang='grc' dir='ltr'>κατ’</span> <span class='ocrx_word' id='word_1_258' title='bbox 430 2410 706 2473; x_wconf 81' lang='grc' dir='ltr'>ἐξουσίαν.</span> <span class='ocrx_word' id='word_1_259' title='bbox 737 2412 848 2463; x_wconf 75' lang='grc' dir='ltr'><strong>Καὶ</strong></span> <span class='ocrx_word' id='word_1_260' title='bbox 874 2411 993 2473; x_wconf 77' lang='grc' dir='ltr'>πῶς</span> <span class='ocrx_word' id='word_1_261' title='bbox 1027 2410 1096 2463; x_wconf 80' lang='grc' dir='ltr'><strong>ἂν</strong></span> <span class='ocrx_word' id='word_1_262' title='bbox 1142 2412 1228 2481; x_wconf 70' lang='grc' dir='ltr'><strong>εἴη</strong></span> <span class='ocrx_word' id='word_1_263' title='bbox 1270 2412 1367 2482; x_wconf 79' lang='grc' dir='ltr'>τῆς</span> <span class='ocrx_word' id='word_1_264' title='bbox 1406 2414 1570 2486; x_wconf 77' lang='grc' dir='ltr'>αὐτῆς</span> <span class='ocrx_word' id='word_1_265' title='bbox 1601 2414 1783 2479; x_wconf 74' lang='grc' dir='ltr'>οὐσίας</span> <span class='ocrx_word' id='word_1_266' title='bbox 1816 2418 1848 2487; x_wconf 73' lang='grc' dir='ltr'><strong>ἡ</strong></span> 
     </span>
    </p>
   </div>
   <div class='ocr_carea' id='block_1_42' title="bbox 285 2501 1712 2575">
    <p class='ocr_par' dir='ltr' id='par_1_42' title="bbox 285 2501 1712 2575">
     <span class='ocr_line' id='line_1_42' title="bbox 285 2501 1712 2575; baseline 0.004 -23"><span class='ocrx_word' id='word_1_267' title='bbox 285 2502 571 2553; x_wconf 76' lang='grc' dir='ltr'>ὑποστᾶσα</span> <span class='ocrx_word' id='word_1_268' title='bbox 603 2501 764 2570; x_wconf 82' lang='grc' dir='ltr'>φύσις</span> <span class='ocrx_word' id='word_1_269' title='bbox 802 2501 942 2574; x_wconf 83' lang='grc' dir='ltr'>πρὸς</span> <span class='ocrx_word' id='word_1_270' title='bbox 972 2502 1071 2573; x_wconf 77' lang='grc' dir='ltr'>τὴν</span> <span class='ocrx_word' id='word_1_271' title='bbox 1095 2502 1476 2575; x_wconf 80' lang='grc' dir='ltr'>ὑποστήσασαν</span> <span class='ocrx_word' id='word_1_272' title='bbox 1515 2505 1712 2571; x_wconf 71' lang='grc' dir='ltr'>αὖιόν;</span> 
     </span>
    </p>
   </div>
   <div class='ocr_carea' id='block_1_43' title="bbox 758 2697 1361 2767">
    <p class='ocr_par' dir='ltr' id='par_1_43' title="bbox 758 2697 1361 2767">
     <span class='ocr_line' id='line_1_43' title="bbox 758 2697 1361 2767; baseline 0.005 -16"><span class='ocrx_word' id='word_1_273' title='bbox 758 2699 918 2767; x_wconf 72' lang='grc' dir='ltr'>Πρὸς</span> <span class='ocrx_word' id='word_1_274' title='bbox 952 2697 1137 2753; x_wconf 82' lang='grc' dir='ltr'>ταῦτα</span> <span class='ocrx_word' id='word_1_275' title='bbox 1159 2700 1361 2767; x_wconf 77' lang='grc' dir='ltr'>λύσις.</span> 
     </span>
    </p>
   </div>
   <div class='ocr_carea' id='block_1_44' title="bbox 346 2810 1847 2891">
    <p class='ocr_par' dir='ltr' id='par_1_44' title="bbox 346 2810 1847 2891">
     <span class='ocr_line' id='line_1_44' title="bbox 346 2810 1847 2891; baseline 0.006 -27"><span class='ocrx_word' id='word_1_276' title='bbox 346 2811 418 2864; x_wconf 75' lang='grc' dir='ltr'><strong>Τὸ</strong></span> <span class='ocrx_word' id='word_1_277' title='bbox 448 2810 593 2881; x_wconf 83' lang='grc' dir='ltr'>μέγα</span> <span class='ocrx_word' id='word_1_278' title='bbox 642 2812 801 2864; x_wconf 87' lang='grc' dir='ltr'>τοῦτο</span> <span class='ocrx_word' id='word_1_279' title='bbox 829 2813 923 2865; x_wconf 76' lang='grc' dir='ltr'>καὶ</span> <span class='ocrx_word' id='word_1_280' title='bbox 948 2812 1107 2883; x_wconf 80' lang='grc' dir='ltr'>βαθὺ,</span> <span class='ocrx_word' id='word_1_281' title='bbox 1138 2813 1389 2887; x_wconf 81' lang='grc' dir='ltr'>καθάπερ</span> <span class='ocrx_word' id='word_1_282' title='bbox 1428 2816 1629 2871; x_wconf 73' lang='grc' dir='ltr'>οἴονται</span> <span class='ocrx_word' id='word_1_283' title='bbox 1640 2860 1661 2886; x_wconf 80' lang='lat'><strong>,</strong></span> <span class='ocrx_word' id='word_1_284' title='bbox 1692 2822 1847 2891; x_wconf 83' lang='grc' dir='ltr'>σόφι-</span> 
     </span>
    </p>
   </div>
   <div class='ocr_carea' id='block_1_45' title="bbox 282 2906 1846 2989">
    <p class='ocr_par' dir='ltr' id='par_1_45' title="bbox 282 2906 1846 2989">
     <span class='ocr_line' id='line_1_45' title="bbox 282 2906 1846 2989; baseline 0.007 -30"><span class='ocrx_word' id='word_1_285' title='bbox 282 2923 409 2975; x_wconf 85' lang='grc' dir='ltr'>σμα,</span> <span class='ocrx_word' id='word_1_286' title='bbox 442 2906 503 2959; x_wconf 82' lang='grc' dir='ltr'>τὸ</span> <span class='ocrx_word' id='word_1_287' title='bbox 536 2908 611 2979; x_wconf 78' lang='grc' dir='ltr'>μὴ</span> <span class='ocrx_word' id='word_1_288' title='bbox 646 2907 966 2979; x_wconf 72' lang='grc' dir='ltr'>μερίζεσθαι</span> <span class='ocrx_word' id='word_1_289' title='bbox 1015 2909 1108 2962; x_wconf 91' lang='grc' dir='ltr'><strong>τοῦ</strong></span> <span class='ocrx_word' id='word_1_290' title='bbox 1152 2909 1288 2963; x_wconf 85' lang='grc' dir='ltr'>Θεοῦ</span> <span class='ocrx_word' id='word_1_291' title='bbox 1341 2912 1441 2983; x_wconf 78' lang='grc' dir='ltr'>τὴν</span> <span class='ocrx_word' id='word_1_292' title='bbox 1469 2915 1683 2982; x_wconf 78' lang='grc' dir='ltr'>οὐσίαν,</span> <span class='ocrx_word' id='word_1_293' title='bbox 1743 2917 1846 2989; x_wconf 78' lang='grc' dir='ltr'>τῆς</span> 
     </span>
    </p>
   </div>
   <div class='ocr_carea' id='block_1_46' title="bbox 278 2996 1847 3076">
    <p class='ocr_par' dir='ltr' id='par_1_46' title="bbox 278 2996 1847 3076">
     <span class='ocr_line' id='line_1_46' title="bbox 278 2996 1847 3076; baseline 0.008 -25"><span class='ocrx_word' id='word_1_294' title='bbox 278 2999 445 3068; x_wconf 77' lang='grc' dir='ltr'>αὐτῆς</span> <span class='ocrx_word' id='word_1_295' title='bbox 475 3000 656 3063; x_wconf 81' lang='grc' dir='ltr'>οὐσίας</span> <span class='ocrx_word' id='word_1_296' title='bbox 687 2996 825 3053; x_wconf 74' lang='grc' dir='ltr'>εἶναι</span> <span class='ocrx_word' id='word_1_297' title='bbox 847 3001 939 3055; x_wconf 80' lang='grc' dir='ltr'><strong>τὸν</strong></span> <span class='ocrx_word' id='word_1_298' title='bbox 980 3001 1106 3055; x_wconf 83' lang='grc' dir='ltr'>Υἱὸν</span> <span class='ocrx_word' id='word_1_299' title='bbox 1129 3003 1205 3073; x_wconf 79' lang='grc' dir='ltr'>τῷ</span> <span class='ocrx_word' id='word_1_300' title='bbox 1238 3005 1431 3076; x_wconf 73' lang='grc' dir='ltr'>Πατρὶ,</span> <span class='ocrx_word' id='word_1_301' title='bbox 1456 3007 1572 3072; x_wconf 85' lang='grc' dir='ltr'><strong>πῶς</strong></span> <span class='ocrx_word' id='word_1_302' title='bbox 1602 3009 1703 3063; x_wconf 81' lang='grc' dir='ltr'><strong>οὐκ</strong></span> <span class='ocrx_word' id='word_1_303' title='bbox 1722 3011 1847 3063; x_wconf 82' lang='grc' dir='ltr'>ἐπι-</span> 
     </span>
    </p>
   </div>
   <div class='ocr_carea' id='block_1_47' title="bbox 1947 1892 3407 1962">
    <p class='ocr_par' dir='ltr' id='par_1_47' title="bbox 1947 1892 3407 1962">
     <span class='ocr_line' id='line_1_47' title="bbox 1947 1892 3407 1962; baseline -0.003 -14"><span class='ocrx_word' id='word_1_304' title='bbox 1947 1902 2066 1948; x_wconf 87' lang='lat' dir='ltr'><strong>tura</strong></span> <span class='ocrx_word' id='word_1_305' title='bbox 2106 1908 2247 1961; x_wconf 84' lang='lat' dir='ltr'><strong>esse,</strong></span> <span class='ocrx_word' id='word_1_306' title='bbox 2278 1902 2339 1947; x_wconf 94' lang='lat' dir='ltr'><strong>ut</strong></span> <span class='ocrx_word' id='word_1_307' title='bbox 2372 1893 2714 1950; x_wconf 69' lang='lat' dir='ltr'><strong>manifestior</strong></span> <span class='ocrx_word' id='word_1_308' title='bbox 2743 1893 2816 1949; x_wconf 84' lang='lat' dir='ltr'><strong>sit</strong></span> <span class='ocrx_word' id='word_1_309' title='bbox 2847 1902 3029 1949; x_wconf 80' lang='lat' dir='ltr'><strong>vestra</strong></span> <span class='ocrx_word' id='word_1_310' title='bbox 3050 1892 3407 1962; x_wconf 76' lang='lat' dir='ltr'><strong>blasphemia.</strong></span> 
     </span>
    </p>
   </div>
   <div class='ocr_carea' id='block_1_48' title="bbox 2620 2003 2853 2060">
    <p class='ocr_par' dir='ltr' id='par_1_48' title="bbox 2620 2003 2853 2060">
     <span class='ocr_line' id='line_1_48' title="bbox 2620 2003 2853 2060; baseline 0.004 -1"><span class='ocrx_word' id='word_1_311' title='bbox 2620 2003 2853 2060; x_wconf 83' lang='lat' dir='ltr'><strong>ALIUD.</strong></span> 
     </span>
    </p>
   </div>
   <div class='ocr_carea' id='block_1_49' title="bbox 2426 2117 3032 2189">
    <p class='ocr_par' dir='ltr' id='par_1_49' title="bbox 2426 2117 3032 2189">
     <span class='ocr_line' id='line_1_49' title="bbox 2426 2117 3032 2189; baseline -0.005 -15"><span class='ocrx_word' id='word_1_312' title='bbox 2426 2119 2512 2174; x_wconf 79' lang='lat' dir='ltr'><strong>Ea:</strong></span> <span class='ocrx_word' id='word_1_313' title='bbox 2550 2120 2839 2189; x_wconf 74' lang='lat' dir='ltr'><strong>objections</strong></span> <span class='ocrx_word' id='word_1_314' title='bbox 2877 2117 3032 2171; x_wconf 67' lang='lat' dir='ltr'><strong>Aetii.</strong></span> 
     </span>
    </p>
   </div>
   <div class='ocr_carea' id='block_1_50' title="bbox 2014 2230 3518 2301">
    <p class='ocr_par' dir='ltr' id='par_1_50' title="bbox 2014 2230 3518 2301">
     <span class='ocr_line' id='line_1_50' title="bbox 2014 2230 3518 2301; baseline 0 -14"><span class='ocrx_word' id='word_1_315' title='bbox 2014 2231 2073 2287; x_wconf 90' lang='lat' dir='ltr'><strong>Si</strong></span> <span class='ocrx_word' id='word_1_316' title='bbox 2119 2230 2487 2297; x_wconf 82' lang='lat' dir='ltr'><strong>indivisibilis,</strong></span> <span class='ocrx_word' id='word_1_317' title='bbox 2529 2232 2726 2301; x_wconf 88' lang='lat' dir='ltr'><strong>inquit,</strong></span> <span class='ocrx_word' id='word_1_318' title='bbox 2768 2234 3067 2288; x_wconf 84' lang='lat' dir='ltr'><strong>secundum</strong></span> <span class='ocrx_word' id='word_1_319' title='bbox 3110 2234 3400 2289; x_wconf 80' lang='lat' dir='ltr'><strong>essentiam</strong></span> <span class='ocrx_word' id='word_1_320' title='bbox 3437 2240 3518 2287; x_wconf 87' lang='lat' dir='ltr'><strong>est</strong></span> 
     </span>
    </p>
   </div>
   <div class='ocr_carea' id='block_1_51' title="bbox 1945 2324 3517 2395">
    <p class='ocr_par' dir='ltr' id='par_1_51' title="bbox 1945 2324 3517 2395">
     <span class='ocr_line' id='line_1_51' title="bbox 1945 2324 3517 2395; baseline -0.003 -15"><span class='ocrx_word' id='word_1_321' title='bbox 1945 2324 2110 2389; x_wconf 82' lang='lat' dir='ltr'><strong>Deus,</strong></span> <span class='ocrx_word' id='word_1_322' title='bbox 2139 2338 2245 2379; x_wconf 90' lang='lat' dir='ltr'><strong>non</strong></span> <span class='ocrx_word' id='word_1_323' title='bbox 2283 2324 2539 2378; x_wconf 63' lang='lat' dir='ltr'><strong>essentia</strong></span> <span class='ocrx_word' id='word_1_324' title='bbox 2565 2324 2906 2392; x_wconf 76' lang='lat' dir='ltr'><strong>separatione</strong></span> <span class='ocrx_word' id='word_1_325' title='bbox 2932 2324 3178 2391; x_wconf 73' lang='lat' dir='ltr'><strong>genimen</strong></span> <span class='ocrx_word' id='word_1_326' title='bbox 3205 2334 3517 2395; x_wconf 69' lang='lat' dir='ltr'><strong>generatum</strong></span> 
     </span>
    </p>
   </div>
   <div class='ocr_carea' id='block_1_52' title="bbox 1945 2413 3522 2489">
    <p class='ocr_par' dir='ltr' id='par_1_52' title="bbox 1945 2413 3522 2489">
     <span class='ocr_line' id='line_1_52' title="bbox 1945 2413 3522 2489; baseline -0.001 -19"><span class='ocrx_word' id='word_1_327' title='bbox 1945 2425 2048 2481; x_wconf 86' lang='lat' dir='ltr'><strong>est,</strong></span> <span class='ocrx_word' id='word_1_328' title='bbox 2078 2415 2174 2470; x_wconf 88' lang='lat' dir='ltr'><strong>sed</strong></span> <span class='ocrx_word' id='word_1_329' title='bbox 2223 2413 2579 2489; x_wconf 69' lang='lat' dir='ltr'><strong>constitutum</strong></span> <span class='ocrx_word' id='word_1_330' title='bbox 2627 2422 2710 2467; x_wconf 86' lang='lat' dir='ltr'><strong>est</strong></span> <span class='ocrx_word' id='word_1_331' title='bbox 2766 2428 2831 2467; x_wconf 78' lang='lat' dir='ltr'><strong>ex</strong></span> <span class='ocrx_word' id='word_1_332' title='bbox 2882 2413 3178 2468; x_wconf 84' lang='lat' dir='ltr'><strong>voluntate.</strong></span> <span class='ocrx_word' id='word_1_333' title='bbox 3211 2414 3327 2481; x_wconf 86' lang='lat' dir='ltr'><strong>Quo</strong></span> <span class='ocrx_word' id='word_1_334' title='bbox 3366 2425 3522 2484; x_wconf 78' lang='lat' dir='ltr'><strong>pacto</strong></span> 
     </span>
    </p>
   </div>
   <div class='ocr_carea' id='block_1_53' title="bbox 1946 2504 3519 2575">
    <p class='ocr_par' dir='ltr' id='par_1_53' title="bbox 1946 2504 3519 2575">
     <span class='ocr_line' id='line_1_53' title="bbox 1946 2504 3519 2575; baseline -0.001 -14"><span class='ocrx_word' id='word_1_335' title='bbox 1946 2517 2128 2561; x_wconf 89' lang='lat' dir='ltr'><strong>autem</strong></span> <span class='ocrx_word' id='word_1_336' title='bbox 2157 2505 2399 2575; x_wconf 82' lang='lat' dir='ltr'><strong>ejusdem</strong></span> <span class='ocrx_word' id='word_1_337' title='bbox 2438 2504 2686 2559; x_wconf 69' lang='lat' dir='ltr'><strong>essentia:</strong></span> <span class='ocrx_word' id='word_1_338' title='bbox 2721 2518 2841 2559; x_wconf 89' lang='lat' dir='ltr'><strong>esse</strong></span> <span class='ocrx_word' id='word_1_339' title='bbox 2870 2504 3040 2574; x_wconf 84' lang='lat' dir='ltr'><strong>possit</strong></span> <span class='ocrx_word' id='word_1_340' title='bbox 3082 2513 3271 2560; x_wconf 88' lang='lat' dir='ltr'><strong>natura</strong></span> <span class='ocrx_word' id='word_1_341' title='bbox 3314 2507 3519 2562; x_wconf 79' lang='lat' dir='ltr'><strong>consti-</strong></span> 
     </span>
    </p>
   </div>
   <div class='ocr_carea' id='block_1_54' title="bbox 1947 2594 2813 2653">
    <p class='ocr_par' dir='ltr' id='par_1_54' title="bbox 1947 2594 2813 2653">
     <span class='ocr_line' id='line_1_54' title="bbox 1947 2594 2813 2653; baseline -0.005 0"><span class='ocrx_word' id='word_1_342' title='bbox 1947 2607 2063 2653; x_wconf 88' lang='lat' dir='ltr'><strong>tuta</strong></span> <span class='ocrx_word' id='word_1_343' title='bbox 2096 2613 2218 2653; x_wconf 82' lang='lat' dir='ltr'><strong>cum</strong></span> <span class='ocrx_word' id='word_1_344' title='bbox 2256 2610 2375 2651; x_wconf 89' lang='lat' dir='ltr'><strong>eam</strong></span> <span class='ocrx_word' id='word_1_345' title='bbox 2408 2594 2813 2650; x_wconf 79' lang='lat' dir='ltr'><strong>constituente?</strong></span> 
     </span>
    </p>
   </div>
   <div class='ocr_carea' id='block_1_55' title="bbox 2445 2708 3026 2779">
    <p class='ocr_par' dir='ltr' id='par_1_55' title="bbox 2445 2708 3026 2779">
     <span class='ocr_line' id='line_1_55' title="bbox 2445 2708 3026 2779; baseline 0.005 -16"><span class='ocrx_word' id='word_1_346' title='bbox 2445 2708 2651 2764; x_wconf 66' lang='lat' dir='ltr'><strong>Solatia</strong></span> <span class='ocrx_word' id='word_1_347' title='bbox 2702 2710 3026 2779; x_wconf 69' lang='lat' dir='ltr'><strong>objectiom&#39;s.</strong></span> 
     </span>
    </p>
   </div>
   <div class='ocr_carea' id='block_1_56' title="bbox 2020 2821 3523 2895">
    <p class='ocr_par' dir='ltr' id='par_1_56' title="bbox 2020 2821 3523 2895">
     <span class='ocr_line' id='line_1_56' title="bbox 2020 2821 3523 2895; baseline -0.001 -16"><span class='ocrx_word' id='word_1_348' title='bbox 2020 2825 2213 2895; x_wconf 74' lang='lat' dir='ltr'><strong>Ingens</strong></span> <span class='ocrx_word' id='word_1_349' title='bbox 2275 2822 2378 2877; x_wconf 80' lang='lat' dir='ltr'><strong>hoc</strong></span> <span class='ocrx_word' id='word_1_350' title='bbox 2428 2836 2506 2875; x_wconf 84' lang='lat' dir='ltr'><strong>ac</strong></span> <span class='ocrx_word' id='word_1_351' title='bbox 2557 2821 2911 2890; x_wconf 62' lang='lat' dir='ltr'><strong>praeclarum,</strong></span> <span class='ocrx_word' id='word_1_352' title='bbox 2956 2830 3018 2875; x_wconf 87' lang='lat' dir='ltr'><strong>ut</strong></span> <span class='ocrx_word' id='word_1_353' title='bbox 3067 2823 3403 2889; x_wconf 78' lang='lat' dir='ltr'><strong>existimant,</strong></span> <span class='ocrx_word' id='word_1_354' title='bbox 3442 2839 3523 2878; x_wconf 85' lang='lat' dir='ltr'><strong>so-</strong></span> 
     </span>
    </p>
   </div>
   <div class='ocr_carea' id='block_1_57' title="bbox 1949 2914 3521 2988">
    <p class='ocr_par' dir='ltr' id='par_1_57' title="bbox 1949 2914 3521 2988">
     <span class='ocr_line' id='line_1_57' title="bbox 1949 2914 3521 2988; baseline -0.004 -17"><span class='ocrx_word' id='word_1_355' title='bbox 1949 2918 2183 2988; x_wconf 83' lang='lat' dir='ltr'><strong>phisma,</strong></span> <span class='ocrx_word' id='word_1_356' title='bbox 2222 2930 2327 2985; x_wconf 88' lang='lat' dir='ltr'><strong>quo</strong></span> <span class='ocrx_word' id='word_1_357' title='bbox 2362 2914 2620 2983; x_wconf 70' lang='lat' dir='ltr'><strong>colligunt</strong></span> <span class='ocrx_word' id='word_1_358' title='bbox 2666 2926 2731 2966; x_wconf 77' lang='lat' dir='ltr'><strong>ex</strong></span> <span class='ocrx_word' id='word_1_359' title='bbox 2776 2925 2843 2966; x_wconf 80' lang='lat' dir='ltr'><strong>eo</strong></span> <span class='ocrx_word' id='word_1_360' title='bbox 2875 2915 3020 2982; x_wconf 83' lang='lat' dir='ltr'><strong>quod</strong></span> <span class='ocrx_word' id='word_1_361' title='bbox 3062 2917 3307 2983; x_wconf 84' lang='lat' dir='ltr'><strong>separari</strong></span> <span class='ocrx_word' id='word_1_362' title='bbox 3345 2916 3521 2968; x_wconf 79' lang='lat' dir='ltr'><strong>divina</strong></span> 
     </span>
    </p>
   </div>
   <div class='ocr_carea' id='block_1_58' title="bbox 1951 3002 3523 3075">
    <p class='ocr_par' dir='ltr' id='par_1_58' title="bbox 1951 3002 3523 3075">
     <span class='ocr_line' id='line_1_58' title="bbox 1951 3002 3523 3075; baseline -0.004 -12"><span class='ocrx_word' id='word_1_363' title='bbox 1951 3009 2187 3065; x_wconf 85' lang='lat' dir='ltr'><strong>essentia</strong></span> <span class='ocrx_word' id='word_1_364' title='bbox 2223 3022 2326 3061; x_wconf 94' lang='lat' dir='ltr'><strong>non</strong></span> <span class='ocrx_word' id='word_1_365' title='bbox 2362 3006 2551 3075; x_wconf 84' lang='lat' dir='ltr'><strong>possit,</strong></span> <span class='ocrx_word' id='word_1_366' title='bbox 2589 3002 2833 3071; x_wconf 77' lang='lat' dir='ltr'><strong>ejusdem</strong></span> <span class='ocrx_word' id='word_1_367' title='bbox 2876 3004 3129 3057; x_wconf 67' lang='lat' dir='ltr'><strong>essentia</strong></span> <span class='ocrx_word' id='word_1_368' title='bbox 3170 3018 3290 3058; x_wconf 84' lang='lat' dir='ltr'><strong>esse</strong></span> <span class='ocrx_word' id='word_1_369' title='bbox 3330 3003 3523 3058; x_wconf 77' lang='lat' dir='ltr'><strong>Filiam</strong></span> 
     </span>
    </p>
   </div>
   <div class='ocr_carea' id='block_1_59' title="bbox 276 3084 1848 3174">
    <p class='ocr_par' dir='ltr' id='par_1_59' title="bbox 276 3090 1846 3174">
     <span class='ocr_line' id='line_1_59' title="bbox 276 3090 1846 3174; baseline 0.008 -29"><span class='ocrx_word' id='word_1_370' title='bbox 276 3090 468 3162; x_wconf 66' lang='grc' dir='ltr'>τρέψει</span> <span class='ocrx_word' id='word_1_371' title='bbox 495 3093 641 3162; x_wconf 81' lang='grc' dir='ltr'>παρὰ</span> <span class='ocrx_word' id='word_1_372' title='bbox 672 3095 780 3155; x_wconf 85' lang='grc' dir='ltr'>τοῖς</span> <span class='ocrx_word' id='word_1_373' title='bbox 806 3092 981 3164; x_wconf 79' lang='grc' dir='ltr'>ὀρθῶς</span> <span class='ocrx_word' id='word_1_374' title='bbox 1007 3094 1319 3166; x_wconf 76' lang='grc' dir='ltr'>δοκιμάζειν</span> <span class='ocrx_word' id='word_1_375' title='bbox 1341 3099 1557 3154; x_wconf 76' lang='grc' dir='ltr'>εἰωθόσι</span> <span class='ocrx_word' id='word_1_376' title='bbox 1576 3102 1645 3155; x_wconf 82' lang='grc' dir='ltr'><strong>τὰ</strong></span> <span class='ocrx_word' id='word_1_377' title='bbox 1672 3105 1846 3174; x_wconf 65' lang='grc' dir='ltr'>πρᾶγ-</span> 
     </span>
    </p>
   </div>
   <div class='ocr_carea' id='block_1_60' title="bbox 1951 3084 3523 3174">
    <p class='ocr_par' dir='ltr' id='par_1_60' title="bbox 1953 3096 3523 3167">
     <span class='ocr_line' id='line_1_60' title="bbox 1953 3096 3523 3167; baseline -0.004 -12"><span class='ocrx_word' id='word_1_378' title='bbox 1953 3116 2074 3156; x_wconf 90' lang='lat' dir='ltr'><strong>cum</strong></span> <span class='ocrx_word' id='word_1_379' title='bbox 2122 3099 2307 3163; x_wconf 85' lang='lat' dir='ltr'><strong>Patre,</strong></span> <span class='ocrx_word' id='word_1_380' title='bbox 2343 3113 2450 3167; x_wconf 89' lang='lat' dir='ltr'><strong>quo</strong></span> <span class='ocrx_word' id='word_1_381' title='bbox 2495 3108 2656 3165; x_wconf 88' lang='lat' dir='ltr'><strong>pacto</strong></span> <span class='ocrx_word' id='word_1_382' title='bbox 2698 3108 2803 3149; x_wconf 89' lang='lat' dir='ltr'><strong>non</strong></span> <span class='ocrx_word' id='word_1_383' title='bbox 2852 3096 3186 3150; x_wconf 77' lang='lat' dir='ltr'><strong>concedatur</strong></span> <span class='ocrx_word' id='word_1_384' title='bbox 3230 3098 3299 3151; x_wconf 84' lang='lat' dir='ltr'><strong>ab</strong></span> <span class='ocrx_word' id='word_1_385' title='bbox 3336 3097 3405 3150; x_wconf 87' lang='lat' dir='ltr'><strong>iis</strong></span> <span class='ocrx_word' id='word_1_386' title='bbox 3434 3099 3523 3165; x_wconf 78' lang='lat' dir='ltr'><strong>qui</strong></span> 
     </span>
    </p>
   </div>
   <div class='ocr_carea' id='block_1_61' title="bbox 280 3187 1847 3263">
    <p class='ocr_par' dir='ltr' id='par_1_61' title="bbox 280 3187 1847 3263">
     <span class='ocr_line' id='line_1_61' title="bbox 280 3187 1847 3263; baseline 0.008 -26"><span class='ocrx_word' id='word_1_387' title='bbox 280 3203 467 3255; x_wconf 86' lang='grc' dir='ltr'>ματα;</span> <span class='ocrx_word' id='word_1_388' title='bbox 502 3187 814 3253; x_wconf 81' lang='grc' dir='ltr'>Λεγέτωσαν</span> <span class='ocrx_word' id='word_1_389' title='bbox 847 3190 977 3258; x_wconf 81' lang='grc' dir='ltr'>ἡμῖν</span> <span class='ocrx_word' id='word_1_390' title='bbox 1025 3190 1076 3242; x_wconf 82' lang='grc' dir='ltr'>οἱ</span> <span class='ocrx_word' id='word_1_391' title='bbox 1124 3190 1288 3244; x_wconf 83' lang='grc' dir='ltr'>δεινοὶ</span> <span class='ocrx_word' id='word_1_392' title='bbox 1311 3193 1404 3245; x_wconf 72' lang='grc' dir='ltr'>καὶ</span> <span class='ocrx_word' id='word_1_393' title='bbox 1444 3195 1719 3263; x_wconf 76' lang='grc' dir='ltr'>φιλαίτιοι.</span> <span class='ocrx_word' id='word_1_394' title='bbox 1773 3199 1847 3249; x_wconf 81' lang='grc' dir='ltr'><strong>Οὐ</strong></span> 
     </span>
    </p>
   </div>
   <div class='ocr_carea' id='block_1_62' title="bbox 274 3276 1849 3351">
    <p class='ocr_par' dir='ltr' id='par_1_62' title="bbox 274 3276 1849 3351">
     <span class='ocr_line' id='line_1_62' title="bbox 274 3276 1849 3351; baseline 0.009 -25"><span class='ocrx_word' id='word_1_395' title='bbox 274 3276 390 3346; x_wconf 78' lang='grc' dir='ltr'>γὰρ</span> <span class='ocrx_word' id='word_1_396' title='bbox 446 3276 739 3348; x_wconf 76' lang='grc' dir='ltr'>ἐπειδήπερ</span> <span class='ocrx_word' id='word_1_397' title='bbox 786 3278 1075 3349; x_wconf 80' lang='grc' dir='ltr'>ἀμέριστός</span> <span class='ocrx_word' id='word_1_398' title='bbox 1133 3283 1252 3332; x_wconf 86' lang='grc' dir='ltr'>ἐστι</span> <span class='ocrx_word' id='word_1_399' title='bbox 1298 3283 1396 3351; x_wconf 87' lang='grc' dir='ltr'>τὴν</span> <span class='ocrx_word' id='word_1_400' title='bbox 1430 3285 1665 3338; x_wconf 81' lang='grc' dir='ltr'>οὐσίανὸ</span> <span class='ocrx_word' id='word_1_401' title='bbox 1697 3286 1849 3351; x_wconf 77' lang='grc' dir='ltr'>Θεὸς,</span> 
     </span>
    </p>
   </div>
   <div class='ocr_carea' id='block_1_63' title="bbox 272 3365 1849 3446">
    <p class='ocr_par' dir='ltr' id='par_1_63' title="bbox 272 3365 1849 3446">
     <span class='ocr_line' id='line_1_63' title="bbox 272 3365 1849 3446; baseline 0.008 -27"><span class='ocrx_word' id='word_1_402' title='bbox 272 3366 365 3419; x_wconf 71' lang='grc' dir='ltr'><strong>διὰ</strong></span> <span class='ocrx_word' id='word_1_403' title='bbox 388 3365 547 3418; x_wconf 85' lang='grc' dir='ltr'>τοῦτο</span> <span class='ocrx_word' id='word_1_404' title='bbox 568 3368 772 3437; x_wconf 77' lang='grc' dir='ltr'>καὶτῆς</span> <span class='ocrx_word' id='word_1_405' title='bbox 795 3370 1123 3441; x_wconf 79' lang='grc' dir='ltr'>γεννητικῆς</span> <span class='ocrx_word' id='word_1_406' title='bbox 1142 3370 1427 3444; x_wconf 81' lang='grc' dir='ltr'>δυνάμεως</span> <span class='ocrx_word' id='word_1_407' title='bbox 1452 3375 1656 3446; x_wconf 72' lang='grc' dir='ltr'>ἔρημος</span> <span class='ocrx_word' id='word_1_408' title='bbox 1677 3378 1849 3443; x_wconf 79' lang='grc' dir='ltr'>ἔσται,</span> 
     </span>
    </p>
   </div>
   <div class='ocr_carea' id='block_1_64' title="bbox 272 3456 1851 3538">
    <p class='ocr_par' dir='ltr' id='par_1_64' title="bbox 272 3456 1851 3538">
     <span class='ocr_line' id='line_1_64' title="bbox 272 3456 1851 3538; baseline 0.009 -29"><span class='ocrx_word' id='word_1_409' title='bbox 272 3456 400 3510; x_wconf 78' lang='grc' dir='ltr'>καθ’</span> <span class='ocrx_word' id='word_1_410' title='bbox 431 3459 595 3526; x_wconf 77' lang='grc' dir='ltr'>ὑμᾶς.</span> <span class='ocrx_word' id='word_1_411' title='bbox 636 3459 747 3512; x_wconf 73' lang='grc' dir='ltr'><strong>Καὶ</strong></span> <span class='ocrx_word' id='word_1_412' title='bbox 782 3461 883 3513; x_wconf 78' lang='grc' dir='ltr'><strong>οὐκ</strong></span> <span class='ocrx_word' id='word_1_413' title='bbox 916 3462 1192 3529; x_wconf 82' lang='grc' dir='ltr'>ἀπόδειξιν</span> <span class='ocrx_word' id='word_1_414' title='bbox 1222 3463 1335 3535; x_wconf 69' lang='grc' dir='ltr'>ἔχει</span> <span class='ocrx_word' id='word_1_415' title='bbox 1364 3466 1458 3519; x_wconf 87' lang='grc' dir='ltr'><strong>τοῦ</strong></span> <span class='ocrx_word' id='word_1_416' title='bbox 1491 3470 1568 3538; x_wconf 85' lang='grc' dir='ltr'>μὴ</span> <span class='ocrx_word' id='word_1_417' title='bbox 1595 3468 1851 3524; x_wconf 82' lang='grc' dir='ltr'>δύνασθαι</span> 
     </span>
    </p>
   </div>
   <div class='ocr_carea' id='block_1_65' title="bbox 276 3548 1845 3630">
    <p class='ocr_par' dir='ltr' id='par_1_65' title="bbox 276 3548 1845 3630">
     <span class='ocr_line' id='line_1_65' title="bbox 276 3548 1845 3630; baseline 0.013 -33"><span class='ocrx_word' id='word_1_418' title='bbox 276 3549 470 3618; x_wconf 75' lang='grc' dir='ltr'>γεννᾷν</span> <span class='ocrx_word' id='word_1_419' title='bbox 503 3548 685 3614; x_wconf 81' lang='grc' dir='ltr'>αὐτὸν,</span> <span class='ocrx_word' id='word_1_420' title='bbox 707 3550 769 3603; x_wconf 82' lang='grc' dir='ltr'>τὸ</span> <span class='ocrx_word' id='word_1_421' title='bbox 801 3552 1098 3623; x_wconf 81' lang='grc' dir='ltr'>ἀμέριστον</span> <span class='ocrx_word' id='word_1_422' title='bbox 1136 3550 1277 3610; x_wconf 72' lang='grc' dir='ltr'>εἶναι</span> <span class='ocrx_word' id='word_1_423' title='bbox 1306 3558 1449 3613; x_wconf 80' lang='grc' dir='ltr'>κατὰ</span> <span class='ocrx_word' id='word_1_424' title='bbox 1490 3559 1590 3630; x_wconf 81' lang='grc' dir='ltr'>τὴν</span> <span class='ocrx_word' id='word_1_425' title='bbox 1638 3562 1845 3618; x_wconf 78' lang='grc' dir='ltr'>οὐσίαν.</span> 
     </span>
    </p>
   </div>
   <div class='ocr_carea' id='block_1_66' title="bbox 276 3640 1850 3726">
    <p class='ocr_par' dir='ltr' id='par_1_66' title="bbox 276 3640 1850 3726">
     <span class='ocr_line' id='line_1_66' title="bbox 276 3640 1850 3726; baseline 0.011 -35"><span class='ocrx_word' id='word_1_426' title='bbox 276 3640 339 3692; x_wconf 81' lang='grc' dir='ltr'><strong>ΕΞ</strong></span> <span class='ocrx_word' id='word_1_427' title='bbox 366 3640 422 3693; x_wconf 85' lang='grc' dir='ltr'>δὲ</span> <span class='ocrx_word' id='word_1_428' title='bbox 458 3643 623 3713; x_wconf 72' lang='grc' dir='ltr'>τιμᾷν</span> <span class='ocrx_word' id='word_1_429' title='bbox 646 3642 849 3698; x_wconf 75' lang='grc' dir='ltr'>οἴονται</span> <span class='ocrx_word' id='word_1_430' title='bbox 876 3646 968 3698; x_wconf 85' lang='grc' dir='ltr'><strong>τὸν</strong></span> <span class='ocrx_word' id='word_1_431' title='bbox 996 3646 1150 3714; x_wconf 84' lang='grc' dir='ltr'>Θεὸν,</span> <span class='ocrx_word' id='word_1_432' title='bbox 1186 3648 1451 3714; x_wconf 80' lang='grc' dir='ltr'>σώζοντες</span> <span class='ocrx_word' id='word_1_433' title='bbox 1482 3653 1582 3722; x_wconf 80' lang='grc' dir='ltr'><strong>μὲν</strong></span> <span class='ocrx_word' id='word_1_434' title='bbox 1615 3656 1760 3726; x_wconf 83' lang='grc' dir='ltr'>αὐτῷ</span> <span class='ocrx_word' id='word_1_435' title='bbox 1789 3657 1850 3709; x_wconf 83' lang='grc' dir='ltr'><strong>τὸ</strong></span> 
     </span>
    </p>
   </div>
   <div class='ocr_carea' id='block_1_67' title="bbox 278 3730 1849 3811">
    <p class='ocr_par' dir='ltr' id='par_1_67' title="bbox 278 3730 1849 3811">
     <span class='ocr_line' id='line_1_67' title="bbox 278 3730 1849 3811; baseline 0.011 -29"><span class='ocrx_word' id='word_1_436' title='bbox 278 3730 599 3802; x_wconf 78' lang='grc' dir='ltr'>μερίζεσθαι</span> <span class='ocrx_word' id='word_1_437' title='bbox 624 3735 914 3805; x_wconf 80' lang='grc' dir='ltr'>μηδαμῶς,</span> <span class='ocrx_word' id='word_1_438' title='bbox 938 3737 1363 3811; x_wconf 79' lang='grc' dir='ltr'>ἀποστεροῦντες</span> <span class='ocrx_word' id='word_1_439' title='bbox 1395 3742 1450 3796; x_wconf 85' lang='grc' dir='ltr'>δὲ</span> <span class='ocrx_word' id='word_1_440' title='bbox 1475 3744 1568 3797; x_wconf 90' lang='grc' dir='ltr'><strong>τοῦ</strong></span> <span class='ocrx_word' id='word_1_441' title='bbox 1591 3745 1849 3799; x_wconf 79' lang='grc' dir='ltr'>δύνασθαι</span> 
     </span>
    </p>
   </div>
   <div class='ocr_carea' id='block_1_68' title="bbox 274 3823 1849 3906">
    <p class='ocr_par' dir='ltr' id='par_1_68' title="bbox 274 3823 1849 3906">
     <span class='ocr_line' id='line_1_68' title="bbox 274 3823 1849 3906; baseline 0.011 -33"><span class='ocrx_word' id='word_1_442' title='bbox 274 3824 498 3893; x_wconf 77' lang='grc' dir='ltr'>γεννᾷν,</span> <span class='ocrx_word' id='word_1_443' title='bbox 528 3823 601 3887; x_wconf 80' lang='grc' dir='ltr'>ὡς</span> <span class='ocrx_word' id='word_1_444' title='bbox 629 3824 716 3878; x_wconf 77' lang='grc' dir='ltr'>διὰ</span> <span class='ocrx_word' id='word_1_445' title='bbox 761 3825 921 3880; x_wconf 88' lang='grc' dir='ltr'>τοῦτο</span> <span class='ocrx_word' id='word_1_446' title='bbox 963 3831 1084 3883; x_wconf 79' lang='grc' dir='ltr'>κατ’</span> <span class='ocrx_word' id='word_1_447' title='bbox 1122 3829 1370 3896; x_wconf 79' lang='grc' dir='ltr'>ἐξουσίαν</span> <span class='ocrx_word' id='word_1_448' title='bbox 1406 3834 1713 3906; x_wconf 72' lang='grc' dir='ltr'>ὑποστῆσαι</span> <span class='ocrx_word' id='word_1_449' title='bbox 1756 3837 1849 3891; x_wconf 79' lang='grc' dir='ltr'><strong>τὸν</strong></span> 
     </span>
    </p>
   </div>
   <div class='ocr_carea' id='block_1_69' title="bbox 275 3911 1851 3993">
    <p class='ocr_par' dir='ltr' id='par_1_69' title="bbox 275 3911 1851 3993">
     <span class='ocr_line' id='line_1_69' title="bbox 275 3911 1851 3993; baseline 0.008 -30"><span class='ocrx_word' id='word_1_450' title='bbox 275 3911 431 3975; x_wconf 78' lang='grc' dir='ltr'>Υἱὺν,</span> <span class='ocrx_word' id='word_1_451' title='bbox 466 3913 810 3969; x_wconf 81' lang='grc' dir='ltr'>ἁκουέτωσαν</span> <span class='ocrx_word' id='word_1_452' title='bbox 840 3916 923 3968; x_wconf 85' lang='grc' dir='ltr'>ὃτι</span> <span class='ocrx_word' id='word_1_453' title='bbox 966 3915 1102 3971; x_wconf 79' lang='grc' dir='ltr'><strong>πολὺ</strong></span> <span class='ocrx_word' id='word_1_454' title='bbox 1137 3919 1321 3987; x_wconf 73' lang='grc' dir='ltr'>μεῖζον</span> <span class='ocrx_word' id='word_1_455' title='bbox 1368 3920 1463 3973; x_wconf 80' lang='grc' dir='ltr'><strong>καὶ</strong></span> <span class='ocrx_word' id='word_1_456' title='bbox 1498 3922 1715 3975; x_wconf 85' lang='grc' dir='ltr'>κάλλιον</span> <span class='ocrx_word' id='word_1_457' title='bbox 1752 3923 1851 3993; x_wconf 84' lang='grc' dir='ltr'>τῆς</span> 
     </span>
    </p>
   </div>
   <div class='ocr_carea' id='block_1_70' title="bbox 274 4003 1850 4084">
    <p class='ocr_par' dir='ltr' id='par_1_70' title="bbox 274 4003 1850 4084">
     <span class='ocr_line' id='line_1_70' title="bbox 274 4003 1850 4084; baseline 0.017 -30"><span class='ocrx_word' id='word_1_458' title='bbox 274 4003 399 4056; x_wconf 81' lang='grc' dir='ltr'>κατ’</span> <span class='ocrx_word' id='word_1_459' title='bbox 423 4003 676 4067; x_wconf 77' lang='grc' dir='ltr'>ἐξουσίαν</span> <span class='ocrx_word' id='word_1_460' title='bbox 701 4004 1082 4079; x_wconf 77' lang='grc' dir='ltr'>λαμπρότητος</span> <span class='ocrx_word' id='word_1_461' title='bbox 1108 4009 1207 4079; x_wconf 80' lang='grc' dir='ltr'>τῆς</span> <span class='ocrx_word' id='word_1_462' title='bbox 1235 4012 1470 4084; x_wconf 73' lang='grc' dir='ltr'>φυσικῆς</span> <span class='ocrx_word' id='word_1_463' title='bbox 1502 4013 1781 4083; x_wconf 75' lang='grc' dir='ltr'>ἐνεργείας</span> <span class='ocrx_word' id='word_1_464' title='bbox 1816 4015 1850 4084; x_wconf 69' lang='grc' dir='ltr'>ἡ</span> 
     </span>
    </p>
   </div>
   <div class='ocr_carea' id='block_1_71' title="bbox 273 4094 1852 4177">
    <p class='ocr_par' dir='ltr' id='par_1_71' title="bbox 273 4094 1852 4177">
     <span class='ocr_line' id='line_1_71' title="bbox 273 4094 1852 4177; baseline 0.006 -29"><span class='ocrx_word' id='word_1_465' title='bbox 273 4097 454 4165; x_wconf 80' lang='grc' dir='ltr'>χάρις.</span> <span class='ocrx_word' id='word_1_466' title='bbox 499 4094 942 4169; x_wconf 79' lang='grc' dir='ltr'>Ἀξιολογώτερον</span> <span class='ocrx_word' id='word_1_467' title='bbox 964 4098 1073 4169; x_wconf 81' lang='grc' dir='ltr'>γὰρ</span> <span class='ocrx_word' id='word_1_468' title='bbox 1100 4101 1161 4153; x_wconf 85' lang='grc' dir='ltr'><strong>τὸ</strong></span> <span class='ocrx_word' id='word_1_469' title='bbox 1191 4101 1501 4177; x_wconf 83' lang='grc' dir='ltr'>ἀμερίστως</span> <span class='ocrx_word' id='word_1_470' title='bbox 1526 4104 1734 4157; x_wconf 76' lang='grc' dir='ltr'>οἴεσθαι</span> <span class='ocrx_word' id='word_1_471' title='bbox 1760 4105 1852 4159; x_wconf 79' lang='grc' dir='ltr'>τὸν</span> 
     </span>
    </p>
   </div>
   <div class='ocr_carea' id='block_1_72' title="bbox 274 4187 1854 4268">
    <p class='ocr_par' dir='ltr' id='par_1_72' title="bbox 274 4187 1854 4268">
     <span class='ocr_line' id='line_1_72' title="bbox 274 4187 1854 4268; baseline 0.006 -30"><span class='ocrx_word' id='word_1_472' title='bbox 274 4187 409 4240; x_wconf 72' lang='grc' dir='ltr'>Θεὸν</span> <span class='ocrx_word' id='word_1_473' title='bbox 436 4190 634 4257; x_wconf 75' lang='grc' dir='ltr'>γεννᾷν</span> <span class='ocrx_word' id='word_1_474' title='bbox 662 4188 725 4253; x_wconf 83' lang='grc' dir='ltr'><strong>ἐξ</strong></span> <span class='ocrx_word' id='word_1_475' title='bbox 754 4189 918 4242; x_wconf 89' lang='grc' dir='ltr'>αὑτοῦ</span> <span class='ocrx_word' id='word_1_476' title='bbox 953 4192 1173 4263; x_wconf 72' lang='grc' dir='ltr'>ἀρρήτῳ</span> <span class='ocrx_word' id='word_1_477' title='bbox 1212 4196 1318 4247; x_wconf 80' lang='grc' dir='ltr'>τινὶ</span> <span class='ocrx_word' id='word_1_478' title='bbox 1358 4196 1452 4248; x_wconf 80' lang='grc' dir='ltr'>καὶ</span> <span class='ocrx_word' id='word_1_479' title='bbox 1483 4196 1854 4268; x_wconf 79' lang='grc' dir='ltr'>ἀκαταλήπτῳ</span> 
     </span>
    </p>
   </div>
   <div class='ocr_carea' id='block_1_73' title="bbox 272 4280 1853 4358">
    <p class='ocr_par' dir='ltr' id='par_1_73' title="bbox 272 4280 1853 4358">
     <span class='ocr_line' id='line_1_73' title="bbox 272 4280 1853 4358; baseline 0.008 -27"><span class='ocrx_word' id='word_1_480' title='bbox 272 4280 483 4351; x_wconf 81' lang='grc' dir='ltr'>τρόπῳ,</span> <span class='ocrx_word' id='word_1_481' title='bbox 511 4282 546 4352; x_wconf 81' lang='grc' dir='ltr'>ἢ</span> <span class='ocrx_word' id='word_1_482' title='bbox 574 4280 665 4335; x_wconf 68' lang='grc' dir='ltr'>διὰ</span> <span class='ocrx_word' id='word_1_483' title='bbox 686 4280 750 4334; x_wconf 80' lang='grc' dir='ltr'>τὸ</span> <span class='ocrx_word' id='word_1_484' title='bbox 775 4282 850 4352; x_wconf 85' lang='grc' dir='ltr'><strong>μὴ</strong></span> <span class='ocrx_word' id='word_1_485' title='bbox 873 4284 1198 4354; x_wconf 81' lang='grc' dir='ltr'>μερίζεσθαι,</span> <span class='ocrx_word' id='word_1_486' title='bbox 1228 4286 1349 4339; x_wconf 78' lang='grc' dir='ltr'>καθ’</span> <span class='ocrx_word' id='word_1_487' title='bbox 1378 4288 1541 4357; x_wconf 80' lang='grc' dir='ltr'>ὑμᾶς,</span> <span class='ocrx_word' id='word_1_488' title='bbox 1569 4288 1705 4358; x_wconf 80' lang='grc' dir='ltr'><strong>μηδέ</strong></span> <span class='ocrx_word' id='word_1_489' title='bbox 1728 4306 1853 4357; x_wconf 89' lang='grc' dir='ltr'>γεν-</span> 
     </span>
    </p>
   </div>
   <div class='ocr_carea' id='block_1_74' title="bbox 275 4372 634 4443">
    <p class='ocr_par' dir='ltr' id='par_1_74' title="bbox 275 4372 634 4443">
     <span class='ocr_line' id='line_1_74' title="bbox 275 4372 634 4443; baseline 0.003 -19"><span class='ocrx_word' id='word_1_490' title='bbox 275 4373 373 4442; x_wconf 78' lang='grc' dir='ltr'>νᾷν</span> <span class='ocrx_word' id='word_1_491' title='bbox 405 4372 634 4443; x_wconf 76' lang='grc' dir='ltr'>ἰσχύειν.</span> 
     </span>
    </p>
   </div>
   <div class='ocr_carea' id='block_1_75' title="bbox 967 4572 1171 4627">
    <p class='ocr_par' dir='ltr' id='par_1_75' title="bbox 967 4572 1171 4627">
     <span class='ocr_line' id='line_1_75' title="bbox 967 4572 1171 4627; baseline 0.015 -3"><span class='ocrx_word' id='word_1_492' title='bbox 967 4572 1171 4627; x_wconf 81' lang='grc' dir='ltr'><strong>ΔΛΔΟ.</strong></span> 
     </span>
    </p>
   </div>
   <div class='ocr_carea' id='block_1_76' title="bbox 345 4679 1852 4764">
    <p class='ocr_par' dir='ltr' id='par_1_76' title="bbox 345 4679 1852 4764">
     <span class='ocr_line' id='line_1_76' title="bbox 345 4679 1852 4764; baseline 0.009 -31"><span class='ocrx_word' id='word_1_493' title='bbox 345 4679 419 4733; x_wconf 78' lang='lat' dir='ltr'><strong>Ei</strong></span> <span class='ocrx_word' id='word_1_494' title='bbox 452 4680 574 4733; x_wconf 78' lang='grc' dir='ltr'>κατ’</span> <span class='ocrx_word' id='word_1_495' title='bbox 612 4680 872 4748; x_wconf 87' lang='grc' dir='ltr'>ἐξουσίαν,</span> <span class='ocrx_word' id='word_1_496' title='bbox 903 4684 980 4750; x_wconf 84' lang='grc' dir='ltr'>ὦς</span> <span class='ocrx_word' id='word_1_497' title='bbox 1009 4703 1166 4756; x_wconf 81' lang='grc' dir='ltr'>φατε,</span> <span class='ocrx_word' id='word_1_498' title='bbox 1201 4688 1292 4741; x_wconf 85' lang='grc' dir='ltr'><strong>τὸν</strong></span> <span class='ocrx_word' id='word_1_499' title='bbox 1320 4689 1448 4742; x_wconf 83' lang='grc' dir='ltr'>Υίὸν</span> <span class='ocrx_word' id='word_1_500' title='bbox 1489 4691 1795 4764; x_wconf 79' lang='grc' dir='ltr'>ὑπέστησεν</span> <span class='ocrx_word' id='word_1_501' title='bbox 1822 4693 1852 4745; x_wconf 81' lang='grc' dir='ltr'><strong>δ</strong></span> 
     </span>
    </p>
   </div>
   <div class='ocr_carea' id='block_1_77' title="bbox 270 4772 1850 4857">
    <p class='ocr_par' dir='ltr' id='par_1_77' title="bbox 270 4772 1850 4857">
     <span class='ocr_line' id='line_1_77' title="bbox 270 4772 1850 4857; baseline 0.008 -32"><span class='ocrx_word' id='word_1_502' title='bbox 270 4772 501 4842; x_wconf 76' lang='grc' dir='ltr'>Πατὴρ,</span> <span class='ocrx_word' id='word_1_503' title='bbox 532 4774 790 4843; x_wconf 75' lang='grc' dir='ltr'>περιττῶς</span> <span class='ocrx_word' id='word_1_504' title='bbox 819 4777 1064 4831; x_wconf 86' lang='grc' dir='ltr'>καλεῖται</span> <span class='ocrx_word' id='word_1_505' title='bbox 1110 4777 1201 4831; x_wconf 79' lang='grc' dir='ltr'>καὶ</span> <span class='ocrx_word' id='word_1_506' title='bbox 1247 4779 1393 4843; x_wconf 80' lang='grc' dir='ltr'>Υἱός.</span> <span class='ocrx_word' id='word_1_507' title='bbox 1427 4781 1500 4834; x_wconf 83' lang='grc' dir='ltr'>Τὸ</span> <span class='ocrx_word' id='word_1_508' title='bbox 1525 4784 1631 4857; x_wconf 84' lang='grc' dir='ltr'>γὰρ</span> <span class='ocrx_word' id='word_1_509' title='bbox 1659 4786 1758 4838; x_wconf 80' lang='grc' dir='ltr'>οὐκ</span> <span class='ocrx_word' id='word_1_510' title='bbox 1785 4785 1850 4838; x_wconf 84' lang='grc' dir='ltr'>ἐκ</span> 
     </span>
    </p>
   </div>
   <div class='ocr_carea' id='block_1_78' title="bbox 270 4862 1851 4943">
    <p class='ocr_par' dir='ltr' id='par_1_78' title="bbox 270 4862 1851 4943">
     <span class='ocr_line' id='line_1_78' title="bbox 270 4862 1851 4943; baseline 0.008 -26"><span class='ocrx_word' id='word_1_511' title='bbox 270 4865 378 4934; x_wconf 75' lang='grc' dir='ltr'>τῆς</span> <span class='ocrx_word' id='word_1_512' title='bbox 410 4862 602 4925; x_wconf 72' lang='grc' dir='ltr'>οὐσίας</span> <span class='ocrx_word' id='word_1_513' title='bbox 620 4864 709 4917; x_wconf 89' lang='grc' dir='ltr'><strong>τοῦ</strong></span> <span class='ocrx_word' id='word_1_514' title='bbox 740 4866 947 4938; x_wconf 75' lang='grc' dir='ltr'>[ἰατρὸς</span> <span class='ocrx_word' id='word_1_515' title='bbox 972 4869 1254 4938; x_wconf 83' lang='grc' dir='ltr'>προελθὸν,</span> <span class='ocrx_word' id='word_1_516' title='bbox 1276 4872 1394 4935; x_wconf 86' lang='grc' dir='ltr'>πῶς</span> <span class='ocrx_word' id='word_1_517' title='bbox 1423 4872 1488 4927; x_wconf 76' lang='grc' dir='ltr'>ἂν</span> <span class='ocrx_word' id='word_1_518' title='bbox 1519 4873 1729 4943; x_wconf 80' lang='grc' dir='ltr'>λέγοιτο</span> <span class='ocrx_word' id='word_1_519' title='bbox 1754 4876 1851 4928; x_wconf 53' lang='grc' dir='ltr'><strong>καὶ⁸</strong></span> 
     </span>
    </p>
   </div>
   <div class='ocr_carea' id='block_1_79' title="bbox 265 4956 1851 5037">
    <p class='ocr_par' dir='ltr' id='par_1_79' title="bbox 265 4956 1851 5037">
     <span class='ocr_line' id='line_1_79' title="bbox 265 4956 1851 5037; baseline 0.006 -29"><span class='ocrx_word' id='word_1_520' title='bbox 265 4957 301 5008; x_wconf 81' lang='lat'><strong>6</strong></span> <span class='ocrx_word' id='word_1_521' title='bbox 345 4956 479 5019; x_wconf 82' lang='grc' dir='ltr'>Υἱός</span> <span class='ocrx_word' id='word_1_522' title='bbox 496 4972 513 5021; x_wconf 87' lang='lat'><strong>;</strong></span> <span class='ocrx_word' id='word_1_523' title='bbox 551 4956 622 5008; x_wconf 83' lang='grc' dir='ltr'><strong>Τὸ</strong></span> <span class='ocrx_word' id='word_1_524' title='bbox 647 4956 699 5009; x_wconf 87' lang='grc' dir='ltr'>δὲ</span> <span class='ocrx_word' id='word_1_525' title='bbox 729 4958 791 5011; x_wconf 79' lang='grc' dir='ltr'><strong>ἐκ</strong></span> <span class='ocrx_word' id='word_1_526' title='bbox 811 4976 957 5021; x_wconf 87' lang='grc' dir='ltr'>τινος</span> <span class='ocrx_word' id='word_1_527' title='bbox 986 4962 1129 5014; x_wconf 81' lang='grc' dir='ltr'>κατὰ</span> <span class='ocrx_word' id='word_1_528' title='bbox 1163 4962 1323 5032; x_wconf 78' lang='grc' dir='ltr'>φύσιν</span> <span class='ocrx_word' id='word_1_529' title='bbox 1348 4967 1629 5036; x_wconf 72' lang='grc' dir='ltr'>προελθὸν,</span> <span class='ocrx_word' id='word_1_530' title='bbox 1649 4967 1851 5037; x_wconf 76' lang='grc' dir='ltr'>ἐπαλη·</span> 
     </span>
    </p>
   </div>
   <div class='ocr_carea' id='block_1_80' title="bbox 272 5044 1850 5125">
    <p class='ocr_par' dir='ltr' id='par_1_80' title="bbox 272 5044 1850 5125">
     <span class='ocr_line' id='line_1_80' title="bbox 272 5044 1850 5125; baseline 0.008 -29"><span class='ocrx_word' id='word_1_531' title='bbox 272 5044 540 5100; x_wconf 83' lang='grc' dir='ltr'>θεύουσαν</span> <span class='ocrx_word' id='word_1_532' title='bbox 579 5048 690 5118; x_wconf 82' lang='grc' dir='ltr'>ἔχει</span> <span class='ocrx_word' id='word_1_533' title='bbox 738 5054 834 5102; x_wconf 76' lang='grc' dir='ltr'>καὶ</span> <span class='ocrx_word' id='word_1_534' title='bbox 864 5050 966 5120; x_wconf 79' lang='grc' dir='ltr'><strong>τὴν</strong></span> <span class='ocrx_word' id='word_1_535' title='bbox 1007 5052 1101 5105; x_wconf 88' lang='grc' dir='ltr'><strong>τοῦ</strong></span> <span class='ocrx_word' id='word_1_536' title='bbox 1134 5056 1471 5125; x_wconf 86' lang='grc' dir='ltr'>γεννήματος</span> <span class='ocrx_word' id='word_1_537' title='bbox 1512 5058 1850 5125; x_wconf 84' lang='grc' dir='ltr'>ἐπωνυμίαν.</span> 
     </span>
    </p>
   </div>
   <div class='ocr_carea' id='block_1_81' title="bbox 282 5136 1851 5215">
    <p class='ocr_par' dir='ltr' id='par_1_81' title="bbox 282 5136 1851 5215">
     <span class='ocr_line' id='line_1_81' title="bbox 282 5136 1851 5215; baseline 0.006 -27"><span class='ocrx_word' id='word_1_538' title='bbox 282 5136 585 5209; x_wconf 77' lang='grc' dir='ltr'>Ἐγεννήθη</span> <span class='ocrx_word' id='word_1_539' title='bbox 615 5141 906 5212; x_wconf 77' lang='grc' dir='ltr'>τοιγαροῦν</span> <span class='ocrx_word' id='word_1_540' title='bbox 946 5144 975 5193; x_wconf 85' lang='grc' dir='ltr'><em>ὁ</em></span> <span class='ocrx_word' id='word_1_541' title='bbox 1007 5143 1156 5208; x_wconf 82' lang='grc' dir='ltr'>Υἱὸς,</span> <span class='ocrx_word' id='word_1_542' title='bbox 1178 5147 1461 5215; x_wconf 84' lang='grc' dir='ltr'>ὁμοοὺσιος</span> <span class='ocrx_word' id='word_1_543' title='bbox 1489 5146 1597 5215; x_wconf 82' lang='grc' dir='ltr'>ἄρα</span> <span class='ocrx_word' id='word_1_544' title='bbox 1624 5146 1701 5215; x_wconf 82' lang='grc' dir='ltr'>τῷ</span> <span class='ocrx_word' id='word_1_545' title='bbox 1740 5149 1851 5199; x_wconf 86' lang='grc' dir='ltr'><strong>Πα-</strong></span> 
     </span>
    </p>
   </div>
   <div class='ocr_carea' id='block_1_82' title="bbox 264 5229 1856 5306">
    <p class='ocr_par' dir='ltr' id='par_1_82' title="bbox 264 5229 1856 5306">
     <span class='ocr_line' id='line_1_82' title="bbox 264 5229 1856 5306; baseline 0.007 -26"><span class='ocrx_word' id='word_1_546' title='bbox 264 5229 386 5299; x_wconf 85' lang='grc' dir='ltr'>τρί.</span> <span class='ocrx_word' id='word_1_547' title='bbox 420 5230 527 5283; x_wconf 71' lang='grc' dir='ltr'>Καὶ</span> <span class='ocrx_word' id='word_1_548' title='bbox 558 5232 654 5301; x_wconf 88' lang='grc' dir='ltr'><strong>μία</strong></span> <span class='ocrx_word' id='word_1_549' title='bbox 673 5233 783 5300; x_wconf 80' lang='grc' dir='ltr'>γὰρ</span> <span class='ocrx_word' id='word_1_550' title='bbox 807 5235 925 5295; x_wconf 84' lang='grc' dir='ltr'>τοῖς</span> <span class='ocrx_word' id='word_1_551' title='bbox 952 5236 1311 5305; x_wconf 80' lang='grc' dir='ltr'>γεννωμένοις</span> <span class='ocrx_word' id='word_1_552' title='bbox 1339 5237 1476 5306; x_wconf 82' lang='grc' dir='ltr'>πρὸς</span> <span class='ocrx_word' id='word_1_553' title='bbox 1498 5237 1563 5288; x_wconf 80' lang='grc' dir='ltr'><strong>τὰ</strong></span> <span class='ocrx_word' id='word_1_554' title='bbox 1582 5236 1856 5304; x_wconf 81' lang='grc' dir='ltr'>γεννῶντα</span> 
     </span>
    </p>
   </div>
   <div class='ocr_carea' id='block_1_83' title="bbox 264 5322 459 5389">
    <p class='ocr_par' dir='ltr' id='par_1_83' title="bbox 264 5322 459 5389">
     <span class='ocr_line' id='line_1_83' title="bbox 264 5322 459 5389; baseline 0.01 -16"><span class='ocrx_word' id='word_1_555' title='bbox 264 5322 459 5389; x_wconf 71' lang='grc' dir='ltr'>φύσις.</span> 
     </span>
    </p>
   </div>
   <div class='ocr_carea' id='block_1_84' title="bbox 961 5425 1166 5478">
    <p class='ocr_par' dir='ltr' id='par_1_84' title="bbox 961 5425 1166 5478">
     <span class='ocr_line' id='line_1_84' title="bbox 961 5425 1166 5478; baseline -0.005 0"><span class='ocrx_word' id='word_1_556' title='bbox 961 5425 1166 5478; x_wconf 77' lang='grc' dir='ltr'><strong>ΔΛΛΟ.</strong></span> 
     </span>
    </p>
   </div>
   <div class='ocr_carea' id='block_1_85' title="bbox 344 5526 1858 5607">
    <p class='ocr_par' dir='ltr' id='par_1_85' title="bbox 344 5526 1858 5607">
     <span class='ocr_line' id='line_1_85' title="bbox 344 5526 1858 5607; baseline 0.002 -26"><span class='ocrx_word' id='word_1_557' title='bbox 344 5526 406 5579; x_wconf 77' lang='grc' dir='ltr'><strong>Εἰ</strong></span> <span class='ocrx_word' id='word_1_558' title='bbox 440 5527 686 5605; x_wconf 81' lang='grc' dir='ltr'>καθάπερ</span> <span class='ocrx_word' id='word_1_559' title='bbox 728 5536 895 5607; x_wconf 81' lang='grc' dir='ltr'>ὑμεῖς</span> <span class='ocrx_word' id='word_1_560' title='bbox 928 5536 1107 5590; x_wconf 71' lang='grc' dir='ltr'>οἴεσθε</span> <span class='ocrx_word' id='word_1_561' title='bbox 1139 5532 1451 5596; x_wconf 70' lang='grc' dir='ltr'>πλανῶντες</span> <span class='ocrx_word' id='word_1_562' title='bbox 1502 5551 1561 5587; x_wconf 86' lang='grc' dir='ltr'><strong>τε</strong></span> <span class='ocrx_word' id='word_1_563' title='bbox 1597 5534 1692 5587; x_wconf 72' lang='grc' dir='ltr'><strong>καὶ</strong></span> <span class='ocrx_word' id='word_1_564' title='bbox 1724 5532 1858 5586; x_wconf 84' lang='grc' dir='ltr'>πλα-</span> 
     </span>
    </p>
   </div>
   <div class='ocr_carea' id='block_1_86' title="bbox 346 5690 738 5763">
    <p class='ocr_par' dir='ltr' id='par_1_86' title="bbox 346 5690 738 5763">
     <span class='ocr_line' id='line_1_86' title="bbox 346 5690 738 5763; baseline 0.008 -16"><span class='ocrx_word' id='word_1_565' title='bbox 346 5690 406 5721; x_wconf 85' lang='grc'><strong>¹³⁹</strong></span> <span class='ocrx_word' id='word_1_566' title='bbox 426 5694 542 5750; x_wconf 77' lang='lat' dir='ltr'><strong>Act.</strong></span> <span class='ocrx_word' id='word_1_567' title='bbox 572 5712 625 5763; x_wconf 73' lang='grc' dir='ltr'>ι’,</span> <span class='ocrx_word' id='word_1_568' title='bbox 644 5696 738 5751; x_wconf 72' lang='lat'><strong>29.</strong></span> 
     </span>
    </p>
   </div>
   <div class='ocr_carea' id='block_1_87' title="bbox 1879 4427 1932 4489">
    <p class='ocr_par' dir='ltr' id='par_1_87' title="bbox 1879 4427 1932 4489">
     <span class='ocr_line' id='line_1_87' title="bbox 1879 4427 1932 4489; baseline 0 0"><span class='ocrx_word' id='word_1_569' title='bbox 1879 4427 1932 4489; x_wconf 86' lang='lat' dir='ltr'><strong><em>D</em></strong></span> 
     </span>
    </p>
   </div>
   <div class='ocr_carea' id='block_1_88' title="bbox 1953 3183 3527 3257">
    <p class='ocr_par' dir='ltr' id='par_1_88' title="bbox 1953 3183 3527 3257">
     <span class='ocr_line' id='line_1_88' title="bbox 1953 3183 3527 3257; baseline -0.001 -13"><span class='ocrx_word' id='word_1_570' title='bbox 1953 3202 2100 3244; x_wconf 88' lang='lat' dir='ltr'><strong>recte</strong></span> <span class='ocrx_word' id='word_1_571' title='bbox 2130 3191 2197 3244; x_wconf 86' lang='lat' dir='ltr'><strong>de</strong></span> <span class='ocrx_word' id='word_1_572' title='bbox 2225 3185 2685 3257; x_wconf 74' lang='lat' dir='ltr'><strong>rebusjudicant?</strong></span> <span class='ocrx_word' id='word_1_573' title='bbox 2710 3187 2778 3240; x_wconf 81' lang='lat' dir='ltr'><strong>At</strong></span> <span class='ocrx_word' id='word_1_574' title='bbox 2812 3183 2996 3240; x_wconf 85' lang='lat' dir='ltr'><strong>dicant</strong></span> <span class='ocrx_word' id='word_1_575' title='bbox 3022 3186 3179 3241; x_wconf 88' lang='lat' dir='ltr'><strong>nobis</strong></span> <span class='ocrx_word' id='word_1_576' title='bbox 3205 3188 3527 3243; x_wconf 78' lang='lat' dir='ltr'><strong>contentiosi</strong></span> 
     </span>
    </p>
   </div>
   <div class='ocr_carea' id='block_1_89' title="bbox 1953 3274 3526 3348">
    <p class='ocr_par' dir='ltr' id='par_1_89' title="bbox 1953 3274 3526 3348">
     <span class='ocr_line' id='line_1_89' title="bbox 1953 3274 3526 3348; baseline 0.001 -14"><span class='ocrx_word' id='word_1_577' title='bbox 1953 3282 2062 3335; x_wconf 83' lang='lat' dir='ltr'><strong>isti.</strong></span> <span class='ocrx_word' id='word_1_578' title='bbox 2092 3279 2208 3334; x_wconf 73' lang='lat' dir='ltr'><strong>Non</strong></span> <span class='ocrx_word' id='word_1_579' title='bbox 2254 3279 2399 3334; x_wconf 87' lang='lat' dir='ltr'><strong>enim</strong></span> <span class='ocrx_word' id='word_1_580' title='bbox 2433 3278 2559 3348; x_wconf 82' lang='lat' dir='ltr'><strong>quia</strong></span> <span class='ocrx_word' id='word_1_581' title='bbox 2590 3274 2935 3333; x_wconf 88' lang='lat' dir='ltr'><strong>indivisibilis</strong></span> <span class='ocrx_word' id='word_1_582' title='bbox 2967 3288 3051 3333; x_wconf 89' lang='lat' dir='ltr'><strong>est</strong></span> <span class='ocrx_word' id='word_1_583' title='bbox 3093 3281 3390 3334; x_wconf 87' lang='lat' dir='ltr'><strong>secundum</strong></span> <span class='ocrx_word' id='word_1_584' title='bbox 3433 3294 3526 3335; x_wconf 88' lang='lat' dir='ltr'><strong>es-</strong></span> 
     </span>
    </p>
   </div>
   <div class='ocr_carea' id='block_1_90' title="bbox 1952 3369 3527 3440">
    <p class='ocr_par' dir='ltr' id='par_1_90' title="bbox 1952 3369 3527 3440">
     <span class='ocr_line' id='line_1_90' title="bbox 1952 3369 3527 3440; baseline 0 -13"><span class='ocrx_word' id='word_1_585' title='bbox 1952 3373 2178 3427; x_wconf 80' lang='lat' dir='ltr'><strong>sentiam</strong></span> <span class='ocrx_word' id='word_1_586' title='bbox 2212 3369 2375 3436; x_wconf 84' lang='lat' dir='ltr'><strong>Deus,</strong></span> <span class='ocrx_word' id='word_1_587' title='bbox 2427 3369 2548 3423; x_wconf 89' lang='lat' dir='ltr'><strong>ideo</strong></span> <span class='ocrx_word' id='word_1_588' title='bbox 2581 3370 2746 3423; x_wconf 88' lang='lat' dir='ltr'><strong>etiam</strong></span> <span class='ocrx_word' id='word_1_589' title='bbox 2796 3371 3107 3440; x_wconf 67' lang='lat' dir='ltr'><strong>generativa</strong></span> <span class='ocrx_word' id='word_1_590' title='bbox 3138 3369 3392 3427; x_wconf 80' lang='lat' dir='ltr'><strong>facultate</strong></span> <span class='ocrx_word' id='word_1_591' title='bbox 3437 3388 3527 3427; x_wconf 82' lang='lat' dir='ltr'><strong>ca-</strong></span> 
     </span>
    </p>
   </div>
   <div class='ocr_carea' id='block_1_91' title="bbox 1951 3460 3528 3535">
    <p class='ocr_par' dir='ltr' id='par_1_91' title="bbox 1951 3460 3528 3535">
     <span class='ocr_line' id='line_1_91' title="bbox 1951 3460 3528 3535; baseline 0 -14"><span class='ocrx_word' id='word_1_592' title='bbox 1951 3477 2056 3532; x_wconf 81' lang='lat' dir='ltr'><strong>ret,</strong></span> <span class='ocrx_word' id='word_1_593' title='bbox 2093 3465 2243 3535; x_wconf 83' lang='lat' dir='ltr'><strong>juxta</strong></span> <span class='ocrx_word' id='word_1_594' title='bbox 2294 3475 2527 3517; x_wconf 85' lang='lat' dir='ltr'><strong>vestram</strong></span> <span class='ocrx_word' id='word_1_595' title='bbox 2564 3463 2898 3531; x_wconf 87' lang='lat' dir='ltr'><strong>opinionem.</strong></span> <span class='ocrx_word' id='word_1_596' title='bbox 2940 3460 3125 3533; x_wconf 79' lang='lat' dir='ltr'><strong>Neque</strong></span> <span class='ocrx_word' id='word_1_597' title='bbox 3174 3476 3361 3519; x_wconf 82' lang='lat' dir='ltr'><strong>rursus</strong></span> <span class='ocrx_word' id='word_1_598' title='bbox 3399 3466 3528 3534; x_wconf 87' lang='lat' dir='ltr'><strong>quia</strong></span> 
     </span>
    </p>
   </div>
   <div class='ocr_carea' id='block_1_92' title="bbox 1952 3555 3529 3619">
    <p class='ocr_par' dir='ltr' id='par_1_92' title="bbox 1952 3555 3529 3619">
     <span class='ocr_line' id='line_1_92' title="bbox 1952 3555 3529 3619; baseline 0 -7"><span class='ocrx_word' id='word_1_599' title='bbox 1952 3557 2296 3613; x_wconf 86' lang='lat' dir='ltr'><strong>indivisibilis</strong></span> <span class='ocrx_word' id='word_1_600' title='bbox 2351 3565 2434 3609; x_wconf 84' lang='lat' dir='ltr'><strong>est</strong></span> <span class='ocrx_word' id='word_1_601' title='bbox 2483 3555 2776 3609; x_wconf 88' lang='lat' dir='ltr'><strong>secundum</strong></span> <span class='ocrx_word' id='word_1_602' title='bbox 2832 3556 3165 3619; x_wconf 81' lang='lat' dir='ltr'><strong>essentiam,</strong></span> <span class='ocrx_word' id='word_1_603' title='bbox 3222 3557 3529 3612; x_wconf 85' lang='lat' dir='ltr'><strong>declaratur</strong></span> 
     </span>
    </p>
   </div>
   <div class='ocr_carea' id='block_1_93' title="bbox 1952 3644 3527 3717">
    <p class='ocr_par' dir='ltr' id='par_1_93' title="bbox 1952 3644 3527 3717">
     <span class='ocr_line' id='line_1_93' title="bbox 1952 3644 3527 3717; baseline 0.002 -16"><span class='ocrx_word' id='word_1_604' title='bbox 1952 3662 2216 3717; x_wconf 75' lang='lat' dir='ltr'><strong>generare</strong></span> <span class='ocrx_word' id='word_1_605' title='bbox 2252 3661 2355 3700; x_wconf 92' lang='lat' dir='ltr'><strong>non</strong></span> <span class='ocrx_word' id='word_1_606' title='bbox 2388 3658 2566 3713; x_wconf 90' lang='lat' dir='ltr'><strong>posse.</strong></span> <span class='ocrx_word' id='word_1_607' title='bbox 2605 3644 2675 3696; x_wconf 81' lang='lat' dir='ltr'><strong>At</strong></span> <span class='ocrx_word' id='word_1_608' title='bbox 2703 3650 2832 3699; x_wconf 84' lang='lat' dir='ltr'><strong>vero</strong></span> <span class='ocrx_word' id='word_1_609' title='bbox 2867 3646 2910 3699; x_wconf 88' lang='lat' dir='ltr'><strong>si</strong></span> <span class='ocrx_word' id='word_1_610' title='bbox 2960 3660 3017 3699; x_wconf 87' lang='lat' dir='ltr'><strong>se</strong></span> <span class='ocrx_word' id='word_1_611' title='bbox 3050 3645 3215 3700; x_wconf 87' lang='lat' dir='ltr'><strong>Deum</strong></span> <span class='ocrx_word' id='word_1_612' title='bbox 3261 3648 3527 3705; x_wconf 86' lang='lat' dir='ltr'><strong>honorare</strong></span> 
     </span>
    </p>
   </div>
   <div class='ocr_carea' id='block_1_94' title="bbox 1952 3737 3526 3809">
    <p class='ocr_par' dir='ltr' id='par_1_94' title="bbox 1952 3737 3526 3809">
     <span class='ocr_line' id='line_1_94' title="bbox 1952 3737 3526 3809; baseline 0 -16"><span class='ocrx_word' id='word_1_613' title='bbox 1952 3740 2290 3801; x_wconf 79' lang='lat' dir='ltr'><strong>existimant,</strong></span> <span class='ocrx_word' id='word_1_614' title='bbox 2336 3738 2633 3792; x_wconf 86' lang='lat' dir='ltr'><strong>tribuentes</strong></span> <span class='ocrx_word' id='word_1_615' title='bbox 2682 3737 2754 3790; x_wconf 83' lang='lat' dir='ltr'><strong>illi</strong></span> <span class='ocrx_word' id='word_1_616' title='bbox 2802 3737 2948 3805; x_wconf 85' lang='lat' dir='ltr'><strong>quod</strong></span> <span class='ocrx_word' id='word_1_617' title='bbox 2983 3739 3146 3792; x_wconf 86' lang='lat' dir='ltr'><strong>dividi</strong></span> <span class='ocrx_word' id='word_1_618' title='bbox 3188 3756 3292 3792; x_wconf 92' lang='lat' dir='ltr'><strong>non</strong></span> <span class='ocrx_word' id='word_1_619' title='bbox 3335 3743 3526 3809; x_wconf 88' lang='lat' dir='ltr'><strong>possit,</strong></span> 
     </span>
    </p>
   </div>
   <div class='ocr_carea' id='block_1_95' title="bbox 1948 3829 3528 3901">
    <p class='ocr_par' dir='ltr' id='par_1_95' title="bbox 1948 3829 3528 3901">
     <span class='ocr_line' id='line_1_95' title="bbox 1948 3829 3528 3901; baseline -0.001 -15"><span class='ocrx_word' id='word_1_620' title='bbox 1948 3832 2047 3886; x_wconf 82' lang='lat' dir='ltr'><strong>sed</strong></span> <span class='ocrx_word' id='word_1_621' title='bbox 2097 3830 2392 3901; x_wconf 72' lang='lat' dir='ltr'><strong>generandi</strong></span> <span class='ocrx_word' id='word_1_622' title='bbox 2430 3829 2689 3885; x_wconf 82' lang='lat' dir='ltr'><strong>facultate</strong></span> <span class='ocrx_word' id='word_1_623' title='bbox 2720 3832 3017 3897; x_wconf 82' lang='lat' dir='ltr'><strong>privantes,</strong></span> <span class='ocrx_word' id='word_1_624' title='bbox 3056 3839 3112 3883; x_wconf 93' lang='lat' dir='ltr'><strong>ut</strong></span> <span class='ocrx_word' id='word_1_625' title='bbox 3154 3845 3221 3885; x_wconf 77' lang='lat' dir='ltr'><strong>ex</strong></span> <span class='ocrx_word' id='word_1_626' title='bbox 3260 3832 3359 3885; x_wconf 86' lang='lat' dir='ltr'><strong>hoc</strong></span> <span class='ocrx_word' id='word_1_627' title='bbox 3393 3833 3528 3885; x_wconf 83' lang='lat' dir='ltr'><strong>infe-</strong></span> 
     </span>
    </p>
   </div>
   <div class='ocr_carea' id='block_1_96' title="bbox 1948 3919 3528 3984">
    <p class='ocr_par' dir='ltr' id='par_1_96' title="bbox 1948 3919 3528 3984">
     <span class='ocr_line' id='line_1_96' title="bbox 1948 3919 3528 3984; baseline -0.003 -10"><span class='ocrx_word' id='word_1_628' title='bbox 1948 3930 2076 3975; x_wconf 76' lang='lat' dir='ltr'><strong>rant</strong></span> <span class='ocrx_word' id='word_1_629' title='bbox 2123 3919 2288 3975; x_wconf 88' lang='lat' dir='ltr'><strong>Deum</strong></span> <span class='ocrx_word' id='word_1_630' title='bbox 2335 3935 2402 3975; x_wconf 82' lang='lat' dir='ltr'><strong>ex</strong></span> <span class='ocrx_word' id='word_1_631' title='bbox 2451 3920 2728 3975; x_wconf 83' lang='lat' dir='ltr'><strong>voluntate</strong></span> <span class='ocrx_word' id='word_1_632' title='bbox 2770 3920 3118 3974; x_wconf 82' lang='lat' dir='ltr'><strong>constituisse</strong></span> <span class='ocrx_word' id='word_1_633' title='bbox 3164 3919 3379 3984; x_wconf 81' lang='lat' dir='ltr'><strong>Filium,</strong></span> <span class='ocrx_word' id='word_1_634' title='bbox 3426 3922 3528 3977; x_wconf 72' lang='lat' dir='ltr'><strong>hoc</strong></span> 
     </span>
    </p>
   </div>
   <div class='ocr_carea' id='block_1_97' title="bbox 1953 4009 3530 4081">
    <p class='ocr_par' dir='ltr' id='par_1_97' title="bbox 1953 4009 3530 4081">
     <span class='ocr_line' id='line_1_97' title="bbox 1953 4009 3530 4081; baseline -0.001 -13"><span class='ocrx_word' id='word_1_635' title='bbox 1953 4025 2141 4068; x_wconf 85' lang='lat' dir='ltr'><strong>contra</strong></span> <span class='ocrx_word' id='word_1_636' title='bbox 2195 4013 2420 4067; x_wconf 84' lang='lat' dir='ltr'><strong>audiant</strong></span> <span class='ocrx_word' id='word_1_637' title='bbox 2466 4012 2623 4080; x_wconf 73' lang='lat' dir='ltr'><strong>longe</strong></span> <span class='ocrx_word' id='word_1_638' title='bbox 2678 4010 2937 4079; x_wconf 76' lang='lat' dir='ltr'><strong>majorem</strong></span> <span class='ocrx_word' id='word_1_639' title='bbox 2992 4009 3530 4081; x_wconf 63' lang='lat' dir='ltr'><strong>prastantioremque</strong></span> 
     </span>
    </p>
   </div>
   <div class='ocr_carea' id='block_1_98' title="bbox 1952 4100 3528 4175">
    <p class='ocr_par' dir='ltr' id='par_1_98' title="bbox 1952 4100 3528 4175">
     <span class='ocr_line' id='line_1_98' title="bbox 1952 4100 3528 4175; baseline -0.008 -14"><span class='ocrx_word' id='word_1_640' title='bbox 1952 4105 2241 4175; x_wconf 83' lang='lat' dir='ltr'><strong>splendore</strong></span> <span class='ocrx_word' id='word_1_641' title='bbox 2293 4102 2586 4156; x_wconf 81' lang='lat' dir='ltr'><strong>voluntatis</strong></span> <span class='ocrx_word' id='word_1_642' title='bbox 2636 4114 2758 4154; x_wconf 77' lang='lat' dir='ltr'><strong>esse</strong></span> <span class='ocrx_word' id='word_1_643' title='bbox 2818 4100 3080 4153; x_wconf 80' lang='lat' dir='ltr'><strong>naturalis</strong></span> <span class='ocrx_word' id='word_1_644' title='bbox 3126 4101 3357 4156; x_wconf 87' lang='lat' dir='ltr'><strong>actionis</strong></span> <span class='ocrx_word' id='word_1_645' title='bbox 3402 4119 3528 4171; x_wconf 67' lang='grc' dir='ltr'><strong>κη-</strong></span> 
     </span>
    </p>
   </div>
   <div class='ocr_carea' id='block_1_99' title="bbox 1958 4190 3523 4265">
    <p class='ocr_par' dir='ltr' id='par_1_99' title="bbox 1958 4190 3523 4265">
     <span class='ocr_line' id='line_1_99' title="bbox 1958 4190 3523 4265; baseline 0.001 -14"><span class='ocrx_word' id='word_1_646' title='bbox 1958 4198 2109 4251; x_wconf 87' lang='lat' dir='ltr'><strong>tiam.</strong></span> <span class='ocrx_word' id='word_1_647' title='bbox 2147 4195 2370 4265; x_wconf 79' lang='lat' dir='ltr'><strong>Dignius</strong></span> <span class='ocrx_word' id='word_1_648' title='bbox 2394 4194 2538 4246; x_wconf 85' lang='lat' dir='ltr'><strong>enim</strong></span> <span class='ocrx_word' id='word_1_649' title='bbox 2560 4201 2641 4245; x_wconf 88' lang='lat' dir='ltr'><strong>est</strong></span> <span class='ocrx_word' id='word_1_650' title='bbox 2670 4193 2738 4243; x_wconf 87' lang='lat' dir='ltr'><strong>ita</strong></span> <span class='ocrx_word' id='word_1_651' title='bbox 2764 4191 2985 4258; x_wconf 89' lang='lat' dir='ltr'><strong>sentire,</strong></span> <span class='ocrx_word' id='word_1_652' title='bbox 3010 4190 3176 4248; x_wconf 87' lang='lat' dir='ltr'><strong>Deum</strong></span> <span class='ocrx_word' id='word_1_653' title='bbox 3205 4194 3433 4250; x_wconf 86' lang='lat' dir='ltr'><strong>indivise</strong></span> <span class='ocrx_word' id='word_1_654' title='bbox 3456 4212 3523 4253; x_wconf 72' lang='lat' dir='ltr'><strong>ex</strong></span> 
     </span>
    </p>
   </div>
   <div class='ocr_carea' id='block_1_100' title="bbox 1956 4279 3523 4355">
    <p class='ocr_par' dir='ltr' id='par_1_100' title="bbox 1956 4279 3523 4355">
     <span class='ocr_line' id='line_1_100' title="bbox 1956 4279 3523 4355; baseline 0 -15"><span class='ocrx_word' id='word_1_655' title='bbox 1956 4301 2013 4340; x_wconf 89' lang='lat' dir='ltr'><strong>se</strong></span> <span class='ocrx_word' id='word_1_656' title='bbox 2040 4300 2324 4355; x_wconf 71' lang='lat' dir='ltr'><strong>generare,</strong></span> <span class='ocrx_word' id='word_1_657' title='bbox 2354 4281 2609 4337; x_wconf 78' lang='lat' dir='ltr'><strong>ineffabili</strong></span> <span class='ocrx_word' id='word_1_658' title='bbox 2642 4279 2874 4350; x_wconf 87' lang='lat' dir='ltr'><strong>quodam</strong></span> <span class='ocrx_word' id='word_1_659' title='bbox 2905 4291 2960 4336; x_wconf 90' lang='lat' dir='ltr'><strong>et</strong></span> <span class='ocrx_word' id='word_1_660' title='bbox 2990 4283 3523 4353; x_wconf 81' lang='lat' dir='ltr'><strong>incompreltensibili</strong></span> 
     </span>
    </p>
   </div>
   <div class='ocr_carea' id='block_1_101' title="bbox 1959 4374 3530 4447">
    <p class='ocr_par' dir='ltr' id='par_1_101' title="bbox 1959 4374 3530 4447">
     <span class='ocr_line' id='line_1_101' title="bbox 1959 4374 3530 4447; baseline 0.002 -17"><span class='ocrx_word' id='word_1_661' title='bbox 1959 4380 2139 4443; x_wconf 88' lang='lat' dir='ltr'><strong>modo,</strong></span> <span class='ocrx_word' id='word_1_662' title='bbox 2170 4393 2355 4447; x_wconf 89' lang='lat' dir='ltr'><strong>quam,</strong></span> <span class='ocrx_word' id='word_1_663' title='bbox 2390 4382 2447 4429; x_wconf 88' lang='lat' dir='ltr'><strong>ut</strong></span> <span class='ocrx_word' id='word_1_664' title='bbox 2473 4390 2567 4430; x_wconf 86' lang='lat' dir='ltr'><strong>vos</strong></span> <span class='ocrx_word' id='word_1_665' title='bbox 2599 4374 2917 4442; x_wconf 85' lang='lat' dir='ltr'><strong>opinamini,</strong></span> <span class='ocrx_word' id='word_1_666' title='bbox 2941 4376 3066 4445; x_wconf 87' lang='lat' dir='ltr'><strong>quia</strong></span> <span class='ocrx_word' id='word_1_667' title='bbox 3095 4378 3257 4433; x_wconf 78' lang='lat' dir='ltr'><strong>dividi</strong></span> <span class='ocrx_word' id='word_1_668' title='bbox 3296 4388 3350 4433; x_wconf 90' lang='lat' dir='ltr'><strong>et</strong></span> <span class='ocrx_word' id='word_1_669' title='bbox 3381 4394 3530 4447; x_wconf 86' lang='lat' dir='ltr'><strong>sepa-</strong></span> 
     </span>
    </p>
   </div>
   <div class='ocr_carea' id='block_1_102' title="bbox 1960 4469 3125 4539">
    <p class='ocr_par' dir='ltr' id='par_1_102' title="bbox 1960 4469 3125 4539">
     <span class='ocr_line' id='line_1_102' title="bbox 1960 4469 3125 4539; baseline 0.002 -18"><span class='ocrx_word' id='word_1_670' title='bbox 1960 4469 2066 4522; x_wconf 88' lang='lat' dir='ltr'><strong>rari</strong></span> <span class='ocrx_word' id='word_1_671' title='bbox 2098 4483 2202 4523; x_wconf 91' lang='lat' dir='ltr'><strong>non</strong></span> <span class='ocrx_word' id='word_1_672' title='bbox 2227 4477 2424 4539; x_wconf 83' lang='lat' dir='ltr'><strong>potest,</strong></span> <span class='ocrx_word' id='word_1_673' title='bbox 2458 4482 2633 4536; x_wconf 84' lang='lat' dir='ltr'><strong>neque</strong></span> <span class='ocrx_word' id='word_1_674' title='bbox 2659 4482 2919 4537; x_wconf 77' lang='lat' dir='ltr'><strong>generare</strong></span> <span class='ocrx_word' id='word_1_675' title='bbox 2948 4482 3125 4538; x_wconf 68' lang='lat' dir='ltr'><strong>posse.</strong></span> 
     </span>
    </p>
   </div>
   <div class='ocr_carea' id='block_1_103' title="bbox 2561 4578 2931 4650">
    <p class='ocr_par' dir='ltr' id='par_1_103' title="bbox 2561 4578 2931 4650">
     <span class='ocr_line' id='line_1_103' title="bbox 2561 4578 2931 4650; baseline 0.008 -18"><span class='ocrx_word' id='word_1_676' title='bbox 2561 4579 2667 4650; x_wconf 71' lang='grc' dir='ltr'>ει</span> <span class='ocrx_word' id='word_1_677' title='bbox 2701 4578 2931 4635; x_wconf 80' lang='lat' dir='ltr'><strong>ALIUD.</strong></span> 
     </span>
    </p>
   </div>
   <div class='ocr_carea' id='block_1_104' title="bbox 2030 4690 3527 4757">
    <p class='ocr_par' dir='ltr' id='par_1_104' title="bbox 2030 4690 3527 4757">
     <span class='ocr_line' id='line_1_104' title="bbox 2030 4690 3527 4757; baseline 0 -10"><span class='ocrx_word' id='word_1_678' title='bbox 2030 4692 2086 4747; x_wconf 86' lang='lat' dir='ltr'><strong>Si</strong></span> <span class='ocrx_word' id='word_1_679' title='bbox 2139 4692 2440 4757; x_wconf 86' lang='lat' dir='ltr'><strong>voluntate,</strong></span> <span class='ocrx_word' id='word_1_680' title='bbox 2469 4697 2527 4744; x_wconf 91' lang='lat' dir='ltr'><strong>ut</strong></span> <span class='ocrx_word' id='word_1_681' title='bbox 2556 4690 2755 4757; x_wconf 88' lang='lat' dir='ltr'><strong>dicitis,</strong></span> <span class='ocrx_word' id='word_1_682' title='bbox 2781 4690 2978 4746; x_wconf 85' lang='lat' dir='ltr'><strong>Filium</strong></span> <span class='ocrx_word' id='word_1_683' title='bbox 3032 4694 3315 4749; x_wconf 90' lang='lat' dir='ltr'><strong>constituit</strong></span> <span class='ocrx_word' id='word_1_684' title='bbox 3346 4692 3527 4757; x_wconf 87' lang='lat' dir='ltr'><strong>Pater,</strong></span> 
     </span>
    </p>
   </div>
   <div class='ocr_carea' id='block_1_105' title="bbox 1959 4779 3530 4849">
    <p class='ocr_par' dir='ltr' id='par_1_105' title="bbox 1959 4779 3530 4849">
     <span class='ocr_line' id='line_1_105' title="bbox 1959 4779 3530 4849; baseline -0.003 -10"><span class='ocrx_word' id='word_1_685' title='bbox 1959 4793 2161 4839; x_wconf 89' lang='lat' dir='ltr'><strong>temere</strong></span> <span class='ocrx_word' id='word_1_686' title='bbox 2221 4785 2384 4838; x_wconf 89' lang='lat' dir='ltr'><strong>etiam</strong></span> <span class='ocrx_word' id='word_1_687' title='bbox 2425 4790 2646 4837; x_wconf 88' lang='lat' dir='ltr'><strong>vocatur</strong></span> <span class='ocrx_word' id='word_1_688' title='bbox 2663 4779 2850 4837; x_wconf 84' lang='lat' dir='ltr'><strong>Filius.</strong></span> <span class='ocrx_word' id='word_1_689' title='bbox 2878 4782 3031 4849; x_wconf 85' lang='lat' dir='ltr'><strong>Quod</strong></span> <span class='ocrx_word' id='word_1_690' title='bbox 3056 4786 3201 4839; x_wconf 90' lang='lat' dir='ltr'><strong>enim</strong></span> <span class='ocrx_word' id='word_1_691' title='bbox 3236 4800 3302 4838; x_wconf 78' lang='lat' dir='ltr'><strong>ex</strong></span> <span class='ocrx_word' id='word_1_692' title='bbox 3346 4798 3530 4837; x_wconf 85' lang='lat' dir='ltr'><strong>essen-</strong></span> 
     </span>
    </p>
   </div>
   <div class='ocr_carea' id='block_1_106' title="bbox 1960 4871 3530 4943">
    <p class='ocr_par' dir='ltr' id='par_1_106' title="bbox 1960 4871 3530 4943">
     <span class='ocr_line' id='line_1_106' title="bbox 1960 4871 3530 4943; baseline -0.003 -14"><span class='ocrx_word' id='word_1_693' title='bbox 1960 4877 2029 4929; x_wconf 91' lang='lat' dir='ltr'><strong>tia</strong></span> <span class='ocrx_word' id='word_1_694' title='bbox 2064 4874 2238 4928; x_wconf 84' lang='lat' dir='ltr'><strong>Patris</strong></span> <span class='ocrx_word' id='word_1_695' title='bbox 2263 4890 2366 4929; x_wconf 90' lang='lat' dir='ltr'><strong>non</strong></span> <span class='ocrx_word' id='word_1_696' title='bbox 2397 4873 2683 4942; x_wconf 81' lang='lat' dir='ltr'><strong>processit,</strong></span> <span class='ocrx_word' id='word_1_697' title='bbox 2714 4889 2820 4943; x_wconf 91' lang='lat' dir='ltr'><strong>quo</strong></span> <span class='ocrx_word' id='word_1_698' title='bbox 2848 4884 3008 4943; x_wconf 80' lang='lat' dir='ltr'><strong>pacto</strong></span> <span class='ocrx_word' id='word_1_699' title='bbox 3031 4885 3259 4929; x_wconf 80' lang='lat' dir='ltr'><strong>vocetur</strong></span> <span class='ocrx_word' id='word_1_700' title='bbox 3322 4871 3530 4927; x_wconf 78' lang='lat' dir='ltr'><strong>Filius?</strong></span> 
     </span>
    </p>
   </div>
   <div class='ocr_carea' id='block_1_107' title="bbox 1959 4962 3531 5031">
    <p class='ocr_par' dir='ltr' id='par_1_107' title="bbox 1959 4962 3531 5031">
     <span class='ocr_line' id='line_1_107' title="bbox 1959 4962 3531 5031; baseline 0.002 -18"><span class='ocrx_word' id='word_1_701' title='bbox 1959 4962 2109 5030; x_wconf 79' lang='lat' dir='ltr'><strong>Quod</strong></span> <span class='ocrx_word' id='word_1_702' title='bbox 2148 4976 2277 5016; x_wconf 88' lang='lat' dir='ltr'><strong>vero</strong></span> <span class='ocrx_word' id='word_1_703' title='bbox 2312 4977 2378 5015; x_wconf 83' lang='lat' dir='ltr'><strong>ex</strong></span> <span class='ocrx_word' id='word_1_704' title='bbox 2412 4962 2593 5029; x_wconf 88' lang='lat' dir='ltr'><strong>aliquo</strong></span> <span class='ocrx_word' id='word_1_705' title='bbox 2639 4964 2933 5015; x_wconf 83' lang='lat' dir='ltr'><strong>secundum</strong></span> <span class='ocrx_word' id='word_1_706' title='bbox 2978 4970 3227 5014; x_wconf 83' lang='lat' dir='ltr'><strong>naturam</strong></span> <span class='ocrx_word' id='word_1_707' title='bbox 3263 4963 3531 5031; x_wconf 86' lang='lat' dir='ltr'><strong>procedit,</strong></span> 
     </span>
    </p>
   </div>
   <div class='ocr_carea' id='block_1_108' title="bbox 1964 5048 3531 5119">
    <p class='ocr_par' dir='ltr' id='par_1_108' title="bbox 1964 5048 3531 5119">
     <span class='ocr_line' id='line_1_108' title="bbox 1964 5048 3531 5119; baseline 0.001 -11"><span class='ocrx_word' id='word_1_708' title='bbox 1964 5068 2145 5110; x_wconf 81' lang='lat' dir='ltr'><strong>veram</strong></span> <span class='ocrx_word' id='word_1_709' title='bbox 2179 5051 2648 5118; x_wconf 80' lang='lat' dir='ltr'><strong>etiantgeniminis</strong></span> <span class='ocrx_word' id='word_1_710' title='bbox 2687 5048 3097 5119; x_wconf 85' lang='lat' dir='ltr'><strong>appellationem</strong></span> <span class='ocrx_word' id='word_1_711' title='bbox 3141 5051 3320 5107; x_wconf 86' lang='lat' dir='ltr'><strong>habet.</strong></span> <span class='ocrx_word' id='word_1_712' title='bbox 3367 5054 3531 5109; x_wconf 74' lang='lat' dir='ltr'><strong>Geui-</strong></span> 
     </span>
    </p>
   </div>
   <div class='ocr_carea' id='block_1_109' title="bbox 1972 5138 3533 5214">
    <p class='ocr_par' dir='ltr' id='par_1_109' title="bbox 1972 5138 3533 5214">
     <span class='ocr_line' id='line_1_109' title="bbox 1972 5138 3533 5214; baseline 0 -13"><span class='ocrx_word' id='word_1_713' title='bbox 1972 5158 2058 5201; x_wconf 82' lang='lat' dir='ltr'><strong>tus</strong></span> <span class='ocrx_word' id='word_1_714' title='bbox 2083 5150 2267 5214; x_wconf 83' lang='lat' dir='ltr'><strong>itaque</strong></span> <span class='ocrx_word' id='word_1_715' title='bbox 2291 5160 2409 5198; x_wconf 87' lang='lat' dir='ltr'><strong>cum</strong></span> <span class='ocrx_word' id='word_1_716' title='bbox 2443 5143 2511 5196; x_wconf 90' lang='lat' dir='ltr'><strong>sit</strong></span> <span class='ocrx_word' id='word_1_717' title='bbox 2548 5141 2743 5209; x_wconf 75' lang='lat' dir='ltr'><strong>Filius,</strong></span> <span class='ocrx_word' id='word_1_718' title='bbox 2769 5138 3140 5196; x_wconf 88' lang='lat' dir='ltr'><strong>coessentialis</strong></span> <span class='ocrx_word' id='word_1_719' title='bbox 3181 5145 3341 5198; x_wconf 87' lang='lat' dir='ltr'><strong>etiam</strong></span> <span class='ocrx_word' id='word_1_720' title='bbox 3384 5144 3533 5201; x_wconf 77' lang='lat' dir='ltr'><strong>Patri</strong></span> 
     </span>
    </p>
   </div>
   <div class='ocr_carea' id='block_1_110' title="bbox 1961 5231 3533 5307">
    <p class='ocr_par' dir='ltr' id='par_1_110' title="bbox 1961 5231 3533 5307">
     <span class='ocr_line' id='line_1_110' title="bbox 1961 5231 3533 5307; baseline -0.001 -13"><span class='ocrx_word' id='word_1_721' title='bbox 1961 5250 2063 5294; x_wconf 86' lang='lat' dir='ltr'><strong>cst.</strong></span> <span class='ocrx_word' id='word_1_722' title='bbox 2102 5240 2214 5294; x_wconf 82' lang='lat' dir='ltr'><strong>Una</strong></span> <span class='ocrx_word' id='word_1_723' title='bbox 2246 5238 2385 5291; x_wconf 87' lang='lat' dir='ltr'><strong>cuitu</strong></span> <span class='ocrx_word' id='word_1_724' title='bbox 2428 5246 2511 5290; x_wconf 85' lang='lat' dir='ltr'><strong>est</strong></span> <span class='ocrx_word' id='word_1_725' title='bbox 2552 5242 2748 5289; x_wconf 87' lang='lat' dir='ltr'><strong>natura</strong></span> <span class='ocrx_word' id='word_1_726' title='bbox 2781 5231 3109 5303; x_wconf 78' lang='lat' dir='ltr'><strong>gignentium</strong></span> <span class='ocrx_word' id='word_1_727' title='bbox 3140 5246 3397 5294; x_wconf 89' lang='lat' dir='ltr'><strong>eteorum</strong></span> <span class='ocrx_word' id='word_1_728' title='bbox 3417 5254 3533 5307; x_wconf 65' lang='lat' dir='ltr'><strong>quae</strong></span> 
     </span>
    </p>
   </div>
   <div class='ocr_carea' id='block_1_111' title="bbox 1954 5332 2268 5401">
    <p class='ocr_par' dir='ltr' id='par_1_111' title="bbox 1954 5332 2268 5401">
     <span class='ocr_line' id='line_1_111' title="bbox 1954 5332 2268 5401; baseline 0.006 -19"><span class='ocrx_word' id='word_1_729' title='bbox 1954 5332 2268 5401; x_wconf 63' lang='lat' dir='ltr'><strong>gignuntur.</strong></span> 
     </span>
    </p>
   </div>
   <div class='ocr_carea' id='block_1_112' title="bbox 2622 5417 2853 5473">
    <p class='ocr_par' dir='ltr' id='par_1_112' title="bbox 2622 5417 2853 5473">
     <span class='ocr_line' id='line_1_112' title="bbox 2622 5417 2853 5473; baseline -0.026 0"><span class='ocrx_word' id='word_1_730' title='bbox 2622 5417 2853 5473; x_wconf 83' lang='lat' dir='ltr'><strong>ALIUD.</strong></span> 
     </span>
    </p>
   </div>
   <div class='ocr_carea' id='block_1_113' title="bbox 2034 5529 3525 5600">
    <p class='ocr_par' dir='ltr' id='par_1_113' title="bbox 2034 5529 3525 5600">
     <span class='ocr_line' id='line_1_113' title="bbox 2034 5529 3525 5600; baseline -0.002 -15"><span class='ocrx_word' id='word_1_731' title='bbox 2034 5534 2116 5595; x_wconf 87' lang='lat' dir='ltr'><strong>Si,</strong></span> <span class='ocrx_word' id='word_1_732' title='bbox 2154 5531 2614 5600; x_wconf 80' lang='lat' dir='ltr'><strong>quemadmodum</strong></span> <span class='ocrx_word' id='word_1_733' title='bbox 2647 5547 2743 5587; x_wconf 83' lang='lat' dir='ltr'><strong>vos</strong></span> <span class='ocrx_word' id='word_1_734' title='bbox 2773 5529 3010 5585; x_wconf 81' lang='lat' dir='ltr'><strong>censetis</strong></span> <span class='ocrx_word' id='word_1_735' title='bbox 3039 5532 3153 5588; x_wconf 86' lang='lat' dir='ltr'><strong>falsi</strong></span> <span class='ocrx_word' id='word_1_736' title='bbox 3182 5548 3231 5589; x_wconf 90' lang='lat' dir='ltr'><strong>et</strong></span> <span class='ocrx_word' id='word_1_737' title='bbox 3262 5533 3525 5593; x_wconf 65' lang='lat' dir='ltr'><strong>fallentes,</strong></span> 
     </span>
    </p>
   </div>
  </div>
