4056 6264
547 261 645 319 155

1533 247 1591 302 S.
1630 245 1904 303 CYRILLI
1942 243 2412 301 ALEXANDRINI
2451 243 2768 299 ARClHEP.

3700 237 3796 293 136

544 397 647 434 non
681 391 746 431 ex
776 369 1020 430 essentia
1049 367 1226 430 Patris
1265 365 1534 438 processit
1560 365 1754 431 Filius,
1787 366 1880 421 sed
1905 379 1968 420 ex
2022 380 2118 418 vo-

2226 364 2480 435 νὼμενοι,
2513 363 2615 422 οὐκ
2645 364 2710 416 ὲκ
2736 361 2834 432 τῆς
2866 358 3053 422 οὐσίας
3093 355 3186 412 τοῦ
3229 355 3440 428 Πατρὺς
3474 354 3735 426 προῆλθεν
3766 358 3792 408 6

544 473 752 525 luntate
778 465 958 520 Patris
985 462 1319 518 constitutus
1351 467 1453 523 est,
1489 467 1541 512 et
1578 467 1662 512 est
1716 458 1829 527 ipse
1857 456 2120 526 sapientia

541 577 608 616 ac.
637 557 879 629 potentia
897 555 1099 620 Patris,
1125 562 1274 607 certe
1306 563 1482 617 neque
1525 550 1743 618 sapiens
1777 558 1860 603 est
1907 561 2110 602 secun-

543 655 670 708 dum
697 660 968 726 naturam,
998 659 1173 714 neque
1213 654 1407 713 potens
1440 643 1622 696 Pater.
1659 640 1716 694 Si
1771 653 1901 696 vero
1947 639 2123 708 (juxta

541 738 936 810 ineptissimam
997 743 1236 792 vestram
1278 731 1723 801 propositionem)
1781 729 2124 784 extrinsecus

541 826 822 885 constituit
844 823 1068 887 Filium.
1100 821 1192 890 qui
1219 822 1437 891 quidem
1465 819 1634 889 ipsius
1655 817 1918 888 sapientia
1946 827 2000 871 et
2026 831 2123 886 po-

544 920 714 975 tentia
741 927 851 980 est,
875 914 969 970 sed
996 922 1078 968 est
1111 928 1177 966 ex
1207 927 1304 970 sua
1355 921 1548 965 natura
1583 910 1798 979 sapiens
1835 917 1890 963 et
1911 918 2119 977 potens,

543 1009 909 1067 necessarium
941 1005 1166 1063 omnino
1199 1013 1303 1068 est,
1326 1002 1489 1057 etiam
1527 1001 1722 1062 Filium
1755 1013 1821 1053 ex
1885 998 2121 1054 essentia

531 1103 724 1157 “Patris
753 1115 912 1168 esse,
952 1107 1112 1167 atque
1138 1097 1212 1151 ita
1244 1095 1409 1149 etiam
1441 1091 1980 1151 consubstantialem.

1220 1227 1452 1285 ALIUD.

610 1349 846 1406 Necesse
882 1357 967 1403 est
997 1354 1055 1401 ut
1109 1345 1202 1414 qui
1263 1343 1460 1399 Filium
1507 1356 1572 1396 ex
1623 1340 1903 1394 voluntate
1944 1338 2122 1394 Patris

539 1442 896 1498 constitutum
915 1453 1038 1495 esse
1071 1435 1421 1497 contendunt,
1447 1448 1553 1488 non
1601 1441 1780 1486 autem
1803 1446 1868 1485 ex
1887 1429 2005 1500 ipso
2023 1444 2124 1506 ,εει

541 1533 740 1598 nilum,
777 1531 960 1585 dieant
983 1528 1113 1598 quid
1138 1526 1368 1582 moverit
1389 1525 1611 1578 Patrem
1647 1532 1705 1576 ut
1737 1521 1932 1576 Filium
1987 1537 2123 1576 con-

540 1625 812 1687 stitueret,
849 1631 908 1675 ut
932 1621 1034 1688 ipsi
1064 1621 1244 1688 inepte
1298 1617 1619 1684 loquuntur.
1671 1611 1994 1668 Necessario
2032 1612 2126 1682 igi-

545 1727 630 1770 tur
659 1715 762 1772 ltoc
797 1712 927 1768 fecit
957 1730 972 1765 :
1003 1709 1255 1764 autFilio
1275 1709 1328 1763 id
1356 1707 1541 1777 largiri
1565 1705 1756 1770 voluit,
1787 1717 1843 1758 ut
1877 1703 2024 1758 illum
2051 1703 2118 1757 ad
2154 1712 2196 1766 Β

542 1823 671 1862 esse
700 1807 1012 1861 traduceret
1038 1802 1266 1874 perinde
1287 1816 1350 1855 ac
1372 1814 1494 1855 nos.
1517 1798 1573 1853 Si
1593 1798 1759 1868 igitur
1784 1796 2115 1859 necessario,

534 1898 648 1968 jam
671 1899 838 1952 Deum
871 1893 1186 1952 necessitati
1221 1891 1521 1961 subjectum
1581 1901 1724 1944 esse.
1758 1885 2072 1943 concedetis
2101 1902 2116 1950 ;

537 1991 624 2046 sin
647 2000 839 2045 contra
870 1987 1085 2040 Patrem
1114 1985 1218 2040 hoc
1245 1983 1387 2046 Filio
1418 1980 1603 2051 largiri
1628 1978 1861 2034 voluisse
1913 1977 2117 2041 dicitis,

537 2083 748 2152 sibiipsi
815 2080 994 2151 potius
1047 2077 1100 2136 id
1151 2076 1382 2148 largitus
1427 2087 1550 2133 esse
1599 2071 1886 2133 videbitur,
1936 2078 1994 2123 ut
2049 2069 2120 2123 sit

538 2183 778 2238 creator,
805 2181 858 2227 et
885 2180 1077 2241 potens
1101 2182 1166 2222 ac
1213 2166 1468 2236 sapiens:
1507 2163 1768 2235 siquidem
1814 2160 1951 2218 Filio
2004 2160 2118 2214 haec

537 2269 741 2320 insunt.
770 2281 789 2316 ι
824 2260 1016 2320 Omnia
1042 2260 1186 2317 enim
1221 2273 1316 2328 per
1341 2259 1518 2325 ipsum
1551 2254 1688 2308 facta
1737 2263 1882 2320 sunt,
1945 2253 2118 2323 inquit

535 2357 836 2425 Scriptura,
865 2363 919 2408 et
944 2352 1063 2407 sine
1086 2351 1200 2420 ipso
1229 2348 1429 2402 factum
1461 2355 1543 2400 est
1570 2343 1707 2398 nihil
1732 2343 1796 2396 ".
1831 2361 1850 2394 ι
1885 2343 1953 2396 Et
2002 2357 2117 2395 rur-

533 2437 678 2517 sum,
715 2468 735 2500 ‹
759 2448 1014 2502 Christus
1052 2446 1145 2500 Dei
1180 2442 1421 2514 potentia
1445 2451 1499 2494 et
1527 2437 1793 2505 sapientia
1824 2435 1909 2490 αι’.
1947 2453 1968 2488 ι
1999 2435 2118 2490 Cm-

535 2554 713 2597 tcrum
743 2557 839 2596 nos
867 2555 973 2594 non
998 2538 1101 2592 sibi
1135 2537 1232 2605 ipsi
1273 2537 1388 2588 lucc
1418 2533 1664 2602 largitum
1699 2545 1820 2585 esse
1855 2531 2018 2582 Deum
2054 2541 2118 2581 ac

538 2635 754 2690 Patrem
783 2631 1036 2696 dicimus,
1067 2630 1161 2683 sed
1188 2641 1308 2682 esse
1333 2624 1652 2678 naturaliter
1708 2621 2003 2690 sapientem
2065 2625 2119 2672 et

539 2733 840 2797 potentem.
862 2723 977 2778 Non
1007 2721 1170 2790 igitur
1193 2732 1265 2772 ex
1294 2715 1567 2770 voluntate
1585 2713 1867 2768 consumit
1893 2709 2113 2774 Filium,

540 2831 602 2876 ut
643 2832 742 2874 vos
801 2813 1123 2887 opinamini,
1177 2811 1274 2867 sed
1336 2808 1502 2866 veluti
1574 2815 1783 2862 natura:
1838 2817 1950 2859 suae
2001 2803 2118 2857 frn-

537 2923 660 2970 ctus
691 2920 796 2977 est,
817 2909 1123 2980 quodcum
1150 2906 1225 2961 ita
1269 2904 1363 2971 sit,
1412 2903 1576 2957 etiam
1639 2894 2120 2953 consubstantialis

536 3015 640 3062 est.
672 3003 828 3073 Quod
855 3003 1000 3060 enim
1034 2999 1358 3056 naturaliter
1409 3010 1476 3050 ex
1530 2993 1640 3048 Deo
1692 2989 1952 3060 procedit,
1987 2988 2119 3042 alie-

537 3113 668 3155 num
697 3097 770 3153 ab
799 3110 866 3151 eo
888 3109 1013 3150 esse
1037 3107 1142 3148 non
1178 3099 1377 3161 potest.

609 3231 766 3300 Quod
805 3230 913 3284 Deo
939 3245 1001 3283 ac
1036 3226 1190 3281 Patri
1211 3221 1678 3283 consubstantialis
1725 3220 1790 3275 sit
1841 3217 2041 3277 Filius.

607 3343 668 3402 Si
689 3351 910 3415 propter
943 3343 1169 3404 turmam
1219 3354 1383 3411 quam
1404 3336 1632 3408 accepit,
1682 3335 1734 3389 in
1788 3332 1964 3388 forma
2023 3329 2118 3385 Dei

537 3436 833 3498 exsistens,
865 3429 1344 3497 consubstantialis
1372 3429 1525 3483 nobis
1558 3434 1662 3488 est,
1691 3427 1816 3493 quia
1857 3438 1924 3480 ex
1954 3420 2112 3476 nobis

536 3539 641 3595 est,
666 3536 752 3584 est
785 3534 966 3584 autem
1009 3525 1183 3580 forma
1237 3520 1332 3576 Dei
1397 3519 1584 3584 Filius,
1642 3512 2120 3572 consubstantialis

537 3618 702 3688 igitur
739 3615 790 3672 ei
822 3622 927 3681 est,
955 3611 1112 3683 cujus
1129 3620 1210 3668 est
1233 3609 1430 3667 forma.

1135 3725 1249 3796 33
1285 3720 1516 3780 ALIUD.

605 3844 665 3900 Si
699 3852 888 3900 nostro
933 3840 1126 3896 lumini
1174 3839 1429 3910 Splendor
1461 3835 1582 3906 ejus
1643 3831 2120 3889 consubstantialis

533 3945 638 4002 est,
667 3936 840 3992 Filius
859 3942 1037 3990 autem
1058 3931 1248 3988 aeterni
1271 3930 1492 3985 luminis
1515 3936 1599 3983 est
1652 3925 1938 3996 splendor;
1987 3938 2120 3978 con-

535 4028 913 4086 substantialis
943 4026 1112 4097 igitur
1138 4025 1304 4080 etiam
1336 4025 1451 4094 ipse
1473 4031 1556 4078 est
1581 4019 1791 4083 lumini,
1821 4019 1976 4089 cujus
2035 4025 2120 4072 est

534 4122 808 4192 splendor,
841 4135 966 4174 cum
998 4117 1248 4188 exempla
1271 4125 1428 4186 parte
1461 4115 1638 4184 aliqua
1689 4125 1802 4168 sum
1823 4123 2028 4166 natura:
2063 4110 2116 4166 in

534 4213 712 4268 simile
741 4209 1089 4266 conveniant.

1217 4337 1446 4396 ALIUD.

605 4453 1068 4524 Quemadmodum
1095 4451 1385 4522 aequalitas
1411 4449 1464 4504 in
1495 4447 1948 4504 intellectualibus
2006 4465 2112 4505 non
2145 4447 2172 4468 "‘

533 4550 837 4620 quantitate
863 4546 1184 4609 aestimatur,
1212 4550 1267 4597 et
1293 4540 1436 4611 quod
1465 4538 1538 4597 ita
1563 4537 1768 4606 aequale
1799 4548 1903 4602 est,
1926 4555 2113 4594 neces-

534 4642 680 4697 sario
712 4639 873 4694 etiam
925 4653 1023 4708 par
1053 4636 1315 4706 dignitate
1367 4645 1433 4686 ac
1490 4629 1947 4685 consubstantiale
2007 4641 2111 4695 est,

531 4733 702 4790 Filius
732 4738 912 4786 autem
943 4740 1025 4786 est
1045 4743 1147 4801 par
1169 4726 1430 4797 dignitate
1461 4723 1629 4787 Patri,
1670 4732 1729 4776 ut
1761 4738 1915 4779 sacra
1958 4724 2108 4780 Scri-

532 4833 692 4894 ptura
745 4827 1014 4888 testatur;
1067 4816 1375 4873 nccesswio
1422 4813 1586 4870 etiam
1635 4814 2111 4872 consubstantialis

528 4913 634 4968 erit
666 4930 681 4968 :
717 4911 1026 4980 mqualitate
1049 4907 1304 4962 nimirum
1334 4904 1444 4969 illa,
1472 4918 1577 4958 non
1638 4901 1847 4958 ratione
1892 4907 2108 4976 quanti-

533 5008 660 5060 tatis
685 5006 735 5059 in
761 5015 951 5059 natura
977 4999 1594 5072 incorporeaaastimala,
1619 4997 1714 5052 sed
1747 5000 1923 5068 potius
1953 5002 2103 5056 iden-

531 5095 686 5152 titate
711 5098 984 5152 essentia.

1197 5208 1432 5265 ALIUD.

604 5326 662 5381 Si
685 5339 802 5393 qua:
841 5339 968 5379 vere
1008 5338 1072 5379 ac
1093 5323 1417 5378 naturaliter
1446 5325 1625 5392 genita
1672 5334 1816 5387 Slllll,
1849 5340 1954 5380 non
2003 5341 2104 5378 ουκ

531 5422 636 5467 tem
673 5411 980 5481 adeptione,
1013 5411 1235 5466 dubium
1273 5425 1382 5466 non
1424 5421 1510 5466 est
1546 5411 1675 5480 quin
1710 5412 1821 5467 sint
1867 5415 2102 5468 consuli-

2228 457 2355 520 Υἱὸς
2377 497 2392 520 ,
2443 456 2656 525 ὑπέστη
2688 453 2746 507 δὲ
2779 448 3235 516 ἐξουσιαστικῶς,
3271 448 3367 502 καὶ
3400 447 3546 501 ἔστιν
3573 446 3728 508 αὐτὸς
3763 451 3794 517 ἡ

2227 550 2391 620 σοφία
2419 548 2515 602 καὶ
2540 547 2773 617 δύναμις
2792 542 2888 597 τοῦ
2921 541 3156 612 Πατρός,
3180 538 3302 598 οὔτε
3333 537 3495 605 σοφὸς
3534 537 3674 589 κατά
3701 537 3796 594 φύ-

2227 659 2311 695 σιν
2347 640 2494 700 ἐστὶν
2521 640 2550 693 6
2582 637 2794 708 Πατὴρ,
2840 633 2965 689 οὔτε
3009 633 3116 703 μὴν
3150 630 3396 694 δυνατός.
3444 630 3507 684 Εἰ
3533 629 3620 692 δὲ,
3661 629 3798 682 κατά

2223 732 2325 804 τὴν
2355 729 2742 802 ἀμαθεστάτην
2772 727 2926 798 ὑμῶν
2974 725 3260 796 πρότασιν,
3293 721 3494 794 ἔξωθεν
3525 721 3796 789 ὑπέστησε

2224 825 2318 878 τὸν
2362 823 2514 889 Υἱὸν,
2545 824 2604 886 ὃς
2647 824 2794 874 ἐστιν
2823 816 2986 874 αὐτοῦ
3036 816 3196 885 σοφία
3247 814 3342 866 καὶ
3388 811 3638 882 δύναμις,
3689 810 3798 875 ἀλλ’

2225 919 2344 973 ἔστι
2369 916 2514 971 κατά
2536 914 2698 985 φύσιν
2727 913 2887 980 σοφός
2919 928 2979 970 τε
3009 910 3105 964 κα)⁵
3132 906 3376 971 δυνατὸς,
3405 904 3622 972 ἀνάγκη
3652 906 3798 966 πᾶσα

2225 1009 2436 1068 καὶπὸν
2459 1008 2588 1066 Υἱὸν
2619 1007 2683 1059 ἐκ
2707 1004 2808 1074 τῆς
2840 1000 2933 1055 τοῦ
2969 999 3186 1073 Πατρὸς
3217 998 3407 1061 οὐσίας
3429 993 3572 1051 εἶναι
3602 994 3799 1066 λέγειν,

2225 1108 2274 1172 εί
2301 1106 2360 1160 δὲ
2390 1103 2568 1169 τοῦτο,
2593 1100 2687 1154 καὶ
2711 1097 3014 1170 ὁμοούσιος.

2907 1234 3108 1292 ΑΛΛΟ.

2309 1353 2635 1420 Ἀναγκαῖον
2667 1346 2889 1421 ἐρέσθαι
2934 1345 3061 1407 τοὺς
3098 1343 3216 1402 ὅσοι
3260 1344 3351 1393 τὸν
3388 1338 3516 1392 Υἱὸν
3563 1336 3684 1389 κατ’
3716 1334 3800 1398 ἐξ-

2221 1449 2410 1502 ουσίαν
2441 1443 2742 1515 ὑποστῆναι
2771 1439 2871 1511 τὴν
2904 1437 2998 1492 τοῦ
3028 1434 3270 1506 Πατρὺς,
3298 1433 3391 1486 καὶ
3414 1432 3514 1485 οὐκ
3555 1429 3616 1495 ἐξ
3638 1429 3800 1482 αὐτοῦ

2223 1539 2587 1610 γεγεννῆσθαί
2635 1553 2790 1606 φασι,
2838 1533 2890 1586 τί
2937 1532 2998 1585 τὸ
3044 1527 3308 1588 πεπεικὸς
3340 1525 3440 1578 τὸν
3462 1522 3687 1591 Πατέρα
3715 1519 3802 1570 τὸν

2223 1635 2353 1687 Υἱὸν
2382 1631 2685 1702 ὑποστῆσαι
2716 1627 2857 1681 κατά
2890 1625 2982 1678 τὸν
3020 1621 3174 1692 ὑμῶν
3198 1619 3387 1690 ἅμαθῆ
3413 1617 3592 1683 λόγον.
3613 1615 3804 1674 Ἀναγ-

2222 1725 2394 1788 καίως
2424 1725 2532 1794 ἄρα
2560 1721 2732 1776 τοῦτο
2761 1718 3061 1787 πεποίηκεν
3083 1753 3096 1778 .
3132 1714 3165 1785 ἢ
3197 1710 3526 1782 χαρίσασθαι
3563 1707 3644 1776 τῷ
3690 1703 3804 1770 Υἱῴ

2223 1818 2525 1890 βουληθεὶς,
2550 1817 2632 1869 ὅτι
2660 1813 2724 1885 δὴ
2749 1813 2842 1866 καὶ
2859 1811 3023 1865 αὐτὸν
3043 1811 3122 1871 εἰς
3157 1807 3454 1860 ὑπόστασιν
3484 1802 3610 1870 ἄγοι
3643 1798 3804 1852 καθά-

2221 1929 2327 1980 περ
2365 1910 2458 1964 καὶ
2502 1909 2673 1979 ἡμᾶς.
2712 1907 2776 1958 Εἰ
2819 1904 2928 1974 μὲν·
2963 1899 3068 1954 οὖν
3095 1898 3409 1965 ἀναγκαίως
3455 1894 3673 1964 ἀνάγκῃ
3703 1890 3803 1944 δὼ-

2221 2021 2344 2059 σετε
2389 2001 2483 2054 τὸν
2530 2000 2663 2065 Θεὸν
2702 1994 3045 2057 ὑποκεῖσθαι,
3077 1993 3126 2044 εξ
3165 1991 3222 2044 δὲ
3258 1991 3332 2060 μὴ
3363 1989 3542 2052 τοῦτο,
3572 1987 3805 2057 χαρίσαι

2220 2097 2345 2151 σθαι
2389 2094 2448 2148 δὲ
2503 2090 2836 2164 βουληθέντα
2874 2086 2954 2157 τῷ
2999 2085 3149 2156 Υίῷ,
3196 2080 3375 2151 ἐαυτῷ
3431 2082 3805 2150 χαρισάμενος

2221 2193 2470 2260 φανεῖται
2497 2188 2562 2256 τὸ
2593 2180 2732 2239 εἶναι
2752 2179 3084 2254 δημιουργὸς
3108 2178 3202 2230 καὶ
3227 2176 3452 2236 δυνατὶς
3483 2174 3577 2226 καὶ
3613 2171 3806 2242 seek,

2220 2285 2272 2338 εἴ
2313 2299 2378 2352 γε
2425 2283 2484 2334 ἐν
2533 2276 2648 2348 Υἱῷ
2686 2273 2862 2328 ταῦτά
2902 2274 3041 2325 ἐστι.
3091 2288 3110 2319 ι
3142 2268 3331 2321 Πάντα
3378 2265 3485 2336 γὰρ
3531 2265 3596 2318 δι’
3635 2261 3806 2318 αὑτοῦ

2221 2347 2460 2444 ἐγένετο,
2491 2347 2654 2441 φησιν
2703 2370 2737 2439 ἡ
2778 2365 2991 2436 Γραφὴ,
3035 2362 3127 2414 καὶ
3169 2361 3340 2432 χωρὶς
3385 2347 3550 2412 αὑτοῦ
3585 2358 3808 2427 ἐγένετο

2217 2467 2340 2521 οὐδὲ
2393 2465 2508 2518 ἓν.»
2561 2460 2675 2515 Καὶ
2718 2460 2902 2523 πάλιν,
2946 2455 3226 2526 «Χριστὸς
3269 2452 3402 2505 Θεοῦ
3437 2452 3667 2521 δύναμις
3710 2451 3807 2511 καὶ

2219 2559 2352 2614 Θεοῦ
2372 2556 2554 2626 σοφία.
2574 2573 2594 2606 ι
2625 2552 2783 2605 Ἀλλά
2811 2551 2918 2623 μὴν
2948 2551 3046 2620 οὐχ
3071 2546 3246 2617 ἐαυτῷ
3273 2545 3445 2598 ταῦτα
3476 2541 3804 2614 χαρίζεσθαί

2223 2667 2405 2721 φαμεν
2427 2649 2518 2703 τὸν
2544 2645 2680 2701 Θεὸν
2700 2643 2795 2698 καὶ
2816 2643 3058 2714 Πατέρα,
3077 2639 3192 2694 ἀλλ’
3209 2635 3349 2691 εἶναι
3369 2635 3609 2704 φυσικῶς
3635 2632 3804 2700 σοφόν

2217 2761 2277 2796 τε
2310 2743 2405 2795 καὶ
2440 2741 2685 2804 δυνατόν.
2738 2735 2855 2791 Οὐκ
2901 2730 3324 2800 ὲξουσιαστικῶς
3371 2727 3478 2798 ἄρα
3531 2724 3622 2777 τὸν
3672 2723 3806 2775 Υιδν

2221 2835 2522 2904 ὑπέστησε,
2555 2831 2680 2887 καθ’
2705 2829 2872 2899 ὑμᾶς,
2897 2825 3035 2880 ἀλλὰ
3061 2827 3163 2895 τῆς
3194 2820 3398 2883 οἰκείας
3429 2819 3647 2888 φύσεως
3688 2813 3804 2885 ἔχει

2219 2924 2453 2996 καρπόν
2490 2919 2680 2991 ἐπειδὴ
2714 2919 2772 2972 δὲ
2805 2917 2981 2984 τοῦτο,
3013 2917 3108 2970 καὶ
3142 2914 3449 2985 όμοοὺσιος.
3483 2909 3558 2962 Τὸ
3592 2908 3706 2978 γὰρ
3741 2909 3805 2959 ἐκ

2219 3017 2358 3072 Θεοῦ
2381 3013 2646 3088 προελθὸν
2667 3011 2807 3067 κατά
2829 3011 3014 3080 φύσιν,
3043 3010 3144 3062 οὐκ
3173 3006 3452 3077 ἀλλότριον
3489 3003 3679 3056 αὐτοῦ.

2345 3242 2467 3294 Ὀτι
2492 3237 2572 3305 τῷ
2599 3227 2721 3304 Θεῷ
2747 3234 2846 3292 καὶ
2873 3232 3053 3304 Harp!
3079 3231 3402 3302 ὁμοούσιος
3432 3229 3468 3284 ὁ
3500 3228 3661 3292 Υἱός.

2291 3354 2354 3408 Εἰ
2387 3352 2453 3406 δι’
2479 3351 2546 3426 ἢν
2574 3350 2734 3404 ἔλαϐε
2758 3347 2971 3419 μορφὴν
2998 3347 3029 3407 ὁ
3052 3346 3112 3399 ὲν
3136 3346 3320 3415 μορφῇ
3345 3339 3481 3396 Θεοῦ
3511 3339 3801 3409 ὑπάρχων,

2219 3447 2505 3516 ὁμοούσιος
2536 3443 2693 3516 ἡμῶν
2740 3443 2822 3495 ὅτι
2857 3440 2916 3504 ἐξ
2949 3438 3130 3508 ήμῶν,
3157 3437 3272 3490 ἔστι
3300 3436 3358 3489 δὲ
3393 3433 3575 3506 μορφὴ
3603 3429 3743 3485 Θεοῦ
3775 3429 3804 3481 ὁ

2219 3538 2369 3603 Υἱὸς,
2395 3535 2682 3608 ὁμοούσιος
2713 3534 2822 3604 ἄρα
2846 3531 3064 3601 ἐκείνῳ,
3089 3525 3152 3588 οὗ
3185 3530 3282 3584 καὶ
3307 3527 3424 3582 ἔστι
3459 3525 3686 3598 μορφή;

2898 3729 3102 3785 MAG.

2288 3854 2355 3906 Ei
2385 3851 2464 3922 τῷ
2484 3849 2606 3904 καθ’
2637 3848 2783 3920 ἡμᾶς
2816 3846 2959 3916 φωτὶ
2987 3845 3048 3899 τὸ
3081 3843 3420 3911 ἀπαύγασμα
3451 3835 3622 3892 αὖτοῦ
3658 3837 3809 3888 ἐστιν

2219 3946 2528 4019 ὀμοούσιον,
2569 3945 2598 3997 6
2640 3943 2698 3997 δὲ
2731 3942 2862 4005 Υἱὸς
2889 3940 2986 3994 τοῦ
3021 3938 3192 3994 ἀϊδίου
3235 3934 3411 4006 φωτός
3447 3935 3594 3986 ἐστιν
3629 3930 3812 3984 ἀπαύ-

2218 4015 2409 4111 γασμα
2434 4080 2448 4103 ,
2481 4036 2766 4108 ὁμοούσιος
2800 4035 2909 4106 ἀρα
2943 4033 3039 4086 καὶ
3070 4031 3232 4094 αὐτὸς
3280 4027 3358 4097 τῷ
3406 4026 3566 4094 φωτὶ,
3597 4015 3668 4075 οὗ
3714 4023 3808 4074 καὶ

2218 4131 2365 4186 ἔστιν
2403 4131 2766 4202 ἀπαύγασμα,
2800 4127 2908 4180 τῶν
2937 4123 3352 4194 ὑποδειγμάτων
3381 4119 3524 4172 κατά
3548 4135 3600 4169 τι
3636 4117 3810 4186 μέρος

2220 4224 2319 4296 τῆς
2347 4223 2556 4287 οἰκείας
2587 4220 2803 4292 φύσεως
2831 4219 2912 4282 είς
2941 4216 3001 4270 τὸ
3033 4215 3219 4286 ὅμοιον
3249 4208 3674 4283 παραγομένων.

2899 4353 3104 4407 ΑΛΛΟ.

2293 4470 2355 4523 Εἰ
2388 4470 2450 4522 τὸ
2500 4468 2614 4522 ἴσον
2651 4469 2710 4520 ὲν
2742 4467 2956 4536 νοητοῖς
2995 4464 3058 4518 οὐ
3092 4463 3352 4530 ποσότητι
3399 4455 3697 4529 μετρητὸν,
3745 4457 3810 4510 τὸ

2219 4560 2264 4613 δ’
2293 4559 2470 4620 οὕτως
2501 4558 2634 4621 ἴσον,
2684 4558 2779 4610 καὶ
2819 4556 3084 4628 ὁμότιμον
3113 4553 3172 4618 ὲξ
3201 4551 3450 4622 ἀνάγκης
3474 4551 3572 4603 καὶ
3596 4551 3810 4619 ὁμοσύ-

2219 4670 2353 4715 σιον,
2409 4650 2526 4705 ἐστι
2569 4650 2628 4704 δὲ
2675 4651 2788 4714 ἶσος
2833 4650 2929 4703 καὶ
2964 4648 3226 4720 ὁμότιμος
3263 4644 3340 4716 τῷ
3371 4644 3546 4715 Ιῐατρὶ
3581 4645 3609 4697 6
3644 4644 3804 4706 Υἱὸς,

2215 4743 2442 4798 κατὰτὰ
2459 4743 2578 4797 θεῖα
2605 4743 2800 4812 Λόγια,
2818 4742 2878 4808 ἐξ
2907 4741 3152 4811 ἀνάγκης
3178 4737 3332 4792 ἔσται
3361 4738 3457 4793 καὶ
3483 4733 3801 4807 όμοούσιος·

2214 4837 2309 4890 τοῦ
2339 4837 2456 4890 ἴσου
2488 4835 2632 4891 κατὰ
2661 4835 2722 4888 τὸ
2759 4835 2924 4890 ποσὸν
2953 4837 3012 4890 ὲν
3041 4834 3317 4904 ἀσωμάτῳ
3356 4830 3517 4901 φύσει
3546 4827 3620 4899 μὴ
3655 4827 3804 4880 θεω-

2216 4930 2502 5011 ρουμένου,
2536 4928 2673 4983 ἀλλὰ
2705 4929 2907 5003 μᾶλλον
2933 4930 2990 4982 ὲν
3015 4928 3204 4993 οὐσίας
3233 4925 3542 4998 ταυτότητι.

2894 5221 3095 5275 AAAO.

2283 5330 2345 5384 Εἰ
2384 5333 2452 5386 τά
2486 5334 2606 5385 κατ’
2659 5332 2938 5403 ἀλήθειαν,
2982 5332 3096 5385 ἀλλ’
3139 5332 3199 5385 οὐ
3247 5331 3414 5398 θέσει,
3440 5331 3800 5403 γεννώμενα,

2208 5424 2470 5491 ὀμοοὺσια
2493 5424 2600 5476 τῶν
2632 5426 2752 5478 κατ’
2779 5423 3039 5495 ἀλήθειαν
3071 5425 3386 5494 γεννώντων
3412 5426 3798 5497 ὡμολόγηται,

529 5504 800 5562 Stantialia
819 5520 943 5561 cum
969 5504 1140 5574 iisqui
1179 5517 1307 5561 vere
1330 5519 1393 5559 ac
1417 5505 1740 5561 naturaliter
1777 5518 2104 5577 genuerunt,

2222 5512 2323 5564 icti
2351 5513 2405 5566 δὲ
2435 5513 2542 5566 τῶν
2582 5515 2702 5569 κατ’
2729 5515 2990 5587 ἀλήθειαν
3025 5517 3400 5586 γεννηθέντων
3426 5521 3454 5573 6
3482 5519 3609 5582 Υἱὸς
3638 5518 3804 5588 ἤπερ

603 5661 644 5687 ’³
677 5656 832 5711 Joan.
863 5674 901 5719 ι,
932 5659 986 5714 '5.
1065 5661 1128 5692 “‘
1160 5661 1179 5714 1
1213 5659 1336 5718 Cor.
1373 5677 1414 5730 ι,
1442 5660 1539 5733 ει,
