4056 6264
338 373 441 433 ‘3';
1754 359 1846 413 TII
1854 358 1927 413 ES

2039 354 2193 410 RUS.

3500 352 3602 406 I38

331 491 442 544 τῶν
471 489 620 548 κατὰ
656 488 837 550 θέσιν,
892 486 1178 559 δμοούσιος
1226 487 1336 556 ἄρα
1385 485 1463 554 τῷ
1511 482 1628 537 κατ’
1681 480 1927 551 ἀλήθειαν

2040 471 2211 526 Filius
2251 477 2430 523 autem
2461 475 2544 522 est
2574 481 2635 521 et
2671 465 2736 520 iis
2757 464 2849 536 qui
2882 477 3008 521 vere
3035 466 3205 535 geniti
3240 475 3389 536 sunt,
3413 468 3597 541 longe-

331 582 520 648 αὑτὸν,
549 583 672 636 ἀλλ’
699 581 765 635 οὺ
801 579 976 643 θέσει,
1005 579 1349 650 γεγεννηκότι
1381 575 1519 646 Θεῷ.

1050 867 1256 920 ᾹΛΛΟ.

412 981 484 1035 Εἰ
535 980 598 1033 τὸ
632 977 903 1043 οὖσιωδῶς
949 976 1290 1049 γεννώμενον
1324 971 1665 1048 ξκληρονομεῖ
1697 974 1797 1047 τὴν
1838 971 1932 1027 τοῦ

2034 577 2139 632 que
2155 561 2496 633 praestantior
2515 573 2672 629 quam
2692 558 2781 628 qui
2804 557 3127 626 adoptione;
3155 559 3599 615 consubstantia—

2034 654 2301 722 Iisitaque
2322 661 2403 706 est
2437 650 2547 706 Deo
2577 653 2667 720 qui
2694 664 2816 705 eum
2848 664 2954 707 non
2973 648 3285 720 adoptione,
3320 651 3418 708 sed
3474 668 3602 709 vere

2036 755 2098 799 ac
2123 743 2443 799 naturaliter
2467 743 2674 814 genuit.

2695 856 2927 915 ALIUD.

2105 971 2164 1026 Si
2204 971 2347 1042 quod
2371 969 2800 1026 substantialiter
2826 970 3066 1041 genitum
3098 979 3199 1036 est,
3224 973 3486 1042 genitoris
3514 989 3605 1030 es-

340 1071 740 1142 γεγεννηκότος
761 1069 975 1136 οὐσίαν,
1012 1068 1135 1139 ἔχον
1163 1067 1366 1138 ταύτην
1411 1069 1468 1120 ὲν
1497 1065 1696 1136 ἑαυτῷ,
1728 1065 1844 1136 ἔχει
1876 1065 1927 1118 δὲ

2033 1063 2260 1119 sentiam
2289 1062 2550 1133 possidet,
2571 1061 2777 1118 habens
2811 1077 2932 1118 eam
2956 1063 3008 1118 in
3035 1078 3094 1119 se
3115 1082 3127 1117 :
3146 1063 3310 1120 Filius
3332 1079 3460 1120 vero
3478 1080 3604 1137 pos-

347 1164 530 1218 πάντα
555 1163 624 1216 τὰ
654 1163 745 1216 τοῦ
776 1161 995 1232 Πατρὸς
1027 1163 1056 1214 6
1091 1161 1220 1225 Υῑὸς
1240 1198 1256 1227 ,
1296 1157 1568 1221 οθσιωδῶς
1601 1158 1710 1229 ἄρα
1739 1157 1931 1227 γεγέν-

350 1271 529 1325 νηται.

1025 1364 1239 1417 ΔΛΛΟ.

411 1476 475 1529 Εἰ
524 1475 692 1546 μηδὲν
717 1475 830 1529 τῶν
869 1474 1009 1546 μετὰ
1035 1474 1129 1528 τὸν
1160 1473 1290 1526 Υἱὸν
1340 1473 1403 1526 ἐκ
1432 1473 1512 1544 μὴ
1545 1473 1715 1526 όντων
1742 1469 1931 1531 οὐσίας

344 1566 654 1638 ὕφίστησιν,
705 1568 970 1637 ὑφίστησι
1018 1567 1074 1620 δὲ
1122 1568 1152 1619 6
1202 1565 1352 1633 Υἱὸς,
1389 1566 1490 1620 οὐκ
1534 1565 1643 1637 ἄρα
1672 1565 1780 1616 τῶν
1816 1562 1931 1634 μετ’

348 1659 506 1711 αὐτὸν
556 1657 711 1710 ἔσται
744 1657 1046 1728 συγγενὴς,
1082 1656 1222 1711 ἀλλὰ
1262 1657 1343 1727 τῷ
1393 1658 1460 1711 ὲκ
1497 1657 1574 1726 μὴ
1612 1655 1781 1709 ὄντων
1823 1654 1925 1721 ὑφ-

353 1749 576 1802 ιστῶντι
605 1747 1011 1818 δμοοὺσιος.Τὰ
1029 1747 1134 1820 γὰρ
1147 1748 1246 1818 τῆς
1275 1749 1448 1819 αὐτῆς
1477 1746 1760 1819 ἐνεργείας
1778 1745 1928 1807 ὄντα,

362 1840 456 1891 καὶ
479 1839 579 1909 τῆς
611 1839 779 1908 αὐτῆς
805 1837 986 1902 οὐσίας
1013 1837 1409 1910 ὡμολόγηνται.

1018 2042 1225 2094 ΔΛΛΟ.

413 2153 476 2204 Et
506 2151 572 2205 τά
598 2153 698 2223 τῆς
738 2154 913 2224 αὐτῆς
955 2154 1243 2225 ἐνεργείας
1285 2151 1716 2223 ἀπαραλλάκτως
1746 2151 1928 2222 ὑπάρ-

339 2258 522 2312 χοντα,
574 2246 675 2298 καὶ
719 2248 823 2317 τῆς
854 2245 1033 2309 αὐτῆς
1057 2244 1252 2306 οὐσίας
1288 2244 1678 2314 ὡμολόγηνται,
1725 2243 1839 2297 ἐστι
1871 2243 1928 2297 δὲ

342 2334 441 2404 τῆς
473 2335 652 2405 αὒτῆς
696 2335 780 2404 τῷ
810 2335 996 2405 Πατρὶ
1043 2333 1324 2404 ἐνεργείας
1367 2335 1396 2386 6
1439 2333 1586 2397 Υἱὸς,
1626 2334 1802 2386 πάντα
1832 2336 1932 2389 ὃσα

350 2429 502 2478 ποιεῖ
527 2427 625 2478 καὶ
659 2426 826 2490 αὐτὸς
859 2425 1062 2497 ὁμοίως
1097 2425 1293 2488 ποιῶν,
1321 2425 1757 2496 ὁμολογουμένως
1787 2425 1931 2481 ἔσται

352 2517 452 2570 καὶ
493 2518 596 2587 τῆς
644 2517 822 2588 αὐτῆς
851 2519 1072 2585 οὐσίας,
1120 2517 1208 2571 διὰ
1253 2517 1313 2570 τὸ
1348 2516 1440 2570 καὶ
1480 2515 1574 2586 τῆς
1602 2516 1768 2587 αὐτῆς
1798 2512 1932 2572 εἶναι

346 2609 662 2679 ἐνεργείας.

1038 2726 1236 2780 AAAO.

415 2837 479 2889 El
511 2837 675 2906 φύσει
702 2836 839 2901 Θεός
870 2839 1018 2890 ἐστιν
1049 2839 1077 2890 6
1101 2835 1308 2908 Πατὴρ,
1337 2836 1453 2890 ἀλλ’
1476 2836 1536 2890 οὗ
1566 2841 1792 2911 μετοχῇ,
1811 2839 1930 2893 ιστι

344 2926 402 2978 δὲ
435 2927 595 2996 φύσει
619 2927 756 2992 Θεὸς
803 2929 899 2981 καὶ
929 2930 958 2981 ό
995 2927 1137 2992 Υἱός.
1175 2929 1344 3001 Εῐπερ
1371 2929 1478 2982 τῶν
1517 2931 1658 2985 κατὰ
1692 2933 1929 3004 μετοχὴν

349 3018 641 3089 ὑπερέχει,
691 3019 792 3090 τῆς
820 3020 992 3092 αὐτῆς
1023 3020 1129 3092 ἄρα
1179 3019 1391 3090 φύσεως
1423 3020 1572 3077 ἐσται
1613 3022 1692 3095 τῷ
1725 3024 1924 3096 Πατρὶ,

351 3107 470 3164 ἀλλ’
497 3110 557 3162 οὒ
586 3113 696 3174 τοῖς
723 3111 868 3165 κατὰ
903 3115 1156 3186 μετοχὴν.

1020 3309 1226 3366 AAAO.

419 3440 482 3495 Ei
515 3441 750 3512 μετοχῇ,
781 3439 897 3493 ἀλλ’
936 3441 997 3494 οὐ
1031 3441 1212 3510 φύσει,
1243 3442 1378 3507 Θεὸς
1415 3445 1443 3498 6
1474 3444 1620 3510 Υἱὸς,
1648 3444 1832 3499 πολλοὶ
1869 3446 1925 3499 δὲ

351 3535 402 3588 οἱ
450 3532 591 3587 κατὰ
645 3532 880 3604 μετοχὴν
931 3532 1080 3598 θεοὶ,
1133 3535 1284 3588 οὐδὲν
1324 3536 1431 3606 ἄρα
1477 3536 1759 3600 πλεονάζει
1817 3537 1926 3590 τῶν

356 3623 560 3677 πολλῶν
589 3623 670 3685 εἰς
699 3622 975 3694 ὑπεροχὴν
1001 3624 1211 3686 οὐσίας.
1243 3625 1304 3677 Εἰ
1336 3625 1390 3678 δὲ
1417 3626 1491 3696 μὴ
1518 3625 1670 3679 ἔσται
1698 3629 1919 3697 μετοχῇ,

353 3715 432 3767 ὃτι
462 3714 568 3766 τῶν
594 3712 733 3765 κατὰ
763 3715 1000 3785 μετοχὴν
1029 3715 1190 3779 αὐτός
1216 3717 1328 3770 ἐστι
1356 3717 1603 3789 ποιητὴς,
1633 3721 1732 3789 τῆς
1754 3718 1926 3787 αὐτῆς

351 3809 462 3879 ἄρα
507 3805 720 3875 φύσεως
771 3803 924 3860 ἔσται
975 3806 1054 3878 τῷ
1113 3808 1308 3880 Πατρὶ,
1355 3807 1470 3862 ἀλλ’
1515 3809 1576 3861 οὐ
1621 3811 1729 3871 τοῖς
1782 3807 1926 3862 κατὰ

357 3899 607 3971 μετοχὴν-

1023 4010 1226 4064 AAAO.

419 4129 484 4182 Εἰ
524 4130 675 4183 πᾶσα
707 4127 864 4182 οὐσία
903 4123 1118 4194 λογικὴ,
1149 4123 1210 4175 οὺ
1259 4121 1406 4194 μόνῳ
1451 4122 1530 4192 τῷ
1563 4122 1760 4190 θέλειν,
1790 4122 1928 4175 ἀλλὰ

350 4221 444 4273 καὶ
472 4219 552 4289 τῷ
585 4220 830 4289 ἐνεργεῖν
858 4216 950 4270 καὶ
993 4215 1220 4285 πάσχειν
1257 4214 1602 4284 δημιουργεῖ,
1639 4213 1774 4282 μόνη
1809 4213 1923 4284 δὲὴ

351 4309 650 4382 ἁγέννητος
685 4309 845 4362 οὺσια
867 4307 945 4377 τῷ
971 4306 1142 4360 θέλειν
1168 4306 1262 4359 καὶ
1297 4305 1371 4376 μὴ
1400 4305 1650 4375 πάσχειν,
1676 4304 1845 4359 θέλων
1870 4306 1926 4359 δὲ

351 4403 443 4457 καὶ
482 4403 558 4474 μὴ
606 4401 833 4471 πάσχων
866 4400 1183 4470 δημιουργεῖ
1210 4399 1239 4450 6
1270 4396 1420 4459 Υἱὸς,
1459 4395 1557 4465 τῆς
1600 4397 1659 4449 ὲν
1704 4395 1922 4468 θελήσει

2032 1155 2174 1211 sidet
2201 1153 2387 1210 omnia
2410 1168 2528 1226 qua:
2551 1153 2730 1210 Patris
2766 1163 2935 1223 sunt;
2972 1154 3336 1212 essentialiter
3363 1171 3494 1227 ergo
3511 1171 3604 1227 ge-

2032 1245 2178 1301 nitus
2205 1253 2310 1300 est.

2695 1356 2927 1413 ALIUD.

2104 1466 2167 1522 Si
2200 1480 2361 1522 nemo
2389 1475 2508 1536 post
2535 1463 2733 1519 Filium
2766 1478 2830 1519 ex
2863 1463 3036 1519 nihilo
3085 1462 3420 1521 substantias
3479 1482 3605 1537 pro-

2035 1558 2206 1624 ducit,
2240 1557 2491 1628 producit
2518 1566 2698 1612 autem
2725 1555 2933 1612 Filius:
2965 1571 3071 1611 non
3106 1557 3271 1626 igitur
3293 1558 3401 1613 erit
3453 1559 3604 1629 ejus-

2035 1649 2159 1704 dem
2187 1649 2407 1719 generis
2443 1664 2565 1704 cum
2591 1649 2657 1704 iis
2691 1648 2784 1718 qui
2817 1657 2937 1718 post
2970 1650 3142 1719 ipsum
3165 1659 3313 1716 sunt,
3372 1651 3466 1706 sed
3525 1653 3603 1707 illi

2037 1740 2129 1808 qui
2165 1754 2230 1795 ex
2259 1740 2429 1795 nihilo
2460 1739 2713 1808 producit
2741 1739 3246 1794 consubstantialis.
3271 1738 3402 1807 Qua:
3456 1743 3602 1798 enim

1959 1810 2005 1872 Β
2030 1830 2270 1899 ejusdem
2293 1831 2519 1886 actionis
2539 1831 2975 1902 operationisque
3006 1840 3151 1899 sunt,
3171 1833 3409 1902 ejusdem
3438 1835 3603 1890 etiam

2032 1932 2156 1978 sunt
2183 1923 2518 1979 substantiae.

2697 2035 2927 2094 ALIUD.

2101 2144 2159 2200 Si
2194 2160 2312 2214 qua:
2340 2146 2580 2216 ejusdem
2599 2161 2822 2216 prorsus
2873 2147 3103 2204 actionis
3157 2149 3604 2220 operationisque

2033 2247 2178 2305 sunt,
2209 2239 2452 2309 ejusdem
2470 2247 2524 2295 et
2554 2240 2872 2294 substantiae
2903 2251 3048 2310 sunt,
3081 2250 3137 2297 et
3169 2242 3340 2298 Filius
3360 2242 3602 2312 ejusdem

2032 2339 2119 2385 est
2135 2345 2255 2384 cum
2285 2329 2444 2384 Patre
2461 2330 2714 2395 actionis,
2750 2333 2929 2386 omnia
2950 2349 3071 2403 qua
3104 2333 3232 2389 facit
3252 2333 3414 2390 Pater
3446 2336 3603 2390 sinti-

2031 2419 2158 2475 liter
2185 2429 2240 2474 et
2269 2421 2381 2490 ipse
2401 2418 2626 2485 faciens,
2645 2421 2748 2476 erit
2773 2432 2919 2478 certe
2949 2425 3109 2478 etiam
3144 2427 3385 2497 ejusdem
3418 2440 3603 2482 essen-

2037 2511 2142 2577 tia,
2173 2511 2292 2567 ideo
2312 2511 2452 2581 quod
2477 2511 2714 2582 ejusdem
2746 2515 2818 2569 sit
2847 2515 3194 2585 operationis.

2709 2713 2935 2770 ALIUD.

2107 2824 2165 2882 Si
2188 2828 2347 2885 Pater
2371 2839 2451 2886 est
2469 2829 2788 2886 naturaliter
2818 2828 2983 2896 Deus,
3006 2846 3109 2886 non
3147 2842 3327 2889 autem
3381 2837 3605 2904 partici—

2035 2920 2271 2988 patione,
2300 2932 2385 2976 est
2409 2936 2537 2977 vero
2561 2921 2722 2975 etiam
2748 2920 2918 2976 Filius
2947 2924 3264 2978 naturaliter
3298 2924 3461 2982 Deus.
3530 2927 3605 2981 At

2036 3011 2080 3064 si
2115 3010 2182 3066 iis
2205 3012 2295 3082 qui
2315 3012 2728 3082 participatione
2759 3012 2830 3065 dii
2859 3013 2988 3066 iiunt
3014 3013 3168 3083 longe
3199 3024 3282 3071 est
3317 3018 3600 3086 superior:

1958 3141 2002 3200 ο
2035 3102 2273 3172 ejusdem
2303 3118 2431 3174 ergo
2457 3113 2666 3158 natura:
2719 3102 2823 3158 erit
2852 3118 2972 3158 cum
3019 3103 3199 3172 Patre,
3258 3121 3364 3162 non
3423 3120 3601 3167 autem

2037 3207 2156 3246 cum
2190 3194 2254 3248 iis
2285 3195 2375 3263 qui
2426 3195 2768 3264 participant.

2713 3308 2943 3366 ALIUD.

2108 3439 2162 3492 Si
2199 3440 2628 3510 participatione,
2659 3458 2764 3498 non
2829 3452 3006 3498 autem
3053 3452 3267 3509 natura,
3312 3446 3422 3517 83
3458 3446 3603 3504 Deus

2035 3539 2115 3585 est
2175 3531 2366 3598 Filius,
2401 3533 2554 3586 multi
2589 3548 2717 3588 vero
2747 3543 2872 3587 sunt
2900 3535 3314 3602 participatione
3339 3538 3433 3601 dii,
3468 3537 3598 3591 nihil

2037 3625 2218 3692 itaque
2239 3625 2497 3694 dignitate
2516 3626 2767 3681 essentize
2795 3625 2916 3678 aliis
2933 3629 3219 3681 antecellit.
3255 3629 3310 3681 Si
3331 3643 3456 3682 vero
3493 3643 3598 3682 non

2035 3714 2446 3782 participatione
2474 3718 2609 3788 (ipse
2630 3717 2772 3772 enim
2806 3726 2886 3771 est
2909 3718 3146 3772 omnium
3171 3718 3260 3787 qui
3277 3720 3601 3787 participant

2034 3807 2549 3879 creator),ejusdem
2582 3809 2746 3879 igitur
2769 3811 2873 3865 erit
2899 3821 3105 3868 natura:
3138 3829 3258 3867 cum
3290 3812 3468 3876 Patre,
3496 3829 3602 3866 non

2034 3912 2154 3952 cum
2185 3899 2252 3954 iis
2285 3903 2375 3972 qui
2399 3900 2746 3973 participant.

2701 4012 2931 4068 ALIUD.

2107 4125 2162 4180 Si
2195 4127 2370 4181 omnis
2397 4126 2631 4180 essentia
2665 4124 2962 4189 rationalis,
2995 4139 3100 4179 non
3148 4119 3424 4181 voluntate
3457 4129 3598 4197 sola,

2035 4218 2126 4272 sed
2157 4218 2367 4286 agendo
2386 4224 2443 4270 et
2471 4214 2724 4285 patiendo
2748 4225 3003 4283 operatur
3038 4232 3052 4269 :
3081 4217 3192 4272 sola
3226 4227 3402 4272 autem
3450 4221 3601 4291 inge-

2034 4310 2145 4363 nita
2180 4310 2414 4366 essentia
2450 4308 2680 4364 valendo
2714 4316 2894 4364 etnon
2921 4309 3170 4380 patiendo
3205 4325 3221 4365 :
3258 4313 3443 4369 volens
3469 4331 3596 4370 vero

2034 4414 2087 4458 et
2117 4419 2219 4459 non
2254 4405 2462 4474 patiens
2503 4413 2761 4474 operatur
2802 4403 3003 4471 Filius;
3037 4406 3155 4474 ejus
3185 4421 3312 4476 ergo
3353 4411 3601 4464 essentia:

355 4495 496 4566 μόνῃ
525 4491 968 4564 δημιουργούσης
1014 4489 1200 4552 οὐσίας
1248 4487 1420 4554 ἔστὶν,
1473 4485 1586 4540 ἀλλ’
1612 4489 1676 4540 οὐ
1699 4488 1799 4558 τῆς
1836 4490 1925 4541 ἔνο

2034 4505 2251 4565 εειηυεε
2282 4497 2557 4552 voluntate
2595 4496 2711 4552 sola
2758 4506 3036 4565 operatur,
3095 4513 3200 4551 non
3253 4513 3347 4568 per
3392 4500 3599 4568 passio.

353 4582 623 4654 εργοὺσης
647 4581 785 4636 κατὰ
813 4580 1010 4644 πάθος.

1023 4693 1226 4747 ΛΛΛΟ.

428 4810 494 4863 Ei
531 4811 636 4864 πᾶν
679 4810 738 4863 τὸ
775 4810 1046 4879 γεννῆσαν
1085 4807 1146 4861 οὐ
1189 4805 1362 4869 νόθον,
1414 4805 1699 4875 ὀμοοὺσιον
1745 4805 1925 4875 ἑαυτῷ

355 4902 671 4972 γεγέννηκε,
703 4903 998 4973 γεγέννηκε
1045 4900 1101 4953 δὲ
1144 4900 1171 4953 6
1199 4898 1330 4962 Θεὸς
1359 4897 1449 4950 τὸν
1477 4899 1756 4968 Μονογενῆ
1777 4937 1790 4959 ,
1826 4898 1926 4951 οὐκ

355 4991 487 5044 ῦντα
514 4991 683 5057 νόθον,
726 4993 1010 5062 όμοοὺσιον
1041 4989 1148 5058 ἄρα
1188 4987 1362 5058 ἑαυτῷ
1388 4987 1735 5057 γεγέννηκεν.
1770 4985 1833 5037 Ei
1870 4985 1926 5036 δὲ

353 5082 518 5147 γεννᾷ
571 5081 693 5152 μὲν,
727 5081 880 5136 νόθον
915 5081 970 5134 δὲ
997 5080 1262 5150 γεννήσας
1295 5080 1356 5133 οὐ
1388 5079 1703 5148 γεγέννηκε.
1733 5078 1928 5147 Χεῖρον

356 5171 466 5243 γὰρ
491 5172 552 5225 τὸ
581 5175 732 5246 παρὰ
765 5173 926 5242 φύσιν
951 5170 1046 5226 τοῦ
1080 5170 1322 5242 αηδὸλως
1351 5169 1732 5238 γεγεννῆσθαι.

1021 5377 1224 5431 AAAO.

422 5491 487 5548 Ει
534 5493 627 5548 τὸν
673 5494 953 5564 Μονογενῆ
1027 5493 1294 5562 γεννήσας
1343 5491 1370 5541 6
1425 5488 1557 5552 Θεὸς
1605 5487 1698 5540 καὶ
1742 5489 1929 5560 Πατὴρ

350 5590 673 5662 κρειττόνως
710 5589 873 5660 ἡμῶν
928 5586 1229 5655 γεγέννηκε
1255 5623 1269 5644 ,
1318 5583 1614 5648 γεννῶντες
1664 5580 1720 5633 δὲ
1767 5581 1930 5650 ἡμεῖς

350 5679 778 5750 προῦπάρχομεν
807 5677 920 5731 τῶν
948 5673 1386 5745 γεγεννημένων,
1414 5675 1546 5739 Θεὸς
1589 5677 1696 5745 ἄρα
1725 5677 1929 5743 γεννῶν

347 5770 406 5822 οὐ
466 5772 836 5842 πρεῦπάρχει.
893 5770 958 5821 Εἰ
1007 5767 1064 5819 δὲ
1117 5766 1380 5829 ὡσαύτως
1423 5769 1552 5839 ἡμῖν
1602 5770 1928 5839 γεγέννηκεν

663 5867 940 5926 PATROL.
988 5864 1103 5923 Gn.
1156 5862 1377 5925 LXXV.

2029 4603 2171 4643 nem.

2689 4691 2919 4756 ALIUD.

2102 4812 2155 4865 Si
2185 4813 2446 4884 quidquid
2474 4816 2660 4885 genuit
2686 4831 2793 4870 non
2833 4815 3100 4885 spurium,
3138 4813 3605 4870 consubstantiale

2030 4901 2134 4954 sibi
2161 4903 2257 4970 ipsi
2290 4907 2493 4972 genuit,
2518 4905 2661 4960 Deus
2683 4914 2862 4959 autem
2891 4906 3074 4974 genuit
3101 4903 3469 4972 Unigenitum,
3494 4918 3601 4958 non

2031 4994 2310 5062 Spurium;
2343 4996 3002 5066 ergo'consubstantialem
3033 4994 3132 5047 sibi
3159 4994 3364 5062 genuit.
3396 4992 3452 5047 Si
3481 4993 3606 5064 qui-

2030 5085 2154 5141 dem
2185 5087 2376 5156 gignit,
2406 5087 2499 5141 sed
2530 5087 2774 5155 spurium
2805 5087 3157 5155 gignensnon
3186 5084 3389 5151 genuit.
3447 5084 3606 5155 Pejus

2031 5179 2175 5234 enim
2208 5189 2288 5234 est
2323 5188 2520 5248 praeter
2549 5185 2798 5230 naturam
2825 5190 2968 5242 esse,
3004 5191 3164 5245 quam
3211 5177 3263 5232 in
3292 5178 3603 5234 universum

2034 5270 2274 5338 gettilum
2307 5283 2410 5323 non
2438 5282 2579 5323 esse.

2702 5381 2930 5438 ALIUD.

2104 5495 2159 5549 Si
2192 5510 2310 5548 cum
2349 5494 2491 5550 Deus
2540 5509 2602 5548 ac
2633 5493 2790 5549 Pater
2827 5494 3172 5564 Unigenitum
3221 5495 3406 5564 genuit
3453 5493 3607 5561 longe

2032 5584 2403 5655 prmslantiore
2436 5585 2593 5640 modo
2637 5600 2797 5654 quam
2826 5600 2924 5639 nos
2947 5585 3164 5655 genuit;
3199 5599 3298 5638 nos
3329 5598 3456 5637 vero
3484 5597 3606 5635 cum

2034 5687 2356 5744 generamus
2407 5674 2616 5740 priores
2667 5688 2824 5741 quam
2870 5676 2959 5742 qui
3007 5690 3074 5730 ex
3114 5675 3268 5730 nobis
3318 5675 3609 5743 gignuntur

2035 5764 2378 5833 exsistimus;
2409 5763 2553 5820 Deus
2574 5778 2701 5836 ergo
2723 5766 2911 5822 Filium
2933 5767 3156 5837 gignens
3185 5767 3330 5834 prior
3355 5767 3470 5833 ipso
3503 5772 3606 5811 non

3223 5861 3257 5919 5
