4056 6264
449 367 552 424 159

1440 354 1498 410 s.
1537 345 1810 405 CYRILLI
1851 301 2321 398 nummorum
2361 342 2683 399 ARClllEP.

3609 346 3640 400 ’1
3653 345 3718 402 ω

453 482 685 540 exstitit.
713 471 770 536 Si
802 485 984 535 autem
1011 475 1155 532 Deus
1189 471 1305 544 pari
1335 469 1546 525 ratione
1573 479 1678 536 qua
1705 477 1827 528 nos,
1865 457 2040 547 gignit

2156 461 2274 534 ροΰκ
2307 463 2373 516 ἂν
2405 462 2516 534 γὰρ
2548 464 2688 516 είποι
2721 480 2804 528 τις
2836 463 3110 536 ήττόνως)
3133 505 3146 530 ,
3179 463 3457 537 γεννῶμεν
3481 466 3526 520 δ’
3552 469 3718 538 ἡμεῖς

453 577 637 646 (nemo
676 572 821 628 enim
858 569 1056 626 dixerit
1089 567 1363 623 deteriore
1389 559 1548 617 modo
1579 556 1729 612 illum
1763 551 2030 624 gignere),

451 683 551 723 nos
595 682 724 722 vero
746 682 813 722 ex
838 672 1021 721 nostra
1079 663 1318 732 ipsorum
1370 653 1673 712 substantia
1723 648 2031 719 gignimus:

452 764 597 817 Deus
626 763 810 830 itaque
873 759 1039 815 etiam
1089 770 1157 810 ex
1198 768 1298 809 sua
1344 750 1514 820 ipsius
1550 745 1787 802 essentia
1827 740 2033 812 genuit.

410 864 414 870 '
451 853 719 922 Quocirca
753 845 1214 908 consubstantiale
1244 842 1294 897 ei
1323 840 1547 897 omnino
1567 837 1616 892 id
1647 835 1792 905 quod
1827 848 1892 889 ex
1919 832 2036 901 ipso

453 946 693 1016 genitum
715 950 818 1010 est,
844 935 1153 995 necessario
1187 930 1534 989 statuendum
1569 938 1671 982 est.

1120 1045 1355 1104 ALIUD.

524 1171 584 1225 Si
607 1168 846 1225 omnium
868 1172 1244 1221 creaturarum
1286 1156 1522 1214 mundus
1551 1150 1878 1210 universalis
1923 1145 2039 1203 vel-

455 1263 534 1319 uti
578 1275 747 1333 genus
785 1266 903 1324 est,
941 1252 1294 1324 particularia
1323 1263 1454 1304 vero
1485 1254 1612 1304 sunt
1653 1243 1868 1315 generis
1909 1255 2037 1311 spe-

459 1356 590 1418 cies,
626 1353 804 1407 factus
862 1357 1042 1404 autem
1098 1353 1180 1400 est
1219 1343 1422 1409 Filius;
1476 1338 1687 1409 species
1739 1334 1906 1406 igitur
1959 1340 2043 1388 est

455 1447 698 1518 generis,
727 1444 838 1499 hoc
874 1449 960 1496 est
995 1437 1205 1494 mundi.
1237 1434 1296 1491 Si
1315 1448 1445 1490 vero
1475 1429 1684 1501 species
1708 1424 1893 1481 mundi
1931 1438 2037 1479 non

457 1538 708 1610 est,quia
766 1536 1024 1591 nimirum
1073 1539 1197 1585 ante
1259 1526 1518 1583 mundum
1576 1518 1806 1582 exstitit,
1867 1528 2042 1586 neque

455 1633 576 1690 ﬁeri
608 1635 786 1703 potest
808 1624 1098 1696 utspecies
1138 1621 1290 1693 prius
1311 1616 1545 1674 exsistat
1571 1626 1734 1684 quam
1768 1620 2041 1680 genus,ex

461 1699 660 1782 mundo
683 1734 906 1794 prorsus
929 1731 1034 1773 non
1059 1712 1320 1781 est.Quod
1350 1710 1398 1766 si
1420 1709 1496 1764 ita
1527 1715 1633 1770 est,
1675 1718 1783 1759 non
1806 1699 2040 1769 mundo,

454 1817 556 1875 sed
575 1811 808 1873 creatori
837 1809 1024 1867 mundi
1057 1799 1544 1864 consubstantialis
1575 1797 1702 1853 erit.

1136 1913 1372 1972 ALIUD.

533 2040 812 2095 Sicorum
849 2046 971 2103 qua:
999 2037 1149 2095 sunt,
1183 2025 1325 2082 aliud
1370 2029 1455 2080 est
1504 2021 1671 2087 Deus,
1697 2014 1840 2072 aliud
1885 2025 2046 2067 mun-

452 2133 582 2196 dus,
615 2124 927 2184 necessario
965 2121 1133 2177 Filius
1177 2126 1272 2172 aut
1313 2114 1514 2171 mundo
1540 2109 1838 2168 secundum
1867 2112 2049 2160 ortum

462 2237 619 2279 suum
673 2218 922 2292 proprius
993 2215 1117 2281 erit,
1170 2218 1264 2266 aut
1311 2209 1421 2264 Deo
1493 2204 1792 2262 secundum
1843 2211 2036 2254 essen-

459 2317 613 2370 tiam.
646 2313 780 2368 Gum
805 2322 935 2364 vero
956 2304 1157 2360 mundo
1187 2301 1440 2373 proprius
1483 2312 1592 2353 non
1647 2295 1740 2358 sit,
1770 2290 1898 2362 quia
1929 2285 2046 2344 ﬁeri

463 2422 568 2461 non
630 2409 810 2476 p0test
869 2408 926 2454 ut
982 2394 1260 2467 proprium
1306 2407 1335 2445 a
1367 2389 1586 2460 proprio
1651 2393 1888 2441 creetur.
1947 2378 2052 2435 erit

464 2475 647 2567 igitur,
683 2491 914 2548 creatori
963 2486 1149 2543 mundi
1191 2483 1302 2539 Deo
1327 2475 1831 2539 censubstantialis.

841 2609 1422 2706 ASSERTIO
1487 2610 1672 2695 XI.

465 2770 624 2842 Quod
657 2761 1126 2842 consubstantialis
1179 2762 1254 2840 sit
1303 2757 1477 2812 Filius
1512 2753 1714 2842 ‘Patri,
1765 2767 1829 2805 ea:
1867 2749 2008 2804 dicto
2031 2789 2045 2804 .

884 2853 902 2886 ι
942 2833 1109 2887 Pater
1143 2831 1320 2901 major
1341 2845 1420 2882 me
1448 2834 1545 2882 est.
1575 2843 1597 2876 ~|

902 2946 1016 3020 84
1049 2944 1285 3016 Objectio
1324 2940 1595 2997 Eunomii.

537 3069 670 3136 Quae
701 3063 913 3128 eadem,
943 3056 1142 3130 inquit;
1169 3054 1473 3112 substantia
1501 3059 1752 3109 constant
1810 3057 1864 3105 et
1910 3047 2055 3118 ejus-

2135 557 2200 608 ἐκ
2231 555 2332 624 τῆς
2361 554 2572 609 ἑαυτῶν
2605 555 2814 621 οὐσίας,
2843 558 2938 610 καὶ
2964 557 3095 620 Θεὸς
3129 558 3238 630 ἄρα
3267 559 3331 610 ἐκ
3373 559 3473 629 τῆς
3516 558 3716 613 ἑαυτοῦ

2135 647 2466 720 γεγέννηκεν
2515 647 2722 712 οὐσίας.
2776 649 2973 721 Διόπερ
3026 650 3310 720 ὁμοούσιον
3356 650 3506 722 αὐτῷ
3546 650 3610 704 τὸ
3660 650 3719 716 ἐξ

2135 737 2300 791 αὐτοῦ
2335 738 2553 802 πάντως
2579 754 2682 792 που
2708 739 2804 792 καὶ
2831 739 3146 808 ἀναγκαίως
3170 739 3414 794 τίθεσθαι
3444 741 3573 811 χρή.

2811 1024 3016 1081 ΑΛΛΟ.

2208 1143 2276 1198 El
2303 1142 2413 1196 τῶν
2442 1141 2688 1213 γενητῶν
2709 1141 2737 1195 ὁ
2769 1140 3003 1195 καθόλου
3025 1140 3232 1211 κόσμος
3259 1138 3450 1213 ὥσπερ
3481 1158 3533 1194 τι
3563 1141 3726 1210 γένος

2142 1236 2283 1302 ἐστὶ,
2310 1235 2404 1289 τοῦ
2432 1234 2489 1289 δὲ
2527 1235 2717 1303 γένους
2745 1233 2806 1287 τὸ
2837 1232 2980 1287 κατὰ
3007 1233 3172 1305 μέρος
3205 1227 3366 1298 εἶδος,
3400 1231 3599 1286 ἔστιδὲ
3632 1248 3728 1301 γε-

2141 1329 2301 1401 νητὸς
2328 1330 2356 1382 ὁ
2391 1327 2551 1393 Υἱὸς,
2592 1323 2730 1391 εἶδος
2769 1327 2881 1397 ἄρα
2921 1326 3042 1381 ἐστὶ
3089 1325 3185 1381 τοῦ
3216 1327 3436 1395 γένους,
3475 1326 3728 1381 τουτέστι

2142 1422 2238 1476 τοῦ
2264 1421 2494 1492 κόσμου.
2527 1420 2594 1475 Ei
2622 1418 2679 1474 δὲ
2707 1419 2783 1491 μὴ
2811 1419 2960 1475 ἐστιν
2987 1414 3129 1484 εἶδος
3160 1418 3254 1473 τοῦ
3278 1419 3508 1488 κόσμου,
3537 1416 3630 1472 διὰ
3665 1416 3728 1470 τὸ

2141 1515 2237 1569 καὶ
2283 1513 2662 1585 προϋπάρχειν
2708 1511 2910 1577 αὑτοῦ,
2957 1512 3037 1585 τῷ
3100 1512 3176 1585 μὴ
3224 1510 3532 1582 ἐνδέχεσθαι
3592 1526 3731 1580 προ·

2145 1603 2414 1678 ὓπάρχειν
2431 1604 2491 1659 τὸ
2515 1600 2656 1668 εἶδος
2673 1602 2768 1657 τοῦ
2791 1603 3004 1673 γένους,
3021 1603 3143 1658 οὐδὲ
3163 1604 3228 1657 ἐκ
3245 1601 3342 1658 τοῦ
3365 1603 3572 1673 κόσμου
3591 1601 3732 1660 ὅλως

2142 1695 2315 1749 ἐστίν.
2364 1694 2430 1748 Ei.
2475 1693 2535 1748 δὲ
2581 1692 2764 1760 τοῦτο,
2807 1694 2904 1750 τοῦ
2954 1693 3309 1765 κοσμοποιοῦ,
3355 1691 3472 1748 ἀλλ’
3516 1691 3582 1746 οῦ
3631 1689 3731 1744 τοῦ

2068 1823 2117 1882 Β
2145 1789 2374 1861 κόσμου,
2409 1787 2470 1852 ἐξ
2495 1787 2747 1860 ἀνάγκης
2769 1787 2920 1842 ἔσται
2946 1787 3254 1858 ὁμοούσιος.

2833 1901 3038 1956 ΑΛΛΟ.

2217 2017 2282 2071 Ei
2309 2016 2418 2071 τῶν
2444 2015 2616 2070 ὅντων
2641 2015 2703 2069 τὸ
2736 2013 2834 2086 μὲν
2872 2013 2989 2066 ἐστὶ
3016 2011 3167 2078 Θεὸς,
3215 2010 3276 2064 τὸ
3308 2010 3367 2064 δὲ
3409 2010 3638 2079 κόσμος,
3672 2009 3735 2073 ἐξ

2150 2110 2397 2181 ἀνάγκης
2423 2111 2452 2163 ὁ
2481 2109 2608 2172 Υἱὸς
2637 2108 2671 2179 ἢ
2713 2107 2920 2176 κόσμου
2950 2104 3083 2167 ίδιός
3128 2104 3244 2157 ἔστι
3279 2102 3422 2156 κατὰ
3448 2101 3548 2172 τὴν
3577 2102 3736 2170 γένε-

2152 2221 2255 2266 σιν,
2288 2203 2321 2275 ἥ
2353 2201 2491 2256 Θεοῦ
2520 2199 2666 2255 κατά
2691 2199 2792 2270 τὴν
2831 2196 3037 2251 οὐσίαν.
3079 2195 3299 2265 Ἐπειδὴ
3329 2195 3386 2247 δὲ
3417 2194 3493 2265 μὴ
3518 2192 3734 2262 κόσμου

2153 2297 2286 2360 ἴδιος
2327 2293 2406 2366 τῷ
2443 2294 2518 2366 μὴ
2562 2291 2876 2362 ἐνδέχεσθαι
2916 2290 2976 2342 τὸ
3005 2289 3135 2342 ίδιον
3173 2287 3279 2341 ὑπὸ
3310 2286 3438 2340 ἰδίου
3463 2287 3734 2356 δημιουρ-

2152 2389 2370 2460 γεῖσθαί
2406 2403 2537 2442 ποτε
2560 2425 2574 2451 ,
2613 2383 2709 2439 τοῦ
2752 2377 3086 2454 κοσμοποιοῦ
3121 2379 3230 2450 ἄρα
3266 2377 3402 2432 Θεοῦ
3448 2376 3736 2448 ὁμοούσιός

2150 2483 2322 2536 ἐστιν.

2649 2563 3018 2688 ΛΟΓΟΣ
3091 2592 3242 2687 IA'.

2155 2764 2284 2818 Ὅτι
2332 2762 2656 2832 ὀμοούσιος
2698 2762 2732 2814 ὁ
2797 2758 2930 2832 Υζός
2963 2754 3298 2832 τῷῇηατρίι,
3322 2748 3731 2832 ..προκειμένου

2324 2823 2514 2902 ῥῆτοῦ
2532 2848 2544 2862 ·
2571 2851 2590 2884 ι
2627 2823 2679 2883 Ὅ
2710 2823 2914 2897 Πατὴρ
2937 2823 3150 2897 μείζων
3164 2825 3283 2894 μού
3309 2823 3500 2877 ἐστιν.
3534 2837 3551 2871 ι

2426 2945 2747 3009 Ἀντίθεσις
2770 2941 2850 3008 ὡς
2875 2941 2943 2995 ἐκ
2970 2937 3088 2993 τῶν
3117 2936 3437 3007 Εὑνομίου.

2225 3060 2311 3114 Τὰ
2337 3059 2439 3132 τὴν
2482 3057 2652 3128 αὐτὴν
2685 3055 2875 3108 οὐσίαν
2916 3053 3171 3123 λαχόντα,
3211 3049 3398 3119 φησὶν,
3429 3045 3646 3116 ὁμοφυῆ
3681 3059 3740 3098 τι

467 3163 590 3216 dem
617 3167 825 3213 natura:
863 3159 1011 3216 sunt,
1048 3164 1156 3204 non
1185 3146 1457 3215 recipiunt
1497 3145 1551 3198 in
1612 3158 1672 3199 se
1736 3139 2054 3196 naturaliter

2156 3156 2285 3210 ὸντα
2329 3153 2430 3206 οὐκ
2476 3150 2659 3221 έχουσι
2706 3146 2828 3201 καθ’
2877 3144 3086 3200 ἑαυτῶν
3126 3140 3374 3213 φυσικῶς
3421 3139 3483 3193 τὸ
3533 3137 3738 3209 μεῖζοη

467 3253 669 3322 magis,
704 3261 886 3316 neque
926 3243 1126 3296 minus.
1192 3237 1379 3307 Neque
1427 3236 1570 3292 enim
1631 3236 1816 3300 homo,
1849 3231 2060 3287 ratione

471 3342 817 3406 substantiae,
885 3337 1056 3406 magis
1111 3335 1274 3390 homo
1332 3342 1417 3387 est
1468 3344 1631 3401 quam
1666 3329 1824 3396 alius,
1871 3337 2060 3382 utnec

468 3450 644 3510 equus
661 3447 820 3504 equo.
848 3428 914 3484 .Si
948 3442 1076 3498 ergo
1103 3425 1280 3481 Filius
1302 3420 1668 3480 dicitPatrem
1708 3435 1769 3475 se
1797 3418 2059 3489 majorem

469 3544 616 3593 esse,
652 3519 1118 3582 consubstantiale
1141 3527 1322 3572 autem
1385 3512 1836 3571 consubstantiali
1886 3509 2062 3578 majus

473 3639 596 3680 esse
619 3636 724 3676 non
755 3626 933 3690 potest
972 3615 1186 3670 ratione
1227 3610 1581 3675 substantias;
1616 3621 1723 3663 non
1751 3613 1840 3662 est
1893 3603 2063 3674 igitur

475 3721 523 3773 ei
545 3709 1056 3772 consubstantialis.

993 3820 1200 3877 Salutio
1229 3815 1562 3890 objectionis.

546 3944 844 4016 Oportebat
879 3954 1011 3996 sane
1048 3938 1182 3993 istos
1199 3932 1404 3991 Christi
1457 3931 1644 3987 hostes
1699 3925 2062 3994 undequaque

477 4039 756 4092 veritatem
793 4029 973 4087 sacris
1025 4024 1275 4092 Litteris,
1310 4021 1564 4078 traditam
1619 4017 1966 4085 investigare,
1997 4026 2058 4066 ea

476 4143 597 4200 qua:
634 4129 702 4182 de
731 4126 894 4181 Patre
917 4131 972 4175 et
1000 4120 1141 4175 Filio
1167 4119 1426 4174 dicuntur
1484 4111 1892 4182 expendentes;
1953 4122 2060 4161 non

479 4229 660 4275 autem
690 4232 787 4288 pro
807 4229 905 4270 sua
937 4212 1162 4268 libidine
1189 4209 1533 4281 syllogismos
1559 4203 1836 4273 effingere,
1891 4209 2062 4268 atque

480 4317 928 4380 argumentorum
961 4317 1133 4357 nexus
1155 4300 1491 4369 excogitare.
1526 4295 1582 4350 Si
1616 4296 1759 4348 enim
1783 4291 2064 4348 oﬂendun-

481 4377 573 4456 tur
603 4398 817 4454 dicente
871 4391 1053 4448 Filio:
1088 4410 1106 4442 ι
1139 4389 1302 4444 Pater
1340 4385 1513 4456 major
1561 4398 1649 4438 me
1671 4390 1756 4436 est
1787 4383 1870 4434 ηε
1906 4397 1924 4430 ι
1981 4377 2060 4444 ju-

482 4501 674 4549 ventur
695 4487 980 4543 audientes
1016 4483 1086 4538 de
1117 4482 1234 4551 ipso
1260 4479 1501 4534 dictum:
1541 4493 1559 4526 ι
1593 4474 1694 4540 Qui
1745 4487 1866 4527 cum
1917 4477 2062 4525 esset

483 4591 538 4642 in
573 4585 743 4639 forma
777 4579 903 4646 Dei,
940 4571 1046 4631 non
1088 4572 1332 4642 rapinam
1377 4567 1674 4623 arbitratus
1713 4573 1798 4618 est
1845 4577 1903 4618 se
1942 4575 2064 4617 esse

481 4678 745 4750 aequalem
774 4674 884 4728 Deo
915 4673 977 4724 η.
1013 4688 1033 4722 δ
1065 4667 1218 4735 Quod
1245 4670 1301 4719 et
1342 4661 1577 4717 Joannes
1619 4656 1959 4728 apertissime
1985 4653 2066 4708 di-

482 4747 565 4829 cit
590 4790 604 4826 :
642 4788 663 4822 ι
696 4768 832 4835 Quia
856 4765 1075 4819 Patrem
1104 4773 1259 4815 suum
1306 4753 1518 4810 dicebat
1563 4753 1754 4816 Deum,
1803 4747 2064 4818 aequalem

483 4866 734 4934 seipsum-
767 4859 973 4914 faciens
999 4855 1108 4910 Deo
1139 4853 1209 4905 ¹⁷.
1245 4868 1265 4903 ι
1296 4849 1353 4904 Si
1390 4862 1539 4917 ergo,
1573 4844 1725 4915 juxta
1753 4852 2063 4898 sanctorum

485 4971 694 5019 vocem,
727 4950 956 5023 aequalis
978 4945 1126 5001 Patri
1161 4952 1265 5007 est,
1299 4953 1532 5012 quonam
1557 4944 1716 5006 pacto
1754 4935 1858 4990 erit
1890 4934 2068 4989 diver-

483 5063 556 5102 sa:
584 5047 653 5100 ab
678 5059 743 5099 eo
769 5037 1129 5098 substantiae?
1171 5035 1427 5091 Dicemus
1447 5029 1593 5085 enim
1639 5028 1719 5082 eis
1755 5026 1916 5082 etiam
1969 5037 2066 5079 nos

479 5137 628 5210 quod
654 5149 774 5204 quae
800 5143 1008 5188 natura:
1060 5127 1370 5200 aequalitate
1414 5123 1555 5178 inter
1606 5135 1665 5176 se
1716 5117 2065 5181 conveniunt,

483 5225 974 5284 consubstantialia
1009 5237 1133 5279 esse
1192 5232 1422 5276 necesse
1475 5217 1567 5283 sit,
1613 5210 2065 5286 quemadmodum

487 5325 649 5378 homo
675 5317 904 5386 homini,
930 5325 984 5371 et
1005 5331 1179 5385 equus
1207 5328 1370 5386 equo.

1161 5427 1320 5484 ALIU
1333 5428 1392 5481 D.

563 5545 622 5598 In
685 5541 1022 5614 incorporeis
1079 5539 1251 5609 majus
1298 5548 1355 5595 et
1402 5538 1582 5592 minus
1627 5548 1736 5589 non
1765 5533 2066 5604 quantitate

491 5637 853 5701 aestimantur,
884 5649 1171 5705 corporum
1202 5636 1345 5689 enim
1396 5632 1450 5687 id
1481 5629 1764 5702 proprium
1797 5635 1904 5694 est,
1970 5625 2065 5680 sed
2105 5677 2108 5680 .

565 5798 606 5828 "
632 5794 789 5850 Joan.
827 5807 937 5862 xw,
978 5794 1068 5850 ‘28.
1125 5795 1193 5881 _"
1224 5792 1455 5859 Philipp.
1491 5807 1552 5857 ll,
1576 5789 1629 5846 6.
1690 5789 1751 5872 _”
1780 5787 1935 5843 Joan.
1966 5800 2022 5846 ν.
2056 5783 2143 5839 18.

2160 3247 2274 3302 ἀλλ’
2308 3245 2435 3300 οὒτε
2465 3243 2527 3298 τὸ
2558 3244 2796 3297 ἔλαττον.
2831 3240 2907 3294 Οὐ
2937 3238 3047 3309 γάρ
3087 3235 3291 3308 μείζων
3320 3233 3610 3304 ἄνθρωπος
3649 3231 3742 3284 ἀν·-

2163 3340 2382 3412 θηρώπου
2403 3337 2556 3392 ,κατὰ
2589 3338 2681 3390 τὸν
2715 3336 2814 3404 τῆς
2839 3333 3027 3394 οὐσίας
3060 3329 3235 3398 λόγον,
3281 3328 3400 3381 ἀλλ’
3427 3326 3548 3379 οὐδὲ
3577 3325 3743 3386 ἵππος

2163 3433 2330 3486 ἵππου
2376 3428 2563 3500 τυχόν.
2611 3425 2677 3479 Εἰ
2721 3425 2904 3478 τοίνυν
2964 3419 3160 3474 ἑαυτοῦ
3218 3416 3444 3488 μείζονά
3495 3431 3662 3484 φησιν
3716 3414 3744 3466 6

2161 3523 2290 3586 Υἱὸς
2326 3519 2465 3574 εἶναι
2497 3519 2589 3572 τὸν
2620 3515 2862 3586 Πατέρα,
2893 3509 3180 3581 ὁμοούσιον
3222 3508 3282 3562 δὲ
3329 3506 3617 3579 όμοουσίου
3643 3505 3746 3558 οὐκ

2163 3617 2230 3672 ἂν
2264 3616 2350 3684 εἴη
2381 3611 2563 3685 μεῖζον
2595 3610 2740 3664 κατὰ
2793 3607 2885 3660 τὸν
2925 3605 3026 3675 τῆς
3052 3602 3242 3666 οὐσίας
3285 3601 3464 3672 λόγον,
3495 3598 3597 3653 οὐκ
3635 3597 3747 3669 ἄρα

2157 3705 2446 3779 ὀμοούσιος
2475 3702 2624 3772 αὐτῷ
2662 3703 2830 3754 ἐστιν.

2657 3817 2813 3886 Πρὸς
2845 3814 3024 3869 τοῦτο
3049 3813 3252 3878 λύσις.

2237 3938 2382 3990 Ἔδει
2416 3936 2544 3997 τοὺς
2584 3929 2989 4004 χριστομάχους
3019 3924 3356 3995 πανταχόθεν
3399 3923 3496 3994 τὴν
3538 3923 3596 3974 ὲν
3624 3922 3748 3982 ταῖς

2163 4029 2334 4092 θείαις
2383 4027 2626 4098 Γραφαῗς
2674 4021 2934 4092 ἀλήθειαν
2967 4017 3236 4089 θηρᾶσθαι
3287 4011 3639 4078 σπουδάζειν,
3672 4012 3747 4066 τά

2163 4122 2293 4194 περὶ
2319 4117 2533 4189 Πατρὸς
2551 4116 2646 4170 καὶ
2678 4113 2808 4168 Υἱοῦ
2833 4109 3247 4182 γυμνάζοντας·
3279 4109 3340 4161 οὐ
3370 4107 3505 4177 πρὸς
3534 4104 3634 4169 τὰς
3666 4105 3749 4157 οἱ·

2162 4212 2317 4276 κείας
2352 4209 2548 4283 ἡδονὰς
2578 4208 2791 4270 ἑαυτοῖς
2827 4201 3191 4258 ἀναπλάττειν
3217 4197 3632 4266 συλλογισμοὺς,
3647 4195 3748 4248 καὶ

2165 4305 2374 4368 πλοκὰς
2419 4303 2659 4357 ἐπινοεῖν
2700 4299 2990 4371 νοημάτων
3021 4293 3487 4366 διεστραμμένων.
3527 4291 3589 4342 Εί
3633 4289 3746 4359 γὰρ

2167 4394 2610 4458 σκανδαλίζονται
2639 4391 2890 4461 λέγοντος
2917 4387 3009 4441 τοῦ
3050 4386 3179 4441 Υίοῦ
3201 4403 3216 4417 ·
3261 4405 3280 4438 ι
3323 4385 3383 4436 'U
3413 4381 3604 4451 Πατήρ
3637 4397 3744 4449 μου

2091 4501 2137 4555 ι)
2170 4487 2372 4562 μείζων
2415 4486 2514 4556 μοῦ
2557 4486 2727 4546 ἐστιν,
2767 4502 2787 4535 ι
2827 4479 3242 4550 ὼφελείσθωσαν
3284 4475 3575 4535 ἀκούοντες
3615 4472 3747 4542 περὶ

2167 4579 2334 4634 αὐτοῦ
2357 4595 2370 4609 °
2403 4579 2532 4639 (Ὃς
2563 4578 2622 4629 ὲν
2646 4576 2836 4646 ,μορφῇ
2863 4573 2998 4625 Θεοῦ
3024 4571 3302 4640 ὑπάρχων,
3329 4567 3427 4637 οὐχ
3448 4565 3747 4638 ἁρπαγμὸν

2168 4668 2412 4737 ἡγήσατο
2459 4665 2518 4718 τὸ
2554 4659 2693 4717 εἷναι
2742 4663 2835 4714 ίσα
2878 4660 3018 4732 Θεῷ.
3054 4679 3072 4712 ι
3110 4661 3174 4711 Ὃ
3203 4658 3266 4728 δὴ
3298 4657 3600 4728 τρανότατα
3651 4654 3748 4707 καὶ

2181 4762 2434 4830 Ἰωάννης
2461 4758 2626 4828 φησίν
2648 4773 2662 4787 ο
2701 4756 2855 4808 ("Ott
2881 4752 3103 4821 Πατέρα
3134 4750 3264 4803 ἴδιον
3292 4749 3443 4818 ἔλεγε
3474 4748 3564 4801 τὸν
3587 4745 3743 4809 Θεὸν,

2171 4856 2285 4910 ἴσον
2332 4852 2524 4910 ἑαυτὸν
2574 4849 2744 4904 ποιῶν
2785 4846 2863 4918 τῷ
2891 4845 3028 4916 Θεῷ.
3069 4865 3087 4897 ι
3132 4845 3194 4896 Εἰ
3224 4842 3437 4909 τοίνυν,
3473 4839 3616 4895 κατὰ
3646 4837 3746 4910 τὴν

2170 4948 2278 5002 τῶν
2311 4947 2484 5016 ἁγίων
2514 4943 2728 5014 φωνὴν,
2761 4942 2818 4994 ἐν
2857 4939 3063 5009 ἰσότητι
3092 4935 3188 4990 τοῦ
3223 4935 3436 5006 Πατρός
3463 4935 3599 4996 ἐστι,
3630 4930 3748 4992 πῶς

2171 5041 2322 5094 ἔσται
2364 5039 2502 5109 πρὸς
2532 5035 2694 5090 αὑτὸν
2721 5031 3089 5102 έτεροούσιος;
3134 5027 3399 5096 Ἐροῦμεν
3428 5023 3536 5092 γὰρ
3564 5022 3749 5083 αὐτοῖς

2173 5135 2265 5188 καὶ
2297 5133 2458 5203 ἡμεῖς
2489 5131 2570 5182 ὅτι
2605 5128 2675 5182 τά
2711 5127 2918 5194 ἰσότητι
2948 5124 3085 5194 πρὸς
3111 5117 3316 5188 ἄλληλα
3358 5112 3602 5183 φυσικῶς
3633 5112 3749 5164 κεί-

2177 5241 2314 5295 μενα
2348 5222 2500 5276 ἔσται
2527 5219 2744 5282 πάντως
2788 5217 2883 5271 κα)⁵
2915 5211 3175 5282 ὁμοοὺσια
3195 5226 3208 5238 ·
3244 5206 3432 5276 ῶσπερ
3461 5202 3746 5274 ἄνθρωπος

2172 5313 2465 5386 ἀνθρώπῳ,
2491 5311 2587 5365 καὶ
2615 5311 2779 5370 ἵππος
2807 5307 2979 5376 ἵππῳ.

2841 5412 3047 5470 ΛΛΛΟ.

2257 5539 2382 5591 Ἐπὶ
2411 5536 2518 5590 τῶν
2547 5532 2852 5604 ἀσωμάτων
2903 5527 2964 5582 τὸ
3001 5525 3187 5598 μεῖζον
3219 5523 3314 5578 καὶ
3352 5523 3411 5577 τὸ
3436 5521 3656 5575 ἔλαττον
3684 5516 3745 5570 οὐ

2179 5624 2398 5697 μεγέθει
2446 5623 2714 5696 κρίνεται,
2765 5618 3035 5692 σωμάτων
3073 5615 3180 5687 γὰρ
3218 5614 3348 5668 ίδιον
3393 5609 3582 5676 τοῦτο,
3615 5604 3746 5660 ἀλλὰ
