  <div class='ocr_page' id='page_1' title='image "/cluster/home/n/w/nwhite01/storage/ocr_20150623/75/mdp.39015078384495/078.png"; bbox 0 0 4056 6264; ppageno 0'>
   <div class='ocr_carea' id='block_1_1' title="bbox 293 394 1874 478">
    <p class='ocr_par' dir='ltr' id='par_1_1' title="bbox 293 395 1874 478">
     <span class='ocr_line' id='line_1_1' title="bbox 293 395 1874 478; baseline -0.01 0"><span class='ocrx_word' id='word_1_1' title='bbox 293 411 370 478; x_wconf 80' lang='grc' dir='ltr'><strong>ιιι</strong></span> <span class='ocrx_word' id='word_1_2' title='bbox 1674 395 1874 464; x_wconf 72' lang='lat' dir='ltr'><strong>&quot;rn‘Es</strong></span> 
     </span>
    </p>
   </div>
   <div class='ocr_carea' id='block_1_2' title="bbox 1975 394 2126 478">
    <p class='ocr_par' dir='ltr' id='par_1_2' title="bbox 1975 394 2126 464">
     <span class='ocr_line' id='line_1_2' title="bbox 1975 394 2126 464; baseline -0.007 0"><span class='ocrx_word' id='word_1_3' title='bbox 1975 397 2060 464; x_wconf 71' lang='lat' dir='ltr'><strong>[tu</strong></span> <span class='ocrx_word' id='word_1_4' title='bbox 2071 394 2126 463; x_wconf 83' lang='lat' dir='ltr'><strong>s.</strong></span> 
     </span>
    </p>
   </div>
   <div class='ocr_carea' id='block_1_3' title="bbox 3429 408 3532 475">
    <p class='ocr_par' dir='ltr' id='par_1_3' title="bbox 3429 408 3532 475">
     <span class='ocr_line' id='line_1_3' title="bbox 3429 408 3532 475; baseline 0.029 -3"><span class='ocrx_word' id='word_1_5' title='bbox 3429 408 3532 475; x_wconf 65' lang='grc' dir='ltr'><strong>ιιι</strong></span> 
     </span>
    </p>
   </div>
   <div class='ocr_carea' id='block_1_4' title="bbox 293 523 1874 608">
    <p class='ocr_par' dir='ltr' id='par_1_4' title="bbox 293 523 1861 608">
     <span class='ocr_line' id='line_1_4' title="bbox 293 523 1861 608; baseline -0.008 -17"><span class='ocrx_word' id='word_1_6' title='bbox 293 537 462 608; x_wconf 83' lang='grc' dir='ltr'>μόναις</span> <span class='ocrx_word' id='word_1_7' title='bbox 515 534 759 597; x_wconf 76' lang='grc' dir='ltr'>ἐννοίαις</span> <span class='ocrx_word' id='word_1_8' title='bbox 806 523 1176 604; x_wconf 74' lang='grc' dir='ltr'>δοκιμάζεται.</span> <span class='ocrx_word' id='word_1_9' title='bbox 1227 525 1406 582; x_wconf 84' lang='grc' dir='ltr'>Ἔστω</span> <span class='ocrx_word' id='word_1_10' title='bbox 1453 528 1510 582; x_wconf 82' lang='grc' dir='ltr'>δὲ</span> <span class='ocrx_word' id='word_1_11' title='bbox 1555 527 1861 597; x_wconf 80' lang='grc' dir='ltr'><strong>ὑπόδειγμα</strong></span> 
     </span>
    </p>
   </div>
   <div class='ocr_carea' id='block_1_5' title="bbox 1975 523 3529 608">
    <p class='ocr_par' dir='ltr' id='par_1_5' title="bbox 1975 523 3529 598">
     <span class='ocr_line' id='line_1_5' title="bbox 1975 523 3529 598; baseline 0.008 -18"><span class='ocrx_word' id='word_1_12' title='bbox 1975 525 2078 580; x_wconf 81' lang='lat' dir='ltr'><strong>sola</strong></span> <span class='ocrx_word' id='word_1_13' title='bbox 2109 525 2455 594; x_wconf 72' lang='lat' dir='ltr'><strong>cogitatione.</strong></span> <span class='ocrx_word' id='word_1_14' title='bbox 2501 523 2585 581; x_wconf 91' lang='lat' dir='ltr'><strong>Sit</strong></span> <span class='ocrx_word' id='word_1_15' title='bbox 2626 529 2757 581; x_wconf 63' lang='lat' dir='ltr'><strong>&quot;Vero</strong></span> <span class='ocrx_word' id='word_1_16' title='bbox 2817 526 3121 598; x_wconf 77' lang='lat' dir='ltr'><strong>e‘xemp‘lum</strong></span> <span class='ocrx_word' id='word_1_17' title='bbox 3174 531 3444 590; x_wconf 87' lang='lat' dir='ltr'><strong>dictorum</strong></span> <span class='ocrx_word' id='word_1_18' title='bbox 3478 540 3529 592; x_wconf 77' lang='lat' dir='ltr'><strong>id</strong></span> 
     </span>
    </p>
   </div>
   <div class='ocr_carea' id='block_1_6' title="bbox 287 615 1858 696">
    <p class='ocr_par' dir='ltr' id='par_1_6' title="bbox 287 615 1858 696">
     <span class='ocr_line' id='line_1_6' title="bbox 287 615 1858 696; baseline -0.007 -14"><span class='ocrx_word' id='word_1_19' title='bbox 287 628 380 682; x_wconf 86' lang='grc' dir='ltr'>τῶν</span> <span class='ocrx_word' id='word_1_20' title='bbox 424 625 758 696; x_wconf 84' lang='grc' dir='ltr'>λεγομένων</span> <span class='ocrx_word' id='word_1_21' title='bbox 781 624 848 677; x_wconf 83' lang='grc' dir='ltr'>τὸ</span> <span class='ocrx_word' id='word_1_22' title='bbox 875 623 1020 694; x_wconf 81' lang='grc' dir='ltr'>παρὰ</span> <span class='ocrx_word' id='word_1_23' title='bbox 1059 621 1136 692; x_wconf 79' lang='grc' dir='ltr'>τῷ</span> <span class='ocrx_word' id='word_1_24' title='bbox 1167 620 1367 686; x_wconf 83' lang='grc' dir='ltr'>Παὺλῳ</span> <span class='ocrx_word' id='word_1_25' title='bbox 1393 618 1678 688; x_wconf 86' lang='grc' dir='ltr'>κείμενον·</span> <span class='ocrx_word' id='word_1_26' title='bbox 1717 637 1735 670; x_wconf 82' lang='grc' dir='ltr'><strong>ι</strong></span> <span class='ocrx_word' id='word_1_27' title='bbox 1765 615 1858 687; x_wconf 80' lang='grc' dir='ltr'>Τῷ</span> 
     </span>
    </p>
   </div>
   <div class='ocr_carea' id='block_1_7' title="bbox 290 709 1863 790">
    <p class='ocr_par' dir='ltr' id='par_1_7' title="bbox 290 709 1863 790">
     <span class='ocr_line' id='line_1_7' title="bbox 290 709 1863 790; baseline -0.006 -18"><span class='ocrx_word' id='word_1_28' title='bbox 290 721 376 790; x_wconf 80' lang='grc' dir='ltr'>μὲν</span> <span class='ocrx_word' id='word_1_29' title='bbox 399 719 540 789; x_wconf 82' lang='grc' dir='ltr'>γὰρ,</span> <span class='ocrx_word' id='word_1_30' title='bbox 575 718 731 786; x_wconf 66' lang='grc' dir='ltr'>φησι,</span> <span class='ocrx_word' id='word_1_31' title='bbox 756 715 963 769; x_wconf 83' lang='grc' dir='ltr'>δέδοται</span> <span class='ocrx_word' id='word_1_32' title='bbox 993 715 1148 782; x_wconf 82' lang='grc' dir='ltr'>λόγος</span> <span class='ocrx_word' id='word_1_33' title='bbox 1178 713 1370 780; x_wconf 77' lang='grc' dir='ltr'>σοφίας</span> <span class='ocrx_word' id='word_1_34' title='bbox 1397 710 1550 782; x_wconf 80' lang='grc' dir='ltr'>παρὰ</span> <span class='ocrx_word' id='word_1_35' title='bbox 1573 709 1667 764; x_wconf 77' lang='grc' dir='ltr'>τοῦ</span> <span class='ocrx_word' id='word_1_36' title='bbox 1690 710 1863 764; x_wconf 81' lang='grc' dir='ltr'>Πνεύ-</span> 
     </span>
    </p>
   </div>
   <div class='ocr_carea' id='block_1_8' title="bbox 291 799 1861 881">
    <p class='ocr_par' dir='ltr' id='par_1_8' title="bbox 291 799 1861 881">
     <span class='ocr_line' id='line_1_8' title="bbox 291 799 1861 881; baseline -0.007 -17"><span class='ocrx_word' id='word_1_37' title='bbox 291 827 454 881; x_wconf 80' lang='grc' dir='ltr'>ματος</span> <span class='ocrx_word' id='word_1_38' title='bbox 477 826 491 838; x_wconf 88' lang='grc'><strong>·</strong></span> <span class='ocrx_word' id='word_1_39' title='bbox 542 809 689 876; x_wconf 73' lang='grc' dir='ltr'>ἄλλῳ</span> <span class='ocrx_word' id='word_1_40' title='bbox 728 807 784 860; x_wconf 88' lang='grc' dir='ltr'>δὲ</span> <span class='ocrx_word' id='word_1_41' title='bbox 828 805 1146 877; x_wconf 76' lang='grc' dir='ltr'><strong>χαρίσματα</strong></span> <span class='ocrx_word' id='word_1_42' title='bbox 1184 803 1452 873; x_wconf 69' lang='grc' dir='ltr'>ἰαμάτων,</span> <span class='ocrx_word' id='word_1_43' title='bbox 1490 819 1511 853; x_wconf 83' lang='grc'><strong>›</strong></span> <span class='ocrx_word' id='word_1_44' title='bbox 1553 801 1648 855; x_wconf 78' lang='grc' dir='ltr'><strong>καὶ</strong></span> <span class='ocrx_word' id='word_1_45' title='bbox 1687 799 1861 854; x_wconf 76' lang='grc' dir='ltr'>πολλὰ</span> 
     </span>
    </p>
   </div>
   <div class='ocr_carea' id='block_1_9' title="bbox 292 894 1861 970">
    <p class='ocr_par' dir='ltr' id='par_1_9' title="bbox 292 894 1861 970">
     <span class='ocr_line' id='line_1_9' title="bbox 292 894 1861 970; baseline -0.004 -18"><span class='ocrx_word' id='word_1_46' title='bbox 292 900 422 969; x_wconf 79' lang='grc' dir='ltr'>πρὸς</span> <span class='ocrx_word' id='word_1_47' title='bbox 447 899 659 964; x_wconf 75' lang='grc' dir='ltr'><strong>τούτοις</strong></span> <span class='ocrx_word' id='word_1_48' title='bbox 687 899 850 970; x_wconf 73' lang='grc' dir='ltr'>ἔτερα</span> <span class='ocrx_word' id='word_1_49' title='bbox 877 899 1018 960; x_wconf 70' lang='grc' dir='ltr'>θεὶς,</span> <span class='ocrx_word' id='word_1_50' title='bbox 1053 896 1250 964; x_wconf 78' lang='grc' dir='ltr'><strong>ἐπάγει</strong></span> <span class='ocrx_word' id='word_1_51' title='bbox 1269 912 1283 925; x_wconf 73' lang='grc'><strong><em>⁸</em></strong></span> <span class='ocrx_word' id='word_1_52' title='bbox 1321 911 1340 947; x_wconf 79' lang='lat' dir='ltr'><strong>‘r</strong></span> <span class='ocrx_word' id='word_1_53' title='bbox 1375 894 1562 948; x_wconf 80' lang='grc' dir='ltr'>Ταῦτα</span> <span class='ocrx_word' id='word_1_54' title='bbox 1585 894 1642 948; x_wconf 79' lang='grc' dir='ltr'>δὲ</span> <span class='ocrx_word' id='word_1_55' title='bbox 1681 894 1861 948; x_wconf 84' lang='grc' dir='ltr'>πάντα</span> 
     </span>
    </p>
   </div>
   <div class='ocr_carea' id='block_1_10' title="bbox 293 984 1860 1061">
    <p class='ocr_par' dir='ltr' id='par_1_10' title="bbox 293 984 1860 1061">
     <span class='ocr_line' id='line_1_10' title="bbox 293 984 1860 1061; baseline -0.004 -17"><span class='ocrx_word' id='word_1_56' title='bbox 293 993 505 1061; x_wconf 73' lang='grc' dir='ltr'>ἐνεργεῖ</span> <span class='ocrx_word' id='word_1_57' title='bbox 535 992 594 1044; x_wconf 83' lang='grc' dir='ltr'><strong>τὺ</strong></span> <span class='ocrx_word' id='word_1_58' title='bbox 615 991 676 1044; x_wconf 79' lang='grc' dir='ltr'>ἐν</span> <span class='ocrx_word' id='word_1_59' title='bbox 700 991 792 1044; x_wconf 75' lang='grc' dir='ltr'><strong>καὶ</strong></span> <span class='ocrx_word' id='word_1_60' title='bbox 827 990 887 1043; x_wconf 83' lang='grc' dir='ltr'>τὸ</span> <span class='ocrx_word' id='word_1_61' title='bbox 915 989 1052 1042; x_wconf 82' lang='grc' dir='ltr'>αὐτὸ</span> <span class='ocrx_word' id='word_1_62' title='bbox 1085 988 1328 1057; x_wconf 80' lang='grc' dir='ltr'><strong>Πνεῦμα.</strong></span> <span class='ocrx_word' id='word_1_63' title='bbox 1362 1005 1380 1038; x_wconf 78' lang='grc' dir='ltr'><strong>ι</strong></span> <span class='ocrx_word' id='word_1_64' title='bbox 1408 984 1542 1041; x_wconf 81' lang='grc' dir='ltr'>Εἶτα</span> <span class='ocrx_word' id='word_1_65' title='bbox 1565 986 1728 1041; x_wconf 80' lang='grc' dir='ltr'>πάλιν</span> <span class='ocrx_word' id='word_1_66' title='bbox 1753 1001 1860 1055; x_wconf 79' lang='grc' dir='ltr'><strong>φη-</strong></span> 
     </span>
    </p>
   </div>
   <div class='ocr_carea' id='block_1_11' title="bbox 299 1073 1861 1154">
    <p class='ocr_par' dir='ltr' id='par_1_11' title="bbox 299 1073 1861 1154">
     <span class='ocr_line' id='line_1_11' title="bbox 299 1073 1861 1154; baseline -0.003 -20"><span class='ocrx_word' id='word_1_67' title='bbox 299 1083 377 1136; x_wconf 77' lang='grc' dir='ltr'>σὶν</span> <span class='ocrx_word' id='word_1_68' title='bbox 406 1084 488 1136; x_wconf 83' lang='grc' dir='ltr'>ὃτι</span> <span class='ocrx_word' id='word_1_69' title='bbox 516 1083 747 1154; x_wconf 72' lang='grc' dir='ltr'>Ζηλοῦτε</span> <span class='ocrx_word' id='word_1_70' title='bbox 775 1081 846 1135; x_wconf 75' lang='grc' dir='ltr'>τὰ</span> <span class='ocrx_word' id='word_1_71' title='bbox 875 1081 1192 1152; x_wconf 75' lang='grc' dir='ltr'><strong>χαρίσματα</strong></span> <span class='ocrx_word' id='word_1_72' title='bbox 1235 1081 1304 1134; x_wconf 80' lang='grc' dir='ltr'><strong>τὰ</strong></span> <span class='ocrx_word' id='word_1_73' title='bbox 1330 1078 1570 1150; x_wconf 77' lang='grc' dir='ltr'>μείζονα.</span> <span class='ocrx_word' id='word_1_74' title='bbox 1600 1074 1728 1149; x_wconf 73' lang='grc' dir='ltr'><strong>Ἆρ’</strong></span> <span class='ocrx_word' id='word_1_75' title='bbox 1766 1073 1861 1130; x_wconf 82' lang='grc' dir='ltr'>οὖν</span> 
     </span>
    </p>
   </div>
   <div class='ocr_carea' id='block_1_12' title="bbox 299 1169 1860 1246">
    <p class='ocr_par' dir='ltr' id='par_1_12' title="bbox 299 1169 1860 1246">
     <span class='ocr_line' id='line_1_12' title="bbox 299 1169 1860 1246; baseline -0.004 -18"><span class='ocrx_word' id='word_1_76' title='bbox 299 1174 567 1246; x_wconf 71' lang='grc' dir='ltr'><strong>διαφέρειν</strong></span> <span class='ocrx_word' id='word_1_77' title='bbox 598 1176 672 1238; x_wconf 86' lang='grc' dir='ltr'>ὡς</span> <span class='ocrx_word' id='word_1_78' title='bbox 703 1175 844 1246; x_wconf 76' lang='grc' dir='ltr'>πρὸς</span> <span class='ocrx_word' id='word_1_79' title='bbox 875 1174 1041 1226; x_wconf 80' lang='grc' dir='ltr'>ἑαυτὸ</span> <span class='ocrx_word' id='word_1_80' title='bbox 1065 1173 1129 1226; x_wconf 83' lang='grc' dir='ltr'>τὸ</span> <span class='ocrx_word' id='word_1_81' title='bbox 1154 1171 1384 1243; x_wconf 45' lang='grc' dir='ltr'>’Πνεῦμα</span> <span class='ocrx_word' id='word_1_82' title='bbox 1413 1170 1653 1240; x_wconf 77' lang='grc' dir='ltr'>ἐροῦσιν,</span> <span class='ocrx_word' id='word_1_83' title='bbox 1693 1169 1728 1239; x_wconf 80' lang='grc' dir='ltr'>ἢ</span> <span class='ocrx_word' id='word_1_84' title='bbox 1763 1169 1860 1236; x_wconf 76' lang='grc' dir='ltr'>οὐκ</span> 
     </span>
    </p>
   </div>
   <div class='ocr_carea' id='block_1_13' title="bbox 298 1258 1862 1337">
    <p class='ocr_par' dir='ltr' id='par_1_13' title="bbox 298 1258 1862 1337">
     <span class='ocr_line' id='line_1_13' title="bbox 298 1258 1862 1337; baseline -0.004 -18"><span class='ocrx_word' id='word_1_85' title='bbox 298 1266 471 1337; x_wconf 78' lang='grc' dir='ltr'>ὅμοιον</span> <span class='ocrx_word' id='word_1_86' title='bbox 498 1266 673 1337; x_wconf 82' lang='grc' dir='ltr'>ἑαυτῷ</span> <span class='ocrx_word' id='word_1_87' title='bbox 715 1266 860 1319; x_wconf 81' lang='grc' dir='ltr'>κατὰ</span> <span class='ocrx_word' id='word_1_88' title='bbox 888 1266 988 1337; x_wconf 78' lang='grc' dir='ltr'>τὴν</span> <span class='ocrx_word' id='word_1_89' title='bbox 1020 1265 1212 1318; x_wconf 80' lang='grc' dir='ltr'>οὐσίαν</span> <span class='ocrx_word' id='word_1_90' title='bbox 1241 1258 1401 1327; x_wconf 85' lang='grc' dir='ltr'>εἶναι,</span> <span class='ocrx_word' id='word_1_91' title='bbox 1433 1261 1638 1332; x_wconf 65' lang='grc' dir='ltr'>ἐπειδὴ,</span> <span class='ocrx_word' id='word_1_92' title='bbox 1661 1259 1862 1332; x_wconf 81' lang='grc' dir='ltr'>μικρὸν</span> 
     </span>
    </p>
   </div>
   <div class='ocr_carea' id='block_1_14' title="bbox 297 1351 1862 1429">
    <p class='ocr_par' dir='ltr' id='par_1_14' title="bbox 297 1351 1862 1429">
     <span class='ocr_line' id='line_1_14' title="bbox 297 1351 1862 1429; baseline -0.004 -18"><span class='ocrx_word' id='word_1_93' title='bbox 297 1360 386 1428; x_wconf 83' lang='grc' dir='ltr'>μὲν</span> <span class='ocrx_word' id='word_1_94' title='bbox 421 1360 477 1411; x_wconf 81' lang='grc' dir='ltr'>ὲν</span> <span class='ocrx_word' id='word_1_95' title='bbox 516 1362 758 1429; x_wconf 83' lang='grc' dir='ltr'><strong>μικροῖς,</strong></span> <span class='ocrx_word' id='word_1_96' title='bbox 789 1359 977 1429; x_wconf 76' lang='grc' dir='ltr'>μεῖζον</span> <span class='ocrx_word' id='word_1_97' title='bbox 1009 1356 1068 1410; x_wconf 85' lang='grc' dir='ltr'>δὲ</span> <span class='ocrx_word' id='word_1_98' title='bbox 1094 1359 1154 1409; x_wconf 82' lang='grc' dir='ltr'>ἐν</span> <span class='ocrx_word' id='word_1_99' title='bbox 1198 1353 1408 1426; x_wconf 71' lang='grc' dir='ltr'>μείζοσι</span> <span class='ocrx_word' id='word_1_100' title='bbox 1447 1353 1732 1424; x_wconf 77' lang='grc' dir='ltr'>φαίνεται,</span> <span class='ocrx_word' id='word_1_101' title='bbox 1760 1351 1862 1422; x_wconf 81' lang='grc' dir='ltr'>τὴν</span> 
     </span>
    </p>
   </div>
   <div class='ocr_carea' id='block_1_15' title="bbox 295 1444 1860 1522">
    <p class='ocr_par' dir='ltr' id='par_1_15' title="bbox 295 1444 1860 1522">
     <span class='ocr_line' id='line_1_15' title="bbox 295 1444 1860 1522; baseline -0.004 -18"><span class='ocrx_word' id='word_1_102' title='bbox 295 1451 389 1505; x_wconf 85' lang='grc' dir='ltr'>τῶν</span> <span class='ocrx_word' id='word_1_103' title='bbox 411 1451 721 1522; x_wconf 82' lang='grc' dir='ltr'><strong>δεχομένων</strong></span> <span class='ocrx_word' id='word_1_104' title='bbox 753 1451 867 1517; x_wconf 76' lang='grc' dir='ltr'>ἕξιν</span> <span class='ocrx_word' id='word_1_105' title='bbox 901 1449 1182 1520; x_wconf 74' lang='grc' dir='ltr'>πληροῦνς</span> <span class='ocrx_word' id='word_1_106' title='bbox 1217 1447 1357 1500; x_wconf 79' lang='grc' dir='ltr'>Ἀλλ’</span> <span class='ocrx_word' id='word_1_107' title='bbox 1384 1445 1539 1517; x_wconf 80' lang='grc' dir='ltr'>οἶμαι</span> <span class='ocrx_word' id='word_1_108' title='bbox 1571 1445 1646 1516; x_wconf 81' lang='grc' dir='ltr'>μὴ</span> <span class='ocrx_word' id='word_1_109' title='bbox 1668 1444 1860 1498; x_wconf 79' lang='grc' dir='ltr'>τοσοῦ-</span> 
     </span>
    </p>
   </div>
   <div class='ocr_carea' id='block_1_16' title="bbox 298 1533 1862 1610">
    <p class='ocr_par' dir='ltr' id='par_1_16' title="bbox 298 1533 1862 1610">
     <span class='ocr_line' id='line_1_16' title="bbox 298 1533 1862 1610; baseline -0.003 -20"><span class='ocrx_word' id='word_1_110' title='bbox 298 1555 376 1592; x_wconf 88' lang='grc' dir='ltr'><strong>τον</strong></span> <span class='ocrx_word' id='word_1_111' title='bbox 413 1539 517 1603; x_wconf 80' lang='grc' dir='ltr'><strong>ἔξω</strong></span> <span class='ocrx_word' id='word_1_112' title='bbox 561 1539 779 1610; x_wconf 79' lang='grc' dir='ltr'>φρενῶν</span> <span class='ocrx_word' id='word_1_113' title='bbox 821 1537 1078 1606; x_wconf 84' lang='grc' dir='ltr'>γενέσθαι</span> <span class='ocrx_word' id='word_1_114' title='bbox 1125 1535 1297 1600; x_wconf 61' lang='grc' dir='ltr'>τινα,</span> <span class='ocrx_word' id='word_1_115' title='bbox 1328 1535 1404 1600; x_wconf 84' lang='grc' dir='ltr'>ὡς</span> <span class='ocrx_word' id='word_1_116' title='bbox 1448 1535 1717 1606; x_wconf 80' lang='grc' dir='ltr'>τολμῆσαι</span> <span class='ocrx_word' id='word_1_117' title='bbox 1767 1533 1862 1587; x_wconf 65' lang='grc' dir='ltr'><strong>καὶ</strong></span> 
     </span>
    </p>
   </div>
   <div class='ocr_carea' id='block_1_17' title="bbox 298 1625 1860 1700">
    <p class='ocr_par' dir='ltr' id='par_1_17' title="bbox 298 1625 1860 1700">
     <span class='ocr_line' id='line_1_17' title="bbox 298 1625 1860 1700; baseline -0.003 -17"><span class='ocrx_word' id='word_1_118' title='bbox 298 1630 441 1684; x_wconf 77' lang='grc' dir='ltr'>τοῦτο</span> <span class='ocrx_word' id='word_1_119' title='bbox 473 1632 671 1685; x_wconf 84' lang='grc' dir='ltr'>εἰπεῖν.</span> <span class='ocrx_word' id='word_1_120' title='bbox 708 1629 919 1684; x_wconf 72' lang='grc' dir='ltr'>Οὐκοῦν</span> <span class='ocrx_word' id='word_1_121' title='bbox 955 1629 1056 1700; x_wconf 76' lang='grc' dir='ltr'>τῆς</span> <span class='ocrx_word' id='word_1_122' title='bbox 1093 1628 1388 1699; x_wconf 81' lang='grc' dir='ltr'><strong>ἀσωμάτου</strong></span> <span class='ocrx_word' id='word_1_123' title='bbox 1428 1627 1646 1697; x_wconf 82' lang='grc' dir='ltr'>φύσεως</span> <span class='ocrx_word' id='word_1_124' title='bbox 1679 1626 1740 1679; x_wconf 91' lang='grc' dir='ltr'><strong>οὑ</strong></span> <span class='ocrx_word' id='word_1_125' title='bbox 1774 1625 1860 1678; x_wconf 84' lang='grc' dir='ltr'>δε-</span> 
     </span>
    </p>
   </div>
   <div class='ocr_carea' id='block_1_18' title="bbox 301 1717 1861 1792">
    <p class='ocr_par' dir='ltr' id='par_1_18' title="bbox 301 1717 1861 1792">
     <span class='ocr_line' id='line_1_18' title="bbox 301 1717 1861 1792; baseline -0.004 -18"><span class='ocrx_word' id='word_1_126' title='bbox 301 1721 528 1792; x_wconf 78' lang='grc' dir='ltr'>χομένης</span> <span class='ocrx_word' id='word_1_127' title='bbox 557 1723 642 1788; x_wconf 70' lang='grc' dir='ltr'><strong>ἐφ’</strong></span> <span class='ocrx_word' id='word_1_128' title='bbox 669 1721 872 1790; x_wconf 71' lang='grc' dir='ltr'>ἑαυτῆς</span> <span class='ocrx_word' id='word_1_129' title='bbox 886 1721 953 1774; x_wconf 80' lang='grc' dir='ltr'><strong>δι’</strong></span> <span class='ocrx_word' id='word_1_130' title='bbox 981 1719 1177 1790; x_wconf 76' lang='grc' dir='ltr'>ἑαυτὴν</span> <span class='ocrx_word' id='word_1_131' title='bbox 1200 1719 1265 1773; x_wconf 79' lang='grc' dir='ltr'>τὸ</span> <span class='ocrx_word' id='word_1_132' title='bbox 1296 1718 1483 1789; x_wconf 78' lang='grc' dir='ltr'>μεῖζον</span> <span class='ocrx_word' id='word_1_133' title='bbox 1503 1718 1597 1770; x_wconf 77' lang='grc' dir='ltr'><strong>καὶ</strong></span> <span class='ocrx_word' id='word_1_134' title='bbox 1618 1717 1861 1782; x_wconf 73' lang='grc' dir='ltr'>ἔλαττον,</span> 
     </span>
    </p>
   </div>
   <div class='ocr_carea' id='block_1_19' title="bbox 307 1807 1863 1884">
    <p class='ocr_par' dir='ltr' id='par_1_19' title="bbox 307 1807 1863 1884">
     <span class='ocr_line' id='line_1_19' title="bbox 307 1807 1863 1884; baseline -0.004 -18"><span class='ocrx_word' id='word_1_135' title='bbox 307 1813 426 1866; x_wconf 82' lang='grc' dir='ltr'>ὅταν</span> <span class='ocrx_word' id='word_1_136' title='bbox 453 1813 593 1884; x_wconf 73' lang='grc' dir='ltr'>λέγῃ</span> <span class='ocrx_word' id='word_1_137' title='bbox 616 1811 847 1882; x_wconf 83' lang='grc' dir='ltr'>Χριστὸς</span> <span class='ocrx_word' id='word_1_138' title='bbox 873 1811 1062 1866; x_wconf 83' lang='grc' dir='ltr'>ἑαυτοῦ</span> <span class='ocrx_word' id='word_1_139' title='bbox 1085 1813 1174 1865; x_wconf 81' lang='grc' dir='ltr'><strong>τὸν</strong></span> <span class='ocrx_word' id='word_1_140' title='bbox 1201 1811 1424 1881; x_wconf 80' lang='grc' dir='ltr'>Πατέρα</span> <span class='ocrx_word' id='word_1_141' title='bbox 1439 1809 1688 1880; x_wconf 76' lang='grc' dir='ltr'>μείζονα,</span> <span class='ocrx_word' id='word_1_142' title='bbox 1707 1807 1863 1861; x_wconf 73' lang='grc' dir='ltr'>ἔσται</span> 
     </span>
    </p>
   </div>
   <div class='ocr_carea' id='block_1_20' title="bbox 1959 616 3531 693">
    <p class='ocr_par' dir='ltr' id='par_1_20' title="bbox 1959 616 3531 693">
     <span class='ocr_line' id='line_1_20' title="bbox 1959 616 3531 693; baseline 0.012 -27"><span class='ocrx_word' id='word_1_143' title='bbox 1959 618 2102 687; x_wconf 85' lang='lat' dir='ltr'><strong>quod</strong></span> <span class='ocrx_word' id='word_1_144' title='bbox 2141 632 2171 670; x_wconf 88' lang='lat' dir='ltr'><strong>a</strong></span> <span class='ocrx_word' id='word_1_145' title='bbox 2207 616 2375 671; x_wconf 86' lang='lat' dir='ltr'><strong>Paulo</strong></span> <span class='ocrx_word' id='word_1_146' title='bbox 2419 616 2673 672; x_wconf 73' lang='lat' dir='ltr'><strong>affertur:</strong></span> <span class='ocrx_word' id='word_1_147' title='bbox 2714 635 2733 670; x_wconf 81' lang='grc' dir='ltr'><strong>ι</strong></span> <span class='ocrx_word' id='word_1_148' title='bbox 2777 619 2881 672; x_wconf 84' lang='lat' dir='ltr'><strong>Alii</strong></span> <span class='ocrx_word' id='word_1_149' title='bbox 2922 621 3091 685; x_wconf 89' lang='lat' dir='ltr'><strong>enim,</strong></span> <span class='ocrx_word' id='word_1_150' title='bbox 3123 621 3324 693; x_wconf 86' lang='lat' dir='ltr'><strong>inquit.</strong></span> <span class='ocrx_word' id='word_1_151' title='bbox 3371 628 3531 685; x_wconf 79' lang='lat' dir='ltr'><strong>datus</strong></span> 
     </span>
    </p>
   </div>
   <div class='ocr_carea' id='block_1_21' title="bbox 1961 708 3528 784">
    <p class='ocr_par' dir='ltr' id='par_1_21' title="bbox 1961 708 3528 784">
     <span class='ocr_line' id='line_1_21' title="bbox 1961 708 3528 784; baseline 0.006 -18"><span class='ocrx_word' id='word_1_152' title='bbox 1961 719 2046 766; x_wconf 89' lang='lat' dir='ltr'><strong>est</strong></span> <span class='ocrx_word' id='word_1_153' title='bbox 2079 722 2260 764; x_wconf 94' lang='lat' dir='ltr'><strong>sermo</strong></span> <span class='ocrx_word' id='word_1_154' title='bbox 2305 708 2582 777; x_wconf 72' lang='lat' dir='ltr'><strong>sapientiae</strong></span> <span class='ocrx_word' id='word_1_155' title='bbox 2607 724 2637 763; x_wconf 89' lang='lat' dir='ltr'><strong>a</strong></span> <span class='ocrx_word' id='word_1_156' title='bbox 2663 709 2867 779; x_wconf 79' lang='lat' dir='ltr'><strong>Spiritu</strong></span> <span class='ocrx_word' id='word_1_157' title='bbox 2896 727 2911 765; x_wconf 86' lang='lat'><strong>:</strong></span> <span class='ocrx_word' id='word_1_158' title='bbox 2946 711 3038 767; x_wconf 79' lang='lat' dir='ltr'><strong>alii</strong></span> <span class='ocrx_word' id='word_1_159' title='bbox 3069 715 3242 784; x_wconf 80' lang='lat' dir='ltr'><strong>gratia</strong></span> <span class='ocrx_word' id='word_1_160' title='bbox 3289 722 3528 776; x_wconf 58' lang='lat' dir='ltr'><strong>curatio—-</strong></span> 
     </span>
    </p>
   </div>
   <div class='ocr_carea' id='block_1_22' title="bbox 1960 799 3528 876">
    <p class='ocr_par' dir='ltr' id='par_1_22' title="bbox 1960 799 3528 876">
     <span class='ocr_line' id='line_1_22' title="bbox 1960 799 3528 876; baseline 0.006 -20"><span class='ocrx_word' id='word_1_161' title='bbox 1960 815 2108 865; x_wconf 86' lang='lat' dir='ltr'><strong>num,</strong></span> <span class='ocrx_word' id='word_1_162' title='bbox 2136 817 2154 850; x_wconf 74' lang='grc' dir='ltr'><strong>ι</strong></span> <span class='ocrx_word' id='word_1_163' title='bbox 2191 799 2483 871; x_wconf 74' lang='lat' dir='ltr'><strong>multisque</strong></span> <span class='ocrx_word' id='word_1_164' title='bbox 2510 800 2816 870; x_wconf 83' lang='lat' dir='ltr'><strong>bujusmodi</strong></span> <span class='ocrx_word' id='word_1_165' title='bbox 2848 808 3306 876; x_wconf 83' lang='lat' dir='ltr'><strong>commemoratis,</strong></span> <span class='ocrx_word' id='word_1_166' title='bbox 3321 810 3528 868; x_wconf 56' lang='lat' dir='ltr'><strong>infert:</strong></span> 
     </span>
    </p>
   </div>
   <div class='ocr_carea' id='block_1_23' title="bbox 1960 889 3526 970">
    <p class='ocr_par' dir='ltr' id='par_1_23' title="bbox 1960 889 3526 970">
     <span class='ocr_line' id='line_1_23' title="bbox 1960 889 3526 970; baseline 0.008 -27"><span class='ocrx_word' id='word_1_167' title='bbox 1960 905 1983 943; x_wconf 72' lang='grc' dir='ltr'><strong>ι</strong></span> <span class='ocrx_word' id='word_1_168' title='bbox 1994 889 2184 944; x_wconf 90' lang='lat' dir='ltr'><strong>Omnia</strong></span> <span class='ocrx_word' id='word_1_169' title='bbox 2203 903 2334 944; x_wconf 84' lang='lat' dir='ltr'><strong>vero</strong></span> <span class='ocrx_word' id='word_1_170' title='bbox 2364 891 2478 946; x_wconf 78' lang='lat' dir='ltr'><strong>lia-c</strong></span> <span class='ocrx_word' id='word_1_171' title='bbox 2501 901 2756 961; x_wconf 83' lang='lat' dir='ltr'><strong>operatur</strong></span> <span class='ocrx_word' id='word_1_172' title='bbox 2775 903 2983 961; x_wconf 67' lang='lat' dir='ltr'><strong>unuset</strong></span> <span class='ocrx_word' id='word_1_173' title='bbox 3003 895 3149 953; x_wconf 86' lang='lat' dir='ltr'><strong>idem</strong></span> <span class='ocrx_word' id='word_1_174' title='bbox 3175 898 3526 970; x_wconf 71' lang='lat' dir='ltr'><strong>Spiritus&quot;.s</strong></span> 
     </span>
    </p>
   </div>
   <div class='ocr_carea' id='block_1_24' title="bbox 1957 980 3532 1060">
    <p class='ocr_par' dir='ltr' id='par_1_24' title="bbox 1957 980 3532 1060">
     <span class='ocr_line' id='line_1_24' title="bbox 1957 980 3532 1060; baseline 0.009 -25"><span class='ocrx_word' id='word_1_175' title='bbox 1957 980 2165 1036; x_wconf 83' lang='lat' dir='ltr'><strong>Deinde</strong></span> <span class='ocrx_word' id='word_1_176' title='bbox 2187 996 2401 1036; x_wconf 79' lang='lat' dir='ltr'><strong>rursum</strong></span> <span class='ocrx_word' id='word_1_177' title='bbox 2431 980 2688 1037; x_wconf 75' lang='lat' dir='ltr'><strong>hortatur</strong></span> <span class='ocrx_word' id='word_1_178' title='bbox 2717 992 2780 1039; x_wconf 85' lang='grc' dir='ltr'><strong>ιιι</strong></span> <span class='ocrx_word' id='word_1_179' title='bbox 2824 985 3057 1054; x_wconf 85' lang='lat' dir='ltr'><strong>majores</strong></span> <span class='ocrx_word' id='word_1_180' title='bbox 3073 991 3274 1060; x_wconf 83' lang='lat' dir='ltr'><strong>gratias</strong></span> <span class='ocrx_word' id='word_1_181' title='bbox 3323 1007 3361 1049; x_wconf 74' lang='grc' dir='ltr'><strong>ι</strong></span> <span class='ocrx_word' id='word_1_182' title='bbox 3416 994 3532 1051; x_wconf 73' lang='lat' dir='ltr'><strong>Dm</strong></span> 
     </span>
    </p>
   </div>
   <div class='ocr_carea' id='block_1_25' title="bbox 1959 1071 3531 1156">
    <p class='ocr_par' dir='ltr' id='par_1_25' title="bbox 1959 1071 3531 1156">
     <span class='ocr_line' id='line_1_25' title="bbox 1959 1071 3531 1156; baseline 0.01 -29"><span class='ocrx_word' id='word_1_183' title='bbox 1959 1081 2228 1142; x_wconf 81' lang='lat' dir='ltr'><strong>petamus.</strong></span> <span class='ocrx_word' id='word_1_184' title='bbox 2267 1071 2349 1126; x_wconf 82' lang='lat' dir='ltr'><strong>An</strong></span> <span class='ocrx_word' id='word_1_185' title='bbox 2437 1073 2601 1142; x_wconf 85' lang='lat' dir='ltr'><strong>igitur</strong></span> <span class='ocrx_word' id='word_1_186' title='bbox 2658 1072 2880 1130; x_wconf 72' lang='lat' dir='ltr'><strong>differre</strong></span> <span class='ocrx_word' id='word_1_187' title='bbox 2924 1074 3190 1147; x_wconf 75' lang='lat' dir='ltr'><strong>Spiritum</strong></span> <span class='ocrx_word' id='word_1_188' title='bbox 3245 1081 3302 1139; x_wconf 79' lang='lat' dir='ltr'><strong>in</strong></span> <span class='ocrx_word' id='word_1_189' title='bbox 3356 1087 3531 1156; x_wconf 74' lang='lat' dir='ltr'><strong>seipan</strong></span> 
     </span>
    </p>
   </div>
   <div class='ocr_carea' id='block_1_26' title="bbox 1952 1163 3533 1242">
    <p class='ocr_par' dir='ltr' id='par_1_26' title="bbox 1952 1163 3533 1242">
     <span class='ocr_line' id='line_1_26' title="bbox 1952 1163 3533 1242; baseline 0.006 -24"><span class='ocrx_word' id='word_1_190' title='bbox 1952 1163 2066 1234; x_wconf 65' lang='lat'><strong>85</strong></span> <span class='ocrx_word' id='word_1_191' title='bbox 2097 1163 2297 1227; x_wconf 82' lang='lat' dir='ltr'><strong>dicent,</strong></span> <span class='ocrx_word' id='word_1_192' title='bbox 2325 1171 2418 1218; x_wconf 84' lang='lat' dir='ltr'><strong>aut</strong></span> <span class='ocrx_word' id='word_1_193' title='bbox 2449 1164 2770 1220; x_wconf 68' lang='lat' dir='ltr'><strong>dissimilem</strong></span> <span class='ocrx_word' id='word_1_194' title='bbox 2797 1167 2900 1221; x_wconf 84' lang='lat' dir='ltr'><strong>sibi</strong></span> <span class='ocrx_word' id='word_1_195' title='bbox 2939 1170 2992 1223; x_wconf 86' lang='lat' dir='ltr'><strong>in</strong></span> <span class='ocrx_word' id='word_1_196' title='bbox 3017 1172 3409 1242; x_wconf 83' lang='lat' dir='ltr'><strong>essentlaesse,</strong></span> <span class='ocrx_word' id='word_1_197' title='bbox 3453 1179 3533 1233; x_wconf 80' lang='lat' dir='ltr'><strong>ai-</strong></span> 
     </span>
    </p>
   </div>
   <div class='ocr_carea' id='block_1_27' title="bbox 1954 1254 3530 1340">
    <p class='ocr_par' dir='ltr' id='par_1_27' title="bbox 1954 1254 3530 1340">
     <span class='ocr_line' id='line_1_27' title="bbox 1954 1254 3530 1340; baseline 0.01 -32"><span class='ocrx_word' id='word_1_198' title='bbox 1954 1255 2176 1325; x_wconf 85' lang='lat' dir='ltr'><strong>quidem</strong></span> <span class='ocrx_word' id='word_1_199' title='bbox 2208 1270 2407 1324; x_wconf 82' lang='lat' dir='ltr'><strong>parvus</strong></span> <span class='ocrx_word' id='word_1_200' title='bbox 2436 1254 2491 1309; x_wconf 84' lang='lat' dir='ltr'><strong>in</strong></span> <span class='ocrx_word' id='word_1_201' title='bbox 2512 1256 2719 1324; x_wconf 84' lang='lat' dir='ltr'><strong>parvis,</strong></span> <span class='ocrx_word' id='word_1_202' title='bbox 2746 1257 2919 1325; x_wconf 88' lang='lat' dir='ltr'><strong>major</strong></span> <span class='ocrx_word' id='word_1_203' title='bbox 2952 1262 3004 1315; x_wconf 82' lang='lat' dir='ltr'><strong>in</strong></span> <span class='ocrx_word' id='word_1_204' title='bbox 3031 1261 3328 1330; x_wconf 72' lang='lat' dir='ltr'><strong>majoribus</strong></span> <span class='ocrx_word' id='word_1_205' title='bbox 3358 1283 3530 1340; x_wconf 74' lang='lat' dir='ltr'><strong>appa-</strong></span> 
     </span>
    </p>
   </div>
   <div class='ocr_carea' id='block_1_28' title="bbox 1959 1347 3529 1427">
    <p class='ocr_par' dir='ltr' id='par_1_28' title="bbox 1959 1347 3529 1427">
     <span class='ocr_line' id='line_1_28' title="bbox 1959 1347 3529 1427; baseline 0.009 -25"><span class='ocrx_word' id='word_1_206' title='bbox 1959 1357 2067 1413; x_wconf 88' lang='lat' dir='ltr'><strong>ret,</strong></span> <span class='ocrx_word' id='word_1_207' title='bbox 2091 1348 2499 1417; x_wconf 85' lang='lat' dir='ltr'><strong>suscipientium</strong></span> <span class='ocrx_word' id='word_1_208' title='bbox 2523 1347 2766 1404; x_wconf 84' lang='lat' dir='ltr'><strong>habitum</strong></span> <span class='ocrx_word' id='word_1_209' title='bbox 2787 1347 3051 1422; x_wconf 77' lang='lat' dir='ltr'><strong>intplens?</strong></span> <span class='ocrx_word' id='word_1_210' title='bbox 3073 1355 3236 1427; x_wconf 84' lang='lat' dir='ltr'><strong>Atqui</strong></span> <span class='ocrx_word' id='word_1_211' title='bbox 3256 1360 3529 1418; x_wconf 77' lang='lat' dir='ltr'><strong>neminem</strong></span> 
     </span>
    </p>
   </div>
   <div class='ocr_carea' id='block_1_29' title="bbox 1959 1440 3525 1509">
    <p class='ocr_par' dir='ltr' id='par_1_29' title="bbox 1959 1440 3525 1509">
     <span class='ocr_line' id='line_1_29' title="bbox 1959 1440 3525 1509; baseline 0.01 -15"><span class='ocrx_word' id='word_1_212' title='bbox 1959 1440 2036 1494; x_wconf 86' lang='lat' dir='ltr'><strong>ita</strong></span> <span class='ocrx_word' id='word_1_213' title='bbox 2063 1449 2256 1495; x_wconf 82' lang='lat' dir='ltr'><strong>emotae</strong></span> <span class='ocrx_word' id='word_1_214' title='bbox 2286 1441 2480 1496; x_wconf 88' lang='lat' dir='ltr'><strong>mentis</strong></span> <span class='ocrx_word' id='word_1_215' title='bbox 2509 1441 2768 1508; x_wconf 86' lang='lat' dir='ltr'><strong>arbitror,</strong></span> <span class='ocrx_word' id='word_1_216' title='bbox 2814 1452 2871 1498; x_wconf 82' lang='lat' dir='ltr'><strong>at</strong></span> <span class='ocrx_word' id='word_1_217' title='bbox 2934 1446 3037 1501; x_wconf 78' lang='lat' dir='ltr'><strong>lroe</strong></span> <span class='ocrx_word' id='word_1_218' title='bbox 3077 1447 3259 1505; x_wconf 86' lang='lat' dir='ltr'><strong>dicere</strong></span> <span class='ocrx_word' id='word_1_219' title='bbox 3303 1453 3525 1509; x_wconf 79' lang='lat' dir='ltr'><strong>audeat.</strong></span> 
     </span>
    </p>
   </div>
   <div class='ocr_carea' id='block_1_30' title="bbox 1961 1533 3536 1615">
    <p class='ocr_par' dir='ltr' id='par_1_30' title="bbox 1961 1533 3536 1615">
     <span class='ocr_line' id='line_1_30' title="bbox 1961 1533 3536 1615; baseline 0.009 -28"><span class='ocrx_word' id='word_1_220' title='bbox 1961 1533 2095 1588; x_wconf 90' lang='lat' dir='ltr'><strong>Cum</strong></span> <span class='ocrx_word' id='word_1_221' title='bbox 2120 1533 2282 1603; x_wconf 88' lang='lat' dir='ltr'><strong>igitur</strong></span> <span class='ocrx_word' id='word_1_222' title='bbox 2309 1534 2626 1605; x_wconf 87' lang='lat' dir='ltr'><strong>incorporea</strong></span> <span class='ocrx_word' id='word_1_223' title='bbox 2657 1545 2848 1592; x_wconf 77' lang='lat' dir='ltr'><strong>natura</strong></span> <span class='ocrx_word' id='word_1_224' title='bbox 2887 1550 2998 1593; x_wconf 87' lang='lat' dir='ltr'><strong>non</strong></span> <span class='ocrx_word' id='word_1_225' title='bbox 3033 1541 3259 1611; x_wconf 79' lang='lat' dir='ltr'><strong>recipiat</strong></span> <span class='ocrx_word' id='word_1_226' title='bbox 3280 1543 3332 1598; x_wconf 81' lang='lat' dir='ltr'><strong>in</strong></span> <span class='ocrx_word' id='word_1_227' title='bbox 3358 1558 3417 1600; x_wconf 86' lang='lat' dir='ltr'><strong>se</strong></span> <span class='ocrx_word' id='word_1_228' title='bbox 3437 1561 3536 1615; x_wconf 83' lang='lat' dir='ltr'><strong>per</strong></span> 
     </span>
    </p>
   </div>
   <div class='ocr_carea' id='block_1_31' title="bbox 1965 1623 3532 1699">
    <p class='ocr_par' dir='ltr' id='par_1_31' title="bbox 1965 1623 3532 1699">
     <span class='ocr_line' id='line_1_31' title="bbox 1965 1623 3532 1699; baseline 0.011 -22"><span class='ocrx_word' id='word_1_229' title='bbox 1965 1623 2202 1693; x_wconf 84' lang='lat' dir='ltr'><strong>seipsam</strong></span> <span class='ocrx_word' id='word_1_230' title='bbox 2238 1624 2408 1696; x_wconf 77' lang='lat' dir='ltr'><strong>magis</strong></span> <span class='ocrx_word' id='word_1_231' title='bbox 2443 1634 2536 1679; x_wconf 88' lang='lat' dir='ltr'><strong>aut</strong></span> <span class='ocrx_word' id='word_1_232' title='bbox 2569 1627 2766 1694; x_wconf 88' lang='lat' dir='ltr'><strong>minus,</strong></span> <span class='ocrx_word' id='word_1_233' title='bbox 2851 1632 3068 1699; x_wconf 87' lang='lat' dir='ltr'><strong>quando</strong></span> <span class='ocrx_word' id='word_1_234' title='bbox 3107 1633 3357 1691; x_wconf 74' lang='lat' dir='ltr'><strong>Christus</strong></span> <span class='ocrx_word' id='word_1_235' title='bbox 3401 1638 3532 1695; x_wconf 85' lang='lat' dir='ltr'><strong>dicit</strong></span> 
     </span>
    </p>
   </div>
   <div class='ocr_carea' id='block_1_32' title="bbox 1961 1709 3536 1802">
    <p class='ocr_par' dir='ltr' id='par_1_32' title="bbox 1961 1709 3536 1802">
     <span class='ocr_line' id='line_1_32' title="bbox 1961 1709 3536 1802; baseline 0.012 -34"><span class='ocrx_word' id='word_1_236' title='bbox 1961 1709 2179 1770; x_wconf 83' lang='lat' dir='ltr'><strong>Patrem</strong></span> <span class='ocrx_word' id='word_1_237' title='bbox 2214 1717 2548 1786; x_wconf 83' lang='lat' dir='ltr'><strong>semajorem</strong></span> <span class='ocrx_word' id='word_1_238' title='bbox 2579 1732 2718 1786; x_wconf 86' lang='lat' dir='ltr'><strong>esse,</strong></span> <span class='ocrx_word' id='word_1_239' title='bbox 2751 1736 2930 1778; x_wconf 81' lang='lat' dir='ltr'><strong>sermo</strong></span> <span class='ocrx_word' id='word_1_240' title='bbox 2955 1725 3045 1780; x_wconf 84' lang='lat' dir='ltr'><strong>hic</strong></span> <span class='ocrx_word' id='word_1_241' title='bbox 3074 1726 3394 1787; x_wconf 81' lang='lat' dir='ltr'><strong>humanitati</strong></span> <span class='ocrx_word' id='word_1_242' title='bbox 3418 1733 3536 1802; x_wconf 81' lang='lat' dir='ltr'><strong>ejus</strong></span> 
     </span>
    </p>
   </div>
   <div class='ocr_carea' id='block_1_33' title="bbox 1965 1810 3533 1892">
    <p class='ocr_par' dir='ltr' id='par_1_33' title="bbox 1965 1810 3533 1892">
     <span class='ocr_line' id='line_1_33' title="bbox 1965 1810 3533 1892; baseline 0.009 -30"><span class='ocrx_word' id='word_1_243' title='bbox 1965 1810 2240 1873; x_wconf 76' lang='lat' dir='ltr'><strong>convenit,</strong></span> <span class='ocrx_word' id='word_1_244' title='bbox 2271 1825 2378 1864; x_wconf 91' lang='lat' dir='ltr'><strong>non</strong></span> <span class='ocrx_word' id='word_1_245' title='bbox 2411 1824 2540 1867; x_wconf 74' lang='lat' dir='ltr'><strong>vero</strong></span> <span class='ocrx_word' id='word_1_246' title='bbox 2589 1812 2827 1868; x_wconf 77' lang='lat' dir='ltr'><strong>divinam</strong></span> <span class='ocrx_word' id='word_1_247' title='bbox 2859 1830 3014 1872; x_wconf 86' lang='lat' dir='ltr'><strong>suam</strong></span> <span class='ocrx_word' id='word_1_248' title='bbox 3046 1823 3337 1877; x_wconf 73' lang='lat' dir='ltr'><strong>essentiam</strong></span> <span class='ocrx_word' id='word_1_249' title='bbox 3367 1823 3533 1892; x_wconf 65' lang='lat' dir='ltr'><strong>laedit,</strong></span> 
     </span>
    </p>
   </div>
   <div class='ocr_carea' id='block_1_34' title="bbox 316 1896 1874 1974">
    <p class='ocr_par' dir='ltr' id='par_1_34' title="bbox 316 1897 1864 1974">
     <span class='ocr_line' id='line_1_34' title="bbox 316 1897 1864 1974; baseline -0.003 -19"><span class='ocrx_word' id='word_1_250' title='bbox 316 1904 468 1957; x_wconf 74' lang='grc' dir='ltr'>πάλιν</span> <span class='ocrx_word' id='word_1_251' title='bbox 495 1906 557 1974; x_wconf 78' lang='grc' dir='ltr'><strong>τῇ</strong></span> <span class='ocrx_word' id='word_1_252' title='bbox 594 1903 961 1974; x_wconf 77' lang='grc' dir='ltr'>ἀνθρωπότητι</span> <span class='ocrx_word' id='word_1_253' title='bbox 989 1903 1212 1971; x_wconf 82' lang='grc' dir='ltr'>πρέπων</span> <span class='ocrx_word' id='word_1_254' title='bbox 1239 1903 1266 1956; x_wconf 89' lang='grc' dir='ltr'><strong>ό</strong></span> <span class='ocrx_word' id='word_1_255' title='bbox 1291 1901 1473 1970; x_wconf 87' lang='grc' dir='ltr'>λόγος,</span> <span class='ocrx_word' id='word_1_256' title='bbox 1501 1900 1563 1953; x_wconf 90' lang='grc' dir='ltr'><strong>οὐ</strong></span> <span class='ocrx_word' id='word_1_257' title='bbox 1592 1900 1691 1970; x_wconf 83' lang='grc' dir='ltr'>τῆς</span> <span class='ocrx_word' id='word_1_258' title='bbox 1710 1897 1864 1961; x_wconf 82' lang='grc' dir='ltr'>θείας</span> 
     </span>
    </p>
   </div>
   <div class='ocr_carea' id='block_1_35' title="bbox 1975 1896 3186 1974">
    <p class='ocr_par' dir='ltr' id='par_1_35' title="bbox 1975 1898 3186 1968">
     <span class='ocr_line' id='line_1_35' title="bbox 1975 1898 3186 1968; baseline 0.013 -18"><span class='ocrx_word' id='word_1_259' title='bbox 1975 1899 2122 1968; x_wconf 75' lang='lat' dir='ltr'><strong>quasi</strong></span> <span class='ocrx_word' id='word_1_260' title='bbox 2147 1898 2373 1956; x_wconf 79' lang='lat' dir='ltr'><strong>inferior</strong></span> <span class='ocrx_word' id='word_1_261' title='bbox 2397 1915 2461 1956; x_wconf 81' lang='lat' dir='ltr'><strong>at:</strong></span> <span class='ocrx_word' id='word_1_262' title='bbox 2492 1901 2668 1959; x_wconf 86' lang='lat' dir='ltr'><strong>minor</strong></span> <span class='ocrx_word' id='word_1_263' title='bbox 2694 1906 2766 1960; x_wconf 87' lang='lat' dir='ltr'><strong>sit</strong></span> <span class='ocrx_word' id='word_1_264' title='bbox 2798 1920 2896 1963; x_wconf 88' lang='lat' dir='ltr'><strong>suo</strong></span> <span class='ocrx_word' id='word_1_265' title='bbox 2912 1905 3186 1968; x_wconf 84' lang='lat' dir='ltr'><strong>Genitore.</strong></span> 
     </span>
    </p>
   </div>
   <div class='ocr_carea' id='block_1_36' title="bbox 314 1989 1857 2065">
    <p class='ocr_par' dir='ltr' id='par_1_36' title="bbox 314 1989 1857 2065">
     <span class='ocr_line' id='line_1_36' title="bbox 314 1989 1857 2065; baseline -0.003 -18"><span class='ocrx_word' id='word_1_266' title='bbox 314 1995 487 2057; x_wconf 88' lang='grc' dir='ltr'>οὐσίας</span> <span class='ocrx_word' id='word_1_267' title='bbox 516 1994 673 2047; x_wconf 79' lang='grc' dir='ltr'>αὐτοῦ</span> <span class='ocrx_word' id='word_1_268' title='bbox 703 1994 1086 2065; x_wconf 74' lang='grc' dir='ltr'>κατηγόρημα,</span> <span class='ocrx_word' id='word_1_269' title='bbox 1116 1994 1192 2057; x_wconf 82' lang='grc' dir='ltr'><strong>ὡς</strong></span> <span class='ocrx_word' id='word_1_270' title='bbox 1213 1995 1270 2046; x_wconf 81' lang='grc' dir='ltr'><strong>έν</strong></span> <span class='ocrx_word' id='word_1_271' title='bbox 1300 1992 1548 2047; x_wconf 79' lang='grc' dir='ltr'>ἐλάττοσι</span> <span class='ocrx_word' id='word_1_272' title='bbox 1576 1989 1857 2060; x_wconf 67' lang='grc' dir='ltr'>κειμένης»</span> 
     </span>
    </p>
   </div>
   <div class='ocr_carea' id='block_1_37' title="bbox 306 2079 1265 2157">
    <p class='ocr_par' dir='ltr' id='par_1_37' title="bbox 306 2079 1265 2157">
     <span class='ocr_line' id='line_1_37' title="bbox 306 2079 1265 2157; baseline 0.002 -19"><span class='ocrx_word' id='word_1_273' title='bbox 306 2085 333 2156; x_wconf 75' lang='grc' dir='ltr'><em>ἦ</em></span> <span class='ocrx_word' id='word_1_274' title='bbox 363 2087 418 2138; x_wconf 83' lang='grc' dir='ltr'>ἐν</span> <span class='ocrx_word' id='word_1_275' title='bbox 441 2079 518 2148; x_wconf 75' lang='grc' dir='ltr'>οἷς</span> <span class='ocrx_word' id='word_1_276' title='bbox 540 2085 686 2139; x_wconf 89' lang='grc' dir='ltr'>ἐστιν</span> <span class='ocrx_word' id='word_1_277' title='bbox 715 2086 742 2138; x_wconf 88' lang='grc' dir='ltr'><strong>ό</strong></span> <span class='ocrx_word' id='word_1_278' title='bbox 769 2086 1048 2157; x_wconf 79' lang='grc' dir='ltr'>Γεννήσας</span> <span class='ocrx_word' id='word_1_279' title='bbox 1083 2084 1265 2140; x_wconf 79' lang='grc' dir='ltr'>αὐτόν.</span> 
     </span>
    </p>
   </div>
   <div class='ocr_carea' id='block_1_38' title="bbox 515 2206 1633 2286">
    <p class='ocr_par' dir='ltr' id='par_1_38' title="bbox 515 2206 1633 2286">
     <span class='ocr_line' id='line_1_38' title="bbox 515 2206 1633 2286; baseline 0.001 -16"><span class='ocrx_word' id='word_1_280' title='bbox 515 2219 730 2284; x_wconf 76' lang='lat' dir='ltr'><strong>AAAO,</strong></span> <span class='ocrx_word' id='word_1_281' title='bbox 754 2214 1200 2286; x_wconf 68' lang='grc' dir='ltr'>διηγηματικῶς</span> <span class='ocrx_word' id='word_1_282' title='bbox 1228 2217 1312 2282; x_wconf 70' lang='grc' dir='ltr'><strong>εἰς</strong></span> <span class='ocrx_word' id='word_1_283' title='bbox 1341 2206 1405 2270; x_wconf 72' lang='grc' dir='ltr'>τὸ</span> <span class='ocrx_word' id='word_1_284' title='bbox 1425 2215 1633 2286; x_wconf 73' lang='grc' dir='ltr'><strong>ῥητόν.</strong></span> 
     </span>
    </p>
   </div>
   <div class='ocr_carea' id='block_1_39' title="bbox 363 2350 1872 2423">
    <p class='ocr_par' dir='ltr' id='par_1_39' title="bbox 363 2350 1872 2423">
     <span class='ocr_line' id='line_1_39' title="bbox 363 2350 1872 2423; baseline 0 -18"><span class='ocrx_word' id='word_1_285' title='bbox 363 2352 528 2420; x_wconf 74' lang='grc' dir='ltr'>Λέγει</span> <span class='ocrx_word' id='word_1_286' title='bbox 561 2369 669 2405; x_wconf 84' lang='grc' dir='ltr'><strong>που</strong></span> <span class='ocrx_word' id='word_1_287' title='bbox 693 2351 955 2420; x_wconf 69' lang='grc' dir='ltr'>Χριστόςο</span> <span class='ocrx_word' id='word_1_288' title='bbox 989 2368 1010 2400; x_wconf 81' lang='grc' dir='ltr'><strong>ι</strong></span> <span class='ocrx_word' id='word_1_289' title='bbox 1039 2351 1102 2402; x_wconf 80' lang='lat'><strong>&#39;0</strong></span> <span class='ocrx_word' id='word_1_290' title='bbox 1126 2350 1314 2422; x_wconf 83' lang='grc' dir='ltr'>Πατὴρ</span> <span class='ocrx_word' id='word_1_291' title='bbox 1341 2352 1370 2402; x_wconf 80' lang='grc' dir='ltr'>ὁ</span> <span class='ocrx_word' id='word_1_292' title='bbox 1402 2351 1618 2420; x_wconf 72' lang='grc' dir='ltr'>πέμψας</span> <span class='ocrx_word' id='word_1_293' title='bbox 1644 2371 1728 2423; x_wconf 88' lang='grc' dir='ltr'><strong>με,</strong></span> <span class='ocrx_word' id='word_1_294' title='bbox 1758 2354 1872 2422; x_wconf 83' lang='grc' dir='ltr'>μεί-</span> 
     </span>
    </p>
   </div>
   <div class='ocr_carea' id='block_1_40' title="bbox 298 2442 1872 2514">
    <p class='ocr_par' dir='ltr' id='par_1_40' title="bbox 298 2442 1872 2514">
     <span class='ocr_line' id='line_1_40' title="bbox 298 2442 1872 2514; baseline 0.008 -27"><span class='ocrx_word' id='word_1_295' title='bbox 298 2443 410 2510; x_wconf 83' lang='grc' dir='ltr'>ζων</span> <span class='ocrx_word' id='word_1_296' title='bbox 459 2443 564 2513; x_wconf 80' lang='grc' dir='ltr'>μού</span> <span class='ocrx_word' id='word_1_297' title='bbox 609 2443 750 2494; x_wconf 74' lang='grc' dir='ltr'>ἐστι.</span> <span class='ocrx_word' id='word_1_298' title='bbox 787 2461 805 2492; x_wconf 75' lang='grc' dir='ltr'><strong>ι</strong></span> <span class='ocrx_word' id='word_1_299' title='bbox 868 2443 1159 2513; x_wconf 83' lang='grc' dir='ltr'>Μαρτυρεῖ</span> <span class='ocrx_word' id='word_1_300' title='bbox 1185 2442 1239 2494; x_wconf 79' lang='grc' dir='ltr'>δὲ</span> <span class='ocrx_word' id='word_1_301' title='bbox 1271 2442 1431 2495; x_wconf 85' lang='grc' dir='ltr'>πάλιν</span> <span class='ocrx_word' id='word_1_302' title='bbox 1460 2445 1492 2513; x_wconf 76' lang='grc' dir='ltr'>ἡ</span> <span class='ocrx_word' id='word_1_303' title='bbox 1528 2442 1645 2496; x_wconf 85' lang='grc' dir='ltr'>θεία</span> <span class='ocrx_word' id='word_1_304' title='bbox 1689 2444 1727 2496; x_wconf 88' lang='grc' dir='ltr'><strong><em>Γ</em></strong></span> <span class='ocrx_word' id='word_1_305' title='bbox 1729 2445 1872 2514; x_wconf 71' lang='grc' dir='ltr'>ραφὴ</span> 
     </span>
    </p>
   </div>
   <div class='ocr_carea' id='block_1_41' title="bbox 290 2531 1870 2607">
    <p class='ocr_par' dir='ltr' id='par_1_41' title="bbox 290 2531 1870 2607">
     <span class='ocr_line' id='line_1_41' title="bbox 290 2531 1870 2607; baseline -0.001 -18"><span class='ocrx_word' id='word_1_306' title='bbox 290 2537 429 2607; x_wconf 61' lang='grc' dir='ltr'>περὶ</span> <span class='ocrx_word' id='word_1_307' title='bbox 455 2535 626 2587; x_wconf 80' lang='grc' dir='ltr'>αὐτοῦ</span> <span class='ocrx_word' id='word_1_308' title='bbox 654 2534 736 2587; x_wconf 84' lang='grc' dir='ltr'>ὅτι</span> <span class='ocrx_word' id='word_1_309' title='bbox 759 2547 780 2584; x_wconf 76' lang='lat' dir='ltr'><strong>‘r</strong></span> <span class='ocrx_word' id='word_1_310' title='bbox 800 2534 910 2601; x_wconf 85' lang='grc' dir='ltr'>Οὐχ</span> <span class='ocrx_word' id='word_1_311' title='bbox 939 2533 1231 2604; x_wconf 79' lang='grc' dir='ltr'>ἁρπαγμὸν</span> <span class='ocrx_word' id='word_1_312' title='bbox 1253 2534 1496 2603; x_wconf 77' lang='grc' dir='ltr'>ἡγήσατο</span> <span class='ocrx_word' id='word_1_313' title='bbox 1523 2534 1582 2586; x_wconf 90' lang='grc' dir='ltr'>τὸ</span> <span class='ocrx_word' id='word_1_314' title='bbox 1615 2531 1749 2588; x_wconf 73' lang='grc' dir='ltr'>εἶναι</span> <span class='ocrx_word' id='word_1_315' title='bbox 1781 2535 1870 2588; x_wconf 80' lang='grc' dir='ltr'>ἴσα</span> 
     </span>
    </p>
   </div>
   <div class='ocr_carea' id='block_1_42' title="bbox 287 2621 1869 2698">
    <p class='ocr_par' dir='ltr' id='par_1_42' title="bbox 287 2621 1869 2698">
     <span class='ocr_line' id='line_1_42' title="bbox 287 2621 1869 2698; baseline -0.003 -16"><span class='ocrx_word' id='word_1_316' title='bbox 287 2625 431 2698; x_wconf 82' lang='grc' dir='ltr'><strong>Θεῷ.</strong></span> <span class='ocrx_word' id='word_1_317' title='bbox 470 2645 491 2678; x_wconf 73' lang='grc' dir='ltr'><strong>ι</strong></span> <span class='ocrx_word' id='word_1_318' title='bbox 521 2625 658 2688; x_wconf 49' lang='grc' dir='ltr'>’Πῶς</span> <span class='ocrx_word' id='word_1_319' title='bbox 686 2621 782 2678; x_wconf 75' lang='grc' dir='ltr'>οὖν</span> <span class='ocrx_word' id='word_1_320' title='bbox 812 2624 966 2677; x_wconf 77' lang='grc' dir='ltr'>ἔσται</span> <span class='ocrx_word' id='word_1_321' title='bbox 1004 2625 1095 2676; x_wconf 72' lang='grc' dir='ltr'><strong>καὶ</strong></span> <span class='ocrx_word' id='word_1_322' title='bbox 1119 2625 1254 2687; x_wconf 70' lang='grc' dir='ltr'>ἶσος,</span> <span class='ocrx_word' id='word_1_323' title='bbox 1280 2625 1370 2676; x_wconf 84' lang='grc' dir='ltr'><strong>καὶ</strong></span> <span class='ocrx_word' id='word_1_324' title='bbox 1401 2623 1616 2694; x_wconf 73' lang='grc' dir='ltr'>μείζονα</span> <span class='ocrx_word' id='word_1_325' title='bbox 1644 2625 1753 2690; x_wconf 81' lang='grc' dir='ltr'>ἔξει</span> <span class='ocrx_word' id='word_1_326' title='bbox 1777 2626 1869 2678; x_wconf 84' lang='grc' dir='ltr'>τὸν</span> 
     </span>
    </p>
   </div>
   <div class='ocr_carea' id='block_1_43' title="bbox 290 2715 1871 2789">
    <p class='ocr_par' dir='ltr' id='par_1_43' title="bbox 290 2715 1871 2789">
     <span class='ocr_line' id='line_1_43' title="bbox 290 2715 1871 2789; baseline -0.002 -16"><span class='ocrx_word' id='word_1_327' title='bbox 290 2721 533 2789; x_wconf 78' lang='grc' dir='ltr'>Πατέρα,</span> <span class='ocrx_word' id='word_1_328' title='bbox 590 2717 858 2788; x_wconf 83' lang='grc' dir='ltr'>ζητητέον</span> <span class='ocrx_word' id='word_1_329' title='bbox 892 2715 1170 2786; x_wconf 76' lang='grc' dir='ltr'><strong>ἀκριϐῶς·</strong></span> <span class='ocrx_word' id='word_1_330' title='bbox 1203 2716 1419 2770; x_wconf 77' lang='grc' dir='ltr'>ἐναντία</span> <span class='ocrx_word' id='word_1_331' title='bbox 1461 2715 1569 2785; x_wconf 80' lang='grc' dir='ltr'><strong>γὰρ</strong></span> <span class='ocrx_word' id='word_1_332' title='bbox 1617 2716 1871 2789; x_wconf 79' lang='grc' dir='ltr'>ἀλλήλοις</span> 
     </span>
    </p>
   </div>
   <div class='ocr_carea' id='block_1_44' title="bbox 289 2808 1870 2879">
    <p class='ocr_par' dir='ltr' id='par_1_44' title="bbox 289 2808 1870 2879">
     <span class='ocr_line' id='line_1_44' title="bbox 289 2808 1870 2879; baseline -0.001 -14"><span class='ocrx_word' id='word_1_333' title='bbox 289 2813 358 2865; x_wconf 68' lang='grc' dir='ltr'><strong>τὰ</strong></span> <span class='ocrx_word' id='word_1_334' title='bbox 408 2809 642 2865; x_wconf 74' lang='grc' dir='ltr'>τοιαῦτά</span> <span class='ocrx_word' id='word_1_335' title='bbox 689 2812 859 2862; x_wconf 77' lang='grc' dir='ltr'>ἐστιν.</span> <span class='ocrx_word' id='word_1_336' title='bbox 900 2809 1117 2878; x_wconf 75' lang='grc' dir='ltr'>Ἐπειδὴ</span> <span class='ocrx_word' id='word_1_337' title='bbox 1171 2809 1226 2862; x_wconf 82' lang='grc' dir='ltr'>δὲ</span> <span class='ocrx_word' id='word_1_338' title='bbox 1271 2808 1585 2879; x_wconf 80' lang='grc' dir='ltr'>δοκιμάζειν</span> <span class='ocrx_word' id='word_1_339' title='bbox 1625 2811 1870 2875; x_wconf 72' lang='grc' dir='ltr'>εὐσεϐῶς</span> 
     </span>
    </p>
   </div>
   <div class='ocr_carea' id='block_1_45' title="bbox 294 2899 1872 2975">
    <p class='ocr_par' dir='ltr' id='par_1_45' title="bbox 294 2899 1872 2975">
     <span class='ocr_line' id='line_1_45' title="bbox 294 2899 1872 2975; baseline 0.001 -20"><span class='ocrx_word' id='word_1_340' title='bbox 294 2904 585 2975; x_wconf 75' lang='grc' dir='ltr'>πρόκειται</span> <span class='ocrx_word' id='word_1_341' title='bbox 619 2902 687 2954; x_wconf 80' lang='grc' dir='ltr'><strong>τὰ</strong></span> <span class='ocrx_word' id='word_1_342' title='bbox 724 2899 886 2971; x_wconf 79' lang='grc' dir='ltr'>ῥητὰ,</span> <span class='ocrx_word' id='word_1_343' title='bbox 914 2899 1044 2952; x_wconf 70' lang='grc' dir='ltr'>ὀὐτε</span> <span class='ocrx_word' id='word_1_344' title='bbox 1075 2899 1136 2952; x_wconf 84' lang='grc' dir='ltr'>τὸ</span> <span class='ocrx_word' id='word_1_345' title='bbox 1173 2900 1286 2952; x_wconf 74' lang='grc' dir='ltr'>ἴσον</span> <span class='ocrx_word' id='word_1_346' title='bbox 1315 2901 1654 2972; x_wconf 74' lang='grc' dir='ltr'>ἐκϐαλοῦμεν</span> <span class='ocrx_word' id='word_1_347' title='bbox 1684 2902 1776 2956; x_wconf 77' lang='grc' dir='ltr'><strong>διὰ</strong></span> <span class='ocrx_word' id='word_1_348' title='bbox 1809 2901 1872 2956; x_wconf 84' lang='grc' dir='ltr'><strong>τδ</strong></span> 
     </span>
    </p>
   </div>
   <div class='ocr_carea' id='block_1_46' title="bbox 295 2993 1869 3067">
    <p class='ocr_par' dir='ltr' id='par_1_46' title="bbox 295 2993 1869 3067">
     <span class='ocr_line' id='line_1_46' title="bbox 295 2993 1869 3067; baseline -0.001 -18"><span class='ocrx_word' id='word_1_349' title='bbox 295 2996 500 3064; x_wconf 80' lang='grc' dir='ltr'>μεῖζον,</span> <span class='ocrx_word' id='word_1_350' title='bbox 534 2994 660 3048; x_wconf 68' lang='grc' dir='ltr'>οὔτε</span> <span class='ocrx_word' id='word_1_351' title='bbox 697 2995 803 3065; x_wconf 80' lang='grc' dir='ltr'>μὴν</span> <span class='ocrx_word' id='word_1_352' title='bbox 828 2993 890 3046; x_wconf 83' lang='grc' dir='ltr'>τὸ</span> <span class='ocrx_word' id='word_1_353' title='bbox 912 2993 1097 3064; x_wconf 84' lang='grc' dir='ltr'>μεῖζον</span> <span class='ocrx_word' id='word_1_354' title='bbox 1126 2993 1213 3048; x_wconf 61' lang='grc' dir='ltr'><strong>διὰ</strong></span> <span class='ocrx_word' id='word_1_355' title='bbox 1242 2994 1304 3047; x_wconf 81' lang='grc' dir='ltr'><strong>τὸ</strong></span> <span class='ocrx_word' id='word_1_356' title='bbox 1335 2994 1448 3048; x_wconf 76' lang='grc' dir='ltr'>ἴσον</span> <span class='ocrx_word' id='word_1_357' title='bbox 1477 2995 1869 3067; x_wconf 59' lang='grc' dir='ltr'>ἀναιρήσομεν</span> 
     </span>
    </p>
   </div>
   <div class='ocr_carea' id='block_1_47' title="bbox 295 3087 1873 3160">
    <p class='ocr_par' dir='ltr' id='par_1_47' title="bbox 295 3087 1873 3160">
     <span class='ocr_line' id='line_1_47' title="bbox 295 3087 1873 3160; baseline -0.001 -18"><span class='ocrx_word' id='word_1_358' title='bbox 295 3091 564 3160; x_wconf 73' lang='grc' dir='ltr'>κρατήσει</span> <span class='ocrx_word' id='word_1_359' title='bbox 598 3088 641 3140; x_wconf 86' lang='grc' dir='ltr'>δ’</span> <span class='ocrx_word' id='word_1_360' title='bbox 686 3087 971 3158; x_wconf 64' lang='grc' dir='ltr'>ἀμφότερα</span> <span class='ocrx_word' id='word_1_361' title='bbox 1019 3087 1254 3158; x_wconf 84' lang='grc' dir='ltr'>θεωρίας</span> <span class='ocrx_word' id='word_1_362' title='bbox 1283 3088 1523 3152; x_wconf 77' lang='grc' dir='ltr'>εὑσεὸῶς</span> <span class='ocrx_word' id='word_1_363' title='bbox 1555 3087 1873 3158; x_wconf 76' lang='grc' dir='ltr'>εἰσφερομέ-</span> 
     </span>
    </p>
   </div>
   <div class='ocr_carea' id='block_1_48' title="bbox 2209 2191 3282 2274">
    <p class='ocr_par' dir='ltr' id='par_1_48' title="bbox 2209 2191 3282 2274">
     <span class='ocr_line' id='line_1_48' title="bbox 2209 2191 3282 2274; baseline 0.015 -18"><span class='ocrx_word' id='word_1_364' title='bbox 2209 2191 2436 2273; x_wconf 77' lang='lat' dir='ltr'><strong>ALIUD,</strong></span> <span class='ocrx_word' id='word_1_365' title='bbox 2460 2207 2774 2274; x_wconf 69' lang='lat' dir='ltr'><strong>explicatius</strong></span> <span class='ocrx_word' id='word_1_366' title='bbox 2814 2210 2868 2264; x_wconf 81' lang='lat' dir='ltr'><strong>in</strong></span> <span class='ocrx_word' id='word_1_367' title='bbox 2897 2212 3094 2268; x_wconf 76' lang='lat' dir='ltr'><strong>dictum</strong></span> <span class='ocrx_word' id='word_1_368' title='bbox 3129 2215 3282 2272; x_wconf 80' lang='lat' dir='ltr'><strong>illud.</strong></span> 
     </span>
    </p>
   </div>
   <div class='ocr_carea' id='block_1_49' title="bbox 2032 2334 3542 2426">
    <p class='ocr_par' dir='ltr' id='par_1_49' title="bbox 2032 2334 3542 2426">
     <span class='ocr_line' id='line_1_49' title="bbox 2032 2334 3542 2426; baseline 0.011 -31"><span class='ocrx_word' id='word_1_369' title='bbox 2032 2334 2286 2396; x_wconf 77' lang='lat' dir='ltr'><strong>Christus</strong></span> <span class='ocrx_word' id='word_1_370' title='bbox 2320 2341 2514 2397; x_wconf 87' lang='lat' dir='ltr'><strong>alicubi</strong></span> <span class='ocrx_word' id='word_1_371' title='bbox 2561 2345 2636 2400; x_wconf 90' lang='lat' dir='ltr'><strong>ait</strong></span> <span class='ocrx_word' id='word_1_372' title='bbox 2661 2361 2674 2398; x_wconf 90' lang='lat'><strong>:</strong></span> <span class='ocrx_word' id='word_1_373' title='bbox 2719 2364 2739 2398; x_wconf 75' lang='grc' dir='ltr'><strong>ι</strong></span> <span class='ocrx_word' id='word_1_374' title='bbox 2765 2345 2927 2402; x_wconf 88' lang='lat' dir='ltr'><strong>Pater</strong></span> <span class='ocrx_word' id='word_1_375' title='bbox 2954 2350 3044 2418; x_wconf 90' lang='lat' dir='ltr'><strong>qui</strong></span> <span class='ocrx_word' id='word_1_376' title='bbox 3072 2351 3219 2407; x_wconf 90' lang='lat' dir='ltr'><strong>misit</strong></span> <span class='ocrx_word' id='word_1_377' title='bbox 3242 2368 3348 2420; x_wconf 88' lang='lat' dir='ltr'><strong>me,</strong></span> <span class='ocrx_word' id='word_1_378' title='bbox 3372 2356 3542 2426; x_wconf 76' lang='lat' dir='ltr'><strong>major</strong></span> 
     </span>
    </p>
   </div>
   <div class='ocr_carea' id='block_1_50' title="bbox 1969 2432 3538 2507">
    <p class='ocr_par' dir='ltr' id='par_1_50' title="bbox 1969 2432 3538 2507">
     <span class='ocr_line' id='line_1_50' title="bbox 1969 2432 3538 2507; baseline 0.01 -22"><span class='ocrx_word' id='word_1_379' title='bbox 1969 2445 2054 2486; x_wconf 88' lang='lat' dir='ltr'><strong>me</strong></span> <span class='ocrx_word' id='word_1_380' title='bbox 2086 2440 2170 2486; x_wconf 89' lang='lat' dir='ltr'><strong>est</strong></span> <span class='ocrx_word' id='word_1_381' title='bbox 2202 2433 2268 2487; x_wconf 83' lang='lat'><strong>&quot;.</strong></span> <span class='ocrx_word' id='word_1_382' title='bbox 2312 2453 2330 2486; x_wconf 83' lang='grc'>›</span> <span class='ocrx_word' id='word_1_383' title='bbox 2361 2432 2550 2489; x_wconf 85' lang='lat' dir='ltr'><strong>Divina</strong></span> <span class='ocrx_word' id='word_1_384' title='bbox 2577 2435 2738 2490; x_wconf 90' lang='lat' dir='ltr'><strong>etiam</strong></span> <span class='ocrx_word' id='word_1_385' title='bbox 2777 2437 3058 2507; x_wconf 90' lang='lat' dir='ltr'><strong>Scriptura</strong></span> <span class='ocrx_word' id='word_1_386' title='bbox 3093 2439 3199 2498; x_wconf 76' lang='lat' dir='ltr'><strong>hoc</strong></span> <span class='ocrx_word' id='word_1_387' title='bbox 3252 2445 3319 2500; x_wconf 92' lang='lat' dir='ltr'><strong>de</strong></span> <span class='ocrx_word' id='word_1_388' title='bbox 3367 2461 3433 2503; x_wconf 86' lang='lat' dir='ltr'><strong>eo</strong></span> <span class='ocrx_word' id='word_1_389' title='bbox 3458 2458 3538 2501; x_wconf 86' lang='lat' dir='ltr'><strong>te-</strong></span> 
     </span>
    </p>
   </div>
   <div class='ocr_carea' id='block_1_51' title="bbox 1969 2524 3542 2597">
    <p class='ocr_par' dir='ltr' id='par_1_51' title="bbox 1969 2524 3542 2597">
     <span class='ocr_line' id='line_1_51' title="bbox 1969 2524 3542 2597; baseline 0.01 -18"><span class='ocrx_word' id='word_1_390' title='bbox 1969 2533 2166 2590; x_wconf 85' lang='lat' dir='ltr'><strong>statur,</strong></span> <span class='ocrx_word' id='word_1_391' title='bbox 2202 2524 2343 2593; x_wconf 85' lang='lat' dir='ltr'><strong>quod</strong></span> <span class='ocrx_word' id='word_1_392' title='bbox 2380 2542 2399 2575; x_wconf 75' lang='lat' dir='ltr'><strong>t</strong></span> <span class='ocrx_word' id='word_1_393' title='bbox 2437 2524 2553 2579; x_wconf 86' lang='lat' dir='ltr'><strong>Non</strong></span> <span class='ocrx_word' id='word_1_394' title='bbox 2600 2528 2842 2597; x_wconf 90' lang='lat' dir='ltr'><strong>rapinam</strong></span> <span class='ocrx_word' id='word_1_395' title='bbox 2889 2529 3182 2587; x_wconf 83' lang='lat' dir='ltr'><strong>arbitratus</strong></span> <span class='ocrx_word' id='word_1_396' title='bbox 3217 2545 3299 2590; x_wconf 83' lang='lat' dir='ltr'><strong>est</strong></span> <span class='ocrx_word' id='word_1_397' title='bbox 3336 2552 3395 2594; x_wconf 88' lang='lat' dir='ltr'><strong>se</strong></span> <span class='ocrx_word' id='word_1_398' title='bbox 3421 2553 3542 2595; x_wconf 67' lang='lat' dir='ltr'><strong>esse.</strong></span> 
     </span>
    </p>
   </div>
   <div class='ocr_carea' id='block_1_52' title="bbox 1970 2613 3544 2691">
    <p class='ocr_par' dir='ltr' id='par_1_52' title="bbox 1970 2613 3544 2691">
     <span class='ocr_line' id='line_1_52' title="bbox 1970 2613 3544 2691; baseline 0.015 -28"><span class='ocrx_word' id='word_1_399' title='bbox 1970 2613 2231 2682; x_wconf 64' lang='lat' dir='ltr'><strong>aequalem</strong></span> <span class='ocrx_word' id='word_1_400' title='bbox 2265 2613 2375 2669; x_wconf 91' lang='lat' dir='ltr'><strong>Deo</strong></span> <span class='ocrx_word' id='word_1_401' title='bbox 2407 2613 2473 2668; x_wconf 80' lang='lat'><strong>”.</strong></span> <span class='ocrx_word' id='word_1_402' title='bbox 2507 2633 2527 2667; x_wconf 70' lang='grc' dir='ltr'><strong>ι</strong></span> <span class='ocrx_word' id='word_1_403' title='bbox 2555 2615 2802 2682; x_wconf 83' lang='lat' dir='ltr'><strong>Quonam</strong></span> <span class='ocrx_word' id='word_1_404' title='bbox 2837 2619 3000 2690; x_wconf 77' lang='lat' dir='ltr'><strong>igitur</strong></span> <span class='ocrx_word' id='word_1_405' title='bbox 3024 2632 3180 2691; x_wconf 87' lang='lat' dir='ltr'><strong>pacto</strong></span> <span class='ocrx_word' id='word_1_406' title='bbox 3215 2624 3424 2685; x_wconf 71' lang='lat' dir='ltr'><strong>futurus</strong></span> <span class='ocrx_word' id='word_1_407' title='bbox 3473 2633 3544 2686; x_wconf 88' lang='lat' dir='ltr'><strong>sit</strong></span> 
     </span>
    </p>
   </div>
   <div class='ocr_carea' id='block_1_53' title="bbox 1971 2704 3543 2786">
    <p class='ocr_par' dir='ltr' id='par_1_53' title="bbox 1971 2704 3543 2786">
     <span class='ocr_line' id='line_1_53' title="bbox 1971 2704 3543 2786; baseline 0.015 -31"><span class='ocrx_word' id='word_1_408' title='bbox 1971 2704 2214 2772; x_wconf 70' lang='lat' dir='ltr'><strong>aequalis,</strong></span> <span class='ocrx_word' id='word_1_409' title='bbox 2252 2714 2308 2760; x_wconf 88' lang='lat' dir='ltr'><strong>et</strong></span> <span class='ocrx_word' id='word_1_410' title='bbox 2329 2707 2588 2776; x_wconf 86' lang='lat' dir='ltr'><strong>majorem</strong></span> <span class='ocrx_word' id='word_1_411' title='bbox 2617 2725 2678 2764; x_wconf 87' lang='lat' dir='ltr'><strong>se</strong></span> <span class='ocrx_word' id='word_1_412' title='bbox 2710 2709 2996 2770; x_wconf 77' lang='lat' dir='ltr'><strong>habiturus</strong></span> <span class='ocrx_word' id='word_1_413' title='bbox 3021 2713 3257 2786; x_wconf 85' lang='lat' dir='ltr'><strong>Patrem,</strong></span> <span class='ocrx_word' id='word_1_414' title='bbox 3289 2736 3543 2779; x_wconf 85' lang='lat' dir='ltr'><strong>accurate</strong></span> 
     </span>
    </p>
   </div>
   <div class='ocr_carea' id='block_1_54' title="bbox 1973 2795 3545 2874">
    <p class='ocr_par' dir='ltr' id='par_1_54' title="bbox 1973 2795 3545 2874">
     <span class='ocr_line' id='line_1_54' title="bbox 1973 2795 3545 2874; baseline 0.015 -27"><span class='ocrx_word' id='word_1_415' title='bbox 1973 2795 2132 2848; x_wconf 85' lang='lat' dir='ltr'><strong>nobis</strong></span> <span class='ocrx_word' id='word_1_416' title='bbox 2162 2795 2538 2866; x_wconf 88' lang='lat' dir='ltr'><strong>inquirendum</strong></span> <span class='ocrx_word' id='word_1_417' title='bbox 2561 2807 2646 2854; x_wconf 89' lang='lat' dir='ltr'><strong>est</strong></span> <span class='ocrx_word' id='word_1_418' title='bbox 2682 2817 2697 2854; x_wconf 87' lang='lat'><strong>:</strong></span> <span class='ocrx_word' id='word_1_419' title='bbox 2745 2816 2986 2874; x_wconf 82' lang='lat' dir='ltr'><strong>pugnare</strong></span> <span class='ocrx_word' id='word_1_420' title='bbox 3029 2809 3176 2862; x_wconf 85' lang='lat' dir='ltr'><strong>enim</strong></span> <span class='ocrx_word' id='word_1_421' title='bbox 3232 2812 3346 2868; x_wconf 65' lang='lat' dir='ltr'><strong>haec</strong></span> <span class='ocrx_word' id='word_1_422' title='bbox 3401 2814 3545 2872; x_wconf 87' lang='lat' dir='ltr'><strong>inter</strong></span> 
     </span>
    </p>
   </div>
   <div class='ocr_carea' id='block_1_55' title="bbox 1974 2887 3543 2975">
    <p class='ocr_par' dir='ltr' id='par_1_55' title="bbox 1974 2887 3543 2975">
     <span class='ocr_line' id='line_1_55' title="bbox 1974 2887 3543 2975; baseline 0.013 -35"><span class='ocrx_word' id='word_1_423' title='bbox 1974 2901 2034 2940; x_wconf 89' lang='lat' dir='ltr'><strong>se</strong></span> <span class='ocrx_word' id='word_1_424' title='bbox 2070 2887 2337 2944; x_wconf 83' lang='lat' dir='ltr'><strong>videntur.</strong></span> <span class='ocrx_word' id='word_1_425' title='bbox 2358 2889 2489 2944; x_wconf 89' lang='lat' dir='ltr'><strong>Cum</strong></span> <span class='ocrx_word' id='word_1_426' title='bbox 2526 2902 2704 2946; x_wconf 89' lang='lat' dir='ltr'><strong>autem</strong></span> <span class='ocrx_word' id='word_1_427' title='bbox 2733 2895 2888 2950; x_wconf 91' lang='lat' dir='ltr'><strong>nobis</strong></span> <span class='ocrx_word' id='word_1_428' title='bbox 2939 2902 3272 2969; x_wconf 89' lang='lat' dir='ltr'><strong>propositum</strong></span> <span class='ocrx_word' id='word_1_429' title='bbox 3338 2907 3411 2960; x_wconf 87' lang='lat' dir='ltr'><strong>sit</strong></span> <span class='ocrx_word' id='word_1_430' title='bbox 3457 2909 3543 2975; x_wconf 88' lang='lat' dir='ltr'><strong>pie</strong></span> 
     </span>
    </p>
   </div>
   <div class='ocr_carea' id='block_1_56' title="bbox 1977 2980 3545 3064">
    <p class='ocr_par' dir='ltr' id='par_1_56' title="bbox 1977 2980 3545 3064">
     <span class='ocr_line' id='line_1_56' title="bbox 1977 2980 3545 3064; baseline 0.01 -32"><span class='ocrx_word' id='word_1_431' title='bbox 1977 2980 2090 3034; x_wconf 57' lang='lat' dir='ltr'><strong>hac</strong></span> <span class='ocrx_word' id='word_1_432' title='bbox 2112 2980 2250 3034; x_wconf 87' lang='lat' dir='ltr'><strong>dicta</strong></span> <span class='ocrx_word' id='word_1_433' title='bbox 2284 2983 2618 3049; x_wconf 82' lang='lat' dir='ltr'><strong>examinare,</strong></span> <span class='ocrx_word' id='word_1_434' title='bbox 2646 2999 2821 3054; x_wconf 89' lang='lat' dir='ltr'><strong>neque</strong></span> <span class='ocrx_word' id='word_1_435' title='bbox 2843 2988 3152 3056; x_wconf 65' lang='lat' dir='ltr'><strong>aequalitate</strong></span> <span class='ocrx_word' id='word_1_436' title='bbox 3186 3007 3307 3047; x_wconf 88' lang='lat' dir='ltr'><strong>eum</strong></span> <span class='ocrx_word' id='word_1_437' title='bbox 3359 2997 3545 3064; x_wconf 78' lang='lat' dir='ltr'><strong>priva-</strong></span> 
     </span>
    </p>
   </div>
   <div class='ocr_carea' id='block_1_57' title="bbox 1974 3070 3547 3151">
    <p class='ocr_par' dir='ltr' id='par_1_57' title="bbox 1974 3070 3547 3151">
     <span class='ocr_line' id='line_1_57' title="bbox 1974 3070 3547 3151; baseline 0.012 -26"><span class='ocrx_word' id='word_1_438' title='bbox 1974 3070 2174 3136; x_wconf 86' lang='lat' dir='ltr'><strong>bimus,</strong></span> <span class='ocrx_word' id='word_1_439' title='bbox 2203 3084 2267 3125; x_wconf 93' lang='lat' dir='ltr'><strong>eo</strong></span> <span class='ocrx_word' id='word_1_440' title='bbox 2295 3073 2439 3140; x_wconf 90' lang='lat' dir='ltr'><strong>quod</strong></span> <span class='ocrx_word' id='word_1_441' title='bbox 2490 3073 2667 3142; x_wconf 88' lang='lat' dir='ltr'><strong>major</strong></span> <span class='ocrx_word' id='word_1_442' title='bbox 2698 3075 2768 3130; x_wconf 90' lang='lat' dir='ltr'><strong>sit</strong></span> <span class='ocrx_word' id='word_1_443' title='bbox 2790 3075 2984 3144; x_wconf 86' lang='lat' dir='ltr'><strong>Pater;</strong></span> <span class='ocrx_word' id='word_1_444' title='bbox 3021 3095 3193 3151; x_wconf 79' lang='lat' dir='ltr'><strong>neque</strong></span> <span class='ocrx_word' id='word_1_445' title='bbox 3229 3099 3414 3142; x_wconf 87' lang='lat' dir='ltr'><strong>rursus</strong></span> <span class='ocrx_word' id='word_1_446' title='bbox 3439 3105 3547 3144; x_wconf 89' lang='lat' dir='ltr'><strong>ma-</strong></span> 
     </span>
    </p>
   </div>
   <div class='ocr_carea' id='block_1_58' title="bbox 294 3159 1874 3251">
    <p class='ocr_par' dir='ltr' id='par_1_58' title="bbox 294 3159 1874 3251">
     <span class='ocr_line' id='line_1_58' title="bbox 294 3159 1874 3251; baseline -0.001 -17"><span class='ocrx_word' id='word_1_447' title='bbox 294 3159 396 3251; x_wconf 68' lang='lat' dir='ltr'><strong>vrfc;</strong></span> <span class='ocrx_word' id='word_1_448' title='bbox 425 3159 512 3232; x_wconf 79' lang='grc' dir='ltr'><strong>ἐπ’</strong></span> <span class='ocrx_word' id='word_1_449' title='bbox 545 3182 746 3242; x_wconf 76' lang='grc' dir='ltr'>αὐτοῖς.</span> <span class='ocrx_word' id='word_1_450' title='bbox 768 3179 972 3232; x_wconf 75' lang='grc' dir='ltr'>Οὐκοῦν</span> <span class='ocrx_word' id='word_1_451' title='bbox 1005 3178 1154 3249; x_wconf 80' lang='grc' dir='ltr'>ἁπλῆ</span> <span class='ocrx_word' id='word_1_452' title='bbox 1182 3190 1266 3242; x_wconf 86' lang='grc' dir='ltr'><strong>τις</strong></span> <span class='ocrx_word' id='word_1_453' title='bbox 1288 3175 1424 3233; x_wconf 71' lang='grc' dir='ltr'>οὖσα</span> <span class='ocrx_word' id='word_1_454' title='bbox 1455 3181 1550 3233; x_wconf 58' lang='grc' dir='ltr'><strong>δια)⁸</strong></span> <span class='ocrx_word' id='word_1_455' title='bbox 1578 3179 1874 3242; x_wconf 83' lang='grc' dir='ltr'>ἀσύνθετος</span> 
     </span>
    </p>
   </div>
   <div class='ocr_carea' id='block_1_59' title="bbox 1975 3159 3544 3251">
    <p class='ocr_par' dir='ltr' id='par_1_59' title="bbox 1975 3159 3544 3242">
     <span class='ocr_line' id='line_1_59' title="bbox 1975 3159 3544 3242; baseline 0.017 -28"><span class='ocrx_word' id='word_1_456' title='bbox 1975 3159 2141 3227; x_wconf 89' lang='lat' dir='ltr'><strong>jorem</strong></span> <span class='ocrx_word' id='word_1_457' title='bbox 2175 3176 2293 3218; x_wconf 89' lang='lat' dir='ltr'><strong>esse</strong></span> <span class='ocrx_word' id='word_1_458' title='bbox 2316 3161 2532 3220; x_wconf 86' lang='lat' dir='ltr'><strong>Patrem</strong></span> <span class='ocrx_word' id='word_1_459' title='bbox 2574 3167 2889 3236; x_wconf 84' lang='lat' dir='ltr'><strong>negabimus</strong></span> <span class='ocrx_word' id='word_1_460' title='bbox 2909 3170 2978 3226; x_wconf 92' lang='lat' dir='ltr'><strong>ob</strong></span> <span class='ocrx_word' id='word_1_461' title='bbox 3007 3174 3368 3242; x_wconf 83' lang='lat' dir='ltr'><strong>aequalitatem</strong></span> <span class='ocrx_word' id='word_1_462' title='bbox 3399 3178 3544 3240; x_wconf 80' lang='lat' dir='ltr'><strong>Filii.</strong></span> 
     </span>
    </p>
   </div>
   <div class='ocr_carea' id='block_1_60' title="bbox 293 3237 1874 3341">
    <p class='ocr_par' dir='ltr' id='par_1_60' title="bbox 293 3237 1874 3341">
     <span class='ocr_line' id='line_1_60' title="bbox 293 3237 1874 3341; baseline -0.001 -18"><span class='ocrx_word' id='word_1_463' title='bbox 293 3237 474 3340; x_wconf 54' lang='grc' dir='ltr'>η’τῆς</span> <span class='ocrx_word' id='word_1_464' title='bbox 519 3237 771 3339; x_wconf 75' lang='grc' dir='ltr'>θεότητος</span> <span class='ocrx_word' id='word_1_465' title='bbox 817 3269 1012 3339; x_wconf 77' lang='grc' dir='ltr'>φύσις,</span> <span class='ocrx_word' id='word_1_466' title='bbox 1062 3237 1166 3322; x_wconf 49' lang='lat' dir='ltr'><strong>ob);</strong></span> <span class='ocrx_word' id='word_1_467' title='bbox 1202 3237 1268 3324; x_wconf 77' lang='grc' dir='ltr'>ἂν</span> <span class='ocrx_word' id='word_1_468' title='bbox 1317 3270 1528 3341; x_wconf 74' lang='grc' dir='ltr'>ἐτμήθη</span> <span class='ocrx_word' id='word_1_469' title='bbox 1577 3272 1707 3323; x_wconf 74' lang='grc' dir='ltr'>’ποτὲ</span> <span class='ocrx_word' id='word_1_470' title='bbox 1755 3270 1874 3333; x_wconf 76' lang='grc' dir='ltr'>ταῖς</span> 
     </span>
    </p>
   </div>
   <div class='ocr_carea' id='block_1_61' title="bbox 1975 3237 3544 3341">
    <p class='ocr_par' dir='ltr' id='par_1_61' title="bbox 1981 3253 3544 3334">
     <span class='ocr_line' id='line_1_61' title="bbox 1981 3253 3544 3334; baseline 0.013 -25"><span class='ocrx_word' id='word_1_471' title='bbox 1981 3253 2279 3324; x_wconf 90' lang='lat' dir='ltr'><strong>Utrumque</strong></span> <span class='ocrx_word' id='word_1_472' title='bbox 2299 3256 2444 3310; x_wconf 88' lang='lat' dir='ltr'><strong>enim</strong></span> <span class='ocrx_word' id='word_1_473' title='bbox 2477 3257 2652 3312; x_wconf 92' lang='lat' dir='ltr'><strong>locum</strong></span> <span class='ocrx_word' id='word_1_474' title='bbox 2680 3259 3058 3328; x_wconf 85' lang='lat' dir='ltr'><strong>habebit,sica</strong></span> <span class='ocrx_word' id='word_1_475' title='bbox 3084 3267 3168 3334; x_wconf 91' lang='lat' dir='ltr'><strong>pie</strong></span> <span class='ocrx_word' id='word_1_476' title='bbox 3198 3271 3544 3328; x_wconf 82' lang='lat' dir='ltr'><strong>considerare</strong></span> 
     </span>
    </p>
   </div>
   <div class='ocr_carea' id='block_1_62' title="bbox 293 3359 1871 3430">
    <p class='ocr_par' dir='ltr' id='par_1_62' title="bbox 293 3359 1871 3430">
     <span class='ocr_line' id='line_1_62' title="bbox 293 3359 1871 3430; baseline -0.001 -18"><span class='ocrx_word' id='word_1_477' title='bbox 293 3361 568 3423; x_wconf 72' lang='grc' dir='ltr'>ἐπινοίαις</span> <span class='ocrx_word' id='word_1_478' title='bbox 601 3361 681 3422; x_wconf 82' lang='grc' dir='ltr'><strong>εἰς</strong></span> <span class='ocrx_word' id='word_1_479' title='bbox 717 3360 879 3414; x_wconf 76' lang='grc' dir='ltr'>δυάδα</span> <span class='ocrx_word' id='word_1_480' title='bbox 910 3359 1131 3428; x_wconf 85' lang='grc' dir='ltr'>Πατρδς</span> <span class='ocrx_word' id='word_1_481' title='bbox 1175 3360 1270 3413; x_wconf 79' lang='grc' dir='ltr'><strong>καὶ</strong></span> <span class='ocrx_word' id='word_1_482' title='bbox 1295 3359 1450 3423; x_wconf 79' lang='grc' dir='ltr'><strong>Υἱοῦ,</strong></span> <span class='ocrx_word' id='word_1_483' title='bbox 1483 3361 1532 3412; x_wconf 77' lang='grc' dir='ltr'>εἰ</span> <span class='ocrx_word' id='word_1_484' title='bbox 1570 3361 1642 3430; x_wconf 83' lang='grc' dir='ltr'>μή</span> <span class='ocrx_word' id='word_1_485' title='bbox 1672 3377 1754 3423; x_wconf 85' lang='grc' dir='ltr'><strong>τις</strong></span> <span class='ocrx_word' id='word_1_486' title='bbox 1786 3361 1871 3412; x_wconf 80' lang='grc' dir='ltr'>εὑ-</span> 
     </span>
    </p>
   </div>
   <div class='ocr_carea' id='block_1_63' title="bbox 294 3450 1875 3523">
    <p class='ocr_par' dir='ltr' id='par_1_63' title="bbox 294 3450 1875 3523">
     <span class='ocr_line' id='line_1_63' title="bbox 294 3450 1875 3523; baseline 0.001 -19"><span class='ocrx_word' id='word_1_487' title='bbox 294 3451 444 3504; x_wconf 73' lang='grc' dir='ltr'>δόιιει</span> <span class='ocrx_word' id='word_1_488' title='bbox 472 3450 796 3522; x_wconf 83' lang='grc' dir='ltr'>προκεῖσθαι</span> <span class='ocrx_word' id='word_1_489' title='bbox 827 3450 1086 3522; x_wconf 76' lang='grc' dir='ltr'>διαφορὰ,</span> <span class='ocrx_word' id='word_1_490' title='bbox 1117 3452 1178 3504; x_wconf 88' lang='grc' dir='ltr'><strong>οὐ</strong></span> <span class='ocrx_word' id='word_1_491' title='bbox 1207 3451 1346 3504; x_wconf 79' lang='grc' dir='ltr'>κατὰ</span> <span class='ocrx_word' id='word_1_492' title='bbox 1373 3451 1474 3522; x_wconf 77' lang='grc' dir='ltr'>τὴν</span> <span class='ocrx_word' id='word_1_493' title='bbox 1494 3452 1686 3505; x_wconf 82' lang='grc' dir='ltr'>οὐσίαν</span> <span class='ocrx_word' id='word_1_494' title='bbox 1711 3455 1875 3523; x_wconf 75' lang='grc' dir='ltr'>φημὶ,</span> 
     </span>
    </p>
   </div>
   <div class='ocr_carea' id='block_1_64' title="bbox 297 3537 1874 3613">
    <p class='ocr_par' dir='ltr' id='par_1_64' title="bbox 297 3537 1874 3613">
     <span class='ocr_line' id='line_1_64' title="bbox 297 3537 1874 3613; baseline 0.001 -19"><span class='ocrx_word' id='word_1_495' title='bbox 297 3542 413 3594; x_wconf 83' lang='grc' dir='ltr'>ἀλλ’</span> <span class='ocrx_word' id='word_1_496' title='bbox 445 3542 644 3606; x_wconf 74' lang='grc' dir='ltr'>ἔξωθεν</span> <span class='ocrx_word' id='word_1_497' title='bbox 676 3543 1058 3612; x_wconf 79' lang='grc' dir='ltr'>ἐπινοουμένη.</span> <span class='ocrx_word' id='word_1_498' title='bbox 1101 3543 1168 3595; x_wconf 79' lang='grc' dir='ltr'><strong>δι’</strong></span> <span class='ocrx_word' id='word_1_499' title='bbox 1211 3537 1279 3613; x_wconf 75' lang='grc' dir='ltr'><strong>ἦς</strong></span> <span class='ocrx_word' id='word_1_500' title='bbox 1315 3543 1376 3596; x_wconf 85' lang='grc' dir='ltr'>τὸ</span> <span class='ocrx_word' id='word_1_501' title='bbox 1403 3544 1666 3613; x_wconf 84' lang='grc' dir='ltr'>ἑκατέρου</span> <span class='ocrx_word' id='word_1_502' title='bbox 1705 3545 1874 3613; x_wconf 85' lang='grc' dir='ltr'>πρόσ-</span> 
     </span>
    </p>
   </div>
   <div class='ocr_carea' id='block_1_65' title="bbox 301 3632 1878 3705">
    <p class='ocr_par' dir='ltr' id='par_1_65' title="bbox 301 3632 1878 3705">
     <span class='ocr_line' id='line_1_65' title="bbox 301 3632 1878 3705; baseline -0.001 -19"><span class='ocrx_word' id='word_1_503' title='bbox 301 3651 451 3688; x_wconf 85' lang='grc' dir='ltr'>ωπον</span> <span class='ocrx_word' id='word_1_504' title='bbox 483 3635 800 3703; x_wconf 74' lang='grc' dir='ltr'>εἰσφέρεται</span> <span class='ocrx_word' id='word_1_505' title='bbox 834 3635 893 3684; x_wconf 80' lang='grc' dir='ltr'>ἐν</span> <span class='ocrx_word' id='word_1_506' title='bbox 934 3632 1209 3705; x_wconf 78' lang='grc' dir='ltr'>ἱδιαζούσῃ</span> <span class='ocrx_word' id='word_1_507' title='bbox 1236 3634 1334 3703; x_wconf 77' lang='grc' dir='ltr'>μὲν</span> <span class='ocrx_word' id='word_1_508' title='bbox 1359 3634 1654 3686; x_wconf 79' lang='grc' dir='ltr'>ὑποστάσει</span> <span class='ocrx_word' id='word_1_509' title='bbox 1686 3635 1878 3703; x_wconf 76' lang='grc' dir='ltr'>κείμεο</span> 
     </span>
    </p>
   </div>
   <div class='ocr_carea' id='block_1_66' title="bbox 299 3724 1876 3796">
    <p class='ocr_par' dir='ltr' id='par_1_66' title="bbox 299 3724 1876 3796">
     <span class='ocr_line' id='line_1_66' title="bbox 299 3724 1876 3796; baseline 0 -19"><span class='ocrx_word' id='word_1_510' title='bbox 299 3742 412 3788; x_wconf 87' lang='grc' dir='ltr'>νον,</span> <span class='ocrx_word' id='word_1_511' title='bbox 443 3728 524 3789; x_wconf 86' lang='grc' dir='ltr'><strong>είς</strong></span> <span class='ocrx_word' id='word_1_512' title='bbox 553 3727 782 3796; x_wconf 76' lang='grc' dir='ltr'>ἑνότητα</span> <span class='ocrx_word' id='word_1_513' title='bbox 806 3725 864 3778; x_wconf 81' lang='grc' dir='ltr'>δὲ</span> <span class='ocrx_word' id='word_1_514' title='bbox 897 3724 1152 3795; x_wconf 71' lang='grc' dir='ltr'>θεότητος</span> <span class='ocrx_word' id='word_1_515' title='bbox 1181 3725 1268 3778; x_wconf 78' lang='grc' dir='ltr'><strong>διὰ</strong></span> <span class='ocrx_word' id='word_1_516' title='bbox 1295 3726 1617 3794; x_wconf 81' lang='grc' dir='ltr'>ταυτότητος</span> <span class='ocrx_word' id='word_1_517' title='bbox 1640 3726 1876 3794; x_wconf 74' lang='grc' dir='ltr'>φυσικῆς</span> 
     </span>
    </p>
   </div>
   <div class='ocr_carea' id='block_1_67' title="bbox 300 3816 1879 3890">
    <p class='ocr_par' dir='ltr' id='par_1_67' title="bbox 300 3816 1879 3890">
     <span class='ocr_line' id='line_1_67' title="bbox 300 3816 1879 3890; baseline -0.001 -20"><span class='ocrx_word' id='word_1_518' title='bbox 300 3819 696 3890; x_wconf 73' lang='grc' dir='ltr'>σφιγγόμενον,</span> <span class='ocrx_word' id='word_1_519' title='bbox 725 3818 816 3872; x_wconf 77' lang='grc' dir='ltr'>ἵνα</span> <span class='ocrx_word' id='word_1_520' title='bbox 851 3818 927 3888; x_wconf 80' lang='grc' dir='ltr'>μή</span> <span class='ocrx_word' id='word_1_521' title='bbox 954 3834 1038 3879; x_wconf 86' lang='grc' dir='ltr'><strong>τις</strong></span> <span class='ocrx_word' id='word_1_522' title='bbox 1065 3816 1322 3886; x_wconf 74' lang='grc' dir='ltr'>ἀνάχυσις</span> <span class='ocrx_word' id='word_1_523' title='bbox 1347 3817 1442 3869; x_wconf 76' lang='grc' dir='ltr'><strong>καὶ</strong></span> <span class='ocrx_word' id='word_1_524' title='bbox 1473 3818 1635 3868; x_wconf 75' lang='grc' dir='ltr'>οἱονεὶ</span> <span class='ocrx_word' id='word_1_525' title='bbox 1664 3817 1879 3888; x_wconf 76' lang='grc' dir='ltr'>φυρμδς</span> 
     </span>
    </p>
   </div>
   <div class='ocr_carea' id='block_1_68' title="bbox 299 3907 1879 3982">
    <p class='ocr_par' dir='ltr' id='par_1_68' title="bbox 299 3907 1879 3982">
     <span class='ocr_line' id='line_1_68' title="bbox 299 3907 1879 3982; baseline -0.003 -19"><span class='ocrx_word' id='word_1_526' title='bbox 299 3912 532 3982; x_wconf 83' lang='grc' dir='ltr'>γένηται</span> <span class='ocrx_word' id='word_1_527' title='bbox 555 3909 766 3979; x_wconf 72' lang='grc' dir='ltr'>Πατρὸς</span> <span class='ocrx_word' id='word_1_528' title='bbox 789 3909 882 3961; x_wconf 68' lang='grc' dir='ltr'><strong>καὶ</strong></span> <span class='ocrx_word' id='word_1_529' title='bbox 907 3907 1064 3968; x_wconf 82' lang='grc' dir='ltr'><strong>Υίοὺ,</strong></span> <span class='ocrx_word' id='word_1_530' title='bbox 1088 3908 1168 3970; x_wconf 82' lang='grc' dir='ltr'><strong>εἰς</strong></span> <span class='ocrx_word' id='word_1_531' title='bbox 1200 3907 1364 3977; x_wconf 77' lang='grc' dir='ltr'>μόνην</span> <span class='ocrx_word' id='word_1_532' title='bbox 1393 3907 1552 3959; x_wconf 84' lang='grc' dir='ltr'>ένὰδα</span> <span class='ocrx_word' id='word_1_533' title='bbox 1575 3907 1879 3978; x_wconf 81' lang='grc' dir='ltr'>τρεχούσης</span> 
     </span>
    </p>
   </div>
   <div class='ocr_carea' id='block_1_69' title="bbox 297 3998 1881 4073">
    <p class='ocr_par' dir='ltr' id='par_1_69' title="bbox 297 3998 1881 4073">
     <span class='ocr_line' id='line_1_69' title="bbox 297 3998 1881 4073; baseline -0.008 -18"><span class='ocrx_word' id='word_1_534' title='bbox 297 4004 406 4073; x_wconf 75' lang='grc' dir='ltr'>τῆς</span> <span class='ocrx_word' id='word_1_535' title='bbox 437 4002 824 4064; x_wconf 81' lang='grc' dir='ltr'>ὑποστάσεως,</span> <span class='ocrx_word' id='word_1_536' title='bbox 875 3999 974 4070; x_wconf 82' lang='grc' dir='ltr'><strong>τῆς</strong></span> <span class='ocrx_word' id='word_1_537' title='bbox 1009 3999 1207 4068; x_wconf 78' lang='grc' dir='ltr'>πολλῆς</span> <span class='ocrx_word' id='word_1_538' title='bbox 1256 3999 1376 4052; x_wconf 81' lang='grc' dir='ltr'>λίαν</span> <span class='ocrx_word' id='word_1_539' title='bbox 1425 3999 1742 4070; x_wconf 81' lang='grc' dir='ltr'>ὁμοιότητος</span> <span class='ocrx_word' id='word_1_540' title='bbox 1779 3998 1881 4050; x_wconf 76' lang='grc' dir='ltr'><strong>οὐκ</strong></span> 
     </span>
    </p>
   </div>
   <div class='ocr_carea' id='block_1_70' title="bbox 299 4089 1882 4164">
    <p class='ocr_par' dir='ltr' id='par_1_70' title="bbox 299 4089 1882 4164">
     <span class='ocr_line' id='line_1_70' title="bbox 299 4089 1882 4164; baseline -0.003 -18"><span class='ocrx_word' id='word_1_541' title='bbox 299 4092 484 4164; x_wconf 76' lang='grc' dir='ltr'>ἐώσης</span> <span class='ocrx_word' id='word_1_542' title='bbox 529 4091 820 4162; x_wconf 78' lang='grc' dir='ltr'>φαίνεσθαι</span> <span class='ocrx_word' id='word_1_543' title='bbox 865 4091 1062 4143; x_wconf 80' lang='grc' dir='ltr'>δυάδα·</span> <span class='ocrx_word' id='word_1_544' title='bbox 1106 4090 1180 4153; x_wconf 80' lang='grc' dir='ltr'>ὡς</span> <span class='ocrx_word' id='word_1_545' title='bbox 1229 4089 1480 4144; x_wconf 83' lang='grc' dir='ltr'>ἐντεῦθεν</span> <span class='ocrx_word' id='word_1_546' title='bbox 1521 4091 1624 4160; x_wconf 72' lang='grc' dir='ltr'><strong>ἤδη</strong></span> <span class='ocrx_word' id='word_1_547' title='bbox 1661 4089 1882 4142; x_wconf 74' lang='grc' dir='ltr'>καὶτὸν</span> 
     </span>
    </p>
   </div>
   <div class='ocr_carea' id='block_1_71' title="bbox 300 4180 1883 4252">
    <p class='ocr_par' dir='ltr' id='par_1_71' title="bbox 300 4180 1883 4252">
     <span class='ocr_line' id='line_1_71' title="bbox 300 4180 1883 4252; baseline -0.003 -15"><span class='ocrx_word' id='word_1_548' title='bbox 300 4185 464 4237; x_wconf 75' lang='grc' dir='ltr'>αὐτὸν</span> <span class='ocrx_word' id='word_1_549' title='bbox 499 4183 725 4252; x_wconf 81' lang='grc' dir='ltr'>Πατέρα</span> <span class='ocrx_word' id='word_1_550' title='bbox 767 4182 862 4235; x_wconf 71' lang='grc' dir='ltr'><strong>καὶ</strong></span> <span class='ocrx_word' id='word_1_551' title='bbox 895 4183 1022 4235; x_wconf 78' lang='grc' dir='ltr'><strong>Υἱὸν</strong></span> <span class='ocrx_word' id='word_1_552' title='bbox 1053 4180 1398 4234; x_wconf 79' lang='grc' dir='ltr'>ὑπονοεῖσθαι</span> <span class='ocrx_word' id='word_1_553' title='bbox 1443 4181 1598 4249; x_wconf 86' lang='grc' dir='ltr'>παρὰ</span> <span class='ocrx_word' id='word_1_554' title='bbox 1631 4197 1771 4233; x_wconf 89' lang='grc' dir='ltr'>τισιν</span> <span class='ocrx_word' id='word_1_555' title='bbox 1802 4181 1883 4242; x_wconf 77' lang='grc' dir='ltr'><strong>εἰς</strong></span> 
     </span>
    </p>
   </div>
   <div class='ocr_carea' id='block_1_72' title="bbox 299 4272 1882 4347">
    <p class='ocr_par' dir='ltr' id='par_1_72' title="bbox 299 4272 1882 4347">
     <span class='ocr_line' id='line_1_72' title="bbox 299 4272 1882 4347; baseline -0.003 -16"><span class='ocrx_word' id='word_1_556' title='bbox 299 4279 473 4332; x_wconf 76' lang='grc' dir='ltr'>δυάδα</span> <span class='ocrx_word' id='word_1_557' title='bbox 529 4275 843 4347; x_wconf 80' lang='grc' dir='ltr'>μηδαμόθεν</span> <span class='ocrx_word' id='word_1_558' title='bbox 885 4275 1299 4346; x_wconf 77' lang='grc' dir='ltr'>χωριζομένους.</span> <span class='ocrx_word' id='word_1_559' title='bbox 1342 4273 1562 4341; x_wconf 82' lang='grc' dir='ltr'>Ἐπειδὴ</span> <span class='ocrx_word' id='word_1_560' title='bbox 1611 4272 1667 4324; x_wconf 69' lang='grc' dir='ltr'>δὲ</span> <span class='ocrx_word' id='word_1_561' title='bbox 1717 4274 1882 4344; x_wconf 76' lang='grc' dir='ltr'>ἐχρῆν</span> 
     </span>
    </p>
   </div>
   <div class='ocr_carea' id='block_1_73' title="bbox 301 4361 1885 4434">
    <p class='ocr_par' dir='ltr' id='par_1_73' title="bbox 301 4361 1885 4434">
     <span class='ocr_line' id='line_1_73' title="bbox 301 4361 1885 4434; baseline -0.002 -17"><span class='ocrx_word' id='word_1_562' title='bbox 301 4367 506 4419; x_wconf 76' lang='grc' dir='ltr'>εἰδέναι</span> <span class='ocrx_word' id='word_1_563' title='bbox 543 4364 642 4417; x_wconf 72' lang='grc' dir='ltr'><strong>καὶ</strong></span> <span class='ocrx_word' id='word_1_564' title='bbox 675 4364 778 4434; x_wconf 79' lang='grc' dir='ltr'>τὴν</span> <span class='ocrx_word' id='word_1_565' title='bbox 803 4365 1134 4433; x_wconf 83' lang='grc' dir='ltr'>γεννήσασαν</span> <span class='ocrx_word' id='word_1_566' title='bbox 1159 4361 1326 4430; x_wconf 81' lang='grc' dir='ltr'>φύσιν</span> <span class='ocrx_word' id='word_1_567' title='bbox 1358 4362 1452 4415; x_wconf 57' lang='grc' dir='ltr'><strong>καὶ⁸</strong></span> <span class='ocrx_word' id='word_1_568' title='bbox 1485 4361 1584 4431; x_wconf 79' lang='grc' dir='ltr'>τὴν</span> <span class='ocrx_word' id='word_1_569' title='bbox 1607 4363 1885 4433; x_wconf 85' lang='grc' dir='ltr'>γεννηθεῖ-</span> 
     </span>
    </p>
   </div>
   <div class='ocr_carea' id='block_1_74' title="bbox 303 4453 1884 4526">
    <p class='ocr_par' dir='ltr' id='par_1_74' title="bbox 303 4453 1884 4526">
     <span class='ocr_line' id='line_1_74' title="bbox 303 4453 1884 4526; baseline -0.002 -17"><span class='ocrx_word' id='word_1_570' title='bbox 303 4473 411 4510; x_wconf 78' lang='grc' dir='ltr'><strong>σαν</strong></span> <span class='ocrx_word' id='word_1_571' title='bbox 435 4456 498 4522; x_wconf 70' lang='grc' dir='ltr'>ἐξ</span> <span class='ocrx_word' id='word_1_572' title='bbox 525 4455 714 4525; x_wconf 81' lang='grc' dir='ltr'>αὐτῆς,</span> <span class='ocrx_word' id='word_1_573' title='bbox 745 4453 988 4507; x_wconf 81' lang='grc' dir='ltr'>τέθεικεν</span> <span class='ocrx_word' id='word_1_574' title='bbox 1019 4457 1051 4526; x_wconf 84' lang='grc' dir='ltr'>ἡ</span> <span class='ocrx_word' id='word_1_575' title='bbox 1081 4454 1199 4507; x_wconf 86' lang='grc' dir='ltr'>θεία</span> <span class='ocrx_word' id='word_1_576' title='bbox 1228 4453 1421 4523; x_wconf 76' lang='grc' dir='ltr'>Γραφὴ</span> <span class='ocrx_word' id='word_1_577' title='bbox 1459 4453 1518 4505; x_wconf 78' lang='grc' dir='ltr'><strong>τὸ</strong></span> <span class='ocrx_word' id='word_1_578' title='bbox 1549 4453 1644 4506; x_wconf 80' lang='grc' dir='ltr'>τοῦ</span> <span class='ocrx_word' id='word_1_579' title='bbox 1670 4453 1884 4524; x_wconf 78' lang='grc' dir='ltr'>Πατρὺς</span> 
     </span>
    </p>
   </div>
   <div class='ocr_carea' id='block_1_75' title="bbox 302 4543 1959 4630">
    <p class='ocr_par' dir='ltr' id='par_1_75' title="bbox 302 4543 1959 4630">
     <span class='ocr_line' id='line_1_75' title="bbox 302 4543 1959 4630; baseline -0.002 -29"><span class='ocrx_word' id='word_1_580' title='bbox 302 4548 490 4616; x_wconf 73' lang='grc' dir='ltr'>ὖνομα</span> <span class='ocrx_word' id='word_1_581' title='bbox 526 4546 622 4598; x_wconf 69' lang='grc' dir='ltr'><strong>καὶ</strong></span> <span class='ocrx_word' id='word_1_582' title='bbox 643 4545 704 4597; x_wconf 84' lang='grc' dir='ltr'><strong>τὺ</strong></span> <span class='ocrx_word' id='word_1_583' title='bbox 733 4544 828 4597; x_wconf 72' lang='grc' dir='ltr'>τοῦ</span> <span class='ocrx_word' id='word_1_584' title='bbox 871 4543 1021 4608; x_wconf 80' lang='grc' dir='ltr'><strong>Υἱοὺ,</strong></span> <span class='ocrx_word' id='word_1_585' title='bbox 1067 4544 1152 4597; x_wconf 76' lang='grc' dir='ltr'>ἵνα</span> <span class='ocrx_word' id='word_1_586' title='bbox 1185 4543 1298 4612; x_wconf 80' lang='grc' dir='ltr'><strong>φῶς</strong></span> <span class='ocrx_word' id='word_1_587' title='bbox 1344 4545 1409 4598; x_wconf 80' lang='grc' dir='ltr'>ἐκ</span> <span class='ocrx_word' id='word_1_588' title='bbox 1443 4547 1616 4614; x_wconf 76' lang='grc' dir='ltr'>φωτὸς</span> <span class='ocrx_word' id='word_1_589' title='bbox 1655 4545 1880 4616; x_wconf 83' lang='grc' dir='ltr'>νοῆται,</span> <span class='ocrx_word' id='word_1_590' title='bbox 1913 4574 1959 4630; x_wconf 73' lang='lat' dir='ltr'><strong><em>D</em></strong></span> 
     </span>
    </p>
   </div>
   <div class='ocr_carea' id='block_1_76' title="bbox 306 4635 1883 4708">
    <p class='ocr_par' dir='ltr' id='par_1_76' title="bbox 306 4635 1883 4708">
     <span class='ocr_line' id='line_1_76' title="bbox 306 4635 1883 4708; baseline -0.002 -15"><span class='ocrx_word' id='word_1_591' title='bbox 306 4641 411 4693; x_wconf 77' lang='grc' dir='ltr'>καὶ</span> <span class='ocrx_word' id='word_1_592' title='bbox 448 4638 706 4708; x_wconf 78' lang='grc' dir='ltr'>ἑκάτερον</span> <span class='ocrx_word' id='word_1_593' title='bbox 733 4638 789 4689; x_wconf 77' lang='grc' dir='ltr'>ὲν</span> <span class='ocrx_word' id='word_1_594' title='bbox 825 4637 931 4708; x_wconf 71' lang='grc' dir='ltr'>ἰδίᾳ</span> <span class='ocrx_word' id='word_1_595' title='bbox 966 4635 1266 4690; x_wconf 83' lang='grc' dir='ltr'>ὑποστάσει</span> <span class='ocrx_word' id='word_1_596' title='bbox 1309 4636 1622 4708; x_wconf 75' lang='grc' dir='ltr'>σωζομένης</span> <span class='ocrx_word' id='word_1_597' title='bbox 1653 4637 1740 4690; x_wconf 78' lang='grc' dir='ltr'><strong>ἐπ’</strong></span> <span class='ocrx_word' id='word_1_598' title='bbox 1775 4638 1883 4708; x_wconf 83' lang='grc' dir='ltr'><strong>ἁμ-</strong></span> 
     </span>
    </p>
   </div>
   <div class='ocr_carea' id='block_1_77' title="bbox 308 4728 1884 4802">
    <p class='ocr_par' dir='ltr' id='par_1_77' title="bbox 308 4728 1884 4802">
     <span class='ocr_line' id='line_1_77' title="bbox 308 4728 1884 4802; baseline 0.001 -19"><span class='ocrx_word' id='word_1_599' title='bbox 308 4728 441 4802; x_wconf 79' lang='grc' dir='ltr'>φοῖν</span> <span class='ocrx_word' id='word_1_600' title='bbox 480 4730 581 4799; x_wconf 82' lang='grc' dir='ltr'>τῆς</span> <span class='ocrx_word' id='word_1_601' title='bbox 613 4729 932 4799; x_wconf 72' lang='grc' dir='ltr'>ταύτότητος</span> <span class='ocrx_word' id='word_1_602' title='bbox 961 4729 1093 4799; x_wconf 86' lang='grc' dir='ltr'>πρὸς</span> <span class='ocrx_word' id='word_1_603' title='bbox 1127 4729 1217 4781; x_wconf 81' lang='grc' dir='ltr'>τὸν</span> <span class='ocrx_word' id='word_1_604' title='bbox 1243 4729 1448 4799; x_wconf 75' lang='grc' dir='ltr'>ἕτερον.</span> <span class='ocrx_word' id='word_1_605' title='bbox 1487 4730 1884 4785; x_wconf 79' lang='grc' dir='ltr'>Ἀκολουθοῦσα</span> 
     </span>
    </p>
   </div>
   <div class='ocr_carea' id='block_1_78' title="bbox 307 4820 1870 4893">
    <p class='ocr_par' dir='ltr' id='par_1_78' title="bbox 307 4820 1870 4893">
     <span class='ocr_line' id='line_1_78' title="bbox 307 4820 1870 4893; baseline -0.002 -15"><span class='ocrx_word' id='word_1_606' title='bbox 307 4823 369 4878; x_wconf 78' lang='grc' dir='ltr'>δὲ</span> <span class='ocrx_word' id='word_1_607' title='bbox 411 4821 574 4874; x_wconf 75' lang='grc' dir='ltr'>πάλιν</span> <span class='ocrx_word' id='word_1_608' title='bbox 601 4824 666 4890; x_wconf 83' lang='grc' dir='ltr'><strong>τῇ</strong></span> <span class='ocrx_word' id='word_1_609' title='bbox 695 4822 811 4874; x_wconf 87' lang='grc' dir='ltr'>καθ’</span> <span class='ocrx_word' id='word_1_610' title='bbox 842 4822 988 4892; x_wconf 79' lang='grc' dir='ltr'>ἡμᾶς</span> <span class='ocrx_word' id='word_1_611' title='bbox 1037 4820 1326 4892; x_wconf 80' lang='grc' dir='ltr'>συνηθείᾳ,</span> <span class='ocrx_word' id='word_1_612' title='bbox 1370 4821 1432 4874; x_wconf 85' lang='grc' dir='ltr'>τὸ</span> <span class='ocrx_word' id='word_1_613' title='bbox 1481 4821 1705 4893; x_wconf 79' lang='grc' dir='ltr'>μείζονα</span> <span class='ocrx_word' id='word_1_614' title='bbox 1739 4823 1870 4876; x_wconf 85' lang='grc' dir='ltr'>ἁπο-</span> 
     </span>
    </p>
   </div>
   <div class='ocr_carea' id='block_1_79' title="bbox 307 4909 1884 4982">
    <p class='ocr_par' dir='ltr' id='par_1_79' title="bbox 307 4909 1884 4982">
     <span class='ocr_line' id='line_1_79' title="bbox 307 4909 1884 4982; baseline -0.002 -18"><span class='ocrx_word' id='word_1_615' title='bbox 307 4911 499 4964; x_wconf 81' lang='grc' dir='ltr'>δίδωσι</span> <span class='ocrx_word' id='word_1_616' title='bbox 532 4909 608 4980; x_wconf 82' lang='grc' dir='ltr'>τῷ</span> <span class='ocrx_word' id='word_1_617' title='bbox 652 4911 844 4982; x_wconf 75' lang='grc' dir='ltr'>Πατρὶ,</span> <span class='ocrx_word' id='word_1_618' title='bbox 883 4909 971 4962; x_wconf 85' lang='grc' dir='ltr'>ἵνα</span> <span class='ocrx_word' id='word_1_619' title='bbox 999 4910 1335 4979; x_wconf 83' lang='grc' dir='ltr'>πανταχόθεν</span> <span class='ocrx_word' id='word_1_620' title='bbox 1379 4913 1411 4980; x_wconf 85' lang='grc' dir='ltr'>ἡ</span> <span class='ocrx_word' id='word_1_621' title='bbox 1448 4910 1577 4973; x_wconf 76' lang='grc' dir='ltr'>δυὰς</span> <span class='ocrx_word' id='word_1_622' title='bbox 1603 4911 1698 4964; x_wconf 72' lang='grc' dir='ltr'><strong>καὶ</strong></span> <span class='ocrx_word' id='word_1_623' title='bbox 1726 4910 1788 4962; x_wconf 77' lang='grc' dir='ltr'>τὸ</span> <span class='ocrx_word' id='word_1_624' title='bbox 1821 4910 1884 4973; x_wconf 79' lang='grc' dir='ltr'><strong>ἐξ</strong></span> 
     </span>
    </p>
   </div>
   <div class='ocr_carea' id='block_1_80' title="bbox 308 4997 1882 5073">
    <p class='ocr_par' dir='ltr' id='par_1_80' title="bbox 308 4997 1882 5073">
     <span class='ocr_line' id='line_1_80' title="bbox 308 4997 1882 5073; baseline -0.003 -17"><span class='ocrx_word' id='word_1_625' title='bbox 308 4997 372 5056; x_wconf 80' lang='grc' dir='ltr'>οἶι</span> <span class='ocrx_word' id='word_1_626' title='bbox 405 5002 737 5073; x_wconf 73' lang='grc' dir='ltr'>σημαίνηται</span> <span class='ocrx_word' id='word_1_627' title='bbox 760 5017 771 5029; x_wconf 89' lang='grc'><strong>·</strong></span> <span class='ocrx_word' id='word_1_628' title='bbox 804 5004 1217 5071; x_wconf 83' lang='grc' dir='ltr'>προσμαρτυρεῖ</span> <span class='ocrx_word' id='word_1_629' title='bbox 1238 5001 1297 5055; x_wconf 85' lang='grc' dir='ltr'>δὲ</span> <span class='ocrx_word' id='word_1_630' title='bbox 1316 5001 1375 5054; x_wconf 82' lang='grc' dir='ltr'>τὸ</span> <span class='ocrx_word' id='word_1_631' title='bbox 1405 5002 1537 5066; x_wconf 75' lang='grc' dir='ltr'>ἴσον,</span> <span class='ocrx_word' id='word_1_632' title='bbox 1569 5002 1656 5053; x_wconf 82' lang='grc' dir='ltr'>ἵνα</span> <span class='ocrx_word' id='word_1_633' title='bbox 1693 5002 1766 5069; x_wconf 86' lang='grc' dir='ltr'>μή</span> <span class='ocrx_word' id='word_1_634' title='bbox 1797 5016 1882 5061; x_wconf 92' lang='grc' dir='ltr'><strong>τις</strong></span> 
     </span>
    </p>
   </div>
   <div class='ocr_carea' id='block_1_81' title="bbox 312 5088 1882 5165">
    <p class='ocr_par' dir='ltr' id='par_1_81' title="bbox 312 5088 1882 5165">
     <span class='ocr_line' id='line_1_81' title="bbox 312 5088 1882 5165; baseline -0.005 -17"><span class='ocrx_word' id='word_1_635' title='bbox 312 5095 442 5165; x_wconf 80' lang='grc' dir='ltr'>περὶ</span> <span class='ocrx_word' id='word_1_636' title='bbox 470 5092 566 5162; x_wconf 78' lang='grc' dir='ltr'>τὴν</span> <span class='ocrx_word' id='word_1_637' title='bbox 589 5093 780 5147; x_wconf 86' lang='grc' dir='ltr'>οὐσίαν</span> <span class='ocrx_word' id='word_1_638' title='bbox 805 5092 1132 5162; x_wconf 77' lang='grc' dir='ltr'>ἀνομοιότης</span> <span class='ocrx_word' id='word_1_639' title='bbox 1156 5095 1341 5163; x_wconf 82' lang='grc' dir='ltr'>νοῆται</span> <span class='ocrx_word' id='word_1_640' title='bbox 1362 5091 1576 5160; x_wconf 82' lang='grc' dir='ltr'>Πατρὸς</span> <span class='ocrx_word' id='word_1_641' title='bbox 1608 5091 1701 5143; x_wconf 72' lang='grc' dir='ltr'><strong>καὶ</strong></span> <span class='ocrx_word' id='word_1_642' title='bbox 1729 5088 1882 5141; x_wconf 78' lang='grc' dir='ltr'><strong>Υἱοῦ.</strong></span> 
     </span>
    </p>
   </div>
   <div class='ocr_carea' id='block_1_82' title="bbox 313 5181 1886 5255">
    <p class='ocr_par' dir='ltr' id='par_1_82' title="bbox 313 5181 1886 5255">
     <span class='ocr_line' id='line_1_82' title="bbox 313 5181 1886 5255; baseline -0.003 -18"><span class='ocrx_word' id='word_1_643' title='bbox 313 5185 462 5248; x_wconf 82' lang='grc' dir='ltr'>Ἷσος</span> <span class='ocrx_word' id='word_1_644' title='bbox 489 5185 769 5254; x_wconf 79' lang='grc' dir='ltr'>τοιγαροῦν</span> <span class='ocrx_word' id='word_1_645' title='bbox 799 5185 940 5238; x_wconf 73' lang='grc' dir='ltr'>κατὰ</span> <span class='ocrx_word' id='word_1_646' title='bbox 971 5185 1062 5238; x_wconf 79' lang='grc' dir='ltr'>τὸν</span> <span class='ocrx_word' id='word_1_647' title='bbox 1094 5185 1189 5255; x_wconf 78' lang='grc' dir='ltr'>τῆς</span> <span class='ocrx_word' id='word_1_648' title='bbox 1214 5184 1404 5244; x_wconf 83' lang='grc' dir='ltr'>οὐσίας</span> <span class='ocrx_word' id='word_1_649' title='bbox 1437 5181 1592 5248; x_wconf 82' lang='grc' dir='ltr'>λόγον</span> <span class='ocrx_word' id='word_1_650' title='bbox 1625 5181 1886 5249; x_wconf 83' lang='grc' dir='ltr'>ὑπάρχων</span> 
     </span>
    </p>
   </div>
   <div class='ocr_carea' id='block_1_83' title="bbox 306 5272 1888 5347">
    <p class='ocr_par' dir='ltr' id='par_1_83' title="bbox 306 5272 1888 5347">
     <span class='ocr_line' id='line_1_83' title="bbox 306 5272 1888 5347; baseline -0.004 -18"><span class='ocrx_word' id='word_1_651' title='bbox 306 5279 338 5329; x_wconf 84' lang='grc' dir='ltr'>ὁ</span> <span class='ocrx_word' id='word_1_652' title='bbox 371 5276 504 5338; x_wconf 76' lang='grc' dir='ltr'>Υἱὸς</span> <span class='ocrx_word' id='word_1_653' title='bbox 536 5275 610 5345; x_wconf 81' lang='grc' dir='ltr'>τῷ</span> <span class='ocrx_word' id='word_1_654' title='bbox 636 5277 810 5347; x_wconf 87' lang='grc' dir='ltr'>Πατρὶ</span> <span class='ocrx_word' id='word_1_655' title='bbox 863 5277 960 5329; x_wconf 70' lang='grc' dir='ltr'><strong>καὶ</strong></span> <span class='ocrx_word' id='word_1_656' title='bbox 1007 5277 1189 5346; x_wconf 84' lang='grc' dir='ltr'>ὅμοιος</span> <span class='ocrx_word' id='word_1_657' title='bbox 1231 5275 1372 5328; x_wconf 76' lang='grc' dir='ltr'>κατὰ</span> <span class='ocrx_word' id='word_1_658' title='bbox 1416 5273 1615 5334; x_wconf 77' lang='grc' dir='ltr'>πάντα,</span> <span class='ocrx_word' id='word_1_659' title='bbox 1669 5272 1888 5342; x_wconf 77' lang='grc' dir='ltr'>μείζονα</span> 
     </span>
    </p>
   </div>
   <div class='ocr_carea' id='block_1_84' title="bbox 307 5365 1890 5440">
    <p class='ocr_par' dir='ltr' id='par_1_84' title="bbox 307 5365 1890 5440">
     <span class='ocr_line' id='line_1_84' title="bbox 307 5365 1890 5440; baseline -0.004 -18"><span class='ocrx_word' id='word_1_660' title='bbox 307 5368 479 5422; x_wconf 83' lang='grc' dir='ltr'>αὐτόν</span> <span class='ocrx_word' id='word_1_661' title='bbox 511 5384 672 5438; x_wconf 74' lang='grc' dir='ltr'>φησιν</span> <span class='ocrx_word' id='word_1_662' title='bbox 721 5369 794 5431; x_wconf 86' lang='grc' dir='ltr'>ὼς</span> <span class='ocrx_word' id='word_1_663' title='bbox 838 5367 1094 5440; x_wconf 81' lang='grc' dir='ltr'>ἄναρχον,</span> <span class='ocrx_word' id='word_1_664' title='bbox 1137 5368 1274 5437; x_wconf 76' lang='grc' dir='ltr'>ἔχων</span> <span class='ocrx_word' id='word_1_665' title='bbox 1317 5366 1491 5437; x_wconf 76' lang='grc' dir='ltr'>ἀρχὴν</span> <span class='ocrx_word' id='word_1_666' title='bbox 1537 5365 1678 5416; x_wconf 71' lang='grc' dir='ltr'>κατὰ</span> <span class='ocrx_word' id='word_1_667' title='bbox 1729 5365 1890 5434; x_wconf 88' lang='grc' dir='ltr'>μόνον</span> 
     </span>
    </p>
   </div>
   <div class='ocr_carea' id='block_1_85' title="bbox 303 5454 1886 5530">
    <p class='ocr_par' dir='ltr' id='par_1_85' title="bbox 303 5454 1886 5530">
     <span class='ocr_line' id='line_1_85' title="bbox 303 5454 1886 5530; baseline -0.003 -17"><span class='ocrx_word' id='word_1_668' title='bbox 303 5461 371 5514; x_wconf 82' lang='grc' dir='ltr'>τὸ</span> <span class='ocrx_word' id='word_1_669' title='bbox 395 5460 456 5526; x_wconf 74' lang='grc' dir='ltr'>ἐξ</span> <span class='ocrx_word' id='word_1_670' title='bbox 487 5455 571 5524; x_wconf 75' lang='grc' dir='ltr'><strong>οὐ,</strong></span> <span class='ocrx_word' id='word_1_671' title='bbox 620 5461 666 5513; x_wconf 86' lang='grc' dir='ltr'><strong>εί</strong></span> <span class='ocrx_word' id='word_1_672' title='bbox 698 5461 789 5514; x_wconf 75' lang='grc' dir='ltr'><strong>καὶ</strong></span> <span class='ocrx_word' id='word_1_673' title='bbox 828 5460 1127 5530; x_wconf 78' lang='grc' dir='ltr'>σύνδρομον</span> <span class='ocrx_word' id='word_1_674' title='bbox 1162 5459 1311 5527; x_wconf 85' lang='grc' dir='ltr'>αὐτῷ</span> <span class='ocrx_word' id='word_1_675' title='bbox 1343 5458 1436 5528; x_wconf 78' lang='grc' dir='ltr'>τὴν</span> <span class='ocrx_word' id='word_1_676' title='bbox 1473 5454 1706 5526; x_wconf 77' lang='grc' dir='ltr'>ὓπαρξιν</span> <span class='ocrx_word' id='word_1_677' title='bbox 1755 5455 1886 5525; x_wconf 77' lang='grc' dir='ltr'>ἔχει.</span> 
     </span>
    </p>
   </div>
   <div class='ocr_carea' id='block_1_86' title="bbox 1979 3334 3547 3426">
    <p class='ocr_par' dir='ltr' id='par_1_86' title="bbox 1979 3334 3547 3426">
     <span class='ocr_line' id='line_1_86' title="bbox 1979 3334 3547 3426; baseline 0.012 -26"><span class='ocrx_word' id='word_1_678' title='bbox 1979 3334 2387 3417; x_wconf 79' lang='lat' dir='ltr'><strong>intelligereque</strong></span> <span class='ocrx_word' id='word_1_679' title='bbox 2438 3349 2683 3405; x_wconf 79' lang='lat' dir='ltr'><strong>velimus.</strong></span> <span class='ocrx_word' id='word_1_680' title='bbox 2718 3353 2954 3424; x_wconf 81' lang='lat' dir='ltr'><strong>Simplex</strong></span> <span class='ocrx_word' id='word_1_681' title='bbox 2984 3357 3163 3426; x_wconf 85' lang='lat' dir='ltr'><strong>itaque</strong></span> <span class='ocrx_word' id='word_1_682' title='bbox 3185 3370 3236 3416; x_wconf 87' lang='lat' dir='ltr'><strong>et</strong></span> <span class='ocrx_word' id='word_1_683' title='bbox 3259 3378 3363 3420; x_wconf 91' lang='lat' dir='ltr'><strong>non</strong></span> <span class='ocrx_word' id='word_1_684' title='bbox 3401 3383 3547 3424; x_wconf 76' lang='lat' dir='ltr'><strong>corn-</strong></span> 
     </span>
    </p>
   </div>
   <div class='ocr_carea' id='block_1_87' title="bbox 1976 3441 3546 3514">
    <p class='ocr_par' dir='ltr' id='par_1_87' title="bbox 1976 3441 3546 3514">
     <span class='ocr_line' id='line_1_87' title="bbox 1976 3441 3546 3514; baseline 0.013 -22"><span class='ocrx_word' id='word_1_685' title='bbox 1976 3441 2148 3508; x_wconf 89' lang='lat' dir='ltr'><strong>posita</strong></span> <span class='ocrx_word' id='word_1_686' title='bbox 2183 3441 2397 3495; x_wconf 88' lang='lat' dir='ltr'><strong>deitatis</strong></span> <span class='ocrx_word' id='word_1_687' title='bbox 2428 3452 2617 3497; x_wconf 84' lang='lat' dir='ltr'><strong>natura</strong></span> <span class='ocrx_word' id='word_1_688' title='bbox 2661 3460 2934 3514; x_wconf 83' lang='lat' dir='ltr'><strong>nunquam</strong></span> <span class='ocrx_word' id='word_1_689' title='bbox 2983 3449 3036 3504; x_wconf 87' lang='lat' dir='ltr'><strong>in</strong></span> <span class='ocrx_word' id='word_1_690' title='bbox 3071 3451 3394 3512; x_wconf 87' lang='lat' dir='ltr'><strong>dualitalem</strong></span> <span class='ocrx_word' id='word_1_691' title='bbox 3450 3460 3546 3514; x_wconf 66' lang='lat' dir='ltr'><strong>Pa-</strong></span> 
     </span>
    </p>
   </div>
   <div class='ocr_carea' id='block_1_88' title="bbox 1979 3529 3549 3615">
    <p class='ocr_par' dir='ltr' id='par_1_88' title="bbox 1979 3529 3549 3615">
     <span class='ocr_line' id='line_1_88' title="bbox 1979 3529 3549 3615; baseline 0.015 -32"><span class='ocrx_word' id='word_1_692' title='bbox 1979 3530 2076 3584; x_wconf 89' lang='lat' dir='ltr'><strong>tris</strong></span> <span class='ocrx_word' id='word_1_693' title='bbox 2105 3540 2157 3585; x_wconf 91' lang='lat' dir='ltr'><strong>et</strong></span> <span class='ocrx_word' id='word_1_694' title='bbox 2213 3529 2328 3584; x_wconf 88' lang='lat' dir='ltr'><strong>Filii</strong></span> <span class='ocrx_word' id='word_1_695' title='bbox 2355 3543 2498 3586; x_wconf 88' lang='lat' dir='ltr'><strong>secta</strong></span> <span class='ocrx_word' id='word_1_696' title='bbox 2525 3533 2734 3602; x_wconf 81' lang='lat' dir='ltr'><strong>fuisset,</strong></span> <span class='ocrx_word' id='word_1_697' title='bbox 2777 3539 2876 3593; x_wconf 86' lang='lat' dir='ltr'><strong>nisi</strong></span> <span class='ocrx_word' id='word_1_698' title='bbox 2905 3542 3052 3608; x_wconf 91' lang='lat' dir='ltr'><strong>prius</strong></span> <span class='ocrx_word' id='word_1_699' title='bbox 3085 3543 3260 3615; x_wconf 88' lang='lat' dir='ltr'><strong>aliqua</strong></span> <span class='ocrx_word' id='word_1_700' title='bbox 3298 3549 3549 3609; x_wconf 66' lang='grc' dir='ltr'>διαπευ-</span> 
     </span>
    </p>
   </div>
   <div class='ocr_carea' id='block_1_89' title="bbox 1980 3621 3548 3708">
    <p class='ocr_par' dir='ltr' id='par_1_89' title="bbox 1980 3621 3548 3708">
     <span class='ocr_line' id='line_1_89' title="bbox 1980 3621 3548 3708; baseline 0.015 -33"><span class='ocrx_word' id='word_1_701' title='bbox 1980 3623 2050 3675; x_wconf 89' lang='lat' dir='ltr'><strong>tia</strong></span> <span class='ocrx_word' id='word_1_702' title='bbox 2086 3621 2250 3676; x_wconf 82' lang='lat' dir='ltr'><strong>fuisse</strong></span> <span class='ocrx_word' id='word_1_703' title='bbox 2288 3623 2401 3678; x_wconf 80' lang='lat' dir='ltr'><strong>visa</strong></span> <span class='ocrx_word' id='word_1_704' title='bbox 2443 3634 2606 3692; x_wconf 87' lang='lat' dir='ltr'><strong>esset,</strong></span> <span class='ocrx_word' id='word_1_705' title='bbox 2643 3643 2748 3682; x_wconf 91' lang='lat' dir='ltr'><strong>non</strong></span> <span class='ocrx_word' id='word_1_706' title='bbox 2780 3634 3070 3688; x_wconf 86' lang='lat' dir='ltr'><strong>secundum</strong></span> <span class='ocrx_word' id='word_1_707' title='bbox 3109 3641 3419 3708; x_wconf 89' lang='lat' dir='ltr'><strong>essentiam,</strong></span> <span class='ocrx_word' id='word_1_708' title='bbox 3453 3650 3548 3700; x_wconf 65' lang='lat' dir='ltr'><strong>sed</strong></span> 
     </span>
    </p>
   </div>
   <div class='ocr_carea' id='block_1_90' title="bbox 1978 3713 3546 3798">
    <p class='ocr_par' dir='ltr' id='par_1_90' title="bbox 1978 3713 3546 3798">
     <span class='ocr_line' id='line_1_90' title="bbox 1978 3713 3546 3798; baseline 0.015 -34"><span class='ocrx_word' id='word_1_709' title='bbox 1978 3713 2320 3767; x_wconf 79' lang='lat' dir='ltr'><strong>extrinsecus</strong></span> <span class='ocrx_word' id='word_1_710' title='bbox 2346 3715 2639 3783; x_wconf 85' lang='lat' dir='ltr'><strong>intellecta,</strong></span> <span class='ocrx_word' id='word_1_711' title='bbox 2676 3733 2774 3788; x_wconf 85' lang='lat' dir='ltr'><strong>per</strong></span> <span class='ocrx_word' id='word_1_712' title='bbox 2800 3737 2959 3791; x_wconf 91' lang='lat' dir='ltr'><strong>quam</strong></span> <span class='ocrx_word' id='word_1_713' title='bbox 2994 3726 3279 3798; x_wconf 89' lang='lat' dir='ltr'><strong>utriusque</strong></span> <span class='ocrx_word' id='word_1_714' title='bbox 3320 3747 3546 3798; x_wconf 77' lang='lat' dir='ltr'><strong>persona</strong></span> 
     </span>
    </p>
   </div>
   <div class='ocr_carea' id='block_1_91' title="bbox 1982 3802 3550 3887">
    <p class='ocr_par' dir='ltr' id='par_1_91' title="bbox 1982 3802 3550 3887">
     <span class='ocr_line' id='line_1_91' title="bbox 1982 3802 3550 3887; baseline 0.013 -30"><span class='ocrx_word' id='word_1_715' title='bbox 1982 3802 2258 3860; x_wconf 86' lang='lat' dir='ltr'><strong>inducitur</strong></span> <span class='ocrx_word' id='word_1_716' title='bbox 2277 3809 2537 3874; x_wconf 88' lang='lat' dir='ltr'><strong>peculiari</strong></span> <span class='ocrx_word' id='word_1_717' title='bbox 2565 3812 2781 3879; x_wconf 87' lang='lat' dir='ltr'><strong>quidem</strong></span> <span class='ocrx_word' id='word_1_718' title='bbox 2817 3815 3089 3886; x_wconf 83' lang='lat' dir='ltr'><strong>hypostasi</strong></span> <span class='ocrx_word' id='word_1_719' title='bbox 3151 3830 3427 3887; x_wconf 81' lang='lat' dir='ltr'><strong>constans,</strong></span> <span class='ocrx_word' id='word_1_720' title='bbox 3458 3828 3550 3878; x_wconf 71' lang='lat' dir='ltr'><strong>st-tl</strong></span> 
     </span>
    </p>
   </div>
   <div class='ocr_carea' id='block_1_92' title="bbox 1982 3895 3548 3974">
    <p class='ocr_par' dir='ltr' id='par_1_92' title="bbox 1982 3895 3548 3974">
     <span class='ocr_line' id='line_1_92' title="bbox 1982 3895 3548 3974; baseline 0.01 -25"><span class='ocrx_word' id='word_1_721' title='bbox 1982 3895 2036 3949; x_wconf 91' lang='lat' dir='ltr'><strong>in</strong></span> <span class='ocrx_word' id='word_1_722' title='bbox 2061 3897 2320 3953; x_wconf 89' lang='lat' dir='ltr'><strong>unitatem</strong></span> <span class='ocrx_word' id='word_1_723' title='bbox 2364 3901 2666 3957; x_wconf 79' lang='lat' dir='ltr'><strong>divinitatis</strong></span> <span class='ocrx_word' id='word_1_724' title='bbox 2706 3919 2803 3974; x_wconf 82' lang='lat' dir='ltr'><strong>per</strong></span> <span class='ocrx_word' id='word_1_725' title='bbox 2855 3909 3159 3961; x_wconf 89' lang='lat' dir='ltr'><strong>naturalem</strong></span> <span class='ocrx_word' id='word_1_726' title='bbox 3213 3913 3548 3965; x_wconf 85' lang='lat' dir='ltr'><strong>identitatetn</strong></span> 
     </span>
    </p>
   </div>
   <div class='ocr_carea' id='block_1_93' title="bbox 1983 3990 3551 4070">
    <p class='ocr_par' dir='ltr' id='par_1_93' title="bbox 1983 3990 3551 4070">
     <span class='ocr_line' id='line_1_93' title="bbox 1983 3990 3551 4070; baseline 0.01 -29"><span class='ocrx_word' id='word_1_727' title='bbox 1983 3990 2300 4055; x_wconf 88' lang='lat' dir='ltr'><strong>constricta;</strong></span> <span class='ocrx_word' id='word_1_728' title='bbox 2333 4005 2400 4046; x_wconf 87' lang='lat' dir='ltr'><strong>ne</strong></span> <span class='ocrx_word' id='word_1_729' title='bbox 2425 3992 2600 4060; x_wconf 85' lang='lat' dir='ltr'><strong>aliqua</strong></span> <span class='ocrx_word' id='word_1_730' title='bbox 2633 3995 2875 4048; x_wconf 85' lang='lat' dir='ltr'><strong>confusio</strong></span> <span class='ocrx_word' id='word_1_731' title='bbox 2928 3996 3020 4049; x_wconf 76' lang='lat' dir='ltr'><strong>fiat</strong></span> <span class='ocrx_word' id='word_1_732' title='bbox 3076 3998 3254 4053; x_wconf 81' lang='lat' dir='ltr'><strong>Patris</strong></span> <span class='ocrx_word' id='word_1_733' title='bbox 3314 4009 3368 4054; x_wconf 89' lang='lat' dir='ltr'><strong>et</strong></span> <span class='ocrx_word' id='word_1_734' title='bbox 3410 4001 3551 4070; x_wconf 86' lang='lat' dir='ltr'><strong>Filii,</strong></span> 
     </span>
    </p>
   </div>
   <div class='ocr_carea' id='block_1_94' title="bbox 1984 4083 3543 4166">
    <p class='ocr_par' dir='ltr' id='par_1_94' title="bbox 1984 4083 3543 4166">
     <span class='ocr_line' id='line_1_94' title="bbox 1984 4083 3543 4166; baseline 0.009 -32"><span class='ocrx_word' id='word_1_735' title='bbox 1984 4091 2337 4136; x_wconf 88' lang='lat' dir='ltr'><strong>concurrente</strong></span> <span class='ocrx_word' id='word_1_736' title='bbox 2369 4083 2420 4135; x_wconf 92' lang='lat' dir='ltr'><strong>in</strong></span> <span class='ocrx_word' id='word_1_737' title='bbox 2453 4085 2619 4136; x_wconf 88' lang='lat' dir='ltr'><strong>solam</strong></span> <span class='ocrx_word' id='word_1_738' title='bbox 2643 4085 2903 4137; x_wconf 83' lang='lat' dir='ltr'><strong>unitatem</strong></span> <span class='ocrx_word' id='word_1_739' title='bbox 2929 4088 3232 4156; x_wconf 86' lang='lat' dir='ltr'><strong>hypostasi,</strong></span> <span class='ocrx_word' id='word_1_740' title='bbox 3256 4105 3376 4145; x_wconf 87' lang='lat' dir='ltr'><strong>cum</strong></span> <span class='ocrx_word' id='word_1_741' title='bbox 3403 4109 3543 4166; x_wconf 80' lang='lat' dir='ltr'><strong>mag-</strong></span> 
     </span>
    </p>
   </div>
   <div class='ocr_carea' id='block_1_95' title="bbox 1986 4174 3551 4244">
    <p class='ocr_par' dir='ltr' id='par_1_95' title="bbox 1986 4174 3551 4244">
     <span class='ocr_line' id='line_1_95' title="bbox 1986 4174 3551 4244; baseline 0.012 -20"><span class='ocrx_word' id='word_1_742' title='bbox 1986 4185 2050 4224; x_wconf 89' lang='lat' dir='ltr'><strong>na</strong></span> <span class='ocrx_word' id='word_1_743' title='bbox 2081 4174 2370 4241; x_wconf 85' lang='lat' dir='ltr'><strong>quaeinter</strong></span> <span class='ocrx_word' id='word_1_744' title='bbox 2424 4189 2518 4228; x_wconf 87' lang='lat' dir='ltr'><strong>cos</strong></span> <span class='ocrx_word' id='word_1_745' title='bbox 2565 4175 2855 4232; x_wconf 80' lang='lat' dir='ltr'><strong>intercedit</strong></span> <span class='ocrx_word' id='word_1_746' title='bbox 2904 4180 3201 4239; x_wconf 86' lang='lat' dir='ltr'><strong>similitudo</strong></span> <span class='ocrx_word' id='word_1_747' title='bbox 3241 4184 3551 4244; x_wconf 83' lang='lat' dir='ltr'><strong>dualilatctn</strong></span> 
     </span>
    </p>
   </div>
   <div class='ocr_carea' id='block_1_96' title="bbox 1986 4266 3552 4337">
    <p class='ocr_par' dir='ltr' id='par_1_96' title="bbox 1986 4266 3552 4337">
     <span class='ocr_line' id='line_1_96' title="bbox 1986 4266 3552 4337; baseline 0.015 -23"><span class='ocrx_word' id='word_1_748' title='bbox 1986 4277 2244 4332; x_wconf 84' lang='lat' dir='ltr'><strong>apparere</strong></span> <span class='ocrx_word' id='word_1_749' title='bbox 2272 4281 2374 4319; x_wconf 87' lang='lat' dir='ltr'><strong>non</strong></span> <span class='ocrx_word' id='word_1_750' title='bbox 2405 4266 2591 4321; x_wconf 87' lang='lat' dir='ltr'><strong>sinat:</strong></span> <span class='ocrx_word' id='word_1_751' title='bbox 2632 4269 2765 4324; x_wconf 85' lang='lat' dir='ltr'><strong>adeo</strong></span> <span class='ocrx_word' id='word_1_752' title='bbox 2815 4278 2874 4326; x_wconf 84' lang='lat' dir='ltr'><strong>ut</strong></span> <span class='ocrx_word' id='word_1_753' title='bbox 2928 4275 3052 4330; x_wconf 82' lang='lat' dir='ltr'><strong>hinc</strong></span> <span class='ocrx_word' id='word_1_754' title='bbox 3107 4278 3351 4334; x_wconf 91' lang='lat' dir='ltr'><strong>nonnulli</strong></span> <span class='ocrx_word' id='word_1_755' title='bbox 3406 4282 3552 4337; x_wconf 85' lang='lat' dir='ltr'><strong>inter</strong></span> 
     </span>
    </p>
   </div>
   <div class='ocr_carea' id='block_1_97' title="bbox 1986 4352 3557 4432">
    <p class='ocr_par' dir='ltr' id='par_1_97' title="bbox 1986 4352 3557 4432">
     <span class='ocr_line' id='line_1_97' title="bbox 1986 4352 3557 4432; baseline 0.016 -26"><span class='ocrx_word' id='word_1_756' title='bbox 1986 4352 2198 4410; x_wconf 87' lang='lat' dir='ltr'><strong>Patrem</strong></span> <span class='ocrx_word' id='word_1_757' title='bbox 2225 4367 2279 4411; x_wconf 88' lang='lat' dir='ltr'><strong>et</strong></span> <span class='ocrx_word' id='word_1_758' title='bbox 2308 4357 2502 4413; x_wconf 89' lang='lat' dir='ltr'><strong>Filium</strong></span> <span class='ocrx_word' id='word_1_759' title='bbox 2539 4361 2736 4415; x_wconf 89' lang='lat' dir='ltr'><strong>nullam</strong></span> <span class='ocrx_word' id='word_1_760' title='bbox 2759 4363 2918 4432; x_wconf 83' lang='lat' dir='ltr'><strong>plane</strong></span> <span class='ocrx_word' id='word_1_761' title='bbox 2983 4368 3297 4425; x_wconf 86' lang='lat' dir='ltr'><strong>dualitatem</strong></span> <span class='ocrx_word' id='word_1_762' title='bbox 3358 4378 3557 4430; x_wconf 84' lang='lat' dir='ltr'><strong>consti-</strong></span> 
     </span>
    </p>
   </div>
   <div class='ocr_carea' id='block_1_98' title="bbox 1989 4447 3551 4527">
    <p class='ocr_par' dir='ltr' id='par_1_98' title="bbox 1989 4447 3551 4527">
     <span class='ocr_line' id='line_1_98' title="bbox 1989 4447 3551 4527; baseline 0.012 -29"><span class='ocrx_word' id='word_1_763' title='bbox 1989 4448 2206 4499; x_wconf 90' lang='lat' dir='ltr'><strong>tuerint.</strong></span> <span class='ocrx_word' id='word_1_764' title='bbox 2222 4447 2351 4502; x_wconf 86' lang='lat' dir='ltr'><strong>Cum</strong></span> <span class='ocrx_word' id='word_1_765' title='bbox 2383 4465 2512 4504; x_wconf 83' lang='lat' dir='ltr'><strong>vero</strong></span> <span class='ocrx_word' id='word_1_766' title='bbox 2534 4463 2812 4521; x_wconf 85' lang='lat' dir='ltr'><strong>oporteret</strong></span> <span class='ocrx_word' id='word_1_767' title='bbox 2836 4465 2890 4509; x_wconf 91' lang='lat' dir='ltr'><strong>et</strong></span> <span class='ocrx_word' id='word_1_768' title='bbox 2909 4471 3258 4527; x_wconf 81' lang='lat' dir='ltr'><strong>generantcm</strong></span> <span class='ocrx_word' id='word_1_769' title='bbox 3281 4472 3551 4527; x_wconf 88' lang='lat' dir='ltr'><strong>naturam,</strong></span> 
     </span>
    </p>
   </div>
   <div class='ocr_carea' id='block_1_99' title="bbox 1986 4547 3560 4620">
    <p class='ocr_par' dir='ltr' id='par_1_99' title="bbox 1986 4547 3560 4620">
     <span class='ocr_line' id='line_1_99' title="bbox 1986 4547 3560 4620; baseline 0.009 -28"><span class='ocrx_word' id='word_1_770' title='bbox 1986 4547 2039 4593; x_wconf 92' lang='lat' dir='ltr'><strong>et</strong></span> <span class='ocrx_word' id='word_1_771' title='bbox 2067 4553 2186 4594; x_wconf 90' lang='lat' dir='ltr'><strong>eam</strong></span> <span class='ocrx_word' id='word_1_772' title='bbox 2211 4556 2332 4610; x_wconf 72' lang='lat' dir='ltr'><strong>qua:</strong></span> <span class='ocrx_word' id='word_1_773' title='bbox 2360 4557 2424 4597; x_wconf 79' lang='lat' dir='ltr'><strong>ex</strong></span> <span class='ocrx_word' id='word_1_774' title='bbox 2443 4557 2505 4598; x_wconf 92' lang='lat' dir='ltr'><strong>ea</strong></span> <span class='ocrx_word' id='word_1_775' title='bbox 2542 4548 2720 4614; x_wconf 90' lang='lat' dir='ltr'><strong>genita</strong></span> <span class='ocrx_word' id='word_1_776' title='bbox 2747 4557 2831 4602; x_wconf 89' lang='lat' dir='ltr'><strong>est</strong></span> <span class='ocrx_word' id='word_1_777' title='bbox 2859 4565 3205 4620; x_wconf 79' lang='lat' dir='ltr'><strong>cognoscere,</strong></span> <span class='ocrx_word' id='word_1_778' title='bbox 3229 4569 3379 4609; x_wconf 86' lang='lat' dir='ltr'><strong>sacra</strong></span> <span class='ocrx_word' id='word_1_779' title='bbox 3412 4554 3560 4611; x_wconf 89' lang='lat' dir='ltr'><strong>Scri-</strong></span> 
     </span>
    </p>
   </div>
   <div class='ocr_carea' id='block_1_100' title="bbox 1989 4633 3556 4710">
    <p class='ocr_par' dir='ltr' id='par_1_100' title="bbox 1989 4633 3556 4710">
     <span class='ocr_line' id='line_1_100' title="bbox 1989 4633 3556 4710; baseline 0.009 -26"><span class='ocrx_word' id='word_1_780' title='bbox 1989 4640 2144 4700; x_wconf 87' lang='lat' dir='ltr'><strong>ptura</strong></span> <span class='ocrx_word' id='word_1_781' title='bbox 2207 4633 2384 4688; x_wconf 85' lang='lat' dir='ltr'><strong>Patris</strong></span> <span class='ocrx_word' id='word_1_782' title='bbox 2421 4645 2475 4688; x_wconf 92' lang='lat' dir='ltr'><strong>et</strong></span> <span class='ocrx_word' id='word_1_783' title='bbox 2500 4635 2619 4690; x_wconf 87' lang='lat' dir='ltr'><strong>Filii</strong></span> <span class='ocrx_word' id='word_1_784' title='bbox 2653 4639 2870 4693; x_wconf 87' lang='lat' dir='ltr'><strong>nomina</strong></span> <span class='ocrx_word' id='word_1_785' title='bbox 2936 4644 3232 4710; x_wconf 89' lang='lat' dir='ltr'><strong>constituit,</strong></span> <span class='ocrx_word' id='word_1_786' title='bbox 3267 4655 3325 4700; x_wconf 89' lang='lat' dir='ltr'><strong>ttt</strong></span> <span class='ocrx_word' id='word_1_787' title='bbox 3379 4646 3556 4700; x_wconf 91' lang='lat' dir='ltr'><strong>lumen</strong></span> 
     </span>
    </p>
   </div>
   <div class='ocr_carea' id='block_1_101' title="bbox 1988 4725 3558 4802">
    <p class='ocr_par' dir='ltr' id='par_1_101' title="bbox 1988 4725 3558 4802">
     <span class='ocr_line' id='line_1_101' title="bbox 1988 4725 3558 4802; baseline 0.008 -25"><span class='ocrx_word' id='word_1_788' title='bbox 1988 4737 2051 4777; x_wconf 79' lang='lat' dir='ltr'><strong>ex</strong></span> <span class='ocrx_word' id='word_1_789' title='bbox 2090 4725 2292 4778; x_wconf 90' lang='lat' dir='ltr'><strong>lumine</strong></span> <span class='ocrx_word' id='word_1_790' title='bbox 2338 4725 2749 4795; x_wconf 82' lang='lat' dir='ltr'><strong>intelligeretur,</strong></span> <span class='ocrx_word' id='word_1_791' title='bbox 2773 4733 2989 4801; x_wconf 83' lang='lat' dir='ltr'><strong>utrique</strong></span> <span class='ocrx_word' id='word_1_792' title='bbox 3020 4736 3293 4802; x_wconf 87' lang='lat' dir='ltr'><strong>propriam</strong></span> <span class='ocrx_word' id='word_1_793' title='bbox 3321 4751 3473 4787; x_wconf 88' lang='lat' dir='ltr'><strong>suam</strong></span> <span class='ocrx_word' id='word_1_794' title='bbox 3494 4751 3558 4790; x_wconf 88' lang='lat' dir='ltr'><strong>ac</strong></span> 
     </span>
    </p>
   </div>
   <div class='ocr_carea' id='block_1_102' title="bbox 1989 4815 3557 4889">
    <p class='ocr_par' dir='ltr' id='par_1_102' title="bbox 1989 4815 3557 4889">
     <span class='ocr_line' id='line_1_102' title="bbox 1989 4815 3557 4889; baseline 0.006 -21"><span class='ocrx_word' id='word_1_795' title='bbox 1989 4815 2314 4884; x_wconf 88' lang='lat' dir='ltr'><strong>peculiarem</strong></span> <span class='ocrx_word' id='word_1_796' title='bbox 2350 4818 2682 4886; x_wconf 84' lang='lat' dir='ltr'><strong>hypostasim</strong></span> <span class='ocrx_word' id='word_1_797' title='bbox 2733 4821 2996 4889; x_wconf 83' lang='lat' dir='ltr'><strong>tribuens,</strong></span> <span class='ocrx_word' id='word_1_798' title='bbox 3036 4834 3248 4878; x_wconf 82' lang='lat' dir='ltr'><strong>servata</strong></span> <span class='ocrx_word' id='word_1_799' title='bbox 3293 4833 3471 4877; x_wconf 89' lang='lat' dir='ltr'><strong>tamen</strong></span> <span class='ocrx_word' id='word_1_800' title='bbox 3506 4826 3557 4878; x_wconf 92' lang='lat' dir='ltr'><strong>in</strong></span> 
     </span>
    </p>
   </div>
   <div class='ocr_carea' id='block_1_103' title="bbox 1990 4907 3559 4970">
    <p class='ocr_par' dir='ltr' id='par_1_103' title="bbox 1990 4907 3559 4970">
     <span class='ocr_line' id='line_1_103' title="bbox 1990 4907 3559 4970; baseline 0.008 -14"><span class='ocrx_word' id='word_1_801' title='bbox 1990 4913 2220 4970; x_wconf 89' lang='lat' dir='ltr'><strong>utroque</strong></span> <span class='ocrx_word' id='word_1_802' title='bbox 2251 4907 2788 4964; x_wconf 69' lang='lat' dir='ltr'><strong>naturaeidentitate.</strong></span> <span class='ocrx_word' id='word_1_803' title='bbox 2830 4911 3040 4968; x_wconf 71' lang='lat' dir='ltr'><strong>Nostras</strong></span> <span class='ocrx_word' id='word_1_804' title='bbox 3093 4926 3220 4965; x_wconf 78' lang='lat' dir='ltr'><strong>vero</strong></span> <span class='ocrx_word' id='word_1_805' title='bbox 3261 4922 3559 4968; x_wconf 86' lang='lat' dir='ltr'><strong>consuetu-</strong></span> 
     </span>
    </p>
   </div>
   <div class='ocr_carea' id='block_1_104' title="bbox 1992 4994 3562 5074">
    <p class='ocr_par' dir='ltr' id='par_1_104' title="bbox 1992 4994 3562 5074">
     <span class='ocr_line' id='line_1_104' title="bbox 1992 4994 3562 5074; baseline 0.004 -26"><span class='ocrx_word' id='word_1_806' title='bbox 1992 4994 2100 5048; x_wconf 89' lang='lat' dir='ltr'><strong>dini</strong></span> <span class='ocrx_word' id='word_1_807' title='bbox 2127 5009 2244 5048; x_wconf 90' lang='lat' dir='ltr'><strong>scse</strong></span> <span class='ocrx_word' id='word_1_808' title='bbox 2273 5003 2705 5064; x_wconf 88' lang='lat' dir='ltr'><strong>accommodans,</strong></span> <span class='ocrx_word' id='word_1_809' title='bbox 2738 5001 2883 5054; x_wconf 89' lang='lat' dir='ltr'><strong>Patri</strong></span> <span class='ocrx_word' id='word_1_810' title='bbox 2911 5003 3011 5054; x_wconf 87' lang='lat' dir='ltr'><strong>hoc</strong></span> <span class='ocrx_word' id='word_1_811' title='bbox 3043 5000 3225 5054; x_wconf 89' lang='lat' dir='ltr'><strong>tribuit</strong></span> <span class='ocrx_word' id='word_1_812' title='bbox 3277 5010 3336 5057; x_wconf 91' lang='lat' dir='ltr'><strong>ut</strong></span> <span class='ocrx_word' id='word_1_813' title='bbox 3389 5004 3562 5074; x_wconf 64' lang='lat' dir='ltr'><strong>major</strong></span> 
     </span>
    </p>
   </div>
   <div class='ocr_carea' id='block_1_105' title="bbox 1991 5087 3558 5162">
    <p class='ocr_par' dir='ltr' id='par_1_105' title="bbox 1991 5087 3558 5162">
     <span class='ocr_line' id='line_1_105' title="bbox 1991 5087 3558 5162; baseline 0.008 -22"><span class='ocrx_word' id='word_1_814' title='bbox 1991 5087 2095 5140; x_wconf 87' lang='lat' dir='ltr'><strong>sit:</strong></span> <span class='ocrx_word' id='word_1_815' title='bbox 2125 5096 2184 5138; x_wconf 92' lang='lat' dir='ltr'><strong>ut</strong></span> <span class='ocrx_word' id='word_1_816' title='bbox 2211 5087 2464 5139; x_wconf 87' lang='lat' dir='ltr'><strong>nimirum</strong></span> <span class='ocrx_word' id='word_1_817' title='bbox 2520 5089 2879 5158; x_wconf 81' lang='lat' dir='ltr'><strong>undequaqu‘e</strong></span> <span class='ocrx_word' id='word_1_818' title='bbox 2934 5091 3165 5145; x_wconf 85' lang='lat' dir='ltr'><strong>dualitas</strong></span> <span class='ocrx_word' id='word_1_819' title='bbox 3207 5107 3558 5162; x_wconf 88' lang='lat' dir='ltr'><strong>personarum</strong></span> 
     </span>
    </p>
   </div>
   <div class='ocr_carea' id='block_1_106' title="bbox 1992 5181 3565 5259">
    <p class='ocr_par' dir='ltr' id='par_1_106' title="bbox 1992 5181 3565 5259">
     <span class='ocr_line' id='line_1_106' title="bbox 1992 5181 3565 5259; baseline 0.007 -28"><span class='ocrx_word' id='word_1_820' title='bbox 1992 5181 2260 5248; x_wconf 74' lang='lat' dir='ltr'><strong>gignentis</strong></span> <span class='ocrx_word' id='word_1_821' title='bbox 2289 5190 2339 5232; x_wconf 93' lang='lat' dir='ltr'><strong>et</strong></span> <span class='ocrx_word' id='word_1_822' title='bbox 2363 5182 2556 5249; x_wconf 55' lang='lat' dir='ltr'><strong>genita</strong></span> <span class='ocrx_word' id='word_1_823' title='bbox 2591 5181 2943 5251; x_wconf 79' lang='lat' dir='ltr'><strong>signiﬁcetur;</strong></span> <span class='ocrx_word' id='word_1_824' title='bbox 2977 5182 3164 5238; x_wconf 87' lang='lat' dir='ltr'><strong>tribuit</strong></span> <span class='ocrx_word' id='word_1_825' title='bbox 3186 5198 3366 5243; x_wconf 89' lang='lat' dir='ltr'><strong>autem</strong></span> <span class='ocrx_word' id='word_1_826' title='bbox 3391 5205 3565 5259; x_wconf 64' lang='lat' dir='ltr'><strong>aequa-</strong></span> 
     </span>
    </p>
   </div>
   <div class='ocr_carea' id='block_1_107' title="bbox 1991 5273 3566 5342">
    <p class='ocr_par' dir='ltr' id='par_1_107' title="bbox 1991 5273 3566 5342">
     <span class='ocr_line' id='line_1_107' title="bbox 1991 5273 3566 5342; baseline 0.006 -17"><span class='ocrx_word' id='word_1_827' title='bbox 1991 5273 2220 5338; x_wconf 82' lang='lat' dir='ltr'><strong>litatem,</strong></span> <span class='ocrx_word' id='word_1_828' title='bbox 2249 5287 2316 5328; x_wconf 89' lang='lat' dir='ltr'><strong>ne</strong></span> <span class='ocrx_word' id='word_1_829' title='bbox 2347 5273 2522 5342; x_wconf 88' lang='lat' dir='ltr'><strong>aliqua</strong></span> <span class='ocrx_word' id='word_1_830' title='bbox 2555 5275 2728 5330; x_wconf 85' lang='lat' dir='ltr'><strong>Patris</strong></span> <span class='ocrx_word' id='word_1_831' title='bbox 2762 5290 2792 5330; x_wconf 91' lang='lat' dir='ltr'><strong>a</strong></span> <span class='ocrx_word' id='word_1_832' title='bbox 2831 5275 2967 5330; x_wconf 83' lang='lat' dir='ltr'><strong>Filio</strong></span> <span class='ocrx_word' id='word_1_833' title='bbox 2993 5279 3238 5334; x_wconf 68' lang='lat' dir='ltr'><strong>essentia:</strong></span> <span class='ocrx_word' id='word_1_834' title='bbox 3290 5281 3566 5335; x_wconf 77' lang='lat' dir='ltr'><strong>dissimili-</strong></span> 
     </span>
    </p>
   </div>
   <div class='ocr_carea' id='block_1_108' title="bbox 1995 5365 3567 5437">
    <p class='ocr_par' dir='ltr' id='par_1_108' title="bbox 1995 5365 3567 5437">
     <span class='ocr_line' id='line_1_108' title="bbox 1995 5365 3567 5437; baseline 0.004 -20"><span class='ocrx_word' id='word_1_835' title='bbox 1995 5365 2490 5434; x_wconf 82' lang='lat' dir='ltr'><strong>tttdointelligatnr.</strong></span> <span class='ocrx_word' id='word_1_836' title='bbox 2527 5365 2770 5437; x_wconf 57' lang='lat' dir='ltr'><strong>[Equalis</strong></span> <span class='ocrx_word' id='word_1_837' title='bbox 2815 5368 2996 5436; x_wconf 88' lang='lat' dir='ltr'><strong>itaque</strong></span> <span class='ocrx_word' id='word_1_838' title='bbox 3052 5372 3301 5426; x_wconf 77' lang='lat' dir='ltr'><strong>essentia:</strong></span> <span class='ocrx_word' id='word_1_839' title='bbox 3357 5371 3567 5425; x_wconf 87' lang='lat' dir='ltr'><strong>ratione</strong></span> 
     </span>
    </p>
   </div>
   <div class='ocr_carea' id='block_1_109' title="bbox 1996 5456 3565 5530">
    <p class='ocr_par' dir='ltr' id='par_1_109' title="bbox 1996 5456 3565 5530">
     <span class='ocr_line' id='line_1_109' title="bbox 1996 5456 3565 5530; baseline 0.003 -20"><span class='ocrx_word' id='word_1_840' title='bbox 1996 5456 2262 5510; x_wconf 81' lang='lat' dir='ltr'><strong>exsisteus</strong></span> <span class='ocrx_word' id='word_1_841' title='bbox 2289 5471 2410 5509; x_wconf 88' lang='lat' dir='ltr'><strong>cum</strong></span> <span class='ocrx_word' id='word_1_842' title='bbox 2475 5456 2634 5512; x_wconf 83' lang='lat' dir='ltr'><strong>Patre</strong></span> <span class='ocrx_word' id='word_1_843' title='bbox 2686 5457 2874 5521; x_wconf 84' lang='lat' dir='ltr'><strong>Filius,</strong></span> <span class='ocrx_word' id='word_1_844' title='bbox 2910 5459 3208 5530; x_wconf 89' lang='lat' dir='ltr'><strong>similisque</strong></span> <span class='ocrx_word' id='word_1_845' title='bbox 3239 5474 3334 5528; x_wconf 90' lang='lat' dir='ltr'><strong>per</strong></span> <span class='ocrx_word' id='word_1_846' title='bbox 3359 5461 3565 5523; x_wconf 86' lang='lat' dir='ltr'><strong>omnia,</strong></span> 
     </span>
    </p>
   </div>
   <div class='ocr_carea' id='block_1_110' title="bbox 306 5537 3566 5628">
    <p class='ocr_par' dir='ltr' id='par_1_110' title="bbox 306 5537 3566 5628">
     <span class='ocr_line' id='line_1_110' title="bbox 306 5537 3566 5628; baseline -0.002 -16"><span class='ocrx_word' id='word_1_847' title='bbox 306 5560 566 5628; x_wconf 83' lang='lat' dir='ltr'><strong>majorem</strong></span> <span class='ocrx_word' id='word_1_848' title='bbox 589 5558 740 5613; x_wconf 90' lang='lat' dir='ltr'><strong>illum</strong></span> <span class='ocrx_word' id='word_1_849' title='bbox 763 5566 942 5622; x_wconf 74' lang='lat' dir='ltr'><strong>vocat,</strong></span> <span class='ocrx_word' id='word_1_850' title='bbox 978 5567 1230 5624; x_wconf 87' lang='lat' dir='ltr'><strong>tanquam</strong></span> <span class='ocrx_word' id='word_1_851' title='bbox 1286 5537 1550 5623; x_wconf 78' lang='lat' dir='ltr'><strong>principio</strong></span> <span class='ocrx_word' id='word_1_852' title='bbox 1581 5561 1878 5614; x_wconf 81' lang='lat' dir='ltr'><strong>carentem,</strong></span> <span class='ocrx_word' id='word_1_853' title='bbox 1917 5551 2028 5622; x_wconf 77' lang='grc'>86</span> <span class='ocrx_word' id='word_1_854' title='bbox 2075 5553 2188 5620; x_wconf 88' lang='lat' dir='ltr'><strong>ipse</strong></span> <span class='ocrx_word' id='word_1_855' title='bbox 2219 5552 2542 5622; x_wconf 89' lang='lat' dir='ltr'><strong>principium</strong></span> <span class='ocrx_word' id='word_1_856' title='bbox 2604 5552 2805 5608; x_wconf 87' lang='lat' dir='ltr'><strong>habens</strong></span> <span class='ocrx_word' id='word_1_857' title='bbox 2834 5565 2899 5605; x_wconf 86' lang='lat' dir='ltr'><strong>ca</strong></span> <span class='ocrx_word' id='word_1_858' title='bbox 2940 5561 3148 5609; x_wconf 87' lang='lat' dir='ltr'><strong>tantum</strong></span> <span class='ocrx_word' id='word_1_859' title='bbox 3187 5553 3394 5609; x_wconf 74' lang='lat' dir='ltr'><strong>ratione</strong></span> <span class='ocrx_word' id='word_1_860' title='bbox 3424 5555 3566 5622; x_wconf 85' lang='lat' dir='ltr'><strong>quod</strong></span> 
     </span>
    </p>
   </div>
   <div class='ocr_carea' id='block_1_111' title="bbox 301 5647 2267 5717">
    <p class='ocr_par' dir='ltr' id='par_1_111' title="bbox 301 5647 2267 5717">
     <span class='ocr_line' id='line_1_111' title="bbox 301 5647 2267 5717; baseline -0.005 -8"><span class='ocrx_word' id='word_1_861' title='bbox 301 5670 370 5709; x_wconf 71' lang='lat' dir='ltr'><strong>ex</strong></span> <span class='ocrx_word' id='word_1_862' title='bbox 397 5654 551 5710; x_wconf 82' lang='lat' dir='ltr'><strong>Patre</strong></span> <span class='ocrx_word' id='word_1_863' title='bbox 601 5665 708 5717; x_wconf 72' lang='lat' dir='ltr'><strong>est,</strong></span> <span class='ocrx_word' id='word_1_864' title='bbox 747 5653 964 5708; x_wconf 85' lang='lat' dir='ltr'><strong>tametsi</strong></span> <span class='ocrx_word' id='word_1_865' title='bbox 1021 5651 1349 5706; x_wconf 68' lang='lat' dir='ltr'><strong>exsistentize</strong></span> <span class='ocrx_word' id='word_1_866' title='bbox 1420 5650 1628 5703; x_wconf 76' lang='lat' dir='ltr'><strong>ratione</strong></span> <span class='ocrx_word' id='word_1_867' title='bbox 1688 5663 1807 5702; x_wconf 84' lang='lat' dir='ltr'><strong>cum</strong></span> <span class='ocrx_word' id='word_1_868' title='bbox 1859 5663 1922 5702; x_wconf 90' lang='lat' dir='ltr'><strong>co</strong></span> <span class='ocrx_word' id='word_1_869' title='bbox 1963 5647 2267 5701; x_wconf 83' lang='lat' dir='ltr'><strong>conveniat.</strong></span> 
     </span>
    </p>
   </div>
   <div class='ocr_carea' id='block_1_112' title="bbox 377 5829 1007 5901">
    <p class='ocr_par' dir='ltr' id='par_1_112' title="bbox 377 5829 1007 5901">
     <span class='ocr_line' id='line_1_112' title="bbox 377 5829 1007 5901; baseline -0.01 -11"><span class='ocrx_word' id='word_1_870' title='bbox 377 5835 612 5891; x_wconf 76' lang='lat' dir='ltr'><strong>“lCur.</strong></span> <span class='ocrx_word' id='word_1_871' title='bbox 651 5849 752 5901; x_wconf 69' lang='grc' dir='ltr'>λιι,</span> <span class='ocrx_word' id='word_1_872' title='bbox 793 5833 880 5897; x_wconf 78' lang='grc' dir='ltr'><strong>ιυ,</strong></span> <span class='ocrx_word' id='word_1_873' title='bbox 922 5829 1007 5884; x_wconf 87' lang='lat' dir='ltr'><strong>ll.</strong></span> 
     </span>
    </p>
   </div>
   <div class='ocr_carea' id='block_1_113' title="bbox 1089 5825 2150 5894">
    <p class='ocr_par' dir='ltr' id='par_1_113' title="bbox 1089 5825 2150 5894">
     <span class='ocr_line' id='line_1_113' title="bbox 1089 5825 2150 5894; baseline 0.025 -17"><span class='ocrx_word' id='word_1_874' title='bbox 1089 5828 1130 5860; x_wconf 66' lang='grc' dir='ltr'><strong>ιθ</strong></span> <span class='ocrx_word' id='word_1_875' title='bbox 1164 5826 1317 5880; x_wconf 82' lang='lat' dir='ltr'><strong>Joan.</strong></span> <span class='ocrx_word' id='word_1_876' title='bbox 1361 5842 1466 5892; x_wconf 78' lang='lat' dir='ltr'><strong>xw,</strong></span> <span class='ocrx_word' id='word_1_877' title='bbox 1495 5827 1584 5882; x_wconf 72' lang='lat'><strong>‘28.</strong></span> <span class='ocrx_word' id='word_1_878' title='bbox 1664 5827 1707 5857; x_wconf 87' lang='grc'><strong>²⁰</strong></span> <span class='ocrx_word' id='word_1_879' title='bbox 1739 5825 1967 5894; x_wconf 71' lang='grc' dir='ltr'><strong>ΡΙιιῖῐΡΡ·</strong></span> <span class='ocrx_word' id='word_1_880' title='bbox 2005 5839 2062 5886; x_wconf 75' lang='grc'><strong>¹¹’</strong></span> <span class='ocrx_word' id='word_1_881' title='bbox 2098 5825 2150 5880; x_wconf 67' lang='grc' dir='ltr'>θ’</span> 
     </span>
    </p>
   </div>
  </div>
