4056 6264
479 414 583 470 145

1161 515 1392 570 ALIUD.

544 640 675 706 Quae
705 635 948 704 ejusdem
984 631 1306 688 substantiae
1336 636 1463 683 sunt
1494 636 1549 683 et
1586 636 1837 691 maturae,
1883 624 2060 694 magis

473 731 639 786 etiam
679 727 899 799 proprie
923 725 1070 780 inter
1100 737 1160 778 se
1193 719 1428 776 conferri
1459 726 1717 788 possunt;
1751 732 1870 788 quae
1930 731 2061 772 vero

476 823 552 877 ita
579 833 701 876 sese
725 833 836 874 non
868 817 1091 880 habent,
1117 813 1211 868 sed
1237 811 1468 866 diversa:
1496 820 1710 864 naturae
1730 817 1877 871 sunt,
1897 817 2061 878 atque

471 927 537 969 ea
573 913 640 968 de
668 923 832 966 causa
856 906 1178 964 diversitate
1209 901 1450 973 quadam
1484 903 1628 956 inter
1662 914 1723 956 se
1780 899 2058 966 distincta,

474 999 929 1075 comparariasibi
969 996 1200 1052 invicem
1254 1009 1360 1049 non
1398 1000 1650 1064 possunt.
1701 989 1888 1059 Neque
1913 989 2059 1045 enim

474 1099 763 1166 quisquam
783 1092 890 1148 nisi
913 1089 1102 1160 iudicii
1131 1089 1311 1158 inops,
1338 1085 1574 1141 hominis
1605 1093 1857 1138 naturam
1883 1081 2063 1152 inqui-

474 1204 600 1246 rens
626 1188 791 1253 dicat,
822 1185 1014 1241 bovem
1041 1181 1262 1238 homine
1289 1177 1560 1250 majorem
1588 1189 1735 1241 esse,
1775 1183 1868 1229 aut
1896 1173 2060 1229 vicis-

473 1281 574 1338 sim
589 1279 742 1336 bovis
759 1285 1012 1332 naturam
1058 1288 1220 1331 nosse
1248 1272 1460 1335 volens,
1491 1268 1635 1324 dicat
1662 1267 1940 1323 hominem
1988 1280 2056 1321 eo

472 1373 905 1443 inajorem'esse.
953 1367 1084 1434 Quae
1127 1365 1269 1420 enim
1303 1362 1545 1432 ejusdem
1579 1369 1788 1415 naturae
1829 1373 1895 1414 ac
1934 1371 2061 1427 spe-

472 1465 576 1520 ciei
603 1470 749 1527 sunt,
777 1470 837 1516 ut
863 1461 1064 1515 dictum
1093 1466 1197 1522 est,
1231 1470 1293 1510 ea
1321 1453 1606 1510 commode
1640 1461 1877 1521 apteque
1919 1449 2065 1504 inter

473 1572 533 1613 se
552 1555 928 1614 conferuntur.
966 1552 1024 1606 Si
1067 1551 1251 1620 itaque
1277 1547 1580 1612 confertur,
1604 1545 1900 1600 secundum
1944 1557 2062 1608 vos,

473 1648 646 1705 Filius
670 1662 792 1702 cum
812 1645 994 1709 Patre,
1015 1643 1241 1698 ratione
1274 1638 1496 1708 majoris
1529 1645 1585 1693 et
1638 1636 1888 1702 minoris,
1928 1651 2066 1691 con—

473 1738 851 1798 substantialis
876 1745 1028 1792 certe
1051 1749 1227 1804 neque
1261 1732 1514 1787 diversus
1541 1730 1609 1785 ab
1638 1743 1703 1784 eo
1746 1729 1889 1783 erit.
1919 1727 2064 1782 Con-

471 1828 826 1888 substantiale
855 1836 1036 1882 autem
1067 1840 1175 1878 non
1212 1831 1391 1894 potest
1454 1817 1912 1876 consubstantiali
1951 1832 2064 1872 ma-

1471 395 1527 450 S.
1571 389 1849 448 CYRILLI
1889 387 2364 444 ALEXANDIHNI
2404 385 2726 443 ARCHIEP.

3648 387 3746 442 ιιι

2853 505 3058 562 ΑΑΛΘ.

2235 620 2318 674 Τὰ
2345 621 2446 690 τῆς
2486 621 2656 692 αὐτῆς
2701 620 2889 686 οὐσίας
2931 619 3063 674 ὄντα
3106 617 3208 671 καὶ
3255 616 3472 687 φύσεως
3513 615 3606 670 καὶ
3650 619 3746 689 τὴν

2165 714 2305 784 πρὸς
2333 713 2540 782 ἄλληλα
2587 713 2877 784 σύγκρισιν
2908 711 3251 784 κυριωτέραν
3298 711 3637 782 ἐπιδέχεται·
3681 722 3749 765 τα

2160 805 2217 858 δὲ
2252 805 2327 876 μὴ
2350 804 2522 869 οὕτως
2551 805 2765 877 ἔχοντα,
2796 804 3066 877 ἑτεροφυῆ
3089 803 3147 857 δὲ
3169 803 3320 868 ὅντα,
3341 803 3439 856 καὶ
3468 802 3557 856 διὰ
3593 801 3751 856 τοῦτο

2161 898 2499 969 τεμνόμενα·
2529 898 2664 969 πρὸς
2704 897 3147 969 ἀλλοτριότητα,
3204 896 3304 950 οὐκ
3362 895 3431 949 ἂν
3499 894 3752 967 ἀλλήλοις

2168 993 2552 1062 συγκρίνοιτο·
2582 991 2910 1046 ἀπαιδευσία
2944 991 3055 1062 γὰρ
3087 990 3244 1044 τοῦτό
3287 1007 3370 1059 γε.
3405 990 3496 1042 -Οὐ
3526 988 3639 1061 γὰρ
3688 989 3755 1043 ἄν

2162 1098 2249 1144 τις
2278 1081 2422 1135 εἴποι
2447 1083 2571 1136 νοῦν
2603 1081 2762 1152 ἔχων,
2791 1081 3016 1152 μείζονα
3037 1080 3133 1134 τοῦ
3158 1079 3447 1151 ἀνθρώπου
3483 1081 3577 1133 τὸν
3603 1078 3751 1150 βοῦν,

2169 1174 2272 1245 τὴν
2301 1173 2591 1244 ἀνθρώπου
2616 1173 2779 1244 φύσιν
2809 1173 3045 1244 ἐρευνῶν
3063 1189 3080 1208 ο
3113 1173 3221 1226 οὐδ’
3252 1169 3319 1227 αὖ
3355 1172 3641 1244 πάλινντὴν
3661 1171 3754 1227 τοῦ

2172 1266 2292 1338 βοὸς
2317 1267 2583 1337 ἐκμαθεῖν
2616 1266 2877 1338 βούλοιτο,
2898 1265 3122 1338 μείζονα
3136 1266 3329 1320 τούτου
3354 1266 3445 1319 τὸν
3467 1266 3756 1338 ἄνθρωπον

2163 1361 2332 1430 λέγοι.
2367 1360 2450 1415 Τὰ
2477 1360 2588 1430 γὰρ
2625 1361 2838 1431 ὁμοφυῆ
2872 1376 2933 1412 τε
2963 1361 3059 1412 καὶ
3087 1359 3310 1430 ὁμοειδῆ
3337 1397 3352 1423 ,
3392 1358 3652 1430 καθάπερ
3682 1359 3766 1412 εἰει.

2169 1467 2354 1522 ρηται,
2388 1449 2488 1522 τὴν
2518 1451 2655 1522 πρὸς
2682 1449 2890 1521 ἄλληλα
2917 1447 3210 1520 σύγκρισιν
3243 1448 3540 1502 ἀκόλουθόν
3562 1465 3628 1502 τε
3661 1449 3758 1501 καὶ

2169 1543 2488 1613 πρέπουσαν
2515 1542 2653 1612 ἔχει.
2672 1543 2746 1595 Εἰ
2784 1542 2968 1596 τοίνυν
2995 1542 3386 1614 συγκρίνεται,
3423 1543 3546 1597 καθ’
3576 1543 3756 1615 ὑμᾶς.

2163 1635 2192 1687 6
2218 1635 2348 1698 Υἱὸς
2375 1635 2452 1707 τῷ
2482 1637 2659 1707 Πατρι
2688 1635 2830 1689 κατὰ
2857 1635 2918 1688 τὸ
2954 1633 3140 1706 μεῖζον
3165 1637 3262 1690 καὶ
3295 1636 3536 1702 ἔλαττον,
3561 1637 3759 1708 όμοού-

2168 1747 2283 1794 σιος
2321 1731 2432 1802 ἄρα
2463 1731 2556 1784 καὶ
2579 1731 2680 1784 οὐκ
2711 1730 2991 1803 ἀλλότριος
3020 1729 3186 1786 αὐτοῦ
3215 1717 3390 1786 eam;
3437 1731 3759 1803 Ὀμοούσιον

2168 1820 2226 1873 δὲ
2252 1819 2543 1890 όμοουσίου
2571 1820 2671 1874 οὐκ
2701 1818 2770 1873 ἂν
2795 1819 3006 1889 γένοιτο
3038 1820 3222 1892 μεῖξον
3244 1821 3339 1874 καὶ
3368 1819 3592 1874 ἔλαττον
3617 1820 3760 1874 κατὰ

468 1922 558 1990 jus
581 1928 674 1975 aut
692 1919 871 1974 minus
907 1931 1032 1994 esse
1057 1916 1269 1972 ratione
1291 1912 1612 1969 substantiae
1649 1928 1665 1966 :
1713 1925 1890 1981 neque
1917 1911 2063 1964 enim

2172 1912 2259 1967 τὸν
2289 1889 2390 1983 τῆς
2422 1912 2611 1974 οὐσίας
2638 1913 2793 1981 λόγον
2824 1931 2836 1942 ·
2866 1914 2926 1966 οὐ
2960 1889 3069 1984 γὰρ
3097 1913 3301 1984 μείζων
3329 1914 3620 1984 ἄνθρωπος
3661 1915 3758 1968 ἀν-

475 2016 640 2070 homo
669 2013 887 2068 homine
916 2010 1091 2080 major
1115 2019 1221 2074 est,
1248 2016 1520 2078 quatenus
1556 2006 1713 2062 homo
1737 2015 1838 2061 est.
1864 2003 2065 2075 Equa-

472 2106 542 2162 lis
574 2105 740 2177 igitur
768 2112 853 2160 est
882 2114 935 2158 et
959 2100 1442 2158 consubstantialis
1507 2098 1652 2153 Patri
1726 2097 1932 2164 Filius;
1977 2112 2066 2152 rae

475 2201 623 2256 tione
647 2213 778 2255 vero
805 2195 1204 2261 incarnationis.
1227 2193 1501 2250 credimus
1535 2191 1746 2246 Patrem
1777 2188 2048 2258 majorem

355 2333 362 2341 .
473 2308 504 2348 a
535 2291 673 2347 Filio
702 2287 1386 2356 vocatum.Quandoenim
1407 2285 1802 2342 humanitatem
1817 2298 2065 2356 assump-

473 2385 568 2452 sit,
599 2392 714 2440 tum
745 2382 908 2438 etiam
945 2389 1002 2435 ut
1033 2381 1194 2435 homo
1224 2380 1328 2434 hoc
1363 2377 1526 2435 dixit.

1148 2491 1382 2550 ALIUD.

543 2610 889 2682 Quaecunque
917 2606 1135 2678 proprie
1173 2609 1639 2676 comparationem
1670 2605 1814 2660 inter
1870 2617 1928 2660 se
1970 2603 2067 2658 ad-

2167 2003 2413 2074 θρώπου,
2445 2004 2581 2059 καθὸ
2613 2005 2920 2078 ἄνθρωπος.
2958 2006 3104 2069 Ἵσος
3138 2006 3245 2077 ἄρα
3271 2005 3349 2077 τῷ
3381 2007 3559 2078 Πατρὶ
3600 2007 3700 2062 καὶ
3731 2009 3760 2060 ό

2165 2098 2294 2162 Υίδς
2345 2099 2442 2154 καὶ
2484 2098 2807 2170 ὁμοούσιος·
2853 2099 3216 2170 οἰκονομικῶς
3261 2099 3318 2152 δὲ
3369 2099 3623 2170 εἰρῆσθαι
3675 2117 3763 2152 πι-

2170 2191 2440 2263 στεύομεν
2475 2192 2570 2244 ἐπὶ
2603 2190 2700 2244 τοῦ
2749 2193 2964 2264 Πατρδς
3004 2194 3065 2246 τὸ
3109 2189 3314 2263 μεῖξον.
3340 2191 3470 2245 Ὅτε
3517 2189 3630 2264 γὰρ
3669 2193 3762 2246 ὲν-

2170 2284 2545 2356 ανθρωπήσας
2577 2283 2863 2354 φαίνεται,
2896 2284 3020 2337 τότε
3055 2285 3150 2338 καὶ
3179 2281 3336 2337 τοῦτό
3363 2299 3529 2354 φησιν
3551 2282 3629 2348 ὡς
3661 2283 3762 2341 ἄν·

2168 2373 2409 2445 θρωπος.

2842 2491 3054 2545 ΛΑΜ).

2241 2606 2383 2660 Ὅσα
2442 2605 2541 2676 τὴν
2594 2605 2732 2675 πρὸς
2783 2605 2987 2676 ἄλληλα
3037 2603 3330 2676 σύγκρισιν
3375 2605 3578 2676 κυρίως
3640 2606 3760 2658 ἐπι-

476 2705 722 2769 mittunt,
753 2699 1243 2759 consubstantialia
1271 2698 1436 2753 etiam
1489 2709 1614 2753 sunt
1649 2716 1662 2750 :
1713 2697 1874 2752 homo
1917 2695 2065 2751 enim

2172 2697 2405 2768 δέχεται,
2438 2695 2614 2752 ταῦτα
2644 2697 2865 2760 πάντως
2892 2698 3010 2751 ἐστὶ
3031 2698 3125 2751 καὶ
3149 2698 3415 2769 ὀμοούσια
3431 2713 3445 2729 ·
3468 2697 3758 2769 ἄνθρωπος

479 2795 708 2862 homini,
748 2805 802 2852 et
828 2808 1006 2865 equus
1033 2805 1174 2861 equo
1208 2788 1511 2846 confertur.
1564 2786 1882 2843 Dill'crentia
1937 2801 2065 2842 vero

2172 2787 2278 2857 γὰρ
2309 2785 2584 2860 ἀνθρώπῳ
2611 2827 2625 2853 ,
2670 2790 2764 2842 καὶ
2795 2789 2961 2852 ἵππος
2999 2790 3150 2860 ἵππῳ
3191 2789 3565 2861 συγκρίνεται.
3610 2790 3675 2843 Ἦ
3703 2790 3762 2842 δὲ

477 2888 662 2960 quaein
693 2888 758 2942 iis
785 2895 871 2943 est
889 2899 1009 2956 qua:
1033 2881 1275 2950 ejusdem
1302 2879 1502 2950 speciei
1530 2889 1679 2944 sunt,
1722 2879 1777 2933 in
1807 2877 2065 2933 acciden-

2172 2879 2227 2932 ὲν
2250 2880 2362 2943 τοῖς
2389 2879 2659 2950 ὁμοειδέσι
2685 2879 2920 2952 διαφορὰ
2951 2882 3082 2952 περὶ
3112 2881 3182 2935 τὰ
3211 2881 3600 2952 συμϐεϐηκότα
3619 2879 3758 2933 ὲστί·

477 2980 624 3035 tibus
657 2976 949 3042 consistit;
996 2983 1160 3043 atque
1207 2972 1342 3039 haec,
1382 2967 1787 3040 utplurimum,
1839 2983 1904 3023 ειι
1943 2982 2065 3038 ρθεα

2172 2971 2265 3026 καὶ
2298 2971 2494 3036 ταῦτα,
2523 2971 2598 3036 ὡς
2617 2973 2718 3026 ’ἐπὶ
2743 2973 3015 3036 πλεῖστον,
3046 2975 3110 3027 ἐκ
3139 2974 3345 3038 πάθους
3375 2973 3606 3042 γίνεται,
3642 2971 3676 3043 ἢ
3705 2971 3763 3038 ἐξ

478 3073 654 3137 sione,
676 3077 772 3124 aut
799 3067 904 3123 alia
940 3065 1196 3135 quapiam
1231 3077 1393 3118 causa
1417 3060 1572 3125 ﬁunt,
1610 3075 1716 3116 non
1755 3060 1810 3114 in
1859 3061 2065 3116 ratione

2172 3063 2364 3135 ἑτέρας
2386 3063 2532 3128 τινὸς
2557 3064 2759 3130 αἰτίας,
2791 3065 2892 3118 οὐκ
2923 3065 2982 3119 ὲν
3008 3065 3087 3136 τῷ
3110 3065 3253 3138 λόγῳ
3281 3066 3384 3137 τῆς
3419 3065 3611 3128 οὐσίας
3650 3064 3765 3119 κεί-

479 3158 801 3216 substantiae
829 3158 934 3212 sita
967 3146 1114 3219 sunt,
1142 3155 1209 3209 de
1233 3169 1340 3222 qua
1374 3154 1700 3223 praedicetur
1721 3153 1938 3223 aliquod
1973 3167 2065 3208 ac-

2176 3172 2332 3226 μενα,
2360 3155 2484 3209 καθ’
2513 3150 2685 3228 οὗπερ
2732 3157 2799 3210 ἂν
2837 3159 3200 3229 κατηγοροῖτό
3242 3175 3295 3212 τι
3332 3156 3443 3211 τῶν
3494 3155 3766 3228 συμϐεϐη-

478 3252 800 3308 cidentium.
835 3248 906 3306 Ut
948 3247 1182 3316 exempli
1214 3246 1415 3316 gratia,
1455 3245 1618 3301 homo
1675 3249 1892 3302 homine
1948 3261 2065 3301 ma-

2173 3247 2368 3302 κότων.
2399 3243 2526 3300 Οἷον
2555 3248 2689 3320 φέρε
2720 3249 2894 3302 εἰπεῖν
2914 3288 2928 3313 ,
2975 3248 3264 3318 ἄνθρωπος
3311 3246 3602 3318 ἀνθρώπου
3653 3246 3766 3314 μεί-

474 3345 561 3413 jor
589 3351 696 3410 est,
723 3341 1100 3410 magnitudine
1137 3340 1387 3410 corporis
1413 3349 1469 3395 et
1488 3339 1715 3405 robore,
1740 3340 1906 3394 animi
1929 3354 2065 3410 prae-

2172 3335 2302 3403 ζων,
2343 3339 2568 3410 μεγέθει
2600 3338 2854 3410 σώματος
2905 3339 3000 3392 καὶ
3051 3337 3231 3407 ἰσχύϊ,
3263 3337 3444 3409 ψυχῆς
3475 3339 3766 3409 παραστή-

478 3436 676 3502 rentia,
719 3433 921 3489 mentis
955 3431 1242 3498 acumine;
1277 3431 1372 3486 sed
1420 3447 1525 3486 una
1547 3432 1798 3487 omnibus
1833 3439 1916 3486 est
1946 3430 2065 3486 sub«

2176 3449 2329 3502 ματι,
2362 3433 2602 3497 διανοίας
2627 3431 2886 3503 ὀξύτητιο
2927 3431 3044 3486 ἀλλ’
3091 3427 3173 3496 εἷς
3222 3431 3322 3502 μὲν
3365 3431 3569 3485 ἅπασιν
3595 3433 3624 3484 ὁ
3663 3430 3763 3500 τῆς

479 3528 695 3584 stantia:
715 3527 887 3589 ratio,
922 3540 1028 3579 non
1056 3538 1184 3579 vero
1214 3524 1511 3593 separatim
1539 3524 1592 3578 in
1641 3523 1870 3594 singulis
1900 3524 2076 3578 diver-

481 3632 561 3671 sa.
611 3613 930 3670 Accidentia
1005 3621 1190 3668 autem
1257 3627 1323 3668 ex
1368 3613 1635 3684 passione
1704 3613 1868 3669 veluti
1932 3613 2076 3667 radi-

481 3723 544 3762 ce
622 3707 926 3762 oriuntur:
986 3719 1053 3761 ex
1119 3705 1377 3775 passione
1447 3705 1591 3760 enim
1665 3706 1915 3760 infirmus
1979 3707 2068 3775 qui

480 3808 562 3854 est
629 3797 910 3862 infirmus,
995 3807 1051 3851 et
1158 3799 1347 3853 tardus
1429 3795 1701 3852 intellectu
1776 3795 2073 3866 timidoque

481 3889 686 3946 animo.
715 3888 781 3944 Si
813 3903 944 3960 ergo
965 3904 1072 3943 una
1091 3899 1172 3944 est
1195 3897 1391 3945 natura
1419 3889 1720 3959 eademque
1751 3887 2072 3944 substantiae

445 3982 625 4036 ‘ratio
659 3982 725 4037 iis
750 3996 870 4050 quae
887 3981 1108 4052 proprie
1167 3982 1312 4037 inter
1351 3996 1412 4036 se
1447 3980 1752 4051 comparari
1780 3987 2016 4050 possunt
2053 3997 2068 4034 :

479 4088 600 4143 qua:
623 4089 748 4129 vero
773 4073 1100 4130 substantiis
1129 4073 1388 4130 accidunt
1421 4088 1489 4128 ex
1534 4072 1792 4143 passione
1823 4071 2073 4127 oriuntur

481 4175 575 4218 aut
598 4180 662 4221 ex
691 4181 756 4220 eo
779 4167 927 4234 quod
968 4181 1078 4222 non
1120 4166 1402 4237 patiuntur
1431 4182 1457 4218 ς
1501 4172 1852 4235 comparatur
1890 4171 2071 4218 autem

483 4252 653 4309 Filius
676 4253 825 4308 Patri
859 4254 1068 4309 ratione
1101 4253 1326 4322 majoris
1355 4263 1410 4309 et
1430 4255 1680 4323 minoris,
1723 4256 1948 4325 ipseque
1976 4268 2073 4307 ex-

486 4355 565 4398 tra
599 4359 817 4399 omnem
839 4347 1158 4415 passionem
1192 4354 1276 4401 est
1304 4345 1470 4415 (Deus
1502 4349 1647 4400 enim
1702 4347 1808 4414 pati
1840 4361 1947 4400 non
1984 4360 2072 4415 po-

485 4435 636 4504 test),
660 4433 981 4504 nullafplane
1007 4434 1220 4489 ratione
1243 4431 1520 4503 superabit
1544 4431 1711 4487 Pater
1738 4431 1956 4496 Filium,
1977 4433 2069 4503 qui

484 4526 726 4598 ejusdem
744 4542 866 4582 cum
898 4542 962 4583 eo
1009 4528 1259 4582 essentia:
1298 4535 1402 4591 est,
1442 4524 1734 4594 omnisque
1783 4526 2067 4594 passionis

484 4632 681 4686 expers
710 4627 812 4673 est.
837 4617 946 4689 87
975 4616 1188 4672 Dicitur
1218 4630 1348 4672 vero
1409 4614 1606 4685 major,
1642 4625 1695 4669 ut
1737 4614 2067 4684 principium

484 4711 740 4767 comterni
771 4709 1081 4779 geniminis.

517 4822 586 4880 In
615 4825 781 4887 illud,
818 4843 836 4878 ι
877 4824 1038 4879 Pater
1063 4823 1152 4892 qui
1185 4824 1323 4877 misit
1359 4839 1466 4887 me,
1499 4823 1672 4893 major
1697 4838 1776 4877 me
1803 4831 1879 4877 est
1902 4822 1968 4874 “.
2009 4845 2028 4873 ι

927 5001 1010 5057 Ea:
1040 5001 1327 5070 obiectione
1358 4999 1630 5058 Eunomii.

551 5117 712 5184 Atqui
745 5115 1006 5172 Servator
1032 5117 1148 5186 ipse
1178 5131 1284 5171 non
1313 5117 1568 5179 obscure,
1601 5116 1798 5186 inquit,
1828 5123 1922 5170 aut
1951 5130 2068 5170 am-

485 5206 674 5276 bigue,
711 5210 806 5260 sed
841 5208 1186 5277 apertissime
1221 5208 1438 5263 Patrem
1479 5207 1738 5277 majorem
1779 5222 1840 5262 se
1873 5217 2066 5274 vocat,

484 5311 605 5349 cum
639 5295 770 5350 dicit
805 5315 818 5350 :
857 5315 876 5348 ι
917 5299 1078 5352 l'ater
1105 5299 1198 5367 qui
1237 5298 1384 5351 misit
1417 5313 1535 5363 me,
1571 5297 1747 5367 major
1777 5312 1863 5352 me
1894 5306 1999 5354 est.
2039 5317 2057 5350 ι

487 5387 542 5441 Si
579 5398 757 5442 autem
791 5389 1075 5464 veritatem
1110 5405 1292 5445 verum
1331 5389 1514 5444 dicere
1554 5389 1828 5454 fatemini,
1867 5389 2069 5444 veritas

485 5489 662 5532 autem
703 5479 986 5544 Christus,
1024 5491 1172 5534 certe
1219 5477 1479 5547 majorem
1524 5493 1581 5534 se
1623 5480 1783 5534 habet
1827 5479 2066 5536 Patrem.

485 5569 636 5634 Quod
665 5572 706 5623 si
739 5572 811 5624 ita
841 5583 945 5634 est,
973 5572 1252 5626 dissimilis
1279 5573 1444 5627 etiam
1477 5571 1554 5627 illi
1588 5573 1711 5628 eril.
1742 5573 1812 5627 At
1838 5573 1882 5628 si
1912 5573 2069 5629 dissi-

487 5661 652 5727 milis,
685 5676 788 5714 non
822 5677 952 5729 ergo
981 5665 1481 5720 consubstantialis.

553 5846 600 5878 ἰ
623 5843 783 5902 Joan.
828 5857 936 5906 xlv,
972 5843 1060 5896 28.

2173 3523 2359 3587 οὐσίας
2403 3523 2583 3592 λόγος,
2631 3523 2725 3577 καὶ
2754 3523 2816 3577 οὐ
2838 3523 3269 3595 ,μεμερισμένους
3299 3523 3358 3576 ἒν
3387 3523 3604 3592 ἑκάστῳ
3642 3522 3764 3576 διά-

2174 3631 2359 3685 φορος.
2386 3614 2468 3668 Τὰ
2500 3615 2556 3668 δὲ
2596 3614 2984 3686 συμϐεϐηκότα
3021 3615 3177 3686 ῥίζαν
3227 3613 3338 3684 ἔχει
3367 3613 3430 3668 τὸ
3461 3614 3634 3678 πάθος
3656 3630 3675 3647 ο
3699 3615 3767 3668 ὲκ

2174 3703 2384 3769 πάθους
2424 3705 2533 3778 γὰρ
2564 3705 2796 3777 ἀσθενὴς
2843 3709 2871 3760 6
2913 3706 3186 3776 ἀσθενὴς,
3220 3706 3316 3760 καὶ
3360 3708 3388 3759 6
3417 3705 3625 3778 νωθρὸς
3667 3708 3767 3776 τὴν

2173 3796 2433 3864 διάνοιαν,
2465 3798 2560 3851 καὶ
2591 3799 2620 3851 6
2652 3797 2857 3851 δειλίαν
2891 3797 3031 3868 ἔχων
3059 3799 3118 3850 ὲν
3148 3797 3317 3870 ψυχῇ.
3347 3798 3412 3851 El
3445 3798 3626 3852 τοίνυν
3665 3798 3767 3869 μία

2177 3889 2274 3957 μὲν
2315 3891 2348 3961 ἡ
2385 3889 2549 3958 φύσις
2579 3890 2675 3944 καὶ
2701 3889 2801 3960 τῆς
2837 3890 3026 3953 οὐσίας
3051 3892 3080 3944 6
3103 3889 3261 3958 λόγος
3285 3892 3313 3943 6
3343 3890 3508 3954 αὐτὸς
3528 3892 3643 3953 τοῖς
3664 3889 3767 3960 τὴν

2177 3980 2314 4051 πρὸς
2342 3980 2547 4051 ἄλληλα
2573 3979 2862 4052 σύγκρισιν
2897 3983 3102 4053 κυρίως
3133 3981 3561 4052 ἐπιδεχομένοις,
3597 3980 3668 4034 τὰ
3704 3981 3767 4034 δὴ

2173 4076 2273 4129 ὃσα
2305 4074 2434 4146 περὶ
2478 4074 2579 4138 τὰς
2611 4074 2798 4139 οὐσίας
2848 4075 2985 4128 εἰσιν
3021 4077 3085 4128 ὲκ
3116 4075 3324 4140 πάθους
3372 4074 3583 4144 γίνεται
3627 4074 3662 4146 ἢ
3700 4076 3768 4129 ἐκ

2175 4163 2268 4218 τοῦ
2306 4165 2382 4238 μὴ
2410 4164 2604 4219 παθεῖν
2627 4205 2642 4230 ,
2677 4165 3028 4235 συγκρίνεται
3055 4165 3111 4218 δὲ
3144 4167 3172 4218 6
3198 4166 3327 4227 Υἱὸς
3357 4165 3496 4235 πρὸς
3524 4165 3616 4218 τὸν
3646 4167 3768 4219 Πα·

2172 4258 2308 4328 τέρα
2349 4256 2494 4311 κατὰ
2533 4257 2594 4311 τὸ
2644 4258 2828 4328 μεῖζον
2867 4259 2961 4312 καὶ
2987 4257 3208 4312 ἔλαττον
3238 4257 3628 4329 εἰσφερομένου
3665 4257 3765 4312 τοῦ

2173 4347 2302 4417 περὶ
2334 4346 2497 4400 αὐτὸν
2537 4345 2721 4415 λόγου,
2757 4347 2852 4400 καὶ
2892 4346 3014 4400 ἐστι
3049 4347 3256 4411 πάθους
3297 4347 3454 4410 ἐκτὸς
3500 4344 3768 4417 (ἀπαθὴς

2172 4435 2283 4506 γὰρ
2307 4437 2384 4497 ὡς
2407 4436 2584 4508 Θεὸς),
2621 4439 2743 4491 κατ’
2769 4439 2964 4492 οὐδένα
2990 4439 3194 4510 τρόπον
3217 4440 3248 4491 6'
3277 4437 3465 4509 Πατὴρ
3499 4439 3764 4508 ὑπερέξει

2171 4527 2266 4582 τοῦ
2301 4527 2435 4582 Υἱοῦ
2462 4530 2558 4583 καὶ
2593 4531 2694 4601 τὴν
2737 4529 2908 4601 αὐτὴν
2941 4531 3159 4602 ἔχοντος
3206 4529 3394 4583 οὐσίαν
3437 4531 3532 4586 καί¹
3562 4531 3765 4585 παθεῖν

2177 4619 2330 4674 οὐδὲν
2375 4621 2695 4692 δυναμένου.
2742 4623 2976 4691 Λέγεται
3021 4622 3078 4676 δὲ
3129 4620 3330 4692 μείζων
3359 4623 3434 4687 ὡς
3482 4623 3627 4695 ἁρχὴ
3662 4624 3762 4676 τοῦ

2179 4710 2452 4764 συναῖδίου
2480 4713 2841 4784 γεννήματος.

2178 4820 2280 4884 Εἰς
2318 4819 2421 4883 τὸ,
2475 4839 2491 4871 ι
2535 4820 2598 4872 '0
2639 4821 2915 4905 ﬂathpo
2961 4822 3205 4892 πέμψας
3247 4840 3325 4893 με
3379 4822 3591 4893 μείζων
3642 4824 3764 4893 μού

2847 4909 3038 4949 εστιν.
3064 4913 3082 4945 1

2493 5004 2828 5073 Ἀντίοεσις
2863 5007 2933 5061 ἐκ
2972 5006 3089 5061 τῶν
3124 5009 3446 5076 Εὑνομίου.

2244 5119 2416 5183 Αὐτὸς
2451 5120 2480 5172 6
2507 5120 2699 5193 Σωτὴρ
2738 5121 2841 5174 οὐκ
2881 5120 3426 5191 ὲπικεκαλυμμένως,
3453 5120 3765 5191 τρανότατα

2172 5210 2227 5264 δὲ
2258 5212 2478 5280 μείζονα
2507 5212 2701 5266 ἑαυτοῦ
2735 5212 2826 5265 τὸν
2853 5213 3070 5283 Πατέρα
3117 5213 3270 5282 φησὶ,
3303 5211 3390 5264 διὰ
3415 5211 3509 5265 τοῦ
3541 5213 3726 5282 λέγειν
3747 5233 3760 5245 ·

2179 5318 2198 5352 ι
2221 5301 2278 5354 Ὀ
2308 5302 2498 5374 Πατὴρ
2525 5304 2552 5356 6
2576 5302 2796 5372 πέμψας
2822 5317 2888 5372 με
2927 5301 3130 5372 μείζων
3179 5300 3280 5370 μού
3311 5303 3477 5356 ἐστιν.
3507 5323 3526 5354 ι
3563 5304 3624 5356 Εἰ
3649 5305 3766 5355 τοί-

2171 5407 2267 5443 νυν
2319 5390 2603 5461 ἀληθεύειν
2647 5388 2846 5442 δώσετε
2891 5389 2992 5461 τὴν
3036 5389 3316 5461 ἀλήθειαν,
3354 5390 3582 5462 ἀλήθεια
3626 5392 3680 5443 δὲ
3733 5391 3766 5440 6

2172 5482 2426 5553 Χριστὸς,
2462 5481 2685 5552 μείζονα
2742 5481 2856 5553 ἔχει
2907 5483 2998 5537 τὸν
3047 5483 3289 5554 Πατέρα.
3323 5483 3434 5536 Καὶ
3485 5485 3534 5535 εἰ
3578 5481 3759 5545 τοῦτο,

2173 5573 2390 5636 πάντως
2422 5575 2574 5628 ἔσται
2603 5574 2698 5628 καὶ
2727 5575 2999 5646 ἀνόμοιος.
3020 5575 3237 5647 Ἐπειδὴ
3257 5576 3312 5630 δὲ
3341 5575 3614 5646 ἀνόμοιος,
3641 5573 3767 5629 οὐδὲ

2173 5665 2480 5736 ὁμοούσιος.
