4056 6264
303 311 398 369 με

245 423 252 432 ’
779 425 940 496 Πρῦς
975 422 1156 480 τοῦτο
1191 423 1392 488 λύσις.

369 565 711 633 Ἀναγκαῖον
735 563 906 634 ὑμᾶς,
934 555 978 617 ὦ
1003 563 1382 634 χριστομάχοι,
1403 559 1498 614 καὶ
1521 557 1616 613 νῦν
1646 555 1888 630 ἐρέσθαι,

299 657 424 710 πότε
456 654 562 709 τοῦ
593 654 734 709 Υἱοΰ
769 654 967 726 μείζων
989 657 1018 708 ὁ
1051 653 1240 724 Πατὴρ
1279 652 1312 724 ἢ
1347 653 1574 720 γέγονεν
1604 649 1638 721 ἢ
1667 647 1888 720 εὑρέθη,

299 747 329 817 ἢ
366 747 510 818 ὅπερ
540 745 610 800 ἂν
652 743 924 816 βούλοισθε
963 743 1166 812 λέγειν.
1198 743 1399 814 Χρόνον
1431 743 1528 812 μὲν
1555 739 1649 795 οὖν
1679 740 1890 810 ὁριςόν-

300 853 408 890 των
444 835 608 907 ὑμῶν
640 837 738 890 οὐκ
773 837 839 890 ἀν
863 853 948 898 τις
977 835 1268 904 ἀνάσχοιτο
1289 851 1304 864 ·
1349 833 1560 904 χρόνων
1591 836 1700 903 γὰρ
1734 848 1894 902 ποιη-

306 929 404 999 τὴς
431 930 462 982 ὁ
483 929 636 994 Υἱὸς,
654 928 746 981 καὶ
773 929 878 999 πρὸ
905 927 1018 980 τῶν
1045 925 1258 980 αίώνων
1281 926 1414 990 ἐστὶ,
1433 923 1578 978 κατά
1599 923 1697 988 τὰς
1723 923 1892 992 ἀψευ-

313 1021 418 1084 δεῖς
443 1020 556 1074 τῶν
587 1021 752 1088 ἀγίων
788 1020 993 1090 φωνάς.
1037 1019 1242 1089 Χρόνου
1275 1017 1334 1071 δὲ
1355 1017 1724 1088 ἀνῃρημένου,
1751 1017 1892 1070 πάν·-

319 1128 422 1173 τως
447 1111 687 1166 λείπεται
709 1111 890 1179 λέγειν
921 1110 1060 1164 κατά
1084 1109 1184 1180 τὴν
1215 1109 1368 1179 ὑμῶν
1393 1109 1658 1180 πρότασιν
1689 1107 1778 1160 ἀεὶ
1801 1105 1896 1158 καὶ

324 1201 562 1272 ἀνάρχως
587 1203 672 1256 τὸν
707 1202 926 1272 Πατέρα
955 1200 1181 1272 μείζονα
1207 1197 1302 1252 τοῦ
1331 1197 1478 1252 Υίοῦ.
1517 1197 1678 1260 Ἀλλ’,
1697 1191 1742 1249 ὦ
1771 1195 1894 1266 βέλ-

323 1305 498 1352 τιστοι,
537 1290 732 1362 μικρόν
767 1291 1146 1360 ἀνανήψαντες
1177 1292 1354 1342 έκεῖνο
1394 1288 1515 1342 καθ’
1547 1289 1774 1351 ἑαυτοὺς
1811 1289 1897 1340 ὲν-

321 1377 604 1450 θυμήθητε,
633 1382 718 1434 ὄτι
739 1381 800 1434 τὺ
831 1381 1092 1453 διαφέρον
1111 1379 1257 1444 τινὸς
1291 1380 1430 1434 κατά
1451 1379 1512 1432 τδ
1537 1375 1677 1432 εἶναι
1708 1377 1896 1449 μεῖζον

317 1469 346 1534 ἢ
391 1467 658 1538 λέγεσθαι,
697 1475 1106 1542 παρακείμενον
1141 1471 1257 1544 ἔχει
1285 1473 1378 1524 καὶ
1409 1469 1898 1540 συνεισφερόμενον

319 1559 484 1630 ἐαυτῷ
517 1559 578 1612 τὸ
619 1561 864 1624 ἔλαττον,
899 1555 959 1614 οὗ
995 1561 1089 1616 καὶ
1131 1561 1262 1616 ἐστὶ
1282 1561 1666 1633 μεῖζον.”οταν
1699 1561 1806 1631 γὰρ
1837 1557 1898 1612 τὸ

324 1647 496 1716 μεῖζον
521 1648 848 1722 θελήσωμεν
878 1650 1084 1721 μαθεῖν,
1102 1653 1195 1704 ἐπὶ
1222 1654 1322 1722 τὴν
1346 1651 1440 1705 τοῦ
1463 1653 1748 1714 ἐλάττονος
1770 1653 1902 1722 δρα·

327 1739 512 1808 μόντες
558 1741 890 1810 κατάληψιν,
919 1742 1013 1813 τὴν
1041 1743 1244 1798 ἐκείνου
1288 1743 1564 1814 βλέπομεν
1601 1745 1894 1816 ὑπεροχήν.

327 1829 388 1881 Εἰ
421 1831 606 1882 τοίνυν
639 1833 724 1884 ἀεὶ
753 1833 950 1902 μείζων
979 1835 1006 1885 ὁ
1028 1836 1213 1908 Πατὴρ
1245 1836 1340 1890 τοῦ
1379 1836 1531 1899 Υίοῦ,
1561 1831 1630 1908 ἦν
1659 1837 1760 1908 μὲν
1797 1837 1896 1890 a6.-

331 1921 417 1984 τὸς
455 1923 577 1975 ἀεί·
609 1919 677 1994 ἦν
700 1924 755 1977 δὲ
786 1927 880 1979 σὺν
924 1928 1070 1999 αὐτῷ
1103 1931 1198 1982 καὶ
1227 1931 1257 1981 ὁ
1289 1929 1437 1992 Υἱὸς,
1465 1923 1526 1982 οὗ
1566 1929 1660 1982 καὶ
1693 1929 1898 2000 μείζων

325 2007 454 2066 εἶναι
485 2013 718 2081 λέγεται,
749 2015 874 2069 καθ’
897 2019 1060 2090 ὑμᾶς.
1091 2020 1167 2073 To
1211 2021 1270 2074 δὲ
1303 2021 1391 2074 ἀεὶ
1428 2021 1508 2088 ὃν,
1543 2021 1618 2092 τῷ
1651 2023 1738 2075 ἀεὶ
1782 2022 1898 2076 δντι

314 2105 423 2168 m5;
447 2106 710 2176 ἀνόμοιον
744 2110 938 2178 Eunt;
985 2112 1192 2176 Μεῖζον
1240 2113 1298 2165 δὲ
1337 2115 1471 2178 πῶς,
1500 2115 1898 2186 συντρεχούσης

303 2195 372 2266 τῷ
419 2201 794 2271 γεγεννηκότι
843 2204 946 2272 τῆς
993 2203 1284 2274 ὑπάρξεως
1308 2205 1400 2258 τοῦ
1425 2207 1778 2274 γεννήματος,
1805 2207 1900 2260 καὶ

303 2285 484 2340 πάντα
512 2288 746 2359 ἔχοντος
783 2293 1034 2360 φυσικῶς
1063 2296 1164 2348 ὅσα
1193 2297 1454 2365 πρόσεστι
1483 2296 1560 2367 τῷ
1587 2297 1797 2366 “arpi;

1021 2599 1221 2656 ΑιΛΛοι

380 2705 484 2761 Ἕκ
513 2708 874 2778 μαθημάτων
905 2711 1036 2781 ἡμῖν
1065 2712 1174 2766 τῶν
1213 2713 1610 2784 Ἀριστοτέλους
1643 2719 1902 2790 ὁρμώμε-

304 2813 403 2862 νοι,
435 2799 536 2853 καὶ
564 2802 634 2871 τῇ
661 2801 936 2873 δεινότητι
957 2804 1054 2875 τῆς
1079 2807 1138 2858 ἐν
1165 2807 1352 2878 κόσμῳ
1379 2809 1568 2878 σοφίας
1591 2811 1904 2885 ἀποκεχρη-

313 2890 483 2960 μένοι,
523 2891 776 2958 κτύπους
813 2895 1086 2966 ἐγείρουσι
1120 2899 1382 2971 ῥημάτων
1404 2901 1596 2966 κενῶν,
1635 2903 1736 2956 οὐκ
1765 2905 1903 2958 ειδό-

311 2996 401 3044 τες
427 2983 511 3035 ὅτι
539 2985 636 3036 καὶ
665 2985 805 3055 πρὸς
827 2987 1034 3060 ταύτην
1055 2989 1280 3060 ἀμαθῶς
1305 2991 1520 3063 ἔχοντες
1551 2994 1908 3066 ἐλεγχθήσον-

316 3085 426 3123 ται.
461 3069 750 3141 Θαυμάσαι
791 3075 898 3146 γὰρ
931 3077 1098 3142 ὅντως
1131 3079 1426 3134 ἀκόλουθον
1454 3082 1538 3135 ὅτι
1565 3081 1629 3154 δὴ
1653 3083 1746 3136 τὸν
1777 3083 1906 3155 περὶ

317 3156 416 3210 τοῦ
469 3160 713 3229 μείζονος
755 3165 848 3217 καὶ
887 3166 981 3218 τοῦ
1027 3167 1312 3232 ἐλάττονος
1355 3147 1700 3236 ἐξετάζοντες
1729 3147 1908 3240 λόγον,
1935 3147 1980 3208 c

323 3248 418 3302 ἐπὶ
445 3250 540 3304 τὸν
568 3253 696 3323 περὶ
723 3253 816 3307 τοῦ
847 3256 1030 3326 ὁμοίου
1062 3260 1161 3312 καὶ
1191 3260 1446 3331 ἀνομοίου
1476 3263 1912 3331 μεταπεπτώκα-

325 3357 431 3407 σιν,
466 3343 566 3397 οὐκ
589 3345 792 3410 εἰδότες
813 3349 914 3414 ὅτι,
950 3351 1094 3404 κατά
1135 3351 1236 3422 τὴν
1281 3353 1688 3423 Ἀριστοτέλους
1718 3355 1912 3426 τέχνην

323 3427 462 3508 ὲφ⁹ᾖ
489 3436 723 3506 μάλιστα
751 3442 1180 3515 μεγαλοφρονεῖν
1211 3443 1468 3500 εἰώθασιν
1504 3447 1682 3512 αὐτοὶ,
1712 3449 1812 3500 οὐκ
1833 3451 1914 3513 εις

323 3527 514 3582 ταυτὸν
559 3532 958 3588 κατατάττεται
987 3536 1147 3604 γένος
1173 3537 1235 3590 τό
1267 3553 1328 3590 τε
1361 3537 1546 3608 ὅμοιον
1577 3540 1671 3592 καὶ
1715 3539 1775 3592 τὸ
1817 3541 1912 3594 ἀν-

323 3618 528 3690 όμοιον,
556 3622 632 3686 ὡς
653 3626 750 3678 καὶ
781 3627 843 3679 τὸ
876 3628 1064 3698 μεῖζον
1098 3631 1274 3684 καὶτὸ
1305 3631 1548 3688 ἔλαττον.
1583 3633 1655 3686 Τὸ
1681 3635 1780 3704 μὲν
1801 3635 1911 3706 γὰρ

329 3705 511 3777 μεῖζον
557 3711 650 3763 καὶ
685 3712 744 3766 τδ
779 3714 1021 3784 ἔλαττον,
1051 3719 1161 3772 τῶν
1210 3721 1346 3792 πρός
1391 3739 1444 3774 τι
1487 3723 1718 3793 ἑχόντων
1767 3705 1913 3796 παρ’

323 3797 554 3865 ἐκείνοις
597 3802 832 3872 λέγεται.
877 3806 952 3861 Τὸ
1003 3809 1060 3862 δὲ
1107 3811 1293 3879 ὅμοιον
1335 3813 1368 3884 ἢ
1417 3817 1512 3868 καὶ
1553 3815 1614 3870 τὸ
1658 3817 1914 3888 ἀνόμοιον

323 3890 522 3963 ἑτέρας
559 3895 672 3948 ἐστὶ
699 3899 1038 3970 κατηγορίας
1079 3901 1202 3972 ἦτοι
1233 3901 1570 3974 διαιρέσεως.
1601 3907 1772 3961 Πόθεν
1800 3909 1911 3962 τοί-

320 4000 417 4038 νυν
447 3986 576 4055 ὑμῖν
598 3989 705 4041 ἀπὸ
725 3990 820 4043 τοῦ
847 3991 1094 4060 μείζονος
1117 3994 1216 4046 ἐπὶ.
1229 3997 1288 4048 τὸ
1309 3996 1492 4066 ὅμοιον
1515 3999 1548 4069 ὴ
1575 3999 1876 4069 μετάὸασις
1897 4017 1911 4066 ;

322 4075 416 4127 καὶ
442 4075 500 4143 ἐξ
529 4077 820 4144 ἐλάττονος,
857 4083 975 4152 ἤτοι
1003 4084 1096 4136 τοῦ
1127 4086 1370 4154 μείζονος
1397 4089 1497 4159 τὴν
1527 4089 1792 4159 πρότασιν
1824 4089 1916 4156 ἐξ-

321 4167 660 4234 υφαίνοντες,
707 4171 1022 4241 ἑτερογενὲς
1078 4177 1360 4247 εἰσεφέρετε
1404 4178 1466 4230 τὸ
1519 4179 1913 4249 συμπέρασμα,

319 4253 606 4324 λέγοντες·
647 4258 712 4311 Εἰ
745 4260 981 4314 ἐλάττων
1015 4263 1160 4316 ἐστὶν
1197 4267 1226 4317 ὁ
1261 4265 1390 4328 Υἱὸς
1423 4265 1518 4319 τοῦ
1558 4266 1790 4337 Πατρός,
1821 4269 1918 4322 ἀν-

318 4346 508 4417 όμοιος
541 4348 654 4420 ἄρα
673 4368 688 4380 ’
723 4351 895 4423 ἐχρῆν
922 4353 1028 4426 γάρ
1055 4355 1254 4426 μᾶλλον
1279 4359 1476 4423 εἰπεῖν,
1503 4358 1604 4413 οὐκ
1638 4359 1750 4424 tua;
1783 4361 1912 4432 ἀρα,

317 4441 354 4512 ἢ
383 4442 446 4494 οὐ
485 4443 740 4508 τοσοῦτος
767 4445 896 4517 ἄρα,
933 4447 1018 4501 ἵνα
1051 4449 1126 4521 μὴ
1165 4451 1330 4506 πάλιν
1359 4451 1592 4522 ἀμαθεῖς
1630 4453 1781 4518 ὄντες
1822 4454 1912 4519 ἐξ·

321 4533 734 4607 ελεγχθήσησθε
765 4539 842 4610 τῷ
872 4557 932 4593 τε
953 4541 1158 4612 μείζονι
1176 4543 1269 4597 καὶ¹
1290 4544 1366 4615 τῷ
1391 4545 1630 4601 ἐλάττονι
1663 4547 1723 4602 τὸ
1746 4549 1912 4602 ποσὸν

323 4626 703 4696 ἐπιφέροντες.
721 4633 790 4685 Οὐ
827 4633 936 4706 γάρ
971 4635 1038 4689 τὰ
1061 4637 1200 4706 πρός
1234 4637 1286 4690 τί
1316 4655 1432 4702 πως
1461 4639 1667 4710 ἔχοντα,
1695 4641 1830 4697 ἀλλά
1851 4642 1914 4696 τὸ

327 4717 522 4785 μεῖξον
550 4721 582 4789 ἢ
613 4721 824 4778 ἔλαττον
851 4727 1174 4781 ὑποκεῖσθαι
1200 4728 1277 4800 τῷ
1309 4730 1460 4801 ποσῷ
1485 4731 1912 4804 νενομοθέτηκεν

323 4810 370 4878 ἡ
405 4811 804 4882 Ἀριστοτέλους
831 4819 1018 4891 τέχνη.
1057 4822 1190 4894 Είδη
1226 4823 1282 4877 δὲ
1330 4823 1476 4896 αὐτῷ
1500 4826 1714 4896 τίθησιν
1747 4827 1910 4892 ἑπτὰ,

323 4901 590 4973 ἀριθμὸν,
625 4907 713 4960 καὶ
756 4907 934 4978 λόγον,
969 4912 1068 4965 καὶ
1116 4915 1401 4987 γραμμὴν,
1433 4917 1528 4970 καὶ
1563 4918 1907 4985 ἐπιφάνειαν,

323 4995 420 5048 καὶ
453 4997 630 5069 σῶμα,
663 5002 760 5055 καὶ
797 5003 1010 5076 χρόνον,
1046 5008 1139 5059 καὶ
1171 5007 1352 5062 τόπον.
1389 5009 1581 5062 Μόνων
1624 5006 1932 5077 τοιγαροῦν-

321 5088 434 5142 τῶν
470 5092 776 5163 εἰρημένων
808 5096 1057 5168 δέχεσθαι
1096 5099 1155 5153 τὸ
1185 5101 1350 5154 ποσὸν
1378 5101 1721 5168 πεφυκότων,
1751 5099 1915 5154 πόθεν

323 5181 511 5251 ὑμεῖς,
540 5179 582 5238 ὣ
610 5181 774 5253 οὗτοι,
808 5190 886 5260 τῷ
919 5191 1125 5262 μείζονι
1153 5193 1246 5246 καὶ
1269 5191 1348 5263 τῷ
1383 5191 1626 5244 ἐλάττονι
1656 5191 1716 5245 τὸ
1752 5191 1915 5244 ποσὸν

323 5275 660 5346 ὲπιφέρετε,
712 5282 884 5354 ἑτέρῳ
931 5283 1082 5351 γένει
1136 5284 1307 5338 ταῦτα
1363 5282 1458 5336 τοῦ
1511 5282 1915 5351 Ἀριστοτέλους

323 5367 774 5437 ἀνατεθεικότοςῖ
799 5375 1021 5445 Ἐπειδὴ
1057 5376 1234 5430 τοίνυν
1267 5377 1358 5429 τὸν
1390 5373 1634 5448 περὶτοῦ
1673 5372 1916 5444 μείζονος

319 5463 420 5516 καὶ
467 5463 566 5516 τοῦ
619 5466 904 5533 ἐλάττονος
955 5469 1301 5535 ἐξετάζοντες
1351 5470 1530 5538 λόγον,
1577 5467 1915 5533 ἀπαιδεύτως

321 5551 415 5604 ἐπὶ
453 5555 552 5624 τὴν
587 5557 680 5612 τοῦ
714 5559 908 5630 ὁμοίου
954 5563 1048 5614 καὶ
1081 5562 1334 5632 ἀνομοίου
1378 5563 1682 5634 παράθεσιν
1709 5561 1915 5628 ὲξεκλί-

319 5661 471 5714 νατε,
506 5649 790 5720 λέγοντεςο
821 5655 888 5709 Εἰ
915 5654 1152 5708 ἐλάττων
1179 5654 1324 5707 ἐστὶν
1350 5657 1377 5708 ὁ
1403 5655 1528 5719 res;
1558 5655 1650 5708 τοῦ
1681 5654 1914 5725 Πατρδς,

321 5737 575 5816 ἀνόμοιος
627 5750 770 5815 ἄρα·
823 5749 1202 5824 χαλεπωτέρω,
1252 5749 1306 5803 δὲ
1357 5752 1516 5807 πάλιν
1566 5751 1917 5812 ἀπαιδευσίας

1719 293 2160 354 THESAIJRUS.

1913 419 1966 477 Δ

1941 4503 1992 4563 D

3477 295 3576 346 liii

2501 409 2704 468 Salutio
2731 409 3064 480 uitiationis.

2067 541 2440 614 lnterrogandi
2478 543 2634 600 nobis
2669 552 2796 600 sunt
2831 543 3018 598 hostes
3054 539 3292 607 Christi,
3329 545 3580 612 quando-

1993 651 2118 692 nam
2157 637 2327 706 major
2365 637 2504 692 Filio
2535 637 2694 692 Pater
2733 647 2824 692 aut
2857 637 3033 691 lactus
3065 635 3136 691 sit
3169 643 3262 688 aut
3309 635 3578 700 inventus,

1995 740 2090 784 aut
2114 728 2600 800 quomodocunque
2631 729 2761 784 illud
2788 729 2992 784 dicant.
3015 725 3248 797 Tempus
3273 727 3416 782 enim
3443 741 3582 796 pra:-

1993 822 2244 877 ﬁnientes
2273 835 2370 877 vos
2401 835 2560 877 nemo
2591 820 2732 876 l‘erat
2761 837 2774 874 :
2815 820 3066 876 conditor
3099 819 3241 874 enim
3275 827 3580 890 temporum

1994 919 2078 966 est
2103 909 2296 979 Filius,
2321 921 2375 966 et
2402 921 2529 968 ante
2555 911 2750 968 saecula
2779 913 2894 982 ipse
2921 911 3154 976 exsistit,
3179 911 3330 980 juxta
3361 919 3580 964 sancto-

1996 1019 2116 1058 rum
2157 1005 2250 1072 qui
2293 1003 2512 1058 mentiri
2557 1018 2666 1058 non
2705 1013 2934 1072 possunt
2971 1003 3310 1060 verissimum
3352 1001 3577 1058 dictum.

1997 1090 2218 1146 Sublato
2245 1101 2426 1148 autem
2454 1101 2718 1162 tempore,
2733 1101 3006 1162 superest,
3039 1107 3106 1148 ex
3133 1101 3316 1148 vestra
3343 1093 3580 1162 ipsorum

1995 1185 2288 1250 sententia,
2305 1199 2522 1255 semper
2546 1195 2600 1240 et
2627 1185 2746 1240 sine
2775 1185 3040 1254 principio
3063 1187 3280 1240 Patrem
3307 1185 3442 1242 Filio
3468 1201 3584 1240 ma-

1989 1275 2164 1345 jorem
2201 1275 2390 1332 fuisse.
2427 1278 2496 1331 At
2527 1291 2644 1338 vos,
2683 1275 2812 1331 boni
2847 1276 2972 1338 viri.
3009 1277 3258 1332 nonnihil
3291 1279 3359 1332 ad
3395 1278 3584 1332 melio-

1997 1383 2112 1424 rem
2143 1377 2380 1424 mentem
2413 1369 2704 1424 redeuntes
2735 1367 3124 1424 ita'vobiscum
3153 1369 3410 1438 cogitate,
3439 1367 3584 1438 quod

1997 1461 2052 1516 id
2093 1461 2238 1530 quod
2279 1459 2460 1516 differt
2495 1463 2562 1515 ab
2596 1461 2780 1532 aliquo
2813 1475 2880 1516 ea
2913 1461 3122 1516 ratione
3155 1473 3263 1530 qua
3299 1457 3470 1528 majus
3501 1469 3586 1514 est

1998 1560 2094 1606 aut
2123 1551 2344 1616 dicitur,
2379 1551 2743 1622 propinquum
2779 1551 2878 1606 sibi
2913 1550 3078 1605 habet
3107 1558 3162 1604 et
3189 1548 3444 1604 collatum
3479 1549 3584 1602 sibi

2001 1639 2210 1704 minus,
2243 1653 2350 1710 quo
2381 1639 2636 1694 nimirum
2669 1639 2842 1708 majus
2871 1649 2978 1696 est.
3011 1638 3144 1695 Cum
3173 1639 3320 1694 enim
3353 1638 3404 1694 id
3437 1641 3584 1708 quod

2001 1731 2178 1799 majus
2201 1740 2286 1786 est
2312 1745 2650 1802 cognoscere
2673 1731 2952 1796 volumus,
2980 1731 3046 1786 ad
3077 1731 3304 1786 minoris
3331 1731 3582 1786 notitiam

2003 1817 2398 1890 confugientes,
2419 1821 2642 1890 majoris
2657 1819 3032 1876 excellentiam
3054 1823 3348 1876 cernimus.
3372 1819 3430 1876 Si
3453 1835 3586 1890 ergo

2003 1909 2401 1983 Pater’semper
2425 1911 2602 1982 major
2625 1921 2708 1966 est
2737 1911 2896 1978 Filio,
2923 1909 3026 1966 fuit
3051 1913 3270 1982 quidem
3301 1913 3414 1982 ipse
3441 1925 3586 1968 seut-

2005 2019 2103 2076 per
2137 2023 2148 2059 :
2186 2003 2288 2060 fuit
2321 2019 2450 2062 vero
2485 2006 2650 2062 etiam
2683 2019 2808 2061 cum
2841 2019 2910 2061 eo
2945 2003 3144 2072 Filius,
3180 2019 3288 2076 quo
3319 2015 3376 2060 et
3417 2001 3588 2076 major

2003 2111 2125 2153 esse
2153 2097 2374 2166 dicitur,
2406 2105 2702 2154 secundum
2731 2111 2848 2154 vos.
2879 2096 3034 2166 Quod
3067 2113 3196 2152 vero
3225 2111 3444 2168 semper
3469 2107 3584 2164 est,

2005 2205 2240 2260 quonam
2271 2199 2432 2262 pacto
2459 2189 2728 2248 dissimile
2755 2193 2861 2248 erit
2894 2193 2968 2248 illi
3000 2193 3141 2262 quod
3173 2191 3340 2246 etiam
3373 2205 3586 2260 semper

2004 2281 2121 2336 est?
2148 2281 2255 2334 Aut
2282 2283 2558 2351 quomodo
2589 2283 2796 2352 majus,
2823 2301 2946 2339 cum
2981 2287 3096 2352 ipsa
3124 2282 3290 2354 geniti
3319 2282 3590 2337 exsistet:-

2005 2375 2080 2428 tia
2111 2387 2232 2426 cum
2265 2373 2514 2442 genitore
2541 2375 2832 2428 conveniat
2859 2374 3154 2444 ninniaque
3185 2372 3508 2428 naturaliter.
3537 2373 3588 2426 iu

2007 2479 2064 2522 se
2097 2465 2292 2522 habeat
2322 2479 2442 2536 quae
2471 2463 2614 2520 Patri
2649 2465 2870 2521 insunt?

2681 2599 2918 2658 ALIUD:

2080 2715 2156 2769 Ex
2205 2713 2554 2770 Aristotelica
2603 2715 2883 2785 di‘Sciplina
2933 2717 3088 2772 nobis
3133 2717 3488 2784 insultantes,
3535 2727 3588 2774 et

2011 2807 2296 2862 mundana!
2327 2807 2608 2878 sapientia:
2641 2807 2782 2861 fastu
2815 2809 3046 2878 turgidi,
3081 2809 3270 2864 inanes
3299 2810 3586 2864 verborum

2011 2899 2250 2967 crepitus
2283 2900 2554 2964 excitant,
2593 2913 2784 2968 parum
2818 2899 2920 2953 sibi
2955 2901 3342 2968 persuadentes
3375 2915 3432 2954 se
3463 2899 3588 2952 Ari-

2011 2991 2274 3047 stotelica:
2311 2991 2612 3062 disciplinae
2653 2991 2870 3061 ignaros
2915 2991 3127 3046 ostendi
3171 3006 3348 3060 posse.
3387 2989 3590 3046 Miran-

2013 3084 2138 3138 dum
2173 3084 2318 3139 enim
2351 3093 2436 3138 est
2468 3083 2645 3153 quod,
2680 3097 2802 3138 cum
2841 3083 3106 3138 rationem
3143 3082 3366 3152 majoris
3397 3091 3450 3136 et
3491 3085 3594 3136 mi-

2013 3177 2164 3232 noris
2195 3177 2492 3242 excutiant,
2523 3177 2590 3230 ad
2623 3191 2930 3232 sermonem
2962 3177 3028 3231 de
3059 3175 3224 3232 simili
3256 3187 3311 3231 et
3341 3176 3590 3231 dissimili

2011 3267 2396 3338 prolabuntur,
2439 3267 2786 3334 nescientes,
2827 3269 2980 3338 juxta
3026 3267 3338 3324 Aristotelis
3387 3267 3586 3337 placita

2012 3371 2120 3427 quo
2148 3357 2248 3428 ipsi
2281 3357 2572 3428 plurimum
2600 3373 2720 3414 sese
2745 3358 3024 3427 jactitant,
3057 3359 3234 3414 simile
3261 3359 3456 3430 θθ-ει
3481 3360 3596 3414 dis-

2013 3448 2190 3504 simile
2221 3463 2326 3503 non
2359 3448 2412 3503 in
2445 3449 2632 3504 eodem
2664 3465 2862 3521 genere
2891 3449 3176 3512 collocari,
3203 3451 3254 3504 in
3281 3465 3388 3518 quo
3419 3450 3594 3519 majus

2013 3547 2066 3591 et
2103 3539 2304 3594 minus.
2337 3537 2394 3594 Si
2430 3540 2648 3610 quidem
2685 3540 2857 3611 majus
2893 3551 2949 3596 et
2989 3541 3170 3596 minus
3205 3539 3428 3594 relative
3475 3543 3592 3594 sive

2016 3627 2080 3681 ad
2118 3627 2320 3698 aliquid
2357 3631 2424 3685 ab
2459 3631 2524 3684 iis
2558 3630 2832 3686 dicuntur.
2866 3631 3054 3686 Simile
3087 3647 3214 3686 vero
3247 3640 3300 3686 et
3333 3632 3594 3686 dissimile

2014 3715 2240 3772 alterius
2265 3720 2472 3776 ordinis
2499 3720 2613 3775 sive
2643 3721 3048 3790 prtetlicamenti
3075 3733 3220 3776 sunt.
3251 3721 3402 3777 Unde
3431 3723 3594 3790 igitur

2017 3821 2112 3862 vos
2143 3808 2215 3862 ita
2243 3825 2274 3863 a
2301 3809 2504 3878 majore
2529 3813 2596 3866 ad
2625 3813 2801 3867 simile
2833 3813 3154 3868 transilitis?
3179 3823 3234 3868 et
3263 3829 3328 3867 cx
3359 3812 3590 3877 majore,

2015 3907 2128 3962 sive
2168 3909 2376 3964 minore
2406 3911 2827 3982 pr0positionem
2859 3911 3212 3972 deducenles,
3261 3908 3460 3962 diversi
3501 3923 3594 3976 ge-

2015 4001 2162 4056 neris
2193 4002 2597 4057 conclusionem
2628 4003 2864 4064 inlertis,
2895 4001 3140 4054 dicentes
3173 4015 3185 4052 :
3223 3997 3278 4051 Si
3309 3997 3488 4052 minor
3513 4010 3596 4052 est

2017 4093 2182 4149 Filius
2209 4093 2402 4158 Patre,
2435 4093 2714 4148 dissimilis
2740 4092 2936 4160 igitur;
2963 4105 3083 4144 cum
3111 4089 3290 4160 potius
3313 4090 3388 4144 ita
3409 4090 3594 4144 dicen-

2016 4185 2141 4240 dum
2175 4186 2343 4241 fuerit
2377 4204 2388 4239 :
2431 4183 2544 4240 Non
2575 4199 2704 4253 ergo
2735 4185 2990 4254 aqualis,
3023 4193 3250 4240 autnon
3285 4193 3496 4254 tantus,
3527 4203 3594 4240 ne

2017 4277 2342 4346 imperitiam
2371 4287 2606 4333 vestram
2636 4278 2957 4350 proderelis,
2982 4277 3282 4347 ex-majore
3305 4288 3358 4334 et
3385 4279 3594 4334 minore

2017 4373 2370 4440 quantitatem
2406 4371 2718 4428 inferentes.
2764 4372 2950 4442 Neque
2975 4373 3120 4428 enim
3151 4388 3270 4442 quae
3297 4373 3362 4426 ad
3385 4371 3589 4441 aliquid

2017 4473 2166 4524 sunt,
2199 4465 2292 4518 sed
2331 4464 2506 4533 majus
2543 4475 2598 4520 et
2633 4466 2837 4531 minus,
2871 4467 3160 4535 quantitati
3199 4467 3438 4534 subjecta
3471 4481 3592 4520 esse.

2015 4557 2361 4614 Aristotelica
2388 4558 2670 4628 disciplina
2701 4559 2884 4613 tradit.
2913 4559 3134 4628 Species
3157 4568 3334 4612 autem
3363 4559 3437 4611 illi
3463 4572 3593 4612 con-

2015 4648 2189 4702 stituit
2223 4657 2428 4715 septem
2467 4666 2479 4702 :
2516 4664 2834 4715 numerum,
2869 4652 3204 4713 orationem,
3239 4650 3466 4712 lineam,
3501 4665 3594 4702 su-

2015 4739 2311 4808 perﬁciem,
2340 4755 2558 4809 corpus,
2591 4751 2802 4812 tempus
2830 4753 2884 4796 et
2915 4742 3111 4798 locum.
3142 4741 3272 4795 Cum
3304 4740 3446 4793 enim
3480 4739 3593 4791 haec

2014 4828 2354 4883 solummodo
2377 4842 2640 4899 quantum
2669 4834 2954 4901 recipiant,
2983 4835 3252 4886 undenam
3279 4843 3374 4880 vos
3403 4826 3592 4895 majori

2016 4929 2072 4974 et
2117 4919 2312 4972 minori
2356 4931 2614 4986 quantum
2664 4922 2930 4985 tribuitis,
2977 4935 3098 4975 cum
3140 4916 3462 4970 Aristoteles
3504 4917 3593 4970 illa

2017 5011 2116 5064 sub
2147 5009 2250 5062 alio
2283 5025 2480 5078 genere
2509 5011 2778 5064 collucet?
2806 5010 2941 5064 Cum
2974 5011 3138 5078 igitur
3165 5021 3262 5060 vos
3294 5007 3513 5076 majoris
3539 5019 3596 5062 et

2019 5100 2244 5156 minoris
2277 5100 2535 5154 rationem
2568 5100 2987 5168 investigantes,
3025 5097 3274 5165 imperite
3304 5099 3367 5154 ad
3399 5101 3594 5155 similis

2017 5202 2068 5246 et
2101 5190 2378 5246 dissimilis
2409 5188 2870 5257 comparationem
2900 5188 3272 5255 devolvimini,
3298 5189 3546 5246 dicenles
3577 5211 3590 5244 :

2021 5283 2075 5338 Si
2121 5283 2290 5338 Filius
2334 5283 2512 5337 minor
2553 5292 2636 5336 est
2677 5281 2856 5347 Patre,
2900 5297 3029 5354 ergo
3069 5281 3232 5336 etiam
3275 5283 3593 5346 dissimilis;

2017 5381 2233 5450 gravius
2264 5377 2446 5432 statim
2475 5375 2692 5443 erratis,
2721 5375 2891 5444 majus
2922 5384 2974 5428 et
3007 5375 3186 5429 minus
3217 5374 3282 5426 ad
3313 5373 3558 5442 quantita
3579 5403 3592 5410 -

2019 5479 2123 5522 tem
2170 5465 2499 5530 referentes,
2544 5481 2663 5520 cum
2705 5464 2884 5519 dicitis
2925 5483 2939 5519 :
2983 5465 3038 5520 Si
3083 5463 3251 5518 Filius
3292 5472 3376 5518 est
3419 5465 3594 5518 minor

2019 5561 2198 5626 Patre,
2237 5573 2366 5627 ergo
2408 5573 2511 5613 non
2554 5556 2793 5625 mqualis,
2837 5571 3008 5627 neque
3052 5565 3250 5612 tantus.
3293 5557 3426 5612 Cum
3465 5573 3593 5612 vero

2021 5667 2172 5708 meus
2199 5651 2350 5706 vobis
2381 5651 2521 5704 nulla
2554 5664 2618 5703 ex
2653 5658 2804 5718 parte
2837 5665 2966 5706 sana
2998 5651 3088 5719 sit,
3123 5649 3302 5707 inanis
3333 5650 3496 5706 etiam
3530 5660 3595 5700 ac

2020 5758 2155 5802 vana
2191 5753 2272 5798 est
2303 5753 2476 5800 vestra
2511 5743 2822 5811 propositio.
