4056 6264
475 305 578 366 ΗἸ

1468 299 1525 354 s.
1566 293 1846 353 CYRILLI
1885 287 2355 345 ALEXANDRINI
2393 248 2716 343 Αιιοιιιερ.

3647 286 3759 349 148,

476 424 782 497 ἐγκλήματι
810 419 1173 495 περιτείπτετε
1207 416 1352 473 κατὰ
1395 414 1488 468 τοῦ
1523 411 1769 490 μείζονος
1807 408 2022 464 καὶτοῦ
2063 407 2344 472 ἐλάττονος
2383 407 2445 461 τὸ
2470 406 2636 461 ποσὸν
2661 405 2924 474 τιθέντες,
2963 405 3092 460 ὅταν
3124 405 3350 476 λέγητεο
3399 406 3463 458 Ei
3504 385 3755 459 ἐλάττων

476 496 681 577 ἐστὶνίὸ
707 517 837 582 Υίεὺς
863 516 959 572 τοῦ
999 516 1234 587 Πατρδς,
1266 515 1371 567 οὐκ
1406 511 1522 574 ἴσος
1567 509 1697 580 ἄρα,
1725 507 1848 572 οὐδὲ
1902 505 2176 570 τοσοῦτος.
2196 504 2511 576 Οὐδαμόθεν
2575 504 2620 558 δ’
2645 504 2775 576 ὑμῖν
2822 500 3158 571 ὑγιαίνοντος
3218 497 3312 551 τοῦ
3333 496 3514 568 λόγου,
3540 496 3756 568 ματαία

478 613 697 677 πάντως
725 610 841 671 ἐστὶ
872 609 966 672 καὶ
995 606 1221 684 [κούφη]
1247 607 1280 677 ή
1311 604 1603 676 πρότασις..

1163 721 1378 778 ALIUD

2853 687 3060 759 'AAAO.

485 842 691 903 Decem
728 836 1177 906 quod,proposito
1221 833 1424 906 majore
1463 841 1510 884 et
1555 829 1779 906 minore,
1821 827 2059 906 imperite

2188 825 2460 906 ιιιξιξοςκον
2487 823 2599 889 ὅτι,
2635 821 3031 906 ᾳροκξιιρένου
3064 815 3471 906 τρῦλμείζονος
3504 815 3608 906 atat
3644 814 3760 900 ⁶τοῦ

553 897 837 970 admodum
865 897 1195 975 ittwqualilas
1213 897 1504 975 inferatur,
1532 916 1652 975 cum
1671 899 1830 970 juxta
1856 897 2060 961 Aristo.-

555 982 670 1039 telis
700 971 1037 1047 disciplinam
1065 973 1287 1034 alterius
1318 973 1384 1035 sit
1415 971 1642 1042 generis._

553 1153 784 1213 Nomina
824 1167 948 1224 qum
981 1152 1049 1207 ad
1089 1147 1296 1220 aliquid
1333 1156 1495 1215 sunt,
1534 1156 1696 1216 atque
1735 1145 1813 1201 ita
1848 1145 1919 1200 ab
1957 1143 2064 1198 illis

485 1255 770 1312 vocantur,
793 1260 915 1302 cum
940 1242 1265 1298 Aristoteles
1289 1240 1517 1309 hujusce
1542 1238 1678 1294 artis
1704 1237 1954 1292 inventor
1971 1251 2064 1290 ex-

487 1343 671 1412 plicat,
699 1339 776 1394 ita
804 1336 993 1392 deﬁnit
1021 1354 1035 1391 :
1068 1336 1148 1389 Ad
1175 1333 1398 1404 aliquid,
1428 1332 1626 1402 inquit,
1657 1339 1921 1386 vocantur
1945 1344 2070 1399 quae

484 1429 540 1492 id
569 1429 744 1498 ipsum
768 1425 911 1496 quod
937 1432 1096 1489 sunt,
1119 1423 1348 1478 aliorum
1373 1434 1494 1478 esse
1518 1421 1788 1484 dicuntur,
1817 1428 1910 1473 aut
1933 1433 2068 1489 quo-

485 1519 784 1574 utodolibet
809 1517 970 1572 aliter
997 1519 1066 1571 ad
1095 1515 1238 1570 aliud
1269 1529 1285 1568 :
1317 1523 1373 1569 ut
1404 1514 1598 1585 majus,
1631 1513 1682 1568 id
1717 1515 1890 1582 ipsum
1920 1512 2067 1583 quod

486 1621 578 1667 est
609 1619 862 1682 respectu.
890 1609 1115 1667 alterius
1147 1623 1267 1664 esse
1299 1607 1518 1662 dicitur.
1550 1605 1618 1660 Et
1651 1607 1895 1677 duplum,
1927 1605 2067 1674 idip-

488 1718 608 1758 sum
643 1703 786 1772 quod
821 1711 936 1767 est,
971 1701 1200 1756 alterius
1232 1709 1316 1755 est
1350 1712 1365 1752 :
1401 1698 1632 1766 alicujus
1666 1699 1811 1752 enim
1846 1697 2066 1767 duplum

488 1795 712 1854 dicitur.
745 1793 881 1849 Cum
917 1794 1080 1864 igitur
1109 1795 1224 1848 haec
1256 1793 1327 1848 sit
1359 1805 1544 1846 eorum
1576 1790 1690 1862 89
1724 1805 1842 1860 qua:
1875 1791 1941 1844 ad
1973 1788 2072 1843 alia

2234 884 2595 958 ἐλάττονος,
2625 884 2996 954 ἀᾶταιδεῦτως
3045 887 3114 942 τὸ
3158 884 3444 957 ἀνόμοιον
3489 884 3763 958 εἰσφέρε-

2233 983 2329 1020 ται
2351 1005 2365 1028 ,
2424 955 2763 1032 creperi-rrec
2825 959 2899 1015 ὃν
2943 959 3094 1013 κατὰ
3143 955 3278 1029 τὴν(
3299 955 3763 1027 Ἀριστοτέλους

2232 1035 2479 1105 τέχνην.

2235 1147 2318 1202 Τὰ
2369 1147 2508 1219 πρός
2555 1163 2610 1200 τι
2651 1145 2843 1216 ἔχοντα
2875 1143 2985 1198 τῶν
3031 1143 3312 1214 ὀνομάτων
3344 1140 3489 1196 οὕτω
3519 1157 3586 1193 τε
3619 1138 3766 1210 παρ’

2166 1233 2398 1297 ἐκείνοις
2423 1232 2754 1302 καλούμενα,
2779 1232 2991 1304 φανερά
3018 1231 3292 1286 καθιστῶν
3315 1234 3342 1285 ὁ
3370 1233 3470 1302 τῆς
3497 1228 3764 1300 τοιαύτης

2166 1328 2362 1399 τέχνης
2400 1326 2630 1398 εὑρετὴς
2664 1324 3061 1396 Ἀριστοτέλης,
3105 1321 3348 1377 τοιοῦτον
3395 1320 3625 1391 ἐκφέρει
3673 1319 3769 1372 τὸν

2167 1421 2293 1492 ὅρον
2313 1436 2328 1452 ’
2361 1417 2506 1489 Πρός
2527 1436 2580 1471 τι
2609 1417 2666 1470 δέ
2686 1415 2756 1470 τὰ
2788 1415 3014 1470 τοιαῦτα
3046 1415 3288 1484 λέγεται,
3322 1416 3423 1468 ὅσα
3451 1412 3597 1466 αὐτὰ
3619 1410 3766 1481 ἀπερ

2171 1513 2341 1575 ἐστὶν,
2371 1510 2574 1582 ἐτέρων
2613 1503 2755 1562 εἶναι
2798 1508 3016 1578 λέγεται
3047 1507 3080 1578 ἦ
3117 1504 3368 1560 ὁπωσοῦν
3403 1502 3582 1564 ἄλλως
3628 1501 3769 1568 πρὸς

2169 1602 2355 1673 ἕτερον
2377 1619 2390 1631 ·
2427 1595 2536 1652 οἷον
2587 1597 2649 1651 τὸ
2692 1597 2877 1668 μεῖζον
2923 1594 3070 1649 τοῦθ’
3095 1595 3232 1663 ὅπερ
3265 1591 3411 1643 ἐστὶν
3446 1588 3642 1658 ἐτέρου
3683 1584 3770 1636 λέ-

2171 1711 2350 1763 γεται.
2380 1692 2490 1745 Καὶ
2532 1691 2594 1743 τὸ
2635 1688 2920 1742 διπλάσιον
2968 1686 3158 1756 ἐτέρου
3208 1683 3426 1751 λέγεται
3456 1677 3606 1731 τοῦθ’
3629 1677 3772 1746 ὅπερ

2173 1783 2289 1837 ἐστί
2309 1799 2323 1814 ·
2349 1782 2494 1845 τινὸς
2519 1783 2629 1852 γάρ
2656 1780 2938 1834 διπλάσιον
2974 1777 3218 1846 λέγεται.
3240 1772 3442 1827 Τοῦτον
3467 1766 3772 1839 τοιγαροῦν

489 1886 618 1954 quid
646 1895 772 1940 sunt
797 1858 1060 1952 deﬁnitio,
1087 1885 1271 1939 dicant
1298 1883 1454 1938 nobis
1481 1882 1566 1936 isti
1585 1858 1715 1951 fq'ui
1742 1858 1882 1935 nihil
1909 1895 2071 1950 quam

2188 1875 2406 1946 ἑχόντων
2430 1874 2541 1927 τῶν
2570 1873 2705 1941 πρός
2733 1889 2784 1924 τι
2828 1870 2920 1924 τὸν
2965 1871 3108 1940 ὅρον,
3146 1867 3510 1920 δεικνύτωσαν
3546 1863 3689 1933 ἡμῖν
3721 1858 3773 1911 oi

490 1951 836 2037 Aristotelem
866 1985 1110 2046 crepant,
1137 1985 1190 2032 et
1219 1976 1365 2031 illius
1389 1975 1568 2046 potius
1599 1973 1880 2043 disciplina
1908 1987 2070 2042 quam

2188 1968 2275 2038 τὴν
2308 1963 2712 2036 Ἀριστοτέλους
2737 1961 3088 2034 ἐρευγόμενοι
3114 1958 3329 2028 τέχνην,
3361 1955 3452 2007 καὶ
3478 1955 3594 2016 τοῖς
3623 1951 3773 2004 ἐκεῖ·

489 2089 770 2129 sacrarum
817 2071 1226 2142 Scripturarum
1271 2069 1579 2141 cognitione
1617 2082 1741 2123 sese
1775 2067 2066 2136 jactitant,

2188 2061 2264 2114 lev
2291 2059 2630 2132 μαθήμασιν,
2659 2057 2719 2108 οὐ
2753 2057 2865 2118 τοῖς
2908 2053 3016 2107 ἀπὸ
3043 2052 3143 2122 τῆς
3181 2049 3333 2112 θείας
3370 2046 3603 2142 Γραερής
3649 2046 3785 2098 ἐαυ-

489 2183 558 2226 an
594 2165 774 2223 simile
815 2165 868 2220 id
901 2164 1078 2236 ipsum
1126 2161 1270 2232 quod
1303 2171 1385 2217 est
1426 2160 1650 2215 alterius
1680 2160 1780 2226 sit,
1815 2157 2074 2227 quemad-

493 2258 709 2312 modum
758 2257 934 2328 majus
978 2264 1032 2312 et
1081 2255 1324 2326 duplum.
1371 2255 1674 2325 Opponitur
1713 2253 1858 2311 enim
1907 2251 2073 2307 simili

489 2347 774 2413 dissimile,
801 2348 943 2403 sicut
970 2347 1181 2415 majori,
1209 2348 1413 2413 minus;
1443 2345 1536 2400 sed
1565 2360 1669 2400 non
1696 2346 1884 2399 eodem
1914 2345 2075 2398 modo

490 2450 657 2509 atque
683 2440 914 2494 ratione.
941 2438 1114 2510 majus
1141 2439 1286 2494 enim
1321 2439 1521 2494 dicitur
1549 2447 1608 2491 ut
1637 2436 1845 2491 minore
1876 2436 2071 2506 majus.

492 2528 683 2586 Simile
711 2538 890 2585 autem
922 2545 1204 2599 nunquam
1235 2528 1486 2584 dissimili
1517 2528 1691 2596 majus
1718 2529 1951 2590 dicitur,
1982 2541 2076 2580 ne-

493 2634 605 2688 que
630 2619 1087 2689 quemadmodum
1113 2617 1310 2688 majus,
1340 2618 1434 2687 qui
1463 2617 1770 2688 oppositum
1799 2630 1957 2670 suum
1986 2631 2077 2669 su-

495 2717 682 2776 perat,
725 2717 808 2763 est
854 2708 908 2762 id
949 2711 1095 2777 quod
1140 2723 1264 2766 esse
1307 2709 1540 2774 dicitur;
1583 2707 1660 2762 ita
1699 2706 1906 2770 simile,
1948 2709 2077 2775 quia

497 2796 672 2871 majus
707 2807 792 2853 est
825 2797 1115 2866 dissimili,
1149 2799 1253 2855 hoc
1286 2802 1429 2870 quod
1464 2809 1550 2856 est
1581 2814 1704 2856 esse
1739 2800 2074 2856 censebitur.

500 2891 704 2947 Diversi
743 2891 910 2963 igitur
943 2893 1159 2962 generis
1198 2908 1420 2963 prorsus
1454 2902 1514 2949 ut
1551 2894 1661 2948 sint
1697 2907 1920 2949 necesse
1958 2903 2076 2958 est,

495 2998 622 3052 quae
642 2983 890 3042 eamdem
918 2984 1238 3049 divisionem
1265 2987 1744 3058 delinitionemque
1771 3000 1877 3042 non
1905 2986 2079 3046 susci-

496 3076 666 3150 piunt.

1176 3191 1406 3248 ALIUD.

569 3299 798 3356 Nomina
829 3315 953 3371 quae
981 3303 1047 3357 ad
1079 3301 1281 3375 aliquid
1313 3313 1474 3369 sunt,
1510 3314 1601 3360 aut
1631 3320 1955 3376 quacunque
1986 3319 2078 3359 ra-

2171 2153 2299 2214 τοὺς
2347 2147 2839 2219 ἀποσεμνύνοντες,
2869 2144 2917 2196 εἱ
2967 2143 3061 2196 καὶ
3108 2141 3169 2192 τὸ
3217 2140 3402 2209 ὅμοιον
3448 2133 3596 2186 τοῦθ’
3629 2133 3776 2202 ὅπερ

2173 2245 2324 2298 ἐστὶν
2361 2243 2549 2314 ἐτέρου
2578 2240 2819 2308 λέγεται,
2851 2235 3104 2305 καθάπερ
3134 2233 3228 2286 καὶ
3258 2231 3318 2284 τὸ
3348 2228 3530 2301 μεῖζον
3573 2225 3675 2279 καὶ
3713 2225 3777 2276 τὸ

2174 2339 2476 2394 διπλάσιον.
2494 2333 2820 2388 Ἀντίκειται
2853 2328 2952 2399 μὲν
2976 2327 3085 2396 γὰρ
3106 2323 3185 2394 τῷ
3208 2322 3379 2394 ὁμοίῳ
3401 2319 3464 2372 τὸ
3488 2318 3773 2387 ἀνόμοιον,

2175 2431 2364 2501 ὥσπερ
2397 2427 2494 2481 καὶ
2537 2425 2616 2495 τῷ
2656 2422 2866 2494 μείζονι
2897 2418 2959 2473 τὸ
3009 2417 3252 2475 ἔλαττον,
3298 2410 3415 2464 ἀλλ’
3445 2408 3546 2477 οὐχ
3594 2406 3772 2467 οὕτως

2175 2523 2295 2576 οὐδὲ
2329 2497 2615 2580 ὧσαύτως.
2645 2515 2720 2568 Τὸ
2757 2514 2856 2584 μὲν
2881 2510 2990 2582 γὰρ
3018 2509 3203 2579 μεῖζον
3233 2506 3308 2569 ὡς
3334 2503 3618 2563 ἐλάττονος
3651 2497 3776 2568 μεῖ-

2177 2613 2269 2676 ζον
2297 2612 2536 2678 λέγεται.
2566 2607 2639 2659 Τὸ
2665 2605 2722 2658 δὲ
2747 2606 2934 2673 ὅμοιον
2964 2602 3064 2654 οὐκ
3097 2600 3166 2654 ἂν
3198 2599 3274 2662 ὡς
3302 2594 3553 2666 ἀνομοίου
3579 2589 3769 2662 μεῖξον

2176 2701 2395 2772 λεχθείη
2431 2693 2606 2761 ποτὲ,
2632 2695 2752 2749 οὐδὲ
2773 2694 2963 2760 ὥσπερ
2988 2691 3048 2744 τὸ
3072 2689 3258 2759 μεῖζον
3282 2687 3369 2740 διὰ
3393 2684 3452 2738 τὸ
3472 2681 3773 2750 ὑπερέχειν

2177 2791 2272 2847 τοῦ
2337 2787 2715 2856 ἀντικειμένου
2752 2783 2913 2839 τοῦτό
2953 2783 3103 2836 ἐστιν
3149 2783 3287 2850 ὅπερ
3329 2774 3469 2830 εἶναι
3507 2773 3769 2841 λέγεταιο

2177 2883 2320 2938 οὕτω
2346 2881 2441 2935 καὶ⁸
2477 2880 2540 2933 τὸ
2577 2882 2763 2950 ὅμοιον
2796 2877 2885 2931 διὰ
2925 2875 2986 2928 τὺ
3029 2874 3213 2945 μεῖζον
3235 2867 3490 2924 εἷναιτοῦ
3514 2863 3774 2936 ἀνομοίου

2177 2973 2505 3044 νοηθήσεται
2547 2970 2723 3023 τοῦτο.
2750 2967 2960 3024 Οὐκοῦν
2983 2963 3271 3036 ἑτερογενῆ
3293 2961 3509 3022 πάντως
3528 2956 3687 3010 ἔσται
3707 2953 3776 3010 τὰ

2178 3068 2277 3139 τὴν
2301 3066 2472 3138 αὐτὴν
2492 3062 2757 3135 διαίρεσίν
2776 3079 2837 3116 τε
2860 3061 2955 3116 καὶ
2979 3062 3104 3131 ὅρον
3126 3058 3228 3111 οὐκ
3251 3051 3645 3123 ἐπιδεχόμενα.

2881 3173 3089 3228 AAAO.

2251 3291 2332 3345 Τὰ
2368 3291 2505 3363 πρός
2543 3307 2595 3344 τι
2633 3287 2826 3360 ἔχοντα
2860 3285 2970 3338 τῶν
3013 3279 3374 3353 ὀνομάτων,ἢ
3418 3278 3512 3331 καὶ
3540 3277 3694 3337 ὅπως
3714 3271 3773 3342 δή

498 3394 653 3453 tione
676 3404 926 3466 respectu
955 3394 1180 3451 alterius
1211 3396 1488 3464 dicuntur,
1518 3399 1681 3453 simul
1715 3409 1767 3454 et
1797 3399 2074 3454 intellectu

2188 3379 2412 3437 ποτόὗν
2451 3383 2588 3453 πρὸς
2628 3380 2816 3451 ἕτερόν
2857 3395 2911 3430 τι
2949 3376 3242 3445 λεγόμενα,
3268 3372 3385 3442 ἅμα
3427 3371 3546 3423 ἐστὶ
3581 3368 3680 3421 καὶ
3710 3367 3774 3435 τῇ

497 3497 552 3542 et
586 3498 778 3542 natura
813 3497 974 3554 sunt,
1012 3498 1072 3543 ut
1109 3489 1344 3560 exempli
1381 3490 1588 3560 gratia,
1627 3491 1846 3560 duplum
1881 3500 1933 3545 et
1969 3506 2083 3543 ma-

498 3594 688 3648 gnum.
720 3579 950 3649 Duplum
977 3581 1121 3637 enim
1149 3580 1375 3636 omnino
1401 3596 1581 3637 secum
1613 3582 1818 3636 inducit
1846 3582 1896 3634 id
1928 3581 2084 3650 cujus

496 3679 584 3724 est
609 3670 857 3741 duplum,
877 3680 932 3728 et
958 3687 1217 3744 magnum
1242 3687 1426 3728 secum
1452 3674 1616 3728 etiam
1646 3672 1804 3727 θῆται-ι
1832 3688 2082 3742 parvum,

499 3761 659 3832 cujus
693 3766 1100 3834 comparatione
1134 3774 1220 3821 est
1257 3781 1531 3837 magnum.
1571 3764 1759 3834 Neque
1795 3766 1939 3820 enim
1976 3765 2085 3819 erit

499 3858 721 3930 duplum
750 3873 855 3914 non
883 3859 1186 3915 exsistente
1210 3859 1388 3915 medio
1415 3876 1430 3914 :
1459 3873 1637 3926 neque
1665 3873 1916 3926 magnum
1937 3899 1951 3922 ,
1979 3858 2082 3924 nisi

500 3957 772 4005 statuatur
791 3948 1008 4020 aliquod
1031 3964 1283 4021 parvum.
1305 3947 1430 4004 Haec
1455 3957 1540 4004 est
1567 3947 1732 4017 igitur
1753 3962 1938 4001 eorum
1964 3961 2084 4016 quae

502 4041 571 4096 ad
605 4041 810 4112 aliquid
841 4050 968 4097 sunt
1001 4041 1276 4108 deﬁnitio;
1315 4039 1493 4094 simile
1521 4052 1653 4094 vero
1690 4053 1796 4094 non
1833 4050 2087 4092 necessa-

502 4135 586 4190 rio
630 4149 737 4190 una
778 4147 903 4189 eum
945 4133 1195 4190 dissimili
1243 4131 1589 4202 intelligitur,
1629 4129 2083 4202 quemadmodum

504 4225 627 4290 illa,
659 4225 805 4281 sicut
835 4237 1012 4292 neque
1039 4224 1245 4292 justum
1281 4239 1402 4280 cum
1442 4221 1674 4290 injuste,
1705 4236 1880 4290 neque
1913 4220 2084 4275 virtus

503 4332 628 4373 cum
663 4316 819 4372 vitio.
857 4314 992 4370 Nam
1035 4315 1301 4383 ejusmodi
1344 4315 1677 4384 privationes
1719 4314 1896 4382 potius
1938 4323 2084 4378 sunt,

503 4421 562 4467 et
587 4424 778 4467 eorum
807 4423 928 4478 qua:
958 4409 1013 4465 in
1047 4409 1236 4468 habitu
1265 4408 1566 4461 consistunt
1597 4407 1923 4459 mutationes
1943 4445 1959 4470 ,
1992 4421 2088 4459 ne-

505 4514 613 4572 que
645 4499 1098 4572 quemadmodum
1135 4513 1197 4554 ea
1233 4513 1356 4568 quat
1387 4498 1454 4553 ad
1493 4495 1698 4566 aliquid
1733 4506 1887 4560 sunt,
1924 4494 2088 4549 simul

505 4611 633 4652 cum
667 4593 782 4650 suis
813 4592 1078 4662 oppositis
1113 4591 1508 4663 intelliguntur.
1539 4589 1748 4645 Similis
1783 4588 1927 4642 enim
1968 4603 2088 4642 muo.

508 4687 641 4742 tatio
671 4681 916 4757 quaedam
946 4692 1033 4740 est
1061 4682 1355 4746 dissimile,
1381 4679 1609 4750 justitia:
1635 4695 1764 4735 vero
1797 4678 2084 4748 injustitia.

2186 3475 2370 3546 νοήσει
2407 3475 2501 3526 καὶ
2537 3475 2602 3543 τῇ
2645 3471 2839 3541 φύσει.⁸
2885 3463 2996 3521 οἷον
3020 3468 3150 3538 φέρε
3193 3466 3387 3527 εἰπεῖν,
3413 3462 3472 3515 τὸ
3493 3461 3776 3514 διπλάσιον

2189 3567 2282 3620 καὶ
2327 3565 2388 3617 τδ
2430 3563 2590 3633 μέγα.
2615 3563 2689 3618 Τὸ
2732 3561 2831 3631 μέν
2874 3560 2984 3630 γὰρ
3031 3557 3332 3617 διπλάσιον,
3359 3555 3777 3625 συνεισφέρειτι

2189 3654 2407 3716 πάντως
2448 3650 2625 3721 ἐαυτῷ
2668 3642 2730 3703 οὗ
2772 3650 2866 3702 καὶ
2906 3648 3020 3701 ἐστὶ
3064 3646 3363 3710 διπλάσιον,
3390 3645 3485 3697 καὶ
3528 3642 3592 3695 τὸ
3641 3641 3778 3712 μέγα

2191 3744 2513 3804 συνεισοίσει
2552 3742 2770 3806 πάντως
2816 3738 2994 3810 ἐαυτῷ
3019 3739 3079 3792 τὸ
3115 3737 3308 3809 μικρὸν
3341 3736 3476 3808 πρὸς
3501 3735 3529 3787 ὃ
3561 3735 3664 3787 καὶ
3695 3731 3778 3784 λέ-

2191 3850 2345 3904 γεται
2379 3833 2540 3904 μέγα.
2578 3831 2653 3884 Οὐ
2683 3830 2792 3900 γὰρ
2825 3829 2891 3882 ἂν
2936 3830 3020 3898 εἴη
3072 3827 3372 3890 διπλάσιον,
3404 3823 3638 3896 ἡμίσεος
3680 3821 3778 3872 οὐκ

2190 3927 2364 3992 ὄντος,
2399 3923 2512 3978 ἀλλ’
2540 3923 2660 3978 οὐδὲ
2702 3924 2864 3994 μέγα,
2905 3920 3101 3992 μικροῦ
3150 3919 3224 3991 μὴ
3273 3918 3561 3989 νοουμένου
3613 3915 3775 3975 τινός.

2191 4019 2274 4074 Τὰ
2309 4019 2408 4090 μὲν
2437 4013 2529 4070 οὖν
2564 4015 2701 4087 πρός
2747 4032 2798 4072 τι
2827 4014 3014 4072 τοῦτον
3061 4012 3173 4090 ἔχει
3215 4014 3308 4065 τὸν
3353 4013 3507 4081 ὅρον·
3536 4008 3598 4061 τὺ
3629 4007 3687 4061 δέ
3714 4019 3778 4073 γε

2191 4113 2376 4183 ὅμοιον
2425 4110 2526 4164 οὐκ
2576 4109 2635 4175 ἐξ
2682 4107 2932 4177 ἀνάγκης
2976 4105 3093 4175 ἅμα
3139 4105 3216 4176 τῷ
3271 4102 3504 4173 ἀνομοίῳ
3549 4102 3775 4156 νοεῖται,

2193 4207 2447 4277 καθάπερ
2492 4205 2742 4258 κάκεῖνα·
2780 4201 2969 4273 ὥσπερ
3007 4201 3126 4254 οὐδὲ
3169 4199 3232 4252 τὸ
3281 4200 3488 4252 δίκαιον
3535 4195 3654 4264 ἅμα
3701 4189 3778 4258 τῷ

2193 4299 2389 4370 ἀδίκῳ,
2425 4298 2617 4368 οὺδέή
2667 4296 2836 4369 ἀρετὴ
2887 4294 3000 4365 ἅμα
3046 4295 3113 4364 τῇ
3165 4292 3352 4363 κακίᾳ.
3385 4291 3466 4343 Τὰ
3517 4288 3616 4357 μὲν
3669 4286 3777 4356 γὰρ

2191 4390 2415 4446 τοιαῦτα
2446 4391 2730 4459 στερήσεις
2767 4388 2964 4459 μᾶλλόν
2994 4390 3099 4441 εἰσι
3147 4387 3241 4439 καὶ
3283 4381 3546 4454 ἐκτροπαὶ
3575 4378 3685 4430 τῶν
3720 4377 3777 4427 ἐν

2192 4483 2303 4549 ἕξει
2332 4481 2621 4552 κειμένων,
2645 4481 2706 4532 οὑ
2742 4477 3190 4551 συνεισφέρεσθαι
3224 4475 3437 4536 πάντως,
3468 4471 3773 4540 ὀφείλοντα,

2193 4573 2446 4642 καθάπερ
2476 4573 2568 4627 καὶ
2599 4575 2691 4626 ἐπὶ
2718 4572 2827 4625 τῶν
2869 4573 3003 4644 πρός
3048 4589 3102 4624 τι
3149 4569 3217 4622 τά
3264 4564 3636 4634 ἀντικείμενα.
3670 4559 3775 4613 Τοῦ

2197 4665 2300 4737 μὲν
2327 4663 2436 4734 γὰρ
2464 4663 2651 4734 ὁμοίου
2681 4663 2922 4732 ἐκτροπή
2953 4662 3036 4725 τίς
3065 4663 3180 4713 ἐστι
3208 4659 3268 4711 τὸ
3295 4656 3566 4726 ἀνόμοιον,
3595 4655 3693 4724 τῆς
3721 4649 3776 4702 δὲ

506 4781 642 4836 Cum
679 4746 844 4845 sero,
879 4776 1034 4848 juxta
1078 4774 1294 4830 illorum
1334 4746 1710 4842 disciplinam,
1754 4746 2080 4840 prii—rationes

2191 4756 2538 4828 δικαιοσύνης
2585 4757 2620 4826 ἡ
2664 4755 2866 4820 ἀδικία.
2884 4753 3102 4823 Ἐπειδὴ
3131 4751 3210 4814 δέ,
3241 4750 3380 4804 κατὰ
3419 4747 3515 4820 τὴν
3554 4746 3778 4799 ἐκείνων

508 4872 783 4928 liabitibus
812 4871 923 4926 sint
951 4868 1302 4938 posteriores,
1335 4879 1443 4920 non
1474 4865 1580 4921 erit
1612 4863 1794 4934 itaque
1823 4861 2091 4918 dissimile

509 4981 576 5021 ex
604 4965 672 5021 iis
697 4977 819 5036 quae
845 4979 950 5019 una
980 4960 1377 5035 intelliguntur,
1403 4972 1530 5016 eum
1559 4958 1738 5029 potius
1761 4957 1834 5013 sit
1860 4955 2091 5035 privatio

510 5065 566 5112 et
597 5056 827 5119 mutatio
853 5054 1067 5116 similis.

1189 5166 1416 5224 ALIUD.

584 5279 872 5334 Nominum
901 5295 1020 5350 qua:
1047 5281 1114 5338 ad
1145 5280 1347 5350 aliquid
1373 5289 1531 5345 sunt,
1560 5279 1790 5334 alterum
1823 5277 2087 5348 quodam!

515 5373 678 5428 modo
709 5372 761 5427 in
796 5369 967 5426 altero
994 5384 1115 5426 esse
1143 5386 1301 5426 stium
1333 5371 1516 5437 habet,
1547 5381 1602 5424 et
1632 5373 1844 5425 sublato
1875 5385 1981 5423 uno
2010 5367 2089 5422 al.

519 5475 690 5522 terum
729 5465 894 5522 etiam
933 5462 1140 5519 interit.
1179 5463 1646 5539 Quemadmodum
1682 5463 1844 5532 igitur
1880 5461 2093 5516 sublato

519 5556 746 5626 majore,
791 5555 996 5609 tollitur
1035 5554 1201 5610 etiam
1246 5555 1456 5620 minus;
1505 5569 1680 5622 neque
1723 5554 1866 5608 enim
1915 5553 2094 5606 minus

521 5645 727 5714 aliquid
771 5643 957 5711 fuerit,
999 5643 1104 5698 nisi
1145 5644 1374 5699 exsistat
1414 5644 1608 5715 majus,
1649 5642 1801 5712 cujus
1847 5651 2094 5711 respectu

524 5738 707 5800 tuiuus
731 5743 833 5792 cst.
862 5733 918 5790 Si
945 5749 1074 5804 ergo
1101 5733 1275 5792 simile
1301 5735 1538 5813 ejusdem
1579 5735 1792 5807 generis
1820 5751 1939 5791 esse
1966 5749 2086 5791 cum

2191 4852 2408 4922 τέχνην,
2442 4849 2499 4901 αἱ
2529 4849 2812 4920 στερήσεις
2844 4846 2952 4898 τῶν
2981 4844 3148 4908 ἕξεων
3174 4841 3446 4913 δεύτεραι,
3469 4839 3569 4891 οὐκ
3601 4837 3667 4890 ἂν
3692 4834 3776 4902 εἴη

2191 4943 2302 4998 τῶν
2339 4942 2456 5012 ἅμα
2489 4939 2791 5008 νοουμένων
2845 4937 2904 4990 τὺ
2933 4937 3205 5008 ἀνόμοιον,
3244 4935 3495 5006 στέρησις
3543 4930 3636 4983 καὶ
3685 4929 3775 4980 ἐκο

2187 5032 2372 5104 τροπὴ
2403 5029 2498 5083 τοῦ
2536 5028 2721 5101 ὁμοίου
2755 5027 3042 5097 τυγχάνον.

2885 5145 3089 5201 AAAO.

2274 5271 2356 5324 Τά
2389 5269 2524 5339 πρός
2555 5285 2608 5320 τι
2634 5265 2825 5335 ἔχοντα
2857 5260 2967 5316 τῶν
2994 5259 3275 5330 ὀνομάτων
3304 5252 3414 5310 οἷον
3443 5257 3499 5309 ἐν
3527 5255 3776 5326 ἀλλήλοις

2197 5363 2311 5435 ἔχει
2335 5360 2397 5415 τὺ
2424 5356 2584 5422 εἶναι,
2636 5355 2731 5410 καλ⁸
2752 5354 2870 5418 ἐνὸς
2900 5350 3278 5424 ἀναιρεθέντος
3301 5352 3401 5404 οὐκ
3425 5349 3541 5402 ἐστι
3569 5349 3634 5402 τὸ
3659 5344 3775 5400 δεύ-

2197 5470 2378 5524 τερον.
2405 5453 2618 5520 Ὥσπερ
2661 5442 2756 5501 οὖν
2800 5445 2894 5500 καὶ
2937 5443 3321 5513 ἀναιρεθέντος
3362 5443 3458 5498 τοῦ
3510 5440 3771 5512 μείζονος,

2199 5544 2607 5615 συναναιρεῖται
2630 5539 2851 5602 πάντως
2867 5537 2928 5592 τὸ
2954 5537 3173 5590 ἔλαττον
3193 5552 3208 5567 ⁸
3240 5537 3301 5590 οὐ
3330 5535 3439 5607 γὰρ
3467 5533 3533 5588 ἂν
3558 5532 3775 5585 ἔλαττον

2196 5636 2284 5706 εἴη
2318 5654 2393 5699 τι,
2434 5635 2509 5706 μὴ
2541 5634 2693 5696 ὄντος
2731 5632 2994 5703 μείζονος,
3030 5625 3092 5684 οὗ
3124 5629 3220 5684 καὶ
3248 5629 3395 5681 ἔστιν
3440 5626 3680 5679 ἔλαττον.
3715 5619 3774 5670 Εἰ

2195 5728 2374 5785 τοίνυν
2403 5725 2662 5806 ὁμογενὲς
2683 5721 2819 5781 εἷναί
2841 5741 2976 5796 φατε
3006 5726 3118 5788 τοῖς
3139 5723 3270 5796 πρὸς
3293 5721 3462 5796 τεκαὶ
3490 5718 3547 5772 τὸ
3570 5718 3772 5792 ὅμοιον,
