4056 6264
331 305 424 362 ιπιν

1755 279 2202 339 TBESAURUS.

3487 279 3584 334 150

327 421 603 494 ἀναιρεθὲν
634 416 827 482 αὐτὸν,
859 412 1254 487 συναναιρείτω
1277 411 1338 465 τὸ
1375 410 1648 482 ἀνόμοιον,
1682 405 1778 460 καὶ
1804 422 1926 460 συν-

2033 395 2337 454 nominibus
2363 408 2484 466 qua
2507 395 2576 451 ad
2604 393 2806 465 aliquid
2833 404 2962 450 sunt
2991 394 3248 463 censetis,
3273 394 3485 452 sublato
3513 400 3585 454 si-

326 501 656 586 αναιρείσθω
711 511 883 566 πάλιν
934 507 1148 578 ἐκείνῳ.
1184 504 1325 558 Ἀλλ’
1371 502 1434 556 οὐ
1489 501 1914 570 συναναιρεῖται,

326 606 442 659 οὐδὲ
475 605 590 676 μὴν
621 604 871 675 ἀναιρεῖ·
913 601 1059 664 ὄντος
1088 600 1199 668 γάρ
1228 612 1373 659 τινος
1415 592 1724 664 ἀνθρώπου,
1755 590 1918 661 τυχὸν

330 704 485 758 ἔσται
517 720 574 756 τι
601 700 665 754 τὸ
688 697 936 767 ἀνόμοιον
963 691 1112 763 αὐτῷ
1133 709 1144 722 ·
1167 691 1262 744 καὶ
1293 686 1674 758 ἀναιρεθέντος
1705 683 1800 738 τοῦ
1832 684 1920 737 ἁν-

333 796 554 868 ομοίου,
584 794 646 847 οὐ
679 789 1081 861 συναναιρεῖται
1119 784 1179 838 τὸ
1211 782 1294 848 ὃν,
1323 781 1602 836 τουτέστιν
1629 781 1659 833 6
1705 778 1917 850 ἄνθρω-

338 904 462 952 πος,
499 881 561 941 οὗ
595 885 687 939 καὶ
713 883 941 952 γέγονεν
965 879 1218 949 ἀνόμοιον
1242 875 1303 929 τὸ
1324 873 1634 944 ἁναιρεθέν.
1669 871 1782 924 Οὐκ
1809 869 1918 941 ἄρα

339 980 450 1035 τῶν
498 980 636 1051 πρὸς
664 975 865 1047 ἄλληλα
913 969 1221 1042 λεγομένων
1251 967 1312 1022 τὸ
1350 967 1535 1038 ὅμοιον
1573 964 1666 1018 καὶ
1716 962 1777 1016 τὸ
1826 962 1925 1015 ἀν-

344 1071 548 1141 ὁμοιον.

1028 1175 1232 1230 ΔΛΛΟ.

426 1296 543 1350 Ἐπὶ
580 1293 673 1348 τοῦ
708 1292 897 1365 ὁμοίου
949 1289 1044 1346 καὶ
1069 1291 1172 1359 τῆς
1198 1287 1398 1360 ἀρετῆς
1426 1285 1517 1341 καὶ
1544 1284 1654 1339 τῶν
1681 1285 1922 1337 ἀντικεια

349 1384 515 1454 μένων
556 1382 769 1447 τούτοις
806 1381 1048 1452 χωρήσει
1088 1377 1152 1431 τὺ
1198 1376 1397 1448 μᾶλλον
1441 1374 1535 1428 καὶ
1567 1368 1918 1444 ἦττον.Ἔστι

344 1476 446 1547 γὰρ
487 1477 662 1529 εἰπεῖν
707 1476 769 1530 οὐ
813 1473 1146 1544 ψευδόμενον
1177 1468 1327 1523 τόνδε
1372 1467 1495 1521 τινὰ
1539 1465 1702 1534 τυχὸν
1735 1464 1919 1532 ὅμοιον

345 1567 491 1637 τῷδε,
509 1567 604 1620 καὶ¹
631 1560 795 1638 ἦττον
824 1564 858 1636 ἢ
892 1563 1092 1634 μᾶλλον
1118 1563 1320 1632 ὅμοιον,
1344 1560 1435 1612 καὶ
1460 1556 1662 1630 μᾶλλον
1689 1555 1917 1616 δίκαιον,

349 1657 438 1710 καὶ
467 1658 676 1712 δίκαιον
709 1653 1031 1728 ἦττον.Ἐπ“ι
1063 1653 1162 1724 μέν
1209 1670 1289 1705 τοι
1341 1650 1436 1704 τοῦ
1489 1647 1792 1720 μείζονοςῆ
1827 1647 1920 1699 κα)⁵

352 1748 442 1803 τοῦ
491 1748 796 1810 ἐλάττονος,
825 1745 1155 1806 διπλασίονός
1196 1760 1258 1796 τε
1308 1743 1401 1795 καὶ
1448 1741 1694 1811 ἡμίσεος,
1728 1738 1825 1791 οὐκ
1855 1735 1920 1790 ἂν
1953 1770 1995 1824 Β

2018 487 2386 552 mili,.interit
2427 485 2587 541 etiam
2631 494 2688 542 et
2729 485 3012 551 dissimile,
3053 484 3324 555 simulque
3365 499 3584 557 pereant

2016 593 2240 635 necesse
2275 586 2380 635 est.
2416 576 2527 647 90
2562 575 2668 632 Sed
2701 590 2873 646 neque
2908 575 3259 643 interimitur,
3296 593 3471 647 neque
3509 579 3588 633 in-

2019 670 2222 724 terimit
2249 687 2264 724 :
2295 683 2415 724 cum
2443 668 2588 722 enim
2624 666 2825 738 aliquid
2855 668 2928 722 sit
2955 668 3138 731 homo,
3165 666 3269 721 erit
3297 667 3458 722 etiam
3492 668 3588 722 ali-

2017 763 2142 831 quid
2173 761 2222 817 ei
2253 759 2540 824 dissimile,
2571 767 2626 814 et
2654 759 2869 815 sublato
2902 757 3172 824 dissimili,
3206 773 3314 812 non
3349 759 3491 828 perit
3518 758 3591 813 si-

2016 856 2127 912 mul
2157 855 2211 910 id
2236 856 2381 926 quod
2406 861 2545 918 erat,
2582 853 2688 909 hoc
2718 861 2800 909 est
2837 853 3022 918 homo,
3066 851 3153 907 cui
3183 850 3446 907 dissimile
3473 859 3589 904 erat

2015 949 2158 1019 quod
2194 948 2378 1018 periit.
2415 945 2604 1003 Simile
2641 945 2808 1015 igitur
2837 955 2892 1000 et
2925 944 3188 1000 dissimile
3220 957 3328 999 non
3365 949 3490 998 sunt
3524 943 3588 995 ad

2016 1037 2240 1110 aliquid.

2689 1145 2924 1202 ALIUD.

2092 1265 2166 1321 De
2191 1263 2353 1320 simili
2380 1272 2436 1318 et
2457 1261 2655 1316 virtute
2680 1271 2842 1331 atque
2873 1261 3067 1315 horum
3098 1261 3364 1330 oppositis
3397 1261 3595 1315 dicitur

2020 1356 2192 1426 magis
2223 1363 2278 1409 et
2312 1355 2511 1408 minus.
2532 1350 2670 1407 Vere
2701 1351 2844 1406 enim
2880 1351 2986 1404 dici
3022 1360 3218 1420 potest,
3247 1352 3388 1406 hunc
3413 1351 3489 1406 illi
3522 1352 3596 1405 si-

2020 1445 2202 1500 milem
2233 1457 2382 1508 esse,
2412 1450 2466 1496 et
2500 1441 2682 1495 minus
2710 1447 2802 1494 aut
2833 1439 3006 1507 magis
3036 1439 3269 1495 similem
3290 1479 3305 1505 ,
3338 1449 3393 1495 et
3424 1442 3596 1509 magis

2021 1546 2116 1592 aut
2158 1537 2336 1591 minus
2389 1533 2620 1605 justum.
2650 1531 2716 1586 Et
2753 1532 2820 1587 de
2865 1532 3036 1602 magis
3105 1532 3266 1602 duplo
3305 1541 3360 1587 et
3421 1534 3595 1586 medio

2020 1626 2128 1682 dici
2173 1640 2278 1680 non
2321 1632 2500 1694 potest
2553 1624 2725 1693 magis
2775 1623 2970 1692 majus,
3021 1622 3104 1677 vel
3153 1622 3322 1691 magis
3379 1623 3596 1688 minus,

2022 1725 2115 1773 aut
2137 1717 2309 1787 magis
2327 1716 2568 1786 duplum,
2589 1715 2674 1770 vel
2691 1715 2860 1782 magis
2879 1714 3433 1782 medium.Qualitatis
3449 1715 3596 1770 enim

363 1842 506 1893 εἴποι
533 1857 638 1902 τις,
675 1806 869 1907 μᾶλλον
897 1835 1128 1907 μεῖζονῆ
1162 1834 1364 1906 μᾶλλον
1396 1806 1633 1896 ἔλαττον,
1655 1831 1689 1900 ἢ
1723 1829 1923 1899 μᾶλλον

2033 1807 2230 1879 species
2263 1808 2546 1876 incapaces
2567 1821 2687 1862 esse
2713 1806 3029 1876 quantitatis
3061 1821 3128 1860 ex
3161 1806 3344 1861 multis
3373 1807 3597 1862 demon-

368 1924 682 1993 διπλάσιονῆ
705 1923 899 1994 μᾶλλον
923 1925 1113 1995 ἥμισυ.
1131 1923 1484 1978 Ἀνεπίδεκτα
1503 1921 1612 1992 γὰρ
1634 1919 1726 1972 τοῦ
1753 1918 1924 1972 ποσοῦ

363 2017 427 2070 τὰ
464 2020 558 2087 τῆς
595 2018 876 2087 ποιότητος
918 2018 1034 2088 εῐδη
1068 2017 1160 2071 διὰ
1191 2017 1400 2070 πολλῶν
1429 2016 1828 2070 ἀποδέδεικται.
1860 2014 1925 2066 Εἰ

350 2109 516 2163 ¹τοίνυν
537 2109 597 2163 τὸ
620 2110 810 2180 ὅμοιον
838 2110 937 2164 τοῦ
966 2109 1136 2164 ποσοῦ
1163 2110 1464 2181 χωρητικόν
1489 2112 1624 2173 ἐστι,
1651 2108 1745 2161 καὶ
1769 2107 1926 2178 δέχε⁴

340 2217 426 2254 ται
451 2200 515 2254 τδ
550 2202 755 2273 μᾶλλον
783 2203 884 2255 καὶ
911 2203 974 2254 τὸ
1006 2202 1250 2264 ἔλαττον,
1269 2203 1331 2253 οὔ
1352 2201 1646 2271 δεχομένων
1677 2201 1807 2254 αὐτὸ
1829 2198 1924 2253 τοῦ

342 2291 593 2359 ἡμίσεως
631 2292 735 2345 καὶ
768 2291 1083 2354 διπλασίου,
1116 2291 1215 2359 οὐχ
1239 2291 1490 2359 ὁμογενὲς
1518 2291 1625 2361 ἄρα
1654 2291 1932 2362 τοῑςειτρός

349 2379 405 2434 τί
439 2381 613 2436 ἐστιν.

1051 2496 1185 2548 ΑΛΛ
1192 2498 1251 2552 0.

422 2605 497 2658 Τὸ
526 2604 735 2676 μᾶλλον
765 2608 885 2678 ἦτοι
915 2608 976 2661 τὸ
1002 2609 1184 2680 μεῖζον
1214 2610 1465 2674 ἐπίτασίς
1492 2613 1608 2664 ἐστι
1643 2616 1734 2666 καὶ
1771 2612 1932 2681 ὑπερ-

347 2694 476 2766 ϐολή
527 2713 679 2760 τινος
722 2699 1054 2768 πράγματος
1102 2701 1495 2772 οίουδηποτοῦν,
1525 2704 1625 2756 οὐκ
1675 2705 1927 2775 ἀνομοίου

345 2787 490 2850 τινὸς
535 2787 633 2840 καὶ
682 2787 1068 2859 ἀντικειμένου
1117 2792 1342 2863 δήλωσιν
1389 2793 1520 2864 ἔχει.
1555 2795 1628 2848 T6
1664 2795 1719 2849 δὲ
1743 2797 1930 2866 ὅμοιον

345 2879 444 2948 οὐχ
474 2877 669 2943 οὕτως.
698 2880 962 2952 Εἱσφέρει
994 2881 1104 2951 γὰρ
1133 2883 1222 2936 τοῦ
1254 2885 1507 2956 ἀνομοίου
1537 2887 1634 2958 τὴν
1667 2889 1944 2959 ἔμφασιν-

349 2971 564 3034 Ἀλλως
593 2989 652 3024 τε
678 2971 755 3042 τῷ
781 2972 881 3042 μὲν
905 2974 1141 3045 ἀνομοίῳ
1171 2977 1426 3049 στέρησις
1456 2980 1759 3036 ἀκολουθεῖ.
1778 2985 1935 3038 Ἀποο

351 3061 486 3130 ϐολὴ
521 3063 631 3134 γὰρ
663 3064 752 3118 τοῦ
785 3065 972 3134 ὁμοίου
1006 3065 1068 3119 τὸ
1110 3067 1362 3138 ἀνόμοιον
1406 3072 1722 3140 ἐργάζεται.
1758 3073 1832 3125 Τὸ
1875 3073 1934 3126 δὲ

358 3152 562 3223 μῶιλον
601 3157 690 3208 καὶ
737 3156 917 3226 μεῖζον
965 3157 1217 3222 έπίτασίς
1254 3177 1399 3224 τινος
1429 3162 1578 3226 ὂντα,
1611 3163 1772 3216 ποίαν
1823 3163 1933 3228 ἕξει

353 3244 457 3314 τὴν
480 3245 815 3319 ἀποϐολὴν,ἣ
840 3247 953 3312 πῶς
975 3249 1063 3302 ἐπ’
1085 3250 1252 3304 αὑτοῦ
1277 3253 1532 3324 στέρησις
1554 3254 1727 3322 ἔσται,
1747 3255 1935 3326 ὥσπερ

353 3335 450 3386 καὶ
498 3336 588 3388 ἐπὶ
614 3337 706 3390 τοῦ
737 3339 1024 3409 ἀνομοίου;
1074 3340 1215 3394 Ἀλλ’
1249 3341 1349 3394 οὐκ
1385 3342 1452 3396 ἂν
1485 3343 1599 3413 ἔχοι
1627 3361 1709 3409 τις
1739 3346 1932 3400 εἰπεῖν.

363 3423 706 3496 Ἐτερογενὲς
735 3426 842 3497 ἄρα
870 3428 949 3499 τῷ
983 3430 1159 3500 ὁμοίῳ
1192 3430 1252 3484 τὸ
1285 3431 1491 3502 μεῖζον.

355 3538 556 3617 ΔΛᾸΧΟ,
604 3540 915 3617 ἀπόδειξιν
941 3541 1088 3611 ἕχον
1117 3542 1205 3597 ὅτι
1245 3542 1344 3617 διὰ
1375 3545 1482 3600 τοῦ
1507 3546 1788 3615 λέγεσθαι
1807 3551 1935 3617 μεί-

425 3607 563 3686 ζιρςιι
593 3611 699 3686 τρν
729 3607 1465 3686 Πιετέρᾳξσ-υνεισςαέρεται
1486 3607 1614 3686 νμὲὶ·
1641 3607 1877 3686 animi”;
1900 3622 1935 3674 ὀ

434 3680 586 3746 Υἱὸς,
623 3682 756 3735 ἐστι
786 3682 856 3735 δὲ
892 3680 1526 3740 οὺκιέλάττώνήαὺτοῧ.

427 3796 501 3850 T6
535 3795 718 3866 μεῖξον
749 3797 804 3850 εἴ
824 3815 908 3861 τις
936 3799 1220 3868 ὀνομάσαι,
1249 3801 1572 3855 συνεισοξσει
1599 3805 1814 3868 πάντως
1840 3804 1946 3859 καὶ

358 3886 672 3955 ἀναγκαίως
701 3888 889 3959 ἕτερόν
935 3905 988 3941 τι
1037 3891 1164 3959 παρ’
1195 3890 1326 3944 αὐτὸ
1354 3885 1414 3945 οὗ
1442 3893 1536 3946 καλ⁸
1565 3892 1680 3947 ἔστι
1729 3895 1932 3965 μεῖζον.

359 3979 517 4032 οὕτω
557 3978 844 4051 τοιγαροῦν
890 3979 1105 4050 ἔχοντος
1149 3981 1243 4034 τοῦ
1289 3984 1580 4054 νοήματος,
1619 3985 1751 4056 φέρε
1804 3989 1938 4040 κατ’

358 4069 490 4122 αὐτὸ
527 4069 627 4140 τὴν
677 4069 829 4151 Θείαν
879 4070 1218 4141 ἐξετάσωμεν
1251 4073 1526 4145 γέννησιν,
1554 4077 1647 4128 καὶ
1691 4075 1782 4130 τὸν
1809 4077 1938 4147 περὶ

358 4161 574 4233 Πατρδς
624 4163 720 4216 καὶ
766 4161 897 4214 Υἱοῦ
943 4163 1308 4234 γυμνάσωμεν
1359 4165 1713 4234 λόγον.⁹οταν
1759 4168 1938 4222 τοίνυν

358 4253 586 4323 λέγηται
619 4254 825 4323 μείζων
859 4257 887 4306 ὁ
911 4256 1116 4326 Πατὴρ,
1148 4257 1490 4327 συνεισφέρει
1509 4256 1609 4327 μὲν
1636 4257 1852 4321 πάντως
1881 4259 1940 4312 τὸ

359 4346 417 4398 ὲν
454 4345 642 4415 σχέσει
689 4347 755 4415 τῇ
810 4347 945 4416 πρὸς
973 4347 1148 4414 αὑτὸν,
1176 4349 1274 4420 τὴν
1301 4347 1432 4402 Υίοῦ
1470 4348 1744 4419 σημασὶαν
1774 4350 1938 4421 φημὶ,

2027 1895 2249 1954 stratum
2284 1908 2384 1954 est.
2417 1899 2473 1954 Si
2519 1913 2646 1969 ergo
2686 1899 2864 1953 simile
2909 1899 3228 1967 quantitatis
3267 1914 3440 1968 capax
3482 1909 3596 1964 est,

2027 1989 2325 2059 recipitque
2351 1990 2519 2061 magis
2538 1999 2590 2045 et
2608 1990 2802 2055 minus,
2821 1989 3101 2045 dimidium
3137 2007 3266 2046 vero
3293 2000 3348 2047 et
3380 1991 3598 2062 duplum

2028 2081 2081 2136 id
2100 2083 2490 2152 non;recipiunt
2514 2100 2527 2145 ;
2557 2099 2663 2137 non
2689 2097 2818 2153 ergo
2841 2081 3084 2152 ejusdem
3113 2083 3331 2154 generis
3352 2085 3457 2140 erit
3477 2099 3606 2138 cum

2028 2173 2095 2230 iis
2124 2191 2242 2246 quze
2270 2185 2400 2230 sunt
2426 2175 2493 2230 ad
2524 2175 2752 2245 aliquid.

2705 2490 2936 2548 ALIUD.

2100 2602 2270 2674 Magis
2303 2604 2416 2660 sive
2446 2605 2618 2676 majus
2644 2606 3000 2663 intentionem
3030 2617 3193 2678 atque
3227 2608 3610 2665 excellentiam

2031 2694 2257 2766 alicujus
2293 2697 2370 2751 rei
2408 2697 2708 2767 significat,
2740 2715 2846 2754 non
2885 2711 3063 2755 autem
3103 2702 3368 2756 dissimile
3403 2702 3604 2772 aliquid

2033 2794 2088 2842 et
2126 2789 2432 2856 oppositum
2477 2789 2703 2844 indicat.
2748 2788 2939 2847 Simile
2979 2807 3110 2846 vero
3158 2809 3263 2848 non
3310 2795 3438 2848 item
3470 2809 3483 2844 :
3512 2792 3608 2847 dc-

2034 2888 2301 2936 monstrat
2331 2883 2473 2937 enim
2509 2882 2560 2937 id
2595 2881 2736 2950 quod
2769 2882 3030 2938 dissimile
3059 2893 3163 2939 est.
3197 2885 3432 2940 Amissio
3460 2887 3604 2938 enim

2037 2971 2253 3038 similis,
2279 2973 2544 3028 dissimile
2571 2971 2735 3027 efﬁcit
2764 2991 2776 3026 :
2805 2973 2941 3027 adde
2967 2977 3109 3042 quod
3137 2974 3400 3028 dissimile
3427 2975 3610 3042 sequi-

2038 3071 2124 3120 tur
2151 3065 2402 3134 privatio.
2433 3063 2604 3134 Magis
2633 3079 2761 3121 vero
2791 3073 2847 3120 et
2877 3066 3055 3121 minus
3084 3080 3205 3120 cum
3237 3067 3345 3120 sint
3375 3067 3610 3121 intensio

2035 3153 2262 3224 alicujus
2304 3154 2403 3220 rei,
2445 3168 2690 3222 quamam
2737 3155 2788 3209 in
2828 3154 2914 3208 his
2955 3155 3199 3220 amissio,
3246 3164 3340 3211 aut
3377 3156 3608 3226 privatio

2035 3245 2200 3299 statui
2243 3253 2437 3314 poteSt.
2477 3253 2532 3297 ut
2575 3245 2627 3298 in
2673 3245 2958 3300 dissimili?
2993 3245 3150 3301 Nulla
3193 3257 3360 3304 certe.
3401 3246 3606 3304 Diversi

2036 3335 2200 3404 igitur
2229 3335 2446 3403 generis
2477 3345 2602 3390 sunt
2634 3336 2812 3392 simile
2841 3346 2895 3392 et
2925 3339 3121 3409 majus.

2037 3534 2273 3605 ALIUD,
2302 3536 2668 3590 demonstrans
2703 3553 2794 3605 per
2820 3538 2874 3590 id
2903 3540 3040 3605 quod
3075 3539 3270 3593 dicitur
3303 3541 3461 3597 Pater
3487 3560 3602 3596 ma.

2100 3604 2214 3683 jar,
2244 3606 2403 3659 simul
2429 3609 2586 3660 etiam
2615 3604 2810 3676 inferre
2838 3604 3060 3676 Filium,
3096 3613 3267 3666 minor
3293 3623 3466 3668 autem
3495 3615 3610 3683 ipso

2108 3691 2210 3727 non
2237 3684 2336 3731 881.

2113 3801 2171 3858 Si
2205 3802 2325 3871 quis
2357 3805 2599 3862 nominet
2635 3808 2840 3877 majus,
2873 3807 3180 3862 necessario
3213 3809 3375 3861 ctiam
3415 3806 3610 3861 inferet

2039 3890 2183 3946 aliud
2210 3892 2484 3962 quidpiam
2515 3904 2708 3964 praeter
2755 3897 2807 3950 id
2835 3897 2992 3965 cujus
3026 3905 3271 3963 respectu
3300 3896 3477 3963 majus
3504 3905 3608 3951 est.

2041 3983 2191 4051 Quod
2220 3999 2343 4040 cum
2373 3985 2448 4039 ita
2479 3989 2700 4041 omnino
2731 4003 2789 4042 se
2821 3989 3048 4050 habeat,
3077 4002 3178 4056 age
3205 3988 3307 4040 hac.
3336 3989 3498 4041 etiam
3529 4004 3613 4044 ra~

2043 4073 2185 4130 tione
2216 4074 2450 4128 divinam
2481 4079 2881 4142 generationem
2917 4075 3292 4146 exploremus,
3320 4087 3374 4132 et
3401 4092 3612 4133 sermo-

2041 4179 2161 4218 nem
2197 4165 2263 4219 de
2294 4163 2455 4218 Patre
2485 4174 2540 4218 et
2569 4163 2706 4219 Filio
2736 4167 3139 4238 investigemus.
3169 4168 3304 4225 Cum
3337 4170 3502 4236 igitur
3527 4172 3612 4226 di-

2042 4257 2182 4312 citur
2218 4257 2392 4326 major
2422 4256 2604 4325 Pater,
2643 4257 2872 4314 infertur
2906 4262 3129 4318 omnino
3169 4262 3328 4317 etiam
3376 4263 3426 4318 id
3467 4266 3610 4335 quod

2042 4347 2361 4405 relationem
2409 4350 2475 4405 ad
2523 4351 2700 4420 ipsum
2748 4352 2939 4419 habet,
2989 4355 3242 4409 nimirum
3289 4356 3611 4425 significatio

361 4437 483 4489 καθ’
509 4432 579 4508 ἧς
617 4440 681 4490 τὸ
709 4438 933 4491 ἔλαττον
964 4438 1170 4494 νοοῦσιν
1213 4441 1262 4494 οἱ
1307 4441 1684 4512 χριστομάχοι.
1717 4443 1935 4496 Συνεισσ

2047 4437 2189 4504 Filii,
2215 4441 2266 4494 in
2291 4457 2396 4511 qua
2421 4443 2596 4500 minus
2618 4445 2956 4500 constituunt
2979 4447 3162 4501 hostes
3184 4447 3408 4503 Christi.
3433 4447 3614 4515 Quan-

364 4528 676 4598 ενεχθέντος
704 4530 994 4601 τοιγαροῦν
1031 4533 1340 4601 ἀναγκαίως
1371 4532 1448 4602 τῷ
1470 4534 1645 4604 Πατρὶ
1667 4534 1760 4588 τοῦ
1785 4535 1936 4602 Υἱοῦ,

367 4619 930 4692 φέρεδοκιμάζωμεν
961 4623 1076 4688 πῶς
1109 4623 1220 4689 ἕξει
1266 4623 1328 4676 τὸ
1365 4624 1549 4694 μεῖζον
1573 4627 1602 4678 ὁ
1633 4626 1844 4698 Πατήρ.
1877 4628 1941 4680 Εἰ

365 4708 480 4779 γὰρ
511 4707 668 4776 φύσει
701 4710 828 4774 Θεὸς
854 4712 882 4763 6
917 4711 1063 4776 Υἱὸς,
1087 4710 1338 4782 καθάπερ
1366 4711 1460 4770 καὶ
1489 4714 1517 4765 ὁ
1549 4713 1757 4784 Πατὴρ,
1782 4712 1942 4783 φύσει

364 4797 596 4866 ἀγαθὸς,
646 4798 798 4867 φύσει
839 4801 1205 4872 δημιουργὸς,⁴
1242 4801 1401 4871 φύσει
1457 4802 1729 4874 βασιλεὺς,
1790 4807 1943 4858 ποῖον

367 4887 526 4942 ἔσται
554 4890 614 4942 τὸ
648 4889 825 4960 μεῖζον
854 4893 910 4945 ὲν
943 4893 1140 4964 Πατρὶ,
1173 4892 1385 4964 ἔχοντος
1417 4896 1557 4948 αὐτὰ
1593 4896 1814 4959 τελείως
1849 4895 1944 4948 καὶ

364 4983 460 5036 τοῦ
492 4983 653 5050 Υίοῦ;
680 4986 743 5038 Εἰ
776 4985 834 5038 δὲ
868 4986 948 5056 μὴ
995 4985 1108 5056 ἔχει
1146 4986 1384 5052 τελείως,
1415 4985 1533 5050 πῶς
1566 4987 1698 5048 Θεός
1736 4988 1852 5037 ἐστι
1885 4984 1947 5038 τὸ

363 5069 408 5145 ᾧ
426 5094 477 5130 τι
493 5076 601 5131 τῶν
625 5077 847 5146 ἀγαθῶν
871 5079 1072 5144 ἐνδεεῖς
1093 5078 1163 5131 T6
1180 5078 1298 5148 γὰρ.
1317 5076 1470 5131 οὔπω
1496 5078 1591 5146 τῆς
1623 5075 1946 5146 ὀφειλούσης

367 5153 644 5239 προσεῖναί
676 5170 795 5241 Θεῷ
828 5171 1163 5241 τελειότητος
1189 5169 1609 5238 ἐπειλημμένον,
1638 5168 1738 5220 οὐκ
1771 5165 1836 5220 ἂν
1863 5168 1948 5240 εἴη

370 5258 532 5326 φύσει
563 5259 691 5324 Θεός
710 5275 724 5289 ·
762 5260 927 5329 φύσει
955 5261 1011 5312 δὲ
1033 5259 1164 5323 Θεὸς
1192 5262 1219 5312 6
1239 5258 1388 5322 Υἱός
1418 5257 1619 5319 τέλειος
1648 5256 1756 5326 ἄρα
1782 5255 1950 5310 καθά-

321 5371 324 5373 λ
370 5367 478 5422 περ
521 5351 614 5403 καὶ
640 5352 667 5404 6
694 5353 1144 5425 Πατήρ.Ἑπειδὴ
1189 5353 1246 5406 δὲ
1292 5352 1498 5414 τέλειος
1536 5352 1564 5403 ὁ
1599 5349 1808 5420 Πατὴρ,
1851 5349 1952 5404 οὐκ

369 5443 603 5497 ἐλάττων
630 5445 853 5518 δηλαδή.
885 5444 1263 5516 Οἰκονομικῶς
1298 5445 1355 5498 δέ
1396 5461 1559 5514 φησιν
1605 5442 1798 5496 ἑαυτοῦ
1834 5442 1953 5513 μεί-

2046 4532 2334 4601 doquidem
2367 4549 2496 4605 ergo
2532 4537 2842 4592 necessario
2881 4553 3146 4592 unacum
3185 4538 3347 4592 Patre
3384 4539 3616 4594 infertur

2044 4620 2235 4688 Filius,
2259 4637 2376 4692 age,
2395 4625 2770 4682 examinemus
2801 4642 2907 4694 quo
2942 4639 3098 4696 pacto
3132 4627 3294 4682 Pater
3321 4631 3493 4696 major
3520 4631 3612 4684 sit.

2043 4709 2099 4766 Si
2137 4713 2280 4766 enim
2315 4712 2484 4768 Filius
2518 4722 2613 4769 cst.
2635 4724 2829 4769 natura
2866 4717 3035 4781 Deus,
3068 4717 3524 4786 quemadmodum
3561 4725 3617 4769 et

2043 4801 2204 4856 Pater
2229 4813 2310 4858 est
2337 4813 2527 4858 natura
2558 4806 2753 4870 bonus,
2784 4816 2972 4861 natura
3001 4817 3238 4870 creator,
3272 4814 3464 4858 natura
3493 4820 3611 4870 rex,

2045 4891 2326 4961 qualenam
2356 4895 2464 4950 erit
2490 4897 2664 4967 majus
2694 4898 2746 4952 in
2779 4897 2959 4961 Patre,
2985 4898 3091 4966 91
3123 4912 3244 4950 cum
3272 4905 3326 4949 et
3356 4895 3523 4950 Filius
3553 4914 3616 4952 ea

2044 4981 2282 5052 perfecte
2325 4984 2552 5039 habeat?
2592 4986 2650 5040 Si
2692 5000 2820 5040 vero
2860 4985 3094 5053 perfecte
3134 4998 3244 5038 non
3288 4983 3469 5052 habet,
3510 5001 3619 5055 quo

2046 5083 2205 5143 pacto
2227 5075 2333 5130 dici
2354 5083 2532 5144 potest
2555 5077 2696 5130 Deus
2723 5075 2768 5129 is
2791 5076 2878 5129 cui
2906 5074 3122 5142 aliquod
3147 5075 3408 5130 bonorum
3435 5076 3620 5133 deest?

2049 5163 2106 5219 Id
2140 5165 2283 5219 enim
2315 5167 2458 5236 quod
2487 5180 2605 5219 eam
2637 5181 2758 5234 qua:
2792 5166 2966 5219 inesse
2996 5165 3105 5221 Deo
3136 5166 3294 5223 debet
3329 5169 3618 5238 perfectio-

2053 5271 2177 5310 nem
2208 5273 2311 5310 non
2343 5256 2704 5323 habet,Deus
2730 5269 2920 5312 natura
2948 5271 3070 5312 esse
3096 5273 3201 5313 non
3230 5268 3438 5327 potest;
3469 5260 3619 5329 atqui

2051 5349 2219 5404 Filius
2260 5361 2344 5404 est
2386 5351 2526 5405 Deus
2569 5359 2759 5406 natura
2797 5371 2810 5407 :
2849 5349 3120 5420 perfectus
3160 5352 3321 5421 igitur
3355 5351 3619 5419 quemad—

2053 5442 2271 5496 modum
2295 5453 2346 5497 et
2370 5442 2550 5496 Pater.
2571 5441 2707 5496 Cum
2733 5455 2860 5496 vero
2885 5442 3154 5510 perfectus
3177 5441 3246 5494 sit
3269 5438 3450 5506 Pater,
3473 5453 3620 5495 certe

369 5535 495 5599 ζονα
520 5537 609 5591 τὸν
635 5537 938 5612 Πατέρα,ἧ
965 5536 1101 5591 καθὸ
1127 5538 1348 5604 γέγονεν
1377 5534 1684 5607 ἄνθρωπος,
1702 5551 1935 5606 παραχω

2055 5534 2232 5586 minor
2255 5551 2359 5588 non
2384 5544 2488 5590 est.
2513 5535 2782 5590 Caeterum
2811 5542 3056 5602 respectu
3083 5531 3473 5587 incarnationis
3499 5547 3621 5586 ma-

371 5629 472 5689 ρῶν
496 5633 559 5704 τῇ
585 5632 683 5704 τῆς
708 5632 974 5701 θεότητος
994 5627 1154 5698 φύσει
1177 5628 1238 5680 τὸ
1255 5627 1540 5697 ὑπερέχειν
1562 5627 1669 5680 τῶν
1690 5627 1949 5700 γενητῶν·

370 5724 453 5778 καί
480 5725 555 5796 τῷ
584 5726 731 5783 κατὰ
765 5724 939 5796 φύσιν
966 5720 1156 5790 Κυρίῳ
1183 5719 1244 5774 τὸ
1270 5719 1378 5776 ἄνω
1413 5720 1621 5776 κεῖσθαι
1651 5719 1821 5786 διδοὺς
1857 5721 1953 5789 τῆς

2050 5625 2224 5694 jorem
2255 5627 2381 5682 dicit
2407 5629 2644 5692 Patrem,
2675 5627 2787 5682 sive
2812 5635 3081 5697 quatenus
3111 5626 3288 5680 factus
3315 5635 3397 5682 est
3428 5627 3620 5685 homo;

1992 5794 2022 5800 _
2060 5716 2302 5774 tribuens
2345 5719 2444 5776 hoc
2487 5730 2691 5779 naturae
2732 5719 3029 5779 divinitatis
3072 5718 3436 5793 utercaturis
3476 5723 3620 5768 autc-
