4056 6264
488 305 584 358 151

1509 304 1567 359 S.
1606 303 1882 360 CYRILLI
1923 307 2393 369 ALEXANDRINI
2431 314 2752 371 ABCHIEP.

3635 318 3745 374 152

485 419 678 486 cellat;
726 427 780 474 et
825 417 1054 474 Domino
1101 415 1398 475 secundum
1446 424 1695 472 naturam
1743 420 1847 476 hoc
1891 422 2055 477 ascri-

2163 423 2250 478 τοῦ
2271 423 2460 479 δούλου
2484 427 2717 498 μορφῆς,
2737 428 2784 480 εἰ
2809 426 2902 480 καὶ
2928 427 3011 481 ὄτι
3044 427 3278 499 μάλιστα
3300 428 3394 483 καὶ
3413 428 3574 494 αὐτὸς
3595 433 3747 486 κατὰ

484 515 618 568 bens
643 513 787 582 quod
813 510 996 567 servili
1025 509 1200 566 forma
1231 509 1390 580 longe
1419 508 1664 578 superior
1687 518 1808 576 est,
1838 513 2055 568 tametsi

481 602 646 657 etiam
688 604 802 673 ipse
837 602 1136 658 secundum
1172 610 1419 656 naturam
1456 599 1718 657 Dominus
1751 601 1857 668 sit;
1891 611 2056 672 atque

482 694 556 748 ita
593 694 812 765 quidem
853 694 1096 750 tribuens
1131 692 1303 760 Patri,
1342 701 1402 746 ut
1437 692 1609 763 major
1643 692 1733 760 sit,
1773 703 1835 748 ιιι
1873 703 2054 750 tamen

482 787 599 854 ipse
634 787 767 842 nihil
805 788 985 842 minus
1016 784 1214 841 habeat
1245 785 1457 840 ratione
1488 785 1755 841 essentiae.
1792 787 1870 842 lta
1907 787 2055 842 enim

480 877 587 936 erit
613 893 802 933 verum
830 877 1078 947 genimen
1109 885 1272 946 atque
1301 876 1480 946 imago
1503 875 1801 944 Genitoris,
1828 892 1934 934 non
1961 879 2057 934 aii-

479 981 584 1034 qua
615 981 681 1022 ex
711 975 868 1035 parte
897 979 1187 1034 expressa,
1221 965 1316 1020 sed
1347 965 1717 1020 omnimodam
1747 969 2056 1026 similitudi-

479 1071 603 1110 nem
640 1070 760 1110 cum
801 1056 917 1124 ipso
951 1055 1192 1122 habens;
1228 1056 1396 1111 solius
1425 1072 1556 1112 vero
1585 1059 1769 1115 decori
1802 1075 1968 1118 causa
1996 1071 2056 1118 ut

478 1145 646 1200 Filius
676 1144 939 1214 majorem
972 1145 1237 1202 honorem
1269 1147 1412 1202 Patri
1448 1149 1655 1204 tribuit.

558 1285 822 1340 Adversus
857 1283 1104 1350 dicentes,
1134 1286 1274 1353 quod
1312 1283 1473 1340 Pater
1500 1287 1572 1340 sit
1605 1287 1777 1356 major
1803 1285 1968 1342 Filio.

924 1465 1163 1532 Obiectio
1195 1467 1585 1522 hereticorum.

543 1577 730 1646 Pater,
773 1579 1059 1648 inquiunt,
1105 1593 1325 1650 semper
1363 1589 1518 1645 erat,
1564 1579 1734 1635 Filius
1775 1594 1904 1636 vero
1946 1595 2052 1635 non

474 1685 690 1738 semper
721 1687 736 1724 :
769 1685 877 1740 quo
910 1680 1070 1740 Paeto
1106 1669 1271 1739 igitur
1302 1685 1407 1726 non
1445 1672 1551 1725 erit
1587 1669 1758 1739 major
1786 1671 1879 1740 qui
1913 1686 2053 1726 sem-

2163 515 2324 584 φύσιν
2364 516 2586 588 Κύριος,
2635 519 2670 589 ἢ
2719 518 2780 571 τὸ
2823 519 3007 590 μεῖζον
3045 521 3389 592 παραχωρῶν
3431 521 3505 585 ὡς
3538 522 3744 594 Πατρὶ,

2161 609 2312 663 οὐδὲν
2349 609 2450 681 μὲν
2479 605 2642 680 ἦττον
2670 609 2809 682 ἔχων
2839 610 3002 665 αὐτοῦ
3033 611 3175 666 κατὰ
3204 612 3292 666 τὸν
3312 614 3412 684 τῆς
3443 613 3631 677 οὐσίας
3655 615 3750 668 λό-

2161 720 2278 772 γον.
2297 702 2455 758 Οὕτω
2479 704 2590 775 γὰρ
2613 704 2679 758 ἂν
2711 704 2796 775 είη
2825 706 2922 758 καὶ
2947 707 3170 774 γνήσιον
3195 707 3440 778 γέννημα
3461 707 3553 760 καλ⁵
3574 707 3748 760 εἰκὼν

2161 795 2329 860 ὅντως
2351 796 2446 850 τοῦ
2473 797 2884 868 γεγεννηκότος,
2911 798 2972 850 οὐ
3000 798 3141 852 κατά
3163 815 3214 851 τι
3239 797 3750 870 παρακεχαραγμέ-

2162 905 2249 957 νη,
2279 888 2394 942 ἀλλ’
2432 888 2725 960 ὁλόκληρον
2771 889 2910 959 πρὸς
2957 889 3120 942 αὐτὸν
3157 888 3402 954 σώζουσα
3428 890 3528 962 τὴν
3563 890 3747 961 ἐμφέ-

2167 997 2319 1051 ρειαν
2339 997 2353 1010 ·
2399 981 2489 1035 διὰ
2538 982 2596 1034 δὲ
2647 979 2808 1052 μόνον
2839 980 2901 1034 τὸ
2929 979 3142 1050 πρέπον
3185 981 3262 1045 ὡς
3291 983 3419 1047 Υἱὸς
3453 981 3533 1054 τῷ
3561 981 3749 1053 Πατρὶ

2159 1072 2329 1144 τιμὴν
2355 1073 2647 1145 ἀπονέμων
2674 1072 2772 1144 τὴν
2804 1072 3046 1144 μείζονα.
3343 1057 3347 1063 ’

2158 1295 2318 1363 Πρὸς
2355 1294 2509 1365 ξτοὺς
2554 1297 2846 1366 λέγοντας
2870 1297 3014 1422 ,Υῗτέ
3053 1296 3268 1367 μείζω·
3306 1300 3340 1352 ὁ
3375 1299 3578 1370 Πατὴρ
3635 1303 3748 1357 τοῦ

2946 1386 3037 1422 ου.

2946 1386 3037 1422 Ουο

2420 1479 2744 1546 ’Λντίθεσις
2779 1480 2858 1546 ὡς
2895 1480 2963 1533 ἐκ
2999 1481 3120 1535 τῶν
3155 1484 3488 1551 αἵρετικῶν.

2242 1591 2302 1643 Ὀ
2330 1590 2541 1662 Πατὴρ,
2576 1591 2759 1661 φησὶν,
2791 1587 2859 1662 ἦν
2891 1593 2995 1655 ἀεὶ,
3027 1595 3128 1646 οὐκ
3158 1594 3245 1647 ἀεὶ
3269 1595 3326 1648 δὲ
3363 1597 3390 1646 6
3422 1595 3546 1658 Υἱός
3572 1611 3586 1625 ⁸
3627 1594 3751 1657 πῶς

2159 1677 2252 1735 οὖν
2280 1680 2382 1733 οὐκ
2413 1680 2564 1733 ἔσται
2601 1681 2800 1750 μείζων
2828 1683 2857 1734 6
2885 1683 2973 1734 ἀεὶ
3005 1684 3265 1755 ὑπάρχων
3307 1685 3401 1738 τοῦ
3448 1685 3523 1755 μὴ
3566 1683 3750 1746 οὕτως

475 1777 572 1831 per
609 1763 829 1818 exsistit
862 1777 926 1818 eo
953 1762 1044 1832 qui
1074 1778 1179 1816 non
1211 1761 1462 1832 semper?
1485 1763 1592 1815 Aut
1620 1777 1727 1831 quo
1755 1775 1912 1830 pacto
1939 1778 2044 1818 non

2163 1774 2332 1835 5ντος;
2369 1769 2492 1833 Πῶς
2522 1769 2579 1822 δὲ
2604 1769 2705 1822 οὐκ
2739 1770 2976 1825 ἐλάττων
3003 1771 3095 1825 τοῦ
3125 1773 3314 1837 άῖδίως
3338 1775 3686 1845 ὑπάρχοντος
3720 1775 3752 1827 6

474 1856 547 1910 sit
579 1855 756 1910 minor
785 1869 850 1910 eo
883 1855 973 1925 qui
1007 1857 1075 1910 ab
1111 1864 1315 1910 aeterno
1345 1854 1562 1909 exsistit
1597 1855 1642 1909 is
1671 1857 1762 1924 qui
1813 1865 2050 1911 aeternus

474 1959 582 2000 non
627 1946 748 2000 est?
791 1943 848 2000 Si
889 1960 1018 2000 vero
1065 1944 1236 2014 major
1276 1953 1359 2001 est
1405 1945 1569 2002 Pater
1609 1945 1779 2012 Filio,
1827 1947 2054 2004 diversae

472 2036 635 2092 etiam
663 2037 916 2093 essentia:
943 2037 1013 2094 ab
1041 2037 1158 2108 ipso
1188 2037 1314 2092 erit.

971 2170 1179 2228 Salutio
1214 2171 1547 2242 objectionis.

547 2287 847 2359 Oportebat
875 2302 1006 2343 sane
1038 2303 1143 2343 non
1180 2288 1253 2343 ita
1291 2289 1472 2358 inepte
1501 2297 1664 2359 atque
1695 2288 1905 2344 ruditer
1933 2304 2056 2359 pro-

470 2377 596 2446 poni
629 2391 849 2446 gravem
883 2378 1058 2442 hanc,
1093 2386 1150 2432 et
1188 2376 1476 2448 imperitiae
1502 2387 1696 2433 vestra:
1726 2380 2056 2434 convenien-

469 2479 582 2525 tem
609 2472 989 2540 quasstionem.
1014 2468 1151 2525 Nam
1177 2486 1299 2526 cum
1325 2472 1694 2527 diversitatem
1720 2472 1972 2527 essentia:
1999 2472 2052 2526 in

468 2559 632 2616 Patre
656 2568 712 2614 et
736 2560 875 2614 Filio
900 2561 1127 2630 urgetis,
1155 2561 1408 2630 imperite
1434 2561 1727 2616 admodum
1754 2577 1821 2616 ex
1851 2561 2054 2631 majore

468 2659 527 2704 et
554 2651 764 2706 minore
791 2652 842 2706 id
870 2651 1101 2720 probare
1127 2651 1360 2706 studetis
1391 2670 1404 2704 :
1435 2653 1659 2723 proinde
1683 2667 1746 2708 ac
1773 2653 1816 2707 si
1846 2669 1907 2708 ea
1933 2668 2054 2723 quae

469 2743 665 2798 horum
701 2743 919 2814 capacia
956 2751 1103 2808 sunt,
1137 2745 1447 2799 necessario
1481 2745 1623 2800 inter
1653 2759 1714 2800 se
1748 2745 2051 2800 substantia

469 2833 745 2891 differant.
769 2834 932 2906 Atqui
965 2835 1161 2907 lapidis
1189 2836 1408 2906 quidem
1437 2838 1503 2892 ad
1533 2837 1790 2907 lapidem,
1820 2837 1946 2908 ligni
1982 2837 2051 2892 ad

471 2925 710 2997 lignum,
742 2926 974 2982 hominis
1006 2927 1071 2982 ad
1103 2927 1413 2994 hominem,
1447 2927 1767 2982 substantiae
1798 2927 1937 2980 ratio
1970 2934 2053 2980 est

468 3019 680 3074 eadem.
712 3019 925 3075 Accidit
959 3029 1137 3076 tamen
1177 3020 1307 3090 ipsis
1339 3030 1394 3076 et
1429 3020 1603 3092 majus
1637 3030 1688 3075 et
1727 3021 1932 3074 minus.
1963 3019 2054 3073 Li-

468 3123 632 3177 gnum
662 3110 807 3164 enim
837 3111 984 3181 ligno
1015 3110 1193 3180 majus
1223 3112 1521 3166 secundum
1553 3112 1778 3181 aliquid,
1808 3123 1860 3165 et
1891 3111 2051 3166 vicis-

469 3200 572 3255 sim
606 3202 787 3258 tninus
819 3213 1064 3272 apparet.
1093 3203 1227 3258 Cum
1264 3205 1429 3275 igitur
1455 3205 1623 3260 etiam
1655 3207 1721 3260 iis
1751 3222 1870 3277 qum
1903 3205 2050 3272 ejus-
2080 3200 2121 3223 υ

469 3293 591 3347 dem
618 3294 936 3349 substantiae
963 3304 1087 3349 sunt
1114 3297 1290 3367 majus
1315 3306 1370 3350 et
1399 3297 1576 3350 minus
1606 3299 1836 3363 accidat,
1871 3299 2054 3363 inepte

470 3399 569 3440 vos
607 3399 674 3440 ex
713 3387 814 3441 hoc
849 3387 1223 3443 diversitatem
1259 3391 1512 3445 essentia:
1547 3391 1599 3444 in
1634 3390 1794 3446 Patre
1827 3404 1880 3446 et
1913 3390 2053 3446 Filio

469 3478 851 3534 demonstrare
898 3479 1166 3544 nitimini,
1204 3489 1550 3549 vestramque
1595 3484 1919 3536 dementiam
1967 3482 2053 3535 ni-

471 3569 768 3626 hilominus
808 3587 905 3640 per
937 3571 1054 3627 haec
1087 3572 1398 3627 declaratis.
1437 3572 1688 3644 Equalis
1721 3576 1866 3628 enim
1903 3573 2051 3628 Patri

470 3660 744 3717 exsistens
767 3661 972 3730 Filius,
1004 3663 1271 3718 minorem
1302 3679 1362 3721 se
1393 3664 1520 3720 facit
1555 3665 1763 3720 ratione
1793 3665 2051 3719 incarna-

472 3753 655 3824 tionis,
686 3765 747 3811 ut
771 3754 1029 3812 diximus.

1055 4055 1166 4126 92
1205 4053 1437 4113 ALIUD.

541 4191 676 4256 Qua:
718 4191 950 4246 naturali
996 4193 1140 4245 inter
1177 4205 1237 4246 se
1282 4190 1639 4246 similitudine
1681 4205 1786 4245 non
1836 4190 2055 4258 conjun-

473 4290 694 4349 guntur,
727 4291 782 4336 et
815 4283 1028 4337 ratione
1059 4283 1309 4336 essentiae
1343 4283 1618 4346 differunt,
1659 4297 1754 4351 per
1785 4282 1968 4337 simile
2000 4293 2058 4335 et

475 4373 769 4439 dissimile,
799 4388 908 4427 non
940 4387 1072 4428 vero
1103 4388 1197 4441 per
1229 4373 1402 4442 majus
1429 4381 1483 4426 et
1515 4373 1692 4426 minus
1721 4373 2053 4427 discernun-

2161 1864 2235 1935 μὴ
2267 1861 2432 1925 ἀΐδιος
2465 1862 2572 1927 ὧν;
2621 1863 2682 1915 Εί
2715 1863 2771 1914 δὲ
2816 1863 3021 1932 μείζων
3049 1867 3076 1918 6
3105 1866 3294 1936 Πατὴρ
3325 1866 3417 1920 τοῦ
3452 1867 3606 1932 Υἱοῦ,
3650 1864 3752 1920 καὶ

2157 1953 2494 2026 ὲτεροούσιος
2523 1952 2628 2023 ἄρα
2665 1952 2800 2024 πρὸς
2825 1953 3011 2009 αὐτόν.
3086 1966 3101 1980 ⁸

2629 2175 2786 2243 Πρὸς
2823 2174 3010 2228 ταῦτα
3045 2175 3247 2243 λύσις.

2245 2288 2460 2359 Ἐχρῆν,
2495 2282 2541 2343 ὦ
2569 2286 2859 2358 βέλτιστοι,
2892 2288 2968 2357 μὴ
3013 2287 3133 2340 λίαν
3185 2286 3328 2341 οὕτω
3361 2287 3550 2352 κακῶς
3607 2287 3754 2359 μηδὲ

2157 2380 2399 2450 ἀτέχνως
2426 2377 2748 2449 προκεῖσθαι
2774 2377 2835 2430 τὸ
2860 2378 3023 2448 σοφὸν
3047 2377 3111 2449 δὴ
3135 2376 3294 2432 τοῦτο
3325 2379 3424 2448 τῆς
3453 2380 3584 2449 ὑμῖν
3608 2398 3751 2452 πρε-

2158 2472 2367 2542 πούσης
2414 2471 2655 2541 ἀμαθίας
2705 2467 3021 2540 πρόϐλημα.
3055 2469 3416 2542 Είσφέροντες
3458 2472 3566 2542 γὰρ
3613 2474 3752 2542 ἡμῖν

2157 2563 2250 2616 ἐπί
2279 2580 2337 2616 τε
2367 2561 2580 2632 Πατρὺς
2610 2559 2705 2613 καὶ
2736 2559 2867 2612 Υἱοῦ
2895 2559 2956 2611 τὺ
2985 2560 3344 2631 ἑτεροούσιον,
3372 2562 3480 2614 ἀπὸ
3506 2562 3597 2616 τοῦ
3624 2562 3750 2632 μεί-

2158 2652 2308 2719 ζονος
2332 2652 2426 2706 καὶ
2457 2651 2550 2704 τοῦ
2586 2651 2868 2714 ἐλάττονος
2894 2649 2992 2720 τὴν
3017 2651 3292 2719 ἀπόδειξιν
3314 2652 3542 2724 ἀμαθῶς
3570 2655 3748 2706 ποιεῖ-

2159 2746 2283 2799 σθαι
2342 2743 2694 2808 σπουδάζετε,
2743 2741 2934 2814 ὥσπερ
2976 2745 3291 2813 ἀναγκαίως
3329 2744 3562 2815 ἐχόντων
3609 2743 3753 2814 πρὸς

2157 2837 2361 2908 ἄλληλα
2388 2836 2485 2906 τὴν
2515 2835 2986 2907 ἐτεροουσιὸτητα,
3005 2835 3114 2888 τῶν
3142 2836 3242 2888 ὅσα
3269 2835 3472 2890 τούτων
3502 2835 3753 2906 πέφυκεν

2157 2925 2296 2982 εἶναι
2341 2929 2586 2981 δεκτικά.
2621 2927 2814 2982 Καίτοι
2849 2929 2989 3000 ξύλῳ
3031 2928 3130 3000 μὲν
3180 2928 3343 2980 παντὶ
3391 2927 3530 2998 πρὸς
3565 2920 3750 2993 ξύλον,

2157 3021 2252 3073 καὶ
2284 3019 2416 3091 λίθῳ
2462 3021 2596 3090 πρὸς
2627 3019 2796 3085 λίθον,
2831 3021 2924 3074 καὶ
2955 3019 3226 3091 ἀνθρώπῳ
3272 3019 3407 3088 πρὸς
3441 3018 3753 3088 ἄνθρωπον,

2102 3167 2123 3186 τ
2157 3113 2255 3181 τῆς
2293 3110 2390 3180 μὲν
2423 3110 2610 3173 οὐσίας
2655 3113 2683 3164 6
2729 3110 2886 3177 λόγος
2914 3113 2941 3164 6
2967 3110 3149 3172 αὐτός.
3206 3109 3477 3180 Πρόσεστι
3511 3108 3566 3160 δὲ
3599 3109 3757 3173 ὅμως

2163 3204 2258 3256 καὶ
2289 3203 2347 3254 τὸ
2378 3203 2560 3273 μεῖζον
2599 3203 2693 3256 καὶ
2737 3202 2797 3255 τὸ
2825 3203 3044 3255 ἔλαττον
3065 3221 3077 3233 '
3112 3201 3269 3268 ξύλον
3296 3201 3405 3271 γὰρ
3437 3199 3594 3264 ξύλου
3627 3202 3758 3270 μεῖ-

2164 3295 2256 3360 ζον
2309 3297 2451 3348 κατά
2486 3313 2559 3360 τι,
2593 3297 2688 3349 καὶ
2745 3295 2908 3349 πάλιν
2963 3295 3165 3366 ὁμοίως
3221 3295 3441 3347 ἔλαττον
3475 3295 3756 3362 φαίνεται.

2176 3387 2556 3456 Ἐμϐαίνοντος
2585 3389 2763 3440 τοίνυν
2806 3388 2900 3439 καὶ
2942 3387 3036 3440 ἐπὶ
3086 3388 3196 3438 τῶν
3229 3386 3531 3456 ὁμοουσίων
3568 3385 3662 3438 τοῦ
3692 3402 3754 3438 τε

2165 3478 2410 3548 μείζονος
2441 3480 2534 3531 καὶ
2563 3478 2654 3530 τοῦ
2686 3478 2991 3540 ἐλάττονος,
3027 3480 3297 3552 περιττῶς
3331 3481 3492 3549 ὑμεῖς
3516 3479 3608 3530 ἐπὶ
3637 3479 3755 3532 Πα-

2158 3570 2289 3640 τρὺς
2332 3571 2425 3623 καὶ
2459 3569 2588 3622 Υἱοῦ
2627 3569 2833 3641 ταύτην
2861 3571 3136 3637 ἀπόδειξιν
3165 3571 3404 3626 ποιεῖσθε
3430 3571 3524 3624 τοῦ
3560 3571 3752 3642 ιτιτερο⁹

2157 3661 2342 3715 ουσίου
2360 3680 2371 3692 ο
2406 3663 2498 3714 καὶ
2529 3661 2620 3714 διὰ
2641 3661 2844 3714 τούτων
2873 3662 2930 3714 δὲ
2954 3662 3109 3716 οὐδὲν
3139 3655 3301 3732 ἦττον
3326 3663 3622 3734 ληροῦντες
3658 3665 3752 3716 εὐ-

2163 3754 2585 3826 ρίσκεσθε.’1σος
2624 3754 2733 3822 γὰρ
2780 3753 3042 3825 ὑπάρχων
3091 3755 3118 3806 6
3150 3755 3280 3817 Υἱὸς
3322 3756 3399 3826 τῷ
3440 3753 3636 3826 Πατρὶ,
3685 3753 3749 3833 ἰδ

2161 3850 2380 3905 ἔλαττον
2430 3851 2512 3920 ἐφ’
2540 3847 2733 3904 ἑαυτοῦ
2778 3849 2989 3921 τίθησιν
3024 3849 3403 3920 οἰκονομικῶς,
3454 3852 3530 3916 ὡς
3576 3850 3752 3904 δέδει-

2166 3959 2308 3996 κται.

2845 4057 3049 4112 ΑΛΛΟ.

2231 4186 2311 4239 Τά
2339 4186 2441 4255 τῆς
2469 4187 2603 4257 πρὸς
2635 4185 2841 4258 ἄλληλα
2886 4187 3124 4257 φυσικῆς
3167 4187 3482 4260 ὁμοιότητος
3514 4189 3752 4263 ἑστερη-

2161 4280 2319 4346 μένα,
2353 4279 2446 4330 καὶ
2480 4277 2619 4332 κατά
2645 4278 2738 4332 τὸν
2765 4277 2860 4331 τοῦ
2896 4296 3012 4342 πως
3044 4275 3184 4332 εἶναι
3215 4279 3371 4348 λόγον
3398 4282 3747 4351 διεστηκότα,

2157 4367 2236 4437 τῷ
2264 4369 2437 4438 ὁμοίῳ
2471 4369 2567 4422 καὶ
2591 4369 2668 4439 τῷ
2703 4370 2940 4441 ἀνομοίῳ
2972 4371 3218 4442 κρίνεται
3254 4372 3475 4442 μᾶλλον,
3500 4375 3593 4426 καὶ
3621 4375 3747 4428 οὐδὲ

476 4475 583 4518 tur.
607 4462 664 4518 Si
687 4477 816 4532 ergo
841 4479 1004 4518 unum
1030 4475 1113 4519 est
1139 4462 1297 4517 Pater
1317 4471 1372 4516 et
1396 4462 1563 4516 Filius
1591 4463 1800 4516 ratione
1826 4473 2051 4528 naturae,

2163 4477 2266 4513 που
2313 4460 2392 4530 τῷ
2423 4477 2484 4512 τε
2523 4461 2729 4529 μείζονι
2783 4463 2874 4515 καὶ
2920 4462 2997 4534 τῷ
3043 4463 3308 4518 ἐλάττονι.
3340 4466 3401 4517 Εἰ
3434 4465 3532 4540 μὲδν
3562 4463 3654 4520 οὖν
3687 4469 3749 4521 ’ἐν

475 4556 660 4611 dicant
683 4556 841 4612 nobis
865 4556 1047 4611 acerbi
1075 4556 1164 4610 isti
1188 4555 1604 4624 disceptatores,
1629 4557 1905 4625 quomodo
1933 4571 2052 4608 ma-

469 4647 561 4713 jus
585 4655 642 4702 et
669 4647 847 4702 minus
875 4647 956 4702 eis
983 4655 1291 4716 competere
1323 4646 1560 4716 poterit?
1589 4645 1645 4700 Si
1675 4659 1804 4700 vero
1831 4646 2054 4700 alterius

475 4738 633 4807 plane
666 4740 1006 4810 diversaeque
1039 4755 1069 4793 a
1106 4739 1268 4793 Patre
1300 4739 1558 4794 essentiae
1594 4739 1790 4794 Filium
1823 4754 1945 4795 esse
1982 4739 2056 4793 di—

474 4831 617 4903 citis,
644 4843 752 4902 quo
777 4841 937 4902 pacto
963 4845 1026 4886 ea
1053 4845 1174 4900 quze
1201 4830 1360 4899 plane
1387 4831 1637 4886 essentia:
1666 4831 1876 4887 ratione
1907 4833 2049 4886 inter

473 4939 533 4979 se
571 4925 872 4992 dissident,
911 4926 1221 4996 comparari
1262 4925 1404 4979 inter
1439 4939 1498 4980 se
1536 4927 1830 4994 poterunt?
1869 4926 2055 4996 Neque

473 5016 620 5070 enim
663 5033 769 5072 non
813 5017 1073 5073 ridiculus
1111 5030 1236 5072 esse
1276 5017 1468 5086 possit,
1508 5016 1599 5087 qui
1642 5031 1762 5086 qua:
1801 5015 1942 5070 nulla
1991 5031 2059 5071 ex

475 5118 628 5176 parte
655 5111 981 5164 conveniant
1012 5111 1155 5165 inter
1183 5125 1243 5165 se
1274 5109 1624 5178 compararit,
1657 5111 1857 5178 quique
1886 5107 2052 5162 solem

477 5201 622 5268 ligno
664 5199 1080 5270 splendidiorem
1130 5203 1316 5258 dicere
1359 5201 1608 5258 voluerit.
1653 5200 1707 5256 Si
1758 5217 1886 5271 ergo
1940 5216 2058 5269 qua:

479 5293 675 5348 diversi
707 5293 922 5362 generis
948 5303 1094 5359 sunt,
1119 5310 1148 5349 a
1176 5304 1362 5349 mutua
1389 5294 1531 5349 inter
1555 5309 1613 5350 se
1637 5294 2058 5362 comparatione

477 5385 775 5440 abhorrent
806 5405 818 5440 :
850 5385 1033 5455 inepta
1070 5396 1217 5442 certe
1251 5396 1336 5442 est
1368 5388 1684 5456 propositio,
1719 5401 1844 5456 quze
1883 5387 2058 5457 majus

476 5485 532 5530 et
564 5476 743 5532 minus
775 5475 922 5531 Patri
959 5486 1016 5531 et
1053 5475 1190 5531 Filio
1223 5477 1596 5533 accommodat
1623 5519 1636 5541 ,
1674 5479 1718 5534 si
1757 5478 1915 5533 modo
1948 5493 2054 5532 non

477 5567 717 5635 ejusdem
741 5607 757 5630 ,
781 5567 934 5636 juxta
963 5579 1202 5626 vestram
1231 5569 1540 5641 opinionem
1562 5610 1578 5635 ,
1610 5580 1738 5626 sunt
1765 5571 2018 5628 essentia:
2043 5609 2060 5636 ,

480 5668 536 5712 et
556 5671 676 5728 qum
699 5673 822 5713 eam
844 5661 1095 5716 essentia
1119 5661 1486 5719 diversitatem
1511 5663 1870 5727 demonstrat,
1895 5678 2056 5734 quam

477 5751 673 5808 nescio
692 5753 831 5808 unde
849 5752 1210 5824 excogitarint
1226 5754 1289 5809 de
1309 5763 1500 5811 natura
1522 5756 1760 5812 omnium
1779 5770 2054 5826 suprema,

2165 4552 2312 4603 ἐστιν
2339 4552 2367 4602 6
2394 4551 2582 4622 Πατὴρ
2611 4551 2687 4616 ὡς
2714 4554 2851 4625 πρὸς
2870 4555 2962 4607 τὸν
2988 4556 3113 4610 Υἱὸν
3140 4557 3280 4609 κατὰ
3299 4557 3391 4610 τὸν
3413 4557 3511 4628 τῆς
3534 4558 3751 4627 φύσεως

2160 4640 2338 4710 λόγον,
2371 4643 2676 4710 λεγέτωσαν
2723 4646 2855 4716 ἡμῖν
2903 4649 2951 4699 oi
3001 4649 3190 4718 πικροὶ
3244 4648 3564 4720 συζητηταὶ,
3609 4651 3750 4704 κατὰ

2165 4734 2286 4787 τίνα
2333 4737 2534 4806 τρόπον
2571 4738 2810 4808 χωρήσει
2853 4739 2941 4791 ἐπ’
2967 4741 3148 4794 αὐτῶν
3195 4741 3256 4794 τὸ
3311 4741 3495 4811 μεῖζον
3547 4744 3640 4795 καὶ
3687 4743 3750 4795 τὸ

2166 4825 2402 4893 ἐλαττον;
2423 4827 2487 4880 Εἰ
2509 4827 2566 4880 δὲ
2588 4829 2762 4898 πάντη
2782 4829 3077 4899 διεστηκὼς
3107 4831 3197 4885 καὶ
3224 4833 3628 4904 κεχωρισμένος
3650 4834 3750 4903 τῆς

2167 4919 2259 4973 τοῦ
2293 4919 2505 4992 Πατρὸς
2532 4921 2721 4984 οὐσίας
2743 4921 2772 4973 6
2800 4921 2929 4985 Υἱὸς
2966 4924 3298 4995 εἰσφέρεται,
3331 4927 3523 4996 ἑτέρας
3554 4943 3613 4978 τε
3645 4925 3748 4996 φύ-

2171 5028 2305 5076 σεως
2329 5011 2660 5082 ὑπείληπται
2684 5017 2814 5085 παρ’
2831 5015 2980 5085 ὑμῖν,
2996 5016 3114 5080 πῶς
3133 5015 3202 5068 τὰ
3227 5017 3402 5087 πάντη
3427 5017 3751 5088 διεστηκότα

2169 5105 2310 5158 κατὰ
2335 5105 2428 5159 τὸν
2471 5105 2566 5160 τοῦ
2602 5125 2716 5172 πως
2747 5106 2887 5162 εἷναι
2913 5109 3072 5176 λόγον
3097 5107 3194 5178 τὴν
3221 5108 3355 5177 πρὸς
3381 5107 3585 5178 ἄλληλα
3615 5109 3749 5180 σύγ-

2171 5215 2350 5268 κρισιν
2387 5198 2726 5264 ἐπιδέξεταις
2756 5201 2830 5253 Οὐ
2868 5198 2975 5267 γάρ
3013 5199 3077 5268 δή
3129 5215 3212 5261 τις
3254 5197 3359 5265 ἔξω
3405 5199 3751 5272 γελοιότητος

2170 5289 2408 5344 κείσεται
2425 5291 2492 5345 τά
2521 5291 2660 5346 κατὰ
2689 5291 2852 5361 μηδὲν
2871 5290 3122 5360 ἀλλήλοις
3142 5290 3503 5346 κοινωνοῦντα
3524 5295 3749 5366 συγκρίο

2171 5399 2298 5448 νων,
2332 5385 2426 5437 καὶ
2455 5385 2606 5455 ἥλιον
2637 5383 2794 5448 ξύλου
2836 5382 3009 5452 λέγων
3055 5379 3194 5437 εἶναι
3243 5385 3643 5458 λαμπρότερον.
3681 5387 3745 5441 Εἰ

2165 5475 2349 5530 τοίνυν
2381 5476 2448 5531 τὰ
2476 5476 2762 5547 ἑτερογενῆ
2794 5475 2887 5530 καὶ
2917 5473 3013 5546 τὴν
3053 5477 3188 5547 πρὸς
3217 5476 3424 5548 ἄλληλα
3455 5477 3742 5548 σύγκρισιν

2168 5568 2584 5639 παραιτούμενα
2629 5567 2892 5638 φαίνεται,
2925 5569 3246 5634 ἀπαίδευτος
3297 5572 3329 5641 ἡ
3386 5571 3646 5642 πρότασις
3684 5569 3744 5623 τὸ

2176 5659 2357 5730 μεῖζον
2401 5661 2495 5714 καὶ
2527 5662 2589 5712 τὸ
2620 5660 2838 5715 ἔλαττον
2870 5661 2962 5716 ἐπὶ
3008 5661 3140 5715 Υίοῦ
3171 5663 3263 5716 καὶ
3299 5661 3510 5732 Πατρδς
3560 5661 3741 5730 είσφὲ-

2173 5768 2356 5823 ρουσα,
2389 5751 2545 5822 εἴπερ
2583 5754 2716 5808 εἰσιν
2753 5755 2810 5806 οὐ
2856 5755 2954 5827 τῆς
2983 5755 3155 5827 αὐτῆς
3187 5755 3393 5824 οὐσίας,
3423 5753 3542 5808 καθ’
3571 5755 3736 5826 ὑμᾶς,
