4056 6264
276 355 376 414 I53

1697 344 1974 404 THESAU
1987 343 2142 404 RUS.

3437 339 3538 396 {55

277 473 362 527 καὶ
389 467 598 540 ταύτην
627 465 916 532 ἀπόδειξιν
958 464 1256 538 ποιουμένη
1304 465 1400 537 τῆς
1455 465 1892 536 ἑτεροουσιότητ

2004 476 2022 522 ι
2057 467 2110 520 in
2150 477 2314 535 quam
2347 463 2525 520 minus
2557 459 2700 517 nulla
2733 457 2944 514 ratione
2977 459 3172 530 cadere
3205 467 3411 528 potest,
3445 459 3540 515 sed

273 581 378 630 τος,
406 563 476 634 ἢν
509 563 615 616 οὐκ
651 556 776 616 οἶδα
815 559 978 616 πόθεν
1003 559 1308 614 ἐπινοοῦσιν
1339 561 1432 613 ἐπὶ
1457 559 1558 630 τῆς
1586 559 1656 614 τὰ
1682 559 1862 614 πάντα

274 653 690 725 ὑπερκειμένης
723 651 930 716 οὐσίας,
951 651 1044 704 καὶ
1064 651 1126 704 τὸ
1146 649 1368 704 ἔλαττον
1405 649 1708 718 οὐδαμόθεν
1751 667 1862 720 χω-

277 748 390 815 ρεῖν
436 743 754 814 δυναμένης
771 759 788 774 ⁶
837 740 1172 811 ἀπαιτούσης
1217 739 1532 810 δὲμᾶλλον
1569 739 1670 811 τήν
1725 740 1863 811 αὐτῇ

276 840 610 908 πρέπουσαν
651 834 984 902 τελειότητα,
1020 832 1248 903 ἐπείπερ
1281 831 1436 884 οὐδὲν
1475 829 1698 884 ἔλαττον
1743 828 1865 882 οὐδὲ

281 929 480 992 ἀτελὲς
507 930 567 982 ὲν
595 927 670 1001 τῷ
698 929 836 982 κατὰ
861 926 1030 996 φύσιν
1059 924 1198 996 Θεῷ,
1217 927 1354 996 ὅπερ
1379 924 1528 978 ἐστὶν
1557 925 1586 978 ὁ
1621 921 1770 986 Υἱός.

974 1061 1174 1116 ΑΛΛΟ.

360 1201 596 1266 Μείζονά
617 1217 780 1270 φασιν
803 1201 850 1252 oi
879 1199 1240 1269 χριστομάχοι
1267 1195 1362 1250 τοῦ
1377 1195 1508 1250 Υίοῦ
1529 1195 1622 1250 τὸν
1645 1194 1870 1268 Πατέρα

292 1291 696 1362 δυσφημοῦντες
743 1291 1095 1360 ἀφυλάκτως,
1135 1289 1228 1344 καὶ
1291 1287 1366 1361 μὴ
1418 1287 1688 1352 νοοῦντες,
1725 1286 1870 1341 καθὰ

292 1384 617 1455 γέγραπται,
662 1385 803 1455 μήτε
833 1382 869 1436 ἃ
901 1383 1142 1452 λέγουσι,
1181 1382 1318 1452 μήτε
1349 1381 1480 1451 περὶ
1509 1379 1672 1433 τίνων
1697 1379 1872 1432 διασε-

291 1475 586 1529 6αιοῦνται.
623 1475 716 1528 Διὸ
746 1475 811 1545 δὴ
853 1474 1018 1528 πάλιν
1065 1475 1186 1536 ταῖς
1229 1471 1458 1525 ἐκείνων
1511 1471 1732 1542 μανίαις
1779 1469 1871 1522 τὸν

291 1565 446 1638 ὀρθὸν
478 1564 998 1636 ἀντιστρατεύοντες
1039 1563 1220 1632 λόγον,
1253 1563 1604 1635 ὲρωτήσομεν
1647 1557 1867 1621 αὐτούς*

295 1659 496 1726 Λέγετε
533 1659 696 1712 πάλιν
727 1660 878 1728 ἡμῖν,
913 1652 958 1710 ὧ
989 1650 1157 1720 οὗτοι,
1189 1653 1420 1726 πότερόν
1445 1670 1598 1718 ποτε,
1623 1650 1874 1720 καθάπερ

299 1751 458 1820 ὑμεῖς
485 1765 649 1818 φατε,
685 1748 882 1817 μείζων
911 1743 980 1817 ἦν
1006 1747 1088 1799 ὰεί
1113 1747 1142 1798 ὁ
1175 1745 1368 1814 Πατὴρ
1403 1742 1496 1796 τοῦ
1525 1741 1680 1804 Υίοῦ,
1715 1739 1747 1810 ἢ
1781 1738 1874 1806 γέ-

1965 573 2086 629 qua:
2129 557 2311 628 potius
2345 553 2724 627 perfectionem
2765 551 2872 608 sibi
2910 551 3322 606 convenientem
3359 554 3544 622 requi-

1967 653 2060 717 rit,
2087 651 2356 721 siquidem
2395 647 2528 702 nihil
2555 646 2732 702 minus
2759 653 2854 699 aut
2881 640 3258 714 imperfectum
3287 651 3371 698 est
3399 643 3450 698 in
3479 657 3545 699 eo

1967 745 2060 816 qui
2095 741 2418 800 naturaliter
2445 739 2586 797 Deus
2613 747 2719 808 est,
2747 737 2850 793 hoc
2863 739 2961 792 ἐει
2989 736 3044 790 in
3071 731 3232 788 Filio.

2641 1041 2874 1100 ALIUD.

1977 1169 2010 1184 F
2041 1189 2242 1246 i-lostes
2269 1183 2472 1242 Christi
2503 1181 2768 1253 majorem
2805 1179 2968 1234 Patre
2995 1177 3192 1232 Filium
3223 1187 3340 1230 esse
3369 1171 3555 1228 dicunt

1971 1283 2210 1356 graviter
2231 1278 2687 1350 blasphemantes,
2711 1283 2766 1328 et
2793 1287 2898 1326 non
2925 1269 3312 1340 intelligentes,
3337 1273 3394 1318 ut
3419 1263 3554 1320 scri-

1972 1387 2124 1448 ptum
2153 1381 2238 1430 est
2258 1373 2329 1437 ²¹,
2357 1383 2533 1440 neque
2559 1381 2621 1422 ea
2653 1379 2771 1434 quae
2802 1363 3020 1428 dicunt,
3051 1373 3228 1428 neque
3255 1371 3376 1426 qua:
3406 1369 3554 1410 asse-

1972 1447 2184 1522 verant.
2218 1461 2486 1530 Quocirca
2523 1471 2711 1512 rursus
2749 1455 2962 1510 illorum
3003 1448 3230 1506 insanire
3265 1447 3554 1502 veritatem

1975 1565 2332 1630 Opponentes,
2367 1567 2460 1608 eos
2496 1548 2970 1620 interrogabimus.
3006 1543 3178 1598 Dicite
3213 1539 3392 1605 nobis,
3427 1537 3556 1592 boni

1977 1627 2079 1704 viri
2101 1689 2115 1714 ,
2151 1647 2346 1702 Fuitne
2393 1659 2606 1714 semper
2635 1641 2824 1710 major,
2855 1645 2914 1694 ut
2955 1652 3049 1690 vos
3079 1631 3386 1704 loquimini,
3419 1627 3558 1682 Filio

1977 1741 2162 1805 Pater,
2196 1755 2260 1792 an
2297 1735 2582 1806 postmodo
2615 1735 2666 1788 id
2701 1731 2876 1786 lactus
2909 1729 3034 1782 est?
3063 1725 3194 1780 Nam
3233 1723 3278 1778 si
3315 1731 3559 1788 tempore

306 1858 464 1909 γονεν
487 1841 746 1910 ῦστερονς
779 1840 840 1892 Εἰ
875 1826 1089 1910 μὲνόῦν
1121 1837 1265 1891 κατὰ
1293 1853 1414 1888 τινα
1441 1834 1634 1906 χρόνον
1669 1829 1874 1902 μείζων

1997 1831 2158 1900 ιιῑψιο
2185 1827 2354 1894 major
2373 1823 2510 1880 Filio
2535 1823 2758 1878 eﬂectus
2781 1829 2886 1886 est,
2909 1817 3139 1874 accessit
3169 1815 3330 1885 igitur
3355 1809 3560 1880 aliquid

313 1931 561 2000 ἐφαίνετο
587 1929 674 1984 τοῦ
697 1927 834 1996 Υίοῦ,
867 1929 1206 2001 προσγέγονε
1223 1945 1274 1981 τι
1297 1927 1378 1997 τῷ
1399 1925 1518 1996 Θεῷ
1549 1925 1638 1978 καὶ
1661 1921 1838 1992 Πατρί
1857 1939 1870 1951 ·

311 2023 400 2074 καὶ
417 2023 446 2074 ὅ
461 2021 538 2091 μή
557 2022 811 2092 πρότερον
839 2021 1088 2091 ὑπῆρχεν
1117 2019 1286 2090 αὗτῷ,
1313 2018 1406 2072 νῦν
1431 2016 1571 2088 ἔχων
1599 2015 1873 2084 φαίνεται·

301 2113 413 2174 πῶς
439 2107 529 2164 οὖν
569 2112 774 2176 τέλειος
811 2107 884 2183 ἦν
921 2115 951 2165 ὁ
988 2111 1184 2165 τούτου
1224 2109 1541 2180 λειπόμενος
1574 2105 1630 2174 ἐξ
1665 2105 1878 2176 ἀρχῆς

303 2203 438 2257 Ἀλλ’
460 2199 532 2275 ἦν
560 2205 650 2258 ἀεὶ
680 2204 916 2268 τέλειος,
947 2203 1054 2256 οὐκ
1081 2204 1192 2272 ἄρα
1212 2201 1450 2254 ἐλείπετο
1481 2200 1574 2252 τοῦ
1602 2197 1876 2268 μείζονος·

285 2289 356 2366 ἦν
389 2295 448 2348 δὲ
482 2295 573 2348 ἀεὶ
601 2293 792 2360 τοῦτο,
828 2293 952 2346 καθ’
987 2290 1334 2362 ῦμᾶς.Ἀλλ’,
1368 2284 1411 2342 ὧ
1441 2288 1724 2357 βέλτιστοι,
1757 2301 1882 2336 συν-

296 2387 464 2457 ορᾶτε
511 2386 580 2456 δή
627 2401 734 2437 που
789 2381 888 2436 καὶ
935 2383 1100 2452 ὑμεῖς
1131 2381 1212 2432 ὅτι
1243 2379 1328 2432 διὰ
1357 2378 1416 2430 τὸ
1442 2378 1660 2430 ἔλαττον
1693 2375 1784 2429 καὶ
1829 2373 1888 2426 τὸ

306 2477 502 2548 μεῖζον
547 2476 680 2546 ὑμῖν
727 2473 972 2541 εὐλόγως
1021 2471 1370 2535 κινδυνεύσει,
1421 2471 1513 2522 καὶ
1562 2467 1892 2536 δειχθήσεται

301 2570 494 2623 λοιπὸν
520 2568 690 2631 ἕωλος
725 2566 882 2637 ὑμῶν
917 2567 948 2636 ή
979 2564 1262 2636 πρότασις.
1297 2563 1368 2616 Τὸ
1397 2562 1506 2630 γὰρ
1547 2560 1726 2631 μεῖζόν
1749 2575 1889 2622 τινος

297 2660 616 2730 λεγόμενον,
650 2659 754 2712 οὐκ
781 2658 850 2712 ἂν
881 2658 966 2728 εἴη
998 2656 1202 2727 μεῖζον,
1237 2654 1310 2725 μὴ
1354 2655 1541 2724 ἑτέρου
1577 2653 1722 2716 τινὸς
1752 2651 1888 2706 πάν-

299 2770 407 2816 τως
439 2749 852 2823 παρακειμένου
885 2749 981 2801 καὶ
1007 2747 1304 2809 ἐλάττονος,
1345 2745 1480 2814 πρὸς
1507 2744 1534 2797 ὃ
1565 2743 1628 2814 δὴ
1667 2745 1758 2798 καὶ
1791 2759 1892 2814 με·

302 2844 624 2916 τρούμενον,
661 2840 850 2912 μεῖζον
885 2841 962 2904 ὡς
993 2839 1128 2910 πρὸς
1159 2838 1290 2892 αὐτὸ
1319 2837 1588 2908 φαίνεται.
1619 2838 1682 2890 Ei
1707 2837 1894 2890 τοίνυν

303 2938 391 2992 ἀεὶ
439 2937 640 3007 μείζων
675 2931 744 3006 ἦν
777 2937 806 2988 ὁ
826 2935 1022 3004 Πατὴρ
1059 2931 1156 2985 τοῦ
1182 2931 1329 2996 Υιοῦ,
1363 2931 1578 3002 ἀνάγκη
1623 2931 1778 2984 πᾶσα
1801 2930 1896 2983 τὸν

306 3031 437 3086 Υἱὸν
491 3027 934 3098 συνεισφέρεσῦαι
975 3024 1052 3095 τῷ
1099 3025 1290 3095 Πατρὶ,
1333 3023 1468 3094 πρὸς
1507 3023 1566 3076 ὃν
1615 3023 1711 3086 ὡς,
1763 3021 1898 3075 καθ’

313 3115 482 3193 ὑμᾶς,
508 3122 760 3175 ἐλάττονα
776 3119 902 3171 ὅντα
926 3115 1376 3187 συγκρινόμενος,
1401 3113 1602 3184 μείζων
1621 3114 1894 3182 ἐφαίνετο.

1979 1923 2087 1978 Deo
2125 1935 2187 1975 ac
2223 1919 2372 1974 Patri
2411 1937 2426 1972 :
2467 1925 2520 1971 et
2559 1913 2702 1984 quod
2740 1922 2900 1966 antea
2937 1909 2988 1964 ei
3027 1923 3132 1963 non
3171 1907 3374 1964 inerat.
3415 1916 3563 1958 nunc

1980 2014 2181 2070 habere
2207 2010 2480 2076 cernitur;
2509 2005 2780 2078 quomodo
2809 2001 2976 2071 igitur
2999 1999 3276 2070 perfectus
3305 2001 3444 2058 erat,
3473 1993 3562 2048 cui

1983 2109 2034 2163 id
2077 2107 2144 2160 ab
2185 2105 2342 2158 initio
2375 2099 2598 2156 deerat?
2631 2097 2794 2168 Atqui
2833 2107 3050 2162 semper
3081 2099 3201 2147 erat
3241 2086 3512 2159 perlectus
3545 2099 3562 2138 :

1985 2215 2088 2256 non
2117 2199 2284 2267 igitur
2305 2195 2482 2250 caruit
2509 2191 2716 2262 majore
2741 2207 2756 2242 :
2785 2199 2998 2254 semper
3019 2183 3166 2238 enim
3193 2179 3246 2234 id
3273 2185 3390 2234 erat
3411 2175 3568 2246 juxta

1985 2305 2100 2346 vos.
2129 2290 2396 2343 Caeterum
2427 2283 2618 2338 videtis
2649 2281 2810 2336 etiam
2841 2293 2935 2333 vos
2967 2291 3062 2346 per
3091 2273 3272 2328 minus
3303 2279 3359 2325 et
3387 2267 3568 2334 majus

1986 2379 2310 2454 periclitari,
2347 2388 2650 2442 vanamque
2683 2367 3016 2440 deprehendi
3051 2373 3290 2420 vestram
3321 2356 3572 2430 proposi-

1990 2447 2216 2532 tionem.
2257 2469 2412 2539 Quod
2453 2467 2598 2522 enim
2647 2461 2820 2532 majus
2863 2461 3044 2528 aliquo
3086 2447 3304 2518 dicitur,
3345 2465 3452 2506 non
3503 2449 3576 2504 sit

1989 2567 2198 2640 majus,
2229 2565 2329 2618 nisi
2364 2561 2510 2616 aliud
2538 2557 2815 2629 quidpiam
2843 2553 2986 2625 quod
3017 2549 3196 2604 minus
3227 2547 3298 2602 sit
3330 2557 3576 2614 appona-

1995 2637 2104 2722 tur,
2141 2659 2204 2711 ad
2247 2655 2387 2726 quod
2429 2651 2679 2706 collatum
2721 2645 2892 2714 majus
2927 2657 2992 2700 eo
3029 2647 3308 2711 appareat.
3349 2637 3404 2690 Si
3444 2649 3576 2704 ergo

1993 2746 2154 2802 Pater
2180 2723 2391 2814 semper
2419 2740 2516 2794 fuit
2545 2737 2714 2809 major
2739 2735 2896 2800 Filio,
2927 2731 3294 2788 necessarium
3321 2723 3432 2798 93
3461 2741 3576 2782 om-

1997 2839 2130 2894 nino
2151 2847 2234 2892 est
2257 2846 2315 2890 ut
2337 2851 2440 2888 una
2463 2847 2586 2888 cum
2611 2829 2770 2884 Patre
2792 2825 3058 2882 inferatur
3079 2823 3274 2890 Filius,
3298 2821 3364 2874 ad
3389 2833 3572 2889 quem,

2000 2933 2294 2986 secundum
2335 2937 2576 2982 vestram
2615 2921 2950 2991 Opinionem,
2991 2923 3360 2984 comparatus,
3405 2914 3580 2979 major

2001 3023 2267 3093 apparuit.
2299 3021 2356 3074 Si
2391 3033 2542 3088 ergo,
2577 3023 2636 3068 ut
2667 3027 2760 3066 vos
2795 3007 3112 3080 opinamini,
3147 3005 3270 3058 ideo
3305 3001 3468 3054 Pater
3497 3007 3582 3053 est

2004 3116 2178 3183 major
2207 3111 2344 3166 Filio
2364 3153 2378 3177 ,
2412 3109 2536 3179 quia
2569 3105 2658 3160 ille
2688 3105 2755 3158 ab
2785 3111 2991 3156 mterno
3021 3106 3168 3160 erat,
3201 3095 3290 3149 hic
3319 3106 3446 3146 vero
3477 3105 3582 3146 non

315 3216 382 3268 Ei
407 3215 608 3279 τοίνυν,
645 3210 782 3265 κατὰ
823 3212 920 3280 τὴν
971 3208 1246 3280 ὑμετέραν
1295 3207 1582 3278 πρότασιν,
1613 3206 1702 3259 διὰ
1738 3204 1892 3258 τοῦτο

2003 3209 2151 3270 item,
2183 3221 2305 3260 eum
2337 3203 2448 3272 jam
2483 3209 2760 3255 ostensum
2793 3195 2866 3248 sit
2897 3205 3020 3246 eum
3054 3202 3270 3258 semper
3325 3199 3448 3238 eum
3487 3181 3584 3236 Pa-

319 3307 523 3378 μείζων
569 3305 717 3358 ἐστὶν
759 3305 786 3356 ὁ
835 3301 1024 3371 Πατήρ
1057 3299 1156 3353 τοῦ
1191 3299 1347 3362 Υἱοῦ,
1395 3299 1694 3369 ἐπειδήπερ
1739 3297 1900 3360 αὐτὸς

311 3401 498 3462 suam;
531 3398 631 3468 μὲν
663 3392 748 3468 ἦν,
766 3395 794 3448 ὁ
820 3394 878 3447 δὲ
903 3393 1034 3456 Υἱὸς
1061 3392 1162 3461 οὐχ
1190 3388 1388 3454 οὕτως,
1417 3389 1608 3458 ἐπειδὴ
1635 3387 1900 3440 δέδεικται

315 3492 486 3548 συνὼν
515 3491 602 3544 ἀεὶ
622 3489 716 3542 καὶ
747 3487 1114 3558 συνυπάρχων
1142 3481 1219 3553 τῷ
1245 3482 1442 3550 Πατρὶ,
1465 3481 1566 3532 οὐκ
1587 3479 1740 3532 ἔσται
1764 3477 1904 3531 κατᾶ

315 3603 366 3639 τι
389 3584 518 3654 γοῦν
553 3583 816 3638 ἐλάττων.
846 3580 881 3650 ἢ
923 3575 1262 3648 έτεροούσιος
1304 3565 1569 3642 αὐτοῦ.ᾯ
1605 3570 1712 3642 γὰρ
1760 3569 1904 3639 λόγῳ

321 3679 392 3750 μὴ
422 3676 594 3731 συνὼν
619 3673 954 3728 ἀπελείπετο
993 3670 1092 3740 τῆς
1137 3669 1402 3738 ἰσότητος,
1435 3665 1514 3736 τῷ
1552 3663 1698 3735 αὑτῷ
1742 3663 1906 3717 πάλιν

319 3772 411 3825 καὶ
453 3771 512 3836 ἐξ
547 3766 918 3838 ἁντιστροφῆς
947 3764 1112 3832 λόγῳ,
1145 3760 1332 3832 ἐπειδὴ
1373 3760 1730 3829 συνυπάρχει,
1772 3757 1906 3811 κατ’

319 3863 506 3919 οὐδένα
535 3862 736 3934 τρόπον
779 3855 1263 3925 ἀπολειφθήσεται.
1283 3853 1407 3906 Ἐπὶ
1433 3853 1490 3905 δὲ
1521 3851 1630 3904 τῶν
1657 3850 1910 3920 ἀλλήλοις

321 3957 462 4010 κατὰ
501 3955 676 4009 πάντα
716 3950 1117 4022 προσεοικότων
1147 3945 1415 4017 φυσικῶς,
1448 3946 1542 3998 καὶ
1573 3941 1794 4014 μεγέθει
1833 3941 1910 4011 μὴ

322 4049 730 4121 μετρουμένων,
760 4043 864 4099 ποῦ
902 4041 1144 4115 χωρήσει
1175 4040 1234 4094 τὸ
1265 4038 1451 4112 μεῖζον
1497 4037 1594 4091 καὶ
1635 4036 1696 4090 τὸ
1749 4033 1908 4087 ἐλατ-

315 4161 406 4200 τον
427 4162 442 4211 ;

1020 4271 1218 4327 AAAO.

2003 3307 2086 3354 tre
2117 3297 2386 3352 exsistere
2417 3311 2430 3347 :
2463 3307 2568 3347 non
2599 3289 2704 3344 erit
2733 3295 2880 3342 certe
2912 3283 3208 3340 secundum
3243 3275 3448 3346 aliquid
3483 3273 3586 3328 mi-

2003 3407 2126 3458 ttor,
2161 3399 2256 3443 aut
2291 3389 2521 3442 diversa:
2557 3384 2626 3438 ab
2660 3397 2724 3436 eo
2759 3375 3034 3434 essentia.
3071 3371 3272 3426 Eadem
3307 3367 3452 3424 enim
3489 3381 3580 3419 ra-

2005 3457 2152 3539 tione
2183 3497 2288 3552 qua
2321 3480 2604 3549 probatur,
2635 3475 2680 3529 si
2715 3487 2818 3526 una
2851 3484 2974 3526 eum
3007 3466 3168 3520 Patre
3199 3477 3304 3518 non
3335 3457 3582 3522 exsistit,

2005 3575 2074 3628 ab
2109 3549 2420 3640 {equalitate
2455 3566 2688 3620 deiicere
2728 3581 2744 3618 :
2779 3563 2968 3616 eadem
3004 3555 3168 3610 etiam
3211 3567 3278 3606 ex
3319 3549 3586 3608 adverso,

2006 3671 2132 3740 quia
2169 3637 2276 3720 una
2313 3679 2437 3720 cum
2477 3661 2638 3714 Patre
2671 3655 2910 3716 exsistit,
2945 3648 3092 3704 nullo
3131 3645 3290 3715 plane
3325 3639 3484 3694 modo
3519 3637 3587 3690 ab

2007 3777 2070 3819 eo
2109 3762 2292 3830 dispar
2325 3757 2450 3813 erit.
2487 3753 2546 3808 ln
2586 3753 2654 3806 iis
2685 3764 2814 3804 vero
2851 3758 2970 3814 quae
3007 3756 3102 3812 per
3135 3737 3316 3793 omnia
3357 3734 3494 3786 inter
3529 3744 3589 3782 se

2011 3853 2332 3909 naturaliter
2357 3847 2555 3904 similia
2598 3849 2766 3906 sunt,
2797 3847 2852 3892 et
2889 3830 3258 3903 magnitudine
3290 3839 3396 3878 non
3431 3835 3585 3874 mett-

2011 3953 2290 4012 surantur,
2321 3953 2481 4012 quem
2519 3937 2698 3992 locum
2732 3927 2950 3985 habebit
2985 3921 3158 3990 majus
3187 3927 3244 3974 et
3281 3908 3500 3968 minus?

2701 4241 2923 4300 ALIUD.

391 4422 455 4474 Ei.
483 4416 690 4490 μείζων
721 4414 750 4466 ὁ
781 4411 968 4481 Πατὴρ
995 4410 1086 4463 τοῦ
1119 4407 1274 4470 Υἱοῦ,
1317 4404 1458 4458 κατὰ
1504 4403 1600 4474 τήν
1643 4402 1892 4473 ὑμετέρα·

2091 4396 2146 4451 Si
2190 4393 2353 4448 Pater
2391 4385 2564 4455 major
2603 4391 2684 4439 est
2727 4380 2893 4444 Filio,
2932 4373 3225 4430 secundum
3265 4377 3534 4432 vestram,
3568 4383 3600 4419 ο

2021 4489 2027 4490 ’
2242 4488 2286 4490 *λ
2346 4485 2356 4490 “
2419 4483 2428 4490 ·
2850 4488 2863 4490 Α
2913 4488 2919 4490 ›
2999 4483 3096 4490 --η-
3133 4475 3289 4490 num.
3323 4462 3516 4490 n....|.._.
3551 4459 3597 4490 ης

394 4459 455 4474 ιι·
484 4459 684 4490 ιιιϋν-σ-
722 4459 747 4466 ν
781 4459 963 4481 ’“”⁷·ιΓ
1007 4459 1078 4463 --ν
1129 4459 1148 4462 -
1172 4459 1210 4462 τί
1233 4459 1238 4460 ν
1261 4459 1273 4470 ι
1558 4459 1568 4474 .
1681 4459 1692 4473 .
1815 4459 1826 4472 .

327 4513 611 4583 πρότασιν,
663 4501 710 4560 ὦ
751 4493 1128 4576 χριστομὰχοι,
1184 4498 1300 4561 πῶς
1344 4495 1493 4567 αὑτῷ
1542 4495 1640 4566 τὴν
1693 4495 1892 4562 ἰσότητι

2015 4489 2201 4545 hostes
2231 4483 2465 4548 Christi,
2499 4475 2960 4549 propositionem,
2993 4483 3099 4538 quo
3133 4475 3290 4535 pacto
3323 4462 3519 4514 Paulus
3551 4459 3599 4511 ei

2479 4576 2509 4583 --
2573 4575 2606 4583 η
2710 4571 2738 4583 ι·
3043 4562 3141 4583 n.-:
3189 4559 3239 4583 ι.-
3289 4557 3457 4583 num...
3509 4552 3599 4583 n..:

337 4552 611 4583 "l’""'""
667 4552 708 4560 -
753 4552 1128 4576 hi""‘r"'n"r
1281 4552 1298 4561 -
1464 4552 1476 4567 ι
1597 4552 1608 4566 .
1832 4552 1844 4562 .

333 4604 544 4666 Παῦλος
589 4601 898 4680 ἀποδίδωσι,
929 4597 1136 4666 λέγων·
1172 4595 1302 4657 (Ὃς
1329 4595 1385 4646 ἐν
1421 4591 1602 4662 μορφῇ
1639 4586 1775 4640 Θεοῦ
1810 4587 1892 4640 ὑπι

2021 4583 2379 4654 :rqualitatem
2427 4575 2646 4636 tribuit,
2692 4571 2874 4626 dicens
2913 4585 2926 4620 :
2978 4583 2994 4615 ι
3043 4562 3143 4628 Qui
3189 4559 3241 4611 in
3289 4557 3460 4610 forma
3509 4552 3601 4607 Dei

2128 4679 2132 4680 ν
2589 4666 2600 4676 ’
2655 4679 2660 4680 γ
2716 4679 2721 4680 γ
2827 4661 3054 4680 tum..."
3085 4663 3158 4680 ηρ.
3193 4667 3248 4680 ..η
3276 4664 3394 4680 ,κοιλ
3423 4660 3601 4680 mnu,“

334 4699 540 4767 ἅρχων,
569 4695 664 4762 οὐχ
709 4689 1000 4763 ἁρπαγμὸν
1039 4689 1284 4760 ἡγήσατο
1323 4684 1384 4737 τὸ
1427 4679 1561 4736 εἶναι
1617 4681 1706 4734 ἴσα
1754 4679 1873 4750 Θεῷ

2023 4679 2323 4738 exsistens,
2356 4685 2459 4723 non
2489 4666 2731 4735 rapinam
2763 4661 3056 4715 arbitratus
3083 4663 3162 4707 est
3193 4667 3250 4705 se
3275 4664 3394 4703 esse
3421 4660 3604 4713 mqua-

2415 4762 2425 4767 -
2521 4759 2532 4767 -
2799 4755 2807 4764 -
2929 4751 2939 4762 -
2969 4749 3018 4767 ,2.
3089 4743 3314 4767 r....-........
3347 4735 3483 4767 ιη,ηή
3520 4747 3604 4767 ,ω-

337 4735 540 4767 υδμιιυυι
571 4735 664 4762 νη.
709 4735 993 4763 ’τη-ιι-υ
1045 4735 1278 4760 -οι-ιν--η
1336 4735 1377 4737 υ
1465 4735 1468 4736 ν
1845 4735 1856 4750 .

337 4789 451 4842 ἀλλ’
481 4787 666 4840 ἑαυτὴν
695 4785 953 4846 ὲκένωσε,
983 4770 1197 4854 μορφὴν
1229 4778 1414 4831 δούλου
1448 4774 1650 4840 λαϐὼν,
1673 4775 1766 4828 καὶ
1789 4775 1888 4844 σχή

2025 4773 2128 4824 lem
2162 4767 2301 4826 Deo,
2334 4762 2426 4814 sed
2458 4759 2694 4827 seipsum
2727 4749 3054 4808 exinanivit,
3089 4743 3315 4796 formam
3347 4735 3484 4790 servi
3519 4747 3607 4784 ac-

2486 4850 2498 4854 -
2561 4847 2607 4854 -·
2703 4845 2714 4854 ·
2873 4851 2883 4854 -
2986 4845 3038 4854 αι
3075 4834 3235 4854 [Μαι.
3301 4820 3604 4854 Immin-wit

2025 4858 2262 4925 cipiens,
2294 4863 2456 4919 atque
2486 4820 2671 4903 habitu
2703 4845 2955 4897 inventus
2985 4845 3044 4887 ut
3075 4834 3268 4889 homo,
3301 4820 3608 4878 bumiliavit

2028 4942 2364 5015 seipsum”?
2409 4961 2426 4993 ι
2475 4941 2532 4994 Si
2579 4951 2707 5005 ergo
2747 4923 3136 4987 incarnationis
3181 4916 3390 4970 ratione
3433 4909 3611 4964 Immi-

2032 5042 2194 5096 lialus
2229 5044 2389 5102 atque
2424 5029 2734 5086 exinanitus
2765 5021 2984 5079 dicitur,
3021 5021 3243 5065 necesse
3275 5001 3497 5056 omnino
3529 5006 3612 5051 est

2031 5143 2090 5187 ut
2117 5091 2378 5199 perleciio
2403 5120 2524 5176 Filii
2552 5115 2878 5168 retineatur,
2905 5102 3116 5155 ratione
3140 5091 3467 5166 :equalitatis
3495 5103 3612 5158 qua:

2030 5229 2077 5282 ei
2112 5187 2234 5279 cum
2273 5221 2380 5274 Deo
2412 5224 2465 5269 et
2497 5211 2654 5264 Patre
2689 5196 2974 5258 intercedit
3006 5202 3128 5248 ante
3164 5187 3608 5246 incarnationem.

2035 5323 2172 5378 llinc
2207 5315 2350 5372 enim
2385 5320 2438 5365 et
2472 5300 2774 5362 bumiliatio
2809 5313 2838 5350 a
2876 5293 3032 5347 nobis
3067 5289 3445 5362 cognoscelur.
3481 5277 3613 5331 Nam

2037 5415 2081 5469 si
2113 5427 2210 5483 per
2239 5423 2296 5463 se
2324 5407 2503 5460 minor
2529 5407 2646 5454 erat
2671 5397 2835 5453 etiam
2865 5397 2990 5442 ante
3017 5376 3483 5483 incarnationem‘,
3510 5379 3618 5465 quo

2039 5457 2200 5574 pacto
2230 5495 2581 5554 descendisse
2609 5495 2887 5548 cernetur,
2917 5489 3006 5533 aut
3033 5481 3282 5547 quaenam
3313 5459 3418 5516 erit
3443 5457 3620 5515 humi-

2045 5594 2280 5653 liationis
2312 5585 2488 5647 ratio?

341 4900 474 4951 ματι
511 4879 748 4951 εὑρεθεὶς
775 4879 850 4942 ὼς
883 4875 1191 4946 ἄνθρωπος,
1228 4869 1591 4924 ἐταπείνωσεν
1631 4865 1856 4926 έαυτόνς
1893 4881 1911 4912 ι

339 4973 400 5026 Εἰ
425 4969 604 5024 τοίνυν
626 4972 654 5022 ὁ
679 4971 779 5039 τῆς
811 4965 1278 5034 ὲνανθρωπήσεως
1304 4960 1503 5028 τρόπος
1533 4958 1631 5028 τὴν
1659 4954 1920 5006 ταπείνω-

337 5082 422 5117 σιν
448 5063 582 5133 ἔχει,
609 5062 704 5114 καὶ
731 5061 832 5130 τὴν
859 5055 1160 5127 λεγομένην
1193 5053 1382 5106 ἐνθάδε
1422 5051 1674 5109 κένωσιν,
1707 5045 1917 5112 ἀνάγκη

339 5158 486 5208 πᾶσα
533 5151 803 5217 σώζεσθαι
833 5149 894 5203 τὸ
920 5147 1122 5200 τέλειον
1147 5145 1224 5216 τῷ
1253 5143 1368 5212 Υἱῷ
1402 5141 1523 5193 κατ’
1560 5137 1781 5204 ἰσότητα
1822 5134 1922 5204 τὴν

340 5245 478 5316 πρὸς
508 5247 596 5299 τὶν
622 5244 756 5299 Θεὸν
791 5243 887 5296 καὶ
919 5240 1138 5310 Πατέρα
1169 5238 1276 5307 πρὸ
1306 5235 1407 5302 τῆς
1438 5227 1922 5299 ὲνανθρωπήσεως.

352 5338 630 5392 Ἐντεῦθεν
657 5337 770 5407 γὰρ
801 5337 935 5406 ἡμῖν
963 5333 1212 5401 φανεῖται
1252 5329 1348 5381 καὶ
1395 5327 1428 5395 ή
1478 5321 1825 5382 ταπείνωσις.
1862 5319 1924 5370 El

340 5430 450 5500 γὰρ
478 5425 544 5500 ἦν
569 5429 807 5483 ἐλάττων
833 5427 894 5493 ἐξ
925 5423 1121 5478 ἑαυτοῦ
1147 5423 1244 5476 καὶ
1265 5420 1370 5490 πρὸ
1395 5417 1494 5486 τῆς
1523 5412 1926 5475 ταπεινώσεως,

338 5526 434 5577 ποῖ
457 5523 520 5594 δὴ
549 5523 656 5596 ἄρα
709 5517 1116 5589 καταϐεϐηκὼς
1142 5515 1459 5585 ὀφθήσεται,
1498 5511 1592 5565 καὶ
1621 5507 1704 5572 τίς
1743 5509 1872 5579 ἡμῖν
1903 5506 1930 5558 ὁ

339 5619 438 5688 τῆς
465 5616 858 5677 ταπεινώσεως
886 5611 1086 5683 τρόπος
1105 5627 1118 5674 ;

413 5800 453 5832 ¹¹
487 5798 506 5852 1
537 5795 782 5855 Timutlt.
823 5809 862 5862 ι,
897 5792 951 5844 7.
1032 5791 1074 5822 ³³
1105 5787 1334 5857 Philipp.
1365 5802 1424 5854 ιι,
1462 5784 1513 5852 6,
1549 5783 1598 5838 7.
