4056 6264
502 301 606 354 155

574 527 630 581 Si
666 541 764 596 per
794 525 1103 597 passionem
1140 527 1333 583 mortis
1366 527 1709 583 imminutum
1743 527 1926 584 Iesum
1961 545 2083 586 cer-

502 619 718 681 nimus,
753 617 908 686 juxta
951 619 1100 674 Pauli
1137 634 1322 674 vocem
1346 619 1412 686 “,
1447 635 1576 691 ergo
1610 628 1738 676 ante
1771 622 2084 692 passionem

504 710 686 766 minus
722 710 774 765 iu
815 711 930 781 ipso
967 726 1071 766 non
1107 720 1246 766 erat.
1281 710 1414 766 Cum
1451 727 1579 768 vero
1615 713 1705 769 hic
1741 713 1920 779 dicat,
1957 729 2082 784 per-

503 801 705 858 fectum
732 803 904 873 ipsum
931 817 1051 858 esse
1075 817 1298 859 necesse
1321 812 1425 859 est.
1448 805 1582 859 Cum
1609 815 1788 862 autem
1815 807 2087 877 perfectus

507 894 580 947 sit
610 893 649 948 F
655 893 794 958 dius,
825 904 880 948 et
910 893 1224 963 perfectioni
1257 893 1437 951 Patris
1465 895 1805 965 adaequatus,
1835 909 1986 953 certe
2015 899 2086 953 il-

507 985 600 1039 iud
625 986 1001 1041 haereticorum
1028 985 1224 1052 minus,
1254 984 1429 1042 locum
1464 987 1519 1042 in
1550 988 1671 1058 ipso
1699 1003 1808 1044 non
1840 990 2082 1046 habebit.

1178 1187 1407 1244 ALIUD.

571 1321 794 1389 Paulus,
832 1323 1133 1379 teSIiﬁcans
1160 1326 1526 1396 aequalitatem
1546 1342 1664 1397 qua:
1681 1327 1822 1384 Filio
1839 1345 1958 1384 cum
1990 1330 2089 1385 Pa-

505 1423 585 1468 tre
630 1414 940 1480 intercedit,
977 1415 1173 1470 alicubi
1220 1417 1290 1470 ita
1340 1418 1514 1487 inquit
1551 1438 1564 1473 ι
1609 1438 1626 1470 ι
1668 1418 1768 1486 Qui
1813 1421 1867 1475 in
1915 1421 2086 1477 forma

501 1504 679 1561 Patris
712 1507 980 1561 exsistens
1015 1523 1120 1562 non
1159 1510 1399 1580 rapinam
1435 1512 1728 1568 arbitratus
1763 1522 1844 1568 cst
1878 1529 1936 1566 se
1969 1529 2088 1569 esse

502 1597 765 1666 :equalem
797 1598 924 1654 Deo.
960 1619 978 1650 ι
1014 1601 1155 1655 Dicit
1185 1619 1314 1658 vero
1343 1605 1506 1658 etiam
1537 1606 1710 1674 ipsum
1742 1606 2086 1661 imminutum

505 1691 673 1746 fuisse
717 1707 814 1762 per
849 1694 1150 1762 passionem
1194 1698 1406 1753 mortis.
1445 1699 1578 1754 Cum
1623 1700 1788 1770 igitur
1824 1700 1936 1754 fieri
1981 1718 2085 1756 non

1537 299 1593 354 S.
1637 299 1904 356 CYBIILI
1941 301 2416 360 ALEXANDRIN!
2454 304 2774 362 ARCHIEP.

1176 413 1406 470 ALIUD.
2111 425 2160 481 Δ

3667 311 3778 366 156

2873 420 3078 477 ΑΑΑο.

2257 531 2320 585 Εἰ
2347 531 2435 586 διὰ
2466 531 2528 586 τὺ
2559 530 2789 602 πάθημα
2817 532 2914 587 τοῦ
2948 533 3182 589 θανάτου
3223 533 3492 606 βλέπομεν
3527 535 3774 606 ἠλαττω-

2190 622 2348 694 μένον
2377 623 2468 678 τὸν
2510 623 2738 694 Ἰησοῦν,
2773 626 2918 680 κατά
2940 626 3042 698 τὴν
3073 625 3167 680 τοῦ
3196 627 3409 681 Παύλου
3446 629 3650 700 φωνὴν,
3669 630 3777 701 πρὸ

2183 713 2280 766 τοῦ
2309 712 2516 777 πάθους
2536 713 2646 784 ἄρα
2673 714 2736 767 τὸ
2768 713 2990 769 ἔλαττον
3019 716 3120 768 οὐκ
3143 710 3213 787 ἦν
3235 717 3293 770 ὲν
3325 716 3492 787 αὐτῷ.
3514 717 3778 781 Εἰπόντος

2185 803 2243 857 δὲ
2281 802 2571 867 τούτου,τδ
2591 799 2732 858 εἶναι
2757 804 2967 860 τέλειον
3000 806 3166 860 αὑτὸν
3193 806 3486 861 εἰσϐαίνειν
3529 807 3774 880 ἀνάγκη.

2188 896 2403 960 Τέλειος
2439 896 2500 950 δὲ
2525 896 2602 950 ὢν
2639 896 2853 962 ὁὙὶὸς,
2884 898 2978 952 καὶ
3001 901 3068 969 τῇ
3103 898 3197 951 τοῦ
3237 897 3451 969 Πατρὸς
3475 898 3776 969 τελειότητι

2188 986 2614 1056 παρισούμενος,
2643 989 2743 1041 οὐκ
2769 987 3074 1056 έπιδέξεται
3107 987 3351 1060 δηλονότι
3372 988 3481 1043 τῶν
3499 988 3775 1059 ἀνομοίων

2187 1077 2250 1131 τὸ
2279 1077 2551 1135 ἔλαττον.

2872 1193 3082 1249 ΔΛΛΟ.

2259 1328 2370 1400 Τὴν
2401 1331 2620 1400 ἰσότητα
2647 1329 2724 1400 τῷ
2752 1329 2868 1402 Υῐῷ
2913 1328 3356 1402 προσμαρτυρῶν
3388 1331 3417 1384 ό
3451 1329 3675 1395 Παῦλος
3717 1332 3782 1402 ἣν

2189 1422 2303 1493 ἔχει
2350 1423 2487 1495 πρὸς
2536 1423 2624 1475 τὸν
2667 1422 2919 1493 Πατέρα,
2958 1422 3094 1494 φησι
3129 1439 3232 1475 που
3267 1421 3485 1491 σαφῶς·
3541 1425 3680 1486 «Ὃς
3728 1425 3784 1476 ὲν

2193 1512 2372 1580 μορφῇ
2427 1509 2562 1563 Θεοῦ
2608 1509 2889 1581 ὑπάρχων,
2931 1512 3030 1582 οὐχ
3081 1511 3378 1581 ἁρπαγμὸν
3431 1513 3688 1583 ἡγήσατο
3726 1513 3794 1566 τὸ

2189 1598 2328 1653 εἶναι
2359 1602 2450 1654 ἴσα
2474 1600 2612 1672 Θεῷ.
2649 1622 2667 1655 ι
2724 1602 2888 1671 Λέγει
2912 1601 2970 1656 δὲ
3003 1603 3167 1656 αὐτὸν
3199 1604 3293 1657 καὶ
3319 1604 3673 1674 ὴλαττῶσθαι
3699 1604 3788 1659 διὰ

2189 1690 2251 1743 τὸ
2281 1691 2510 1762 πάθημα
2541 1691 2635 1744 τοῦ
2671 1692 2928 1746 θανάτου.
2965 1694 3079 1748 Οὐκ
3115 1695 3466 1765 ἐνδεχομένου
3491 1693 3787 1766 τοιγαροῦν

501 1783 674 1851 possit
715 1793 770 1837 ut
815 1785 880 1839 de
921 1800 1027 1840 uno
1069 1796 1235 1856 atque
1275 1790 1465 1844 eodem
1509 1791 1674 1845 simul
1714 1793 2087 1863 signiﬁcentur

2208 1784 2271 1852 φ’
2303 1783 2422 1845 ἐνὸς
2459 1784 2555 1838 καὶ
2589 1784 2685 1838 τοῦ
2721 1785 2888 1839 αὐτοῦ
2921 1787 3288 1858 σημαίνεσθαι
3313 1787 3450 1860 ὁμοῦ
3483 1787 3546 1841 τό
3573 1803 3638 1840 τε
3665 1787 3785 1858 μεῖ-

502 1876 675 1946 majus
716 1887 771 1930 et
818 1878 998 1934 minus
1045 1883 1404 1948 naturaliter;
1455 1887 1807 1951 qumreudunt
1855 1893 1936 1940 est
1979 1901 2086 1954 quo

499 1977 660 2037 pacto
695 1978 986 2039 utrumque
1019 1971 1072 2025 in
1115 1972 1223 2027 Deo
1260 1974 1436 2029 Verbo
1474 1976 1764 2040 tuebimur,
1801 1986 1855 2032 et
1892 1978 1945 2032 in
1982 1993 2087 2032 uno

499 2074 564 2113 ac
597 2059 714 2115 solo
748 2063 854 2116 duo
888 2064 1000 2117 hmc
1034 2064 1138 2118 sita
1173 2079 1294 2120 esse
1328 2073 1652 2120 statuemus.
1683 2067 1794 2140 94
1825 2067 2086 2136 Quocirca

500 2162 772 2218 quatenus
807 2163 997 2209 natura
1035 2170 1130 2209 sua
1170 2156 1311 2212 Deus
1344 2165 1446 2222 est,
1479 2159 1706 2227 aequalis
1738 2171 1820 2215 est
1853 2162 1962 2217 Deo
1995 2162 2086 2232 qui

500 2259 623 2298 cum
658 2246 878 2316 genuit;
916 2257 1184 2317 quatenus
1210 2265 1340 2305 vero
1371 2250 1543 2306 factus
1573 2261 1655 2309 cst
1683 2253 1876 2320 homo,
1911 2255 2091 2310 immi-

502 2349 665 2393 nutus
688 2353 807 2394 esse
827 2341 1044 2396 dicitur.
1065 2342 1121 2397 Si
1145 2343 1266 2412 quis
1290 2353 1468 2399 autem
1494 2361 1523 2399 a
1550 2347 1782 2410 naturali
1805 2348 1923 2418 ejus
1945 2349 2092 2405 exsi-

503 2429 702 2483 stentia
735 2431 1102 2500 aequalitatem
1136 2436 1362 2501 adimat,
1397 2453 1572 2508 neque
1607 2440 1744 2494 hanc
1776 2441 1827 2493 in
1863 2456 1926 2495 eo
1958 2456 2090 2496 con—

420 2542 423 2543 ν
502 2522 706 2575 servari
731 2526 1048 2590 contendat,
1075 2527 1293 2582 ubinam
1324 2529 1489 2596 igitur
1508 2531 1612 2583 sita
1639 2531 1776 2584 erit?
1800 2532 1906 2584 Aut
1930 2548 2088 2600 quem

502 2612 675 2666 locmn
715 2614 935 2669 habebit
969 2615 1091 2670 Filii
1129 2619 1482 2687 excellentia,
1519 2636 1638 2674 cum
1678 2623 1792 2677 sola
1830 2623 2089 2677 imminu-

505 2703 578 2757 tio
608 2715 865 2773 aoparcat
895 2706 1042 2762 circa
1079 2709 1479 2767 incarnationis
1513 2711 1826 2768 rationem?

500 2831 742 2908 lnjdent
775 2853 794 2890 :
829 2837 981 2902 Quod
1017 2837 1191 2893 Filius
1231 2859 1324 2908 per
1357 2860 1533 2896 omum
1567 2845 1754 2898 similis
1785 2847 1855 2900 sit
1892 2846 1999 2900 Deo
2030 2865 2093 2902 ac

581 2904 760 2976 Patri,
800 2911 1066 2976 proposito
1098 2922 1144 2964 et
1186 2904 1490 2968 ciraminato
1523 2917 1663 2969 dicto
1695 2917 1785 2970 illo
1819 2932 1837 2970 :
1873 2937 1892 2968 ι
1930 2920 2091 2972 Amen

578 2975 696 3059 ιίὶεο
724 2975 1016 3059 vobianton
1039 2983 1268 3036 surrexit
1293 2983 1424 3037 inter
1442 2996 1594 3040 natas
1617 2987 1894 3042 mulierum
1920 2989 2095 3059 major

571 3039 784 3102 Joanne
811 3047 1074 3120 Baptista,
1111 3071 1128 3103 ι
1165 3065 1271 3107 etc.

962 3250 1201 3322 Objectio
1241 3255 1632 3311 Iiwrelicorum.

575 3383 646 3436 At
691 3386 981 3453 quomodo,
1033 3389 1306 3456 inquiunt,
1357 3392 1429 3446 sit
1478 3395 1702 3463 aequalis
1755 3406 1845 3451 aut
1898 3398 2091 3453 similis

508 3475 786 3544 Christus,
825 3479 930 3534 hoc
974 3491 1055 3535 est
1102 3481 1296 3549 Filius,
1342 3484 1487 3540 Patri
1532 3490 1961 3556 perfectissimo,
1999 3494 2091 3561 qui

511 3569 710 3623 alicubi
738 3581 922 3640 aperte
947 3571 1026 3628 ait
1051 3592 1064 3627 :
1099 3592 1118 3624 ι
1150 3574 1429 3631 Neminem
1459 3579 1601 3634 inter
1627 3594 1779 3637 natos
1807 3585 2091 3638 mulierum

512 3659 771 3730 majorem
809 3659 1014 3717 Joanne
1067 3664 1310 3735 Baptista
1349 3671 1683 3736 surrexisse;
1738 3683 1790 3728 ct
1833 3675 2092 3730 minorem

513 3751 566 3804 in
594 3768 756 3822 regno
781 3754 1061 3819 caelorum,
1078 3757 1338 3827 majorem
1365 3759 1482 3828 ipso
1504 3777 1624 3817 esse
1642 3765 1729 3817 '5?
1760 3783 1778 3816 ι
1807 3765 1922 3834 Ipse
1945 3755 2093 3822 enim

511 3844 692 3900 minor
719 3848 1016 3917 exsistcns,
1051 3853 1262 3908 ratione
1297 3856 1558 3925 temporis
1587 3873 1695 3927 qtto
1728 3867 1883 3914 natus
1913 3873 1995 3916 est
2029 3878 2097 3916 ex

513 3949 703 3994 sancta
734 3941 987 4011 Virgine,
1026 3955 1137 4010 tum
1175 3947 1389 4002 demum
1425 3963 1484 4004 se
1516 3949 1583 4003 ad
1623 3965 1886 4005 summam
1923 3953 2096 4008 virtu-

517 4039 628 4085 tum
653 4047 958 4090 mensuram
982 4048 1367 4122 perventurum
1392 4039 1614 4108 fatetur,
1635 4044 1850 4112 quando
1875 4059 2098 4114 regnum

516 4125 775 4181 malorum
812 4129 1126 4195 advenerit,
1166 4148 1228 4188 ac
1262 4135 1426 4190 veluti
1465 4137 1769 4192 mercedem
1805 4138 2098 4206 quamdam

519 4226 738 4284 propter
770 4219 1296 4280 administrationem
1336 4237 1533 4282 nostra:
1567 4227 1757 4283 salutis
1797 4238 2102 4298 reportatu-

521 4320 661 4359 rum.
689 4307 791 4372 Qui
818 4323 947 4362 vero
973 4313 1233 4377 ejusmodi
1267 4323 1492 4382 naturzc,
1521 4333 1628 4385 quo
1660 4328 1818 4384 pacto
1850 4321 1922 4374 sit
1949 4321 2102 4374 simi-

521 4393 617 4460 lis,
647 4403 740 4448 aut
768 4411 875 4465 quo
905 4407 1064 4466 pacto
1093 4409 1366 4456 statuatur
1391 4405 1617 4474 aequalis
1647 4404 1835 4459 Patri?

1026 4603 1236 4660 Salutio
1273 4605 1601 4677 objectionis.

593 4727 845 4803 lmperite
875 4735 1164 4793 admodum
1195 4748 1362 4809 atque
1394 4740 1574 4810 inepte
1603 4741 1694 4812 qui
1728 4742 1799 4797 ita
1829 4743 2105 4814 sentiunt,

520 4842 711 4882 eorum
757 4842 877 4903 qua:
913 4844 942 4884 a
979 4829 1269 4888 Servatore
1325 4845 1512 4890 nostro
1544 4835 1763 4891 Christo
1795 4837 1936 4891 dicta
1983 4847 2110 4893 sunt

521 4921 630 4974 vim
669 4921 1113 4992 interpretantur.
1151 4923 1337 4995 Neque
1371 4928 1513 4982 enim
1554 4940 1610 4982 ut
1645 4929 1916 4999 propriam
1954 4947 2108 4986 suam

527 5022 774 5068 naturam
799 5029 1039 5082 accuset,
1066 5020 1180 5074 haec
1203 5021 1354 5086 dicit,
1383 5037 1555 5091 neque
1577 5033 1832 5093 tanquam
1858 5040 2109 5095 magnum

524 5111 580 5155 et
611 5105 926 5170 praeclarum
961 5110 1162 5180 aliquid
1198 5113 1389 5166 statuit
1421 5111 1628 5169 Joanne
1664 5113 1922 5182 majorem
1954 5130 2109 5181 esse,

526 5193 620 5262 qui
660 5194 751 5248 Dei
785 5211 850 5250 ac
879 5197 1057 5256 Patris
1089 5202 1348 5271 dignitate
1385 5204 1669 5273 gloriatur,
1700 5215 1753 5259 et
1791 5205 2114 5260 naturaliter

528 5286 710 5339 orantia
746 5302 867 5355 qua:
903 5289 1079 5346 Patris
1115 5295 1366 5360 sunt,-iu
1413 5311 1473 5351 se
1515 5298 1713 5364 habet,
1752 5306 1913 5367 atque
1953 5298 2024 5353 ob
2063 5299 2113 5352 id

529 5377 876 5446 proclamans
901 5396 917 5435 :
948 5399 967 5432 ‹
996 5381 1186 5438 Omnia
1210 5401 1330 5453 quae
1353 5385 1514 5440 habet
1536 5387 1694 5443 Pater
1717 5404 1835 5444 mea
1861 5389 2065 5445 sunt".
2091 5408 2109 5440 ι

537 5469 816 5528 Perfectus
845 5482 1025 5529 autem
1056 5486 1140 5530 est
1169 5475 1362 5532 Pater:
1391 5478 1588 5533 nullius
1614 5481 1794 5551 itaque
1824 5483 2070 5550 indigens
2097 5500 2112 5549 ;

536 5560 922 5633 perfectasque
951 5575 1036 5621 est
1064 5566 1230 5624 Filius
1257 5584 1322 5623 cx
1356 5568 1472 5638 ipso
1500 5571 1732 5639 genitus.
1758 5573 1860 5640 Qui
1888 5589 2016 5629 vero
2045 5574 2117 5628 ita

617 5735 660 5768 ’δ
694 5735 855 5796 Hebr.
886 5757 946 5813 tt,
970 5744 1022 5798 7.
1101 5747 1144 5778 "
1178 5744 1306 5804 Luc.
1344 5764 1438 5818 \‘ll,
1467 5748 1557 5806 28.
1633 5753 1676 5784 ³⁸
1707 5749 1861 5807 Joau.
1887 5765 1993 5819 xw,
2028 5749 2110 5807 15.

2190 1871 2282 1936 ζον
2313 1873 2406 1926 καὶ
2433 1873 2493 1926 τὸ
2522 1874 2743 1929 ἔλαττον
2785 1877 3053 1945 φυσικῶς,
3095 1877 3355 1947 ζητητέον
3387 1881 3535 1943 ὅπως
3565 1879 3666 1932 ἐπὶ
3691 1877 3786 1930 τοῦ

2188 1963 2324 2017 Θεοῦ
2352 1965 2528 2034 Λόγου
2555 1964 2896 2036 διασώσομεν
2933 1968 3240 2039 ἀμφότερα,
3273 1969 3370 2022 καὶ
3413 1970 3542 2040 περὶ
3564 1970 3659 2023 τὸν
3689 1969 3785 2023 ἕνα

2189 2052 2282 2105 καὶ
2311 2053 2472 2123 μόνον
2504 2054 2572 2108 τά
2600 2053 2692 2108 δύο
2723 2054 2938 2108 κεῖσθαι
2964 2055 3231 2126 δώσομεν.
3270 2057 3482 2110 Οὐκοῦν
3511 2058 3650 2110 καθὸ
3680 2057 3786 2127 φύ-

2191 2162 2272 2198 σει
2312 2145 2463 2214 Θεὸς,
2501 2148 2616 2210 ἴσος
2653 2145 2806 2200 ἔσται
2844 2146 2922 2217 τῷ
2972 2147 3290 2218 γεγενηκότι
3340 2146 3494 2218 Θεῷ·
3547 2146 3690 2200 καοὸ
3733 2146 3790 2200 δὲ

2189 2239 2416 2307 γέγονεν
2462 2238 2770 2310 ἅνθρωπος,
2802 2238 3154 2310 ἡλαττῶσθαι
3201 2238 3442 2306 λέγεται.
3481 2239 3545 2292 Εἰ
3591 2238 3654 2291 δέ
3702 2255 3791 2301 τις

2189 2329 2381 2399 ἀφέλοι
2403 2331 2502 2402 τῆς
2531 2331 2767 2402 φυσικῆς
2796 2329 3086 2401 ὑπάρξεως
3114 2330 3280 2384 αὑτοῦ
3310 2329 3407 2401 τὴν
3431 2331 3794 2401 ἰσότητα,καὶ

2195 2423 2270 2495 μὴ
2315 2426 2372 2477 ἐν
2415 2423 2590 2494 τούτῳ
2622 2422 2827 2494 ταύτην
2865 2422 3139 2486 σώζεσθαι
3167 2421 3346 2492 λέγοι,
3367 2424 3461 2475 ποῖ
3505 2421 3571 2493 δὴ
3601 2422 3789 2476 λοιπὸν

2191 2517 2470 2582 assio-emt;
2509 2517 2581 2570 Ἢ
2612 2518 2762 2568 ποῖον
2797 2514 2910 2579 ἕξεί
2949 2514 3042 2567 τὸν
3072 2513 3238 2567 τόπον
3267 2514 3360 2567 τοῦ
3387 2513 3518 2566 Υξοῦ
3547 2513 3607 2567 τὸ
3639 2513 3789 2579 ἐξαί-

2195 2626 2370 2680 ρετον,
2408 2609 2578 2680 μόνης
2621 2609 2721 2678 τῆς
2773 2606 3130 2671 ἐλαττώσεως
3160 2606 3492 2678 φαινομένης
3533 2604 3664 2675 περὶ
3694 2605 3787 2657 τὸν

2192 2700 2293 2769 τῆς
2322 2698 2797 2770 ἐνανθρωπήσεως
2824 2697 3060 2769 τρόπον;

2197 2835 2320 2886 Ἔτι
2349 2835 2437 2899 εἰς
2464 2833 2530 2886 τὸ
2561 2826 2714 2887 αὑτό
2731 2851 2745 2866 ο
2779 2833 2908 2886 Ὅτι
2937 2832 3075 2897 ἴσος
3096 2833 3128 2884 ὁ
3154 2830 3286 2895 Υἱὸς
3316 2827 3466 2881 κατὰ
3491 2826 3690 2899 stata-ta
3710 2823 3792 2888 τῷ

2269 2904 2389 2970 Θεῷ
2412 2896 2522 2957 ’καὶ
2554 2903 2758 2970 Πατρὶ,
2795 2896 3193 2970 προκειμένου
3234 2899 3333 2953 καὶ
3363 2896 3800 2970 ἐξεταζομένουυ

2283 2976 2296 2992 ο

2259 2966 2450 3043 ῥητοῦ
2477 2988 2490 3000 ³
2524 2993 2550 3048 ξ
2570 2966 2759 3042 Ἀμὴν
2803 2966 2960 3048 λέγω
3002 2966 3167 3048 ﬁgi},
3191 2973 3333 3048 -.οὐκ
3378 2966 3802 3048 ἐγήγερςαι-ὲν

2268 3039 2578 3114 γεννητοῖς
2610 3039 2912 3114 γυναικῶν·
2939 3042 3150 3114 μείζων
3191 3039 3465 3096 Ἰωάννου
3518 3039 3629 3092 τοῦ
3682 3041 3803 3092 Βα-⁴

2261 3111 2538 3179 ἑττιστοῦ,
2579 3133 2598 3166 ›
2618 3111 2628 3114 -
2646 3114 2788 3185 μετὰ
2808 3113 2918 3167 τῶν
2945 3111 3167 3183 ἐφεξῆς.

2422 3253 2740 3318 Ἀντίθεσις
2777 3252 2858 3319 ὡς
2893 3251 2962 3306 ἐκ
3001 3250 3121 3305 τῶν
3157 3248 3232 3304 δι’
3266 3250 3573 3316 ἐναντίας.
3622 3284 3638 3293 -

2270 3390 2380 3443 Καὶ
2405 3389 2524 3453 πῶς
2552 3389 2618 3442 ἂν
2650 3387 2757 3458 εἴη,
2787 3387 2973 3458 φησὶν,
3002 3387 3034 3458 ἢ
3067 3386 3182 3450 ἴσος
3212 3387 3243 3458 ἣ
3276 3389 3464 3458 ὅμοιος
3487 3390 3513 3441 ὁ
3535 3385 3792 3458 Χριστὸς,

2199 3485 2498 3541 τουτέστιν.
2531 3487 2558 3537 ὁ
2584 3484 2716 3545 Υἱὸς
2743 3481 2819 3552 τῷ
2853 3481 3159 3552 παντελεὶῳ
3183 3482 3383 3552 Πατρὶ,
3411 3482 3469 3545 ὃς
3507 3499 3570 3550 γε
3608 3481 3795 3551 σαφῶς

2203 3573 2306 3627 πού
2342 3591 2506 3644 φησιν
2536 3573 2612 3634 ὡς
2660 3592 2677 3624 ι
2709 3573 2822 3625 Οὐκ
2848 3572 3148 3642 ἐγήγερται
3183 3572 3282 3642 μὲν
3307 3574 3364 3624 έν
3391 3576 3676 3642 γεννητοῖς
3703 3590 3798 3641 γυ-

2202 3665 2406 3719 ναικῶν
2447 3665 2693 3718 Ἰωάννου
2731 3662 2932 3734 μείζων
2971 3663 3181 3726 οὐδείς·
3229 3664 3257 3716 ό
3285 3662 3342 3715 δὲ
3386 3664 3718 3734 μικρότερος
3744 3665 3799 3716 ἐν

2202 3759 2268 3827 τῇ
2325 3756 2574 3827 βασιλεία
2618 3755 2728 3808 τῶν
2771 3755 3042 3826 οὐρανῶν,
3102 3755 3302 3826 μείζων
3356 3755 3523 3810 αὐτοῦ
3571 3759 3741 3810 ἐστιν.
3774 3775 3793 3808 ο

2204 3850 2375 3913 Αὐτὸς
2401 3849 2510 3920 γὰρ
2537 3848 2612 3902 ὢν
2635 3850 2664 3901 ὁ
2695 3849 3019 3920 μικρότερος
3051 3848 3192 3902 κατὰ
3219 3849 3310 3903 τὸν
3338 3853 3396 3904 ἐν
3425 3850 3502 3921 τῷ
3533 3851 3799 3919 γεγεννῆ-

2208 3943 2332 3996 σθαι
2369 3943 2561 4013 χρόνον
2584 3943 2673 3996 διὰ
2697 3942 2798 4011 τῆς
2826 3943 2988 4009 ἁγίας
3032 3942 3332 4014 Παρθένου,
3361 3943 3486 3997 τότε
3524 3943 3681 4014 μόλις
3709 3942 3800 3996 καὶ⁵

2204 4034 2267 4088 τὺ
2314 4034 2420 4087 τῶν
2456 4035 2536 4098 εἰς
2566 4035 2734 4105 ἄκρον
2768 4033 3012 4104 ἡκόντων
3042 4034 3248 4104 ἀρετῆς
3285 4032 3801 4107 ὑπεραναὸήσεσθαι

2212 4125 2411 4196 μέτρον
2433 4125 2624 4178 ἑαυτὸν
2642 4124 2916 4194 ὁμολογεῖ,
2945 4125 3070 4177 ὅταν
3093 4127 3125 4193 ἡ
3150 4124 3260 4178 τῶν
3286 4125 3531 4196 οὐρανῶν
3554 4125 3800 4194 βασιλεία

2209 4217 2612 4289 παραγένηται,
2640 4217 2828 4288 μισθὸν
2857 4216 3045 4288 ὥσπερ
3069 4217 3190 4272 τινὰ
3218 4217 3405 4271 τοῦτον
3429 4217 3528 4287 τῆς
3552 4219 3632 4280 εἰς
3655 4218 3801 4287 ἡμᾶς

2209 4308 2480 4372 διακονίας
2503 4307 3006 4378 ἀντικομιζόμενον.
3024 4308 3082 4360 '0
3107 4307 3161 4360 δὲ
3191 4305 3364 4371 οὕτως
3394 4306 3532 4377 ἔχων
3558 4306 3798 4376 φύσεως,

2211 4383 2330 4462 πῶς
2359 4399 2426 4452 ἂν
2459 4396 2525 4467 ἦν
2552 4401 2756 4470 ὅμοιος,
2781 4400 2814 4470 ἢ
2842 4401 2936 4453 καὶ
2966 4400 3023 4455 ἐν
3049 4399 3254 4472 ἰσότητι
3282 4400 3525 4469 φαίνοιτο
3545 4398 3639 4452 τοῦ
3662 4399 3800 4453 Θεοῦ

2135 4505 2181 4560 ι)
2214 4493 2310 4542 καὶ
2339 4491 2589 4560 Πατρός

2562 4602 2718 4672 Πρὸς
2757 4604 2942 4658 ταῦτα
2977 4606 3158 4672 λύσις
3194 4601 3438 4675 ἐφεξῆς.

2296 4733 2562 4808 Ἀνοήτως
2588 4738 2792 4810 σφόδρα
2827 4739 2920 4793 καὶ
2955 4739 3184 4810 ἀμαθῶς
3211 4740 3258 4793 οἱ
3285 4737 3446 4811 τῆσδε
3477 4736 3801 4808 διεσκεμμέ-

2213 4845 2292 4883 νοι
2316 4829 2416 4899 τὴν
2440 4829 2547 4883 τῶν
2577 4831 2881 4902 εἰρημένων
2908 4832 3060 4904 παρὰ
3083 4831 3178 4885 τοῦ
3208 4832 3461 4904 Σωτῆρος
3489 4829 3649 4901 ἡμῶν
3671 4830 3802 4900 Χρι-

2215 4921 2340 4976 στοῦ
2370 4921 2680 4994 διειλήφασι
2700 4923 2950 4994 δύναμιν.
2977 4925 3052 4978 Οὺ
3070 4924 3179 4996 γὰρ
3203 4925 3289 4978 ἵνα
3311 4927 3408 4995 τῆς
3437 4923 3646 4986 οἰκείας
3669 4937 3801 4976 κατ-

2213 5013 2462 5086 ηγορήσῃ
2499 5015 2733 5083 φύσεως,
2762 5015 2831 5069 τὰ
2861 5015 3088 5070 τοιαῦτά
3121 5031 3306 5085 φησιν,
3324 5015 3443 5067 οὐδὲ
3477 5016 3553 5076 ὡς
3585 5014 3728 5084 μέγα
3749 5027 3801 5064 τι

2215 5108 2310 5160 καὶ
2361 5107 2719 5177 ἀξιοζήλωτον
2769 5111 3028 5180 καύχημα
3081 5105 3424 5177 περιτίθησιν
3474 5103 3800 5175 ἑαυτῷ-τῶν

2229 5202 2476 5254 Ἰωάννου
2510 5203 2726 5273 μέτρων
2751 5201 2848 5271 τὴν
2877 5200 3168 5270 ὑπεροχὴν,
3205 5201 3234 5253 ὁ
3270 5200 3385 5262 τοῖς
3414 5198 3509 5250 τοῦ
3548 5198 3684 5252 Θεοῦ
3711 5196 3801 5250 καὶ

2217 5293 2432 5364 Πατρδς
2465 5291 2858 5364 ὲπικομπάζων
2886 5290 3184 5360 ἀξιώμασι,
3213 5292 3306 5344 καὶ
3348 5289 3527 5344 πάντα
3575 5289 3712 5359 ἔχων
3744 5289 3801 5338 ὲν

2218 5387 2396 5457 ἐαυτῷ
2451 5387 2520 5440 τὰ
2573 5386 2781 5439 ἐκείνου
2843 5384 3106 5453 φυσικῶς,
3156 5384 3248 5438 διά
3303 5401 3366 5452 γε
3421 5383 3580 5437 τοῦτο
3629 5380 3797 5452 βοῶν·

2225 5498 2244 5530 ι
2277 5481 2459 5534 Πάντα
2502 5481 2600 5532 ὅσα
2648 5477 2760 5549 ἔχει
2803 5478 2832 5531 ὁ
2879 5476 3069 5548 Πατὴρ
3098 5477 3217 5547 ,ἐμά
3261 5478 3430 5529 ὲστιν.
3465 5475 3648 5543 »Ἔχει
3685 5469 3740 5522 δὲ
3774 5468 3801 5519 ό

2223 5575 2410 5646 Πατὴρ
2443 5574 2504 5628 τὸ
2536 5573 2851 5629 παντέλειον
2873 5590 2888 5607 ο
2926 5571 3227 5646 ἀπροσδεὴς
3257 5572 3365 5643 ἄρα
3399 5569 3494 5626 καὶ
3516 5567 3719 5628 τέλειος
3743 5561 3824 5630 si;
