4056 6264
317 319 420 374 157

1751 320 2192 379 TIIESAURUS.

3507 331 3610 386 153

315 431 478 489 αὐτοῦ
509 435 926 508 γεγεννημένος
947 438 978 490 ό
999 437 1146 500 Υίός.
1167 436 1226 492 '0
1247 437 1304 491 δὲ
1331 435 1504 504 οὕτως
1537 437 1676 510 ἔχων
1695 439 1908 508 φύσεως

2017 457 2076 496 se
2111 438 2436 494 naturaliter
2471 437 2662 504 habet,
2699 453 2808 508 quo
2841 449 3006 508 pacto
3043 457 3148 496 non
3183 441 3254 496 sit
3289 441 3480 498 similis
3515 459 3612 514 per

313 527 452 580 κατὰ
481 527 574 582 τὸν
601 530 738 600 παρ’
771 529 998 584 ἐκείνων
1030 529 1206 596 λόγον,
1236 528 1354 592 πῶς
1393 531 1493 584 οὐκ
1521 529 1588 584 ἂν
1615 531 1702 602 εἴη
1733 531 1920 588 λοιπὸν

311 617 499 687 ὅμοιός
531 635 598 672 τε
628 619 731 672 καὶ
761 619 882 684 ίσος
904 620 1042 674 κατὰ
1063 619 1242 674 πάντα
1273 619 1354 692 τῷ
1385 621 1652 691 (pacato-rt;

310 731 530 794 ΛΛΛΟ,
565 733 672 786 διὰ
701 731 922 804 τῆςῖείς
952 733 1178 788 ἄτοπον
1199 733 1538 804 ἀπαγωγῆς.
1575 735 1798 804 ἐνάγον
1827 737 1920 802 είς

383 804 746 872 ὁμολογίαν,
789 803 878 856 ὅτι
925 805 1220 872 κίϐδηλον
1257 803 1378 858 τῶν
1418 803 1496 858 δι’
1539 803 1822 872 ἐναντίας
1849 805 1916 860 τὸ

390 871 674 943 θεώρημα
695 891 710 904 ·
735 875 832 926 καὶ
869 873 962 928 ὅτι
989 875 1058 928 τὸ
1089 871 1238 928 οὕτω
1269 874 1450 942 νοεῖν,
1473 875 1716 946 ἀμαθές.

389 984 540 1054 Φησί
567 1003 668 1037 που
697 987 934 1057 Χριστός
953 1004 970 1018 ·
1013 1005 1033 1039 ι
1063 989 1178 1042 Οὐκ
1207 989 1500 1060 ἐγήγερται
1543 992 1602 1044 ἐν
1634 993 1918 1061 γεννητοῖς

315 1073 606 1136 γυναικῶν
641 1073 842 1144 μείζων
883 1077 1134 1130 Ἰωάννου
1159 1078 1254 1131 τοῦ
1285 1079 1595 1134 Βαπτιστοῦ
1621 1095 1634 1108 '
1681 1083 1710 1134 ό
1735 1080 1792 1134 δὲ
1825 1099 1914 1151 μι-

319 1164 590 1235 κρότερος
619 1168 680 1218 ὲν
703 1169 770 1239 τῇ
801 1168 1051 1240 βασιλείᾳ
1077 1169 1188 1222 τῶν
1213 1171 1458 1241 οὐρανῶν
1489 1171 1698 1240 μείζων
1739 1172 1909 1226 αὐτοῦ

321 1253 492 1308 ἐστιν.
525 1274 544 1305 ι
567 1255 706 1308 Ἀλλ’
735 1259 898 1330 εἰπερ
942 1260 1160 1328 ἐνεχθὲν
1195 1259 1288 1314 ἐπὶ
1327 1261 1422 1314 τοῦ
1459 1261 1698 1332 Χριστοῦ
1726 1263 1786 1315 τὸ
1825 1281 1914 1332 μι-

319 1344 576 1415 κρότερον
603 1349 710 1419 τὴν
753 1351 816 1402 ὲν
865 1352 1044 1422 χρόνῳ
1073 1353 1347 1422 ποσότητα
1378 1355 1656 1424 σημαίνει,
1683 1355 1780 1408 καὶ
1811 1356 1914 1408 ἐπ’

317 1437 482 1490 αὐτοῦ
518 1442 788 1511 κρατήσει
825 1443 924 1496 τοῦ
959 1443 1118 1510 ἁγίου
1149 1444 1454 1498 Βαπτιστοῦ
1487 1445 1546 1498 τὸ
1580 1447 1694 1499 ἴσον
1718 1445 1912 1499 ἀναλό-

317 1545 432 1596 γως
455 1532 570 1592 τοῖς
602 1530 950 1602 θεωρήμασι.
983 1533 1251 1602 Σημαίνει
1279 1534 1336 1586 δὲ
1365 1533 1570 1604 ὁμοίως
1601 1533 1692 1586 τὸν
1717 1533 1910 1604 χρόνον

319 1617 402 1680 τὸ,
440 1637 460 1670 r
489 1620 608 1672 Οὐκ
632 1621 930 1693 ἐγήγερται
963 1621 1186 1691 μείζων.
1219 1641 1238 1674 ι
1261 1622 1398 1675 Ἀλλ’
1425 1623 1526 1676 οὐκ
1551 1623 1758 1694 ἀληθὴς
1779 1625 1910 1694 ἡμῖν

325 1711 354 1762 ὁ
377 1710 470 1762 ἐπὶ
489 1711 669 1781 τούτῳ
686 1712 1008 1781 λεχθήσεται
1033 1713 1211 1782 λόγος,
1247 1715 1678 1786 ἀντελεγχούσης
1711 1715 1910 1786 τρόπον

2021 530 2202 584 omnia
2232 539 2288 586 ct
2319 529 2546 600 aequalis
2577 543 2676 584 suo
2710 529 2896 585 Patri?

2017 731 2258 806 ALAIUD,
2302 749 2396 802 per
2437 730 2788 806 reductionem
2839 731 2910 806 οιζ
2955 729 3276 806 absurdum,
3327 733 3606 806 ostendens

2091 803 2282 870 falsam
2322 819 2432 855 esse
2470 803 2907 856 adversariorum
2939 803 3384 872 propositionem;
3423 811 3470 854 et
3512 805 3606 854 ub-

2089 874 2308 925 surdum
2343 887 2456 926 esse
2485 872 2564 924 ita
2595 874 2808 926 sentire.

2086 981 2336 1038 Christus
2365 983 2566 1039 alicubi
2600 985 2674 1038 ita
2705 983 2782 1038 ait
2811 1001 2826 1038 :
2863 1001 2882 1034 ι
2915 981 3032 1036 Non
3062 983 3294 1038 surrexit
3329 982 3472 1036 inter
3501 997 3600 1034 na-

2019 1085 2102 1130 tos
2133 1075 2420 1130 mulierum
2455 1075 2630 1144 major
2655 1073 2864 1130 Joanne
2895 1073 3134 1145 Baptista
3167 1093 3180 1129 :
3217 1075 3394 1128 minor
3421 1083 3598 1126 autem

2017 1169 2068 1222 in
2107 1183 2272 1238 regno
2301 1171 2566 1224 cmlorum
2613 1168 2788 1238 major
2845 1167 2954 1238 95
2987 1169 3106 1238 ipso
3137 1177 3240 1222 est.
3280 1187 3299 1218 ι
3335 1167 3598 1222 (Steterunt

2015 1259 2060 1312 si
2109 1258 2159 1312 id
2203 1257 2346 1326 quod
2387 1255 2614 1310 all'ertur
2655 1258 2720 1312 de
2762 1257 2982 1312 Christo
3021 1257 3200 1312 minus
3241 1259 3598 1327 quantitatem

2015 1347 2278 1416 temporis
2315 1345 2620 1414 signiﬁcat,
2655 1345 2846 1400 eadem
2885 1347 3096 1400 ratione
3132 1345 3298 1399 etiam
3337 1345 3602 1402 Joannem

2016 1439 2312 1508 Baptistam
2349 1439 2465 1492 haec
2499 1437 2944 1508 comprehendet.
2980 1437 3268 1508 Signiﬁcat
3305 1449 3484 1492 autem
3523 1439 3601 1492 si-

2017 1531 2226 1584 militer
2255 1541 2488 1600 tempus,
2522 1529 2652 1584 illud
2687 1548 2700 1584 :
2737 1549 2756 1580 ι
2793 1527 2908 1586 Non
2940 1529 3179 1584 surrexit
3211 1529 3408 1596 major.
3441 1547 3462 1582 ι
3493 1529 3598 1584 At-

2015 1622 2104 1690 qui
2151 1623 2254 1678 hoc
2289 1638 2474 1676 verum
2509 1637 2616 1676 non
2648 1631 2754 1688 est,
2789 1638 2912 1676 cum
2955 1623 3072 1692 ipsa
3117 1637 3270 1676 sacra
3313 1621 3598 1692 Scriptura

2017 1722 2300 1782 repugnet,
2328 1721 2380 1766 et
2403 1713 2668 1766 Adamum
2701 1713 2916 1784 generis
2947 1713 3120 1768 nostri
3149 1723 3426 1766 auctorem
3457 1727 3596 1766 non-

333 1799 460 1853 τινα
480 1805 582 1872 τῆς
613 1801 766 1866 θείας
795 1803 1016 1873 Γραφῇ
1046 1807 1136 1858 καὶ
1173 1805 1366 1876 βιῶναι
1397 1807 1658 1877 λεγούσης
1687 1807 1778 1860 τὸν
1812 1807 1908 1877 μὲν

2013 1813 2204 1876 gentos
2228 1804 2616 1874 quinquaginta
2646 1819 2818 1859 annos
2845 1803 3046 1860 vixisse
3073 1815 3322 1868 testetur,
3351 1803 3598 1874 aliosque

341 1891 438 1944 τοῦ
471 1892 656 1959 γένους
695 1894 848 1964 ἡμῶν
889 1896 1202 1968 ἀρχηγέτην
1255 1898 1428 1968 Ἀδὰμ
1457 1900 1544 1967 ιφ’
1565 1899 1708 1962 ὅλοις
1735 1898 1916 1950 ἐτεσιν

337 1983 688 2048 ἐννεακοσίοις
731 1986 820 2038 τὸν
867 1987 1108 2058 ἀριθμὸν
1155 1990 1252 2044 καὶ
1296 1991 1660 2058 πεντήκοντα·
1692 1989 1916 2060 ἐτέρους

325 2070 384 2125 δὲ
413 2073 569 2126 πάλιν
595 2076 790 2148 ἐκείνῳ
821 2078 1073 2151 τιθείσης
1101 2083 1181 2144 είς
1211 2083 1482 2151 ποσότητα
1509 2081 1608 2152 τὴν
1645 2085 1704 2136 ἐν
1733 2081 1916 2152 χρόνῳ

315 2160 581 2229 γείτονας,
605 2168 908 2237 γεπητοῦς
931 2168 1097 2232 ὂντας
1125 2172 1192 2223 ὲκ
1217 2173 1506 2238 γυναικῶν,
1535 2173 1674 2226 κατὰ
1697 2173 1795 2242 τὴν
1817 2171 1912 2226 τοῦ

311 2253 572 2328 Σωτῆρος
605 2258 824 2327 φωνὴν,
861 2261 1050 2313 καίτοι
1077 2261 1176 2315 τοῦ
1212 2264 1672 2333 προκηρύττοντος
1709 2266 1914 2320 Bant-

321 2347 452 2400 στοῦ
485 2349 696 2418 κομιδῇ
731 2349 856 2402 νέον
887 2351 984 2403 τὸν
1027 2351 1148 2404 καθ’
1181 2355 1328 2422 ἡμᾶς
1375 2355 1726 2420 ἀναλύσαντος
1777 2355 1914 2426 βίον.

323 2436 548 2492 υῦκοῦν
597 2440 660 2491 οὗ
709 2439 806 2492 τὸν
839 2440 1038 2510 χρόνον
1079 2442 1172 2496 ἐπ’
1201 2443 1368 2496 αὐτοῦ
1411 2444 1472 2496 τὸ
1519 2445 1716 2514 μείζων
1753 2446 1916 2516 δηλοῖ,

321 2526 540 2594 μᾶλλον
563 2527 622 2580 δὲ
648 2529 746 2582 τὸν
769 2531 830 2581 ἐν
854 2531 1026 2601 ἀρετῇ
1052 2531 1354 2601 κεκτῆσθαι
1381 2531 1440 2584 τὸ
1466 2533 1680 2602 ὑψηλὸν,
1705 2537 1794 2588 καὶ
1819 2537 1918 2590 ἐπ’

314 2617 524 2682 αὐτοὺς
558 2618 833 2689 ἀναϐῆναι
875 2620 1066 2676 λοιπὸν
1107 2623 1208 2692 τῆς
1234 2623 1463 2693 ἐνούσης
1493 2623 1802 2694 ἀνθρώποις
1835 2627 1914 2680 δι-

316 2705 618 2776 καιοσύνης
646 2710 778 2772 τοὺς
805 2712 972 2780 ὄρους
993 2727 1004 2739 ·
1029 2711 1238 2776 τούτοις
1267 2713 1570 2778 ἀκολούθως
1591 2717 1683 2768 καὶ
1701 2717 1792 2770 ἐπὶ
1817 2717 1912 2771 τοῦ

315 2798 572 2870 Σωτῆρος
617 2799 780 2870 ήμῶν
833 2801 1072 2872 Χριστοῦ
1117 2803 1179 2854 τὸ
1227 2804 1546 2876 μικρότερος
1592 2805 1670 2876 τῷ
1703 2807 1912 2876 μείζονι

315 2891 852 2961 ἁντιπαρακείμενον
892 2893 954 2944 οὐ
989 2893 1180 2963 χρόνου
1209 2893 1422 2959 δέξεταί
1459 2913 1510 2948 τι
1547 2897 1907 2967 σημαντικόν.

319 2979 422 3049 Εἴη
453 2981 562 3052 γὰρ
593 2981 662 3034 ἂν
693 2981 867 3045 οὕτως
913 2982 1008 3036 καὶ
1059 2984 1294 3051 γέλωτος
1335 2985 1483 3052 ἄξιον
1531 2987 1592 3039 τὸ
1640 2989 1698 3039 ὲν
1731 2989 1914 3058 χρόνῳ

322 3071 514 3135 ποσὸν,
541 3072 649 3126 τῶν
679 3074 818 3126 κατὰ
847 3073 1049 3145 ἀρετὴν
1098 3075 1408 3147 ὑψωμὰτων
1451 3076 1670 3130 ἔσεσθαι
1725 3079 1910 3148 μεῖζον

2021 1906 2298 1950 recenseat
2325 1898 2414 1966 qui
2446 1895 2782 1967 longitudine
2811 1897 2934 1952 vita:
2961 1899 3208 1968 proxime
3235 1897 3300 1952 ad
3329 1899 3596 1952 Adamqu

2021 1997 2400 2052 accesseram,
2433 1995 2486 2042 et
2514 2003 2578 2042 ex
2613 1985 2932 2042 mulieribus
2963 1989 3110 2052 nati,
3143 1997 3200 2042 ut
3231 1987 3484 2042 Christus
3515 1987 3596 2042 lo-

2020 2075 2222 2144 quitur,
2254 2075 2494 2142 fuerant,
2529 2092 2650 2131 cum
2683 2093 2984 2147 prmcursor
3011 2077 3210 2132 Christi
3243 2075 3482 2145 Baptista
3509 2082 3596 2142 ju-

2019 2167 2172 2220 venis
2205 2167 2492 2222 admodum
2529 2183 2556 2222 e
2587 2168 2726 2222 vivis
2758 2169 3072 2224 excesserit.
3109 2167 3234 2222 ﬂare
3267 2167 3430 2238 igitur
3461 2183 3594 2232 vos,

2019 2255 2214 2326 major,
2249 2273 2354 2312 non
2391 2269 2602 2328 tempus
2631 2259 2936 2328 signiﬁcat,
2969 2259 3064 2314 sed
3097 2259 3275 2328 potius
3305 2257 3448 2328 quod
3483 2257 3598 2310 vir-

2020 2351 2151 2403 tutis
2183 2349 2456 2418 [astigium
2491 2351 2564 2404 sit
2598 2361 2955 2412 consecutus,
2987 2358 3040 2404 et
3071 2349 3138 2402 ad
3174 2347 3346 2414 ipsam
3375 2347 3600 2414 justitia:

2017 2456 2138 2512 quae
2185 2442 2237 2494 in
2287 2439 2534 2495 homines
2581 2441 2726 2494 cadit
2775 2449 2970 2494 metam
3021 2437 3361 2507 pervenerit;
3409 2439 3596 2492 eadem

2017 2533 2179 2602 plane
2227 2532 2438 2586 ratione
2479 2531 2546 2587 de
2588 2533 2880 2587 Servatore
2929 2525 3374 2586 nostro'Cln-ism
3422 2531 3600 2586 minor

2017 2623 2208 2692 majori
2248 2625 2526 2694 Oppositus
2575 2640 2680 2678 non
2725 2633 2938 2692 tempus
2977 2623 3265 2694 signiﬁrat.
3317 2620 3598 2677 Ridiculus

2016 2717 2159 2770 enim
2183 2717 2266 2781 _sit
2299 2716 2390 2785 qui
2433 2717 2482 2770 id
2527 2717 2667 2786 quod
2713 2716 2970 2784 temporis
3005 2715 3362 2785 quantitatem
3401 2715 3592 2778 habet,

2016 2810 2234 2863 virtutis
2266 2809 2584 2864 celsitudine
2613 2809 2788 2878 majus
2817 2809 3108 2864 existimet.
3139 2809 3420 2876 Quomodo
3449 2809 3594 2862 cnim

2017 2901 2146 2954 talia
2195 2901 2338 2954 inter
2384 2915 2442 2956 se
2493 2902 2796 2969 comparari
2843 2900 3102 2969 possint?
3147 2900 3217 2953 At
3262 2915 3392 2954 vero
3419 2900 3598 2966 potius

2016 2993 2324 3046 necessaria
2361 2993 2572 3046 ratione
2607 2991 2872 3044 minorem
2907 2991 3250 3044 sanctitatem
3287 2991 3558 3058 signiﬁcat
3582 3029 3596 3052 ,

2017 3091 2074 3133 ιιι
2111 3083 2212 3135 hoc
2248 3092 2408 3150 pacto
2441 3081 2696 3136 Christus
2728 3081 2849 3134 vita:
2883 3079 3241 3135 sanctimonia
3278 3077 3482 3132 Joanne
3517 3081 3600 3132 in-

325 3163 549 3216 ἐννοεῖν.
579 3164 714 3216 Ποῖα
751 3161 856 3232 γὰρ
886 3163 1024 3226 ὅλως
1051 3164 1118 3217 τὰ
1145 3165 1374 3218 τοιαῦτα
1415 3167 1550 3237 πρὸς
1579 3165 1786 3237 ἄλληλα
1814 3169 1908 3241 τὴν

2019 3171 2187 3225 lerior
2221 3174 2520 3242 judicetur.
2555 3173 2706 3240 Quod
2752 3187 2873 3226 cum
2919 3187 3017 3243 per
3054 3187 3112 3227 se
3154 3187 3306 3227 suam
3351 3169 3598 3240 blaSphe-

327 3249 616 3322 σύγκρισιν
647 3251 978 3318 ὲπιδὲξεται;
1024 3253 1259 3325 δηλώσει
1298 3255 1354 3309 δὲ
1395 3257 1594 3326 μᾶλλον
1622 3257 1698 3322 ὡς
1725 3257 1785 3324 ἐξ
1815 3261 1906 3314 ἁν-

2016 3265 2178 3318 miam
2207 3265 2480 3326 ostendat.
2513 3265 2708 3319 merito
2737 3279 3113 3320 exsecramur.

321 3345 552 3414 αγκαίου
587 3346 743 3414 λόγου
773 3347 832 3399 τὸ
857 3349 915 3398 ἐν
943 3348 1208 3419 ἁγιασμῷ
1281 3351 1686 3422 μειονέκτημαο
1717 3353 1804 3406 ἵνα
1825 3353 2008 3410 λοιπὸν
2073 3359 2168 3410 καὶ
2232 3359 2330 3429 τῆς
2375 3359 2622 3413 Ἰωάννου
2661 3359 2942 3423 πολιτείας
3006 3359 3263 3432 φαίνηται
3289 3357 3537 3432 δεύτερος
3566 3359 3596 3414 6

319 3437 463 3502 Υἱός.
483 3437 744 3506 Ἐχούσης
767 3435 822 3490 δὲ
839 3435 1052 3492 οἴκοθεν
1075 3440 1175 3508 τῆς
1202 3440 1516 3510 δυσφημίας
1535 3442 1630 3496 τὸν
1657 3441 1894 3516 ἔλεγχον,
1933 3447 1992 3500 τὸ
2025 3447 2168 3502 οὕτω
2201 3451 2344 3503 νοεῖν
2381 3449 2826 3521 παραιτούμεθα.

715 3551 814 3617 Ὠς
845 3551 918 3606 ἐκ
953 3551 1072 3606 τῶν
1109 3552 1184 3606 δι’
1215 3554 1514 3622 ἐναντίας.

385 3663 496 3735 Τὴν
539 3664 740 3736 ἁπλῆν,
769 3665 924 3734 φασὶ,
954 3665 1052 3720 καὶ
1085 3668 1549 3739 ἀπεριεργοτέραν
1595 3671 1706 3733 τοῖς
1757 3672 1908 3741 παρὰ

315 3753 408 3805 τοῦ
438 3753 690 3825 Σωτῆρος
729 3753 1043 3824 εἰρημένοις
1077 3754 1310 3828 θεωρίαν
1325 3758 1652 3826 ἐπάγοντες,
1687 3760 1906 3829 χαριέν-

317 3863 427 3907 τως
456 3845 618 3898 αὒτὺν
638 3848 923 3917 εἰρηκέναι
945 3847 1272 3919 πιστεύομεν
1297 3850 1488 3922 ὅτιπερ
1518 3851 1546 3904 ὁ
1577 3853 1906 3924 μικρότερος

315 3935 393 3998 ὡς
431 3936 492 3987 ἐν
530 3937 786 4008 ποσότητι
820 3939 1012 4008 χρόνου
1042 3939 1136 3993 τοῦ
1183 3941 1322 3994 κατὰ
1371 3943 1472 4012 τὴν
1519 3943 1777 4014 γέννησιν
1803 3945 1906 4014 τὴν

317 4027 456 4096 μετὰ
490 4028 714 4097 σαρκὸς,
739 4027 893 4083 ἔσται
927 4030 1130 4100 μείζων
1157 4034 1216 4085 ὲν
1240 4035 1305 4104 τῇ
1334 4032 1582 4107 βασιλείᾳ
1605 4035 1718 4088 τῶν
1743 4035 1908 4106 οὐρα-

313 4119 419 4172 νῶν
445 4119 544 4172 καὶ
575 4119 670 4173 τοῦ
701 4119 906 4174 τελείου
939 4123 1077 4192 πρὸς
1119 4123 1218 4193 τὴν
1247 4115 1306 4189 ἐν
1346 4124 1656 4196 ἀνθρώποις
1682 4127 1906 4198 ἀρετήν.

312 4212 522 4267 Οὐκοῦν
547 4212 612 4266 τὸ
641 4214 740 4282 μὲν
765 4216 1084 4287 μικρότερος
1105 4217 1164 4270 τὸ
1183 4218 1462 4288 Κυριακδν
1491 4218 1714 4272 εἰσοίσει
1739 4219 1912 4289 πρόσ-

311 4319 460 4356 ωπον
501 4305 672 4374 ἡμῖν·
721 4305 782 4358 τὸ
814 4305 872 4359 δὲ
905 4299 970 4360 ’ἓν
1013 4309 1313 4380 τελειότητι
1357 4311 1423 4381 τῇ
1473 4309 1595 4363 κατ’
1625 4310 1910 4366 εὐσέϐειαν

315 4395 790 4466 ἁνθρωποπρεπετ
822 4399 1032 4454 κεῖσθαι
1080 4402 1174 4456 τὸν
1231 4401 1388 4470 ἅγιον
1439 4403 1776 4476 Βαπτιστὴν,
1813 4406 1898 4473 τὸ,

328 4488 421 4538 Ἐν
446 4492 724 4558 γεννητοῖς
751 4491 1027 4560 γυναικῶν
1055 4493 1130 4566 μὴ
1156 4494 1460 4566 ήγηγέρθαι
1488 4493 1732 4565 μείζονα,
1763 4515 1904 4569 μαρ-

315 4581 514 4650 τυρεξῦ
545 4581 680 4636 ἀλλὰ
711 4579 806 4637 καὶ
845 4585 936 4638 τὸν
979 4585 1124 4640 οὕτω
1173 4587 1348 4657 μέγαν
1381 4589 1734 4661 ὑπεραλεῖται
1763 4591 1903 4662 Χρι-

317 4673 472 4736 στός.
515 4676 674 4730 Ποῖον
705 4679 762 4732 ὲν
791 4680 1004 4744 τούτοις
1028 4681 1091 4734 τὸ
1122 4681 1353 4750 ἄτοπονς

794 4793 954 4861 Πρὸς
991 4793 1180 4848 ταῦτα
1214 4797 1414 4863 λύσις.

385 4901 448 4954 ΕΞ
483 4901 652 4970 μηδὲν
683 4907 739 4958 ἐν
767 4905 978 4970 τούτοις
1011 4907 1074 4960 τὸ
1100 4909 1318 4972 ἄτοπον,
1350 4912 1446 4982 οὐχ
1477 4913 1664 4976 ἁπλῶς
1695 4913 1893 4974 εἰπεῖν,

303 4993 443 5046 ἀλλὰ
485 4992 670 5063 ζητεῖν
717 4995 1052 5065 ἀναγκαῖον·
1103 5000 1299 5070 χρῆναι
1331 5001 1438 5071 γὰρ
1480 5001 1635 5074 οἶμαι
1679 5003 1894 5073 γοργῶς

305 5092 418 5151 τοῖς
449 5089 615 5154 θείοις
642 5093 1084 5161 ἐπαγωνίζεσθαι
1119 5097 1317 5167 λόγοις,
1348 5099 1409 5151 ού
1454 5101 1673 5163 πάντως
1707 5101 1805 5171 τὴν
1838 5101 1897 5166 ἐξ

305 5181 689 5252 ἁπλουστέρων
723 5183 1098 5257 θεωρημάτων
1143 5191 1415 5262 ἐρανίζειν
1456 5191 1771 5255 διάγνωσιν,
1809 5195 1896 5246 ὅτε

302 5270 368 5340 δὴ
401 5271 636 5340 μάλιστα
669 5276 874 5348 πολλὴν
902 5279 1034 5349 ἡμῖν
1065 5280 1368 5350 ἐμποιοῦσα
1401 5279 1497 5351 τὴν
1525 5279 1729 5350 ζημίαν
1761 5284 1892 5352 ὁρᾶ-

302 5364 543 5417 ται.Ἵνα
575 5367 680 5438 γὰρ
709 5369 805 5421 καὶ
833 5371 1118 5441 νοήσωμεν
1159 5370 1332 5436 οὕτως
1372 5370 1432 5423 τὸ
1483 5371 1790 5442 εἰρημένον,
1822 5374 1897 5437 ὡς

303 5457 462 5525 ὑμεῖς
505 5475 642 5526 φατε
687 5463 786 5515 καὶ
830 5461 1175 5532 βουλεύεσθε,
1205 5463 1554 5534 σημαινέσθω
1602 5464 1897 5534 χαριέντως

301 5541 386 5608 διὰ
435 5545 528 5598 τοῦ
579 5549 954 5618 Μικρότερος
985 5553 1012 5605 ὁ
1041 5553 1685 5625 Σωτήρ.⁹Υπερκείσεται
1723 5553 1898 5612 τοίνυν

371 5719 414 5750 ³⁷
443 5719 575 5788 Luc.
613 5738 708 5789 vn,
747 5725 840 5778 ‘33.

2443 3559 2682 3632 Objectio
2725 3563 3168 3620 adversariorum.

2085 3672 2436 3743 Simplicem,
2477 3677 2666 3742 aiunt,
2717 3678 3047 3747 minimeque
3089 3679 3360 3734 curiosum
3403 3693 3592 3732 eorum

2011 3780 2134 3834 qua:
2169 3783 2196 3819 a
2233 3767 2449 3822 Christo
2485 3770 2626 3824 dicta
2662 3779 2788 3824 sunt
2824 3772 3327 3840 interpretatimtem
3361 3785 3589 3838 sequen-

2011 3865 2116 3919 tes,
2149 3858 2354 3914 urbane
2385 3861 2536 3914 illum
2569 3861 2772 3917 dixisse
2804 3863 3076 3917 credimus
3107 3863 3272 3932 quod,
3307 3863 3482 3914 minor
3509 3861 3593 3912 ni-

2009 3949 2208 4004 mirum
2241 3953 2550 4020 quantitate
2581 3954 2846 4022 temporis
2879 3955 2947 4008 ab
2979 3964 3103 4008 ortu
3135 3953 3433 4006 secundum
3467 3964 3591 4004 car-

2009 4057 2156 4108 nem,
2187 4045 2360 4114 major
2387 4047 2604 4100 futurus
2633 4046 2706 4100 sit
2737 4045 2790 4100 in
2827 4059 2994 4114 regno
3023 4044 3306 4106 caelorum,
3335 4041 3497 4096 etiam
3527 4055 3593 4096 co

2008 4135 2098 4202 qui
2137 4135 2392 4190 humanae
2427 4137 2644 4190 virtutis
2685 4136 3072 4206 perfectionem
3115 4143 3202 4190 est
3245 4143 3589 4188 consecutus.

2011 4225 2184 4280 Minor
2214 4226 2394 4295 itaque
2429 4241 2718 4298 personam
2751 4227 2962 4284 Domini
3001 4228 3158 4284 nobis
3191 4227 3490 4298 signiﬁcat;
3527 4224 3592 4280 il-

1933 4359 1984 4420 D
2014 4317 2100 4373 lud
2135 4334 2266 4373 vero
2303 4335 2408 4374 non
2451 4323 2754 4377 surrexisse
2795 4321 3053 4390 majorem
3097 4323 3240 4377 inter
3273 4331 3432 4376 natos
3472 4335 3593 4374 mu-

2013 4409 2237 4477 lierum,
2273 4411 2546 4482 signiﬁcat
2577 4423 2826 4470 sanctum
2862 4413 3161 4485 Baptistam
3199 4413 3589 4484 perfectionem

2012 4503 2226 4570 pietatis
2257 4519 2375 4571 quae
2405 4508 2457 4560 in
2488 4506 2762 4562 hominem
2787 4507 2986 4562 cadere
3015 4508 3210 4578 possit,
3239 4514 3589 4560 consecutum

2007 4593 2178 4649 luisse
2213 4612 2226 4650 :
2267 4606 2520 4652 caeterum
2563 4599 2707 4654 hunc
2743 4600 3097 4668 quantumvis
3137 4613 3393 4666 magnum
3432 4593 3591 4650 Chri-

2008 4698 2124 4743 stus
2156 4689 2461 4758 superabit.
2493 4691 2632 4756 Quid
2663 4693 2766 4748 hac
2799 4694 2850 4747 in
2884 4709 2943 4748 re
2975 4704 3059 4747 est
3090 4692 3350 4748 absurdi?

2515 4799 2720 4856 Salutio
2755 4804 3082 4873 objectionis.

2075 4909 2152 4959 An
2183 4912 2312 4967 nihil
2341 4915 2392 4968 in
2423 4915 2505 4968 his
2531 4915 2752 4970 absurdi
2779 4919 2869 4980 sit,
2898 4931 3005 4969 non
3034 4912 3362 4980 simpliciter
3385 4911 3586 4978 dicere,

2005 5001 2098 5054 scd
2125 5000 2399 5070 inquirere
2421 5015 2634 5073 Oportet
2661 5023 2674 5070 ;
2703 5021 2897 5076 magna
2925 5006 3070 5059 enim
3095 5003 3378 5070 diligentia
3405 5002 3588 5057 divina

2005 5091 2216 5160 Scripta
2253 5095 2663 5161 pervestiganda
2699 5106 2859 5158 sunt,
2893 5109 3071 5162 neque
3105 5094 3327 5148 omnino
3360 5095 3589 5164 simplex

1997 5201 2060 5239 ac
2100 5186 2250 5238 rudis
2303 5186 2572 5240 sententia
2623 5187 2920 5258 colligenda
2957 5195 3060 5240 est.
3111 5186 3402 5242 Maximum
3441 5191 3585 5244 enim

2001 5278 2259 5334 damnum
2293 5279 2344 5332 id
2379 5278 2532 5332 nobis
2565 5277 2765 5334 inferre
2798 5280 2908 5350 96
2937 5282 3201 5336 cernitur.
3233 5280 3366 5334 Nam
3401 5292 3458 5334 ut
3491 5297 3587 5334 nos

1999 5373 2162 5427 etiam
2196 5374 2268 5426 ita
2304 5373 2504 5426 dictum
2540 5371 2926 5444 intelligamus,
2958 5382 3016 5428 ut
3047 5391 3142 5430 vos
3177 5374 3356 5428 dicitis
3387 5380 3440 5426 et
3473 5384 3588 5425 sta-

2003 5467 2182 5530 tuitis,
2222 5467 2414 5518 demus
2452 5465 2739 5533 signiﬁcari
2783 5467 3127 5522 Servatorem
3169 5481 3265 5533 per
3299 5479 3483 5518 vocem
3521 5463 3588 5515 il-

2004 5558 2131 5626 lam,
2161 5556 2359 5612 Minor.
2389 5557 2632 5621 Quanam
2667 5557 2828 5626 igitur
2856 5561 3068 5615 ratione
3099 5555 3372 5626 superabit
3407 5554 3590 5626 Bapti-
