4056 6264
500 347 605 404 159

1491 336 1549 393 S.
1593 330 1866 393 CYRILLI
1905 319 2372 382 ALEXANDRINI
2416 319 2738 377 ARCHIEP.

3664 302 3765 360 160

499 472 640 516 stam
683 460 734 514 in
779 473 947 531 regno
986 457 1270 524 ctelorum,
1311 464 1404 512 aut
1446 455 1714 526 quomodo
1757 455 1861 509 erit
1903 451 2074 521 major

2193 440 2320 496 ιατά
2350 456 2471 495 τινα
2507 439 2708 511 τρόπον
2734 436 2826 490 τὸν
2861 435 3017 504 ἅγιον
3056 425 3369 500 Βαπτιστὴν
3403 425 3462 531 ἐν
3609 421 3768 531 East:

498 550 604 605 eo?
648 549 960 617 Quantitate
1004 549 1150 603 enim
1197 546 1454 617 temporis
1492 559 1555 599 ex
1604 559 1711 615 quo
1759 554 1913 599 natus
1957 553 2076 609 est,

502 655 684 704 nemo,
707 650 765 695 ut
792 640 1046 705 arbitror,
1071 654 1293 709 compos
1319 637 1513 692 mentis
1538 637 1755 692 dixerit.
1781 636 1896 704 Quo
1920 646 2080 706 pacto

504 734 650 788 enim
702 733 969 803 quispiam
1021 739 1304 800 praetereat
1353 730 1406 785 id
1455 729 1594 800 quod
1646 744 1860 800 semper
1907 730 2080 800 ipsum

505 825 799 895 praecedit,
834 834 995 892 atque
1030 839 1134 876 una
1169 838 1291 878 cum
1333 823 1447 890 ipsa
1490 823 1747 891 temporis
1780 822 2084 878 evoluti‘one

507 926 754 985 raptatur
789 925 951 986 atque
992 915 1296 983 percurrit?
1338 913 1802 980 Quemadmodum
1844 914 1988 968 enim
2030 912 2083 968 in

510 1015 748 1061 rotarum
795 1005 1161 1074 volutatione,
1209 1008 1541 1061 auteriorum
1594 1020 1810 1074 semper
1855 1005 1912 1058 lit
1962 1019 2088 1074 pro-

507 1111 756 1166 gressus,
801 1098 1155 1165 sequentibus
1206 1114 1421 1167 semper
1465 1098 1519 1152 in
1561 1098 1863 1167 posteriore
1906 1097 2010 1151 situ
2055 1111 2086 1151 a

510 1197 660 1258 tergo
697 1189 932 1257 relictis;
973 1190 1044 1244 ita
1080 1191 1242 1244 etiam
1282 1191 1333 1244 in
1373 1204 1660 1259 progressu
1703 1187 1960 1256 temporis
1994 1187 2087 1257 qui

507 1282 657 1349 prior
693 1291 795 1347 est,
833 1283 1225 1353 posterioribus
1275 1281 1448 1352 major
1485 1290 1586 1335 est.
1625 1279 1740 1335 Non
1782 1281 1948 1350 igitur
1986 1279 2089 1334 hoc

509 1374 670 1428 modo
706 1376 949 1444 superari
985 1374 1280 1444 Baptistam
1315 1389 1345 1428 a
1375 1372 1614 1437 Christo,
1651 1373 1746 1427 sed
1783 1371 2090 1426 sanctitatis

510 1463 773 1518 duntaxat
805 1465 1038 1530 ratione,
1064 1479 1201 1534 opus
1227 1473 1313 1518 est
1336 1463 1603 1534 profiteri.
1636 1462 1916 1528 Quomodo
1942 1461 2090 1515 enim

509 1556 777 1625 quispiam
812 1556 970 1610 aliter
1000 1556 1051 1610 in
1084 1556 1215 1624 ipsis
1249 1555 1428 1625 majus
1463 1554 1758 1625 intelligere
1790 1554 1997 1620 possit?
2026 1552 2094 1608 At

509 1649 554 1702 si
599 1663 717 1701 cum
759 1663 982 1717 regnum
1023 1647 1282 1706 caelorum
1326 1645 1602 1701 advenerit
1647 1644 1819 1714 major
1850 1644 1939 1698 illo
1976 1657 2094 1699 cer-

512 1751 691 1806 netur,
737 1756 880 1795 nunc
922 1749 1069 1796 certe
1115 1751 1205 1795 aut
1245 1741 1491 1809 aequalis,
1535 1750 1630 1794 aut
1672 1741 1848 1794 minor
1882 1755 1946 1795 eo
1989 1748 2090 1794 est.

509 1834 642 1887 Cum
684 1847 814 1887 vero
861 1833 1010 1903 impii
1058 1833 1149 1887 isti
1193 1832 1470 1888 Christum
1515 1829 1724 1886 Joanne
1766 1831 2082 1886 inferiorem

510 1924 852 1990 existiment,
895 1924 1258 1993 mqualitatem
1306 1924 1381 1978 illi
1421 1924 1681 1978 tribuent.
1721 1922 1825 1977 Sed
1865 1922 2086 1977 videant

509 2031 735 2087 prorsus
773 2031 932 2086 quam
975 2016 1232 2071 imbecilli
1273 2025 1592 2086 argmnento
1630 2017 1888 2070 nitantur.
1926 2014 2085 2081 Quaa-

511 2124 634 2162 nam
666 2108 808 2162 enim
840 2107 1121 2179 aequalitas
1151 2108 1455 2164 sanctitatis
1485 2124 1548 2164 ex
1582 2109 1667 2164 his
1697 2109 1952 2164 constitui
1987 2122 2086 2178 po-

514 2199 658 2254 test?
687 2199 796 2254 Aut
828 2216 934 2270 quo
966 2208 1124 2270 pacto
1159 2216 1265 2256 non
1300 2201 1798 2272 incomparabiliter
1826 2214 2086 2269 superare

510 2292 824 2346 censebitur
850 2292 1122 2358 Christus,
1159 2309 1281 2349 cum
1313 2295 1592 2349 videamus
1621 2295 1792 2363 ipsum
1819 2292 2084 2348 Joannem

511 2381 583 2435 ita
613 2384 679 2435 ad
709 2382 985 2439 Christum
1017 2385 1326 2455 loquentem
1360 2404 1374 2441 :
1413 2403 1432 2438 ι
1470 2384 1599 2440 Mihi
1631 2399 1767 2455 opus
1792 2395 1875 2440 est
1907 2385 2004 2440 abs
2033 2392 2088 2439 te

511 2474 774 2543 baptizari
799 2475 865 2529 ".
909 2495 929 2529 ›
967 2475 1021 2531 Id
1057 2492 1182 2533 vero
1217 2486 1370 2533 extra
1405 2493 1618 2532 omnem
1660 2477 2084 2531 controversiam

509 2576 628 2633 est,
664 2568 716 2622 id
751 2570 894 2638 quod
932 2571 1110 2628 minus
1149 2581 1234 2628 est
1274 2588 1305 2626 a
1347 2572 1722 2642 praestantiore
1755 2571 1998 2626 benedici
2033 2579 2088 2625 et

513 2657 860 2715 sanctiﬁcari.

1186 2885 1412 2942 ALIUD.

585 3027 784 3082 Beatus
813 3025 1051 3097 Baptista
1079 3024 1293 3081 Judreos
1325 3024 1397 3078 ita
1429 3021 1723 3093 alloquitur
1756 3041 1768 3076 :
1804 3041 1822 3074 ‹
1859 3022 1969 3094 Ego
1996 3037 2090 3078 vos

513 3120 729 3189 baptizo
766 3118 819 3171 in
861 3132 1038 3186 aqua:
1077 3117 1171 3172 sed
1209 3124 1327 3185 post
1364 3128 1450 3168 me
1479 3113 1626 3167 venit
1656 3113 1758 3178 vir,
1792 3114 1947 3181 cujus
1983 3128 2093 3168 non

2180 533 2300 604 λείᾳ
2324 531 2434 586 τῶν
2457 528 2723 602 οὐρανῶν,
2749 529 2783 600 ἢ
2811 526 2927 590 πῶς
2957 525 3111 578 ἔσται
3141 520 3344 594 μείζων
3375 515 3543 573 αὐτοῦ
3567 531 3584 580 ;
3610 512 3771 566 Κατά

2186 625 2284 696 μὲν
2330 619 2423 678 οὖν
2469 623 2562 676 τὸν
2611 623 2669 675 ἐν
2717 620 2976 689 ποσότητι
3018 614 3114 669 τοῦ
3152 608 3512 683 γεγεννῆσθαι
3551 606 3770 678 χρόνον,

2182 715 2282 768 οὐκ
2308 713 2374 768 ἄν
2404 731 2508 777 τις,
2544 707 2720 784 οἶμαι,
2761 706 3055 781 σωφρονῶν
3082 705 3377 774 ἐννοήσειε.
3410 700 3534 762 Πῶς
3563 697 3677 768 γὰρ
3709 697 3772 751 ἀν

2183 824 2268 870 τις
2294 806 2389 860 καὶ
2418 805 2620 876 φθάσαι
2646 804 2708 857 τὸ
2736 803 2824 858 ἀεὶ
2855 795 3178 870 προϐαδίζον
3205 791 3391 856 αὐτοῦ,
3416 792 3511 845 καὶ
3531 790 3656 850 ταῖς
3679 786 3774 840 τοῦ

2184 897 2379 968 χρόνου
2412 896 2682 968 περιόδοις
2728 895 2816 948 ἀεὶ
2871 889 3163 963 συντρέχον
3195 885 3291 941 καὶ
3336 881 3773 952 συνελκόμενον;

2190 988 2400 1057 "Ova-ep
2426 985 2536 1056 γὰρ
2567 984 2765 1056 τρόπον
2792 982 2863 1035 τὰ
2885 983 2944 1035 ἐν
2969 981 3091 1042 ταῖς
3110 977 3216 1030 τῶν
3240 973 3455 1028 κύκλων
3477 989 3546 1024 πε
3557 986 3777 1042 ριστρο-

2188 1081 2318 1150 φαϊς
2363 1078 2450 1132 ἀεὶ
2499 1077 2636 1148 πρὸς
2685 1075 2748 1129 τὸ
2795 1075 2983 1145 πρόσω
3032 1071 3201 1142 χωρεῖ
3228 1067 3326 1139 τὴν
3353 1065 3448 1119 τοῦ
3482 1063 3780 1124 διώκοντος

2188 1171 2285 1225 καὶ
2327 1169 2558 1223 κατόπιν
2587 1166 2839 1238 κειμένου
2874 1160 3285 1235 πα-ρεκνεύοντα
3309 1156 3479 1220 θέσιν,
3515 1153 3697 1216 οὕτως
3730 1154 3778 1204 οἱ

2188 1258 2249 1311 τὸ
2276 1259 2334 1311 ἐν
2366 1258 2543 1329 χρόνῳ
2578 1255 2858 1328 τρίϐοντες
2902 1252 3118 1324 μέτρον,
3145 1248 3232 1302 ἀεὶ
3282 1247 3466 1319 μεῖζον
3513 1248 3574 1299 ἐν
3627 1241 3780 1313 αύτῷ

2190 1348 2332 1403 κατὰ
2358 1349 2468 1402 τῶν
2497 1347 2726 1418 ὕστερον
2752 1342 3086 1415 κεκτήμεθα.
3127 1338 3334 1394 Οὐκοῦν
3360 1338 3419 1392 ού
3447 1337 3593 1390 κατά
3617 1334 3782 1388 τοῦτο

2192 1440 2580 1509 πλεονεκτήσει
2622 1435 2854 1507 Χριστὸς
2899 1434 2992 1487 τὸν
3041 1432 3197 1499 ἅγιον
3237 1427 3572 1495 Βαπτιστὴν,
3598 1426 3782 1479 λείπει

2191 1530 2256 1602 δὴ
2285 1529 2469 1582 λοιπὸν
2515 1528 2590 1590 ῶς
2631 1525 2692 1590 ἐξ
2720 1526 2966 1594 ἀνάγκης
2996 1525 3191 1586 εἰπεῖν,
3219 1521 3301 1574 ὅτι
3343 1517 3485 1572 κατά
3529 1516 3630 1569 τὸν
3683 1515 3782 1584 τῆς

2192 1621 2480 1691 ἁγιότητος
2503 1618 2726 1689 τρόπον.
2761 1615 2884 1679 Πῶς
2913 1614 3022 1684 γὰρ
3063 1614 3128 1668 ἄν
3156 1630 3242 1676 τις
3271 1611 3474 1681 ἑτέρως
3503 1610 3564 1661 ἐν
3595 1607 3782 1669 αὐτοῖς

2194 1713 2500 1783 ἐπινοήσειε
2548 1710 2609 1762 τὸ
2659 1707 2878 1780 μεῖζονς
2918 1705 3057 1758 Ἀλλ’
3085 1706 3134 1756 εί
3187 1705 3309 1756 τότε
3353 1699 3498 1755 κατὰ
3541 1699 3638 1753 τὸν
3684 1699 3784 1766 τῆς

2117 1812 2159 1863 Β
2186 1801 2464 1874 βασιλείας
2488 1798 2732 1870 δηλονότι
2758 1796 2953 1869 καιρὸν
2988 1794 3191 1866 μείζων
3214 1792 3532 1864 ὀφθήσεται,
3559 1789 3658 1844 νῦν
3677 1790 3782 1861 ἄρα

2187 1894 2247 1947 τὸ
2281 1894 2393 1947 ἴσον
2426 1892 2458 1963 ἢ
2483 1891 2544 1943 τὸ
2567 1889 2792 1943 ἔλαττον
2817 1887 2952 1958 ἔχει.
2971 1885 3191 1956 Ἐπειδὴ
3214 1885 3292 1950 δὲ,
3319 1884 3394 1946 ὡς
3429 1881 3604 1948 εἰκὸς,
3631 1880 3694 1934 τὸ
3725 1881 3781 1932 ἐν

2188 1983 2432 2037 ἐλάττοσι
2478 1979 2586 2034 τῶν
2627 1978 2880 2034 Ἰωάννου
2929 1976 3145 2031 κεῖσθαι
3185 1974 3422 2046 Χριστὸν
3470 1972 3782 2042 λογιοῦνται

2187 2074 2484 2138 δυσσεϐεῖς,
2515 2070 2889 2126 ἀποδώσουσιν
2934 2069 3042 2140 ἄρα
3080 2068 3142 2121 τὸ
3168 2068 3304 2121 ἴσον.
3322 2066 3464 2119 Ἀλλ’
3495 2066 3782 2138 ὁράτωσαν

2188 2166 2283 2221 καὶ
2304 2164 2491 2220 τοῦτον
2519 2165 2704 2227 αὐτοῖς
2731 2161 3066 2216 ἀσθενοῦντα
3086 2161 3178 2214 τδν
3202 2159 3484 2229 λογισμόν.
3514 2158 3657 2212 Ποία
3678 2158 3784 2227 γὰρ

2193 2258 2372 2328 ίσότης
2405 2257 2588 2320 αὐτοῖς
2620 2257 2677 2308 ἐν
2714 2251 2972 2323 ἁγιασμῷ
3004 2251 3350 2322 σωθήσεται;
3383 2248 3506 2312 Πῶς
3530 2248 3592 2300 δὲ
3615 2249 3674 2300 ού
3707 2263 3785 2299 νι-

2191 2352 2350 2423 κήσει
2383 2349 2616 2421 Χριστὸς
2639 2346 2994 2417 ἀσυγκρίτοις
3029 2345 3347 2414 ὑπεροχαῖς,
3381 2343 3509 2395 ὅταν
3544 2341 3665 2412 ἴδῃς
3692 2339 3783 2392 τὸν

2195 2442 2460 2516 μακάριον
2475 2440 2729 2512 Ἰωάννην
2747 2439 2982 2507 λέγοντα
2998 2435 3134 2507 πρὸς
3160 2435 3323 2488 αὐτόν
3341 2451 3354 2467 ·
3386 2451 3403 2484 ι
3429 2431 3570 2500 Ἐγὼ
3593 2431 3783 2503 χρείαν

2191 2536 2299 2604 ἔχω
2333 2533 2438 2586 ὑπὸ
2465 2532 2559 2585 σοῦ
2585 2530 2949 2602 βαπτισθῆναι
2973 2546 2986 2595 ;
3019 2548 3036 2579 ι
3064 2527 3248 2598 Χωρὶς
3276 2525 3332 2578 δὲ
3364 2524 3544 2594 πάσης
3561 2522 3782 2577 ἀντιλο-

2192 2627 2318 2694 γίας
2351 2625 2411 2679 τὸ
2437 2624 2657 2679 ἔλαττον
2693 2623 2798 2678 ὑπὸ
2847 2621 2942 2676 τοῦ
2995 2620 3303 2693 κρείττονος
3351 2616 3656 2692 εύλογεζται
3686 2614 3779 2667 καὶ

2195 2716 2506 2786 ἁγιάζεται.

2883 2853 3088 2907 ΑΛΔΟ.

2272 3015 2617 3088 Προσεφώνει
2645 3017 2758 3078 τοῖς
2792 3013 3062 3076 Ἰουδαίοις
3087 3013 3120 3066 6'
3148 3009 3416 3082 μακάριος
3447 3004 3774 3075 Βαπτιστής·

2204 3130 2222 3164 ι
2244 3109 2385 3179 Ἐγὼ
2415 3111 2560 3180 ὑμᾶς
2593 3108 2865 3162 ἐϐάπτισα
2894 3107 2952 3160 ἐν
2984 3104 3157 3158 ὕδατι.
3178 3102 3382 3157 Ὀπίσω
3414 3118 3513 3172 μου
3564 3099 3780 3171 ἔρχεται

517 3228 637 3267 sum
671 3211 868 3279 dignus
890 3219 949 3262 ut
974 3223 1178 3278 pronus
1200 3206 1402 3262 solvam
1427 3205 1713 3274 corrigiam
1747 3206 2092 3262 calceamenti

2198 3201 2356 3273 ἀνὴρ,
2377 3195 2438 3256 οὗ
2467 3201 2568 3256 οὐκ
2594 3201 2710 3272 είμὶ
2739 3198 2926 3264 ίκανδς
2957 3199 3044 3252 ἵνα
3073 3196 3253 3266 κύψας
3284 3194 3430 3248 λύσω
3455 3193 3548 3247 τὸν
3589 3189 3780 3262 ἱμάντα

515 3304 654 3371 ejus.
690 3301 783 3354 llle
817 3316 914 3354 vos
949 3297 1246 3368 baptizabit.
1285 3297 1340 3351 in
1380 3295 1585 3367 Spiritu
1626 3306 1814 3352 sancto
1853 3306 1910 3353 et
1949 3299 2091 3369 igne.

514 3392 685 3462 Cujus
711 3391 1071 3445 ventilabrnm
1103 3390 1154 3443 iu
1189 3403 1348 3442 manu
1378 3387 1518 3458 ejus,
1546 3395 1600 3442 et
1630 3389 1882 3458 purgabit
1907 3405 2094 3444 aream

518 3499 672 3550 suam
697 3520 712 3545 ,
743 3490 798 3536 et
832 3480 1184 3551 eongregabit
1217 3479 1456 3533 triticum
1491 3479 1543 3533 in
1579 3481 1788 3535 horreis
1818 3481 1930 3536 suis
1953 3522 1966 3545 ,
2000 3496 2094 3548 pa-

518 3575 656 3630 leam
699 3588 826 3627 vero
865 3580 1058 3627 exuret
1101 3572 1222 3642 igne
1266 3571 1717 3643 inexstinguibili.
1768 3592 1787 3624 ι
1836 3573 2096 3640 Quaenam

518 3665 681 3736 igitur
711 3663 855 3718 inter
883 3662 984 3717 hos
1012 3661 1338 3732 :equalitatis
1371 3663 1510 3718 ratio
1543 3673 1795 3718 constare
1826 3673 2002 3734 potest
2026 3666 2092 3730 υ,

517 3755 773 3822 Joannis,
810 3756 1059 3824 inquam,
1090 3765 1143 3808 et
1173 3754 1415 3809 Christi?
1445 3753 1690 3808 Nondum
1723 3756 1865 3809 enim
1903 3756 2092 3826 major,

522 3849 568 3904 si
597 3847 890 3919 aliquando
918 3847 1130 3902 littnrns
1157 3855 1295 3913 erat,
1323 3847 1474 3915 juxta
1509 3847 1733 3902 istorum
1762 3847 2097 3914 opinionem,

520 3958 617 3999 cur
650 3944 886 4013 seipsum
927 3957 1066 4012 aqua
1105 3942 1412 4012 baptizare,
1445 3939 1718 3996 Christum
1757 3952 1934 3995 autem
1979 3941 2100 4010 Spi-

519 4037 658 4090 ritus
685 4035 926 4090 datorem
957 4032 1198 4087 l‘uturnm
1231 4032 1506 4086 allirmat?
1532 4032 1710 4102 Atque
1740 4032 1830 4086 hic
1855 4032 2096 4102 quidem,

523 4138 585 4183 ut.
615 4128 864 4195 famulus,
896 4141 964 4182 ne
987 4127 1277 4195 corrigiam
1296 4125 1525 4196 quidem
1554 4126 1904 4181 calceamenti
1933 4127 2096 4181 attin-

521 4237 649 4294 gere
689 4225 871 4286 audet,
915 4221 1058 4276 hunc
1093 4238 1222 4275 vero
1266 4237 1406 4276 areae
1450 4221 1736 4276 Dominum
1782 4237 1905 4277 esse
1947 4221 2095 4277 dicit.

524 4313 638 4369 [loc
657 4315 800 4368 enim
823 4312 1092 4381 signiﬁcat
1112 4312 1265 4375 illud,
1289 4329 1306 4361 ι
1333 4312 1587 4381 Purgabit
1610 4328 1792 4366 aream
1815 4329 1963 4367 suam
1980 4313 2046 4366 ³ο.
2075 4332 2093 4364 ι

524 4406 941 4462 Distributorem
968 4404 1111 4458 enim
1141 4418 1204 4457 ac
1231 4389 1392 4456 veluti
1421 4402 1817 4471 designatorem
1850 4403 1963 4457 I‘ore
1989 4404 2099 4475 97

525 4503 602 4556 ait
627 4514 814 4555 eorum
847 4513 963 4566 qum.
993 4495 1219 4564 singulis
1249 4494 1580 4550 conveniunt
1609 4512 1622 4549 :
1654 4495 1724 4548 ita
1755 4505 1813 4548 ut
1835 4495 2011 4564 justos
2038 4512 2099 4551 ac

524 4597 695 4651 bonos
730 4593 904 4647 instar
934 4587 1056 4644 boni
1097 4587 1259 4642 tritici
1299 4587 1352 4640 in
1385 4586 1638 4642 crelestes
1670 4587 1974 4642 mansiones
2013 4587 2097 4642 in-

523 4689 786 4744 ducturus
821 4683 925 4746 sit,
957 4681 1152 4750 impios
1183 4695 1312 4734 vero
1351 4680 1521 4733 instar
1552 4678 1825 4749 palearum
1865 4679 1969 4748 igni
2005 4693 2102 4748 pa-

522 4779 708 4835 bulum
747 4774 1108 4846 projecturus.
1141 4771 1213 4826 At
1249 4771 1294 4825 si
1331 4781 1450 4824 erat
1480 4769 1705 4839 aequalis
1734 4769 1783 4823 ei
1817 4769 1905 4838 qui
1940 4770 2100 4840 paulo

521 4879 643 4944 post
668 4878 785 4924 erat
811 4868 1026 4922 futurus
1052 4863 1248 4932 major,
1273 4878 1372 4918 cur
1395 4877 1500 4916 non
1527 4862 1688 4917 etiam
1718 4862 1830 4931 ipse
1858 4861 2098 4933 baptiza-

521 4964 601 5019 vit
637 4963 690 5027 in
736 4960 978 5030 Spiritu,
1017 4969 1312 5023 areamque
1350 4969 1501 5008 suam
1539 4954 1881 5025 expurgavit,
1909 4963 1966 5009 et
1994 4951 2098 5008 Do-

523 5055 656 5110 mini
686 5054 1002 5125 dignitatem
1029 5049 1130 5105 sibi
1159 5063 1442 5118 arrogans,
1463 5046 1725 5116 judicavit
1755 5048 2012 5103 mundum
2044 5047 2097 5101 in

522 5144 768 5214 iustitia?
811 5145 946 5198 Cum
993 5157 1122 5196 vero
1165 5140 1356 5194 beatus
1402 5138 1642 5204 Baptista
1685 5137 1921 5192 Joannes
1966 5135 2098 5190 nihil

524 5215 718 5292 horum
767 5232 1462 5302 przestitisscinveniatur,
1509 5231 1760 5285 Christus
1807 5239 1990 5284 autem
2042 5229 2094 5282 in

524 5333 786 5398 potestate
820 5326 998 5379 divina
1034 5324 1288 5395 praestitit
1325 5341 1338 5377 :
1381 5337 1486 5376 non
1523 5331 1638 5377 erat
1680 5323 1843 5392 igitur
1873 5320 2097 5392 aequalis

525 5421 598 5474 illi
631 5419 721 5492 qui
756 5426 905 5474 tanto
939 5416 1220 5472 intervallo
1251 5431 1371 5472 eum
1405 5415 1712 5484 superabat.

597 5769 642 5804 ³⁸
671 5767 855 5826 Matth.
897 5782 976 5835 ιιι,
1023 5767 1100 5823 16.
1180 5769 1222 5800 ’θ
1257 5767 1386 5824 ibid.
1437 5768 1517 5837 ll,
1559 5769 1637 5823 li.
1719 5769 1760 5852 f‘°
1789 5767 1909 5823 Luc
1950 5785 2028 5834 ιιι,
2067 5767 2146 5823 17.

2195 3293 2288 3347 τοῦ
2325 3293 2492 3364 ὑποδή
2503 3310 2691 3364 ματος.
2710 3292 2949 3354 Ἐκεῖνος
2971 3290 3116 3360 ὑμᾶς
3139 3288 3390 3359 βαπτίσει
3417 3287 3472 3339 ἐν
3503 3283 3779 3354 Πνεύματι

2195 3384 2336 3458 ἁγίῳ
2370 3386 2466 3440 καὶ
2499 3385 2652 3458 πυρί.
2682 3375 2757 3437 Οὗ
2801 3383 2864 3436 τὸ
2906 3380 3072 3436 πτύον
3101 3380 3160 3433 ἐν
3189 3383 3258 3450 τῇ
3285 3378 3429 3449 χειρὶ
3458 3373 3654 3441 αὑτοῦ,
3691 3373 3778 3428 καὶ

2196 3476 2542 3548 διακαθαριεῖ
2581 3476 2680 3547 τὴν
2710 3473 2891 3527 ἆλωνα
2919 3469 3108 3536 αὑτοῦ,
3141 3470 3236 3523 καὶ
3266 3467 3483 3532 συνάξει
3513 3466 3613 3519 τὸν
3645 3465 3780 3519 σῖτον

2197 3572 2277 3636 είς
2316 3570 2413 3642 τὴν
2466 3569 2787 3640 ἀποθήκην,
2820 3566 2884 3619 τὸ
2929 3565 2987 3619 δέ
3030 3564 3231 3636 ἄχυρον
3281 3560 3625 3616 κατακαύσει
3655 3555 3780 3626 πυρὶ

2197 3663 2465 3732 ἀσϐέστῳ.
2498 3681 2517 3713 ι
2571 3661 2726 3722 Ποίος
2782 3653 2873 3712 οὖν
2921 3658 3030 3728 ἄρα
3081 3656 3215 3724 πρὸς
3272 3653 3447 3708 ταῦτα
3496 3653 3781 3722 γενήσεται

2197 3754 2354 3823 λόγος
2395 3757 2506 3817 τοῖς
2557 3755 2614 3806 ἐν
2666 3752 2874 3822 ἰσότητι
2909 3749 3017 3803 τῶν
3060 3748 3308 3802 Ἰωάννου
3345 3746 3560 3818 μέτρων
3596 3741 3780 3797 τιθεῖσι

2198 3847 2290 3901 τὸν
2329 3846 2565 3918 Κύριον;
2599 3843 2769 3899 Οὔπω
2818 3842 2928 3914 γὰρ
2985 3841 3206 3912 μείζων,
3239 3838 3399 3910 εἴπερ
3442 3836 3601 3890 ἔσται
3635 3830 3777 3892 ποτὲ.

2200 3939 2341 3994 κατὰ
2372 3938 2471 4009 τὴν
2503 3937 2728 3990 ἐκείνων
2776 3933 3048 4005 διάληψιν,
3084 3934 3204 3986 ὅτου
3257 3931 3416 4002 χάριν
3465 3927 3660 3982 ἐαυτὸν
3690 3924 3782 3996 μὲν

2201 4031 2355 4084 ὕδατι
2390 4029 2697 4100 βαπτίζειν,
2727 4028 2819 4080 τὸν
2851 4027 2906 4079 δὲ
2939 4025 3034 4080 τοῦ
3068 4024 3387 4095 Πνεύματος
3429 4020 3651 4074 ἔσεσθαι
3697 4033 3783 4087 χο·

2203 4123 2370 4194 ρηγὸν
2417 4121 2844 4192 διῖσχυρίξεταις
2888 4118 2999 4172 Καὶ
3049 4115 3210 4178 αὐτὸς
3265 4115 3384 4185 μὲν,
3424 4114 3500 4176 ὡς
3537 4110 3780 4178 οἰκέτης,

2201 4215 2306 4269 οὐδ’
2333 4215 2456 4268 ὅσον
2487 4212 2769 4281 ἀποθίγειν
2817 4208 2911 4263 τοῦ
2967 4208 3188 4279 ίμάντος
3236 4203 3519 4274 ἀποτολμᾷ
3541 4221 3556 4234 ο
3607 4202 3699 4255 τὸν
3727 4199 3783 4252 δὲ

2201 4308 2300 4376 τῆς
2332 4306 2445 4360 ἅλω
2478 4305 2756 4374 Δεσπότην
2802 4297 2942 4356 εἷναί
2990 4317 3143 4370 φησι.
3178 4299 3350 4352 Τοῦτο
3379 4295 3486 4367 γὰρ
3529 4291 3781 4364 σημαίνει

2199 4399 2282 4464 τὸ,
2315 4416 2333 4448 ‹
2355 4396 2714 4466 Διακαθαριεῖ
2737 4395 2835 4465 τὴν
2857 4392 3037 4446 ἅλωνα
3065 4389 3252 4445 αὑτοῦ.
3270 4409 3287 4441 ι
3317 4387 3425 4442 Καὶ
3445 4383 3702 4453 διανομέα
3721 4396 3779 4432 τε

2202 4487 2297 4541 καὶ
2327 4487 2486 4540 οἱονεὶ
2516 4487 2832 4557 σημάντορα
2868 4483 2977 4537 τῶν
3007 4483 3223 4552 ἑκάστῳ
3263 4481 3581 4549 πρεπόντων
3611 4474 3779 4544 ὀφθή-

2205 4577 2397 4630 σεσθαι
2421 4575 2568 4644 λέγει
2589 4592 2602 4605 ·
2634 4574 2711 4638 ὡς
2738 4574 2829 4627 τὸν
2857 4573 2956 4643 μὲν
2976 4572 3182 4626 δίκαιόν
3206 4587 3264 4623 τε
3293 4569 3386 4621 καὶ
3407 4565 3613 4636 ἀγαθὸν
3637 4564 3779 4617 σίτου

2204 4671 2360 4740 δίκην
2404 4670 2524 4731 ταῖς
2571 4666 2844 4739 οὐρανίοις
2897 4665 3234 4734 είσκομίζειν
3286 4661 3499 4723 αὐλαῖς,
3530 4656 3700 4728 πυρὸς
3728 4653 3782 4706 δὲ

2203 4759 2474 4815 ποιεῖσθαι
2517 4760 2723 4832 τροφὴν
2757 4757 2964 4831 ἁχύρου
2994 4757 3196 4830 τρόπον
3235 4751 3668 4824 ἀποτιναχθέντα
3694 4747 3783 4800 τὸν

2202 4853 2407 4908 ἄδικον.
2426 4851 2564 4904 Ἀλλ’
2595 4851 2753 4921 εἴπερ
2780 4847 2849 4922 ἦν
2880 4852 2936 4903 ἐν
2966 4851 3066 4920 ἴσῳ
3099 4849 3283 4920 μέτρῳ
3305 4845 3383 4917 τῷ
3417 4843 3611 4916 μικρὸν
3632 4840 3782 4894 ὓστε-

2203 4961 2296 5017 ρον
2326 4942 2568 5015 ἐσομένῳ
2602 4943 2829 5013 μείζονι,
2854 4941 2908 4994 τί
2951 4939 3026 5011 μὴ
3063 4939 3161 4993 καὶ
3191 4937 3353 5000 αὐτὸς
3402 4930 3649 5005 βαπτίζει
3686 4927 3780 4999 μὲν

2207 5039 2266 5091 ἐν
2299 5037 2438 5108 ἁγίῳ
2469 5035 2776 5107 Πνεύματι’
2805 5033 3150 5103 διακαθαίρει
3180 5031 3236 5083 δὲ
3262 5029 3359 5100 τὴν
3389 5027 3570 5080 ἅλωνα
3596 5018 3778 5078 αὑτοῦ.

2205 5133 2299 5186 καὶ
2333 5132 2392 5184 τὸ
2425 5129 2748 5183 Δεσποτικὸν
2795 5125 3009 5196 ἀξίωμα
3056 5119 3440 5193 περικείμενος
3477 5116 3650 5187 κρίνει
3685 5111 3779 5180 τὴν

2202 5221 2526 5292 οἰκουμένην
2575 5222 2632 5273 ἐν
2673 5216 3020 5285 δικαιοσύνῃ;
3063 5211 3280 5281 Ἐπειδὴ
3312 5209 3368 5261 δὲ
3398 5206 3606 5260 τούτων
3634 5202 3779 5257 οὐδὲν

2202 5314 2231 5364 ό
2254 5313 2523 5384 μακάριος
2543 5309 2852 5378 Βαπτιστὴς
2885 5307 3138 5376 Ἰωάννης
3158 5300 3424 5358 ἐπιτελῶν
3447 5299 3775 5370 εὑρίσκεται,

2203 5407 2432 5478 πράττει
2465 5405 2520 5458 δέ
2545 5407 2573 5458 ὁ
2597 5402 2829 5475 Χριστὸς
2862 5403 2918 5454 ἐν
2953 5399 3171 5469 ἐξουσίᾳ
3202 5395 3514 5467 θεοπρεπεῖ,
3543 5391 3640 5445 οὐκ
3671 5386 3777 5446 ἴσος

2203 5501 2310 5568 ἄρα
2345 5499 2552 5561 ἐκεῖνος
2599 5495 2676 5565 τῷ
2728 5493 2980 5549 τοσοῦτον
3031 5490 3374 5562 ἐξαλλομένῳ
3425 5487 3518 5542 καὶ
3565 5477 3780 5539 ἀναϐαί-

2202 5607 2365 5642 νοντι.
