4056 6264
315 345 405 405 l6l

1015 453 1218 508 ᾹΛΔΟ.

953 534 977 558 ο

375 578 492 649 Τὴν
518 573 616 630 διὰ
645 573 894 636 πίστεως
921 571 1110 640 ἄφεσιν
1140 565 1576 638 ὑπισχνούμενος
1605 563 1738 634 ἡμῖν
1767 561 1798 614 6
1819 558 1915 613 τοῦ

308 669 451 723 Θεοῦ
513 668 717 737 Λόγος,
771 665 859 718 διὰ
920 662 1012 716 τοῦ
1071 662 1354 736 προφήτου
1416 658 1580 730 φησὶν
1651 654 1914 710 Ἡσαΐου·

319 781 337 814 ι
392 759 549 830 Ἐγώ
575 761 695 830 εἰμι
723 759 750 810 6
770 755 1069 823 ἐξαλείφων
1098 753 1193 817 τὰς
1223 752 1455 822 ἀνομίας
1482 768 1596 816 σου,
1629 749 1722 803 καὶ
1751 750 1812 802 οὐ
1842 748 1917 820 μὴ

321 853 739 925 μνησθήσομαι.
778 868 796 901 ι
843 845 1071 918 Ἐπειδὴ
1102 845 1158 898 δὲ
1187 845 1286 916 ήδη
1338 843 1541 915 παρῆν,
1571 841 1668 894 καὶ
1703 840 1790 894 διὰ
1819 840 1919 910 τῆς

319 947 494 1016 ἁγίας
528 943 788 1014 ἐγεννήθη
844 939 1149 1010 Παρθένου,
1191 938 1283 990 ἐπὶ
1310 937 1414 1008 γῆς
1452 952 1511 988 τε
1541 933 1720 1004 ὤφθη,
1773 931 1920 986 καθά

323 1041 678 1110 γέγραπται,
726 1035 829 1089 καὶ
895 1029 1008 1096 τοῖς
1070 1028 1378 1102 ἀνθρώποις
1435 1027 1917 1098 συνανεστρέφετο,

328 1131 728 1202 κατασημαίνει
772 1130 889 1191 τοῖς
939 1126 1141 1197 ὁρῶσιν
1183 1124 1347 1178 αὐτὸν
1387 1125 1416 1176 6
1443 1121 1614 1194 κήρυξ
1649 1122 1744 1174 καὶ
1779 1120 1919 1191 πρό-

327 1225 549 1296 δρομος,
591 1227 683 1277 καὶ
715 1223 781 1293 δὴ
827 1220 921 1274 καί
970 1237 1135 1291 φησιν
1179 1219 1208 1270 ὁ
1256 1218 1523 1288 μακάριος
1567 1214 1914 1284 Βαπτιστής·

334 1337 354 1370 ι
399 1313 501 1371 Ἴδε
525 1319 553 1370 6
583 1317 756 1386 ἀμνὸς
781 1315 881 1368 τοῦ
914 1313 1075 1377 Θεοῦ,
1109 1315 1137 1367 6
1167 1312 1338 1382 αἴρων
1364 1311 1465 1380 τὴν
1503 1306 1778 1379 ἁμαρτίαν
1820 1304 1918 1359 τοῦ

326 1407 551 1477 κόσμου.
618 1425 638 1458 ι
697 1405 876 1476 Εἴπερ
919 1400 1012 1458 οὖν
1054 1403 1229 1467 ἔσται,
1282 1401 1427 1455 κατά
1474 1415 1660 1462 τινας,
1719 1397 1920 1468 μείζων

337 1500 584 1554 Ἰωάννου
614 1498 853 1569 Χριστὸς
883 1499 942 1552 ἐν
984 1498 1050 1566 τῇ
1098 1495 1350 1565 βασιλείᾳ.
1380 1493 1492 1546 τῶν
1529 1489 1798 1562 οὐρανῶν,
1826 1488 1920 1542 καὶ⁵

330 1590 487 1644 τοῦτο
530 1593 589 1645 ἐν
617 1590 832 1643 ἐλπίσιν
862 1590 973 1659 ἔχει
1015 1590 1078 1642 τὸ
1103 1589 1294 1659 γέρας,
1318 1581 1388 1657 ἦν
1431 1584 1543 1655 ἄρα
1580 1584 1797 1644 πάντως
1824 1582 1922 1634 οὐκ

337 1685 393 1736 ἐν
423 1682 747 1749 ἐλαττώσει,
769 1683 826 1736 ἐν
853 1682 1057 1751 ἰσότητι
1085 1681 1164 1745 δὲ,
1185 1680 1329 1733 κατά
1352 1679 1415 1732 τὸ
1443 1677 1613 1739 εἰκός.
1646 1670 1781 1728 Εἶτα
1804 1673 1922 1736 πῶς

1749 322 2192 382 τιιιςεΑυιιυδ.

1942 458 1994 516 A

3504 315 3606 372 I02

2693 435 2920 492 ALIUD.

2093 558 2236 614 Deus
2284 569 2385 626 per
2412 551 2734 626 prophetam
2767 552 2964 606 Isaiam
2994 549 3371 607 remissionem
3409 567 3505 620 per
3538 552 3602 610 α.

2019 652 2143 708 dem
2177 650 2504 721 promittens
2550 665 2563 702 :
2617 664 2635 698 ι
2669 645 2779 716 Ego
2802 689 2816 713 ,
2881 645 3056 715 inquit
3087 686 3102 712 ,
3167 657 3286 699 sum
3319 644 3410 713 qui
3451 644 3607 701 deleo

2023 743 2342 812 iniquitates
2379 749 2520 808 tuas,
2556 749 2609 795 et
2646 754 2754 794 non
2776 737 3100 795 recordahor
3130 738 3174 770 "
3198 778 3211 791 .
3255 754 3274 788 ι
3302 735 3437 792 Cum
3469 753 3605 794 vero

2019 851 2085 892 ex
2117 844 2305 890 sancta
2337 833 2565 905 Virgine
2606 844 2768 889 natus
2819 843 2903 889 est
2952 842 3005 889 et
3041 835 3094 888 in
3142 842 3287 889 terra
3327 834 3604 905 apparuit,

2020 929 2160 986 sicut
2188 928 2451 996 scriptum
2487 938 2574 984 est
2596 927 2640 960 ³¹
2665 969 2680 993 ,
2731 942 2962 998 cumque
3009 927 3319 983 hominibus
3346 938 3602 983 versatus

2020 1031 2121 1087 est,
2149 1019 2387 1076 Joannes
2423 1019 2665 1090 Baptista
2694 1020 2813 1090 ejus
2863 1037 3041 1092 praeco
3084 1032 3250 1092 atque
3295 1038 3598 1092 praeeursor

2021 1114 2258 1169 ostendit
2293 1114 2526 1178 dicens;
2568 1133 2586 1166 ι
2621 1114 2762 1169 Ecce
2809 1115 2997 1184 Agnus
3030 1115 3123 1171 Dei
3158 1116 3249 1186 qui
3300 1117 3439 1172 tollit
3470 1132 3599 1186 pec-

2021 1216 2142 1262 cata
2202 1206 2386 1261 mundi
2445 1207 2512 1262 ³³.
2574 1225 2592 1258 ι
2660 1206 2718 1261 Si
2766 1207 2952 1278 igitur,
2986 1218 3042 1262 ut
3095 1210 3340 1264 nonnulli
3392 1212 3601 1276 volunt,

2022 1298 2272 1355 Christus
2318 1299 2528 1353 futurus
2562 1307 2646 1354 est
2673 1299 2846 1366 major
2900 1299 3110 1355 Joanne
3145 1301 3199 1354 in
3231 1316 3398 1372 regno
3441 1303 3611 1358 caelo-

2023 1407 2164 1456 rum,
2199 1401 2360 1461 atque
2389 1392 2491 1446 hoc
2522 1393 2803 1461 prremium
2837 1407 2896 1449 se
2932 1403 3360 1449 consecuturum
3397 1408 3606 1465 sperat,

2023 1492 2141 1536 erat
2162 1483 2349 1552 igitur,
2370 1493 2427 1536 ut
2445 1482 2751 1539 verisimile
2771 1493 2876 1550 est,
2898 1501 3002 1539 non
3028 1487 3226 1545 minor.
3243 1487 3338 1541 sed
3361 1489 3607 1557 :rqualis.

2024 1573 2096 1628 At
2145 1589 2277 1627 vero
2332 1589 2451 1643 qua:
2505 1575 2734 1645 arqualia
2777 1587 2926 1640 sunt,
2987 1592 3094 1646 quo
3125 1590 3282 1648 pacto
3330 1590 3612 1650 tantopere

2027 1666 2172 1720 inter
2205 1680 2264 1720 se
2294 1665 2640 1736 discrepant,
2696 1680 2752 1721 ιιι
2781 1667 2870 1722 hic
2909 1668 3126 1738 quidem
3157 1679 3380 1738 peccata
3423 1671 3611 1727 mundi

345 1774 417 1828 *τά
441 1777 500 1826 ἐν
535 1775 640 1843 ῐσῳ
678 1771 862 1843 μέτρῳ
890 1771 1132 1824 τοσοῦτον
1160 1771 1228 1824 δι’
1258 1769 1508 1840 ἀλλήλων
1549 1765 1927 1836 ἀπολιμπάνεο

2035 1756 2220 1812 tollere
2254 1759 2446 1826 possit,
2485 1768 2648 1828 atque
2676 1759 2778 1813 hoc
2807 1775 2873 1814 ex
2901 1775 2997 1815 sua
3048 1771 3315 1830 potestate
3348 1774 3609 1833 praestet;

354 1883 466 1929 ται,
503 1865 576 1928 ὡς
610 1863 697 1917 τὸν
725 1865 823 1933 μὲν
849 1863 1104 1918 δύνασθαι
1149 1862 1246 1916 τοῦ
1281 1861 1488 1931 κόσμου
1518 1860 1617 1930 τὴν
1652 1856 1932 1928 ἁμαρτίαν

355 1955 616 2024 ἀφαιρεῖν,
660 1954 750 2005 καί
787 1952 946 2008 τοῦτο
973 1954 1220 2024 ἐνεργεῖν
1250 1950 1672 2018 ἐξουσιαστικῶς
1692 1967 1705 1981 ο
1752 1950 1845 2003 τὸν
1873 1948 1933 2002 δὲ

345 2045 436 2097 τοῦ
475 2043 827 2115 καθαίροντος
861 2046 961 2098 καὶ
990 2045 1310 2113 ἀγιὰζοντος
1340 2044 1530 2097 ἐπιδεᾶ
1562 2041 1931 2107 καθεστάναι;

341 2153 359 2186 ι
406 2135 608 2206 Χρείαν
636 2136 752 2206 γὰρ
796 2135 935 2204 ἐγὼ,
989 2136 1183 2206 φησὶν,
1217 2135 1324 2205 ἔχω
1357 2134 1461 2186 ὑπὸ
1492 2133 1586 2186 σοῦ
1631 2131 1934 2203 βαπτισθῑγ

330 2243 438 2282 ναι.
472 2245 492 2278 ι
535 2226 772 2297 Ἐπειδὴ
819 2227 880 2279 δὲ
916 2226 1022 2279 οὐκ
1052 2226 1128 2284 ,ἐν
1171 2228 1283 2288 τοῖς
1315 2242 1456 2288 τινος
1493 2224 1785 2295 δεομένοις,
1819 2224 1931 2277 ἀλλ’

338 2321 397 2372 ἐν
433 2321 552 2382 τοῖς
580 2315 893 2389 χορηγοῦσι
932 2316 996 2368 τὸ
1037 2317 1221 2386 μεῖζον
1255 2316 1467 2387 ὁρᾶται,
1499 2318 1595 2369 καὶ
1625 2317 1652 2368 6
1705 2317 1825 2386 μὲν,
1864 2316 1936 2380 ὡς

341 2407 504 2475 Θεὸς,
535 2406 768 2478 ἀφίησιν
813 2406 1118 2476 ἁμαρτίας,
1160 2408 1188 2459 6
1221 2405 1277 2458 δὲ
1321 2405 1538 2459 δύναται
1578 2406 1734 2460 τοῦτο
1771 2409 1938 2460 ποιεῖν

339 2499 626 2570 οὐδαμῶς,
677 2499 780 2552 οὑκ
826 2498 944 2561 ἴσος
976 2498 1086 2568 ἄρα
1130 2496 1210 2566 τῷ
1250 2498 1500 2552 τοσοῦτον
1537 2497 1934 2570 ἐξηλλαγμένῳ.

519 2630 733 2696 ΑΔΛΟ,
775 2629 857 2698 ὠς
889 2629 962 2682 ἐν
992 2627 1244 2698 ἐπιτομῇ
1284 2629 1379 2682 καὶ
1427 2629 1740 2696 ἁπλότητι.

411 2746 474 2799 Εἰ
521 2744 728 2815 μείζων
753 2742 908 2797 ἔσται
937 2742 1032 2796 τοῦ
1062 2743 1218 2811 ἁγίου
1250 2741 1572 2808 Βαπτιστοῦ,
1597 2742 1742 2797 κατά
1763 2756 1933 2806 τινας,

339 2839 369 2890 6
407 2834 600 2906 Σωτὴρ
641 2836 705 2887 ἐν
747 2835 812 2904 τῇ
849 2831 1100 2903 βασιλείᾳ
1126 2830 1231 2884 τῶν
1260 2829 1526 2902 οὐρανῶν,
1561 2831 1595 2902 ἢ
1625 2832 1761 2896 ἴσος,
1803 2830 1838 2900 ἢ
1880 2833 1938 2882 ἐν

342 2925 639 2981 ἐλαττώσει
672 2925 790 2978 ἐστὶ
814 2925 958 2978 κατά
985 2923 1077 2976 τὸν
1103 2921 1203 2993 τῆς
1230 2923 1696 2994 ἐνανθρωπήσεως
1722 2922 1934 2994 χρόνον.

270 3005 290 3028 ’
358 3019 450 3072 Ἐν
476 3017 575 3088 μέν
600 3013 690 3070 οὖν
711 3012 1024 3081 ἐλαττώσει,
1045 3013 1318 3084 οὐδαμῶς.
1353 3013 1441 3067 Ἐν
1461 3013 1668 3084 ἰσότητι
1694 3013 1753 3067 δέ
1769 3029 1781 3042 ⁸
1811 3011 1940 3065 τοῦο

2036 1849 2173 1904 alter
2194 1864 2323 1905 vero
2342 1860 2605 1921 purgante
2627 1860 2682 1907 et
2711 1853 3089 1910 sanetifieanle
3115 1856 3389 1927 indigeat?
3419 1875 3440 1910 ι
3467 1857 3616 1930 Opus

2035 1944 2181 1997 enim
2211 1952 2312 2009 est,
2344 1941 2539 2012 inquit,
2575 1952 2634 1998 ut
2671 1947 2769 1998 abs
2807 1955 2858 2000 te
2885 1946 3132 2015 haptizer
3155 1947 3223 2002 “.
3258 1967 3277 2001 ι
3316 1948 3450 2003 Cum
3483 1965 3616 2006 vero

2038 2048 2145 2088 non
2184 2033 2232 2090 is
2260 2035 2349 2104 qui
2377 2035 2560 2105 aliquo
2592 2037 2816 2106 indiget,
2867 2040 2961 2093 sed
2988 2040 3034 2094 is
3084 2040 3176 2109 qui
3239 2040 3288 2094 id
3334 2057 3442 2112 quo
3478 2043 3618 2096 alius

2037 2136 2156 2196 eget
2177 2128 2520 2197 suppeditare
2546 2139 2744 2198 potest,
2795 2129 2968 2198 major
2998 2132 3106 2198 sit,
3149 2141 3206 2187 et
3235 2133 3376 2189 Deus
3401 2134 3618 2202 quidem

2038 2221 2286 2274 remittat
2334 2233 2553 2292 peccata
2582 2263 2596 2286 ,
2653 2223 2743 2279 hic
2787 2239 2918 2280 vero
2968 2224 3116 2280 nullo
3172 2233 3333 2295 pacto
3381 2227 3433 2280 id
3483 2240 3621 2296 pra:-

2036 2321 2187 2368 stare
2221 2323 2386 2383 queat
2417 2330 2433 2368 :
2467 2330 2574 2370 non
2602 2325 2686 2372 est
2737 2316 2901 2386 igitur
2929 2317 3158 2388 aequalis
3205 2317 3280 2372 illi
3310 2332 3341 2372 ι
3362 2333 3472 2388 quo
3501 2326 3622 2372 tan-

2039 2416 2228 2477 tepere
2251 2417 2562 2477 superatur.

2389 2622 2618 2690 ALIUD,
2643 2626 2905 2681 succincte
2933 2637 2981 2682 et
3030 2627 3251 2682 rudiler.

2114 2737 2168 2792 Si
2204 2737 2484 2808 Servator,
2538 2752 2594 2795 ut
2650 2742 2893 2796 nonnulli
2951 2745 3267 2814 opinantur,
3326 2742 3501 2814 major
3539 2752 3623 2799 est

2039 2830 2247 2889 Joanne
2277 2835 2515 2905 Baptista
2551 2835 2603 2888 in
2647 2851 2812 2904 regno
2836 2834 3096 2890 caelorum
3120 2874 3136 2901 ,
3187 2844 3338 2892 certe
3379 2851 3446 2892 eo
3479 2848 3621 2892 tem-

2041 2946 2170 3001 pore
2199 2945 2307 2999 quo
2338 2930 2481 2984 inter
2517 2929 2766 2983 homines
2790 2937 3038 2983 versatus
3084 2938 3188 2993 est,
3249 2938 3342 2983 aut
3375 2929 3624 2999 :equalis,

2042 3031 2135 3075 aut
2154 3021 2331 3075 minor
2348 3035 2413 3075 eo
2437 3021 2559 3075 l'uit.
2584 3017 2758 3073 Minor
2781 3028 2960 3074 autem
2983 3019 3126 3073 nulla
3153 3018 3386 3074 ratione.
3418 3018 3626 3089 Equa-

344 3127 412 3163 το
425 3110 536 3177 γάρ
557 3107 673 3171 πώς
697 3110 809 3161 ἐστι
831 3107 891 3160 τὺ
911 3106 1259 3178 πρεπωδέστε
1269 3122 1381 3178 ρον.
1415 3105 1555 3159 Ἀλλ’
1574 3106 1734 3178 εἴπερ
1764 3106 1932 3167 ὅντως

2042 3114 2107 3170 lis
2137 3115 2322 3184 igitur.
2382 3112 2492 3168 lloc
2529 3114 2671 3168 enim
2703 3123 2784 3167 est
2814 3112 3246 3168 convenientius.
3277 3115 3346 3165 At
3375 3113 3420 3167 si
3447 3127 3627 3183 arqua-

343 3205 376 3255 6
392 3203 494 3274 τῆς
513 3202 752 3274 ἰσότητος
770 3201 852 3253 ἐπ’
869 3201 1070 3270 ἀμφοῖν
1099 3197 1336 3263 σώζεται
1353 3197 1530 3266 λόγος,
1555 3197 1829 3250 καλείσθω
1845 3197 1932 3249 καὶ

2044 3210 2123 3264 les
2158 3209 2380 3263 omnino
2410 3209 2552 3262 inter
2582 3222 2639 3262 se
2670 3206 2912 3270 fuerunt,
2943 3217 3172 3262 vocetur
3193 3207 3357 3262 etiam
3385 3205 3625 3264 Joannes

357 3295 618 3364 Ἰωάννης
637 3293 796 3362 σοφία
817 3293 910 3346 καὶ⁸
927 3291 1163 3362 δύναμις
1183 3289 1280 3344 τοῦ
1296 3290 1536 3361 Πατρὸς,
1555 3288 1942 3360 χρηματιζέτω

335 3387 399 3441 δὲ
436 3405 454 3438 ι
477 3385 644 3440 εἰκὼν
663 3386 757 3439 καὶ
771 3385 1080 3458 χαρακτὴρ,
1104 3383 1202 3436 καὶ
1221 3383 1568 3453 ἀπαύγασμα
1584 3383 1682 3453 τῆς
1704 3381 1940 3435 ὑποστά-

338 3496 487 3543 σεως
513 3478 701 3532 αὐτοῦ.
741 3478 956 3549 ⁴ιἐρέτω
982 3477 1078 3530 καὶ
1108 3475 1273 3539 αὐτὸς
1311 3475 1380 3530 τά
1406 3473 1586 3529 πάντα
1620 3472 1699 3544 τῷ
1737 3475 1943 3545 ῥήματι

332 3573 446 3642 τῆς
467 3570 752 3642 δυνάμεως
779 3569 946 3623 αὑτοῦ
969 3585 982 3598 ·
1015 3587 1035 3622 ι
1076 3569 1326 3623 ἀκουέτω
1351 3569 1444 3621 καὶ
1478 3566 1640 3629 αὐτὸς
1667 3566 1820 3636 παρά
1846 3564 1942 3618 τοῦ

333 3660 564 3731 Πατρός
585 3678 597 3690 ·
627 3678 648 3713 ι
683 3659 813 3724 Υἱός
843 3676 946 3729 μου
981 3654 1033 3712 εἷ
1075 3659 1162 3720 σὺ,
1212 3657 1324 3726 ἐγὼ
1365 3657 1606 3728 σήμερον
1637 3652 1944 3724 γεγέννηκά

339 3774 409 3809 σε
443 3773 461 3786 ο
495 3775 515 3807 ι
561 3755 657 3810 καί
685 3771 698 3785 ·
737 3771 756 3805 ι
790 3752 974 3807 Κάθου
1005 3753 1071 3804 ἐκ
1103 3749 1291 3814 δεξιῶν
1337 3766 1458 3820 μου,
1483 3748 1586 3812 ἕως
1628 3745 1693 3800 ἂν
1717 3745 1795 3798 θῶ
1819 3745 1947 3804 τοὺς

329 3845 579 3917 ἐχθρούς
609 3862 703 3898 σου
735 3843 1030 3898 ὑποπόδιον
1062 3840 1171 3895 τῶν
1202 3840 1376 3894 ποδῶν
1417 3857 1534 3893 σου.
1575 3859 1591 3891 ι
1625 3837 1946 3906 Εἰσαγέσοω

329 3941 437 3993 καὶ
468 3938 632 4001 αὐτὸς
659 3937 735 4000 ὡς
760 3936 1104 4007 πρωτότοκος
1140 3935 1220 3998 εἰς
1259 3934 1358 4005 τὴν
1385 3933 1734 4003 οἰκουμένην,
1764 3946 1941 4000 προσ-

2043 3301 2306 3371 sapientia
2329 3309 2383 3352 et
2403 3300 2640 3370 potentia
2664 3298 2842 3354 Patris
2865 3299 2933 3366 ";
2950 3308 3173 3355 vocetur
3194 3300 3359 3355 etiam
3392 3319 3412 3353 ι
3445 3300 3625 3370 imago

2040 3403 2096 3448 et
2129 3392 2437 3457 character,
2473 3406 2536 3446 ac
2567 3392 2823 3460 splendor
2848 3392 3182 3447 exsistentiaz
3210 3393 3411 3463 ipsius:
3440 3393 3626 3449 Portet

2042 3487 2209 3540 etiam
2263 3485 2450 3540 omnia
2495 3489 2662 3539 verbo
2712 3485 2969 3554 potentia:
3019 3501 3130 3540 sua:
3165 3485 3235 3551 ",
3276 3505 3294 3538 ›
3344 3487 3532 3541 audiat
3571 3496 3626 3541 et

2043 3578 2159 3646 ipse
2193 3590 2222 3628 a
2255 3576 2418 3631 Patre
2446 3595 2460 3631 :
2498 3595 2516 3628 ι
2555 3576 2725 3632 Filius
2755 3592 2906 3632 meus
2955 3591 3014 3633 es
3041 3587 3116 3643 tu,
3140 3591 3240 3645 ego
3270 3577 3432 3634 hodie
3466 3579 3624 3649 genui

2045 3678 2100 3723 te
2125 3667 2195 3736 ’1;
2230 3689 2248 3721 ι
2281 3667 2394 3738 98
2419 3678 2474 3723 et
2505 3687 2524 3720 ι
2568 3670 2705 3724 Sede
2732 3685 2761 3723 a
2790 3670 2997 3725 dextris
3031 3670 3186 3734 meis,
3215 3671 3389 3724 donec
3430 3685 3626 3739 ponam

2046 3761 2296 3817 inimicos
2335 3772 2453 3818 tuos
2486 3762 2780 3818 scahellum
2823 3764 3018 3832 pedum
3065 3773 3277 3816 tuorum
3304 3761 3369 3814 ³⁸.
3401 3780 3419 3812 ι
3457 3761 3624 3815 Intro-

2047 3856 2272 3910 ducatur
2306 3857 2468 3912 etiam
2501 3857 2616 3927 ipse
2642 3857 2694 3910 in
2718 3859 2903 3911 orbem
2935 3866 3204 3911 terrarum
3231 3855 3623 3923 tanquampri-

2046 3950 2391 4021 mogenitus;
2427 3951 2689 4006 adoretur
2741 3965 2769 4002 a
2818 3949 3022 4003 sanctis
3066 3947 3311 4015 angelis,
3366 3955 3626 4014 recteque

327 4029 617 4086 κυνείσθω
681 4028 838 4098 παρά
895 4027 1005 4079 τῶν
1061 4025 1232 4094 ἁγίων
1301 4025 1583 4094 ἀγγέλων,
1639 4023 1845 4090 λεγέτω
1889 4020 1947 4073 δὲ

324 4122 702 4192 ἀνεγκλήτως
729 4121 863 4191 περὶ
893 4116 1086 4172 ἑαυτοῦ
1110 4133 1122 4146 ·
1163 4138 1180 4170 ι
1241 4118 1383 4185 Ἐγὼ
1432 4117 1528 4170 καὶ
1578 4117 1606 4166 6
1655 4113 1848 4183 Πατὴρ
1888 4112 1946 4164 ἐν

325 4218 538 4287 ἐσμεν.
580 4213 644 4266 '0
676 4211 936 4282 ἑωρακὼς
966 4212 1085 4283 ἐμὲ,
1124 4211 1338 4282 ἑώρακε
1370 4208 1462 4261 τὸν
1491 4205 1711 4276 Πατέρα
1740 4221 1756 4237 ·
1797 4223 1816 4254 ι
1853 4205 1946 4258 καὶ

326 4307 513 4363 πάλιν
535 4321 548 4334 ’
589 4325 608 4358 ι
655 4303 801 4372 Ἐγώ
827 4305 997 4374 είμιή
1040 4305 1336 4364 ἀνάστασις
1367 4299 1460 4354 καὶ
1507 4300 1539 4369 ἡ
1570 4297 1716 4368 ζωή⁶
1753 4315 1772 4349 ι
1807 4295 1902 4349 καί
1927 4311 1940 4326 ’

2049 4043 2113 4097 de
2141 4043 2325 4113 seipse
2355 4044 2503 4096 dicat
2535 4059 2549 4094 :
2592 4063 2610 4094 ι
2668 4041 2782 4109 Ego
2813 4051 2868 4095 et
2895 4039 3059 4094 Pater
3090 4053 3256 4092 unum
3284 4054 3491 4093 sumus.
3527 4038 3628 4106 Qui

2045 4135 2179 4191 vidit
2211 4149 2318 4201 me,
2348 4132 2485 4187 vidit
2512 4142 2568 4187 et
2593 4133 2809 4187 Patrem
2829 4133 2873 4165 ”
2893 4149 2940 4199 ;ι
2979 4140 3034 4187 et
3062 4145 3274 4187 rursum
3303 4148 3319 4187 :
3344 4130 3488 4203 «Ego
3509 4146 3628 4186 sum

2046 4227 2378 4285 resurrectio
2410 4237 2466 4283 et
2491 4227 2596 4282 vita
2623 4244 2638 4296 ;
2670 4225 2714 4257 “
2752 4245 2771 4278 ι
2804 4235 2858 4283 et
2893 4245 2912 4280 ι
2948 4226 3058 4297 Ego
3091 4242 3208 4283 sum
3241 4227 3398 4298 panis
3441 4227 3628 4282 vivens

1448 4321 1472 4400 ξ,
1507 4321 1772 4400 ηῇωηᾟ
1807 4321 1939 4349 καθ’
2047 4323 2139 4392 qui
2173 4338 2202 4378 e
2251 4322 2393 4379 cmlo
2429 4321 2707 4390 descendi,
2761 4330 2817 4379 et
2858 4323 3025 4377 vitam
3078 4322 3213 4378 dans
3253 4321 3453 4377 mundo
3487 4322 3554 4377 “.
3601 4338 3622 4371 ι

337 4419 361 4451 ε
412 4397 566 4466 Ἐγώ
596 4398 713 4467 εἰμι
757 4398 787 4450 6
828 4395 990 4466 ἄρτος
1020 4397 1048 4448 6
1091 4395 1199 4460 ζῶν
1229 4395 1258 4447 6
1287 4397 1350 4447 ἐκ
1377 4391 1474 4445 τοῦ
1509 4391 1738 4461 οὐρανοῦ
1771 4405 1932 4442 κατα‹

2049 4412 2106 4470 Si
2141 4431 2272 4471 vero
2302 4417 2415 4471 haec
2443 4416 2624 4470 omnia
2660 4424 2744 4470 est
2765 4414 3040 4481 Christus,
3064 4427 3169 4468 non
3200 4424 3382 4470 autem
3415 4413 3505 4467 ille
3533 4414 3626 4481 qui

333 4490 478 4552 ϐὰς,
514 4492 611 4542 καὶ
635 4487 776 4559 ζωὴν
810 4487 984 4551 διδοὺς
1010 4485 1088 4555 τῷ
1116 4486 1328 4554 κόσμῳ.
1372 4504 1388 4535 ι
1445 4481 1507 4535 El
1551 4482 1609 4535 δὲ
1637 4479 1811 4534 ταῦτα
1839 4479 1932 4550 μὲν

2044 4506 2295 4576 imperite
2326 4507 2552 4576 aequalis
2582 4522 2706 4563 esse
2757 4507 2958 4562 dicitur
2992 4523 3005 4560 :
3045 4521 3152 4575 quo
3195 4519 3352 4576 pacto
3383 4520 3487 4559 non
3524 4479 3625 4557 ah-

333 4583 471 4635 ἔστι
516 4580 690 4634 πάντα
737 4579 993 4650 Χριστὸς,
1035 4579 1218 4632 οὐκέτι
1259 4576 1315 4630 δὲ
1348 4576 1442 4630 καὶ⁹
1473 4577 1501 4628 ὁ
1532 4574 1668 4645 πρὸς
1718 4573 1938 4640 ἰσότητα

333 4674 449 4744 τὴν
491 4671 627 4742 πρὸς
674 4672 833 4725 αὐτὸν
881 4672 1217 4741 καλούμενος
1252 4666 1499 4739 ἀμαθῶς,
1555 4666 1674 4729 πῶς
1716 4665 1778 4717 οὐ
1816 4663 1938 4717 λίαν

335 4761 684 4816 ἀπαίδευτον
703 4763 856 4816 παντί
879 4781 958 4834 τῳ
981 4764 1232 4831 φανεῖται
1254 4760 1459 4826 λοιπὸν,
1478 4759 1539 4812 τὸ
1564 4758 1786 4831 μείζονά
1808 4773 1937 4809 ποτε

335 4855 686 4926 γενήσεσθαι
715 4856 955 4927 νομίζειν
985 4854 1175 4922 αὐτοῦ,
1201 4855 1292 4908 τὸν
1329 4855 1416 4908 ἀεὶ
1444 4853 1600 4908 τοῦτο
1624 4851 1939 4920 ὑπάρχοντα

335 4946 622 5016 φυσικῶς,
654 4945 730 5010 ὡς
753 4945 888 5001 Θεόν
913 4962 926 5011 ;

1048 5063 1253 5117 ΑΛΛΟ.

2050 4602 2274 4654 surdum
2308 4599 2455 4654 dictu
2500 4598 2713 4654 censeri
2757 4599 2986 4659 debeat.
3015 4597 3292 4653 Christum
3338 4595 3631 4665 aliquando

2045 4689 2256 4748 Joanne
2303 4689 2561 4758 majorem
2607 4691 2871 4759 futurum,
2907 4691 3000 4760 qui
3040 4699 3231 4759 suapte
3263 4698 3457 4743 natura
3487 4697 3631 4737 sem-

2047 4798 2144 4852 per
2176 4781 2350 4851 major
2381 4782 2504 4851 fuit,
2527 4783 2797 4840 nimirum
2825 4782 3018 4838 Deus?

2723 5045 2956 5102 ALIUD.

417 5174 490 5228 Εἰ
535 5177 589 5228 ἐν
615 5175 694 5245 τῷ
740 5175 874 5230 ποτέ
919 5175 1019 5246 τὴν
1061 5175 1310 5230 ἰωᾶννου
1358 5173 1778 5243 πλεονεκτήσειν
1820 5171 1932 5242 ἀρε·

2124 5165 2181 5221 Si
2215 5163 2269 5219 in
2299 5161 2485 5217 tuturo
2510 5157 2709 5215 saeculo
2742 5167 2956 5214 tantum
2983 5153 3235 5210 Christus
3268 5151 3497 5212 Joannis
3525 5150 3629 5210 vir-

327 5267 442 5337 τὴν
475 5264 805 5333 ἀξιὰγαστος
829 5266 1128 5338 ὀφθήσεται
1157 5265 1413 5338 Χριστὸς,
1439 5264 1588 5317 οὐδὲν
1613 5264 1670 5316 ἐν
1704 5261 1852 5333 αὐτῷ
1888 5263 1932 5315 τί

2049 5268 2217 5315 tutem
2250 5264 2606 5326 superaturos
2639 5261 2742 5318 est,
2774 5260 2926 5309 certe
2972 5249 3179 5305 nihilin
3205 5250 3324 5320 ipso
3370 5260 3628 5315 magnum

328 5360 500 5432 μέγα
520 5373 532 5388 ·
561 5359 681 5413 ἐπεὶ
704 5360 801 5415 καὶ
825 5360 1049 5429 ἄγγελοι
1076 5359 1361 5431 κρείττους
1393 5356 1561 5412 αὑτοῦ
1597 5357 1740 5410 κατὰ
1769 5372 1831 5424 γε
1860 5355 1932 5408 τὸ*

2053 5365 2136 5410 eSt
2175 5371 2187 5406 :
2231 5367 2354 5408 cum
2387 5360 2441 5403 et
2479 5347 2659 5418 angeli
2703 5347 2962 5402 meliores
3006 5343 3525 5415 praestantioresque
3564 5355 3632 5395 eo

324 5456 506 5524 λόγον
544 5453 644 5524 τῆς
681 5455 894 5517 οίκείας
940 5453 1182 5524 φύσεως,
1233 5453 1328 5505 καὶ
1364 5453 1462 5522 τῆς
1502 5453 1582 5514 εἰς
1618 5449 1750 5502 Θεὸν
1795 5448 1932 5500 εὐσε-

2061 5449 2174 5503 sint
2217 5444 2456 5514 propria:
2485 5458 2597 5498 suae
2640 5451 2850 5495 natura:
2883 5439 3096 5494 ratione
3117 5477 3131 5501 ,
3167 5444 3222 5489 et
3252 5428 3474 5502 pietatis
3504 5447 3632 5502 erga

324 5553 496 5614 σείας
523 5550 623 5619 τὴν
656 5549 959 5621 ὑπεροχήν.
995 5543 1129 5602 Εἶτα
1164 5548 1256 5599 ποῖ
1291 5562 1419 5598 ποτε
1451 5545 1715 5613 βαδιεῖται
1743 5541 1932 5595 Παῦλος

2056 5539 2224 5593 Deum
2241 5535 2591 5593 excellentia.
2621 5532 2822 5585 Deinde
2841 5531 2972 5599 quid
2995 5532 3059 5586 de
3074 5521 3464 5596 sapientissimi
3488 5521 3635 5576 illius

402 5731 448 5761 ³¹
484 5727 596 5780 Isa.
624 5741 781 5790 xun,
826 5725 918 5778 95'.
998 5726 1042 5762 δ’
1077 5723 1287 5777 Barnch
1323 5736 1406 5778 ιιι.
1447 5722 1536 5774 58.
1618 5721 1660 5751 ³³
1695 5717 1852 5790 Joan.
1887 5731 1922 5790 ι,

2038 5759 2046 5770 .
2128 5716 2169 5746 ³⁸
2205 5717 2392 5790 Matth.
2428 5711 2635 5790 lib-LI.
2716 5705 2759 5735 ³⁵
2799 5707 2970 5790 |_(:.or.
3004 5727 3042 5774 ι,
3075 5705 3168 5758 ‘24.
3247 5703 3289 5734 ³⁸
3324 5696 3560 5759 IIebr.\,
3585 5693 3641 5742 '5.

327 5803 372 5834 ³⁷
412 5778 781 5865 1,551.1;[7]
850 5799 892 5828 ³³
924 5795 1065 5854 Psal.
1109 5809 1215 5860 eux,
1250 5796 1295 5846 1.
1376 5795 1414 5823 ³⁵³
1446 5793 1595 5845 Joan.
1633 5805 1740 5851 xiv,
1786 5789 1835 5837 υ.
1917 5788 1929 5813 ³

2035 5803 2135 5840 ian.
2173 5789 2362 5853 31,25.
2442 5787 2481 5816 “
2523 5783 2660 5836 Joutt
2708 5790 2781 5840 Vt,
2815 5778 2903 5831 3.3,
