4056 6264
483 344 592 400 {65
641 395 652 405 .

1509 339 1565 394 S.
1607 339 1886 396 CYRILH
1926 340 2400 398 ALEXANDRINI
2442 343 2762 400 ARClllEP.

3649 332 3750 400 l6!

481 453 633 508 Pauli
668 451 978 510 testimonio
1003 460 1266 516 statuent,
1313 451 1408 522 qui
1454 450 1731 506 Christum
1766 461 1919 507 tanto
1966 467 2062 508 su--

2168 454 2300 526 ἡμῖν
2327 459 2355 510 6
2381 455 2692 526 σοφώτατος
2730 455 2986 511 τοσοῦτον
3026 454 3276 526 ἀγγέλων
3308 453 3619 528 ὑπερτιθεὶς
3655 425 3774 508 τὸν.

484 545 755 614 puriorem
794 544 1004 615 angelis
1042 559 1164 600 esse
1213 551 1438 597 testatur
1462 581 1479 607 ,
1527 552 1733 612 quanto
1760 543 1938 596 divina
1969 558 2065 596 na-

482 645 606 689 tura
641 646 826 691 creata
856 635 1177 713 antecellit}?
1212 653 1232 685 ‹
1280 632 1378 688 Cui
1416 631 1584 698 enim,
1612 633 1789 702 inquit
1821 632 2023 689 Paulus
2046 674 2062 700 ,

478 728 802 797 angelorum
848 741 1089 797 unquam
1127 726 1266 779 dixit
1310 739 1324 776 :
1360 723 1503 779 Sede
1557 739 1585 777 a
1627 725 1834 780 dextris
1883 725 2067 780 meis?

481 817 678 874 Nonne
703 835 891 874 omnes
930 828 1056 873 sunt
1083 817 1539 887 administratorii
1564 817 1826 886 spiritus,
1878 818 1931 871 in
1964 819 2066 871 mi-

479 912 772 966 ~nisterium
827 910 976 964 missi
1033 908 1130 962 “?
1186 926 1204 959 ι
1262 907 1382 974 Quo
1438 919 1607 978 pacto
1660 909 1824 978 igitur
1882 911 1928 964 is
1973 911 2063 980 qui

489 1014 639 1058 tanto
671 1013 756 1058 est
781 1002 987 1073 angelis
1028 1003 1380 1070 praestantior
1419 1001 1592 1055 Filius
1623 1041 1638 1066 ,
1697 1011 1836 1057 utet
1884 1001 2067 1057 Patris

484 1097 639 1151 sedili
690 1104 743 1150 et
792 1095 1142 1150 tabernaculo
1192 1095 1537 1165 adjungatur,
1583 1095 1739 1163 quasi
1799 1110 2058 1165 magnum

487 1187 688 1255 aliquid
753 1196 810 1241 et
866 1189 1193 1257 prmclarum
1249 1187 1314 1240 de
1358 1201 1416 1240 se
1476 1187 1752 1254 praedicet,
1806 1186 2065 1255 majorem

482 1278 689 1334 Joanne
720 1267 954 1347 Baptista
987 1279 1040 1331 in
1072 1294 1239 1348 regno
1272 1279 1533 1334 caelorum
1565 1277 1704 1343 fore,
1757 1293 1882 1332 cum
1916 1294 2064 1332 sem-

485 1384 579 1439 per
611 1368 782 1436 major
811 1369 921 1423 sit?
951 1369 1234 1435 Quomodo
1268 1370 1414 1423 enim
1444 1385 1549 1424 non
1599 1369 1672 1425 sit
1712 1368 1921 1441 major,
1973 1369 2065 1440 qui

485 1460 596 1516 Deo
624 1475 689 1514 ac
719 1459 865 1513 Patri
888 1459 1114 1530 aqualis
1149 1469 1235 1515 est
1267 1459 1291 1514 2

1142 1571 1372 1628 ALIUD.

551 1689 607 1744 Si
639 1686 876 1742 Ioannes
898 1685 1142 1756 Baptista
1174 1694 1290 1740 erat
1334 1685 1554 1740 lucerna
1581 1724 1598 1751 ,
1648 1684 1898 1740 Christus
1937 1699 2066 1740 vero

2166 547 2418 618 Χριστὸν,
2449 550 2572 602 ὅσον
2599 551 2632 621 ἡ
2667 549 2786 602 Θεία
2823 548 2984 619 φύσις
3011 547 3109 619 τὴν
3134 546 3369 619 γενητὴν
3399 545 3745 618 ὑπερτρέχει.

2175 658 2193 690 ι
2219 640 2336 694 Τίνι
2361 641 2490 712 γὰρ,
2515 639 2660 706 εἶπε,
2690 639 2822 695 ποτε
2847 641 2954 695 τῶν
2980 641 3249 710 ἀγγέλων,
3280 639 3414 711 φησί
3437 655 3450 668 ·
3477 639 3665 693 Κάθου
3687 641 3750 692 ὲκ

2165 729 2355 795 δεξιῶν
2387 749 2521 802 μου;
2565 733 2699 802 Οὐχὶ
2726 732 2928 796 πάντες
2954 732 3060 785 εἰσὶ
3088 730 3438 801 λειτουργικὰ
3464 729 3755 801 πνεύματα

2167 824 2247 886 εἰς
2278 823 2553 877 διακονίαν
2585 824 3060 895 ἀποστελλόμενας
3096 842 3116 876 ι
3154 823 3280 886 Πῶς
3313 817 3406 876 οῦν
3432 823 3461 875 6
3496 820 3755 876 τοσοῦτον

2166 915 2293 978 τοὺς
2343 915 2593 969 Ἰωάννου
2643 916 2896 988 μείζονας
2939 916 3203 986 ἀγγέλους
3250 913 3561 970 ἀναϐαίνων
3602 913 3753 976 Υἱὸς,

2168 1005 2244 1068 ὡς
2278 1008 2370 1061 καὶ
2395 1010 2506 1071 τοῖς
2530 1007 2622 1061 τοῦ
2650 1008 2863 1080 Πατρδς
2907 1008 3216 1077 ὲνιδρύσθαι
3247 1007 3463 1070 θώκοις,
3492 1007 3572 1071 ὼς
3615 1007 3757 1078 μέγα

2166 1114 2219 1150 τι
2249 1099 2340 1150 καὶ⁹
2369 1098 2678 1163 ἀξιόπιστον
2704 1100 2789 1169 ἐφ’
2817 1096 2997 1172 ἑαυτῷ
3037 1116 3224 1172 φησιν,
3261 1100 3336 1163 ὡς
3366 1098 3518 1152 ἔσται
3551 1097 3757 1169 μείζων

2167 1188 2333 1242 αὑτοῦ
2361 1190 2501 1242 κατά
2527 1190 2617 1245 τὸν
2634 1191 2732 1262 τῆς
2751 1190 3027 1261 βασιλείας
3044 1191 3257 1262 καιρὸν,
3281 1189 3457 1243 καίτοι
3479 1188 3542 1241 τὸ
3573 1185 3757 1259 μεῖζον

2168 1282 2306 1351 ἔχων
2329 1282 2449 1347 ἀείῖ
2493 1281 2618 1346 Πῶς
2647 1282 2756 1354 γὰρ
2780 1283 2879 1355 οὑχ
2905 1283 3078 1346 οὑτως
3107 1285 3136 1337 6
3157 1285 3216 1335 ὲν
3254 1282 3464 1351 ἰσότητι
3493 1279 3590 1334 τοῦ
3621 1277 3756 1331 Θεοῦ

2168 1373 2263 1425 καὶ
2293 1373 2508 1444 Πατρός
2527 1388 2542 1439 ;

2852 1577 3058 1634 ᾹΑΛΟ·⁸

2238 1692 2304 1747 Ei
2347 1691 2542 1764 λύχνος
2583 1690 2652 1765 ἦν
2691 1694 2721 1747 6
2770 1695 3041 1766 μακάριος
3085 1691 3418 1762 Βαπτιστὴςη,
3467 1689 3587 1758 φῶς
3625 1687 3681 1740 δὲ
3726 1687 3757 1740 '6

485 1782 688 1844 lumen,
717 1794 824 1848 quo
867 1789 1024 1849 pacto
1054 1778 1160 1834 erit
1206 1776 1414 1846 aequale
1459 1793 1580 1832 cum
1624 1776 1847 1832 lucerna
1874 1777 2056 1831 lumen

2169 1783 2422 1854 Χριστὸς,
2452 1784 2569 1846 πῶς
2593 1786 2650 1837 ἐν
2693 1784 2898 1856 ἰσότητι
2928 1785 3170 1838 κείσεται
3193 1786 3258 1853 τῇ
3301 1783 3481 1853 λύχνῳ
3509 1780 3575 1832 τὸ
3616 1778 3752 1848 φῶςν

485 1873 660 1943 ipsum
700 1870 769 1937 ⁸³,
799 1880 894 1924 aut
921 1871 973 1924 id
1011 1871 1154 1940 quod
1185 1868 1532 1924 illuniinandi
1562 1870 1668 1924 vim
1699 1869 1882 1934 habet,
1936 1883 2078 1923 cum-

482 1985 548 2024 eo
595 1968 736 2039 quod
782 1967 1174 2020 illuminatione
1224 1964 1474 2032 indiget?
1523 1964 1678 2032 Quod
1723 1977 1852 2018 vero
1906 1972 2058 2017 tanto

481 2059 767 2114 intervallo
799 2066 1017 2128 superat
1040 2098 1056 2124 ,
1090 2071 1329 2126 quonam
1361 2067 1522 2128 pacto
1550 2057 1732 2112 minus
1766 2055 2060 2120 exeistens,

482 2149 660 2222 majus
681 2149 774 2204 ﬁat
802 2149 826 2204 ἲ

1144 2239 1375 2296 ALIUD.

559 2354 616 2409 Si
649 2354 694 2409 is
721 2353 810 2423 qui
843 2353 1011 2408 habet
1059 2366 1337 2420 sponsam,
1363 2365 1597 2421 sponsus
1654 2360 1738 2407 est
1766 2390 1783 2419 ,
1832 2351 1935 2408 hoc
1981 2359 2066 2407 est

479 2447 750 2512 Christus,
777 2445 988 2500 amicus
1043 2453 1224 2498 autem
1276 2443 1464 2513 sponsi
1514 2444 1605 2513 qui
1656 2453 1768 2499 stat
1813 2453 1868 2499 et
1914 2445 2066 2498 audit

481 2539 681 2608 ipsum,
714 2539 817 2591 huc
871 2546 957 2590 est
987 2537 1181 2590 beatus
1223 2533 1465 2590 Joannes
1497 2533 1762 2602 Baptista,
1812 2536 2064 2590 diversus

482 2631 669 2701 itaque
701 2629 770 2682 ab
797 2629 915 2698 ipso
965 2635 1050 2680 est
1120 2641 1228 2680 non
1273 2625 1447 2681 solum
1483 2641 1712 2681 numero
1748 2625 2059 2691 distinctus,

481 2737 668 2777 verum
697 2721 863 2774 etiam
896 2717 1208 2787 aequalitate
1245 2716 1529 2788 dignitatis
1577 2726 1630 2772 et
1681 2717 1904 2772 honoris
1964 2719 2063 2773 de-

480 2812 724 2866 stitutus.
766 2809 1042 2878 Siquidem
1067 2808 1158 2862 hic
1187 2821 1375 2860 revera
1405 2806 1604 2862 festum
1637 2808 1781 2862 diem
1820 2807 2064 2873 inchoat,

482 2904 573 2957 ille
589 2919 718 2957 vero
751 2902 977 2957 alterius
994 2899 1306 2956 festivitatis
1331 2910 1413 2954 est
1433 2899 1728 2971 particeps,
1757 2915 1822 2955 ac
1841 2901 2066 2970 proinde

479 2995 772 3050 illustrior.

1149 3103 1383 3161 ALIUD.

551 3218 792 3275 Joannes
826 3217 1070 3287 Baptista
1104 3217 1178 3273 ita
1204 3218 1405 3273 alicubi
1447 3218 1514 3274 de
1549 3219 1845 3276 Servatore
1876 3229 2064 3276 nostro

483 3313 619 3366 dicit
649 3328 664 3363 :
701 3327 720 3361 ι
756 3310 859 3376 Qui
890 3311 956 3365 de
978 3325 1194 3366 sursum
1217 3311 1388 3376 venit,
1425 3326 1590 3381 super
1613 3327 1805 3368 omnes
1835 3324 1920 3369 est
1949 3314 2014 3368 δι.
2042 3333 2061 3368 ι

480 3401 595 3474 99
641 3401 844 3456 Deinde
889 3416 1043 3456 suam
1115 3402 1277 3456 etiam
1319 3404 1687 3460 conditionem
1737 3409 2063 3476 explicans:

488 3511 510 3545 ι
552 3493 655 3560 Qui
683 3493 750 3546 de
787 3502 932 3548 terra
980 3502 1085 3561 est,
1132 3493 1328 3563 inquit,
1383 3503 1598 3550 terrena
1643 3496 1884 3566 loquitur
1914 3498 1982 3552 ⁸⁵.
2039 3516 2058 3550 ι

484 3584 542 3640 Si
569 3599 699 3653 ergo
729 3585 993 3640 Servator
1038 3585 1086 3641 ei
1107 3585 1333 3654 aequalis
1354 3596 1460 3651 est,
1491 3588 1686 3659 quippe
1718 3590 1809 3660 qui
1832 3591 2064 3645 nondum

483 3678 660 3748 majus
709 3677 964 3748 accepit,
1021 3678 1178 3745 nihil,
1212 3687 1270 3732 ut
1315 3680 1614 3734 verisimile
1643 3691 1744 3746 est,
1794 3683 2070 3737 obstiterit

484 3769 775 3841 quominus
805 3769 857 3824 id
888 3771 1030 3840 quod
1066 3774 1346 3841 proprium
1411 3773 1661 3828 alterutri
1706 3783 1831 3839 est,
1895 3775 1946 3828 in
1986 3775 2062 3828 al-

482 3873 655 3918 terum
685 3870 947 3930 transeat,
1000 3865 1073 3917 ita
1098 3873 1155 3916 ut
1177 3862 1418 3932 Baptista
1451 3863 1738 3920 desursum
1793 3866 2065 3920 omnium-

481 3970 586 4024 que
611 3970 899 4026 supremus
941 3967 1259 4023 censeatur,
1314 3955 1569 4012 Christus
1603 3973 1734 4012 vero
1792 3967 2062 4014 terrenus.

483 4046 590 4103 Sed
624 4049 726 4104 hoc
778 4047 1076 4104 absurdum
1129 4057 1232 4104 est.
1271 4048 1372 4104 llic
1413 4050 1580 4113 enim,
1635 4059 1694 4104 ut
1741 4051 2067 4106 naturaliter

481 4141 646 4207 Deus,
670 4156 834 4210 super
855 4157 1045 4198 omnes
1067 4151 1152 4198 est
1182 4164 1194 4198 :
1223 4143 1308 4197 ille
1340 4158 1470 4198 vero
1499 4159 1566 4198 ex
1590 4142 1850 4200 inferiore
1872 4152 1927 4199 et.
1956 4144 2065 4200 Deo

484 4232 728 4300 subjecta
779 4242 1029 4287 creatura
1065 4243 1310 4290 terrenus
1353 4246 1456 4290 est.
1487 4236 1602 4290 Non
1648 4251 1778 4307 ergo
1812 4236 2058 4306 mqualis,

479 4323 614 4391 quin
642 4321 821 4388 potius
854 4322 1264 4391 incomparabili
1299 4326 1620 4379 excellentia
1651 4342 1680 4379 a
1717 4328 1933 4383 Christo
1971 4344 2064 4382 su-

484 4420 724 4481 peratur.
777 4411 893 4478 Quo
916 4422 1074 4482 pacto
1105 4415 1270 4484 igitur
1296 4417 1508 4469 censeri
1558 4425 1738 4486 potest
1777 4419 2064 4487 aliquando

483 4503 697 4559 futurus
735 4503 927 4572 major,
959 4505 1049 4572 qui
1081 4521 1298 4576 seraper
1332 4515 1616 4577 tantopere
1645 4508 1952 4564 excelluit?

1155 4707 1315 4766 ALIU
1330 4711 1389 4765 Ι).

555 4821 814 4877 Servator
856 4829 978 4892 post
1007 4827 1464 4880 resurrectionem
1496 4842 1525 4882 a
1575 4830 1810 4884 mortuis
1850 4830 2064 4887 instau-
2094 4837 2104 4854 ‘

483 4929 611 4968 rans
641 4914 694 4968 in
726 4913 884 4969 nobis
919 4915 1156 4984 priscam
1192 4916 1432 4987 Spiritus
1466 4921 1720 4990 gratiam,
1775 4923 2064 4991 inspiravit

482 5008 769 5075 apostolis,
803 5007 991 5064 dicens
1017 5024 1031 5061 :
1057 5027 1075 5061 ι
1114 5011 1358 5081 Accipite
1384 5009 1646 5083 Spiritum
1671 5026 1918 5071 sanctum
1947 5017 2012 5071 ⁸⁸.
2038 5037 2056 5067 ο

483 5096 551 5151 Ει
581 5112 796 5151 rursum
846 5100 960 5169 ipse
991 5101 1057 5155 de
1106 5101 1309 5170 Spiritu
1354 5105 1429 5160 ita
1463 5108 1538 5160 ait
1575 5125 1590 5162 :
1638 5125 1656 5158 ι
1695 5107 1829 5175 Quia
1857 5110 1922 5164 de
1945 5125 2063 5165 meo

483 5187 713 5256 accipiet
741 5187 807 5242 ".
852 5208 870 5239 ι
909 5191 1015 5246 Sed
1043 5203 1098 5248 et
1127 5193 1368 5264 Spiritus
1407 5197 1612 5254 Christi
1653 5199 1892 5269 Spiritus
1932 5216 2062 5255 san-

483 5286 605 5332 ctus
643 5293 673 5332 a
731 5292 886 5334 sacra
926 5280 1208 5352 Scriptura
1239 5287 1577 5356 appellatur,
1634 5300 1694 5346 ut
1737 5292 1788 5346 in
1837 5293 2064 5348 Actibus

482 5371 848 5437 apostolorum
870 5371 1070 5441 legitur
1097 5395 1110 5430 :
1149 5397 1168 5428 ι
1201 5380 1338 5434 Cum
1364 5395 1492 5436 vero
1519 5383 1850 5439 transissent
1877 5385 2062 5439 Asiam

483 5472 538 5515 et
573 5462 799 5521 Galatiae
857 5468 1171 5538 regionem,
1231 5481 1515 5527 tentarunt
1561 5475 1835 5541 proﬁcisci
1885 5477 1938 5530 in
1977 5476 2066 5530 Bi-

487 5551 761 5622 thyniam,
794 5565 850 5610 et
891 5573 998 5612 non
1053 5561 1301 5629 permisit
1343 5577 1439 5617 eos
1485 5561 1723 5632 Spiritus
1765 5563 1893 5621 Jesu
1925 5567 1995 5619 ιο.
2038 5588 2056 5620 ι

555 5705 600 5790 ξ’
629 5707 792 5790 llebr.
824 5709 981 5790 l,_15
1005 5751 1020 5778 ,
1057 5713 1144 5767 1-4.
1221 5714 1266 5746 ⁸³
1294 5713 1451 5771 Joan,
1482 5733 1536 5784 ν,
1564 5717 1684 5773 ’5-5,
1763 5719 1806 5752 ιι
1839 5719 1994 5777 ³0³11.
2035 5739 2064 5777 ῃ

2166 5724 2241 5780 il.
2315 5722 2360 5755 “
2391 5719 2520 5775 ibid.
2600 5720 2643 5751 “
2671 5717 2822 5774 Joan.
2858 5736 2948 5788 xx,
2982 5721 3069 5774 ‘22.

481 5771 533 5850 ,⁸⁸
554 5778 672 5834 Act.
712 5791 827 5844 xvr,
861 5777 911 5831 7.

2167 1875 2263 1928 καὶ
2295 1874 2354 1927 τὸ
2394 1873 2648 1943 φωτίζειν
2678 1875 2918 1942 πεφυκὸς
2951 1873 3029 1944 τῷ
3067 1874 3245 1944 φωτὸς
3277 1871 3549 1943 δεομένῳς
3599 1869 3676 1922 Τὸ
3699 1867 3755 1920 δὲ

2165 1966 2416 2020 τοσοῦτον
2445 1967 2534 2020 ἀεὶ
2559 1965 2936 2032 πλεονεκτοῦν,
2974 1964 3093 2030 πῶς
3130 1966 3188 2018 ὲν
3215 1962 3508 2018 ἐλαττώσει
3548 1961 3633 2028 ὃν,
3663 1958 3756 2014 ἐπὶ

2163 2061 2227 2135 τὸ
2255 2059 2441 2131 μεῖζον
2469 2058 2805 2130 ἀναϐήσεται
2823 2074 2840 2125 ς

2836 2238 3052 2309 armo.

2237 2350 2301 2412 Εί
2330 2360 2358 2412 6
2384 2357 2522 2429 ἔχων
2567 2357 2667 2429 τὴν
2705 2347 2925 2428 νύμφην
2957 2352 3190 2425 νυμφίος
3247 2338 3384 2415 ἐστὶ,
3413 2350 3700 2404 τουτέστιν
3728 2352 3755 2404 6

2166 2449 2420 2519 Χριστὸς,
2441 2451 2469 2501 6
2489 2449 2544 2502 δὲ
2567 2449 2718 2518 φίλος
2738 2447 2831 2501 τοῦ
2855 2446 3088 2517 νυμφίου
3113 2447 3140 2498 6
3163 2441 3405 2514 ἑστηκὼς
3425 2445 3520 2496 καὶ
3539 2443 3755 2496 ἀκούων

2166 2540 2353 2603 αὑτοῦ,
2380 2540 2660 2592 τουτέστιν
2684 2542 2712 2591 6
2741 2538 3011 2609 μακάριος
3053 2536 3389 2606 Βαπτιστὴς,
3415 2535 3603 2605 ἕτερος
3643 2536 3750 2605 ἄρα

2167 2635 2297 2703 παρ’
2327 2632 2487 2685 αὑτόν
2529 2633 2675 2686 ἐστιν
2717 2630 2779 2683 οὑ
2820 2630 2980 2700 μόνον
3019 2629 3262 2699 δηλονότι
3311 2628 3750 2698 διαστελλόμενος

2168 2722 2406 2795 ἀριθμῷ,
2431 2721 2566 2777 ἀλλά
2588 2722 2648 2773 τὸ
2668 2714 2782 2774 ἴσον
2809 2721 2908 2774 οὑκ
2936 2720 3074 2791 ἔχων
3098 2723 3154 2774 ἐν
3179 2719 3450 2792 ἀξιώματι
3481 2722 3575 2774 καὶ
3597 2723 3748 2790 τιμῇι

2168 2819 2340 2884 Εἴπερ
2384 2817 2412 2868 6
2462 2815 2564 2886 μέν
2607 2813 2724 2867 ἐστι
2756 2813 3192 2885 πανηγυράρχης
3228 2812 3466 2885 ἀληθῶς,
3501 2814 3529 2866 6
3557 2813 3615 2866 δὲ
3655 2814 3752 2882 τῆς

2169 2909 2355 2979 ἑτέρου
2391 2906 2750 2978 πανηγύρεως
2782 2906 3032 2978 μέτοχος,
3057 2906 3153 2959 καὶ
3191 2905 3280 2960 διὰ
3306 2905 3464 2959 τοῦτο
3502 2905 3752 2978 λαμπρὸ·

2167 3020 2346 3076 τερος.

2854 3106 3063 3167 ᾹΛΛυ.

2241 3229 2412 3294 Αὐτός
2441 3219 2544 3282 πού
2573 3243 2736 3300 φησιν
2763 3227 2792 3280 ὁ
2837 3212 3110 3296 μακάριος
3147 3212 3458 3291 Βαπτιστὴς
3501 3221 3638 3293 περὶ
3664 3221 3752 3274 τοῦ

2169 3322 2422 3394 Σωτῆρος
2476 3320 2634 3393 ἡμῶν
2682 3317 2921 3390 Χριστοῦ
2951 3335 2967 3352 ·
3020 3333 3039 3368 ι
3099 3316 3158 3369 '0
3207 3314 3416 3368 ἄνωθεν
3459 3316 3753 3386 ἐρχόμενος

2168 3415 2353 3469 ὲπάνω
2385 3413 2604 3467 πάντων
2627 3410 2793 3464 ἐστίν.
2830 3427 2849 3459 ι
2906 3403 3042 3461 Εἶτα
3069 3407 3131 3460 τὸ
3167 3409 3364 3460 οἰκεῖον
3397 3407 3754 3460 ἐκκαλύπτων

2171 3507 2367 3576 μέτρον
2388 3522 2399 3535 ·
2435 3523 2454 3556 ‹
2502 3505 2560 3556 Ὀ
2587 3502 2662 3577 ᾣν
2690 3503 2756 3554 ἐκ
2780 3501 2878 3570 τῆς
2911 3500 3035 3569 γῆς,
3073 3501 3260 3571 φησιν,
3287 3502 3356 3553 τὰ
3392 3499 3494 3568 τῆς
3526 3500 3639 3571 γῆς
3664 3499 3756 3554 λα·

2166 3600 2267 3654 λεῖ.
2305 3618 2323 3650 ι
2368 3598 2539 3667 Εἷπερ
2562 3590 2652 3648 οῦν
2685 3595 2744 3646 ἐν
2775 3592 2978 3664 ίσότητι
3004 3593 3249 3646 κείσεται
3279 3595 3346 3664 τῇ
3373 3592 3508 3662 πρὸς
3535 3591 3702 3645 αὑτὸν
3729 3594 3755 3644 ‘6

2168 3691 2379 3763 Σωτὴρ,
2413 3689 2486 3752 ὡς
2526 3687 2678 3741 οῦπω
2706 3687 2767 3739 τὸ
2799 3686 2981 3757 μεῖζον
3020 3685 3330 3750 ἀπολαϐὼν,
3365 3685 3536 3749 οὐδὲν,
3573 3686 3655 3749 ὡς
3682 3687 3755 3737 εἰς

2168 3783 2284 3848 κὸς,
2317 3780 2639 3836 διακωλύσει
2671 3779 2765 3831 καὶ
2797 3777 2857 3830 τὸ
2897 3778 3142 3849 ἑκατέρῳ
3176 3777 3381 3848 κυρίως
3419 3777 3625 3847 προσὸν
3659 3795 3752 3848 με·

2167 3874 2445 3930 ταϐαίνειν
2490 3875 2582 3926 ἐπὶ
2613 3873 2703 3925 τὸν
2745 3871 2966 3941 ἕτερον·
3004 3871 3080 3933 ὡς
3106 3871 3345 3924 νοεῖσθαι
3379 3869 3500 3941 μὲν,
3544 3872 3752 3926 ἄνωθέν

2167 3983 2226 4020 τε
2257 3966 2348 4020 καὶ
2381 3965 2566 4018 ὲπάνω
2608 3964 2826 4017 πάντων
2856 3963 2947 4016 τὸν
2979 3961 3133 4030 ἆγιον
3171 3962 3504 4034 Βαπτιστὴν,
3549 3963 3659 4016 ἀπὸ
3697 3963 3751 4016 δὲ

2167 4059 2269 4129 τῆς
2309 4057 2414 4128 γῆς
2452 4055 2543 4108 τὸν
2574 4054 2800 4125 Κύριον.
2859 4053 3021 4106 Ἀλλά
3065 4053 3222 4106 τοῦτο
3263 4054 3483 4108 ἄτοπον.
3543 4055 3605 4108 Ὀ
3653 4053 3751 4125 μὲν

2167 4150 2296 4221 γάρ,
2338 4149 2414 4212 ὡς
2443 4149 2586 4202 κατὰ
2617 4148 2779 4218 φύσιν
2823 4145 3085 4216 ὑπάρχων
3119 4144 3270 4211 Θεὸς,
3306 4147 3490 4200 ἐπάνω
3533 4147 3750 4202 πάντων

2167 4239 2314 4293 ἐστίν
2337 4251 2350 4266 ⁸
2379 4239 2406 4290 ὀ
2433 4238 2488 4291 δὲ
2517 4239 2614 4309 τῆς
2649 4237 2800 4291 κάτω
2841 4236 2936 4289 καὶ
2979 4236 3344 4307 ὑποκειμένης
3375 4236 3452 4308 τῷ
3481 4238 3600 4309 Θεῷ
3634 4239 3748 4292 κτί-

2170 4348 2307 4394 σεως
2356 4328 2683 4397 ὲκπεφυκὼς
2719 4331 2783 4381 ὲκ
2815 4328 2914 4398 τῆς
2947 4327 3052 4396 γῆς
3095 4329 3261 4381 ἐστιν.
3317 4330 3432 4382 Οὐκ
3468 4331 3580 4392 ἴσος
3615 4330 3744 4401 ἄρα,

2172 4422 2370 4492 μᾶλλον
2401 4420 2458 4472 δὲ
2505 4420 2859 4489 ἀσυγκρίτοις
2907 4421 3200 4490 ὑπεροχαῖς
3244 4422 3635 4491 παραχωρήσει
3687 4421 3746 4475 τὸ

2085 4523 2136 4581 D
2163 4515 2320 4584 νικᾷν
2353 4511 2431 4583 τῷ
2461 4510 2704 4582 Χριστῷ.
2742 4511 2867 4574 Πῶς
2906 4507 3000 4564 οὖν
3027 4511 3244 4565 ἔσεσθαί
3275 4527 3406 4564 ποτε
3440 4513 3744 4583 προσδοκηε

2172 4605 2399 4675 ϐήσεται
2436 4602 2637 4673 μείζων
2665 4603 2694 4654 ὁ
2721 4602 2807 4655 ἀεὶ
2838 4601 3092 4655 τοσοῦτον
3124 4599 3550 4674 ὑπερκείμενοςς

2852 4714 3060 4771 ΔΛΛΟ.

2239 4829 2396 4885 Μετὰ
2435 4826 2533 4900 τὴν
2576 4830 2640 4882 ὲκ
2693 4829 2900 4899 νεκρῶν
2954 4827 3248 4883 ἀναϐίωσιν
3295 4830 3658 4894 ἀνακαινίζων
3690 4831 3745 4882 ὲν

2171 4923 2301 4992 ἡμῖν
2324 4921 2352 4973 ὁ
2376 4919 2526 4987 Σωτὴ
2536 4937 2567 4990 ρ
2596 4917 2694 4989 τὴν
2721 4919 3084 4989 ἀρχαιοτάτην
3109 4918 3202 4971 τοῦ
3232 4919 3372 4974 Πνεύ
3383 4938 3548 4990 ματος
3569 4920 3742 4991 χάριν,

2172 5011 2475 5083 ἐνεφύσησε
2508 5012 2618 5075 τοῖς
2656 5009 2928 5080 μαθηταῖς
2976 5011 3183 5080 λέγων·
3228 5029 3248 5062 ι
3285 5013 3493 5066 Λάϐετε
3526 5011 3745 5081 Πνεῦμα

2171 5106 2346 5174 ἆγιον.
2388 5124 2407 5156 ›
2443 5105 2554 5158 Καὶ
2593 5104 2754 5157 πάλιν
2790 5103 2952 5166 αὑτός
2988 5104 3089 5157 πού
3131 5121 3261 5174 φησι
3294 5106 3422 5176 περὶ
3455 5105 3547 5158 τοῦ
3579 5103 3746 5159 Πνεύο

2176 5215 2376 5270 ματοςο
2415 5217 2434 5249 ι
2476 5197 2598 5250 ’Ὁτι
2631 5199 2696 5250 ἐκ
2727 5194 2819 5248 τοῦ
2863 5194 2997 5264 ἐμοῦ
3043 5195 3328 5266 λαμϐάνει.
3384 5217 3404 5248 ι
3464 5198 3623 5250 ’Λλλά
3654 5196 3745 5250 καὶ

2175 5293 2397 5363 Πνεῦμα
2444 5290 2682 5362 Χριστοῦ
2719 5289 2780 5342 τὸ
2828 5289 2980 5355 ἅγιον
3020 5289 3244 5358 Πνεῦμα
3301 5289 3546 5343 καλεῖται
3598 5293 3746 5360 παρὰ

2172 5387 2291 5446 ταῖς
2317 5383 2488 5445 θείαις
2531 5382 2790 5452 Γραφαῖς,
2832 5379 2972 5433 κατά
3019 5380 3079 5432 τὸ
3105 5382 3162 5432 ἐν
3202 5382 3324 5444 ταῖς
3359 5382 3599 5450 Πράξεσι
3640 5381 3746 5434 τῶν

2172 5476 2485 5529 ἀποστόλων
2511 5475 2760 5544 κείμενον
2786 5488 2798 5500 ⁸
2835 5491 2853 5524 ι
2885 5471 3190 5536 Διελθόντες
3212 5472 3268 5526 δὲ
3304 5473 3492 5526 Ἀσίαν
3531 5474 3624 5526 καὶ
3650 5469 3745 5540 τὴν

2173 5567 2476 5637 Γαλατικὴν
2502 5565 2706 5637 χώραν,
2731 5565 3020 5635 ἐπείραζον
3060 5567 3139 5629 εἰς
3175 5565 3273 5636 τὴν
3300 5563 3553 5617 Βιθυνίαν
3576 5560 3741 5616 ἀπελ-

3187 5721 3228 5752 ”
3257 5719 3412 5777 Joan.
3443 5732 3555 5782 xw,
3586 5715 3671 5771 Η.
