4056 6264
306 310 412 367 ἵδό
1730 298 1770 352 ’Ἰ
1786 300 2178 352 ιιιδιιυιιυδ.

302 433 435 492 Οεῖν,
479 429 577 484 καὶ
611 429 719 483 οὐκ
768 430 955 482 εῐασεν
999 427 1198 491 αὐτοὺς
1245 425 1306 480 τὸ
1349 422 1573 495 Πνεῦμα
1622 420 1819 492 Ἰησοῦ.
1878 438 1897 470 ι

2010 418 2066 472 Si
2098 431 2230 486 ergo
2254 416 2500 473 Christus
2522 426 2580 472 nt
2617 417 2908 488 aliquando
2933 422 3147 476 iuturus
3166 423 3342 491 major
3362 422 3577 483 Joanne

300 522 480 590 Εἴπερ
517 514 617 572 οὖν
658 519 740 582 ὡς
783 517 1041 588 ἐσόμενος
1070 533 1199 570 ποτε
1236 515 1438 586 μείζων
1483 514 1729 567 Ἰωάννου
1760 512 1901 580 Χρι-

2007 508 2236 576 :equalis
2264 509 2471 563 interea
2500 512 2547 563 ei
2577 510 2700 576 fuit,
2743 512 3009 566 instauret
3045 514 3211 567 etiam
3244 515 3482 571 Joannes
3521 521 3574 572 iu

304 612 453 676 στδς,
496 613 559 665 ὲν
594 610 815 681 ἰσότητι
857 610 991 673 τέως
1021 611 1084 679 τῇ
1134 608 1269 679 πρὸς
1318 606 1479 658 αὑτὸν
1521 602 1899 674 εὑρεθήσεται,

2009 598 2166 653 nobis
2197 600 2427 669 gratiam
2464 599 2719 669 Spiritus,
2763 604 3031 673 duratque
3058 606 3225 659 etiam
3282 608 3399 675 ipse
3449 626 3572 673 nos,

300 702 636 759 άνανεούτω
662 704 915 764 κάκεῖνος
940 701 999 753 ὲν
1030 701 1158 769 ἡμῖν
1189 696 1283 768 τὴν
1330 695 1423 748 τοῦ
1462 695 1776 762 Πνεῦματος
1802 691 1901 760 χά-

2008 698 2067 743 ut
2099 689 2228 744 fecit
2256 690 2533 757 Christus;
2557 694 2767 748 dicatur
2794 697 3032 765 etipsius
3062 712 3183 753 esse
3213 696 3455 767 Spiritus
3477 700 3570 755 Dei

309 811 423 864 ριν,
455 794 557 847 καὶ
588 791 888 863 χορηγείτω
907 790 1003 843 καὶ
1033 788 1211 851 αὐτὸς,
1231 786 1420 856 ὥσπερ
1448 778 1540 837 οῦν
1570 781 1742 835 ἐποίει
1771 782 1901 850 Χρι-

2005 796 2068 834 ac
2098 781 2276 835 Patris
2311 800 2325 836 :
2362 784 2562 839 clamet
2610 787 2772 840 etiam
2826 789 2942 857 ipse
2972 795 3037 845 de
3066 789 3270 860 Spiritu
3316 807 3331 848 :
3381 809 3400 843 ι
3434 792 3569 857 Quia

313 883 469 947 στὸς,
504 880 746 950 λεγέσθω
770 880 826 932 δὲ
853 879 952 932 καὶ
984 877 1146 930 αὐτοῦ
1182 874 1402 944 Πνεῦμα
1443 871 1507 925 τὸ
1549 874 1607 925 ὲν
1643 870 1762 939 Θεῷ
1803 868 1901 921 καὶ

2002 871 2069 925 de
2096 886 2218 926 meo
2250 873 2502 941 accipiet.
2540 893 2560 927 ι
2578 875 2850 932 Caeterum
2878 880 2979 934 hoc
2994 882 3075 935 vel
3104 880 3215 935 sola
3240 882 3572 951 cogitatione

314 973 526 1045 Πατρὶ,
560 971 732 1041 βοάτω
753 970 847 1024 καὶ
868 968 1032 1032 αὐτὸς
1062 966 1187 1038 περὶ
1210 965 1305 1017 τοῦ
1337 962 1651 1033 Πνεῦματος
1673 974 1686 987 ⁸
1718 976 1737 1009 t
1776 958 1897 1009 Ὅτι

2000 962 2225 1032 impium
2261 973 2367 1018 est.
2394 963 2508 1019 Non
2538 977 2623 1021 est
2657 968 2822 1038 igitur
2865 972 3091 1039 aequalis
3119 972 3360 1037 Christo,
3396 988 3571 1043 neque

319 1064 388 1115 ὲκ
416 1060 514 1114 τοῦ
562 1059 690 1129 ἐμοῦ
719 1056 1011 1127 λαμϐάνει.
1049 1073 1067 1105 ι
1112 1053 1271 1106 Ἀλλὰ
1300 1052 1457 1105 τοῦτο
1485 1050 1579 1103 καὶ
1610 1048 1769 1119 μόνον
1809 1046 1896 1098 ὲν-

2003 1053 2053 1107 ia
2080 1052 2264 1107 futuro
2291 1054 2495 1109 stnculo
2532 1057 2745 1112 desinet
2781 1074 2904 1115 esse
2950 1059 3145 1127 major,
3187 1076 3310 1115 cum
3362 1078 3573 1132 semper

320 1154 487 1216 νοεῖν,
522 1151 733 1214 ἀσεϐές.
771 1149 887 1202 Οὐκ
919 1148 1027 1217 ἀρα
1063 1145 1176 1207 ίσος
1221 1144 1338 1198 ἐστὶ
1378 1143 1456 1212 τῷ
1493 1138 1735 1211 Χριστῷ,
1774 1136 1897 1189 οὐδὲ

2000 1142 2177 1199 minor
2207 1143 2392 1211 fuerit,
2420 1156 2678 1216 tantoque
2706 1148 2956 1216 inferior,
2980 1161 3040 1206 ut
3066 1153 3229 1208 homo
3260 1152 3394 1212 Deo.

317 1244 419 1313 ὀψὲ
468 1242 858 1313 παραχωρήσει
890 1240 952 1291 τὸ
991 1238 1193 1308 μεῖζον,
1237 1235 1325 1288 ἀεὶ
1375 1234 1435 1286 τὸ
1467 1233 1687 1286 ἔλαττον
1732 1228 1893 1299 ἔχων,

306 1335 411 1388 ικαὶ
432 1332 687 1386 τοσοῦτον
716 1330 1055 1402 ἡττώμενος,
1086 1330 1211 1381 ὅσον
1243 1326 1528 1396 ἄνθρωπος
1558 1320 1716 1376 Θεοῦ.

1000 1442 1225 1498 ΔΛΔΟ.’

2654 1422 2882 1480 ALIUD.

386 1559 517 1613 Θεδν
551 1560 685 1612 ὂντα
714 1557 857 1612 κατά
883 1559 1040 1627 φύσιν
1075 1552 1432 1607 ἐπιδεικνύων
1462 1550 1656 1606 ἑαυτὸν
1680 1550 1709 1601 ὁ
1740 1546 1891 1613 Υἱὸς,

2064 1534 2238 1592 Filius
2274 1537 2440 1592 Deum
2483 1552 2541 1593 se
2593 1541 2916 1594 naturaliter
2953 1554 3074 1595 esse
3112 1542 3430 1609 ostendens,
3472 1558 3570 1613 op-

324 1649 740 1704 ὰντιδιαστέλλει
771 1651 839 1718 τῇ
866 1647 1054 1711 κτίσει,
1080 1644 1175 1697 καί
1207 1662 1374 1715 φησιν
1400 1659 1414 1673 ⁸
1454 1662 1473 1694 ‹
1524 1639 1665 1710 Ἐγὼ
1694 1642 1759 1693 ἐκ
1785 1636 1891 1691 τῶν

1992 1630 2143 1696 ponit
2166 1644 2226 1684 se
2248 1639 2512 1684 creatura:
2540 1631 2726 1685 dicens
2754 1631 2921 1701 :tEgo
2937 1645 3003 1686 ex
3034 1634 3285 1703 supernis
3308 1650 3447 1700 sum,
3471 1651 3568 1689 vos

326 1742 442 1794 ἄνω
469 1739 608 1809 εἰμὶ,
637 1739 795 1807 ὑμεῖς
822 1739 883 1788 ὲκ
907 1736 1007 1789 τῶν
1034 1735 1176 1788 κάτω
1206 1733 1353 1788 ἐστέ.
1392 1752 1410 1784 ι
1452 1730 1660 1784 Οὐκοῦν
1686 1730 1891 1797 λεγέτω

1991 1736 2056 1774 ex
2084 1722 2310 1776 infernis
2336 1724 2469 1777 estis
2494 1723 2558 1776 ".
2594 1741 2613 1774 ι
2644 1724 2975 1794 Dicatigitur
2991 1729 3155 1780 etiam
3192 1728 3295 1781 hoc
3325 1726 3560 1783 Joannes

337 1830 493 1883 τοῦτο
517 1830 611 1883 καὶ
636 1830 663 1881 ὁ
688 1827 943 1897 μακάριος
967 1824 1292 1894 Βαπτιστὴς,
1327 1823 1402 1886 ὠς
1430 1821 1581 1875 οὔπω
1606 1822 1664 1873 τὸ
1687 1822 1744 1872 ὲν
1768 1817 1889 1888 μεί-

1993 1814 2251 1883 Daptista,
2279 1822 2338 1867 ut
2361 1814 2452 1882 qui
2480 1815 2717 1869 nondum
2741 1815 3131 1884 majoritalem,
3160 1826 3219 1872 ut
3254 1818 3331 1872 ita
3362 1818 3562 1887 dicam,

3476 304 3577 361 "ib
3670 386 3683 398 '

336 1921 485 1984 ζοσιν
508 1915 637 1971 εἶναι
664 1910 990 1987 παραχωρῶν
1009 1916 1087 1985 τῷ
1108 1913 1352 1985 Χριστῷ,
1380 1913 1535 1983 εἴπερ
1556 1912 1706 1965 ἔσται
1727 1910 1888 1963 τοῦτό

330 2025 472 2069 ποτε,
520 2005 655 2059 κατὰ
684 2007 781 2076 τήν
811 2022 972 2058 τινων
1003 2004 1285 2057 ὑπόνοιαν.
1343 2004 1505 2056 Ἀλλά
1542 2001 1646 2073 μὴν
1668 2002 1734 2053 ὲκ
1775 2000 1881 2068 τῆς

318 2100 417 2168 γῆς
445 2094 585 2151 εἷναί
612 2114 779 2168 φησιν
811 2098 1029 2162 ἑαυτὸν,
1060 2096 1159 2149 xal.
1182 2096 1244 2148 τὸ
1272 2097 1468 2149 οἰκεῖον
1505 2096 1604 2148 οὐκ
1648 2094 1886 2164 ἠγνόησε

304 2189 527 2259 μέτρον.
562 2192 789 2256 Μείζων
838 2192 950 2261 ἄρα
1001 2192 1262 2262 Χριστὸς,
1302 2190 1401 2243 οὒκ
1442 2191 1688 2259 ἐσόμενος
1730 2188 1887 2241 τοῦτο

309 2281 466 2346 ποτὲ,
513 2280 630 2333 ἀλλ’
667 2281 808 2350 έχων
860 2282 952 2333 ἀεὶ
996 2281 1059 2333 τὸ
1111 2281 1274 2332 πλέον
1322 2281 1396 2342 ὼς
1441 2280 1568 2343 Θεὸς
1611 2282 1674 2332 ὲκ
1718 2280 1851 2333 Θεοῦ
1872 2292 1886 2309 ⁸

311 2366 479 2421 τοῦτο
514 2368 625 2437 γὰρ
657 2369 916 2438 σημαίνει
946 2369 1028 2435 τὸ,
1068 2387 1088 2420 r
1132 2370 1228 2422 Ἐκ
1267 2369 1374 2423 τῶν
1403 2370 1512 2422 ἄνω
1540 2368 1669 2437 εἰμί.
1715 2387 1737 2421 a

1013 2478 1220 2533 AAAO.

391 2588 451 2641 '0
514 2587 790 2658 μακάριος
849 2589 1242 2660 εὐαγγελιστής
1316 2590 1566 2660 Ἰωάννης
1616 2591 1674 2644 τὸ
1734 2592 1886 2662 φύσει

303 2678 514 2750 προσὸν
548 2679 773 2749 ἀξίωμα
818 2679 898 2749 τῷ
940 2678 1055 2749 Υίῷ
1092 2680 1457 2751 διερμηνεύων
1492 2682 1747 2752 ἀκριϐῶς,
1791 2686 1885 2736 καὶ

306 2771 370 2823 τὸ
419 2770 669 2823 Ἰωάννου
706 2771 905 2842 μέτρον
935 2772 1012 2836 ὡς
1050 2774 1258 2826 οἰκέτου
1288 2776 1511 2843 γνησίου
1540 2777 1880 2847 παρατιθεὶς,

303 2860 449 2913 οῦτω
488 2861 688 2930 φησίν·
754 2878 773 2912 ι
847 2862 1093 2929 Ἐγένετο
1144 2862 1426 2933 ἄνθρωπος
1475 2866 1884 2937 ἀπεσταλμένος

305 2951 463 3025 παρά
498 2951 653 3020 Θεοῦ,
691 2951 859 3023 ὄνομα
894 2953 1043 3025 αὐτῷ
1095 2954 1375 3027 Ἰωάννης·
1420 2948 1571 3022 οὗτος
1605 2952 1769 3029 ἦλθεν
1804 2959 1884 3021 εἷς

298 3045 641 3115 μαρτυρίαν,
676 3046 761 3098 ἵνα
802 3048 1123 3117 μαρτυρήσῃ
1155 3049 1282 3118 περὶ
1318 3048 1414 3101 τοῦ
1445 3050 1639 3118 φωτός.
1680 3050 1791 3105 *Ην
1823 3048 1884 3103 τὸ

301 3135 433 3203 φῶς
469 3135 531 3188 τὸ
573 3136 837 3206 ἀληθινὸν,
874 3137 901 3190 ὃ
934 3137 1155 3206 φωτίζει
1197 3140 1374 3197 πάντα
1406 3140 1689 3211 ἄνθρωπον
1725 3142 1883 3211 ἐρχό-

300 3245 481 3297 μενον
506 3230 587 3292 είς
620 3230 709 3282 τὸν
750 3231 964 3301 κόσμον.
1012 3250 1033 3284 ι
1071 3234 1174 3285 Ποῖ
1204 3250 1332 3285 ποτε
1363 3229 1454 3286 οῦν
1488 3233 1594 3305 ἄρα
1622 3234 1887 3304 προκόιιιει

293 3316 546 3387 Χριστος
589 3320 699 3381 τοῖς
751 3319 991 3375 Ἰωάννου
1028 3323 1455 3393 συγκρινόμενος
1508 3323 1761 3393 μέτροις,
1815 3324 1887 3377 Ἦ

292 3408 420 3470 πῶς
450 3408 509 3459 οὐ
541 3409 727 3478 μεῖζον
764 3411 852 3463 ἀεὶ
880 3410 941 3463 τὸ
978 3413 1235 3482 φωτίζειν
1272 3413 1410 3476 είδὸς
1444 3414 1536 3466 καὶ
1568 3414 1882 3484 δυνάμενον,

287 3499 388 3552 τοῦ
435 3499 690 3570 δεομένου
723 3503 1077 3571 φωτίζεσθαι,
1114 3506 1207 3559 καὶ
1239 3506 1337 3575 τῆς
1367 3507 1474 3558 ἀπὸ
1507 3507 1600 3559 τοῦ
1632 3507 1882 3581 λαμπρῦ-

286 3608 485 3654 νοντος
526 3592 820 3663 χρῄζοντος
863 3596 1163 3666 χορηγίαςς
1203 3597 1327 3660 Πῶς
1355 3597 1410 3650 δὲ
1453 3598 1575 3668 οὐχὶ
1606 3599 1824 3662 πάντως
1853 3604 1882 3655 ὁ

287 3681 437 3751 πρὸς
471 3682 641 3753 μόνην
684 3685 995 3755 μαρτυρίαν
1032 3688 1404 3756 παραληφθεὶς
1434 3688 1529 3741 καὶ
1558 3690 1715 3744 τοῦτο
1742 3691 1881 3761 ἔχων

280 3773 545 3841 ἀξίωμα,
577 3777 973 3846 παραχωρήσει
1009 3776 1069 3830 τὸ
1109 3778 1290 3848 μεῖζον
1320 3779 1405 3832 ἀεὶ
1442 3779 1517 3851 τῷ
1548 3781 1614 3835 δι’
1644 3782 1701 3835 ὃν
1734 3784 1881 3837 ἐστιν

280 3862 618 3934 ἑξάίρετος;

995 4068 1198 4122 ΔΛΛΟ.

362 4175 813 4247 Ἀναλεγόμενὸς
843 4192 973 4231 ποτε
995 4181 1105 4242 τοῖς
1142 4179 1411 4243 Ἰουδαίοις
1452 4181 1652 4249 ἔφησεν
1689 4186 1717 4237 ὁ
1749 4186 1881 4256 Χριι-

272 4269 407 4331 στός
428 4284 443 4297 ’
497 4286 517 4319 ‹
574 4268 766 4335 Ὑμεῖς
788 4269 1159 4322 ἀπεστάλκατε
1182 4270 1318 4339 πρὸς
1362 4271 1635 4340 Ἰωάννην,
1670 4272 1762 4325 καὶ
1787 4291 1881 4343 με-

279 4360 629 4431 μαρτῦρηκε
662 4361 728 4429 τῇ
765 4358 1009 4430 ἀληθείᾳ.
1062 4359 1202 4428 Ἐγὼ
1227 4359 1283 4412 δὲ
1322 4360 1381 4413 οὐ
1418 4361 1565 4431 παρά
1592 4363 1875 4435 ἀνθρώπου

1989 1905 2102 1959 sive
2132 1904 2502 1959 excellentiam
2538 1920 2687 1960 suam
2717 1906 2930 1962 Christo
2958 1908 3188 1963 cesserit
3220 1950 3236 1977 ,
3296 1924 3555 1966 cessurus

1988 2010 2107 2052 eam
2140 1996 2191 2050 in
2223 1995 2405 2051 futuro
2438 1998 2663 2061 saeculo,
2688 2007 2747 2052 ut
2780 1999 3026 2053 nonnulli
3054 2001 3368 2070 Opinantur.
3402 2002 3566 2071 Atqui

1990 2090 2105 2158 ipse
2127 2104 2185 2144 se
2220 2098 2491 2144 terrenum
2534 2105 2655 2145 esse
2686 2092 2782 2155 ait,
2814 2105 2990 2161 neque
3017 2108 3171 2147 suam
3196 2094 3563 2149 conditionem

1988 2181 2220 2251 ignorat.
2257 2180 2428 2252 Major
2454 2183 2635 2253 itaque
2660 2188 2741 2238 est
2772 2184 3043 2248 Christus,
3070 2200 3177 2239 non
3217 2186 3267 2239 id
3300 2186 3557 2256 aliquan-

1987 2273 2057 2327 do
2088 2273 2329 2339 futurus,
2362 2274 2454 2328 sed
2490 2288 2703 2343 semper
2738 2276 3006 2344 superior,
3042 2285 3101 2329 ut
3131 2277 3274 2331 Deus
3304 2292 3371 2331 ex
3408 2278 3560 2332 Deo:

1989 2365 2094 2420 hoc
2120 2366 2267 2420 enim
2300 2364 2579 2434 significat
2609 2366 2762 2431 illud,
2798 2370 2815 2417 i
2852 2366 2962 2436 Ego
2992 2381 3059 2421 ex
3083 2369 3335 2436 supernis
3361 2384 3503 2423 sum.
3538 2386 3560 2423 ι

2663 2478 2892 2534 ALIUD.

2058 2593 2257 2648 Beatus
2336 2592 2668 2663 evangelista
2751 2594 2989 2652 Joannes
3062 2596 3383 2666 dignitatem
3444 2611 3565 2667 qum

1986 2684 2127 2739 Filio
2160 2685 2477 2740 naturaliter
2506 2686 2662 2750 inest,
2717 2696 2904 2756 aperte
2938 2686 3238 2755 explicans,
3293 2687 3452 2757 100
3505 2697 3562 2741 et

1994 2777 2221 2833 Joannis
2250 2778 2613 2833 conditionem
2640 2786 2699 2832 ut
2725 2780 2870 2833 servi
2896 2779 3069 2833 ﬁdelis
3106 2780 3444 2845 describens,
3489 2782 3561 2835 ita

1988 2869 2102 2922 ait:
2143 2888 2164 2920 ι
2200 2867 2330 2922 Erat
2379 2870 2539 2922 homo
2584 2870 2780 2923 missus
2822 2885 2853 2923 a
2887 2870 3017 2934 Deo,
3067 2871 3155 2925 cui
3205 2884 3400 2925 nomen
3448 2884 3567 2926 erat

1985 2955 2228 3013 Joannes
2264 2974 2280 3013 :
2310 2958 2399 3013 hic
2430 2959 2576 3012 venit
2631 2958 2686 3011 in
2747 2958 3159 3025 testimonium,
3212 2968 3271 3012 ut
3325 2960 3567 3012 testimo—

1988 3047 2132 3101 nium
2164 3046 2472 3118 perhiberet
2498 3048 2565 3103 de
2594 3045 2819 3110 lumine,
2846 3052 2904 3097 ut
2929 3059 3120 3101 omnes
3143 3044 3432 3099 crederent
3463 3060 3559 3114 per

1989 3139 2185 3209 ipsum.
2232 3141 2360 3195 Erat
2386 3141 2475 3195 lux
2503 3154 2630 3194 vera
2662 3155 2779 3209 qua:
2812 3124 3080 3193 illuminat
3122 3152 3339 3193 omnem
3387 3136 3565 3193 homi-

1987 3247 2109 3286 nem
2146 3233 2449 3287 venientem
2492 3232 2545 3287 in
2593 3233 2733 3287 hunc
2782 3232 3043 3286 mundum
3093 3230 3161 3285 '°.
3207 3250 3225 3283 ι
3257 3229 3374 3298 Quo
3406 3241 3567 3302 pacto

1988 3321 2151 3389 igitur
2182 3324 2595 3391 promovebitur
2642 3323 2891 3379 Christus
2926 3320 3120 3376 Joanni
3166 3332 3512 3393 comparatus
3543 3323 3565 3375 ?

1983 3414 2092 3468 Aut
2123 3416 2392 3484 quomodo
2450 3430 2558 3470 non
2616 3429 2830 3485 semper
2888 3414 3063 3484 major
3103 3415 3562 3484 praesmutiorque

1944 3518 1947 3521 ‘
1985 3510 2093 3564 erit
2132 3510 2224 3579 qui
2271 3510 2576 3565 illuminare
2618 3512 2766 3566 novit
2812 3520 2867 3566 et
2911 3518 3089 3580 potest
3130 3524 3194 3564 eo
3237 3510 3327 3579 qui
3362 3509 3561 3562 illumi-

1987 3603 2209 3657 natione
2239 3602 2489 3672 indiget?
2517 3604 2795 3670 Quomodo
2841 3618 2969 3657 vero
3001 3618 3106 3657 non
3143 3604 3362 3657 omnino
3392 3602 3435 3657 is
3464 3602 3556 3671 qui

1986 3692 2159 3747 solum
2197 3694 2263 3746 ad
2322 3694 2701 3750 testimonium
2753 3694 3145 3763 perhibendum
3184 3702 3426 3763 sumptus
3456 3702 3559 3750 est.

1984 3799 2158 3853 eaque
2213 3786 2327 3840 sola
2376 3786 2637 3858 dignitate
2699 3802 2762 3841 ac
2805 3800 3028 3840 munere
3077 3784 3348 3854 fungitur,
3405 3784 3562 3837 cedat

1984 3892 2138 3931 suam
2194 3879 2569 3933 excellentiam
2631 3880 2746 3933 sive
2813 3877 3172 3946 majoritatem
3226 3875 3295 3927 illi
3344 3881 3563 3941 propter

1984 3983 2143 4037 quem
2186 3969 2394 4024 electus
2425 3971 2547 4023 est?

2657 4075 2887 4132 ALIUD.

2050 4190 2300 4245 Christus
2326 4202 2447 4241 cum
2507 4185 2708 4240 Judmis
2759 4186 3071 4248 disserens,
3123 4184 3193 4238 ita
3248 4182 3447 4238 alicubi
3483 4183 3555 4237 in-

1979 4280 2131 4347 quit:
2167 4299 2185 4331 t
2221 4277 2332 4333 Vos
2384 4278 2609 4331 misistis
2643 4277 2707 4331 ad
2757 4275 3040 4340 Joannem,
3090 4283 3144 4331 et
3183 4275 3270 4330 ille
3312 4275 3557 4330 testimo—

1984 4375 2126 4426 nium
2160 4371 2435 4441 perhibuit
2473 4371 2710 4425 veritati.
2741 4369 2853 4439 Ego
2879 4380 3057 4424 autem
3094 4384 3198 4423 non
3235 4369 3303 4423 ab
3334 4368 3552 4423 homine

277 4453 389 4523 τὴν
414 4449 728 4520 μαρτυρίαν
763 4450 1045 4519 λαμϐάνω.
1089 4469 1109 4503 ι
1156 4450 1295 4503 Ἀλλ’
1323 4451 1478 4523 εἴπερ
1511 4455 1626 4507 ἐστὶ
1657 4458 1751 4508 καὶ
1777 4458 1876 4527 τῆς

1985 4463 2353 4517 testimonium
2382 4463 2591 4531 accipio
2614 4464 2680 4515 δί.
2708 4481 2725 4513 ι
2751 4464 2911 4530 Atqui
2936 4477 2977 4516 ει
3006 4461 3309 4515 testimonio
3331 4460 3554 4515 Joannis

292 4543 570 4595 Ἰωάννου
634 4540 938 4612 μαρτυρίας
984 4541 1246 4610 κρείττων
1295 4544 1323 4594 ὁ
1371 4542 1579 4613 Σωτὴρ,
1621 4547 1720 4600 οὐκ
1766 4546 1874 4617 ἄρα

1979 4553 2226 4620 superior
2256 4564 2338 4607 est
2365 4553 2647 4615 Se‘rvator,
2680 4567 2782 4605 non
2809 4551 2974 4619 igitur
2998 4551 3245 4619 aequalis,
3266 4551 3360 4604 sed
3379 4552 3555 4618 major

279 4634 428 4697 ἶσος,
460 4630 606 4685 ἀλλά
630 4631 826 4701 μείζων
846 4633 934 4686 ἀεὶ
961 4633 1053 4685 καὶ
1072 4632 1506 4704 ἀξιολογώτερος.
1541 4637 1598 4688 'U
1624 4637 1679 4690 δὲ
1702 4639 1874 4702 οὕτως

1983 4658 2190 4712 semper
2211 4653 2265 4697 et
2289 4645 2519 4709 dignior.
2553 4643 2651 4708 Qui
2685 4658 2813 4696 vero
2847 4643 2919 4697 ita
2960 4658 3019 4696 se
3045 4642 3226 4708 habet,
3258 4656 3367 4709 quo
3393 4652 3552 4708 pacto

275 4724 430 4794 ἔχων
470 4724 571 4775 ποῖ
608 4740 734 4774 ποτε
790 4724 899 4793 ἄρα
946 4722 1298 4793 προϐήσεται,
1333 4724 1366 4795 ἢ
1401 4725 1543 4797 πρὸς
1591 4730 1742 4781 ποῖον
1789 4728 1870 4782 ἔτι

276 4814 474 4886 μεῖζον
504 4814 844 4884 ἀναϐήσεται
867 4832 882 4878 ;

982 4925 1188 4979 ΑΛΛΟ.

356 5036 421 5089 '0
480 5035 760 5106 μακάριος
808 5035 1080 5104 Ζαχαρίας
1124 5035 1151 5087 ὁ
1190 5033 1283 5087 τοῦ
1334 5034 1488 5101 ἀγίου
1534 5034 1868 5102 Βοιπτιστοῦ,

271 5128 428 5181 κατὰ
465 5128 649 5197 σάρκα
702 5126 905 5198 πατὴρ,
936 5126 1024 5179 ὅτε
1070 5126 1167 5196 τὴν
1207 5126 1346 5195 ὑπὲρ
1388 5125 1551 5177 αὑτοῦ
1596 5126 1871 5194 προσῆγεν

270 5218 649 5291 εὐχαριστίαν
701 5221 820 5282 ταῖς
883 5222 945 5271 ὲκ
1017 5217 1350 5288 προφητείας
1418 5215 1872 5285 ἀναμεμιγμένην

270 5313 524 5381 φωναῖς,
560 5309 934 5379 ἀπεφθέγγετο
955 5327 968 5341 ·
1000 5329 1016 5361 ι
1053 5310 1165 5363 Καὶ
1206 5310 1292 5375 σὺ,
1326 5308 1556 5369 παιδίον,
1588 5307 1873 5377 προφήτης

268 5404 513 5475 ὑψίστου
566 5400 845 5474 κληϐήσῃ·
897 5401 1246 5473 προπορεύσῃ
1286 5400 1394 5470 γὰρ
1441 5400 1547 5471 πρὸ
1580 5397 1871 5469 προσώπου

268 5494 839 5565 Κυρίου’ἑτοιμάσαι
885 5492 1031 5563 αὐτῷ
1077 5493 1203 5544 λαὸν
1265 5487 1791 5558 κατεσκευασμένον.
1849 5505 1867 5537 ›

341 5703 384 5735 δ’
412 5700 589 5755 Joan.
617 5712 742 5766 vm,
764 5697 858 5751 ‘25.

1974 4735 2405 4802 promovebitur,
2430 4742 2520 4787 aut
2548 4736 2613 4787 ad
2642 4734 2803 4802 quale
2841 4736 3014 4803 majus
3043 4732 3346 4788 evehetur?

2658 4922 2887 4976 ALIUD.

2048 5038 2246 5092 Beatus
2296 5035 2631 5099 Zacharias,
2689 5032 2861 5085 sancti
2930 5029 3185 5096 Baptistae
3247 5029 3540 5082 secundum

1979 5144 2196 5184 carnem
2235 5135 2406 5198 pater,
2437 5139 2559 5179 cum
2586 5124 2882 5192 gratiarum
2929 5120 3192 5173 actionem
3221 5133 3318 5188 pro
3361 5133 3426 5173 eo
3469 5118 3550 5172 of-

1985 5221 2177 5282 ferret,
2235 5216 2498 5287 ejusmodi
2529 5228 2713 5268 vocem
2751 5210 3065 5283 prophetico
3094 5211 3285 5280 spiritu
3337 5210 3549 5279 plenam

1978 5314 2145 5367 edidit
2181 5329 2194 5365 :
2233 5329 2251 5362 (
2284 5312 2349 5364 Ει
2379 5319 2455 5372 ιιι,
2479 5321 2633 5376 puer,
2660 5304 2925 5375 propheta
2941 5300 3199 5358 Altissimi
3226 5300 3508 5356 vocaberis
3536 5314 3548 5347 :

1980 5402 2195 5471 praeibis
2225 5402 2366 5455 enim
2408 5408 2534 5451 ante
2568 5396 2763 5449 faciem
2818 5389 3032 5443 Domini
3070 5394 3134 5445 ad
3171 5389 3470 5459 parandum
3506 5386 3553 5438 ei

1978 5492 2232 5562 populum
2265 5492 2590 5545 instructum
2614 5488 2680 5541 δ’.
2717 5506 2734 5537 )
2782 5483 2909 5550 ipse
2955 5482 3115 5535 etiam
3159 5496 3188 5533 a
3230 5476 3428 5533 Judaeis
3472 5478 3548 5531 in-

937 5696 982 5727 ⁸ο
1007 5694 1160 5751 Joan.
1204 5712 1242 5761 l,
1272 5696 1326 5750 6-
1348 5695 1398 5750 9.
1476 5696 1517 5727 ⁸⁸
1549 5695 1706 5750 Joan.
1736 5703 1786 5753 v,
1813 5689 1899 5753 '55,
1928 5694 2013 5749 5i.
2090 5696 2133 5726 ⁵³
2171 5695 2297 5749 Luc.
2334 5709 2373 5759 ι,
2403 5691 2492 5743 76.
