4056 6264
545 337 644 393 167

1573 328 1630 383 S.
1669 324 1945 383 CYRILLI
1986 322 2459 379 ALEXANDRI'NI
2496 322 2820 381 ARCHIEP.

3700 327 3796 383 168

541 452 846 517 terrogatus
873 445 1124 515 quisnam
1154 455 1338 501 esset:
1386 463 1403 498 ι
1456 446 1589 516 Ego,
1621 448 1815 515 inquit,
1849 461 1967 501 sum
2010 460 2110 502 vox

2218 447 2324 499 Καὶ
2358 446 2519 509 αὐτὸς
2555 446 2611 500 δέ
2652 463 2756 501 που
2785 444 2935 517 παρὰ
2961 443 3071 498 τῶν
3114 444 3380 500 Ἰουδαίων
3413 443 3474 497 τὸ
3506 446 3589 510 τίς
3619 446 3687 501 ἂν
3713 451 3797 520 εἴη

539 538 822 593 clamantis
849 537 902 593 in
927 537 1189 594 deserto:
1227 538 1535 607 Praeparate
1564 537 1705 590 viam
1736 536 1955 591 Domini
1990 536 2059 591 ⁸³.
2094 554 2112 589 ι

540 629 713 683 Dicite
744 629 908 699 igitur
938 627 1095 682 nobis
1124 628 1216 695 qui
1241 627 1488 696 imperite
1518 626 1800 682 Christum
1828 626 2120 697 aliquando

544 721 972 788 promoveudum
1047 719 1388 789 Opinamini,
1456 726 1513 772 et
1555 717 1801 773 Joannis
1864 719 2118 773 virtutem

539 814 758 867 vixdum
788 813 840 865 in
880 811 1067 865 futuro
1090 811 1288 865 smculo
1319 821 1722 880 superaturum,
1754 815 1969 880 quando
1993 827 2119 881 pro-

541 905 700 968 pheta
728 904 986 956 Altissimi
1020 919 1123 956 non
1157 902 1356 957 merito
1386 903 1565 957 minor
1592 904 1803 959 censeri
1834 904 2121 959 debuerit?

538 995 764 1059 Quando
818 1008 948 1045 vero
998 1007 1173 1061 przcco
1237 1001 1290 1047 et
1340 1010 1686 1063 praecursor,
1726 996 1932 1064 quique
1973 996 2116 1050 servi

537 1084 711 1137 cilicio
740 1084 1000 1151 fungitur,
1042 1083 1268 1151 aequalis
1292 1084 1562 1140 habeatur
1596 1085 1643 1140 ei
1667 1086 1762 1155 qui
1792 1086 2117 1140 naturaliter

542 1174 796 1227 Dominus
855 1174 971 1228 est?
1024 1174 1197 1241 Quam
1240 1176 1455 1245 quidem
1514 1192 1626 1231 rem
1679 1179 1937 1232 omnibus
1985 1179 2118 1233 satis

539 1266 808 1333 cognitam
839 1279 960 1319 esse
1001 1265 1260 1319 arbitror.
1290 1266 1568 1331 Quomodo
1592 1268 1759 1335 igitur
1782 1269 1873 1338 qui
1904 1282 2119 1337 semper

540 1356 711 1426 major
746 1354 870 1421 fuit,
913 1364 1214 1425 temporum
1250 1357 1560 1411 evolutione
1598 1358 1717 1413 talis
1743 1359 1851 1425 fiet,
1893 1359 1936 1414 si
1963 1358 2119 1414 Chri—

540 1458 657 1500 stus
713 1454 970 1513 tanquam
1027 1446 1241 1501 futurus
1278 1447 1455 1517 major
1504 1446 1710 1504 Joanne
1756 1451 1994 1519 Baptista
2047 1453 2116 1506 ita

541 1538 617 1591 ait
671 1555 685 1591 :
744 1556 763 1589 ι
814 1537 989 1592 Minor
1048 1538 1101 1592 in
1184 1552 1352 1608 regno
1411 1538 1669 1596 cmlorum
1753 1544 1928 1614 major
2001 1544 2118 1612 ipso

540 1626 646 1681 erit
680 1626 766 1680 “'I
804 1646 823 1679 ι

2219 536 2659 607 διερωτώμενος’
2698 555 2716 588 ι
2766 534 2907 601 Ἐγὼ
2934 535 3084 606 φωνὴ
3121 534 3349 605 βοῶντος
3392 536 3448 589 ἐν
3477 539 3541 607 τῇ
3586 537 3797 607 ἐρήμῳ,

2220 627 2383 698 φησίν
2403 645 2415 657 ·
2481 627 2835 698 Ἑτοιμάσατε
2865 628 2965 696 τὴν
2996 626 3112 680 ὁδὸν
3140 625 3366 696 Κυρίου.
3404 643 3422 677 ι
3458 626 3661 695 Λέγετε
3692 628 3798 680 τοί-

2220 736 2314 771 νυν
2353 720 2484 789 ἡμῖν
2512 721 2562 771 οἱ
2598 719 3005 788 προϐεϐλῆσθαι
3039 736 3170 772 ποτε
3204 717 3295 771 τὸν
3334 720 3571 788 Χριστὸν
3602 718 3696 771 ἐπὶ
3738 718 3799 771 τὸ

2223 809 2407 879 μεῖζον
2452 809 2677 879 ἀμαθῶς
2708 809 3126 873 ὑποπτεύοντες,
3176 810 3271 862 καὶ
3314 808 3375 861 τὸ
3419 809 3665 863 Ἰωάννου
3703 809 3799 879 μέ-

2218 918 2347 971 τρον
2381 902 2766 972 ὑπεραλείσθαι
2801 903 2954 973 μόλις
2987 904 3044 955 ἐν
3085 905 3148 973 τῇ
3196 901 3442 973 βασιλείᾳ
3482 900 3595 954 τῶν
3634 902 3798 970 ούρα-

2219 993 2345 1056 νῶν,
2394 993 2524 1046 πότε
2555 993 2649 1046 τοῦ
2701 994 2957 1063 Ὑψίστου
3006 996 3291 1065 προφήτης
3326 995 3425 1047 οὐκ
3465 994 3532 1047 ἂν
3567 994 3798 1047 ἐλάττων

2219 1087 2392 1138 νοοῖτο
2414 1086 2639 1148 δικαίως
2664 1104 2676 1148 ;
2712 1087 2847 1139 Πότε
2870 1086 2927 1139 δέ
2975 1088 3003 1138 6
3027 1086 3201 1158 κήρυξ
3229 1086 3322 1140 καὶ
3350 1086 3659 1157 πρόδρομος
3705 1086 3798 1138 καὶ

2217 1173 2317 1243 τὴν
2343 1174 2529 1246 οἰκέτῃ
2570 1176 2887 1245 πρέπουσαν
2922 1175 3192 1229 διακονίαν
3237 1176 3594 1245 ἀποπληρῶν,
3631 1176 3709 1237 είς
3739 1176 3797 1228 τὸ

2221 1267 2333 1318 ἴσον
2366 1266 2641 1319 ἀναϐαίνει
2673 1269 2867 1339 μέτρον
2897 1267 2973 1337 τῷ
3005 1268 3145 1322 κατὰ
3172 1268 3332 1335 φύσιν
3365 1267 3592 1338 Κυρίῳς
3638 1266 3794 1329 Ἀλλ’,

2217 1351 2392 1427 οἶμαι,
2441 1359 2607 1410 πᾶσίν
2647 1360 2794 1411 ἐστιν
2823 1361 2851 1412 6
2896 1360 3051 1428 λόγος
3094 1359 3439 1422 εὐσύνοπτος.
3485 1358 3616 1421 Πῶς
3650 1354 3742 1411 οὖν
3770 1358 3798 1409 ὁ

2222 1449 2424 1519 μείζων
2450 1450 2557 1515 ἀεὶ,
2586 1450 2742 1503 τοῦτο
2764 1449 2914 1504 ἔσται
2950 1450 3089 1504 κατά
3114 1451 3355 1522 καιροὺς,
3379 1449 3539 1521 εἴπερ
3574 1450 3649 1512 ὡς
3678 1450 3795 1502 ἐσό-

2222 1558 2384 1611 μενος
2416 1538 2616 1611 μείξων
2673 1542 2917 1595 Ἰωάννου
2962 1542 3215 1614 Χριστὸς,
3261 1562 3280 1595 ι
3344 1543 3403 1595 '0
3448 1541 3793 1613 μικρότερος,

2219 1635 2401 1704 φησιν,
2449 1634 2508 1688 ἐν
2548 1637 2613 1705 τῇ
2656 1633 2900 1705 βασιλείᾳ
2941 1634 3049 1689 τῶν
3084 1635 3349 1707 οὐρανῶν,
3384 1633 3587 1706 μείζων
3634 1632 3793 1687 αὑτοῦ

2220 1727 2368 1780 ἐστιν
2393 1743 2407 1792 ;
2451 1746 2469 1778 ι

547 1825 645 1884 Pia
686 1829 1072 1908 totius'cqgitis
1099 1830 1435 1908 __e.t:plicatio,
1489 1847 1700 1908 sensum
1746 1832 1851 1884 sive
1898 1847 2111 1901 scopum

2228 1838 2542 1908 Ἐξήγησις
2573 1841 2833 1908 εὐσεϐὴς
2872 1839 3020 1894 ὅλου
3052 1841 3156 1894 τοῦ
3190 1840 3541 1908 κεφαλαίου,
3583 1837 3692 1908 τόν
3726 1836 3792 1889 ἐν

895 1900 1043 1953 ἱίίὶιισ
1076 1899 1202 1952 dicti
1235 1911 1482 1954 accurate
1506 1901 1823 1957 declarans.-

612 2010 748 2065 Cum
796 2009 908 2078 jam
961 2011 1096 2065 satis
1149 2024 1247 2077 pro
1302 2025 1418 2064 meo
1467 2011 1781 2075 intellectu,
1826 2012 2115 2081 proposita:

542 2100 862 2171 qurestionis
885 2100 1151 2154 rationem
1173 2100 1632 2170 iuvestigaverim,
1664 2101 1818 2170 101
1852 2102 2116 2172 singulas-

540 2205 644 2258 que
677 2189 793 2260 ejus
829 2199 1012 2260 partes
1033 2198 1293 2243 accurate
1342 2192 1722 2258 pertractarim
1752 2231 1767 2256 ,
1813 2200 1869 2246 et
1917 2193 2116 2247 adver-

537 2282 809 2335 sariorum
854 2280 1139 2350 opiniones
1186 2290 1245 2334 ut
1285 2280 1451 2335 falsas
1492 2280 1772 2335 refutarim
1799 2321 1814 2347 ,
1868 2291 2116 2350 superest

540 2380 600 2425 ut
664 2385 853 2425 verum
915 2369 1076 2439 hujus
1133 2370 1262 2425 dicti
1309 2386 1527 2427 sensum
1577 2371 1861 2443 explicem.
1931 2372 2116 2442 Neque

538 2464 685 2519 enim
719 2463 957 2519 arbitror
988 2462 1236 2520 sufﬁcere
1261 2504 1275 2528 ,
1326 2474 1386 2519 ut
1416 2477 1510 2520 eos
1542 2466 1632 2535 qui
1683 2465 1823 2519 male
1873 2465 2116 2521 sentiunt

540 2560 865 2627 (statuentes
922 2555 1177 2609 nimirum
1237 2555 1514 2610 Christum
1574 2556 1805 2623 quodam
1871 2563 2116 2625 tempore

542 2646 803 2715 majorem
833 2642 1043 2699 Joanne
1079 2643 1368 2711 futurum),
1398 2644 1858 2714 reprehendamus
1880 2685 1895 2710 ,
1928 2659 2112 2699 verum

539 2734 705 2787 etiam
731 2732 1096 2788 necessarium
1131 2745 1253 2785 esse
1309 2742 1388 2798 ut,
1424 2732 1585 2787 allata
1618 2735 1669 2787 in
1717 2733 1951 2788 medium
1985 2746 2113 2788 vera

541 2827 831 2893 sententia,
861 2824 1192 2894 intelligatur
1242 2838 1348 2880 non
1394 2832 1595 2880 temere
1629 2840 1725 2880 nos
1772 2826 1839 2881 ad
1882 2840 1977 2883 eos
2029 2842 2116 2882 re-

538 2917 953 2987 prehendendos
1009 2913 1328 2970 accessisse.
1404 2916 1516 2984 Age
1561 2914 1726 2984 igitur
1774 2925 1935 2970 totam
1998 2931 2113 2972 rem

539 3008 717 3064 denuo
747 3008 1058 3073 recitemus,
1110 3014 1164 3060 et
1195 3020 1381 3062 eorum
1442 3019 1564 3074 quae
1624 3020 1653 3057 a
1702 3004 1917 3061 Christo
1971 3006 2114 3061 dicta

540 3110 665 3157 sunt
686 3114 907 3156 causam
931 3098 1169 3153 breviter
1202 3104 1545 3153 recensentes
1574 3136 1589 3161 ,
1639 3094 1929 3151 doceamus
1963 3097 2115 3151 audi-

543 3206 728 3259 tores,
789 3193 1043 3262 quisnam
1094 3191 1165 3244 sit
1193 3190 1350 3259 hujus
1407 3190 1534 3244 dicti
1581 3204 1795 3258 scopus.
1850 3187 2112 3255 Quocirca
2143 3182 2184 3241 C

541 3288 689 3354 (nam
720 3285 844 3339 inde
865 3282 1076 3337 initium
1104 3280 1396 3346 faciemus,
1416 3296 1537 3336 cum
1558 3281 1608 3335 in
1637 3296 1858 3337 carcere
1881 3281 2116 3338 Joannes

542 3372 804 3427 miracula
831 3370 1038 3427 Christi
1080 3370 1418 3436 audivisset,
1468 3371 1647 3428 missis
1700 3371 1911 3426 duobus
1952 3370 2115 3426 disci-

540 3463 682 3532 pulis
712 3464 825 3519 suis
868 3462 1007 3517 dixit
1052 3463 1097 3517 ei
1136 3477 1149 3509 :
1188 3480 1207 3514 ι
1251 3461 1330 3517 Tu
1387 3477 1447 3517 cs
1494 3463 1585 3532 qui
1641 3472 1899 3517 venturus
1926 3476 2005 3529 es,
2044 3477 2113 3516 an

548 3556 714 3610 alium
751 3555 1170 3625 exspectamus?
1202 3573 1221 3606 ι
1255 3555 1335 3609 Ad
1372 3554 1473 3609 hoc
1511 3554 1758 3609 Christus
1792 3554 2066 3623 respondit
2096 3570 2110 3606 :

547 3668 567 3701 ι
598 3648 797 3703 Euntes
830 3648 993 3703 dicite
1020 3645 1211 3702 Joanni
1243 3663 1363 3718 quae
1394 3646 1623 3702 audistis
1646 3655 1702 3701 et
1725 3646 1936 3701 vidistis
1982 3647 2047 3711 ⁸⁸,
2088 3665 2106 3697 ι

541 3748 596 3794 οι
629 3739 891 3809 praeclara
930 3738 1187 3793 miracula
1217 3740 1311 3793 abs
1341 3753 1401 3794 sc
1446 3738 1589 3793 edita
1620 3747 1923 3793 enumerat.
1980 3737 2113 3792 Cum

543 3846 673 3885 vero
700 3829 944 3901 discipuli
993 3829 1058 3883 ad
1094 3827 1359 3884 Joannem
1411 3827 1722 3895 rediissent,
1761 3828 2010 3882 Christus
2040 3829 2113 3883 ita

542 3924 610 3978 ad
659 3923 1044 3978 circumfusam
1098 3920 1408 3977 Judaeorum
1471 3920 1684 3975 turbam
1731 3920 1942 3976 locutus
1986 3932 2112 3975 est:

548 4034 566 4066 ι
607 4015 745 4082 Quid
811 4015 1002 4071 existis
1054 4015 1105 4068 in
1169 4015 1444 4068 desertum
1498 4012 1679 4068 videre
1713 4053 1727 4078 ,
1794 4013 2114 4067 arundinem

540 4117 706 4162 vento
742 4108 1041 4178 agitatam?
1073 4123 1140 4160 an
1174 4106 1449 4162 hominem
1483 4105 1733 4160 mollibus
1777 4105 2117 4159 vestimentis

542 4199 788 4251 indutum
812 4198 834 4249 ?
858 4214 923 4251 an
951 4198 1307 4267 prophetam?
1354 4207 1501 4252 certe
1546 4196 1669 4251 dico
1699 4197 1851 4252 vobis
1911 4205 1963 4252 et
1997 4197 2117 4265 plus

545 4303 705 4356 quam
749 4289 1094 4355 prOphetam.
1134 4288 1232 4341 llic
1272 4289 1415 4342 enim
1468 4296 1549 4341 cst
1600 4289 1667 4343 de
1716 4304 1822 4358 quo
1854 4292 2114 4360 scriptum

544 4388 629 4434 cst
659 4393 674 4431 :
709 4377 849 4433 Ecce
881 4392 980 4447 ego
1015 4376 1221 4429 mittam
1254 4376 1501 4445 angelum
1541 4392 1719 4431 meum
1752 4390 1880 4433 ante
1920 4380 2114 4435 faciem

548 4483 718 4538 tuam,
780 4471 869 4540 qui
930 4470 1256 4540 praeparabit
1305 4469 1445 4523 viam
1506 4479 1649 4523 tuam
1701 4479 1826 4523 ante
1878 4480 1929 4524 te
1958 4470 2022 4523 ".
2093 4489 2111 4522 ι

548 4564 750 4620 Deinde
782 4564 930 4617 addit
961 4562 1013 4617 itl
1046 4561 1187 4631 quod
1213 4562 1579 4630 interrogatur
1607 4577 1620 4614 :
1656 4580 1674 4612 ι
1709 4563 1914 4625 Amen,
1959 4577 2116 4618 amen

545 4659 669 4714 dico
726 4655 902 4720 vobis,
950 4670 1056 4709 non
1102 4654 1338 4708 surrexit
1394 4655 1537 4708 inter
1579 4664 1735 4710 natos
1776 4654 2060 4708 mulierum
2100 4693 2116 4719 ,

545 4751 717 4820 major
749 4748 959 4804 Joanne
988 4746 1257 4814 Baptista,
1311 4749 1405 4799 sed
1443 4746 1619 4801 minor
1652 4747 1705 4801 in
1747 4761 1911 4816 regno
1951 4749 2118 4802 caelo-

544 4860 663 4899 rum
700 4842 868 4910 major
907 4841 1021 4909 ipso
1051 4848 1137 4893 cst
1178 4837 1248 4890 ⁸⁷.
1286 4857 1305 4889 ι
1355 4838 1541 4909 Neque
1571 4838 1658 4893 hic
1712 4838 1873 4893 finem
1918 4840 2117 4894 verbo-

545 4953 661 4991 rum
693 4935 847 4990 fecit.
882 4932 1043 4987 Addit
1072 4931 1216 4987 enim
1255 4932 1438 4985 statim
1478 4946 1493 4986 :
1533 4949 1551 4982 ι
1609 4932 1652 4984 Α
1701 4931 1893 4987 diebus
1935 4943 2113 4986 autem

548 5028 767 5083 Ioannis
797 5041 969 5095 usque
1002 5039 1148 5079 nunc
1172 5038 1394 5093 regnum
1432 5022 1693 5077 ccelorum
1740 5023 1846 5077 vim
1892 5025 2115 5093 patitur,

544 5124 599 5168 ct
629 5117 851 5171 violenti
878 5116 1091 5186 rapiunt
1123 5115 1253 5169 illud
1281 5114 1353 5169 ⁸⁸.
1381 5133 1401 5167 ι
1432 5115 1611 5185 Atque
1654 5115 1770 5170 hare
1792 5115 2011 5185 quidem
2036 5126 2121 5171 est

549 5208 713 5263 totius
743 5208 935 5275 capitis
966 5222 1197 5263 summa.
1233 5207 1385 5262 Nunc
1413 5223 1543 5263 vero
1574 5217 1786 5278 oportet
1820 5217 1877 5263 ut
1904 5209 2113 5279 singula

546 5306 929 5367 percurrentes
972 5298 1240 5361 dicamus,
1290 5311 1450 5361 quam
1501 5299 1570 5353 ob
1627 5313 1843 5353 causam
1880 5296 2117 5355 Joannes

545 5387 786 5457 Baptista
822 5387 874 5441 in
908 5401 1180 5442 carcerem
1213 5386 1494 5457 conjectus
1526 5388 1726 5455 fuerit;
1762 5390 2117 5458 quamobrem

546 5479 710 5531 etiam
764 5492 865 5547 per
900 5477 1193 5547 discipulos
1229 5492 1357 5533 suos
1405 5476 1678 5531 Christum
1730 5480 2113 5548 interrogarit,

550 5578 727 5621 utrum
761 5569 873 5637 ipse
899 5571 1119 5625 omnino
1155 5577 1301 5625 esset
1322 5570 1414 5640 qui
1448 5578 1706 5626 venturus
1732 5581 1887 5637 erat;
1922 5571 2117 5626 deinde

622 5718 672 5749 ⁸³
694 5716 826 5774 Luc.
863 5734 946 5787 ιιι,
972 5720 1044 5787 4;
1077 5719 1178 5776 Isa.
1207 5736 1293 5791 τι,
1321 5723 1375 5777 5.
1456 5724 1500 5757 ⁸⁵
1527 5723 1659 5779 an.
1691 5740 1785 5791 vn,
1813 5726 1904 5781 98.
1984 5726 2029 5758 "
2053 5724 2116 5780 M:

2218 5727 2535 5795 u.xu,5,4.
2614 5728 2813 5785 “Ibid.
2850 5729 2996 5783 7-10.
3076 5732 3396 5789 "lbid.ll.

2285 1908 2365 1973 τῷ
2380 1907 2713 1980 θεωρήματι
2742 1907 2978 1964 σκοπὸν
3000 1907 3448 1979 ,ἀπογυμνοῦσα
3476 1907 3722 1979 ’γὀργῶς.

2301 2022 2703 2093 Ἐξαρκούντως
2731 2024 2831 2095 ήδη
2858 2023 2999 2076 κατά
3027 2039 3091 2092 γε
3123 2022 3214 2075 τὸν
3250 2022 3516 2092 ἡμέτερον
3539 2021 3669 2074 νοῦν
3704 2020 3793 2073 τὸν

2215 2112 2273 2166 ἐν
2301 2116 2413 2175 τοῖς
2436 2113 2763 2184 προλαϐοῦσι
2792 2112 3177 2183 βασανίσαντες
3197 2112 3372 2180 λόγον,
3400 2111 3494 2165 καὶ
3523 2112 3638 2165 τῶν
3663 2110 3795 2165 θεω-

2220 2205 2477 2276 ρημάτων
2509 2205 2736 2258 ἕκαστον
2768 2204 2906 2275 μετὰ
2940 2206 3039 2275 τῆς
3076 2205 3301 2275 δεούσης
3333 2202 3620 2275 ἀκριϐείας
3659 2203 3796 2255 διευ-

2216 2297 2605 2367 κρινησάμενοι
2666 2296 2757 2349 τόν
2788 2312 2844 2347 τε
2883 2295 2993 2348 τῶν
3020 2294 3086 2347 δι’
3130 2294 3373 2356 ἐναντίας
3421 2293 3494 2357 ὼς
3537 2294 3641 2345 οὐκ
3686 2292 3793 2361 ἔχοι

2217 2387 2397 2450 καλῶς
2420 2384 2795 2455 διελέγξαντες
2828 2385 3048 2447 σκοπὸν,
3078 2385 3163 2437 ἐπ’
3184 2382 3324 2437 αὐτὰ
3357 2382 3421 2453 δὴ
3446 2382 3635 2435 λοιπὸν
3660 2382 3791 2435 ίέναι

2218 2481 2516 2550 προσήκειν
2558 2479 2921 2549 ἐνενοήσαμεν
2960 2477 3031 2530 τὰ
3063 2476 3121 2540 ἐξ
3157 2474 3409 2545 ἀληθείας
3463 2474 3791 2544 θεωρήματα

2218 2571 2311 2623 καὶ
2364 2570 2462 2640 τὴν
2496 2570 2553 2623 ἐν
2585 2570 2663 2640 τῷ
2715 2568 3061 2639 παροισθέντι
3100 2566 3247 2639 ρητῷ
3281 2565 3628 2619 διαπτύσσειν
3674 2564 3789 2617 διά-

2217 2674 2385 2713 νοιαν.
2419 2660 2492 2712 Οὐ
2521 2658 2629 2729 γὰρ
2652 2652 2803 2729 οἶμαι
2836 2658 2965 2721 δεῖν,
2997 2656 3073 2720 ὡς
3100 2657 3199 2709 οὐκ
3231 2656 3428 2727 ἄριστα
3454 2651 3654 2717 νοοῦσι,
3695 2652 3789 2722 μό-

2217 2768 2305 2805 νον
2336 2751 2593 2821 ἐπιτιμᾷν
2623 2751 2733 2813 τοῖς
2755 2750 2834 2802 ὅτι
2863 2747 3063 2820 μείζων
3096 2748 3246 2801 ἔσται
3276 2745 3507 2818 Χριστὸς
3542 2744 3786 2799 Ἰωάννου

2216 2842 2358 2896 κατά
2374 2860 2492 2895 τινα
2511 2843 2699 2912 χρόνον
2723 2841 3071 2912 διειληφόσιν,
3098 2839 3230 2893 ἀλλὰ
3250 2840 3343 2893 καὶ
3369 2839 3504 2909 αὑτῇ
3526 2840 3594 2908 τῇ
3617 2852 3788 2907 παρα-

2219 2935 2363 2988 θέσει
2404 2934 2514 2987 τῶν
2563 2934 2937 3005 ἁληθεστέρων
2985 2932 3201 2986 ἐννοιῶν
3254 2928 3657 3002 ἀποκρούεσθαι
3711 2924 3787 2997 τῷ

2220 3025 2295 3097 μὴ
2326 3026 2502 3079 δοκεῖν
2553 3025 2612 3077 οὐ
2657 3026 2883 3087 δεόντως
2926 3026 3286 3095 ἐπισκήπτειν
3316 3024 3517 3085 αὐτοῖς.
3554 3021 3687 3090 Φέρε
3726 3017 3798 3087 δὴ,

2217 3111 2311 3167 οὖν
2342 3114 2425 3166 ἐπ’
2461 3112 2590 3167 αὐτὸ
2634 3112 2820 3167 λοιπὸν
2855 3112 3022 3183 ἴωμεν
3068 3112 3127 3165 τὸ
3164 3113 3517 3181 ἀνάγνωσμα,
3565 3110 3658 3164 καὶ
3687 3108 3787 3162 τῶν

2219 3202 2524 3273 εἰρημένων
2574 3203 2723 3275 παρὰ
2776 3200 2870 3256 τοῦ
2909 3203 3161 3274 Σωτῆρος
3214 3203 3371 3272 ήμῶν
3410 3200 3651 3272 Χριστοῦ
3696 3198 3787 3269 τὴν

2218 3295 2397 3348 αἰτίαν
2443 3294 3021 3365 ἁνακεφαλαιούμενοι,
3071 3296 3197 3358 τοὺς
3225 3293 3617 3365 ἀκροωμένους
3655 3291 3789 3345 διδά-

2219 3401 2459 3458 σκωμεν,
2491 3388 2573 3451 τίς
2606 3388 2673 3441 ἂν
2703 3388 2785 3459 εἴη
2817 3388 3001 3441 λοιπον
3024 3387 3050 3439 6
3088 3386 3182 3440 τοῦ
3205 3386 3363 3455 λόγου
3390 3387 3615 3449 σκοπός.
3648 3385 3784 3439 Οὐκ-

2216 3477 2331 3542 οῦν,
2381 3475 2628 3530 ἐντεῦθεν
2676 3475 2785 3546 γὰρ
2831 3476 2931 3547 ἤδη
2986 3476 3080 3547 τὴν
3136 3474 3309 3546 ἀρχὴν
3365 3473 3722 3545 ποιησόμεθα,
3760 3472 3787 3523 6

2230 3570 2482 3639 Ἰωάννης
2513 3572 2570 3621 ἐν
2617 3569 2694 3639 τῷ
2740 3568 3095 3640 δεσμωτηρίῳ
3142 3568 3379 3631 ἀκούσας
3412 3567 3478 3621 τά
3516 3566 3658 3638 ἔργα
3697 3562 3783 3617 τοῦ

2218 3659 2487 3730 Χριστοῦ,
2536 3658 2758 3729 πέμψας
2818 3658 2910 3711 δύο
2961 3659 3068 3712 τῶν
3119 3660 3376 3731 μαθητῶν
3433 3659 3601 3712 αὐτοῦ
3644 3653 3787 3711 εἶπεν

2219 3750 2397 3823 αὐτῷ’
2428 3771 2445 3803 (
2475 3752 2546 3804 Σὺ
2570 3749 2618 3804 εἷ
2646 3753 2672 3803 ὁ
2698 3751 3012 3821 ἐρχόμενος,
3040 3751 3071 3823 ἦ
3103 3751 3288 3821 ἕτερον
3316 3751 3736 3822 προσδοκῶμεν;
3762 3765 3778 3798 ι

2220 3842 2362 3913 Πρὸς
2394 3843 2564 3896 ταῦτα
2594 3842 2823 3913 Χριστὸς
2857 3842 3186 3912 ἀπεκρίνατο
3207 3860 3219 3871 ·
3262 3860 3279 3893 ι
3315 3842 3678 3912 Πορευθέντες
3710 3836 3785 3891 είο

2220 3951 2358 3987 πατε
2401 3934 2622 4006 Ἰωάννῃ
2664 3934 2699 3987 δι
2735 3934 3003 4003 ἠκούσατε
3053 3935 3142 3988 καὶ
3172 3933 3418 4004 βλέπετε,
3480 3952 3498 3984 ι
3552 3934 3647 3987 καὶ
3692 3931 3786 4001 τὴν

2220 4024 2327 4077 τῶν
2370 4025 2610 4095 σημείων
2658 4025 2947 4093 καταλέγει
3000 4025 3419 4096 μεγαλουργίαν.
3475 4025 3690 4096 Ἐπειδὴ
3731 4022 3785 4076 δὲ

2220 4114 2357 4184 πρὸς
2394 4118 2484 4167 τὸν
2534 4115 2801 4185 μακάριον
2844 4116 3153 4187 Βαπτιστήν
3204 4116 3366 4170 πάλιν
3410 4117 3787 4187 ἀνεκομίζοντο

2220 4210 2269 4260 οί
2298 4208 2554 4279 μαθηταὶ,
2586 4209 2733 4276 λέγει
2763 4208 2894 4279 πρὸς
2925 4209 3021 4279 τὴν
3054 4208 3422 4280 περιεστῶσαν
3449 4188 3655 4278 πληθύν
3683 4206 3787 4259 τῶν

2234 4299 2495 4353 Ἰουδαίων
2540 4302 2568 4352 6
2607 4300 2826 4371 Emt‘fjp'
2880 4318 2898 4349 ι
2932 4299 2994 4351 Τί
3025 4299 3280 4370 ἐξήλθετε
3311 4302 3390 4363 εἰς
3443 4299 3540 4369 τήν
3583 4298 3786 4368 ἔρημον

2226 4390 2370 4454 ἰδεῖν,
2420 4390 2663 4459 κάλαμον
2715 4391 2818 4443 ὑπὸ
2871 4389 3072 4460 ἀνέμου
3123 4390 3513 4460 σαλευόμενον;
3564 4387 3677 4440 ἀλλ’
3730 4388 3785 4438 ἐν

2150 4519 2194 4573 D
2228 4480 2488 4549 μαλακοῖς
2514 4481 2744 4550 ἱματίοις
2765 4481 3047 4552 ἄνθρωπον
3066 4481 3467 4553 ήμφιεσμένον;
3493 4479 3625 4535 ἀλλὰ
3654 4495 3785 4549 προ-

2224 4572 2435 4641 φήτην;
2465 4571 2571 4623 Ναὶ
2600 4571 2741 4638 λέγω
2775 4573 2901 4642 ὑμῖν
2930 4573 3024 4626 καὶ
3060 4573 3440 4645 περισσότερον
3474 4572 3771 4643 προφήτου.

2224 4654 2391 4723 Οὗτος
2420 4661 2529 4732 γάρ
2566 4661 2680 4714 ἐστι
2710 4663 2835 4733 περὶ
2857 4659 2917 4716 οὗ
2949 4664 3289 4735 γέγραπται·
3344 4663 3474 4716 Ἰδοὺ
3510 4657 3783 4717 ἀποστελῶ

2222 4751 2311 4806 τὸν
2340 4751 2568 4820 ἄγγελόν
2595 4770 2693 4823 μου
2716 4754 2821 4823 πρὸ
2850 4754 3143 4822 προσώπου
3170 4772 3283 4820 σου,
3312 4755 3370 4817 ὃς
3396 4751 3783 4808 κατασκευάσει

2221 4844 2317 4915 τὴν
2352 4844 2469 4897 ὁδόν
2503 4861 2595 4897 σου
2644 4844 2950 4916 ἔμπροσθέν
2994 4863 3108 4900 σου.
3161 4866 3180 4899 ι
3232 4844 3366 4901 Εἶτα
3419 4848 3554 4919 πρὸς
3585 4846 3784 4905 τούτοις

2223 4938 2356 5009 φησι
2390 4936 2746 5007 ζητούμενον’
2800 4954 2818 4987 ι
2871 4938 3061 5008 Ἀμὴν,
3115 4938 3263 5008 ἀμὴν
3299 4938 3444 5007 λέγω
3494 4939 3639 5008 ὑμῖν,
3688 4933 3783 4986 οὐκ

2222 5029 2518 5099 ἐγήγερται
2567 5030 2623 5081 ἐν
2668 5031 2945 5097 γεννητοῖς
2983 5030 3254 5097 γυναικῶν
3297 5030 3497 5099 μείζων
3547 5027 3783 5081 Ἰωάννου

2222 5118 2315 5171 τοῦ
2356 5118 2657 5173 Βαπτιστοῦ
2677 5136 2690 5149 ’
2733 5120 2761 5172 6
2786 5119 2841 5171 δὲ
2884 5120 3203 5190 μικρότερος
3227 5122 3284 5174 ἐν
3311 5124 3374 5192 τῇ
3408 5120 3648 5191 βασιλεία
3680 5114 3783 5169 τῶν

2220 5210 2486 5282 οὐρανῶν,
2517 5210 2716 5280 μείζων
2747 5210 2907 5264 αὑτοῦ
2943 5214 3080 5264 ἐστι.
3121 5230 3139 5262 ι
3179 5212 3282 5265 Καὶ
3310 5212 3367 5264 ού
3400 5211 3559 5282 μέχρι
3587 5208 3781 5263 τούτων

2219 5301 2248 5352 ὸ
2282 5300 2457 5368 λόγος.
2490 5300 2766 5370 Ἐπιφέρει
2790 5300 2898 5370 γὰρ
2915 5299 3076 5363 εὐθύς
3095 5318 3109 5331 ·
3142 5317 3160 5352 ι
3207 5300 3336 5353 Ἀπὸ
3359 5301 3416 5353 δὲ
3442 5300 3550 5352 τῶν
3571 5295 3781 5369 ήμερῶν

2233 5391 2478 5447 Ἰωάννου
2512 5391 2605 5444 τοῦ
2647 5390 2951 5443 Βαπτιστοῦ
3004 5391 3110 5454 ἕως
3145 5391 3269 5462 ἄρτι
3313 5394 3345 5461 ή
3394 5388 3637 5460 βασιλεία
3679 5383 3783 5444 τῶν

2218 5481 2463 5552 οὐρανῶν
2499 5481 2763 5551 βιάζεται,
2798 5482 2892 5535 καὶ
2927 5482 3140 5551 βιασταὶ
3172 5478 3506 5554 ἁρπάζουσιν
3540 5479 3725 5547 αὐτήν.
3759 5492 3776 5525 ι

2222 5572 2382 5627 Ὀλον
2413 5576 2471 5627 ἐν
2509 5572 2736 5640 τούτοις,
2769 5573 2843 5637 ὡς
2888 5575 3014 5638 ἔπος
3044 5576 3237 5639 εἰπεῖν,
3268 5575 3330 5626 τιὸ
3371 5573 3663 5643 κεφάλαιον
3689 5566 3782 5636 τὴν

3478 5733 3523 5764 ⁵⁸
3543 5728 3673 5785 Ibid.
3701 5723 3778 5777 12-
