4056 6264
312 274 412 330 169

1765 257 2207 315 ἸἸΙΕδΑῐίὶυὸ.

3499 249 3600 306 ιτο

313 385 714 456 συμπλήρωσιν
763 385 898 453 ἔχει.
951 382 1168 452 Χρῆναι
1207 381 1264 434 δὲ
1299 377 1450 452 οἶμαι
1493 381 1597 433 τῶν
1635 381 1924 450 νοημάτων

2031 379 2158 448 quid
2186 385 2242 432 et
2259 389 2354 430 cur
2384 373 2436 428 id
2467 371 2718 428 Christus
2749 369 2926 426 turbis
2959 368 3320 440 responderit.
3367 367 3599 422 Praeter-

311 477 546 529 ἕκαστον
579 473 963 544 ἐπιδρομάδην
994 473 1288 537 διεξιόντας
1315 475 1512 538 εἰπεῖν,
1537 473 1619 536 τίς
1647 473 1745 544 μὲν
1770 471 1917 524 αἰτία

307 567 606 638 δεσμώτην
636 567 820 620 ἐποίει
845 565 934 618 τὸν
959 565 1106 633 ἅγιον
1143 565 1478 634 Βαπτιστὴν,
1517 553 1640 618 ὅτου
1667 565 1722 618 δὲ
1757 565 1918 636 χάριν

307 657 736 710 ἁνεπυνθᾶνετο
757 653 852 710 τοῦ
879 655 1112 726 Χριστοῦ
1143 655 1234 708 διὰ
1263 655 1372 708 τῶν
1396 655 1610 709 οἰκείων
1629 654 1914 726 μαθητῶν,

309 749 478 819 εἴπερ
513 748 604 816 εἴη
647 747 834 815 σαφῶς
861 745 1018 809 αὐτὸς
1053 749 1080 799 6
1107 745 1398 816 ἐρχόμενος
1421 761 1433 773 ·
1467 745 1560 798 καὶ
1589 745 1670 808 τίς
1697 745 1730 814 ἢ
1756 745 1916 798 πόθεν

313 841 350 910 ἡ
381 841 530 911 πρὸς
567 843 698 904 τοὺς
737 841 926 910 ὄχλους
973 841 1264 910 ἀπόκρισις
1291 837 1484 908 γέγονε
1518 837 1612 892 τοῦ
1651 835 1914 907 Χριστοῦ.

2025 485 2088 524 ca
2118 467 2248 540 quid
2292 467 2442 522 illum
2495 463 2724 519 moverit
2767 471 2826 516 ut
2875 461 3102 524 diceret,
3147 475 3252 514 non
3299 460 3602 514 surrexisse

2030 577 2060 616 e
2115 562 2256 616 natis
2313 559 2599 614 mulierum
2647 554 2905 622 majorem
2963 551 3168 607 Joanne
3225 549 3512 620 Baptista,
3549 561 3606 606 ct

2029 665 2210 710 tamen
2242 653 2501 720 majorem
2543 662 2606 704 eo
2663 661 2782 704 esse
2827 661 2950 702 eum
2991 647 3080 714 qui
3125 646 3179 698 in
3227 657 3396 712 regno
3434 643 3602 696 ccelo-

2029 761 2148 802 rum
2201 745 2380 798 minor
2427 751 2592 798 esset.
2645 739 3022 795 Accedcndum
3079 737 3266 804 itaque
3319 733 3478 788 nobis
3531 731 3602 784 ad

2027 853 2214 896 eorum
2243 851 2364 906 qua:
2397 833 2672 904 proposita
2705 841 2832 888 sunt
2859 831 3012 884 nobis
3034 827 3476 898 explicationes».

321 929 400 986 Ἦ
431 933 486 985 τί
527 933 592 988 τὸ
617 935 874 998 πεπεικὸς
897 934 975 997 ὡς
1017 934 1341 1005 Ἑγήγερται
1383 937 1481 1006 μὲν
1552 934 1726 996 οὐδεὶς
1779 935 1838 986 ὲν
1898 934 2176 1003 γεννητοῖς
2226 931 2500 1000 γυναικῶν
2561 929 2762 1000 μείζων
2798 928 3042 982 Ἰωάννου
3112 925 3308 994 λέγειν,
3357 917 3498 974 εἷναί
3535 933 3602 984 γε

327 1027 442 1095 μὴν
476 1027 572 1079 τοῦ
609 1025 858 1078 τοσούτου
904 1025 1128 1094 μείζονα
1173 1025 1263 1078 τὸν
1307 1027 1366 1078 ἐν
1416 1027 1484 1096 τῇ
1545 1025 1796 1095 βασιλείᾳ
1867 1024 1976 1078 τῶν
2013 1022 2260 1096 οὐρανῶν
2305 1021 2668 1094 μικρότερον;
2718 1019 2926 1072 Οὐκοῦν
3111 1015 3276 1084 αὐτὴν
3325 1015 3461 1066 ίτέον
3503 1011 3604 1080 τὴν

325 1119 438 1170 τῶν
467 1115 836 1187 προτεθέντων
867 1117 1145 1186 ἐξήγησιν.

402 1207 706 1280 Παράδοξον
725 1225 853 1262 τινα
882 1209 976 1260 καὶ
1009 1208 1166 1277 ξένην
1195 1209 1552 1280 ἐπιτηδεύσας
1577 1213 1846 1266 πολιτείαν
1880 1218 1908 1268 6

333 1305 599 1372 μακάριος
631 1297 970 1370 Βαπτιστὴς,
1000 1301 1090 1352 καὶ
1109 1299 1225 1370 βίου
1247 1302 1428 1372 τρίϐον
1456 1304 1653 1370 ἐλάσας
1668 1306 1932 1376 ἀσυνήθη

325 1396 438 1456 τοῖς
477 1394 660 1456 ἄλλοις
701 1395 799 1446 καὶ
842 1393 904 1444 οὐ
935 1395 1045 1455 τοῖς
1081 1393 1302 1462 τυχοῦσι
1337 1395 1528 1465 βατὴν,
1575 1395 1920 1468 ἐθαυμάζετο

327 1483 446 1554 μὲν,
481 1486 576 1536 καὶ
609 1483 731 1538 λίαν
779 1484 1026 1547 εἰκότως,
1059 1485 1206 1554 παρὰ
1254 1485 1362 1537 τῶν
1399 1487 1694 1541 Ἰουδαίων·
1738 1490 1828 1542 τὸν
1861 1490 1920 1544 δὲ

326 1578 445 1629 ὅσον
472 1577 709 1638 οὐδέπω,
743 1575 946 1646 μᾶλλον
969 1575 1024 1627 δὲ
1055 1575 1154 1646 ἤδη
1185 1577 1450 1646 παρόντα,
1479 1579 1762 1650 κηρύττων
1793 1581 1918 1652 Χρι-

2091 1206 2252 1276 102
2277 1203 2473 1257 Beatus
2505 1201 2772 1270 Baptista,
2807 1201 3106 1258 inauditum
3131 1199 3400 1268 quoddam
3429 1207 3486 1252 et
3523 1200 3604 1254 in.

2015 1300 2266 1354 usitatum
2317 1297 2438 1348 vitae
2495 1307 2669 1364 genus
2699 1293 2944 1358 ducens,
2995 1292 3248 1360 quodque
3275 1290 3364 1344 alii
3403 1291 3604 1346 imitari

2019 1405 2122 1444 non
2167 1395 2428 1456 possent,
2489 1399 2739 1456 tttagnattt
2795 1383 2992 1436 merito
3035 1381 3120 1436 sui
3177 1381 3606 1436 admirationem

2019 1481 2158 1550 apud
2185 1478 2400 1533 Judaeos
2430 1477 2706 1542 excitavit,
2733 1484 2788 1528 et
2815 1473 3090 1530 Christum
3117 1473 3210 1542 qui
3241 1481 3452 1526 tantum
3494 1487 3602 1526 nun

2025 1574 2284 1640 venisset,
2312 1569 2420 1624 into
2443 1573 2554 1640 jam
2578 1567 2906 1634 advenisset,
2945 1563 3268 1634 praedicans,
3315 1562 3598 1632 digitoque

335 1667 480 1731 στὸν,
520 1669 806 1738 μονονουχὶ
833 1669 922 1720 καὶ
953 1670 1112 1740 χεῖρα
1145 1671 1418 1739 προτείνει
1453 1670 1626 1739 λέγων
1647 1687 1665 1703 ⁸
1703 1692 1722 1725 σ
1758 1675 1862 1727 Ἴδε
1883 1671 1912 1724 6

2031 1667 2176 1722 illum
2204 1671 2674 1727 commonstrans,
2723 1660 2802 1714 ait
2833 1682 2844 1714 :
2883 1675 2902 1710 ι
2950 1657 3088 1712 Ecce
3117 1658 3300 1727 Agnus
3359 1653 3482 1718 Dei,
3509 1657 3602 1724 qui

350 1758 657 1828 ’Δμνδςτοῦ
674 1757 832 1822 Θεοῦ,
853 1760 878 1810 6
903 1759 1060 1830 αἴρων
1091 1758 1194 1830 τὴν
1224 1761 1500 1831 ἁμαρτίαν
1529 1762 1618 1816 τοῦ
1651 1763 1912 1834 κόσμου.)

361 1849 580 1920 Ἐπειδὴ
618 1849 674 1901 δὲ
718 1851 744 1902 6
775 1851 900 1919 παρ’
941 1849 1102 1903 αὐτοῦ
1161 1851 1610 1924 μαρτυρούμενος
1675 1854 1916 1925 Κύριος,

353 1939 524 1991 λιπεῖν
561 1939 724 1992 ἐδόκει
757 1939 856 2008 τὴν
897 1941 960 1992 ἐκ
1003 1941 1176 2010 νόμου
1207 1941 1298 1995 διὰ
1343 1945 1584 2008 Μωσέως
1633 1945 1916 2015 λατρείαν,

347 2029 440 2098 τὴν
496 2029 854 2101 εύαγγελικὴν
919 2032 1036 2084 ἀντ’
1108 2035 1324 2103 ἐκείνης
1391 2035 1666 2090 πολιτείαν
1731 2037 1922 2105 εἰσφέ-

335 2139 471 2190 ρων,
511 2122 716 2191 μᾶλλον
751 2123 812 2175 δὲ
847 2124 918 2176 τΞι
973 2125 1032 2175 ὲν
1069 2124 1230 2194 τύπῳ
1276 2127 1370 2178 καὶ
1417 2130 1542 2198 σκιᾷ
1577 2129 1920 2200 μεταρυθμί-

328 2211 436 2273 ζων
463 2214 542 2274 εἰς
573 2214 866 2284 ἀλήθειαν,
894 2215 999 2267 οὐκ
1023 2215 1127 2278 ἕξω
1161 2219 1378 2286 μομφῆς
1404 2221 1430 2270 ὁ
1463 2221 1720 2292 μακάριος
1743 2222 1922 2276 ἔκειτο

332 2303 654 2372 Βαπτιστὴς
675 2343 692 2367 ,
735 2305 836 2358 ἅτε
872 2305 940 2374 δὴ
979 2311 1296 2376 συνηγορεῖν
1363 2311 1814 2382 ἁναπεπεισμένος
1845 2315 1924 2384 τῷ

340 2393 444 2462 τὴν
473 2394 714 2463 νομικὴν
770 2395 1130 2464 ἀνα-πρέποντι
1187 2399 1480 2466 παίδευσιν,
1518 2403 1658 2454 κατᾶ
1701 2420 1764 2470 γε
1802 2406 1922 2468 τοὺς

343 2483 455 2535 τῶν
501 2483 749 2552 ἀνοήτων
795 2483 1008 2550 λόγους.
1057 2486 1119 2538 Εἰ
1154 2487 1260 2556 γὰρ
1303 2483 1371 2558 ἦν
1407 2485 1557 2554 οὗτος
1589 2495 1734 2562 παρὰ
1769 2493 1920 2560 Θεοῦ,

338 2575 604 2644 ἔφασκον,
629 2577 656 2627 6
698 2575 1012 2646 ἄνθρωπος,
1043 2577 1140 2629 οὐκ
1173 2578 1240 2630 ἂν
1270 2577 1390 2630 ἔλυε
1428 2579 1488 2632 τὸ
1529 2582 1822 2638 Σάϐϐατον.
1861 2585 1923 2638 Τί

335 2661 430 2720 οὖν
469 2668 578 2736 ἄρα
626 2669 946 2738 μηχανᾶται
982 2668 1114 2739 πρὸς
1149 2667 1332 2735 τοῦτο;
1369 2671 1478 2735 Τὰς
1519 2673 1626 2728 τῶν
1660 2676 1924 2732 Ἰουδαίων

335 2757 400 2812 οὐ
429 2757 650 2821 παντως
679 2761 1141 2832 ἀποκρουόμενος,
1167 2761 1304 2826 ἀλλ’,
1335 2763 1400 2816 ἵν’
1423 2763 1592 2830 οὕτως
1619 2767 1778 2836 etme,
1803 2769 1922 2824 δια-

337 2851 616 2921 χλευάζων
671 2854 920 2920 ἐννοίας,
981 2857 1354 2926 συναγορεύειν
1407 2865 1786 2930 προσποιεῖται
1844 2863 1926 2934 τῷ

337 2941 510 3024 νόμῳ,
539 2943 632 2994 καὶ
664 2943 981 2998 Μωσαῖκῶν
1021 2946 1522 3016 ὐπεραγωνίζεσθαι
1563 2953 1924 3023 προσταγμὰ-

2027 1755 2168 1810 tollit
2205 1763 2488 1822 peccatqu
2522 1751 2704 1806 mundi
2735 1752 2801 1804 ⁵³.
2843 1769 2862 1802 ο
2899 1747 3036 1802 Cum
3073 1763 3198 1802 vero
3229 1746 3512 1810 Dominus,
3539 1747 3606 1800 de

2027 1861 2134 1916 quo
2181 1844 2546 1900 testimonium
2611 1843 2960 1912 perhibuerat
2995 1881 3010 1906 ,
3059 1841 3276 1894 deserto
3341 1837 3488 1892 cultu
3533 1835 3610 1890 le-

2027 1937 2132 2008 gali
2167 1952 2260 2004 per
2287 1936 2467 1990 Mosen
2517 1935 2858 2006 praescripto,
2895 1932 3014 1988 loco
3061 1931 3204 1986 illius
3229 1929 3604 2000 evangelicam

2029 2033 2198 2086 vitam
2239 2031 2546 2093 induceret,
2583 2039 2634 2084 et
2665 2043 2786 2096 quae
2819 2027 2871 2080 itt
2905 2037 3032 2096 typo
3073 2037 3238 2094 atque
3285 2027 3478 2080 umbra
3515 2024 3604 2076 iit-

2029 2122 2212 2177 voluta
2255 2131 2454 2186 erant,
2497 2121 2565 2174 ad
2615 2120 2898 2172 veritatem
2947 2117 3302 2180 transferret,
3363 2114 3604 2184 Baptista

2033 2213 2508 2284 reprehensionem
2533 2211 2786 2274 incurrit,
2817 2211 3016 2280 quippe
3043 2209 3134 2278 qui
3169 2207 3608 2276 patrocinaretur

2029 2307 2136 2370 illi,
2179 2306 2272 2376 qui
2297 2305 2522 2373 legalem
2557 2305 2896 2367 doctrinam,
2939 2303 3092 2372 juxta
3121 2305 3362 2370 ipsorum
3395 2315 3606 2354 sermo-

2031 2412 2180 2462 nent,
2229 2403 2524 2451 everteret.
2560 2395 2620 2448 Si
2649 2397 2796 2449 enim
2857 2395 3022 2448 homo
3049 2394 3136 2446 hic
3179 2431 3194 2454 ,
3231 2391 3526 2453 dicebant,
3577 2403 3608 2442 a

2033 2491 2146 2544 Deo
2177 2495 2346 2552 esset,
2383 2487 2806 2555 haudquaquam
2861 2484 3188 2540 disSUit'et‘cl
3213 2483 3512 2538 Sabbatum
3537 2481 3606 2534 ‘°.

2031 2579 2172 2646 Quid
2239 2579 2404 2646 igitur
2461 2577 2724 2632 adversus
2783 2577 2900 2631 haec
2957 2576 3227 2645 excogitat
3285 2583 3342 2628 et
3393 2573 3612 2628 molitur

2033 2671 2314 2742 Baptista?
2345 2671 2656 2726 Judaaorttm
2671 2670 2980 2742 opinionem
3007 2685 3110 2724 non
3133 2669 3290 2738 plane
3323 2667 3608 2738 rejiciens,

2033 2765 2152 2832 sed,
2182 2775 2240 2820 ut
2275 2766 2348 2820 ita
2399 2764 2618 2830 dicant,
2681 2764 2936 2826 irridens,
2971 2761 3328 2830 patrocinium
3372 2761 3506 2830 legis
3555 2771 3612 2813 et

2034 2859 2396 2914 Mosaicorum
2427 2867 2820 2928 praceptorum
2845 2853 3332 2924 propugnationem
3361 2850 3606 2906 simulat.

2035 2951 2172 3006 Cum
2229 2951 2378 3005 enim
2433 2958 2562 3004 tunc
2609 2947 2870 3016 temporis
2915 2947 3084 3000 variis
3134 2947 3308 3000 modis
3347 2945 3400 2998 in
3437 2945 3610 3013 legem

341 3051 472 3088 των.
501 3034 718 3088 Πολλῶν
745 3037 854 3105 γὰρ
879 3035 956 3106 τῷ
987 3037 1234 3107 τηνικάδε
1266 3039 1410 3092 κατὰ
1439 3043 1720 3106 ποικίλους
1752 3061 1924 3115 παρα-

2037 3051 2375 3112 peccaretur,
2409 3039 2582 3095 soluat
2613 3037 2880 3092 Herodem
2918 3036 3346 3104 reprehensurus
3381 3035 3610 3098 accedit,

343 3125 654 3196 νομούντων
708 3129 970 3198 τρόπους,
1023 3131 1272 3200 πρόσεισι
1327 3131 1490 3201 μόνον
1532 3131 1626 3186 τὸν
1680 3135 1928 3206 Ἡρώδην

337 3310 516 3380 βοῶν·
556 3331 574 3362 ι
601 3313 710 3364 Οὐκ
757 3311 932 3377 ἔξεστί
971 3331 1053 3368 σοι
1089 3315 1238 3386 ἔχειν
1287 3317 1492 3386 αὐτήν·
1527 3335 1546 3366 ι
1593 3317 1780 3371 οὐδένα
1822 3321 1928 3392 γὰρ

331 3403 479 3466 ὅλως
503 3403 594 3456 τοῦ
631 3403 822 3458 παθεῖν
852 3407 1090 3461 ἐποιεῖτο
1118 3407 1298 3476 λόγον,
1328 3409 1488 3479 ἄχρις
1519 3409 1586 3462 ἂν
1615 3409 1760 3480 αὐτῷ
1790 3413 1929 3466 κατὰ

328 3491 433 3546 τὸν
466 3493 798 3564 προτεθέντα
830 3496 1035 3549 σκοπὸν
1062 3495 1244 3560 διεξίοι
1273 3496 1340 3549 τὰ
1365 3497 1686 3567 πράγματα.
1712 3495 1930 3567 Δεσμώ-

237 3663 242 3668 1
329 3601 439 3654 της
475 3585 654 3638 τοίνυν
680 3587 708 3638 6
741 3586 952 3650 δίκαιος
979 3590 1044 3642 ὲκ
1079 3587 1412 3659 τυραννικῶν
1453 3588 1664 3656 ἐγίνετο
1695 3607 1931 3661 προστα-

326 3677 592 3746 γμάτων,
633 3679 730 3730 καὶ
768 3679 831 3732 τὸ
865 3679 1040 3742 πάθος
1085 3680 1350 3734 ἐδυσώπει
1381 3681 1470 3734 τὸν
1519 3681 1931 3752 φιλεγκλήμονα

323 3768 451 3821 τῶν
486 3768 757 3823 Ἰουδαίων
787 3771 936 3824 λαόν.
981 3772 1072 3834 Ὠς
1103 3771 1212 3842 γὰρ
1259 3772 1398 3843 ὑπὲρ
1447 3771 1614 3842 νόμου
1649 3773 1932 3844 πάσχοντα

326 3860 552 3924 λοιπὸν,
578 3863 794 3934 ἀγαπᾷν
822 3865 1185 3932 ¹ἠναγκάζετο,
1233 3866 1574 3936 ὲτοιμότερός
1603 3883 1660 3918 τε
1687 3867 1786 3937 ἤδη
1818 3869 1930 3931 τοῖς

327 3951 480 4025 παρ’
507 3954 670 4006 αὐτοῦ
697 3957 1122 4026 κηρυττομένοις
1147 3957 1282 4026 πρὸς
1307 3941 1372 4010 ἰδ’
1397 3959 1670 4012 πιστεύειν
1699 3959 1929 4026 ἐγίνετο.

323 4045 555 4099 Οὐκοῦν
602 4047 702 4108 τὰς
749 4045 860 4099 τῶν
910 4047 1176 4102 Ἰουδαίων
1237 4048 1482 4115 εὐνοίας,
1531 4050 1628 4103 καὶ
1676 4050 1774 4120 τὴν
1823 4051 1933 4104 τῶν

325 4137 728 4208 σκληροτέρων
770 4138 1052 4194 ἀπείθειαν
1097 4139 1386 4212 ἀγοράζειν
1427 4140 1618 4212 ὥσπερ
1657 4143 1687 4194 6
1729 4143 1936 4195 Βαπτι-

326 4230 478 4300 στὴς
525 4229 617 4282 διὰ
666 4228 762 4282 τοῦ
807 4229 1036 4300 πάσχειν
1081 4232 1360 4301 ἠπείγετο.
1410 4232 1626 4302 Ἐπειδὴ
1665 4233 1721 4286 δὲ
1761 4233 1932 4287 Ilvati-

329 4337 521 4392 ματος
567 4319 727 4387 ἁγίου
777 4321 1000 4390 μέτοχος
1045 4322 1142 4390 ὢν,
1193 4325 1286 4376 καὶ
1335 4325 1682 4394 προφητικῆς
1729 4325 1934 4377 ἀναπε-

2037 3145 2093 3190 et
2115 3133 2374 3188 audacter
2417 3133 2484 3188 de
2533 3130 2838 3186 Herodiade
2877 3128 3120 3183 clamans
3165 3143 3180 3180 :
3233 3144 3252 3176 ι
3299 3125 3414 3180 Non
3461 3125 3612 3186 licet.

2033 3226 2226 3295 inquit,
2251 3225 2346 3279 tibi
2369 3239 2488 3278 eant
2519 3223 2720 3278 habere
2745 3223 2825 3287 ⁶¹;
2853 3237 2871 3272 ι
2903 3227 3214 3290 contempto
3241 3218 3398 3290 plane
3421 3219 3614 3272 mortis

2033 3317 2296 3387 periculo,
2324 3318 2448 3371 dum
2472 3317 2519 3370 ei
2545 3317 2608 3369 ad
2633 3315 2992 3385 praesulatum
3019 3328 3240 3383 scopum
3275 3327 3362 3368 res
3381 3325 3612 3383 ageren-

2038 3421 2146 3466 tur.
2189 3409 2426 3480 Tyranni
2461 3411 2642 3478 itaque
2670 3409 2824 3476 jussu
2857 3408 2910 3461 in
2947 3408 3158 3462 vincula
3183 3404 3484 3474 coniectus,
3513 3405 3612 3460 Ju-

2033 3504 2174 3558 daeos
2191 3504 2259 3556 ad
2277 3503 2634 3556 accusandum
2657 3516 2854 3570 pronos
2869 3500 2968 3554 sibi
2987 3499 3310 3554 conciliavit.
3327 3498 3464 3551 Nam
3483 3498 3610 3566 quia

2032 3609 2132 3665 pro
2164 3594 2280 3664 lege
2313 3595 2636 3663 patiebatur,
2665 3609 2848 3649 amare
2867 3609 2991 3648 eum
3027 3596 3387 3662 cogebantur,
3429 3605 3614 3660 prom-

2033 3687 2343 3754 ptioresque
2389 3690 2454 3740 ad
2487 3687 2846 3742 adhibendum
2885 3687 3250 3755 prmdicationi
3292 3685 3412 3754 ejus
3451 3683 3608 3738 [idem

2035 3775 2419 3830 reddebantur.
2464 3775 2772 3830 Judatorum
2825 3777 3006 3845 itaque
3049 3777 3515 3839 benevolentiam,
3557 3786 3612 3828 et

2035 3867 2310 3923 duriorum
2361 3869 2794 3925 incredulitatem
2843 3879 3017 3922 morte
3071 3885 3164 3922 sua
3207 3867 3610 3936 quodammodo

2035 3961 2266 4015 mercari
2305 3959 2546 4032 Baptista
2579 3962 2772 4014 voluit.
2821 3960 2958 4012 Cum
2993 3973 3122 4014 vero
3157 3957 3395 4024 Spiritus
3429 3960 3604 4008 sancti

2045 4053 2318 4122 particeps
2343 4061 2394 4105 et
2425 4054 2742 4121 prophetica
2774 4053 2949 4118 gratia
2980 4063 3046 4101 ex
3083 4057 3240 4100 utero
3274 4047 3462 4100 matris
3501 4061 3612 4101 sua:

2036 4143 2227 4212 plenus
2256 4151 2424 4208 esset,
2479 4141 2936 4212 tyrannicumque
2975 4153 3158 4194 ensem
3203 4139 3314 4207 jam
3353 4138 3606 4193 strictum

2036 4241 2090 4286 et
2122 4233 2330 4288 cervici
2361 4247 2471 4286 suae
2505 4231 2878 4286 imminentem
2909 4231 3268 4300 pravidisset,
3313 4229 3610 4302 discipulos

2037 4338 2162 4380 suos
2193 4325 2246 4379 in
2281 4325 2386 4379 [ide
2421 4338 2549 4394 erga
2578 4324 2850 4380 Christqu
2884 4323 3230 4380 Servatorem
3281 4323 3611 4378 conﬁrmare

328 4409 664 4480 πλησμένος
694 4410 915 4480 χάριτος
945 4411 1024 4464 ἔτι
1061 4415 1126 4465 ἐκ
1163 4413 1364 4477 κοιλίας
1409 4412 1613 4484 μητρὸς
1649 4413 1836 4478 αὐτοῦ,
1869 4415 1924 4468 τὺ

2037 4431 2099 4472 ac
2144 4418 2388 4474 stabilire
2422 4419 2613 4485 voluit,
2655 4429 2820 4489 utque
2853 4419 2905 4472 id
2935 4419 3070 4472 citra
3131 4431 3348 4473 onmem
3397 4417 3612 4472 dubita.

331 4501 666 4570 τυραννικὸν
699 4499 926 4572 ἐθεώρει
956 4501 1107 4572 ξίφος
1149 4505 1628 4575 ἁπογυμνούμενον
1661 4507 1796 4578 ἤδη,
1837 4509 1931 4560 καὶ

335 4589 438 4642 τὸν
476 4588 575 4641 τοῦ
615 4587 861 4659 σώματος
887 4592 1282 4663 ἀπαστράπτον
1319 4593 1566 4661 θάνατον,
1591 4593 1772 4667 ἐζήτει
1799 4597 1926 4660 τοὺς

335 4680 586 4743 οἰκείους
631 4683 880 4753 μαθητὰς
930 4684 1226 4755 βεϐαιῶσαι
1271 4685 1406 4750 πρὸς
1449 4687 1548 4757 τὴν
1599 4688 1782 4742 πίστιν
1827 4688 1927 4759 τὴν

333 4773 436 4828 ἐπὶ
465 4772 548 4842 τῷ
577 4774 790 4846 Σοηῆρι
831 4776 1054 4846 Χριστῷ
1075 4793 1088 4808 ⁸
1121 4777 1316 4831 εἰδέναι
1343 4795 1400 4831 τε
1433 4779 1526 4832 καὶ
1561 4780 1706 4850 μάλα
1739 4779 1927 4847 σαφῶς

334 4865 612 4937 ἐπεθύμει
635 4867 756 4920 κατ’
779 4866 931 4920 οὐδὲν
956 4867 1345 4936 ἐνδοιάζοντας,
1374 4871 1563 4940 ὅτιπερ
1585 4871 1750 4932 αὐτός
1781 4873 1926 4923 ἐστιν

331 4961 360 5013 6
387 4959 490 5012 ἐπὶ
525 4959 776 5030 σωτηρίᾳ
809 4961 1026 5014 πάντων
1068 4961 1216 5031 ἥξειν
1247 4963 1713 5034 προσδοκώμενος.
1746 4964 1925 5032 Προσ-

333 5051 578 5102 ποιεῖται
603 5050 784 5102 τοίνυν
813 5051 1171 5120 οἰκονομικῶς
1199 5053 1432 5120 ἀγνοεῖν,
1456 5053 1545 5106 ἵνα
1576 5053 1927 5106 πιστεύσαντι

338 5141 634 5211 σύνδρομοι
669 5143 832 5198 πάλιν
859 5146 908 5196 οἱ
945 5143 1182 5216 μαθηταὶ
1230 5145 1370 5217 πρὸς
1407 5135 1469 5198 τὸ
1510 5146 1788 5199 πιστεύειν
1835 5147 1924 5198 εὐ-

335 5229 768 5302 ρίσκοιντο.’Ἦν
807 5234 918 5306 γὰρ
941 5235 1006 5307 δὴ
1037 5237 1131 5290 καὶ
1165 5238 1512 5308 φρονήματος
1539 5237 1599 5288 οὐ
1633 5236 1834 5308 μικρὰν
1870 5240 1927 5290 ἐν

332 5321 528 5392 ἑαυτῷ
559 5325 652 5394 τὴν
684 5325 1004 5390 ἀλαζονείαν
1039 5328 1336 5392 ὠδίνοντος,
1376 5327 1450 5398 μὴ
1493 5330 1612 5389 ταῖς
1641 5325 1733 5379 τοῦ
1779 5327 1924 5380 διδα-

329 5414 547 5469 σκάλου
594 5417 812 5486 μᾶλλον,
842 5419 979 5472 ἀλλὰ
1019 5423 1140 5484 ταῖς
1183 5419 1410 5483 οἰκείαις
1455 5418 1924 5486 παιδαγωγεῖσθαι

329 5508 563 5579 βουλαῖς
633 5510 842 5565 Οὐκοῦν
879 5513 1272 5584 οίκονομικῶς,
1319 5515 1410 5566 καὶ
1445 5513 1510 5567 ἶν’
1553 5512 1726 5573 οὕτως
1759 5511 1922 5566 εἴπω-

398 5687 447 5718 ⁸⁹
481 5683 636 5740 Joan.
669 5701 710 5749 ι,
743 5687 838 5738 29.
917 5686 959 5716 ⁶⁰
984 5687 1138 5739 Joan.
1167 5704 1238 5750 l.\',
1280 5689 1361 5744 l6.

681 5785 956 5844 Ροιτῐιοι..
998 5785 1112 5844 Gtt.
1154 5786 1388 5849 LXXV.

1438 5691 1478 5719 ⁶¹
1507 5689 1694 5742 Matth.
1731 5703 1839 5754 τιν,
1871 5689 1920 5741 4.

2039 4508 2238 4564 tionem
2268 4525 2583 4577 persuasum
2635 4511 2916 4574 haberent,
2970 4508 3242 4577 cupiebat,
3297 4506 3439 4576 quod
3496 4507 3612 4575 ipse

2029 4601 2284 4669 essetqui
2322 4617 2418 4669 pro
2451 4601 2622 4654 salute
2646 4604 2884 4654 omnium
2933 4611 3195 4655 venturus
3239 4613 3360 4653 esse
3409 4612 3610 4666 exspe-

2032 4693 2298 4745 ctabatur.
2334 4691 2496 4746 Certo
2529 4694 2710 4764 itaque
2743 4693 2976 4748 consilio
3011 4695 3230 4747 simulat
3259 4707 3317 4746 se
3360 4694 3568 4743 nescire
3591 4730 3606 4751 ,

2034 4791 2092 4833 ut
2156 4782 2402 4835 credenti
2461 4784 2560 4851 ipsi
2638 4785 3024 4854 discipulorum
3095 4785 3229 4838 ﬁdes
3286 4797 3608 4850 aggregare-

2035 4879 2141 4924 tur.
2201 4871 2482 4941 Regnabat
2539 4876 2684 4929 enim
2732 4891 2837 4930 non
2899 4877 3093 4943 exigua
3150 4877 3204 4928 in
3271 4873 3468 4926 animis
3525 4889 3610 4927 co-

2037 4977 2156 5018 rum
2214 4969 2566 5033 arrogantia,
2641 4982 2818 5036 neque
2878 4982 2936 5020 se
2982 4976 3088 5019 tam
3144 4964 3392 5034 magistri
3448 4979 3606 5034 quam

2045 5055 2158 5109 suis
2220 5055 2458 5124 ipsorum
2504 5057 2745 5110 consiliis
2803 5057 3090 5126 gubernari
3131 5056 3398 5110 volebant.
3454 5057 3608 5128 103

1994 5147 2197 5202 .Certo
2235 5147 2396 5217 igitur
2446 5146 2700 5210 consilio,
2754 5159 2945 5216 atque,
3003 5158 3058 5200 ut
3117 5149 3190 5202 ita
3243 5149 3458 5217 dicam,
3497 5151 3608 5202 vcl-

2036 5241 2110 5294 ttti
2158 5242 2208 5295 itt
2242 5255 2400 5295 scena
2431 5239 2790 5310 ignorantium
2838 5254 3122 5310 personam
3157 5242 3406 5306 induens,
3445 5242 3610 5294 mittit

2034 5345 2100 5386 ex
2128 5333 2241 5388 suis
2268 5331 2554 5400 discipulis
2584 5332 2716 5388 duos
2741 5333 2967 5403 reliquis
2999 5334 3470 5404 iutelligentiores,
3504 5333 3610 5384 eis-

2033 5439 2138 5494 que
2185 5425 2340 5495 jubet
2387 5433 2447 5477 ut
2499 5425 2861 5490 sciscitantur,
2909 5433 2962 5480 et
3023 5443 3090 5481 ex
3141 5428 3259 5480 viva
3304 5421 3610 5479 Servatoris

2037 5530 2164 5572 voce
2190 5523 2539 5586 cognoscam.
2568 5529 2636 5570 an
2663 5516 2774 5585 ipse
2802 5517 2868 5573 sit
2897 5517 2942 5572 is
2972 5517 3061 5586 qui
3087 5525 3450 5586 exspectatur.
3476 5511 3610 5568 Cum

3260 5785 3296 5843 6
