4056 6264
436 268 538 326 171

1421 260 1480 318 S.
1521 259 1790 320 CYRILLI
1831 259 2298 317 ALEXANDRINI
2338 263 2656 324 ARCHIEP.

3581 267 3684 323 ιη

435 399 566 442 vero
616 384 654 439 ii
701 381 769 438 ad
818 379 1097 439 Christum
1148 373 1459 450 venissent,
1516 383 1619 438 hoc
1667 381 2003 453 intelligens,

2111 400 2232 456 μεν,
2254 382 2449 457 ὥσπερ
2497 387 2588 439 ἐπὶ
2627 387 2832 458 σκηνῆς
2866 385 2929 440 τδ
2960 384 3067 440 τῶν
3114 385 3447 457 ἀγνοούντων
3502 404 3684 458 προσ-

435 477 634 548 qnippe
664 475 758 546 qui
785 490 946 531 verus
971 473 1115 530 Deus
1141 484 1277 544 erat,
1302 473 1642 545 praeclariora
1667 473 1809 529 circa
1840 485 2004 544 πει-ο-

437 577 520 624 tos
571 581 735 638 opera
788 566 1157 635 miraculaque
1207 566 1440 630 edebat,
1491 577 1654 634 quam
1703 573 1892 634 antea;
1935 578 2001 622 ea

437 673 566 714 vero
597 667 746 714 certo
766 657 995 714 consilio
1021 671 1122 728 per
1150 655 1278 712 illud
1308 664 1516 726 tempus
1542 657 1851 724 praestabat,
1882 670 2002 726 qua:

435 751 635 822 ipsum,
672 765 795 806 cum
825 750 890 805 ad
918 763 1016 805 nos
1043 747 1300 812 venisset,
1334 745 1612 818 prophetat
1639 747 2001 816 prmstiturum

433 843 813 914 praedixerant.
843 839 1214 910 Interrogatus
1246 839 1429 909 itaque
1473 853 1581 894 non
1621 839 1805 894 statim
1835 837 2003 907 proli-

435 942 580 987 tetur
617 945 678 988 se
709 931 857 986 illum
903 942 1041 994 esse,
1071 929 1167 984 sed
1200 928 1530 999 propheticis
1556 929 1998 999 praedictionibus

433 1021 702 1077 factorum
735 1029 790 1075 et
821 1017 1202 1074 miraculorum
1237 1019 1664 1090 magnitudinem
1697 1020 1998 1090 adaptans:

435 1131 456 1166 ι
491 1112 589 1176 lte,
633 1111 831 1181 inquit,
879 1120 936 1166 et
965 1110 1276 1166 renuntiate
1305 1109 1500 1165 Joanni
1526 1127 1645 1182 qua:
1688 1110 1918 1166 audistis
1949 1117 2003 1166 ct

430 1204 678 1272 vidistis;
720 1222 748 1260 ι.
776 1203 1007 1268 audistis
1033 1203 1178 1259 enim
1204 1219 1300 1274 per
1328 1204 1638 1276 prophetas,
1668 1205 1880 1260 vidistis
1903 1220 1999 1259 au-

431 1305 536 1350 tem
569 1308 667 1366 per
696 1308 785 1349 me
827 1293 1069 1364 impleta.
1108 1294 1246 1350 Cum
1297 1296 1479 1367 itaque
1522 1296 1576 1352 hi
1624 1296 1907 1361 ahiissent,
1945 1305 2002 1352 ut

427 1387 761 1458 evangelista
799 1387 916 1454 ipse
944 1394 1196 1456 testatur,
1233 1389 1398 1459 cmpit
1427 1388 1674 1444 Christus
1706 1387 1848 1458 loqui
1886 1399 1998 1443 tur—

429 1477 516 1533 bis
565 1478 632 1532 de
686 1474 937 1534 Joanne:
976 1496 994 1530 ι
1033 1475 1173 1545 Quid
1214 1477 1409 1534 existis
1454 1477 1720 1533 videre?»
1778 1488 1833 1534 et
1882 1493 2002 1546 quae

429 1567 685 1636 deinceps
730 1576 1055 1636 sequuntur.
1095 1566 1472 1623 Necessarium
1514 1581 1644 1622 vero
1680 1567 1838 1636 plane
1878 1565 1998 1633 fuit,

429 1665 490 1712 ut
513 1654 765 1711 Christus
794 1655 861 1711 de
882 1653 1091 1712 Joanne
1117 1671 1422 1713 sermonem
1455 1656 1674 1712 faceret.
1699 1655 1834 1712 Cum
1855 1659 1999 1712 enim

2101 479 2302 531 ωπεῖον
2345 478 2522 550 ἑαυτῷ
2557 479 2819 550 περιθεὶς,
2857 479 3068 552 πέμπει
3097 479 3206 534 τῶν
3238 480 3451 534 οἰκείων
3496 481 3686 553 μαθη-

2100 567 2232 635 τῶν,
2257 569 2417 641 οἵπερ
2453 565 2593 641 ἦσαν
2633 569 3020 640 συνετώτεροι,
3056 573 3154 626 καὶ
3199 571 3264 644 δὴ
3295 573 3389 626 καὶ
3435 573 3686 627 ἀναπυν-

2103 656 2361 712 θάνεσθαι
2391 657 2621 724 κελεύει,
2653 658 2749 712 καὶ
2776 657 2863 712 διὰ
2892 658 3071 732 ζώσης
3097 660 3189 712 τοῦ
3218 659 3470 732 Σωτῆρος
3496 662 3688 731 φωνῆς

2101 746 2382 816 ἐκμαθεῖν,
2431 749 2481 801 εί
2531 749 2696 812 αὐτός
2743 748 2894 802 ἐστιν
2944 748 3414 820 προσδοκώμενος.
3461 751 3689 822 Ἐπειδὴ

2100 834 2156 888 δέ
2184 830 2318 907 ἧκον
2343 836 2443 908 ήδη
2471 837 2606 908 πρὸς
2638 835 2731 890 τὸν
2761 834 2971 907 Ἰησοῦν
2999 837 3048 890 oi
3077 837 3495 910 ἀπεσταλμένοι,
3524 837 3689 892 τοῦτο

2103 927 2311 996 συνεὶς,
2359 926 2456 981 ﬁre
2495 927 2561 999 δή
2603 927 2736 993 Θεὸς
2787 927 3046 998 ὑπάρχων
3093 927 3364 1000 ἀληθινὸς,
3415 928 3691 983 πλουσιω-

2099 1018 2264 1090 τέραν
2290 1020 2525 1073 ἐποιεῖτο
2548 1019 2648 1091 τὴν
2671 1019 2764 1074 ἐπὶ
2788 1022 2901 1084 τοῖς
2926 1019 3192 1090 κάμνουσι
3227 1020 3564 1092 φιλοτιμίαν,
3593 1021 3694 1074 καὶ

2104 1109 2423 1181 παραδόξων
2466 1111 2758 1182 ηὑρίσκετο
2792 1111 3023 1182 ποιητὴς
3052 1110 3172 1164 τότε
3228 1111 3426 1181 μᾶλλον
3474 1113 3509 1182 ἦ
3549 1111 3695 1183 πρό-

2101 1218 2290 1275 τερον*
2323 1203 2509 1257 ἐκεῖνα
2538 1203 2592 1256 δέ
2631 1203 2989 1274 οἰκονομικῶς
3031 1205 3316 1274 εἰργάζετο
3359 1206 3480 1258 κατ’
3509 1208 3695 1260 ἐκεῖνο

2106 1293 2339 1366 μάλιστα
2393 1292 2605 1364 καιροῦ,
2635 1292 2776 1363 ἅπερ
2821 1293 2980 1346 αὑτὸν
3021 1292 3373 1360 ἐπιτελέσειν,
3401 1295 3532 1347 ὅταν
3560 1295 3694 1364 ήκοι

2102 1384 2241 1456 πρὸς
2280 1384 2449 1455 ἡμᾶς,
2498 1384 2547 1438 οἱ
2583 1384 2860 1456 προφῆται
2906 1385 3240 1455 διήγγελλον.
3295 1386 3694 1457 Ἐρωτὼμενος

2099 1479 2301 1542 τοίνυν,
2335 1477 2434 1529 οὐκ
2471 1476 2631 1540 εὐθὺς
2677 1477 2890 1548 ὑπαντᾷ
2921 1477 3012 1530 καί
3060 1495 3190 1548 φησι
3222 1477 3305 1542 τὸ,
3341 1477 3482 1545 Ἐγὼ
3517 1479 3642 1548 εἰμι
3672 1518 3691 1544 ,

2101 1566 2236 1622 ἀλλὰ
2267 1568 2379 1630 τοῖς
2407 1567 2763 1638 προφητικοϊς
2799 1566 3118 1637 κηρύγμασι
3147 1567 3244 1637 τὴν
3272 1569 3329 1620 ἐν
3351 1569 3459 1629 τοῖς
3487 1568 3696 1620 ἀποτε-

2101 1658 2337 1712 λεσθεῖσι
2362 1657 2628 1728 παραθεὶς
2655 1659 3084 1728 μεγαλουργίανο
3123 1678 3141 1710 ι
3173 1657 3560 1728 Πορευθέντες,
3592 1675 3696 1728 (ρη-

429 1747 759 1806 circumfusa
809 1748 1120 1803 auditorum
1161 1748 1316 1802 turba
1358 1749 1720 1817 cognovisset,
1768 1747 2001 1818 discipu-

2106 1751 2207 1815 clv,
2242 1748 2608 1818 ἀπαγγείλατε
2654 1748 2873 1821 Ἰωάννῃ
2901 1749 2938 1803 ἃ
2967 1751 3136 1803 εἴδετε
3186 1749 3277 1802 καὶ
3320 1750 3597 1819 ἠκούσατε
3618 1765 3633 1779 ο
3666 1769 3689 1802 ι

431 1839 512 1896 los
545 1837 771 1895 Joannis
798 1851 941 1904 esse,
979 1839 1071 1908 qui
1101 1838 1581 1909 interrogationem
1609 1839 1757 1893 illam
1782 1838 1998 1894 Christo

430 1930 858 2000 proposuissent,
888 1944 1121 2000 cumque
1154 1929 1254 1998 ipsi
1285 1943 1392 1984 non
1424 1937 1484 1984 ut
1511 1943 1608 1986 sua
1634 1931 1872 1999 ipsorum
1895 1932 1998 1985 du-

429 2023 698 2079 bitatione
752 2035 876 2078 sese
929 2021 1248 2087 liberarent,
1282 2022 1577 2087 venissent,
1624 2023 1719 2078 sed
1769 2023 1918 2078 illum
1967 2039 1996 2078 α

428 2129 537 2185 quo
566 2114 718 2170 missi
740 2121 916 2180 erant,
940 2114 1140 2184 quique
1165 2113 1246 2169 eis
1273 2123 1332 2168 ut
1365 2113 1418 2168 id
1446 2114 1880 2180 sciscitarentur,
1917 2115 2000 2169 in-

424 2207 710 2277 iunxerat;
770 2205 1038 2261 intellexit
1089 2206 1273 2261 statim
1319 2205 1600 2273 Christus‘,
1661 2209 1861 2276 quippe
1907 2206 1998 2276 qui

428 2299 594 2355 corda
650 2307 707 2352 et
755 2297 1112 2367 cogitationes
1155 2297 1432 2351 hominum
1478 2297 1717 2364 novit",
1749 2298 2000 2364 ,dicturos

424 2403 550 2445 esse
589 2385 899 2452 nonnullos,
942 2393 1036 2440 aut
1064 2385 1267 2456 alioqui
1316 2399 1499 2442 secum
1532 2387 1906 2457 cogitaturos:
1941 2386 1998 2443 Si

429 2479 484 2534 in
513 2478 658 2534 hunc
692 2489 865 2547 usque
893 2474 1036 2532 diem
1059 2473 1298 2531 Joannes
1322 2476 1560 2546 Baptista
1588 2476 1866 2532 Christum
1893 2493 1997 2532 non

427 2569 601 2636 novit,
625 2584 734 2640 quo
757 2575 918 2639 pacto
939 2566 1097 2622 nobis
1119 2565 1268 2621 illum
1290 2566 1530 2621 ostendit
1553 2566 1739 2620 dicens
1764 2584 1776 2619 :
1807 2585 1826 2619 ι
1860 2566 2000 2622 Ecce

427 2664 614 2734 Agnus
641 2661 759 2730 Dei,
781 2659 872 2732 qui
900 2657 1040 2714 tollit
1063 2664 1347 2729 peccatum
1380 2656 1605 2713 mundi?
1636 2676 1657 2710 ι
1693 2656 1758 2713 Ει
1783 2659 2000 2728 quidem

428 2756 726 2813 verendum
765 2760 887 2810 erat
937 2767 1006 2808 ne
1057 2765 1163 2808 non
1210 2765 1399 2821 parum
1427 2750 1606 2806 damni
1642 2751 1767 2807 inde
1799 2752 1849 2806 in
1888 2761 2002 2807 tur-

428 2847 556 2902 bam
595 2843 919 2915 perveniret.
953 2842 1344 2910 Quamobrem,
1384 2849 1445 2896 ut
1489 2839 1802 2911 scrupulum
1853 2842 2000 2897 illum

429 2935 628 2992 animis
665 2949 852 2991 eorum
896 2932 1164 2990 eximeret
1196 2938 1252 2986 et
1297 2930 1538 2986 scandali
1589 2945 1777 2985 ansam
1810 2931 2000 3000 praeri-

426 3035 603 3096 peret,
647 3027 723 3082 ita
759 3027 830 3081 ad
874 3039 970 3082 eos
998 3024 1113 3080 ait:
1153 3041 1173 3075 ι
1200 3020 1340 3090 Quid
1388 3023 1581 3078 existis
1625 3023 1680 3078 iu
1728 3024 1999 3078 desertum

2106 1842 2373 1912 ἠκούσατε
2406 1839 2502 1910 μὲν
2526 1840 2635 1909 γάρ
2664 1839 2752 1892 διὰ
2776 1839 2884 1893 τῶν
2917 1839 3232 1910 προφητῶν,
3269 1839 3435 1894 εἴδετε
3465 1841 3523 1894 δὲ
3557 1839 3696 1910 πλη-

2106 1931 2344 2002 ρωθέντα
2374 1930 2441 1984 δι’
2478 1930 2633 2002 ἐμοῦ.
2688 1929 2850 1983 Ἀλλά
2895 1930 3100 1983 τούτων
3151 1932 3556 2002 πορευομένων,
3615 1933 3694 1997 ὡς

2104 2025 2265 2087 αὐτός
2291 2040 2460 2094 φησιν
2479 2024 2505 2076 6
2532 2022 2942 2093 εύαγγελιστὴς,
2963 2021 3164 2094 ἤρξατο
3189 2025 3216 2076 6
3241 2025 3474 2094 Χριστὸς
3503 2024 3694 2093 λέγειν

2103 2119 2214 2180 τοῖς
2240 2116 2416 2186 ὄχλοις
2441 2116 2568 2185 περὶ
2603 2115 2880 2170 ’ίωάννουο
2914 2133 2932 2166 ι
2961 2115 3028 2168 Τί
3059 2115 3309 2185 ἐξήλθετε
3341 2114 3504 2187 ίδεῖν;
3532 2134 3550 2166 ι
3591 2120 3693 2171 καὶ

2103 2207 2172 2261 τά
2201 2207 2411 2270 τούτοις
2444 2206 2640 2278 ἐφεξῆς
2679 2207 2925 2276 κείμενα.
2967 2205 3285 2274 Ἀναγκαῖον
3311 2206 3367 2259 δὲ
3394 2205 3558 2259 πάλιν
3588 2207 3691 2260 καὶ

2104 2298 2194 2353 τὸν
2237 2297 2366 2369 περὶ
2407 2296 2598 2350 τούτου
2632 2295 2789 2364 λόγον
2829 2296 3126 2367 ἐποιήσατο
3169 2296 3417 2366 Χριστός.
3460 2297 3690 2368 Ἐπειδὴ

2104 2389 2212 2461 γάρ
2245 2389 2545 2460 ἐμάνθανεν
2576 2390 2609 2460 ή
2643 2406 2711 2440 πε
2723 2387 2994 2459 ριεστῶσα
3020 2385 3128 2439 τῶν
3155 2386 3520 2457 ἀκροωμένων
3549 2387 3691 2458 πλη-

2107 2480 2236 2546 θὺς,
2287 2480 2364 2544 ὡς
2399 2477 2539 2551 ἦσαν
2589 2481 2687 2551 μέν
2742 2479 2850 2531 τῶν
2886 2477 3130 2533 Ἰωάννου
3187 2477 3442 2549 μαθητῶν
3482 2479 3532 2532 oi
3586 2478 3687 2550 τήν

2106 2571 2298 2625 πεῦσιν
2322 2573 2707 2641 προσάγοντες,
2731 2565 2864 2642 ἧκον
2887 2569 2943 2622 δὲ
2968 2569 3068 2622 οὐκ
3093 2569 3227 2633 ιδίας
3253 2569 3437 2641 ὥσπερ
3461 2569 3684 2639 ἀγνοίας

2107 2662 2392 2734 ζητοῦντες
2435 2661 2776 2734 ἀπαλλαγὴν,
2807 2659 2946 2715 ἀλλά
2979 2661 3080 2730 τῆς
3122 2661 3286 2714 αὑτοῦ
3336 2662 3686 2731 πεπομφότος

2106 2730 2201 2805 καὶ
2231 2751 2491 2822 διερωτᾷν
2533 2730 2947 2816 ἀνάπείθοντος,
2994 2753 3320 2821 κατενόησεν
3364 2751 3460 2805 ἀτε
3488 2730 3561 2823 Ῠδὴ
3593 2752 3689 2805 καί⁹

2107 2842 2334 2915 καρδίας
2377 2842 2550 2908 εἰδὼς,
2584 2843 2678 2896 κοιλ⁹
2717 2843 2786 2895 τά
2814 2844 2870 2896 ἐν
2908 2841 2986 2913 τῷ
3031 2842 3302 2915 ἀνθρώπῳ
3337 2845 3685 2913 γιγνώσκων,

2107 2926 2187 2988 ὅτι
2224 2934 2440 2997 πάντως
2481 2933 2665 3004 ἐροῦσί
2712 2951 2856 2998 τινες
2903 2933 2997 2988 καὶ
3047 2934 3354 3004 λογιοῦνται
3399 2937 3525 2991 καθ’
3557 2939 3684 2991 ἐαυ-

2107 3022 2266 3087 τούς·
2315 3023 2377 3076 Εί
2425 3022 2584 3094 μέχρι
2635 3024 2872 3094 σήμερον
2925 3024 3107 3092 ἀγνοεῖ
3157 3025 3246 3078 τὸν
3281 3025 3485 3096 Ἰησοῦν
3523 3028 3555 3080 ὁ
3590 3046 3692 3099 μα-

429 3118 654 3177 videre?
717 3119 1055 3175 Arundinem
1105 3125 1270 3171 vento
1323 3116 1622 3180 agitatam?
1656 3135 1676 3168 ι
1733 3116 1998 3171 Admirati

2105 3115 2295 3186 κάριος
2329 3114 2613 3186 Ἰωάννης,
2662 3114 2778 3177 πῶς
2822 3115 2955 3184 ἡμῖν
2989 3115 3151 3168 αὐτὸν
3199 3115 3439 3171 ἐδείκνυε
3481 3118 3687 3188 λέγων’

427 3210 588 3276 estis,
645 3209 854 3276 inquit,
895 3205 1162 3262 Joannem
1200 3205 1532 3273 Baptistam,
1591 3215 1646 3261 et
1697 3207 2005 3276 frequenter

431 3299 590 3368 longa
642 3309 740 3366 per
779 3296 1127 3352 solitudinem
1176 3294 1513 3365 profectione
1558 3296 1708 3351 illum
1756 3298 2002 3364 adiistis,

434 3386 620 3442 multis
650 3385 927 3441 laboribus
951 3384 1264 3454 utilitatem,
1298 3401 1462 3455 quam
1494 3386 1621 3442 inde
1653 3391 2008 3459 exspectaba-

433 3477 526 3544 tis,
556 3475 909 3532 redimentes.
939 3474 1208 3531 Caeterum
1235 3477 1525 3533 temerarie
1565 3477 1807 3548 profecto
1831 3481 2007 3534 nulla-

433 3582 540 3636 que
571 3565 766 3621 idonea
804 3568 871 3623 de
909 3581 1074 3622 causa
1120 3566 1270 3623 illum
1303 3567 1556 3623 admirati
1601 3569 1758 3634 estis,
1792 3570 1838 3626 si
1881 3585 2005 3624 eum

434 3663 570 3717 adeo
615 3659 790 3715 levem
843 3658 1194 3726 existimatis,
1233 3668 1294 3715 ut
1332 3659 1588 3715 arundini
1637 3669 2004 3730 comparetur,

435 3766 555 3820 quae
590 3750 849 3806 facillim
878 3751 933 3806 in
961 3750 1212 3820 quamvis
1248 3759 1457 3821 partem
1492 3760 1654 3807 vento
1694 3751 2004 3822 impellitur.

435 3843 715 3911 Quomodo
739 3841 898 3915 ιω
923 3842 1069 3898 enim
1109 3857 1217 3898 non
1247 3841 1512 3911 ejusmodi
1550 3857 1673 3898 esse
1703 3843 2006 3912 deprehen-

436 3938 616 4001 datur,
672 3934 742 4001 si,
787 3948 898 4006 prte
929 3948 1125 4004 magna
1173 3934 1338 3990 animi
1378 3933 1618 4000 levitate,
1651 3948 1812 4006 quem
1859 3935 2010 3989 novit

437 4040 596 4082 nosse
621 4040 681 4082 se
701 4025 1011 4082 inticiatur?
1043 4025 1115 4080 At
1140 4040 1248 4081 non
1276 4026 1594 4082 arundinem
1619 4035 1789 4082 certe.
1819 4043 1838 4080 ι
1870 4025 2008 4093 Quid

441 4124 622 4170 tamen
677 4116 869 4171 existis
899 4113 1120 4170 videre?
1149 4111 1508 4170 Hominemne
1556 4111 1810 4169 mollibus
1838 4110 2007 4168 vesti-

441 4207 638 4260 mentis
672 4206 961 4262 indutttm?
992 4205 1134 4262 Ecce
1176 4205 1268 4274 qui
1313 4204 1566 4262 mollibus
1593 4204 1912 4270 induuntur,
1954 4203 2008 4259 in

441 4294 698 4351 domibus
729 4309 915 4364 regum
959 4302 1109 4349 sunt.
1143 4311 1164 4347 s
1199 4295 1378 4364 Atque
1426 4295 1496 4350 iis
1535 4295 1776 4362 quidem,
1812 4295 2008 4363 inquit,

439 4383 852 4440 convenientius
864 4384 938 4439 sit
964 4382 1185 4439 levitate
1202 4384 1369 4441 animi
1395 4384 1665 4441 laborare.
1689 4385 1844 4442 Unde
1863 4388 2010 4442 enim

441 4476 531 4546 qui
559 4475 832 4546 perpetuis
860 4474 1136 4530 laboribus
1179 4489 1300 4531 sese
1329 4483 1568 4542 exercet,
1605 4491 2008 4547 corporeasque

441 4566 760 4622 all'ectioues
805 4565 1026 4621 assidue
1071 4565 1322 4636 reprimit
1367 4580 1434 4621 ac
1481 4566 1686 4632 domat,
1715 4567 1768 4621 in
1803 4576 2008 4622 tantam

447 4659 727 4716 levitatem
770 4657 879 4714 labi
910 4658 1140 4729 posset?
1183 4655 1318 4713 Nam
1370 4658 1743 4730 hujuscemodi
1793 4660 2009 4716 levitate

441 4752 640 4808 mentis
675 4749 928 4806 laborare
965 4757 1052 4805 est
1098 4748 1290 4814 animi,
1344 4749 1536 4819 inquit,
1584 4751 1677 4820 qui
1735 4765 1842 4806 non
1898 4761 2010 4807 tam

441 4857 634 4914 aspera
660 4841 873 4898 vivendi
903 4841 1136 4909 ratione,
1163 4843 1327 4912 quam
1361 4841 1652 4899 mundanis
1683 4842 1891 4902 deliciis
1916 4845 2010 4900 de-

443 4935 690 4991 leatetur.
721 4933 781 4990 Si
810 4947 942 5004 ergo
965 4946 1088 4989 eum
1122 4933 1463 4988 admiramini
1501 4941 1756 5003 tanquam
1779 4948 1811 4990 a
1833 4935 2014 4991 molli-

446 5023 517 5076 tie
534 5021 941 5089 abltorrentem,
973 5020 1199 5078 tribuite
1221 5021 1384 5078 etiam
1406 5021 1483 5077 illi
1511 5021 1822 5078 ﬁrmitatem
1846 5025 2012 5081 animi

444 5111 710 5180 ejusmodi
752 5110 1036 5170 laboriosa:
1069 5114 1196 5169 vita:
1224 5116 1652 5171 convenientem.
1701 5114 1760 5172 Si
1790 5128 1921 5172 vero
1952 5117 2008 5172 in

443 5201 654 5271 optimo
681 5201 806 5257 vita:
835 5216 1034 5272 genere
1072 5204 1206 5260 nihil
1232 5206 1466 5276 amplius
1497 5206 1757 5273 statuitis,
1792 5208 1888 5264 sed
1916 5221 2010 5264 eo-

446 5293 568 5347 dem
601 5289 793 5348 ordine
843 5291 1057 5350 babetis
1092 5309 1217 5351 eum
1243 5296 1338 5366 qui
1385 5296 1598 5354 laborat
1645 5312 1768 5353 cum
1816 5313 1884 5354 eo
1912 5299 2010 5370 qui

449 5381 754 5449 deiiciatur,
801 5395 919 5449 cur,
968 5385 1292 5455 contemptis
1320 5385 1387 5440 iis
1415 5385 1508 5455 qui
1558 5386 1747 5444 sericis
1773 5388 2011 5444 vestibus

449 5479 676 5526 utuntur
705 5479 762 5528 et
803 5471 859 5527 in
905 5471 1046 5529 aulis
1087 5486 1274 5544 regum
1306 5483 1627 5545 versantur,
1670 5490 1795 5533 eum
1831 5476 2012 5548 quiin

526 5651 571 5684 “
598 5647 740 5705 Psal.
773 5663 928 5717 xcut,
967 5651 1052 5704 ll.

2111 3222 2130 3254 ι
2162 3205 2267 3258 Ἴδε
2295 3203 2324 3256 6
2343 3204 2533 3275 ’Δμνδς
2563 3203 2658 3256 τοῦ
2696 3203 2852 3270 Θεοῦ,
2881 3205 2910 3257 6
2942 3204 3110 3275 αἴρων
3156 3206 3255 3275 τὴν
3291 3208 3577 3280 ἁμαρτίαν
3597 3209 3690 3264 τοῦ

2105 3295 2394 3365 κόσμους»
2439 3295 2550 3349 Καὶ
2607 3290 2675 3367 ἦν
2722 3295 2782 3348 οὐ
2838 3296 3033 3366 μικρὸν
3083 3295 3334 3350 ἐντεῦθεν
3395 3300 3689 3356 ὑπολαϐεῖν

2106 3384 2323 3437 ἔσεσθαι
2345 3387 2455 3449 τοῖς
2481 3385 2657 3455 ὄχλοις
2680 3385 2741 3438 τὸ
2773 3384 2985 3456 βλάϐος.
3013 3385 3221 3440 Οὐκοῦν
3249 3386 3310 3440 τὸ
3339 3389 3692 3462 συμϐεϐηκὸς

2107 3475 2288 3537 αὐτοῖς
2325 3475 2642 3546 θεραπεύων
2676 3474 2868 3540 πάθος,
2899 3477 2994 3528 καὶ
3038 3477 3137 3547 τὴν
3168 3477 3278 3532 ἀπὸ
3311 3478 3402 3531 τοῦ
3454 3481 3690 3535 σκανδά-

2106 3566 2220 3636 λου]
2253 3565 2456 3636 ζημίαν
2503 3563 2836 3637 ἀπορριζῶν,
2894 3567 3044 3636 λέγει
3090 3568 3227 3640 πρὸς
3283 3569 3512 3635 αὐτούς·
3558 3592 3576 3625 ι
3625 3569 3690 3624 Τί

2107 3657 2357 3726 ἐξήλθετε
2389 3657 2469 3719 είς
2499 3655 2598 3727 τὴν
2629 3655 2832 3726 ἔρημον
2871 3657 3034 3723 ίδεῐν;
3064 3658 3311 3730 κάλαμον
3344 3660 3449 3713 ὑπὸ
3483 3661 3688 3732 ἀνέμου

2109 3748 2504 3818 σαλευόμενονς
2537 3765 2556 3798 ι
2603 3746 3015 3816 Ἐθαυμάσατε,
3060 3750 3222 3820 φησὶ,
3267 3751 3361 3804 τὸν
3418 3753 3686 3822 μακάριον

2108 3838 2440 3907 Βαπτιστὴν,
2471 3837 2567 3890 καὶ
2609 3836 2673 3905 δὴ
2709 3837 2804 3889 καὶ
2836 3837 2936 3908 τὴν
2975 3837 3108 3908 πρὸς
3159 3839 3323 3893 αὑτὸν
3374 3841 3688 3913 ἀποδημίαν

2108 3927 2431 3983 ἐπονίσασθε
2475 3926 2755 3992 πολλάκις,
2785 3927 2885 3991 τὰς
2923 3926 3065 3980 οὕτω
3098 3929 3313 3999 μακρὰς
3343 3933 3441 3996 τῆς
3478 3933 3685 4004 ἐρήμου

2108 4019 2525 4092 κατατρίϐοντες
2553 4019 2728 4085 ὁδοὺς,
2762 4021 2857 4074 καὶ
2887 4019 3070 4092 ἱδρῶτι
3101 4021 3281 4093 πολλῷ
3311 4021 3409 4094 τὴν
3437 4025 3685 4079 ἐντεῦθεν

2108 4112 2374 4183 ὠφέλειαν
2422 4109 2740 4182 ὠνούμενοι.
2773 4112 2898 4182 Ἆρ’
2935 4107 3030 4166 οὖν
3061 4112 3185 4184 είκῆ
3227 4115 3320 4167 καὶ
3357 4116 3695 4188 προχείρως,

2109 4205 2295 4275 φησὶν,
2329 4202 2685 4275 ἐθαυμάζετε,
2714 4205 2874 4275 είπερ
2899 4202 3073 4267 οὕτως
3095 4203 3258 4258 αὐτὸν
3290 4205 3521 4277 ἐλαφρὸν
3541 4206 3684 4277 ἔχειν

2109 4296 2286 4349 οἴεσθε
2324 4295 2416 4350 τὸν
2452 4295 2597 4362 νοῦν,
2639 4296 2716 4358 ὡς
2753 4296 3131 4366 προσεοικέναι
3181 4296 3409 4368 καλάμῳ
3446 4298 3522 4367 τῷ
3563 4297 3681 4350 λίαν

2110 4385 2341 4454 ἑτοίμως
2377 4385 2462 4453 ἐφ’
2487 4385 2626 4454 ὅπερ
2661 4385 2727 4439 ἂν
2758 4383 2970 4455 συνωθῇ
3013 4385 3074 4438 τὸ
3103 4385 3318 4457 πνεῦμα
3352 4386 3678 4441 συννεύοντι.

2041 4461 2086 4516 D
2115 4474 2238 4538 Πῶς
2264 4473 2372 4546 γὰρ
2398 4474 2517 4544 οὐχὶ
2542 4473 2779 4538 τοιοῦτος
2799 4474 2875 4528 ὣν
2898 4476 3273 4546 εὑρεθήσεται,
3305 4476 3464 4548 είπερ
3491 4478 3678 4543 ὅντως,

2109 4565 2168 4618 ὃν
2181 4564 2338 4630 οἶδεν,
2353 4567 2566 4635 ἀγνοεῖν
2577 4566 2846 4636 ὁμολογεῖ,
2863 4567 2927 4620 ἐκ
2943 4567 3145 4639 πολλῆς
3163 4585 3307 4631 τινος
3321 4568 3478 4622 τοῦτο
3496 4567 3684 4623 παθὼν

2111 4657 2405 4729 ἐλαφρίας;
2440 4656 2579 4710 Ἀλλ’
2606 4657 2665 4710 ού
2693 4657 2938 4729 κάλαμον
2973 4659 3072 4729 μέν
3094 4674 3108 4689 ο
3146 4679 3164 4711 ι
3193 4659 3258 4712 Τί
3288 4659 3346 4713 δέ
3374 4659 3523 4730 ὅμως
3557 4659 3685 4713 ίδείν

2109 4746 2394 4818 lenaeus;
2417 4746 2734 4818 ’Ἄνθρωπον
2755 4748 2812 4801 ἐν
2839 4749 3099 4818 μαλακοῖς
3119 4749 3524 4820 ὴμφιεσμένον;
3555 4749 3684 4802 Ἰδοὺ

2110 4837 2161 4890 oi
2189 4836 2260 4891 τὰ
2291 4835 2512 4908 μαλακά
2537 4835 2829 4906 φοροῦντες
2864 4839 2923 4892 ἐν
2951 4839 3065 4902 τοῖς
3091 4839 3263 4901 οἴκοις
3285 4837 3396 4891 τῶν
3423 4837 3686 4908 βασιλέων

2116 4929 2272 4984 είσίν.
2300 4945 2319 4982 ι
2351 4923 2446 4993 Οἷς
2483 4927 2549 4998 δή
2582 4928 2674 4981 καὶ
2715 4929 2916 4998 μᾶλλον
2945 4930 3012 4985 ἀν
3056 4931 3165 5002 εἴη,
3199 4931 3386 5000 φησὶν,
3420 4927 3686 5000 ἁρμοδιώ-

2116 5037 2272 5092 τερον
2313 5019 2386 5075 τδ“
2417 5021 2475 5074 ἐν
2505 5021 2698 5091 φρεσὶν
2726 5020 2991 5091 ὑπάρχειν
3035 5021 3316 5092 ἐλαιρρατς.
3357 5021 3525 5075 Πόθεν
3579 5018 3685 5090 γὰρ

2117 5113 2146 5165 ὁ
2176 5110 2421 5176 σύντονος
2459 5109 2601 5177 οὓτω
2645 5111 2773 5183 περὶΙ
2820 5111 2918 5182 τὴν
2965 5110 3218 5182 ἄσκησιν,
3256 5110 3469 5182 βέϐαιός
3501 5127 3561 5164 τε
3596 5109 3689 5163 καὶ

2119 5203 2286 5267 πολὺς
2324 5205 2405 5267 εἰς
2443 5202 2506 5256 τὸ
2536 5203 2628 5258 καὶ
2663 5201 2842 5257 αὐτῶν
2865 5201 2975 5256 τῶν
3003 5201 3105 5271 τῆς
3137 5203 3340 5273 σαρκὸς
3385 5201 3686 5271 καταγωνί-

2121 5292 2308 5356 ζεσθαι
2340 5292 2548 5359 παθῶν,
2579 5293 2658 5357 είς
2691 5291 2960 5362 τοσαύτην
2991 5293 3230 5363 ἀμαθίαν
3261 5293 3586 5362 ﬁesﬁes-cat;
3616 5290 3688 5342 Τδ

2120 5385 2228 5456 γάρ
2269 5387 2326 5438 ἐν
2356 5385 2581 5456 τοιαύτῃ
2623 5385 2836 5438 κεῖσθαι
2875 5385 3111 5449 διανοίας
3159 5384 3473 5456 κουφότητι,
3513 5382 3689 5456 ψυχῆς

2121 5477 2188 5561 ἀν
2216 5477 2323 5548 είη,
2358 5477 2542 5550 φησιν,
2571 5475 2631 5530 ού
2665 5476 3106 5548 σκληραγωγίαις
3147 5474 3370 5548 μᾶλλον,
3397 5475 3532 5530 ἀλλά
3575 5474 3689 5533 ταῖς
