4056 6264
244 373 330 433 Πῧ

1658 357 2101 419 ΤΗΕδᾹυῐιυΞι.

3378 356 3485 415 1⁸14

247 495 291 546 δν
326 487 519 557 κόσμῳ
566 483 814 556 τρυφαῖς
875 477 1165 552 ἡδομένης.
1194 479 1263 533 Εἰ
1316 497 1413 551 μεν
1457 475 1550 534 οὖν
1594 478 1668 545 ὡς
1712 480 1847 543 ωζικ⁴

1949 480 2209 537 ulitudine
2236 479 2399 550 degit,
2442 475 2637 545 vilique
2664 474 2865 531 vestitu
2895 489 2995 531 seu
3023 475 3201 545 potius
3242 476 3366 546 pilis
3386 491 3481 533 ca-

246 583 353 637 δντα
390 582 451 633 ὲν
496 576 780 648 μαλακοῖς
829 571 1150 642 θαυμάζετε,
1176 570 1298 624 δότε
1344 574 1409 643 τῇ
1442 572 1673 641 ἀσκήσει
1716 570 1819 641 τὴν

245 673 363 742 αὐτῇ
429 668 770 739 πρέπουσαν
833 662 1147 732 ἀσφάλειαν.
1199 662 1266 715 Εἰ
1314 661 1371 714 δὲ
1426 663 1485 715 ὲν
1530 660 1609 732 τῷ
1671 659 1818 730 βιοῦν

241 764 433 833 ἀριστα
465 760 535 813 rb
564 756 730 811 πλέον
757 754 924 818 οὐδὲν,
954 754 1011 807 ιν
1039 753 1097 807 δὲ
1126 752 1218 825 {an
1243 750 1392 817 τάξει
1427 751 1517 805 τὸν
1557 752 1821 806 πονοῦντα

244 853 317 923 τῷ
343 849 633 925 τρυφῶντι
668 849 876 918 θήσετε,
904 845 960 898 τί
1000 844 1061 898 rb
1104 843 1383 915 σεμνύνειν
1430 843 1659 913 ἀφέντες
1696 843 1822 907 τοὺς

246 944 402 1012 οἷπερ
445 941 590 994 εἰσὶν
627 941 681 993 ἐν
716 938 979 1009 μαλακοῖς
1015 936 1238 1006 ἀμφίοις
1268 934 1363 990 καὶ
1396 936 1455 989 ὲν
1492 934 1685 999 αὐλαῖς
1724 934 1824 1004 βα-

254 1032 468 1097 σιλέων,
514 1032 613 1096 τάς
652 1033 706 1085 ὲν
744 1030 939 1101 ἐρήμῳ
984 1026 1293 1097 διατριϐὰς,
1341 1026 1437 1082 καὶ
1480 1023 1824 1097 πριὸὀλαιον

256 1125 492 1189 εὐτελὲς,
524 1122 720 1192 μᾶλλον
744 1122 802 1174 δὲ
834 1120 933 1184 τὰς
965 1121 1032 1173 ἐκ
1069 1121 1331 1191 καμήλων
1376 1118 1568 1191 τρίχας
1613 1116 1826 1187 θαυμά·

258 1213 404 1281 ζετε;
458 1212 595 1266 Ἀλλ’
631 1208 785 1281 οἶμαι
836 1211 1180 1281 δυσωπήσειν
1220 1210 1364 1279 ὑμᾶς
1404 1209 1465 1262 τὸ
1509 1210 1569 1262 ὲν
1610 1204 1826 1270 τούτοις

257 1305 471 1371 ἄτοπον,
519 1302 878 1374 ἀξιοζήλωτον
908 1301 966 1353 δὲ
1008 1301 1177 1364 ὅντως
1212 1301 1388 1372 ἐρεῖτε
1416 1299 1507 1352 τὸν
1557 1297 1825 1369 μακάριον

256 1396 577 1466 Βαπτιστήν.
604 1390 732 1463 'Ap’
757 1387 851 1445 οὖν
880 1390 1056 1444 οἴεσθε
1107 1390 1394 1461 προφήτην
1439 1388 1704 1459 ὑπάρχειν
1731 1388 1828 1440 αὐ-

254 1490 368 1555 τόνλ
398 1487 509 1541 Ναὶ
536 1486 848 1557 προφήτην,
892 1482 1091 1554 μᾶλλον
1118 1483 1175 1535 δὲ
1205 1481 1303 1535 καὶ
1326 1482 1609 1552 προφήτου
1634 1481 1826 1534 πλεον·

262 1578 514 1633 εκτοῦντα
534 1577 596 1629 rb
622 1575 841 1645 μέτρον.
870 1574 933 1625 0i
961 1572 1060 1642 μὲν
1092 1570 1202 1642 γὰρ
1228 1570 1303 1633 ὡς
1336 1571 1456 1641 ἥξει
1497 1570 1830 1641 προεκήρυτι

262 1686 368 1733 τον,
391 1666 545 1720 οὐπω
575 1664 816 1736 παρόντα
842 1662 1128 1732 θεώμενον
1161 1663 1193 1714 6
1214 1661 1273 1715 δὲ
1306 1660 1369 1714 τὸ
1401 1659 1829 1730 συναμφότερον.

268 1756 607 1826 Πανταχόθεν
627 1752 909 1823 τοιγαροῦν
926 1754 957 1805 6
972 1752 1157 1823 Σωτὴρ
1182 1750 1513 1819 ἀξιάγαστον
1535 1745 1697 1805 οὖσαν
1713 1751 1834 1802 ἐπι-

1920 574 2192 629 melorunt
2218 572 2477 637 induitur,
2506 568 2879 625 admiramini?
2906 566 3013 623 Sed
3037 577 3166 637 puto
3189 582 3284 624 ros
3309 573 3484 626 vereri

1919 664 2312 722 sbsurditatem
2349 663 2512 732 hujus
2555 662 2667 728 rei;
2715 659 2978 717 Joannem
3022 674 3152 715 vero
3183 660 3483 729 Baptistam

1922 755 2285 811 admiratione
2316 753 2539 824 dignum
2581 766 2705 809 esse
2750 752 2966 809 dicetis.
3014 751 3352 807 Existimatio
3384 752 3487 807 ita-

1919 862 2029 919 que
2073 847 2393 917 prophetam
2442 846 2619 916 ipsum
2658 846 2820 902 esse?
2865 845 3021 901 Certe
3070 846 3333 917 propheta
3382 857 3487 912 est,

1922 939 2032 995 imo
2061 939 2241 1008 potius
2263 935 2652 1007 prophetarum
2671 935 3033 992 conditionem
3064 936 3223 1006 longe
3246 946 3488 1006 superat.

1923 1031 2206 1099 Propheta!
2245 1030 2394 1085 enim
2436 1040 2725 1085 venturum
2767 1042 2891 1083 eum
2930 1029 3316 1098 prmiserunt,
3359 1044 3493 1099 με.
3557 1054 3567 1063 .

1924 1130 2134 1178 sentem
2184 1129 2364 1175 tamen
2406 1133 2512 1173 non
2556 1119 2813 1173 viderunt
2840 1132 2858 1173 :
2890 1118 2979 1173 hic
3026 1134 3156 1173 vero
3185 1129 3495 1188 utrumque.

1926 1212 2006 1268 ιιι
2033 1211 2285 1268 Christus
2328 1211 2709 1266 admirandum
2748 1209 3000 1263 omnibus
3040 1209 3215 1265 modis
3242 1209 3500 1279 Baptista

1928 1301 2233 1359 institutum
2270 1314 2393 1355 esse
2426 1299 2685 1363 ostendit,
2714 1307 2776 1352 ut
2816 1298 3073 1354 credatur
3113 1314 3243 1354 vera
3300 1302 3499 1369 praedi-

1929 1405 2092 1457 care;
2141 1405 2207 1446 ac
2250 1399 2481 1446 testatur
2527 1388 2744 1459 quidem
2780 1387 2899 1457 ipse
2946 1388 3001 1443 in
3039 1388 3325 1444 sublimem
3375 1404 3498 1443 eum

1930 1482 2253 1552 dignitatern
2289 1480 2577 1543 extollens,
2620 1488 2674 1535 et
2712 1481 3011 1548 prophetas
3050 1478 3315 1535 excellere
3363 1480 3501 1535 nﬂlr-

1931 1588 2109 1629 mane.
2137 1572 2337 1641 Adjicit
2364 1584 2498 1628 vero
2524 1570 2707 1625 statim
2733 1585 2840 1640 quo
2868 1580 3025 1640 pacto
3044 1572 3159 1626 suis
3189 1572 3367 1627 verbis
3391 1570 3498 1628 Pa-

1934 1663 2036 1721 tris
2070 1664 2237 1719 etiam
2269 1678 2368 1719 vox
2406 1662 2755 1732 respondeat,
2797 1670 2858 1717 ut
2900 1663 3296 1731 quodaminodo
3327 1665 3495 1720 etiam

1934 1770 2002 1811 ex
2040 1754 2197 1825 legali
2239 1754 2451 1823 iustitia
2508 1752 2877 1808 testimonium
2920 1754 2986 1809 de
3026 1769 3093 1810 eo
3130 1755 3501 1827 consignetar.

274 1847 501 1900 δεικνύει
524 1846 622 1915 τὴν
649 1842 737 1896 ἐπὶ
756 1841 831 1912 τῷ
854 1840 1131 1913 προδρόμῳ
1154 1840 1430 1911 διάληψιν,
1460 1839 1546 1893 ἵνα
1574 1838 1835 1909 φαίνηται

1949 1863 1962 1897 ι
1994 1844 2089 1901 llic
2122 1845 2266 1899 enim
2310 1851 2413 1910 est,
2447 1843 2644 1912 inquit,
2680 1842 2748 1898 de
2772 1856 2879 1911 quo
2918 1843 3179 1912 scriptum
3213 1853 3333 1899 est:
3360 1845 3504 1900 Ecce

280 1937 517 2008 κηρύξας
546 1934 745 2003 ἀληθῆ·
778 1935 865 1986 καὶ
897 1936 1165 2004 μαρτυρεῖ
1197 1932 1297 2001 μὲν
1331 1930 1492 1993 αὐτὸς
1524 1932 1602 1994 εἰς
1634 1929 1838 2001 ὑψηλὸν

271 2027 547 2097 ἀναφέρων
584 2024 815 2095 ἀξίωμα,
853 2026 946 2078 καὶ
992 2022 1346 2095 προφητικῶν
1388 2021 1705 2087 ἐξάλλεσθαι
1748 2021 1839 2075 τό·

264 2134 376 2169 πων
400 2116 490 2169 τὸν
514 2115 683 2186 ἄνδρα
703 2115 1021 2169 διαϐεϐαιού
1032 2132 1210 2185 μενος.
1231 2114 1569 2185 Παρατίθησι
1596 2114 1653 2167 δὲ
1678 2112 1840 2176 εὐθὺς

254 2208 325 2268 ὡς
361 2208 473 2270 τοῖς
506 2206 707 2260 ἑαυτοῦ
749 2207 937 2273 λύγοις
980 2206 1214 2258 ἐποιεῖτο
1254 2204 1468 2273 γείτονα
1494 2204 1586 2257 τοῦ
1627 2203 1841 2275 Πατρδς

248 2297 347 2368 τὴν
393 2299 609 2368 φωνὴν,
634 2300 730 2350 ἳνα
758 2296 962 2366 τρόπον
990 2295 1113 2348 τινὰ
1142 2295 1236 2350 καὶ
1279 2296 1344 2348 εκ
1370 2294 1590 2363 νομικοῦ
1629 2293 1846 2348 δικαιῶ-

255 2406 435 2459 ματος
466 2391 508 2455 ἡ
546 2388 634 2440 ἐπ’
667 2385 819 2455 αὐτῷ
868 2384 1145 2455 μαρτυρία
1209 2383 1589 2453 σφραγίζηται.
1639 2403 1657 2435 ι
1685 2378 1849 2449 Οὗτος

253 2479 374 2548 γάρ
401 2479 545 2542 ἐστι,
581 2476 749 2545 φησὶ,
784 2472 913 2542 περὶ
944 2467 1003 2527 οὗ
1039 2473 1375 2545 γέγραπται·
1415 2470 1541 2526 Ἰδού
1579 2469 1685 2539 ἐγὼ
1716 2470 1851 2524 ἀποο

257 2566 472 2621 στέλλω
500 2566 593 2619 τὸν
620 2561 857 2635 ἄγγελόν
884 2580 990 2632 μου
1022 2562 1125 2635 πρὸ
1153 2561 1444 2635 προσώπου
1473 2578 1585 2628 σευ,
1615 2561 1669 2625 ὃς
1695 2578 1851 2617 κατα-

258 2657 521 2713 σκευάσει
570 2656 672 2728 τήν
719 2656 841 2710 ὀδόν
899 2672 994 2709 σου
1047 2655 1353 2726 ἔμπροσθέν
1404 2673 1515 2709 σου.
1545 2675 1564 2706 ι
1616 2651 1749 2708 Εἶτα
1796 2655 1849 2708 τί

259 2764 427 2818 φησιν
454 2748 550 2799 ἐπὶ
574 2745 792 2807 τούτοις
818 2744 947 2815 περὶ
974 2743 1170 2811 αὐτοῦς
1206 2747 1375 2816 ’Δμήν
1403 2746 1541 2816 λέγω
1569 2748 1717 2818 ὑμῖν,
1745 2746 1846 2800 οὐκ

259 2840 560 2909 ἐγήγερται
605 2838 664 2889 ὲν
710 2837 991 2904 γεννητοῖς
1034 2837 1307 2904 γυναικῶν
1353 2837 1553 2907 μείζων
1599 2838 1845 2891 Ἰωάννου

261 2929 359 2982 τοῦ
390 2927 717 2993 Βαπτιστοῦ,
742 2931 771 2981 6
807 2923 862 2981 δὲ
894 2927 1214 2999 μικρότερος
1232 2931 1299 2982 ἐν
1326 2931 1393 3000 τῇ
1442 2928 1692 3001 βασιλείᾳ
1738 2929 1847 2982 τῶν

261 3024 537 3096 οὐρανῶν,
572 3021 770 3093 μείζων
821 3020 984 3074 αὐτοῦ
1035 3022 1200 3074 ἐστιν.
1226 3038 1243 3070 ι
1284 3022 1427 3093 Ὅρα
1464 3022 1528 3093 δὴ
1580 3022 1742 3074 πάλιν
1791 3025 1851 3075 ὲν

264 3115 482 3177 τούτοις
531 3114 661 3184 ὅσην
710 3114 996 3183 ἐποιήσατο
1051 3111 1148 3182 τὴν
1199 3112 1512 3182 οἰκονομίαν
1559 3113 1587 3164 6
1634 3112 1849 3182 Σωτήρ.

1938 1955 2041 2011 ego
2068 1940 2277 1994 mittam
2315 1939 2565 2010 angelum
2597 1952 2777 1993 meum
2820 1946 2947 1994 ante
2986 1938 3182 1994 faciem
3210 1949 3379 2006 tuam,
3409 1942 3504 2009 qui

1940 2031 2151 2103 parabit
2190 2031 2333 2086 viam
2378 2040 2525 2087 tuam
2571 2038 2698 2087 ante
2730 2041 2800 2087 te.
2838 2048 2857 2082 ι
2902 2030 3041 2096 Quid
3070 2046 3201 2087 vero
3242 2041 3505 2100 praterea

1942 2125 2006 2180 de
2037 2137 2105 2179 eo
2139 2123 2481 2192 praedicat“
2508 2123 2681 2179 Amen
2732 2122 2855 2178 dico
2900 2123 3073 2187 vobis,
3119 2138 3223 2177 non
3268 2126 3509 2179 surrexit

1940 2210 2085 2269 inter
2126 2219 2285 2266 natos
2324 2210 2607 2265 mulierum
2656 2210 2828 2279 major
2866 2210 3071 2267 Joanne
3100 2210 3373 2281 Baptista;
3407 2214 3510 2269 mi-

1942 2317 2043 2360 nor
2074 2312 2259 2358 autem
2302 2302 2355 2357 in
2404 2317 2573 2371 regno
2602 2301 2863 2357 cmiorum
2910 2304 3082 2371 major
3120 2317 3185 2358 eo
3217 2312 3319 2360 est.
3356 2322 3376 2355 ι
3414 2304 3511 2359 Hic

1943 2391 2066 2446 vide
2105 2404 2296 2446 rursus
2335 2399 2533 2459 quanta
2584 2390 2889 2445 mcenomia
2940 2406 3073 2447 usus
3112 2393 3188 2447 sit
3231 2392 3511 2448 Servatur.

1944 2479 2220 2536 Prolixum
2251 2479 2396 2533 enim
2430 2479 2495 2536 de
2534 2478 2774 2549 Baptista
2810 2480 3000 2536 habuit
3030 2496 3356 2538 sermonem.
3395 2481 3517 2553 Opi-

1945 2573 2161 2630 nionem
2198 2571 2344 2627 enim
2375 2586 2512 2640 quae,
2542 2582 2601 2626 ut
2634 2573 2930 2628 verisimile
2962 2584 3068 2639 est,
3095 2573 3267 2629 fraudi
3300 2574 3399 2644 ipsi
3432 2576 3515 2629 fu-

1950 2674 2071 2720 tura
2112 2668 2251 2729 erat,
2308 2662 2518 2731 repulit.
2558 2662 2804 2733 Cumque
2843 2662 2995 2719 illum
3042 2664 3244 2733 aliquid
3285 2665 3515 2735 amplius

1948 2768 2115 2823 quam
2141 2752 2458 2822 prophetam
2502 2754 2704 2809 habere
2728 2754 2976 2818 dixisset,
3023 2756 3381 2812 admiratione
3430 2767 3517 2809 at-

1950 2857 2057 2913 que
2112 2857 2297 2901 amore
2346 2843 2571 2913 dignum
2621 2844 2957 2899 auditoribus
3000 2846 3256 2902 ostendit.
3315 2846 3520 2903 Deinde

1953 2931 2111 3004 105
2143 2948 2248 2988 non
2286 2935 2589 2989 surrexisse
2621 2934 2796 3004 inquit
2828 2947 2859 2988 e
2888 2934 3033 2989 natis
3074 2936 3365 2990 mulierum
3407 2951 3522 2991 ma-

1948 3027 2143 3094 jorem.
2189 3024 2321 3081 Cum
2372 3026 2538 3095 igitur
2590 3025 2743 3080 illum
2773 3026 2935 3080 veluti
2971 3026 3261 3093 imaginem
3296 3042 3524 3083 summa

1956 3116 2193 3180 virtutis,
2222 3130 2343 3187 quae
2371 3116 2422 3170 in
2447 3126 2604 3171 natos
2629 3128 2660 3169 e
2686 3114 3005 3170 mulieribus
3034 3116 3273 3182 caderet,
3306 3116 3527 3172 statuis-

265 3208 456 3270 Πολὺς
494 3204 643 3275 αὐτῷ
678 3205 771 3257 καὶ
809 3204 1010 3278 μακρὸς
1040 3205 1172 3274 περὶ
1204 3203 1302 3257 τοῦ
1342 3204 1497 3271 ἁγίου
1547 3202 1847 3259 Βαπτιστοῦ

1957 3216 2062 3273 set,
2100 3206 2273 3275 majus
2301 3206 2503 3261 bonum
2548 3205 2793 3277 opponit,
2825 3206 2928 3260 hoc
2958 3214 3064 3270 est,
3096 3206 3187 3276 qui
3225 3221 3415 3262 recens
3439 3221 3526 3262 re-

265 3298 558 3368 κεκίνηται
587 3296 759 3365 λόγος.
796 3296 903 3366 Τὴν
936 3295 1031 3366 μὲν
1065 3294 1197 3365 γάρ,
1223 3293 1345 3347 ὃθεν
1384 3289 1451 3363 ἦν
1485 3294 1629 3357 είκὸς
1668 3294 1855 3363 ἀδικη-

263 3388 537 3462 θήσεσθαί
565 3406 680 3451 πως
719 3386 901 3452 αὐτὸν,
945 3383 1327 3456 ἀπεκρούσατο
1361 3383 1541 3449 δόξαν.
1572 3385 1856 3455 Προφήτω

264 3483 328 3536 δέ
366 3500 422 3535 τι
466 3481 628 3534 πλέον
678 3478 822 3549 ἔχειν
872 3475 1065 3543 εἰπὼν,
1116 3473 1553 3545 άξιοθαύμαστον
1620 3473 1720 3544 ήδη
1766 3474 1858 3527 καὶ

265 3573 719 3646 ἀξιεραστότατον
738 3571 848 3632 τοῖς
869 3568 1241 3638 ἀκροωμένοις
1260 3567 1548 3619 ἐδείκνυεν.
1571 3560 1702 3619 Εἶτα
1723 3563 1856 3635 πρὸς

269 3668 485 3730 τούτοις
515 3668 615 3719 οὐκ
648 3663 943 3736 ὲγηγέρθαι
975 3659 1140 3729 φησιν
1175 3661 1230 3712 ὲν
1271 3660 1545 3729 γεννητοῖς
1584 3656 1857 3726 γυναικῶν

271 3759 522 3829 μείζονα.
546 3755 747 3809 Εἰκὸνα
771 3750 1063 3825 τοιγαροῦν
1092 3750 1278 3820 ὥσπερ
1307 3750 1467 3804 αὐτὸν
1500 3750 1722 3813 ἀναθεὶς
1755 3748 1857 3818 τῆς

264 3850 504 3921 ἐνούσης
554 3846 754 3918 ἀρετῆς
794 3846 852 3899 ὲν
890 3845 1172 3914 γεννητοῖς
1214 3842 1486 3911 γυναικῶν
1519 3840 1748 3911 ἔχουσαν
1797 3838 1860 3892 rb

265 3939 606 4009 ἀκρότατον,
658 3932 1151 4004 ἀντιπαρατίθησιν
1202 3932 1262 3984 τὺ
1328 3929 1587 4002 μειζόνως
1633 3929 1857 3997 ἀγαθὸν,

267 4029 548 4092 τουτέστι,
590 4027 683 4080 τὺν
720 4026 846 4096 ἄρτι
878 4027 979 4097 τῆς
1014 4022 1289 4095 βασιλείας
1326 4022 1627 4093 ἁψάμενον,
1660 4021 1752 4075 καὶ
1781 4022 1861 4085 εἰς

267 4120 391 4171 υἱὸν
435 4116 872 4187 ἀναγεννηθὲντα
902 4114 1037 4168 Θεοῦ
1068 4115 1156 4169 διὰ
1185 4113 1279 4168 τοῦ
1309 4097 1622 4184 Πνεύματος
1641 4130 1654 4143 “
1692 4113 1757 4165 ἵν’
1802 4112 1863 4177 ἐξ

266 4205 349 4263 ῶν
388 4211 598 4271 ἐκεῖνος
641 4206 702 4258 rb
734 4207 950 4260 ἔλαττον
991 4207 1127 4276 ἔχων
1153 4204 1533 4275 θαυμάζεται,
1574 4200 1865 4269 ἀξιολογώ-

267 4318 431 4355 τατοι
469 4299 752 4369 φαίνοιντο
784 4300 880 4367 τῆς
913 4295 1183 4367 βασιλείας
1221 4298 1268 4349 οἱ
1317 4294 1555 4365 μέτοχοι,
1603 4289 1866 4363 βαδίζοιεν

267 4388 329 4442 δὲ
368 4388 672 4464 προθύμως
704 4385 845 4449 τινὲς
890 4386 981 4437 ἐπὶ
1016 4383 1076 4439 rb
1120 4383 1387 4456 ἁρπάζειν
1429 4382 1620 4452 αὐτήν,
1667 4383 1731 4435 ὲκ
1769 4384 1867 4454 τῆς

280 4478 548 4533 Ἰωάννου
581 4477 748 4549 τιμῆς
771 4477 832 4531 τὸ
862 4475 1167 4548 ὑπερφέρον
1201 4476 1373 4546 αὐτῆς
1400 4473 1863 4547 ἀναμετρούμενοι

1956 3314 2121 3369 gnum
2154 3297 2415 3354 eteiorum
2462 3307 2790 3354 consecutus
2817 3307 2983 3361 esset,
3031 3307 3087 3353 et
3129 3299 3180 3354 in
3226 3299 3393 3355 filium
3429 3298 3525 3356 Dei

1959 3399 2313 3460 regeneratus
2341 3404 2437 3458 per
2466 3389 2749 3458 Spiritum,
2802 3399 2859 3445 ut
2884 3404 2952 3446 ex
2986 3390 3186 3460 quibus
3218 3391 3307 3448 ille
3346 3392 3527 3448 minus

1957 3482 2189 3546 balteus,
2220 3480 2561 3537 admirationi
2592 3490 2757 3548 esset,
2787 3480 2937 3551 regni
2972 3480 3258 3551 participes
3291 3480 3525 3536 admira-

1930 3572 2110 3626 .tione
2137 3570 2442 3640 dignissimi
2474 3571 2779 3635 videantur,
2827 3580 2993 3641 utque
3042 3572 3133 3627 alii
3165 3573 3419 3628 alacriter
3458 3574 3528 3629 ad

1958 3662 2354 3732 capessendum
2397 3662 2529 3717 illud
2577 3662 2934 3728 contendant,
2992 3676 3060 3717 ex
3097 3661 3319 3719 Joannis
3356 3662 3526 3733 gloria

1960 3752 2280 3807 immensam
2332 3752 2474 3808 illius
2518 3752 2980 3821 pulchritudinem
3028 3754 3380 3809 mstimantes.
3426 3753 3530 3808 Ne-

1960 3857 2065 3913 que
2091 3843 2234 3899 cnim
2256 3843 2350 3913 qui
2375 3858 2499 3899 cum
2522 3859 2690 3914 parva
2716 3860 2775 3899 re
2807 3845 3110 3908 contendit,
3141 3860 3391 3914 magnam
3418 3844 3533 3911 κιο.

1963 3928 2098 3983 riam
2126 3931 2381 4001 consequi
2404 3941 2605 4001 petest,
2631 3934 2725 3987 sed
2755 3932 2801 3985 si
2828 3947 2951 3987 cum
2980 3946 3175 3999 magno
3196 3930 3531 3995 conferatur,

1962 4016 2164 4083 majore
2219 4033 2474 4075 mensura
2522 4020 2701 4072 vineit.
2750 4019 2994 4086 Regnum
3044 4027 3223 4071 autem
3268 4017 3531 4072 caelorum

1964 4107 2198 4178 Spiritus
2247 4110 2448 4163 donum
2500 4121 2624 4162 esse
2659 4106 2910 4173 dicimus,
2939 4105 3092 4175 juxta
3154 4107 3284 4163 illud
3329 4107 3533 4163 Christi

1963 4200 2162 4257 dictum
2199 4218 2211 4257 :
2247 4216 2266 4250 ι
2300 4196 2547 4267 Regnum
2577 4196 2838 4254 caelorum
2875 4198 3017 4253 intra
3039 4213 3138 4256 vos
3168 4210 3251 4255 est
3270 4199 3336 4252 ⁸³.
3368 4217 3387 4253 ι
3419 4198 3532 4255 Ma-

1959 4290 2045 4360 jor
2075 4292 2257 4364 itaque
2283 4290 2536 4346 omnibus
2566 4289 2710 4346 nalis
2732 4304 2762 4345 e
2793 4290 3018 4347 muliere
3043 4301 3144 4360 est,
3167 4293 3257 4364 qui
3291 4307 3385 4363 per
3414 4293 3536 4363 Spi-

1966 4380 2145 4434 ritum
2176 4392 2525 4451 regeneratus
2566 4389 2669 4436 est.
2718 4379 2798 4435 illi
2829 4382 2974 4435 enim
3016 4383 3191 4438 adhuc
3228 4382 3321 4437 lilii
3356 4383 3536 4438 carnis

1969 4470 2331 4540 appellantur;
2383 4470 2434 4524 Ιιί
2472 4485 2600 4525 vero
2628 4469 2795 4525 Deum
2830 4472 2993 4526 totius
3035 4474 3273 4529 universi
3321 4472 3535 4528 Patrem

269 4569 511 4631 κάλλος.
538 4569 612 4621 Οὐ
647 4570 749 4639 γάρ
786 4569 847 4621 τὸ
903 4567 1082 4640 μικρῷ
1119 4584 1227 4620 τινι
1280 4564 1611 4635 φιλονεικοῦν
1653 4568 1732 4629 εἰς
1764 4582 1847 4618 πο-

1975 4569 2256 4625 vocantes,
2291 4569 2348 4613 ut
2376 4561 2470 4615 filii
2513 4576 2635 4615 eum
2665 4562 2937 4627 invocant,
2982 4564 3225 4618 dicentes
3258 4581 3271 4617 :
3310 4582 3328 4615 ι
3362 4565 3534 4628 Abba,

274 4662 513 4730 σὸτητα,
540 4659 641 4729 τὴν
672 4658 762 4711 τοῦ
804 4660 1040 4731 μεγάλου
1072 4658 1227 4723 δόξαν
1255 4659 1557 4724 ἀποίσεται,
1587 4658 1698 4714 ἀλλ’
1722 4660 1775 4713 εἴ
1803 4677 1859 4713 τι

272 4752 423 4821 πρὸς
458 4750 605 4821 μέγα
650 4749 747 4821 τήν
778 4750 1063 4820 σύγκρισιν
1109 4749 1252 4821 ἔχοι,
1297 4748 1375 4821 τῷ
1422 4750 1622 4806 πλείονι
1672 4753 1858 4824 μέτρῳ

273 4844 407 4912 νικᾷ
432 4841 526 4894 καὶ
548 4840 946 4911 ὑπερτείνεται.
974 4841 1258 4895 Βασιλείαν
1279 4841 1334 4895 δὲ
1366 4840 1608 4914 οὐρανῶν
1632 4845 1731 4912 τὴν
1760 4842 1855 4895 τοῦ

276 4934 601 5004 Πνεύματος
648 4936 796 4988 δόσιν
838 4930 981 4988 εἷναί
1034 4952 1232 5005 φαμεν,
1280 4935 1421 4989 κατά
1464 4935 1524 4987 rb
1573 4935 1859 5006 εἰρημένον

276 5026 435 5096 παρά
482 5024 755 5097 Χριστοῦ’
796 5044 815 5077 t
854 5025 921 5078 Ἦ
969 5024 1215 5094 βασιλεία
1258 5024 1367 5077 τῶν
1423 5024 1666 5095 οὐρανῶν
1713 5021 1863 5083 ἐντὸς

281 5112 436 5183 ὑμῶν
483 5117 619 5169 ἔστι.
646 5135 665 5167 ι
704 5114 925 5179 Μείζων
962 5110 1055 5168 οὖν
1096 5114 1202 5182 ἄρα
1233 5115 1432 5175 παντὸς
1464 5111 1723 5182 γεννητοῦ
1767 5127 1867 5179 γυ·

276 5207 474 5269 ναικὸς
494 5209 522 5259 6
548 5210 612 5276 τῇ
638 5207 731 5261 τοῦ
760 5207 902 5261 Πνεύ
911 5224 1081 5277 ματος
1099 5207 1455 5276 ἀναγεννήσει
1484 5202 1863 5273 τετιμημένος.

279 5295 344 5346 Ui
381 5294 483 5365 μὲν
512 5298 621 5365 γὰρ
664 5295 741 5348 ἔτι
782 5296 952 5350 τέκνα
986 5295 1270 5349 καλοῦνται
1319 5291 1544 5364 σαρκὸς,
1574 5293 1622 5343 οἱ
1663 5291 1719 5344 δὲ
1749 5292 1865 5342 Πα-

277 5382 410 5455 τέρα
463 5383 558 5436 τὸν
598 5382 706 5436 τῶν
762 5384 903 5437 ὅλων
954 5382 1384 5455 ἐπιγραφόμενοι
1437 5380 1589 5444 Θεὸν,
1641 5379 1715 5439 ὡς
1758 5378 1866 5428 υἱοὶ

277 5474 691 5547 προσεύχονται,
722 5475 977 5544 λέγοντες
998 5490 1010 5503 ·
1044 5492 1063 5525 ι
1098 5473 1287 5538 Ἀϐὁᾶ,
1317 5474 1345 5525 6
1374 5472 1615 5542 Πατήρ.»
1650 5467 1862 5523 Οὐκοῦν

278 5565 320 5615 εἰ
355 5566 445 5619 καὶ
476 5565 791 5636 ἐνυπάρχῃ,
824 5562 983 5632 φησὶ,
1029 5561 1268 5633 γεννητῷ
1297 5559 1551 5630 γυναικὸς
1580 5559 1639 5611 τὸ
1683 5560 1739 5610 ὲν
1774 5556 1863 5624 ἔρ-

346 5743 383 5776 “
416 5745 551 5801 Luc.
584 5762 722 5813 xm,
756 5743 863 5797 2i.

949 5740 991 5771 “
1019 5740 1172 5796 Rom.
1209 5755 1320 5805 ml,
1367 5739 1447 5791 15.
1525 5738 1571 5768 ⁸⁵
1600 5735 1640 5788 ll
1680 5732 1830 5785 i‘clr.
1863 5747 1901 5795 l,
1941 5734 1985 5785 4.

1969 4647 2127 4704 Pater
2150 4651 2216 4703 “.
2247 4669 2265 4701 ι
2312 4649 2575 4716 Quocirca
2618 4653 2829 4707 tametsi
2878 4652 3154 4723 Baptistae,
3209 4667 3267 4708 ut
3318 4671 3384 4710 ex
3430 4672 3538 4709 mu-

1970 4740 2103 4795 liere
2143 4749 2292 4804 nato,
2324 4754 2534 4793 summa
2565 4755 2785 4809 operum
2820 4747 3132 4812 prasstautia
3164 4745 3329 4798 insit:
3364 4744 3538 4811 major

1970 4843 2148 4885 tamen
2197 4844 2260 4883 eo
2309 4830 2414 4883 erit
2464 4832 2555 4899 qui
2607 4833 2675 4885 ad
2719 4848 2941 4902 regnum
2995 4835 3255 4889 cmlorum
3315 4842 3538 4885 vocatus

1970 4923 2168 4985 fuerit;
2205 4921 2326 4988 quia
2361 4936 2464 4975 non
2500 4924 2733 4992 amplius
2775 4925 3059 4978 vocabitur
3096 4925 3237 4977 [ilius
3274 4923 3536 4987 mulieris,

1972 5012 2065 5065 sed
2093 5010 2287 5063 divinae
2315 5019 2519 5063 naturae
2551 5012 2824 5079 particeps
2849 5013 2939 5065 liet
2961 5013 3029 5075 ⁸⁵,
3060 5021 3115 5065 et
3144 5011 3285 5067 ﬁlius
3319 5011 3414 5067 Dei
3442 5028 3537 5066 vo~

1974 5102 2186 5156 cabitur
2208 5100 2252 5131 “
2280 5117 2293 5153 :
2322 5100 2538 5154 tametsi
2568 5102 2745 5154 minor
2766 5102 2837 5156 sit
2856 5101 2922 5155 iis
2945 5103 3035 5172 qui
3068 5096 3389 5173 perfectiora
3415 5118 3539 5161 sunt

1976 5192 2179 5255 habitu,
2231 5199 2285 5243 et
2315 5189 2540 5259 pusillus
2590 5189 2770 5245 infans
2821 5192 2993 5248 adhuc
3040 5209 3335 5265 recensque
3381 5206 3539 5251 natus

1973 5284 2235 5338 videatur.
2270 5281 2407 5348 Quia
2433 5296 2562 5337 vero
2592 5284 2926 5353 regeneratio
2957 5300 3054 5354 per
3087 5285 3346 5357 Spiritum
3376 5286 3541 5342 Joan-

1976 5376 2058 5429 nis
2085 5384 2138 5430 et
2174 5376 2416 5429 omnium
2449 5374 2541 5442 qui
2580 5390 2644 5429 ex
2691 5376 3004 5432 mulieribus
3046 5379 3158 5433 nati
3202 5387 3327 5432 sunt
3354 5379 3540 5437 condi-

1981 5467 2177 5520 tionem
2210 5465 2396 5520 muitis
2424 5466 2725 5521 intervallis
2752 5468 2822 5521 sit
2846 5481 3188 5539 superatura,
3220 5484 3323 5522 non
3355 5479 3542 5523 extra-

1978 5572 2109 5610 neus
2148 5556 2305 5611 nobis
2336 5555 2663 5624 quaerendus
2692 5566 2772 5612 est
2815 5561 2990 5627 testis,
3023 5559 3120 5614 sed
3150 5557 3386 5615 Joannes
3424 5559 3543 5629 ipse

2063 5736 2103 5763 ⁶⁶
2134 5735 2149 5785 Ι
2182 5735 2337 5791 Joan.
2372 5749 2458 5795 ιιι,
2496 5732 2545 5783 i.
