4078 6260
585 333 688 389 173

1573 320 1630 375 S.
1673 318 1951 375 CYRILLI
1990 316 2463 374 ALEXANDHINI
2500 314 2819 374 ARCHIEP.
3719 308 3812 364 l76

581 440 846 506 declarat,
885 437 1072 492 dicens
1104 435 1169 489 ad
1199 433 1382 490 Jesum
1417 451 1430 488 :
1469 451 1485 484 ι
1518 430 1666 500 Opus
1699 432 1830 485 mihi
1861 439 1944 485 est
1974 439 2032 486 ut
2053 429 2151 485 abs

2255 448 2372 500 γοις
2405 428 2715 502 ’ὲξαίρετον,
2758 427 2872 482 ἀλλ’
2918 425 3029 491 ἕξει
3059 425 3122 478 τὸ
3153 425 3335 496 μεῖζον
3367 423 3395 476 ὁ
3420 423 3553 495 πρὸς
3579 425 3674 496 τήν
3714 425 3816 482 τῶν

583 546 634 589 te
685 530 1035 601 haptizer"'.
1069 526 1258 581 r‘Ecce
1297 526 1439 581 enim
1480 523 1525 578 is
1559 523 1652 591 qui
1684 535 1891 576 summa
1930 521 2151 578 virtutis

503 630 510 640 ‘
580 620 916 691 perfectione
943 616 1204 688 praeditus
1237 610 1950 680 erat,regenerationis-per
1980 609 2149 679 Spiri-

581 727 694 769 tum
730 713 943 768 donum-
961 708 1155 779 poscit,
1185 712 1369 774 utpote
1398 703 1489 772 qui
1519 717 1614 773 per
1655 702 1710 757 id
1755 702 1927 772 major
1968 701 2151 770 seipso

541 842 546 847 -
577 803 893 859 εωοίειιᾱυε
921 808 1087 862 esset,
1121 809 1298 864 neque
1325 793 1557 863 amplius
1590 793 1642 848 id
1670 792 1972 858 habiturus,
2007 794 2150 862 quod

576 911 644 949 ex
675 893 914 948 muliere
929 897 1092 944 natus
1125 895 1295 952 esset,
1317 886 1412 940 sed
1446 886 1512 938 ad
1547 883 1784 939 divinam
1815 883 2148 938 nobilitatem

579 985 1015 1042 transformatus.
1054 978 1221 1047 Cujus
1250 978 1330 1031 rei
1374 975 1536 1031 ﬁdem
1571 975 1829 1030 Servatur
1854 975 1968 1045 ipse
1998 971 2145 1037 facit,

575 1091 681 1131 non
714 1075 924 1137 dicens,
965 1068 1167 1135 Habes,
1205 1067 1404 1131 amice,
1438 1067 1831 1136 perfectionem
1875 1067 1931 1121 in
1969 1065 2147 1133 bonis,

572 1169 737 1222 etiam
763 1165 900 1220 citra
933 1159 1420 1217 sanctiﬁcationem
1450 1158 1814 1228 baptismatis,
1858 1158 1951 1213 sed
1980 1157 2150 1228 signi-

573 1259 746 1312 ficans
780 1256 996 1326 quidem
1023 1267 1146 1307 eum
1172 1264 1517 1321 summopere
1552 1263 1617 1305 ea
1653 1250 1917 1320 indigere,
1949 1248 2146 1304 donum

573 1361 752 1404 tamen
787 1347 905 1415 ejus
942 1346 1020 1400 rei
1057 1344 1305 1399 consulto
1335 1343 1399 1397 in
1443 1341 1589 1396 aliud
1621 1349 1833 1410 tempus
1872 1339 2145 1396 diﬂ‘erens.

574 1439 685 1494 Hoc
721 1440 864 1493 enim
909 1438 1134 1492 omnino
1167 1434 1421 1490 existimo
1467 1431 1777 1504 significare
1811 1430 1978 1486 illud:
2009 1449 2028 1481 ‹
2059 1430 2149 1484 Di-

573 1533 730 1586 mitte
768 1532 928 1586 modo
951 1531 1018 1581 ⁶⁷.
1054 1547 1072 1580 ι
1122 1528 1275 1595 Quod
1309 1540 1440 1580 vero
1485 1537 1676 1580 rursus
1707 1539 1928 1594 regnum
1977 1523 2147 1579 caelo-

575 1641 691 1680 rum
720 1632 879 1680 vocet
909 1624 1107 1678 donum
1141 1621 1381 1690 Spiritus
1414 1618 1616 1684 sancti,
1658 1627 1713 1673 et
1751 1633 1872 1687 quae
1899 1632 1998 1687 per
2025 1632 2146 1673 eum

573 1717 848 1772 confertur
883 1712 1234 1769 credentibus
1281 1711 1766 1782 regenerationem,
1805 1709 2030 1764 minimo
2060 1722 2149 1764 ne-

2252 519 2496 592 ούρανῶν
2531 519 2808 590 βασιλείαν
2855 515 3191 586 κεκλημένος
3223 515 3311 569 διά
3340 514 3400 567 τὸ
3448 515 3644 586 μηκέτι
3694 533 3818 588 χρη-

2256 613 2505 684 ματίζειν
2533 612 2648 666 υἱὸν
2673 611 2952 682 γυναικὸς,
2982 610 3117 664 ἀλλὰ
3137 610 3287 673 Θείας
3322 607 3420 679 μὲν
3442 607 3653 676 φύσεως
3676 611 3822 678 γενέ»

2253 705 2378 759 σθαι
2424 706 2700 770 κοινωνὸν,
2745 705 2936 758 τέκνον
2977 702 3034 756 δὲ
3080 703 3183 772 ήδη
3232 698 3514 754 καλεῖσθαι
3547 699 3702 765 Θεοῦ,
3733 705 3823 755 καὶ

2249 797 2300 848 εί
2337 795 2654 867 μικρότερος
2703 795 2787 865 εἴη
2834 792 2943 845 τῶν
2989 793 3048 845 ἐν
3079 791 3188 855 ἔξει
3225 789 3593 859 τελειοτέρων,
3635 789 3822 862 βρέφος

2250 906 2309 942 τε
2362 888 2444 940 ἔτι
2503 888 2676 942 νοοῖτο
2727 887 2901 956 βραχύ
2955 884 3049 939 καὶ
3098 883 3401 956 ἁρτιγενές.
3449 883 3572 936 Ὅτι
3620 883 3677 936 δὲ
3722 884 3825 937 τῶν

2256 978 2510 1031 ’Ἰωάννου
2547 976 2780 1047 μέτρων,
2831 975 2863 1046 ἢ
2898 976 2992 1028 καὶ
3025 973 3220 1038 παντὸς
3252 973 3511 1045 γεννητοῦ
3559 975 3823 1042 γυναικῶν

2251 1071 2286 1138 ή
2315 1069 2402 1122 διὰ
2433 1067 2527 1122 τοῦ
2560 1067 2880 1137 Πνεύματος
2918 1066 3272 1138 ἀναγέννησις
3304 1066 3406 1119 οὐκ
3437 1064 3607 1137 ὀλίγῳ
3647 1065 3833 1132 διοίσει⁸

2248 1161 2421 1231 τόπῳ,
2453 1160 2513 1213 οὐ
2542 1158 2776 1230 θύραθεν
2805 1159 2937 1228 ἡμῖν
2965 1158 2992 1209 ὁ
3032 1158 3264 1228 μάρτυς,
3305 1148 3421 1209 ἀλλ’
3445 1155 3611 1218 αὐτὸς
3639 1155 3826 1225 ἀσεϐή-

2252 1270 2403 1306 σεται
2449 1251 2622 1319 λέγων
2661 1250 2799 1321 πρὸς
2843 1250 2933 1302 τὸν
2971 1248 3212 1319 Ἰησοῦν·
3252 1266 3270 1300 ι
3317 1246 3458 1315 Ἐγὼ
3496 1247 3688 1319 χρείαν
3727 1246 3826 1317 ἔχω

2251 1345 2355 1398 ὐπὸ
2384 1343 2477 1397 σοῦ
2509 1342 2894 1414 βαπτισθῆναι.
2920 1359 2939 1392 ι
2980 1341 3110 1393 Ἰδού
3147 1342 3275 1412 γὰρ,
3312 1339 3419 1392 ἰδοὺ
3455 1339 3641 1393 καίτοι
3667 1339 3726 1392 τὸ
3751 1337 3828 1392 τέο

2250 1437 2392 1491 λειον
2430 1437 2569 1508 ἔχων
2608 1440 2664 1490 ὲν
2700 1437 2900 1506 ἀρετῇ,
2948 1436 3047 1506 τῆς
3081 1433 3169 1488 διὰ
3192 1431 3309 1500 ,τοῦ
3345 1431 3662 1503 Πνεύματος
3704 1433 3826 1485 ἀνα-

2251 1529 2556 1599 γεννήσεως
2583 1529 2683 1597 τὴν
2715 1528 2875 1598 χάριν
2910 1530 3070 1591 αίτεῖ,
3104 1525 3180 1589 ὡς
3222 1528 3302 1589 είς
3328 1525 3391 1579 τὸ
3424 1526 3610 1597 μεῖζον
3643 1527 3674 1596 ἢ
3711 1524 3826 1578 καθ’

2249 1618 2444 1673 ἑαυτὸν
2489 1618 2556 1672 δι’
2601 1619 2772 1689 αὐτῆς
2819 1618 3263 1689 ἀναϐησόμενος,
3312 1619 3406 1671 καὶ
3448 1617 3511 1671 τὸ
3556 1618 3656 1687 μὲν
3696 1612 3826 1669 εἷναι

2249 1711 2508 1782 γεννητὸς
2540 1710 2799 1779 γυναικὸς
2837 1710 2935 1780 οὐχ
2978 1709 3115 1776 ἓξων
3166 1709 3266 1772 ἔτι,
3303 1709 3438 1778 πρὸς
3473 1709 3531 1762 δὲ
3561 1709 3657 1779 τὴν
3685 1707 3826 1761 θείαν

571 1809 716 1876 gotio
753 1807 914 1877 106
936 1807 1314 1861 demonstrare
1360 1818 1676 1873 possumus,
1723 1817 1790 1856 ex
1821 1802 1936 1856 istis
1975 1800 2145 1856 nostri

2249 1803 2530 1871 εὐγένειαν
2571 1802 3078 1874 ἁναμορφούμενος.
3119 1801 3336 1855 Βεϐαιοῖ
3372 1801 3429 1853 δὲ
3465 1801 3698 1870 μάλιστα
3734 1798 3825 1869 τὴν

571 1901 877 1956 Servatoris
899 1900 1084 1954 "verbis
1117 1916 1131 1953 :
1169 1916 1187 1950 ι
1217 1899 1262 1952 Α
1298 1897 1488 1952 diebus
1511 1897 1652 1951 enim
1677 1894 1923 1962 Joannis,
1951 1894 2141 1964 inquit,

571 2008 739 2063 usque
771 1992 931 2047 modo
978 2005 1201 2062 regnum
1242 1990 1504 2046 caelorum
1532 1988 1643 2043 vim
1683 1986 1909 2056 patitur,
1951 1995 2005 2041 et
2032 1987 2146 2041 vio-

572 2085 700 2139 lenti
741 2083 1130 2154 rapiunt'illud
1148 2083 1266 2137 ⁸³.·ι
1307 2081 1439 2136 Nam
1477 2096 1605 2136 cum;
1624 2079 1858 2134 Joannes
1886 2079 2146 2149 praedica-

570 2184 699 2230 ret:
733 2195 752 2227 ‹
781 2174 977 2230 Parate
1022 2175 1161 2229 viam
1213 2173 1451 2241 Domini,
1493 2181 1673 2227 rectas
1718 2171 1886 2225 facite
1925 2171 2144 2225 semitas

567 2266 798 2336 ejus”:
837 2285 856 2318 ι
899 2265 1054 2320 multi
1096 2266 1406 2320 auditorum
1445 2279 1474 2317 a
1515 2263 1755 2332 peccatis
1797 2271 1852 2317 et
1908 2262 2144 2332 turpitu-

567 2357 694 2414 dine
732 2357 855 2413 vitze
903 2357 1292 2422 desciscentes,
1347 2369 1542 2427 magno
1589 2355 1766 2411 studio
1807 2363 1862 2410 et
1915 2363 2142 2410 conten-

571 2449 716 2504 tione
745 2448 910 2503 animi
945 2453 1123 2504 mores
1161 2461 1288 2503 suos
1314 2448 1383 2502 ad
1413 2446 1629 2502 virtutis
1654 2460 1898 2502 normam
1931 2459 2146 2514 compo-

569 2547 777 2603 nentes,
808 2537 904 2592 filii
930 2537 1026 2591 Del
1059 2551 1156 2606 per
1186 2536 1451 2604 Spiritum
1483 2532 1740 2589 declarati
1777 2539 1924 2596 sunt,
1963 2540 2145 2586 mente

569 2629 781 2682 illorum
821 2626 1092 2680 illustrata
1134 2633 1189 2678 et
1220 2639 1319 2694 per
1360 2632 1610 2678 sanctum
1653 2620 1981 2688 baptismum
2004 2631 2145 2687 pur-

566 2727 710 2788 gata.
758 2716 916 2784 Atqui
949 2717 993 2770 si
1035 2715 1101 2770 iis
1133 2715 1226 2784 qui
1269 2713 1605 2770 contrariam
1632 2712 1947 2782 opinionem
1986 2721 2138 2768 tuen-

569 2822 675 2874 tur,
709 2823 815 2865 non
846 2815 992 2864 recte
1043 2821 1217 2878 neque
1259 2805 1469 2861 utiliter
1517 2805 1660 2860 dicta
1700 2804 1815 2859 hac
1847 2805 2139 2861 videntur:

566 2905 796 2957 doceant
836 2914 942 2968 qua
987 2899 1054 2954 de
1099 2898 1456 2962 causa'dicat,
1500 2911 1529 2951 a
1565 2897 1756 2952 diebus
1785 2894 2016 2952 Joannis
2046 2895 2143 2950 Ba-

569 2993 738 3063 ptistae
783 3007 1009 3062 regnum
1058 2989 1321 3046 caelorum
1365 2988 1527 3060 rapi:
1558 2988 1758 3059 quippe
1793 2987 1938 3057 quod
1986 3001 2142 3042 nemo

564 3095 687 3140 ante
728 3099 850 3139 eum
893 3082 1152 3152 rapuerit.
1189 3081 1436 3147 Quonam
1485 3079 1650 3150 igitur
1693 3093 1817 3149 spes
1847 3075 2136 3146 propheta-

2245 1895 2339 1947 ἐπὶ
2383 1894 2559 1963 τούτῳ
2606 1893 2792 1947 πίστιν
2820 1896 2848 1946 ὁ
2876 1894 3090 1964 Σωτήρ·
3121 1894 3326 1962 Ἔχεις,
3372 1886 3417 1945 ὦ
3444 1885 3620 1958 οὗτος,
3647 1890 3704 1944 τὸ
3747 1887 3828 1942 τέ·

2244 1985 2388 2038 λειον
2435 1986 2493 2039 ἐν
2525 1984 2772 2053 ἀγαθοῖς,
2805 1983 2907 2036 οὐκ
2951 1982 3142 2046 είπὼν,
3191 1983 3286 2035 καὶ
3315 1983 3440 2052 δίχα
3468 1981 3562 2036 τοῦ
3611 1982 3700 2036 διὰ
3741 1981 3828 2051 βα-

2246 2077 2553 2146 πτίσματος
2604 2073 2915 2144 ἀγιασμοῦ,
2975 2073 3192 2136 ἀλλ’ὡς
3219 2075 3277 2126 ὲν
3326 2073 3486 2144 χρείᾳ
3520 2073 3622 2140 μὲν
3671 2063 3828 2125 αὐτοῦ

2246 2167 2341 2221 καὶ
2377 2165 2770 2237 λίανύπάρχοι
2803 2164 3076 2219 συννεύων
3107 2165 3203 2218 καὶ
3239 2163 3650 2234 συντιθέμενος,
3689 2165 3829 2218 οἰκο-

2245 2259 2484 2330 νομικῶς
2512 2255 2569 2312 δὲ
2600 2258 2700 2328 τὴν
2733 2257 2894 2328 χάριν
2919 2257 3091 2327 ἑτέρῳ
3118 2256 3402 2325 φυλάττων
3431 2255 3628 2326 καιρῷ.
3662 2254 3829 2309 Τοῦτο

2245 2351 2354 2423 γὰρ
2386 2350 2450 2419 δή
2489 2351 2584 2403 καὶ
2620 2349 2825 2418 νομίζω
2855 2349 2937 2414 τὸ,
2980 2366 2998 2399 ι
3033 2348 3205 2418 ’Ἄφες
3239 2347 3383 2417 ἀρτι,
3411 2365 3428 2398 ι
3467 2345 3685 2418 δηλοῦν.
3715 2347 3827 2399 Ὅτι

2244 2446 2302 2498 δὲ
2339 2445 2499 2500 πάλιν
2527 2443 2771 2516 οὐρανῶν
2804 2441 3082 2513 βασιλείαν
3121 2440 3389 2494 ἀποκαλεῖ
3414 2438 3515 2510 τὴν
3550 2438 3644 2492 τοῦ
3691 2437 3826 2491 θείου

2246 2540 2564 2610 Πνεύματος
2594 2537 2757 2602 δόσιν,
2800 2538 2896 2591 καὶ
2921 2537 3022 2606 τὴν
3052 2536 3120 2588 δι’
3144 2534 3308 2589 αὐτοῦ
3343 2537 3456 2598 τοῖς
3487 2532 3824 2587 πιστεύουσιν

2246 2624 2327 2693 είς
2367 2629 2500 2683 Θεὸν
2541 2629 2921 2698 ἁναγέννησιν,
2967 2626 3027 2679 οὐ
3073 2625 3300 2698 μακρῶν
3335 2628 3467 2696 ήμῖν
3513 2625 3691 2696 δεήσει
3730 2623 3822 2676 πό-

2244 2736 2373 2783 νων,
2402 2720 2480 2782 είς
2510 2720 2914 2788 ἐναργεστάτην
2943 2717 3239 2783 ἀπόδειξιν,
3270 2717 3384 2770 ἀλλ’
3402 2716 3459 2782 ἐξ
3487 2704 3666 2769 αὐτῶν
3695 2709 3830 2767 είσό-

2249 2808 2389 2880 μεθα
2423 2808 2534 2860 τῶν
2576 2807 2670 2861 τοῦ
2717 2809 2971 2880 Σωτῆρος
3006 2808 3299 2879 ῥημάτων·
3339 2827 3357 2858 ι
3409 2808 3541 2860 Ἀπὸ
3592 2806 3696 2878 γὰρ
3725 2806 3826 2860 τῶν

2244 2898 2469 2969 ἡμερῶν
2505 2900 2751 2953 Ἰωάννου
2805 2898 2910 2962 ἓως
2944 2899 3100 2970 ἄρτι,
3152 2900 3338 2967 φησὶν,
3369 2900 3402 2968 ἡ
3447 2897 3695 2967 βασιλεία
3724 2895 3825 2950 τῶν

2244 2989 2488 3060 οὐρανῶν
2521 2989 2788 3060 βιάζεται,
2829 2989 2923 3042 καὶ
2973 2988 3192 3058 βιασταὶ
3222 2987 3568 3059 ἁρπάζουσιν
3598 2987 3777 3057 αὐτήν.
3804 3005 3820 3036 ι

2250 3079 2504 3136 Ἰωάννου
2542 3082 2649 3152 γάρ
2677 3084 2738 3153 δὴ
2767 3081 2846 3144 τὸ,
2881 3099 2899 3133 t
2942 3080 3298 3151 Ἑτοιμάσατε
3327 3080 3424 3152 τὴν
3454 3080 3580 3134 ὁδὸν
3606 3080 3821 3151 Κυρίου,

567 3193 685 3233 rum
726 3175 936 3232 abibit?
981 3175 1120 3240 Quid
1157 3182 1341 3228 tantus
1393 3180 1706 3226 sanctorum
1747 3180 1925 3226 cattus
1956 3170 2139 3236 faciet,

2247 3172 2498 3242 βοῶντος,
2531 3173 2747 3237 εὐθείας
2782 3177 2983 3246 ποιεῖτε
3007 3172 3105 3235 τὰς
3133 3172 3354 3244 τρίϐους
3380 3171 3579 3237 αὐτοῢ,
3599 3191 3618 3225 ι
3655 3170 3824 3224 πολλοὶ

562 3269 609 3322 si
644 3282 812 3337 regno
842 3265 1108 3320 caelorum
1138 3265 1391 3319 exclusus
1425 3263 1548 3318 est?
1590 3279 1712 3318 cum
1745 3273 1874 3318 tunc
1905 3264 2141 3333 primum

565 3356 791 3426 rmper'rt
833 3355 971 3422 rapi,
1018 3354 1237 3422 quando
1279 3351 1465 3406 multis
1510 3352 1842 3420 temporibus
1873 3348 2142 3420 posterior

565 3457 816 3502 ostensus
870 3445 1088 3499 tandem
1142 3453 1226 3498 est
1278 3441 1537 3508 Joannes,
1585 3441 1828 3497 clamans
1865 3460 1879 3495 :
1914 3459 1934 3492 ‹
1967 3437 2144 3494 Poeni-

569 3538 790 3593 tentiam
825 3538 990 3608 agite,
1035 3533 1489 3604 appropinquavit
1521 3532 1666 3586 enim
1715 3543 1939 3601 regnum
1977 3528 2143 3583 coelo-

567 3644 682 3681 rum
703 3629 822 3680 τ’.»
895 3628 1162 3682 Caeterum
1220 3624 1378 3680 facite
1437 3623 1713 3678 intellectu
1775 3632 1858 3678 est
1915 3636 2140 3691 regnum

565 3717 826 3771 caelorum
874 3716 1280 3787 priscis'etia-m
1337 3715 1586 3786 patrihus
1637 3721 1887 3783 paratum
1939 3712 2140 3790 fuisse,

565 3819 750 3880 utpote
777 3809 1150 3865 conformibus
1179 3808 1402 3879 imagini
1434 3807 1558 3861 Filii
1595 3808 1701 3869 sui,
1735 3816 1898 3875 atque
1935 3804 2142 3859 idcirco

562 3919 589 3952 τι
627 3902 736 3956 Deo
775 3916 838 3956 ac
867 3900 1035 3955 Patre
1072 3900 1433 3971 praecognitis.
1464 3899 1737 3968 Tempore
1760 3911 1891 3952 vero
1921 3895 2143 3952 Joannis

560 3994 838 4063 Baptistae,
895 4005 1060 4062 atque
1114 3994 1184 4047 ab
1233 4007 1298 4047 eo
1356 4003 1601 4062 tempore
1651 3991 1906 4059 deinceps
1941 3988 2140 4043 donum

561 4084 798 4155 Spiritus
849 4085 1049 4151 sancti,
1087 4093 1142 4139 et
1174 4084 1516 4154 regeneratio
1547 4096 1643 4152 per
1674 4090 1921 4136 sanctum
1955 4077 2139 4147 Bapti-

562 4193 766 4242 smnm,
819 4177 919 4231 fide
961 4177 1194 4247 rapitur.
1229 4176 1363 4230 Cum
1398 4175 1580 4245 itaque
1624 4174 1740 4229 hmo
1775 4171 2002 4242 quaestio
2028 4169 2138 4238 jam

562 4269 711 4321 omni
749 4282 815 4321 ex
852 4279 1007 4336 parte
1040 4269 1308 4337 explicata
1342 4268 1435 4332 sit,
1469 4267 1601 4321 satis
1626 4274 1850 4335 apparet
1873 4277 2035 4333 quam
2071 4262 2142 4317 sit

565 4363 724 4409 inane
757 4370 819 4410 ac
860 4355 1107 4409 frivolum
1133 4357 1449 4410 existimare
1472 4356 1732 4424 majorem
1764 4354 1983 4408 Christo
2020 4367 2141 4407 esse

560 4447 880 4517 Baptistam.
925 4447 1079 4514 Quod
1113 4462 1234 4500 cum
1270 4449 1342 4500 ita
1381 4449 1472 4512 sit,
1515 4447 1718 4501 corruit
1753 4445 1910 4514 plane
1952 4446 2139 4501 adver-

559 4538 824 4593 sariorum
864 4539 1114 4608 ohjectio.

2243 3265 2351 3320 τῶν
2376 3266 2761 3337 ἀκροωμένων,
2791 3266 2883 3319 τὸν
2910 3266 2967 3319 ὲν
2999 3263 3296 3337 ἁμαρτίαις
3319 3266 3396 3318 ἔτι
3422 3266 3514 3319 καὶ
3556 3265 3824 3335 ἀσχήμονα

2243 3360 2674 3432 παραιτούμενοι
2711 3361 2847 3429 βίον,
2898 3359 3084 3428 ἐφέσει
3118 3377 3178 3413 τε
3212 3358 3276 3431 τῇ
3329 3356 3467 3430 πρὸς
3515 3360 3586 3413 τὸ
3619 3359 3823 3430 ἄμεινον

2246 3454 2342 3506 σὺν
2373 3452 2465 3524 βίᾳ
2498 3453 2592 3506 καὶ
2617 3453 2754 3521 τόνῳ
2784 3452 2874 3505 τὸν
2919 3454 3118 3505 οἰκεῖον
3166 3454 3244 3515 εἰς
3285 3451 3485 3522 ἀρετὴν
3527 3449 3822 3523 ἀναρνθμί-

2243 3542 2428 3607 ζοντες
2452 3543 2652 3614 τρόπον
2688 3543 2960 3614 ,γεννητοῖ
2989 3542 3124 3596 Θεοῦ
3158 3543 3246 3596 διὰ
3277 3545 3606 3614 Πνεύματος
3630 3541 3825 3597 ἀνεδεί-

2242 3647 2456 3694 κνυντο,
2488 3631 2893 3700 πεφωτισμένοι
2919 3633 3010 3686 τὸν
3040 3632 3164 3687 νοῦν
3191 3634 3286 3686 καὶ
3316 3634 3716 3706 κεκαθαρμένοι
3742 3632 3823 3686 διὰ

2240 3720 2335 3773 τοῦ
2369 3719 2526 3788 ἁγίου
2557 3721 2954 3792 βαπτίσματος.
2982 3725 3052 3776 Ἢ
3092 3725 3251 3795 εἴπερ
3283 3727 3382 3778 οὐκ
3424 3726 3606 3796 ὀρθῶς
3646 3743 3703 3778 τε
3735 3723 3822 3777 καὶ

2242 3811 2557 3879 ἀναγκαίως
2587 3812 2840 3882 εἰρῆσθαι
2871 3812 2940 3866 τὰ
2971 3813 3200 3868 τοιαῦτα
3239 3814 3386 3867 δοκεῖ
3427 3819 3542 3878 τοῖς
3582 3814 3676 3885 τὴν
3711 3813 3822 3866 ἐτέ-

2245 3921 2346 3975 ραν
2380 3904 2743 3976 πρεσϐεύουσι
2777 3905 2955 3971 δόξαν,
2985 3905 3389 3960 διδασκέτωσαν
3422 3909 3547 3962 ὅτου
3579 3909 3641 3979 δή
3667 3907 3820 3978 χάριν

2241 3996 2306 4048 ὲκ
2334 3995 2442 4048 τῶν
2496 3994 2740 4054 Ἰωάννου
2792 3998 2956 4068 φησὶν
3003 4000 3229 4068 ἡμερῶν
3276 3999 3374 4069 τὴν
3423 3999 3535 4052 τῶν
3583 3997 3819 4070 οὐρανῶν

2244 4084 2518 4155 βασιλείαν
2575 4087 2951 4159 ἁρπάζεσθαι,
2982 4088 3058 4151 ὡς
3105 4087 3318 4151 οὐδενὸς
3364 4088 3471 4162 ἀρα
3513 4090 3618 4159 πρὸ
3658 4081 3817 4141 αὐτοῦ

2240 4177 2340 4248 τήν
2375 4179 2484 4233 τῶν
2528 4179 2773 4250 οὐρανῶν
2814 4179 3090 4250 βασιλείαν
3141 4180 3506 4251 ἁρπάσαντος.
3550 4180 3651 4232 Ποῖ
3692 4193 3818 4230 ποτε

2243 4266 2337 4322 οῦν
2383 4270 2493 4342 ἄρα
2519 4270 2627 4324 τῶν
2659 4270 2955 4342 προφητῶν
2991 4273 3023 4341 ἡ
3067 4269 3222 4333 ἐλπὶς
3270 4271 3580 4342 οἱχήσεται;
3619 4268 3682 4320 Τί
3708 4267 3763 4319 δὲ
3792 4267 3818 4318 ό

2241 4358 2497 4422 τοσοῦτος
2549 4359 2656 4413 τῶν
2707 4361 2878 4427 ἁγίων
2921 4358 3118 4431 πράξει
3166 4361 3345 4431 χορὸς,
3394 4361 3548 4430 είπερ
3582 4355 3686 4421 ἔξω
3723 4356 3820 4426 τῆς

2241 4447 2349 4500 τῶν
2396 4449 2641 4519 οὐρανῶν
2687 4450 2964 4519 βασιλείας
3000 4451 3278 4516 κείσεται;
3324 4451 3443 4503 τότε
3490 4450 3553 4519 δή
3603 4447 3817 4520 πρῶτον

2168 4524 2214 4577 Ῐ)
2243 4536 2336 4589 τοῦ
2383 4539 2723 4608 ἁρπάζεσθαι
2756 4540 3025 4613 λαϐούσης
3065 4544 3258 4615 ἀρχὴν,
3288 4544 3376 4596 ὅτε
3413 4543 3626 4614 χρόνοις
3665 4541 3818 4592 ὑστε-

559 4636 734 4706 ρήσας
771 4638 1017 4708 μακροῖς,
1084 4634 1367 4706 ἀνεδείχθη
1407 4635 1557 4706 μόλις
1583 4635 1610 4687 ὁ
1672 4631 2003 4704 Βαπτιστὴς,
2044 4653 2060 4684 ι
2115 4634 2461 4697 Μετανοεῖτε,
2492 4634 2661 4703 λέγων
2694 4654 2706 4664 ·
2753 4638 2949 4709 ήγγικε
3003 4640 3110 4712 γὰρ
3150 4643 3182 4712 ή
3222 4639 3466 4710 βασιλεία
3507 4638 3615 4691 τῶν
3657 4637 3818 4706 οὐρα-

555 4727 682 4782 νῶν.
724 4749 740 4779 ι
791 4729 927 4782 Ἀλλ’
967 4729 1114 4782 ἔστιν
1160 4729 1510 4792 εὐσύνοπτον,
1550 4721 1626 4788 ῶς
1660 4725 1988 4795 ηὐτρέπιστο
2033 4725 2135 4795 μὲν
2171 4726 2284 4788 τοῖς
2353 4726 2526 4793 ἁγίοις
2561 4728 2619 4780 τὸ
2676 4730 2732 4782 ὲν
2769 4729 3017 4804 βασιλείᾳ
3056 4733 3322 4801 γίνεσθαι,
3354 4733 3448 4785 καὶ
3483 4729 3670 4792 πάλαι,
3724 4726 3814 4780 ἁτε

555 4825 617 4896 δὴ
650 4826 743 4878 καὶ
778 4825 1118 4898 συμμόρφοις
1169 4825 1470 4897 ὑπάρχουσι
1519 4824 1618 4892 τῆς
1667 4823 1873 4884 εἰκόνος
1905 4821 1997 4874 τοῦ
2030 4821 2156 4874 Υίοῦ
2193 4823 2379 4887 αὐτοῦ,
2423 4825 2516 4876 καὶ
2556 4825 2641 4878 διὰ
2681 4827 2837 4880 τοῦτο
2881 4831 3352 4901 προεγνωσμένοις
3416 4826 3566 4898 παρὰ
3593 4825 3670 4895 τῷ
3702 4822 3814 4890 Θεῷ

555 4918 649 4969 καὶ
681 4919 868 4987 Πατρί.
906 4916 1062 4970 Κατά
1097 4915 1154 4968 δὲ
1188 4916 1278 4969 τὸν
1313 4916 1557 4969 Ἰωάννου
1590 4913 1799 4985 καιρὸν,
1835 4912 1930 4965 καὶ
1953 4912 2138 4965 λοιπὸν
2177 4914 2394 4985 ἐφεξῆς,
2426 4917 2458 4984 ἡ
2491 4914 2585 4968 τοῦ
2618 4917 2932 4987 Πνεύματος
2977 4920 3122 4984 δόσις
3168 4922 3261 4974 καὶ
3297 4923 3328 4992 ή
3364 4919 3451 4973 διὰ
3517 4917 3611 4971 τοῦ
3661 4915 3814 4984 ἁγίου

557 5009 928 5080 βαπτίσματος
989 5012 1066 5073 εἰς
1105 5008 1236 5062 Θεὸν
1272 5008 1652 5079 ἀναγέννησις,
1686 5007 1772 5060 διὰ
1843 5006 2077 5070 πίστεως
2120 5006 2448 5076 ἁρπάζεται.
2520 5010 2864 5080 Πανταχόθεν
2908 5013 3082 5066 τοίνυν
3135 5013 3585 5083 ἀποδεδειγμένου
3632 5007 3813 5076 σαφῶς

556 5102 645 5155 τοῦ
681 5103 1054 5176 θεωρήματος,
1095 5106 1343 5177 περιττὸν
1379 5105 1475 5177 ἥδη
1525 5102 1863 5175 φαίνεταιτὸ
1907 5104 2131 5173 μείζονά
2168 5122 2294 5158 ποτε
2363 5105 2458 5158 τοῦ
2501 5108 2753 5179 Σωτῆρος
2803 5109 3019 5164 ἔσεσθαι
3058 5113 3147 5164 τὸν
3184 5111 3433 5182 Ἰωάννην
3499 5103 3814 5176 ὑπολαμϐά-

555 5211 684 5246 νειν.
733 5194 792 5246 Εἰ
847 5195 902 5248 δὲ
941 5198 1096 5249 τοῦτο
1143 5198 1369 5267 ἀληθὲς,
1423 5197 1660 5251 λελύσθω
1695 5197 1855 5251 πάλιν
1912 5195 2018 5250 τῶν
2052 5196 2117 5252 δι’
2162 5198 2408 5264 ἐναντίας
2441 5201 2750 5274 πρόϐλημα.

630 5369 692 5399 ⁶’““
721 5367 904 5422 .‘Jzttllt.
942 5385 978 5438 ι,
1009 5371 1094 5424 H.
1173 5371 1215 5400 ⁸⁷
1250 5370 1359 5424 Ibid
1425 5373 1507 5424 15.

1589 5371 1631 5402 ⁸⁸
1660 5370 1845 5426 Matth.
1877 5388 1953 5436 xx,
1990 5374 2073 5426 l‘l.
2155 5374 2198 5404 ⁶⁹
2225 5373 2410 5430 Matth.
2459 5393 2541 5438 ιιι,
2571 5378 2624 5432 ’5.
2703 5376 2746 5407 ⁷⁸
2781 5376 2968 5432 Matth.
3007 5393 3076 5443 tv,
3118 5379 3199 5438 l7.
