4078 6260
261 379 344 436 m
1681 373 1903 430 TIIESA
1915 372 1956 430 U
1965 373 2118 434 RUS.

757 501 1122 589 ΛΟΓΟΣ
1201 505 1306 586 I'B
1327 565 1345 583 .

259 683 344 746 Εἰς
370 679 464 746 τὸ,
492 697 512 730 t
547 680 702 750 Ἐγὼ
723 681 794 734 ὲν
815 680 894 746 τῷ
917 679 1116 747 Πατρί,
1146 679 1246 750 καὶ
1271 679 1532 750 όΠατὶιρ
1553 678 1626 732 ἐν
1647 678 1798 750 ἐμοὶ,
1823 699 1842 731 ι

463 749 594 816 καὶ,
637 768 658 802 ι
694 751 836 820 Ἐγὼ
859 750 956 804 καὶ
987 755 1018 804 ὁ
1057 749 1256 818 Πατὴρ
1285 749 1356 802 ἓν
1377 749 1584 818 ἐσμεν.
1611 769 1630 802 ι

540 886 856 950 Ἀντίθεσις
887 885 970 951 ὼς
1007 884 1076 938 ἐκ
1113 883 1230 938 τῶν
1267 881 1596 952 αίρπικῶγ.

327 999 530 1062 Οὐδὲν,
560 999 710 1068 φασὶ,
738 998 1072 1066 θαυμαστὸν,
1103 999 1150 1050 εί
1178 997 1206 1048 6
1237 997 1428 1068 Πατήρ
1456 999 1602 1050 ἐστιν
1629 997 1685 1050 ὲν
1713 993 1848 1068 Υίῷ,

261 1091 356 1144 καὶ
384 1093 416 1143 6
445 1090 579 1152 Υἱὸς
606 1090 664 1142 ἐν
693 1089 866 1159 Πατρὶ
888 1130 902 1152 ,
945 1089 1084 1142 ὅπου
1121 1089 1212 1142 καὶ
1259 1089 1385 1158 περὶ
1429 1089 1584 1158 ἡμῶν
1616 1089 1672 1140 αἱ
1715 1087 1852 1140 θεῖαι

264 1177 486 1246 λέγουσι
513 1179 719 1252 Γραφαὶ
747 1181 828 1232 ὄτι
858 1197 876 1230 ι
901 1180 989 1232 Ἐν
1019 1179 1170 1250 αὑτῷ
1199 1179 1382 1249 ζῶμεν
1407 1179 1500 1232 καὶ
1529 1179 1850 1248 κινούμεθα,

266 1269 360 1322 καὶ
395 1271 580 1340 ἐσμέν.
609 1289 626 1321 ι
665 1271 874 1343 Ὠσπερ
904 1267 998 1326 οὖν
1027 1271 1124 1324 καὶ
1165 1273 1326 1342 ἡμεῖς
1366 1273 1424 1326 ἐν
1460 1271 1607 1342 αὑτῷ
1647 1267 1850 1341 ζῶμεν,

264 1361 355 1414 καὶ
401 1359 720 1432 κινούμεθα,
765 1363 861 1416 καὶ
903 1361 1094 1432 ἐσμὲν,
1139 1360 1391 1433 καθάπερ
1421 1363 1668 1432 εἴρηται,
1712 1359 1856 1412 οὕτω

265 1451 354 1504 καὶ
381 1451 410 1503 6
439 1451 570 1515 Υἱός
598 1453 750 1506 ἐστιν
779 1453 838 1506 ὲν
867 1451 1060 1521 Πατρί.
1103 1451 1228 1512 Πῶς
1257 1449 1366 1522 γάρ
1395 1445 1505 1504 οἷόν
1539 1465 1600 1502 τε
1633 1447 1856 1519 μείζονα

265 1545 388 1598 ὖντα
423 1543 518 1598 τοῦ
551 1543 682 1598 Υἰοῦ
721 1547 920 1616 χωρεῖν
948 1546 1005 1597 ὲν
1038 1543 1190 1614 αὑτῷ
1219 1543 1310 1596 τὸν
1349 1542 1494 1596 Πατέ
1506 1558 1604 1612 ρας
1631 1539 1702 1592 Ἣ
1737 1537 1854 1602 πῶς

269 1643 404 1695 κατά
432 1642 570 1698 πολὺ
595 1645 693 1698 τοῦ
727 1644 940 1714 Πατρδς
969 1641 1366 1713 ἐλαττούμενος
1389 1643 1420 1694 6
1445 1641 1594 1704 Υἱὸς,
1625 1641 1686 1692 ὲν
1710 1635 1860 1708 αὑτῷ

273 1735 522 1805 pugnasti.
545 1736 834 1808 δονήσεται
859 1739 950 1790 καὶ
979 1735 1266 1808 πληρῶσαι
1299 1735 1359 1790 τὸ
1394 1733 1616 1806 μεῖζον;

773 1835 922 1917 Πρὸς
950 1849 1120 1903 τοῦτο
1155 1847 1364 1914 λύσις.

355 1955 416 2010 El
435 1955 678 2028 καθάπερ
701 1955 852 2026 σῶμα
874 1957 1170 2030 ἐνσώματι
1197 1959 1397 2029 χωρεῖν
1417 1959 1590 2012 οἴεσθε
1617 1957 1706 2010 τὸν
1730 1957 1860 2010 Υἰὸν

277 2043 336 2098 ἓν
369 2046 559 2116 Πατρὶ,
587 2047 810 2110 είκότως
838 2049 926 2111 ἂν,
973 2044 1156 2120 οἴμαι,
1185 2049 1282 2104 καὶ
1315 2049 1496 2120 ζητεῖν
1523 2049 1732 2104 ἕλοισθε
1765 2049 1862 2102 τδν

267 2139 345 2200 είς
373 2137 636 2207 ἀλλήλους
677 2139 1156 2210 ἀντεμϐιϐασμόν.
1189 2141 1316 2194 ’Erri.
1359 2141 1454 2210 μὲν
1483 2141 1592 2210 γὰρ
1631 2137 1862 2204 σκεύους

259 2227 582 2298 όστρακίνου
611 2231 778 2300 τυχὸν
810 2231 847 2300 ἢ
879 2229 942 2296 ἐξ
972 2231 1166 2302 ὲτέρας
1195 2232 1338 2294 τινος
1368 2231 1498 2302 ’ὑλης
1531 2249 1862 2286 κατεσκευα-

257 2321 490 2389 σμένου,
518 2323 627 2374 οὑκ
655 2320 911 2390 ἄκομψον
943 2321 1078 2382 ἴσως
1108 2321 1169 2372 “to
1196 2321 1378 2388 λέγειν
1409 2321 1482 2392 μὴ
1514 2323 1765 2376 δύνασθαι
1805 2323 1864 2376 τὸ

261 2407 458 2476 μεῖζον
531 2406 616 2476 τῷ
677 2407 928 2460 ὲλὰττονι
980 2407 1236 2476 γενέσθαι
1295 2411 1538 2480 χωρητὸν
1561 2450 1574 2472 ,
1639 2412 1754 2483 μηδ’
1799 2407 1865 2466 αὖ

258 2498 437 2551 πάλιν
466 2498 533 2552 τὸ
565 2499 792 2556 ἔλαττον
827 2499 1178 2570 ἀναπληροῦν
1206 2502 1266 2554 τὸ
1295 2503 1498 2572 μεῖζον.
1537 2503 1654 2556 Ἐπὶ
1679 2504 1734 2557 δὲ
1765 2505 1872 2562 τῶν

260 2589 608 2658 ἀσωμάτων,
651 2591 748 2643 καὶ
793 2583 872 2644 ὧν
905 2593 936 2652 ή
987 2589 1150 2660 φύσις
1184 2591 1243 2644 τὸ
1276 2592 1338 2646 ἐκ
1379 2611 1522 2658 τινος
1568 2594 1698 2668 ὖλης
1733 2593 1866 2656 εἶναι

262 2681 636 2750 διαπέφευγε,
683 2683 838 2734 ποῖον
873 2681 940 2735 ἂν
981 2681 1095 2752 ἔχει
1141 2682 1296 2752 λόγον
1335 2685 1366 2755 ἡ
1421 2686 1720 2756 πρότασις;
1757 2689 1864 2746 Καὶ

265 2771 439 2845 ταῦτά
475 2789 662 2843 φαμεν
705 2773 782 2836 ὡς
811 2774 950 2845 πρὸς
981 2774 1043 2827 τὸ
1075 2777 1262 2846 παρὸν,
1293 2777 1354 2831 τὸ
1394 2781 1522 2850 παρ’
1550 2780 1678 2850 ὑμῖν
1716 2783 1864 2852 ἀμα-

270 2864 378 2928 θῶς
400 2863 800 2935 ὑπονοούμενον
841 2868 1314 2937 συγχωρήσαντες,
1344 2872 1438 2924 καὶ
1467 2873 1720 2945 καθάπερ
1760 2876 1864 2930 αὑ-

269 2958 356 3012 τοὶ
418 2956 768 3028 πλανώμενοι
811 2957 1250 3024 πεπιστεύκατε,
1285 2961 1512 3031 μείζονα
1577 2965 1672 3022 τοῦ
1727 2967 1863 3023 Υἱοῦ

273 3045 418 3102 εἶναι
447 3047 628 3117 λέγειν
662 3049 752 3102 τὸν
775 3049 1016 3120 Πατέρα·
1047 3053 1076 3104 6
1105 3051 1161 3104 δὲ
1182 3053 1280 3124 τῆς
1305 3055 1562 3126 ἀληθείας
1582 3057 1744 3127 λόγος
1765 3061 1866 3132 οὐκ

275 3140 451 3203 οὑτως
481 3139 612 3210 ἔχει.
642 3141 798 3195 Ἐστι
831 3141 937 3214 γὰρ
969 3143 1084 3205 τσος
1125 3144 1204 3214 τῷ
1249 3147 1428 3218 Πατρὶ
1468 3149 1612 3202 κατά
1653 3151 1856 3206 πάντα.

1889 1862 1936 1918 Β

3423 375 3522 432 ιιι

2307 509 2870 604 ASSERTIO
2941 513 3172 600 ΧΗ.

1949 682 2012 738 In
2063 683 2198 738 illud
2225 701 2244 738 :
2280 701 2298 734 ι
2335 683 2446 752 Ego
2485 685 2538 738 in
2583 683 2766 746 Patre.
2813 695 2858 740 et
2895 683 3052 738 Pater
3099 683 3154 736 in
3199 699 3276 738 me
3295 683 3362 750 ⁷¹;
3403 703 3420 736 ι
3455 695 3524 750 ιι,

2239 773 2266 806 ι.
2289 753 2398 824 Εῃο
2431 763 2478 808 ει
2519 755 2680 810 Pater
2717 772 2876 810 unum
2917 753 3184 810 summ".
3219 773 3238 806 ι

2399 887 2641 958 Objeclio
2687 889 3076 944 haereticorum.

2021 999 2164 1055 Nihil
2197 1001 2392 1056 mirum
2437 1013 2542 1068 εει,
2581 1003 2853 1074 inquiunt,
2901 1003 2944 1058 si
2977 1003 3134 1056 Pater
3165 1012 3246 1056 est
3285 1001 3336 1056 iu
3371 1000 3524 1062 Filio.

1953 1103 2006 1148 et
2035 1094 2206 1148 Filius
2251 1093 2304 1147 in
2351 1095 2534 1160 Patre,
2591 1111 2712 1150 cum
2765 1101 2830 1150 de
2873 1097 3026 1150 nobis
3061 1095 3224 1150 etiam
3258 1094 3410 1164 107
3446 1109 3530 1148 sa-

1953 1199 2058 1240 cras
2099 1185 2392 1256 Scriptura:
2441 1187 2644 1254 dicant,
2682 1189 2823 1256 quod
2858 1207 2876 1240 ι
2909 1189 2968 1242 In
3019 1189 3136 1258 ipso
3187 1187 3443 1252 vivimus,
3481 1197 3530 1240 et

1955 1291 2270 1342 movemur,
2323 1287 2378 1332 et
2443 1293 2630 1333 sumus
2655 1279 2720 1334 ⁷³.
2755 1298 2774 1329 ι
2847 1277 3316 1344 Quemadmodum
3373 1281 3534 1350 igitur

1955 1370 2116 1423 etiam
2155 1383 2258 1424 nos
2290 1371 2342 1424 in
2387 1369 2502 1439 ipso
2523 1369 2778 1432 vivimus,
2815 1379 2868 1423 et
2902 1385 3205 1436 movemur,
3241 1379 3294 1425 et
3321 1387 3530 1438 sumus,

1955 1461 2098 1514 sicut
2137 1459 2398 1531 scriptum
2435 1471 2536 1526 est,
2579 1461 2654 1515 ita
2687 1471 2740 1518 et
2785 1461 2954 1516 Filius
2987 1473 3070 1516 est
3107 1463 3160 1516 in
3193 1461 3374 1516 Patre.
3415 1463 3534 1528 Quo

1955 1555 2114 1618 pacto
2155 1549 2296 1604 enim
2323 1547 2444 1604 ﬂeri
2465 1559 2662 1619 potest,
2691 1561 2750 1604 ut
2791 1549 2952 1605 Pater
2986 1565 3106 1604 rum
3145 1551 3316 1618 major
3339 1549 3412 1604 sit
3443 1549 3534 1602 Fi-

1955 1639 2050 1703 lio,
2105 1637 2168 1692 in-
2213 1652 2278 1694 eo
2311 1639 2704 1694 contineatur?
2748 1639 2854 1693 Aut
2899 1639 3172 1706 quomodo
3205 1637 3392 1702 Filius,
3443 1641 3534 1707 qui

1959 1728 2130 1784 multo
2167 1729 2348 1784 minor
2373 1739 2480 1796 est,
2517 1729 2780 1798 majorem
2817 1729 3040 1798 implere
3069 1729 3268 1800 possit?

2484 1842 2686 1898 Salutio
2716 1845 3039 1913 objectiouis.

2035 1956 2092 2012 Si
2131 1967 2413 2028 utcorpus
2459 1974 2688 2030 corpore
2737 1960 3072 2024 continetur,
3126 1959 3200 2013 ita
3241 1958 3436 2016 Filium
3485 1961 3538 2014 in

1965 2047 2126 2104 Patre
2151 2048 2416 2104 contineri
2449 2049 2798 2116 existimatis,
2827 2051 3024 2106 merito
3061 2049 3290 2104 fortasse
3319 2050 3542 2104 alterius

1965 2139 2018 2192 in
2067 2137 2238 2192 altero
2288 2137 2686 2208 impositionem
2753 2139 3032 2208 quaeratis.
3109 2135 3242 2190 Nam
3303 2137 3356 2190 in
3415 2150 3542 2190 vaso

1965 2227 2206 2298 ﬁgulino,
2251 2238 2346 2284 aut
2387 2245 2454 2286 ex
2492 2229 2594 2284 alia
2641 2231 2820 2300 aliqua
2867 2229 3092 2286 materia
3132 2227 3390 2292 conﬂato,
3433 2243 3542 2284 non

1963 2323 2148 2390 inepte
2203 2321 2490 2388 dixeritis,
2539 2323 2716 2388 maius
2764 2323 2818 2376 in
2865 2323 3076 2376 minore
3119 2321 3390 2376 contineri
3437 2337 3542 2374 non

1963 2429 2164 2485 posse:
2195 2427 2374 2484 neque
2413 2427 2604 2468 rursus
2627 2414 2806 2468 minus
2831 2427 2992 2482 posse
3039 2411 3264 2482 implere
3308 2410 3360 2464 id
3403 2411 3546 2479 quod

1966 2503 2142 2574 majus
2170 2515 2274 2560 est.
2323 2503 2380 2558 In
2415 2503 2750 2574 iucorporcis
2797 2519 2950 2570 vero,
2994 2511 3308 2572 etquorum
3356 2511 3544 2556 natura

1964 2598 2143 2654 omnis
2165 2597 2408 2652 materia:
2429 2611 2622 2665 expers
2639 2605 2746 2660 εει,
2763 2611 2922 2664 quem
2945 2595 3122 2650 locum
3147 2593 3344 2648 habent
3369 2599 3546 2648 vestra

1963 2685 2488 2758 prepositioiAtque
2512 2685 2626 2740 haec
2653 2685 2870 2754 quidem
2893 2684 2944 2737 in
2969 2683 3260 2754 prmseutia
3291 2681 3545 2746 diximus,

1967 2778 2168 2848 aliquid
2213 2793 2244 2833 a
2297 2778 2452 2832 vobis
2501 2776 2750 2846 imperite
2797 2777 3002 2836 dictum
3051 2776 3432 2836 concedentes.
3493 2785 3549 2828 et

1967 2869 2420 2943 quemadmodum
2453 2883 2550 2924 vos
2574 2877 2822 2922 errantes
2845 2867 3176 2934 credidistis,
3205 2867 3422 2921 Patrem
3455 2865 3547 2922 Fi-

1967 2960 2040 3015 lio
2071 2957 2332 3028 majorem
2389 2959 2710 3022 dicendum;
2753 2957 2998 3014 veritatis
3044 2967 3224 3012 autem
3257 2957 3394 3010 ratio
3442 2971 3546 3010 non

1969 3047 2040 3103 ita
2069 3064 2127 3104 se
2151 3047 2316 3103 habet
2345 3066 2358 3103 :
2386 3058 2468 3102 est
2496 3047 2642 3102 enim
2667 3045 2892 3116 :equalis
2917 3044 3060 3098 Patri
3088 3059 3184 3112 per
3212 3045 3412 3098 omnia.
3443 3042 3549 3100 Sed

1969 3157 2146 3212 neque
2182 3155 2278 3195 vos
2309 3139 2574 3210 ejusmodi
2621 3138 2806 3192 verbis
2849 3152 3046 3192 usuros
3074 3135 3458 3202 cxistimarim,
3507 3139 3550 3190 si

277 3226 451 3300 Οἶμαι
495 3232 540 3286 δ’
577 3227 643 3288 αὗ
674 3235 772 3287 οὐκ
817 3233 881 3288 ἂν
925 3235 1070 3305 ὑμᾶς
1117 3235 1256 3300 ὅλως
1299 3239 1512 3304 τούτοις
1551 3241 1864 3312 χρήσασθαι

1973 3231 2342 3302 intelligeretis
2367 3231 2494 3300 quid
2530 3229 2600 3285 sit
2621 3244 2780 3284 verus
2806 3229 2998 3294 Pater,
3023 3228 3148 3299 quid
3175 3245 3333 3286 verus
3361 3227 3548 3294 Filius,

274 3325 392 3386 τοῖς
418 3322 614 3392 λόγοις,
643 3327 798 3396 εἴπερ
823 3325 998 3396 ᾔδειτε
1031 3326 1086 3378 τί
1116 3326 1264 3380 ἐστιν
1297 3328 1552 3398 ἀληθινὸς
1594 3334 1624 3384 6
1652 3335 1862 3406 Πατὴρ,

275 3415 370 3468 καὶ
403 3415 653 3486 ἀληθινὸς
677 3419 706 3468 6
735 3417 884 3486 Υἱὸς,
919 3419 1012 3472 καὶ
1043 3420 1098 3473 τί
1133 3421 1250 3490 φῶς
1283 3421 1518 3492 ἀόρατον
1561 3424 1651 3476 καὶ
1678 3425 1864 3493 ἀΐδιον,

275 3507 372 3564 καὶ
417 3509 480 3561 τὸ
518 3508 862 3580 ἀπαύγασμα
906 3511 1096 3578 αὑτοῦ,
1141 3515 1236 3567 καὶ
1271 3515 1324 3567 τί
1355 3515 1520 3570 πάλιν
1549 3517 1698 3570 ἐστὶν
1731 3519 1870 3574 ἀσώ-

279 3617 446 3672 ματος
477 3602 774 3666 ὑπόστασις
791 3605 886 3658 καὶ
913 3605 1196 3678 χαρακτὴρ
1218 3607 1528 3679 ἀσώματος.
1553 3609 1614 3662 Ei
1637 3609 1744 3680 γὰρ
1766 3611 1866 3676 τὰς

275 3693 404 3762 περὶ
439 3692 550 3746 τῶν
595 3694 853 3748 τοιούτων
905 3699 1126 3768 μνήμας
1160 3699 1300 3754 κατὰ
1329 3699 1427 3770 τὴν
1456 3701 1658 3772 ἀκριϐῆ
1694 3704 1866 3756 κατά-

271 3780 436 3852 λῆψιν
470 3785 551 3845 εἱς
583 3783 710 3835 νοῦν
761 3788 1084 3856 ὲμφορεῖτε,
1131 3790 1346 3853 πάντως
1387 3791 1453 3843 ἂν
1487 3792 1582 3844 καὶ
1627 3791 1726 3864 τὴν
1771 3794 1864 3848 τοῦ

271 3871 412 3926 Θεοῦ
469 3873 628 3942 φύσιν
692 3875 1078 3946 ὲννοήσαντες,
1125 3879 1224 3933 οὑκ
1277 3880 1342 3932 ἂν
1392 3881 1468 3944 ὡς
1507 3884 1634 3953 περὶ
1673 3887 1866 3956 σωμά-

267 3983 382 4020 των
426 3967 830 4036 ὲφαντὰζεσθε,
880 3969 1000 4023 ἀλλ’
1045 3971 1354 4038 ἀκολούθως
1403 3977 1514 4040 τοῖς
1554 3977 1868 4048 εἰρημένοις

269 4059 522 4126 ἀκριϐῶς
557 4059 820 4129 ἐζητεῖτε,
856 4063 974 4124 πῶς
1007 4065 1106 4136 μὲν
1129 4067 1156 4118 6
1194 4066 1318 4130 Υἱὸς
1345 4067 1402 4119 ἐν
1441 4069 1636 4138 Πατρὶ,
1663 4069 1778 4133 πῶς
1810 4071 1868 4124 δέ

269 4151 422 4204 ἐστιν
451 4153 479 4204 6
525 4152 720 4223 Πατὴρ
755 4156 812 4206 ὲν
849 4155 983 4226 Υἱῷ.
1033 4155 1120 4219 Ὡς
1152 4155 1259 4226 γὰρ
1303 4159 1612 4230 χαρακτὴρ,
1657 4161 1754 4212 καὶ
1787 4163 1868 4212 εἱ-

271 4241 407 4306 κὼν,
439 4243 532 4294 καὶ
563 4242 910 4314 ἀπαύγασμα
953 4247 1044 4298 καὶ
1086 4247 1358 4316 ὁμοιότης,
1403 4241 1556 4310 οὗτος
1589 4249 1646 4300 ἐν
1677 4249 1872 4320 ἐκείνῳ

271 4334 532 4396 κάκεῖνος
565 4335 624 4385 εν
657 4333 832 4404 τούτῳ
881 4337 1144 4404 φαίνεται.
1188 4337 1408 4410 Ἐπειδὴ
1437 4338 1492 4390 δέ
1527 4356 1664 4406 φατε
1702 4340 1870 4410 μηδὲν

272 4419 416 4476 εἶναι
459 4425 798 4496 θαυμαστὸν,
838 4427 886 4478 εἰ
917 4429 1008 4482 καὶ
1036 4431 1062 4482 6
1097 4429 1225 4492 Υἱός
1259 4433 1406 4482 ἐστιν
1445 4432 1501 4482 ἐν
1533 4430 1738 4502 Πατρὶ,
1782 4431 1870 4486 διὰ

271 4515 341 4570 τὸ
371 4518 468 4567 καὶ
515 4519 657 4586 ἡμᾶς
687 4520 746 4570 ἐν
777 4517 926 4589 αὑτῷ
959 4522 1224 4578 κινεῖσθαι
1259 4523 1354 4574 καὶ
1403 4521 1520 4593 ζῇν,
1571 4525 1868 4592 ἀναγκαῖον

1970 3333 2024 3380 ει
2058 3323 2186 3394 quid
2221 3323 2402 3378 lumen
2445 3321 2736 3386 invisibile,
2782 3331 2837 3376 ct
2867 3333 3152 3390 mtcrnum,
3199 3333 3254 3380 et
3297 3324 3552 3392 splendor

1967 3415 2110 3486 ejus,
2150 3416 2354 3486 etquid
2390 3430 2604 3470 rursum
2637 3415 2946 3488 hypostasis
2981 3417 3304 3486 incorporea
3343 3425 3396 3470 et
3421 3417 3552 3472 cha-

1967 3515 2148 3562 racter
2173 3507 2546 3578 incorporeus.
2575 3505 2710 3562 Nam
2740 3509 2784 3562 si
2817 3508 2931 3562 haec
2959 3508 3012 3562 in
3049 3509 3366 3564 memoriam
3397 3523 3550 3564 revo-

1968 3608 2156 3654 cantes
2175 3607 2484 3654 accuratam
2509 3599 2914 3672 perfectamque
2932 3615 3118 3656 eorum
3139 3601 3552 3672 intelligentiam

1969 3697 2152 3745 mente
2180 3691 2564 3761 conceperitis,
2592 3701 2738 3746 certe
2769 3692 3040 3748 intellecta
3074 3701 3268 3748 natura
3294 3693 3412 3759 Dei,
3443 3710 3551 3748 nou

1969 3781 2088 3840 lucc
2122 3799 2382 3856 corporea
2425 3786 2882 3857 imaginarcmini,
2915 3787 3030 3850 sed,
3053 3801 3114 3840 ea
3153 3786 3361 3840 ratione
3391 3801 3550 3854 quam

1971 3875 2226 3944 diximus,
2265 3876 2504 3946 perfecte
2537 3878 2884 3946 inquirerctis
2935 3892 3046 3946 quo
3089 3887 3246 3946 pacto
3295 3875 3462 3930 Filius
3499 3877 3552 3928 in

1968 3961 2129 4020 Patre
2145 3965 2236 4032 sit,
2258 3976 2312 4021 et
2336 3983 2442 4038 quo
2461 3977 2617 4036 pacto
2641 3967 2800 4022 Pater
2825 3967 2876 4020 in
2903 3966 3059 4020 Filio.
3091 3965 3550 4030 Quemadmodum

1971 4058 2114 4112 cnim
2147 4059 2464 4122 character,
2497 4070 2551 4112 et
2597 4060 2794 4128 imago,
2835 4067 2887 4110 et
2918 4055 3209 4126 splendor,
3263 4064 3427 4122 atque
3475 4055 3552 4108 si-

1973 4147 2215 4204 militudo
2241 4149 2308 4212 7‘,
2348 4149 2436 4202 hic
2469 4149 2520 4200 in
2551 4148 2736 4212 illo,et
2769 4147 2858 4200 ille
2890 4147 2944 4200 iu
2983 4146 3088 4200 hoc
3122 4145 3386 4200 cernitur.
3416 4145 3552 4202 Cum

1971 4253 2098 4294 vero
2127 4240 2320 4296 dicatis
2354 4239 2485 4292 nihil
2517 4239 2711 4292 mirum
2747 4254 2887 4306 esse,
2911 4239 2954 4294 si
2991 4238 3161 4294 Filius
3193 4238 3264 4294 sit
3290 4238 3342 4294 in
3369 4237 3549 4305 Patre,

1973 4331 2095 4400 quia
2120 4343 2174 4386 et
2201 4347 2298 4387 nos
2325 4332 2376 4386 in
2397 4331 2511 4402 ipso
2536 4347 2816 4386 movemur
2834 4341 2889 4388 et
2911 4333 3163 4400 vivimus,
3186 4335 3550 4406 necessarium

1972 4423 2192 4479 omnino
2229 4425 2506 4482 declarare
2542 4436 2876 4496 quantOpei-e
2906 4426 3068 4482 etiam
3106 4428 3209 4482 hac
3244 4427 3296 4482 in
3337 4439 3492 4497 parte
3523 4444 3552 4480 a

1974 4532 2102 4572 vero
2125 4519 2409 4575 abcrrelis.
2439 4517 2622 4589 Neque
2646 4521 2788 4575 enim
2819 4522 3272 4590 quemadmodum
3309 4520 3450 4576 Deus
3473 4531 3556 4574 est

275 4607 307 4658 ὑ
317 4608 433 4674 μᾶς
456 4607 556 4659 κάν
581 4608 750 4679 τούτῳ
776 4609 908 4662 πολὺ
941 4611 1328 4681 πλανωμένους
1356 4612 1617 4676 ἐπιδεῖξαι
1649 4613 1742 4666 καὶ
1764 4613 1864 4684 τῆς

1973 4605 2024 4660 in
2047 4623 2369 4679 unoquoque
2400 4619 2707 4662 sanctorum
2735 4624 2935 4678 eosque
2953 4608 3278 4670 sanctiﬁcat,
3303 4607 3370 4660 ita
3390 4608 3554 4662 etiam

273 4698 543 4768 ἀληθείας
577 4701 949 4772 ἐκϐεϐηκότας
987 4703 1077 4756 τὸν
1105 4705 1248 4773 ὅρον.
1279 4706 1354 4758 Οὐ
1390 4707 1495 4776 γὰρ
1529 4707 1780 4777 καθάπερ
1811 4709 1868 4760 ἐν

275 4791 498 4863 ἑκάστῳ
541 4792 652 4846 τῶν
697 4793 869 4862 ἁγίων
908 4795 1192 4865 γινόμενος
1237 4799 1264 4849 6
1297 4796 1426 4861 Θεὸς
1485 4799 1700 4866 ἁγιάζει
1736 4798 1865 4852 τού-

275 4900 424 4949 τους,
458 4883 635 4948 οὕτως
681 4887 798 4940 ἐστὶ
834 4888 929 4940 καὶ
961 4890 1020 4942 ὲν
1053 4888 1132 4958 τῷ
1163 4890 1410 4960 Χριστῷ.
1466 4892 1605 4944 Ἀλλ’
1635 4893 1797 4954 αὑτὸς
1840 4894 1870 4944 ὁ

277 4975 410 5039 Υἱὸς
447 4977 682 5048 δύναμίς
713 4978 832 5030 ἐστι
863 4978 958 5031 καὶ
995 4980 1156 5048 σοφία
1201 4981 1292 5033 τοῦ
1329 4983 1570 5052 Πατρδς,
1621 4981 1866 5048 ἁγιάζων

279 5070 455 5122 πάντα
487 5069 558 5124 τά
593 5069 893 5141 μετέχοντα
919 5071 1084 5125 αὑτοῦ
1113 5073 1172 5125 ὲν
1203 5073 1399 5144 Πατρὶ,
1429 5074 1589 5136 αὐτὸς
1617 5074 1676 5126 δὲ
1706 5073 1870 5126 πάλιν

277 5161 342 5214 οὑ
367 5164 508 5215 κατά
535 5179 655 5215 τινα
690 5163 982 5233 μετουσίαν
1008 5165 1162 5233 ἅγιος
1191 5163 1266 5218 ὢν
1306 5163 1496 5234 ὥσπερ
1525 5165 1706 5233 ἡμεῖς,
1747 5163 1870 5216 οὑδὲ

277 5253 426 5306 κατά
456 5256 616 5325 χάριν
647 5256 770 5318 Υἱὸς
797 5257 1134 5327 κεκλημένος
1155 5298 1170 5322 ,
1204 5257 1338 5310 ἀλλά
1369 5256 1616 5325 γέννημα
1647 5255 1746 5324 τῆς
1772 5255 1867 5308 τοῦ

279 5344 500 5415 Πατρὸς
535 5346 720 5410 οὐσίας
761 5348 1028 5419 ὑπάρχων
1067 5349 1257 5402 ἀΐδιον.
1303 5346 1417 5400 Οὐκ
1455 5345 1568 5398 ἔστι
1612 5345 1668 5397 δὲ
1708 5346 1872 5400 πάλιν

277 5435 454 5498 οὑτως
486 5439 516 5489 6
557 5436 682 5501 Υἱὸς
727 5439 784 5490 ὲν
825 5439 1004 5509 Πατρὶ
1053 5438 1306 5506 καθάπερ
1343 5437 1503 5506 ἡμεῖς
1526 5450 1538 5463 ·
1578 5433 1737 5502 ἡμεῖς
1775 5433 1873 5502 μὲν

277 5527 384 5598 γὰρ
417 5530 478 5582 ἐν
518 5521 638 5600 Θεῷ
675 5528 866 5600 ζῶμεν
895 5531 988 5582 καὶ
1020 5528 1340 5599 κινούμεθα,
1371 5527 1465 5580 καὶ
1501 5525 1668 5595 ἐσμέν
1695 5541 1706 5554 ’
1759 5525 1787 5575 ὁ
1817 5524 1872 5576 δὲ

279 5620 415 5674 κατά
439 5621 606 5688 φύσιν
633 5621 788 5686 Υἱὸς,
819 5621 1010 5690 ὥσπερ
1035 5621 1144 5674 ἀπό
1175 5637 1317 5683 τινος
1346 5622 1526 5689 πηγῆς
1553 5619 1638 5671 ἀεὶ
1673 5616 1870 5686 ζώσης,

349 5801 390 5865 ’.ἲ
420 5799 578 5858 Joau.
619 5817 732 5868 xtv,
778 5799 860 5856 ιι.
943 5801 984 5830 τ’
1023 5799 1172 5854 Joan.
1213 5816 1262 5852 χ.
1299 5800 1389 5854 50,

1475 5801 1518 5829 ⁷³
1549 5799 1668 5850 Art.
1713 5809 1844 5860 xm,
1879 5793 1965 5850 9.8.

1971 4709 2053 4751 est
2091 4701 2141 4752 in
2174 4699 2411 4754 Christo.
2434 4699 2534 4754 Sed
2557 4701 2666 4770 ipse
2691 4699 2859 4754 Filius
2884 4709 2965 4752 est
2987 4700 3249 4768 sapientia
3290 4695 3470 4751 Patris
3503 4704 3557 4748 et

1966 4789 2202 4858 potentia
2246 4789 2314 4854 ⁷⁵,
2354 4793 2699 4846 sanctificans
2739 4791 2918 4846 omnia
2947 4789 3330 4859 participantia
3357 4789 3457 4855 ipsi
3500 4786 3552 4838 in

1970 4881 2203 4947 Spiritu:
2225 4881 2337 4948 ipse
2356 4897 2485 4936 vero
2497 4884 2640 4936 nulla
2657 4882 3070 4951 participatione
3093 4889 3335 4942 sanctus,
3363 4886 3419 4930 ut
3437 4893 3552 4932 nos.

1968 4972 2074 5025 Sed
2127 4985 2302 5039 neque
2333 4987 2428 5040 per
2461 4977 2692 5040 gratiam
2718 4985 2802 5028 est
2835 4972 3026 5035 Filius,
3061 4973 3199 5024 sicut
3222 4983 3341 5032 nos,
3370 4970 3464 5023 sed
3491 4971 3554 5022 al.)

1973 5072 2176 5117 :eterno
2199 5077 2265 5116 ex
2305 5065 2540 5116 essentia
2565 5065 2744 5117 Patris
2779 5061 3013 5130 genitus.
3041 5061 3225 5127 Neque
3257 5073 3444 5114 rursus
3471 5059 3556 5114 Fi-

1976 5153 2077 5208 lius
2101 5155 2152 5206 in
2171 5151 2332 5206 Patre
2349 5161 2452 5214 est,
2475 5154 2616 5206 sicut
2645 5167 2744 5205 nos
2769 5170 2782 5207 :
2811 5151 3076 5219 siquidem
3103 5165 3199 5204 nos
3218 5150 3268 5202 in
3294 5149 3404 5205 Deo
3423 5151 3558 5205 vivi-

1978 5262 2118 5310 mus,
2144 5255 2198 5301 et
2215 5259 2517 5309 movemur,
2537 5245 2982 5314 ιοεειειιιηυε.
3008 5244 3220 5298 Atvero
3242 5243 3558 5298 naturaliter

1969 5339 2157 5406 Filius,
2180 5352 2244 5392 ex
2269 5337 2501 5392 essentia
2541 5337 2722 5392 Patris
2737 5335 2898 5390 veluti
2920 5337 3138 5405 perenni
3158 5339 3390 5406 quodam
3411 5337 3559 5390 fonte

1969 5433 2287 5501 procedens,
2311 5430 2416 5484 vita
2444 5439 2528 5484 est
2548 5430 2866 5483 naturaliter
2894 5431 3074 5483 omnia
3097 5429 3378 5482 viviﬁcaris
3405 5448 3414 5482 :
3446 5445 3550 5480 non

1971 5539 2067 5590 per
2095 5523 2564 5593 participationem
2595 5521 2722 5574 vitae
2763 5513 3064 5577 viviticatus
3094 5523 3234 5576 sicut
3264 5535 3380 5576 nos.
3421 5520 3555 5573 Nam

1973 5616 2167 5684 alioqui
2205 5631 2307 5670 nou
2336 5623 2481 5670 esset
2511 5614 2625 5681 ipse
2667 5612 2926 5669 naturalis
2949 5615 3078 5668 vita.
3107 5611 3258 5677 Quod
3293 5614 3433 5668 etiim
3467 5629 3558 5664 as—

2041 5795 2086 5862 ,”
2121 5796 2280 5852 llrbr.
2317 5814 2350 5862 l,
2385 5797 2434 5848 3.3.
2521 5786 2617 5860 “‘Il
2654 5788 2772 5840 CUI‘.
2815 5808 2850 5858 l,
2888 5795 2975 5846 "li.
