4078 6260
349 361 374 413 f
378 360 403 413 3
415 359 438 415 Ι
1779 360 1962 421 THLS

2064 362 2219 424 RUS.
3519 368 3621 423 l8!

342 474 527 539 οὐσίας
556 475 704 531 εἶναι
734 474 834 531 τοῦ
861 476 1093 550 Πατρδς,
1134 476 1275 550 μετὰ
1303 475 1502 547 πολλῆς
1526 492 1670 541 τινος
1696 475 1798 546 τῆς
1824 478 1939 533 ἑπι-

2064 480 2435 553 :ircumspeete
2458 481 2635 540 dixit:
2662 500 2682 536 ι
2702 481 2817 555 Ego
2845 483 2895 538 in
2920 482 3101 549 Patre,
3126 493 3181 539 et
3207 482 3366 539 Pater
3392 483 3444 537 in
3465 497 3570 538 me.
3595 500 3616 534 ι

341 571 661 639 τηρήσεως,
694 589 715 622 t
752 570 924 639 Ἐγὼ,
948 572 1124 643 φησιν,
1150 573 1211 626 ὲν
1244 571 1321 641 τῷ
1350 571 1547 643 Πατρὶ,
1578 570 1674 624 καὶ
1692 571 1723 623 6
1750 569 1939 642 Πατὴρ

2064 570 2161 628 ion
2208 573 2374 645 igitur
2406 589 2748 633 communem
2793 576 2938 632 illam
2989 576 3153 632 habet
3202 591 3325 630 cum
3371 574 3623 629 omnibus

343 660 396 710 ὲν
441 660 597 728 spot.
630 679 652 713 ι
697 662 815 715 Οὑκ
861 663 967 731 ἄρα
1020 661 1195 716 κοινὸν
1246 660 1360 732 ἔχει
1419 660 1560 733 μετὰ
1617 657 1832 715 πάντων
1879 659 1940 712 τὺ

2064 663 2383 736 lignitatem,
2416 668 2510 723 sed
2542 668 2817 739 propriam
2850 670 2954 726 sibi
2998 683 3063 725 ac
3090 668 3421 739 peculiarem
3455 676 3513 721 ιιι
3532 665 3622 721 Fi-

348 749 598 822 ὰξίωμα,
626 752 745 805 ἀλλ’
769 752 964 817 ίδιάζον
988 754 1084 807 καὶ
1104 753 1389 826 -ὲξαίρετον
1416 752 1492 817 ὡς
1535 752 1686 820 Υἱὸς,
1722 750 1815 804 καὶ
1840 750 1942 804 Λό-

2064 755 2167 823 itts,
2196 767 2252 813 et
2278 756 2535 827 Verbum,
2572 768 2628 817 et
2653 760 2814 819 Deus.

350 858 471 907 γος,
508 844 607 895 καὶ
644 843 792 906 Θεός.

357 931 570 999 AAAO,
596 933 889 991 διδάσκον
917 937 1079 1003 ὅπως
1110 937 1223 1006 χρὴ
1254 936 1419 991 νοεῖν
1444 936 1512 990 τὸ
1546 935 1943 1005 προκείμενον

2064 934 2277 1002 ιιιυι),
2331 937 2521 991 docens
2569 953 2672 1004 quo
2722 947 2875 1005 pacto
2906 936 3105 991 dictum
3143 934 3288 990 istud
3338 932 3621 1006 prcfatuut

1062 1009 1269 1077 ῥητόν.

449 1095 510 1150 '0
544 1098 668 1162 Υἱὸς
707 1099 766 1153 ἐν
804 1099 883 1170 τῷ
916 1100 1126 1171 Πατρὶ,
1177 1100 1272 1152 καὶ
1313 1100 1341 1152 6
1374 1098 1559 1170 Πατὴρ
1610 1099 1668 1151 ὲν
1706 1094 1786 1167 τῷ
1828 1093 1945 1165 rus

367 1186 685 1259 νοηοήσεται
734 1190 879 1244 κατὰ
928 1189 1120 1244 τοῦτον
1164 1188 1256 1242 τὸν
1301 1188 1519 1258 τρόπον.
1560 1188 1657 1241 Ἐκ
1703 1185 1804 1256 τῆς
1848 1183 1944 1237 τοῦ

366 1277 579 1350 Πατρὸς
607 1281 798 1346 οὐσίας
827 1281 1101 1353 προῆλθεν
1127 1282 1156 1334 6
1186 1279 1335 1345 Υἱὸς,
1363 1279 1423 1332 οὑ
1453 1278 1706 1346 καθάπερ
1734 1276 1802 1330 τὰ
1838 1274 1949 1330 κτί-

361 1385 543 1439 σματα
561 1371 626 1425 ὲκ
645 1373 741 1427 τοῦ
762 1374 840 1445 μὴ
861 1374 1013 1436 δντος
1028 1374 1107 1436 είς
1120 1373 1181 1426 τὸ
1200 1366 1340 1425 εἶναι
1368 1368 1671 1441 παρελθὼν,
1689 1368 1722 1439 ἢ
1748 1367 1948 1435 ἔξωθέν

357 1459 517 1515 ποθεν
542 1462 646 1533 τὴν
671 1464 767 1517 τοῦ
796 1460 938 1518 εἶναι
968 1464 1226 1517 σύστασιν
1250 1462 1411 1533 ἔχων,
1433 1460 1549 1514 ἀλλ’
1575 1458 1693 1513 εστι
1718 1460 1816 1530 τῆς
1848 1457 1947 1513 τοῦ

358 1556 718 1624 γειΝήσαντος
763 1556 952 1619 οὑσίας
994 1556 1055 1609 τὸ
1093 1556 1245 1609 ῐδιονθ
1298 1553 1487 1625 ὥσπερ
1526 1546 1621 1606 οὖν
1663 1553 1728 1605 ὲκ
1774 1551 1950 1621 φωτὸς

363 1644 727 1717 ἀπαύγασμα.
752 1647 788 1718 ἦ
818 1649 911 1702 καὶ
951 1649 1055 1700 ἀπό
1085 1664 1233 1709 τινος
1273 1647 1457 1715 πηγῆς
1498 1643 1741 1699 ἐκϐαίνει
1784 1659 1952 1695 ποτα-

374 1735 491 1802 μός.
519 1737 714 1791 Ἔστιν
737 1734 827 1792 οὖν
849 1741 956 1801 τοῖς
977 1738 1141 1810 ὁρῶσι
1172 1738 1264 1803 τρν
1293 1738 1447 1801 Υίδν,
1481 1736 1580 1807 τὴν
1610 1734 1704 1788 τοῦ
1737 1734 1951 1805 Πατρδς

2585 1007 2980 1075 intelligendum
3011 1008 3097 1061 sit.

2112 1094 2284 1152 Filius
2317 1097 2371 1152 in
2405 1096 2585 1164 Patre,
2616 1104 2671 1151 et
2698 1095 2863 1153 Pater
2886 1098 2939 1152 in
2970 1097 3109 1153 Filio
3136 1109 3258 1153 esse
3289 1094 3394 1150 hac
3419 1093 3625 1148 ratione

2046 1189 2381 1261 intelligitur.
2410 1188 2579 1245 Filius
2602 1204 2668 1246 ex
2701 1190 2940 1245 essentia
2966 1187 3144 1244 Patris
3182 1185 3472 1257 processit,
3499 1196 3624 1245 non,

2046 1281 2499 1351 quemadmodum
2536 1289 2823 1346 creaturae,
2854 1295 2921 1335 ex
2950 1294 3057 1335 non
3088 1293 3212 1335 esse
3251 1277 3319 1332 ad
3354 1290 3475 1331 esse
3518 1284 3627 1327 tra-

2047 1375 2264 1441 ductus,
2308 1382 2403 1428 aut
2440 1373 2778 1429 extrinsecus
2826 1371 3189 1434 substitutus;
3239 1367 3334 1424 sed
3386 1376 3471 1421 est
3513 1367 3630 1435 ipsa

2047 1466 2296 1522 essentia:
2313 1463 2490 1520 Patris
2516 1466 2837 1535 proprietas,
2874 1464 3013 1521 sicut
3031 1478 3097 1518 ex
3121 1462 3327 1516 lumine
3349 1458 3627 1529 splendor,

2049 1562 2142 1609 aut
2165 1570 2233 1609 ex
2263 1554 2445 1624 aliquo
2481 1554 2626 1610 fonte
2671 1553 2867 1609 [lumen
2915 1563 3222 1623 promanat.
3266 1548 3420 1603 Licet
3465 1547 3630 1618 igitur

2052 1648 2119 1703 iis
2144 1648 2237 1717 qui
2286 1647 2479 1702 Filium
2511 1648 2714 1714 vident,
2754 1647 2928 1703 Patris
2975 1645 3263 1703 essentiam
3311 1641 3541 1705 intueri,
3577 1646 3632 1694 et

2053 1738 2312 1809 genitoris
2333 1740 2715 1808 preprietatetn
2740 1755 2804 1795 ex
2827 1740 2933 1794 hoc
2954 1749 3301 1809 cognoscere.
3320 1734 3455 1801 Quia
3485 1732 3628 1788 enim

377 1826 565 1881 ούσίαν
590 1830 743 1899 ὁρᾷν,
772 1830 861 1883 καὶ
886 1830 942 1883 τὺ
963 1830 1052 1883 τοῦ
1078 1831 1445 1901 γεννήσαντος
1471 1827 1604 1882 ἴδιον
1629 1827 1736 1881 ἀπὸ
1763 1825 1956 1879 τούτου

2064 1830 2371 1884 universum
2408 1845 2531 1886 esse
2556 1828 2675 1885 Filii
2698 1845 2764 1885 ex
2793 1829 3028 1885 essentia
3062 1828 3243 1881 Patris
3277 1825 3539 1896 procedit,
3570 1837 3631 1879 ea

381 1919 765 1990 νοεῖν.Ὅτιπερ
796 1922 975 1993 ἐπειδὴ
1003 1922 1227 1992 σύμπαν
1255 1922 1315 1975 τὸ
1334 1916 1583 1975 εἶναιτοῦ
1611 1918 1743 1973 Υἱοῦ
1768 1921 1833 1972 ὲκ
1858 1917 1958 1985 τῆς

375 2008 463 2061 τοῦ
503 2012 707 2082 Πατρὸς
734 2014 921 2078 οὐσίας
964 2016 1235 2085 πρόεισιν,
1262 2013 1434 2078 οὕτως
1462 2014 1614 2067 ἐστὶν
1663 2014 1721 2064 ὲν
1753 2009 1955 2079 Πατρὶ,

364 2099 453 2152 καί
488 2102 652 2155 πάλιν
682 2106 750 2158 ὲκ
780 2106 892 2159 τῶν
926 2106 1210 2170 ἐναντίων,
1236 2108 1264 2159 6
1300 2106 1491 2175 Πατήρ
1522 2107 1670 2157 ὲστιν
1712 2105 1770 2156 ὲν
1815 2101 1956 2171 Υίῷ,

354 2192 663 2265 ἐπειδήπερ
710 2198 854 2266 ὅπερ
885 2198 1036 2249 ἐστὶν
1067 2197 1226 2259 αὑτὸς
1271 2196 1461 2265 φύσει,
1507 2196 1666 2249 τοῦτο
1708 2195 1802 2248 καὶ
1843 2195 1871 2247 6
1900 2192 1959 2258 ἐξ

355 2283 529 2335 αὑτοῦ
560 2286 857 2355 προελθὼν
883 2287 1020 2348 Θεὸς
1062 2287 1254 2353 Λόγος.
1296 2288 1550 2339 Φαίνεται
1579 2287 1635 2339 δὲ
1680 2288 1774 2339 ita).
1817 2286 1959 2339 ἐστιν

364 2370 427 2422 δν
452 2371 602 2440 Υἱῷ,
632 2372 835 2442 ὥσπερ
855 2368 949 2425 οὖν
985 2372 1081 2426 καὶ
1106 2375 1165 2426 ὲν
1195 2372 1270 2442 τῷ
1302 2374 1428 2444 παρ’
1457 2372 1620 2426 αὑτοῦ
1656 2374 1960 2444 προελθόντι

368 2461 781 2532 ἁπανγάσματι
810 2464 837 2515 6
866 2464 1047 2534 ἥλιος,
1097 2464 1189 2517 καὶ
1233 2466 1291 2517 ὲν
1326 2464 1404 2534 τῷ
1448 2464 1593 2535 λόγῳ
1619 2465 1646 2518 6
1689 2463 1839 2527 νοῦς,
1874 2462 1963 2515 καὶ

364 2552 427 2604 ἐν
464 2552 548 2621 τῷ
577 2554 814 2625 ποταμῷ
852 2556 886 2623 ἡ
918 2555 1106 2607 τοῦτον
1133 2554 1504 2619 ἀναϐλύζουσα
1554 2555 1724 2625 πηγή.
1758 2555 1827 2607 Τὸ
1856 2554 1962 2625 γὰρ

363 2641 496 2694 ίδιον
536 2644 641 2713 τῆς
674 2644 769 2697 τοῦ
819 2646 1037 2716 Πατρὸς
1079 2647 1263 2710 οὐσίας
1303 2650 1359 2701 ἐν
1393 2646 1509 2716 Υίῷ
1548 2647 1821 2717 κείμενον,
1863 2647 1961 2701 καὶ

362 2734 464 2803 τῆς
506 2734 799 2805 θεότητος,
847 2737 914 2790 ἵν’
967 2738 1137 2801 οὕτως
1188 2738 1347 2802 εἴπω,
1421 2738 1483 2791 τὸ
1529 2734 1670 2802 εἶδος
1724 2740 1960 2791 δεικνύει

367 2828 531 2879 πᾶσιν
552 2828 720 2881 αὑτὸν
747 2831 807 2883 ὲν
833 2828 1004 2899 αὑτῷ.
1051 2830 1407 2901 Ἐπιτηρῆσαι
1436 2830 1494 2883 δὲ
1524 2830 1631 2901 χρὴ
1663 2830 1758 2883 καὶ
1791 2831 1964 2897 ἀναγ-

368 2920 537 2984 καίως
582 2921 778 2975 εἰδέναι
824 2923 1017 2994 ὅτιπερ
1056 2924 1115 2976 οὑ
1184 2926 1283 2993 τῆς
1328 2922 1603 2993 τυχούσης
1643 2923 1966 2992 οἰκονομίας

370 3010 535 3061 ἕνεκα
568 3010 664 3081 τὴν
709 3011 962 3081 τοιαύτην
989 3014 1015 3065 6
1045 3013 1236 3084 Σωτήρ
1276 3013 1469 3085 εἴρηκε
1499 3014 1707 3083 φωνήν.
1745 3013 1964 3083 Ἐπειδὴ

374 3100 489 3168 γὰρ
532 3100 631 3170 τὴν
679 3100 978 3172 ταυτότητα
1023 3103 1125 3171 τῆς
1168 3105 1383 3173 φύσεως
1417 3104 1485 3174 ἢν
1534 3104 1648 3174 ἔχει
1688 3103 1827 3175 πρὸς
1870 3104 1964 3157 τὸν

2059 1920 2269 1977 ratione
2282 1930 2362 1977 est
2379 1922 2430 1976 in
2461 1919 2641 1989 Patre,
2663 1930 2717 1976 et
2739 1937 2768 1978 e
2792 1920 3065 1977 contrario
3102 1918 3265 1975 Pater
3294 1927 3377 1973 est
3399 1918 3450 1971 in
3476 1914 3632 1980 Filio,

2061 2013 2323 2084 siquidem
2365 2013 2416 2068 id
2463 2015 2605 2084 quod
2652 2015 2767 2084 ipse
2818 2024 2901 2070 est
2946 2022 3156 2076 natura,
3204 2012 3309 2066 hoc
3352 2009 3516 2065 etiam
3552 2015 3637 2063 est

2062 2108 2205 2162 Deus
2222 2104 2457 2160 Verbum
2474 2122 2539 2161 ex
2561 2107 2677 2176 ipso
2694 2107 3013 2176 procedens.
3032 2106 3269 2175 Apparet
3292 2110 3469 2157 autem
3487 2104 3638 2155 etest

2060 2197 2114 2253 in
2140 2196 2278 2252 Filio
2308 2198 2757 2267 quemadmodum
2785 2201 2865 2253 sol
2896 2199 2950 2253 in
2976 2196 3262 2268 splendore
3296 2209 3455 2263 quem
3488 2191 3639 2247 emit—

2065 2288 2129 2343 tit
2158 2302 2224 2342 ex
2247 2302 2327 2351 se,
2358 2300 2412 2343 et
2438 2290 2580 2343 sicut
2609 2305 2760 2345 mens
2780 2290 2833 2343 in
2863 2304 3138 2353 sermone,
3158 2298 3215 2343 et
3247 2286 3368 2340 fons
3400 2287 3451 2339 in
3474 2282 3636 2338 lluvio

2060 2379 2152 2448 qui
2181 2394 2250 2433 ex
2278 2393 2337 2433 se
2358 2388 2664 2448 promanat.
2690 2378 3003 2450 Proprietas
3023 2380 3168 2434 enim
3191 2376 3442 2432 essentia:
3464 2375 3640 2430 Patris

2064 2474 2116 2528 in
2162 2471 2301 2527 Filio
2343 2472 2467 2537 sita,
2514 2481 2570 2527 et
2602 2472 2923 2537 divinitatis,
2960 2480 3019 2527 ut
3069 2473 3142 2527 ita
3176 2471 3375 2535 dicam,
3408 2468 3638 2539 species,

2064 2565 2237 2633 ipsum
2259 2564 2310 2619 in
2328 2578 2395 2619 eo
2420 2577 2543 2619 esse
2564 2564 2815 2619 omnibus
2838 2564 3095 2621 ostendit.
3120 2561 3527 2619 Observandum
3546 2574 3643 2613 au-

2063 2663 2171 2709 tem
2190 2662 2363 2719 est,et
2387 2656 2692 2712 necessario
2720 2658 3023 2723 sciendum,
3050 2670 3157 2711 non
3179 2654 3384 2725 vulgari
3416 2650 3642 2707 consillo

2067 2756 2227 2817 atque
2265 2749 2673 2817 dispensatione
2715 2749 2853 2804 banc
2887 2763 3074 2803 vocem
3110 2762 3139 2801 a
3187 2746 3476 2801 Servatore
3517 2757 3643 2812 pro-

2065 2839 2226 2893 latam
2260 2838 2447 2895 fuisse.
2480 2839 2614 2894 Cum
2656 2840 2823 2906 enim,
2868 2840 3201 2895 identitatem
3244 2846 3451 2892 naturae
3482 2848 3643 2903 quam

2067 2931 2373 2988 habetcum
2408 2931 2569 2987 Patre
2602 2932 2887 2986 ostendere
2926 2930 3131 2994 volens,
3180 2928 3313 2982 dixit
3343 2943 3359 2981 :
3394 2945 3413 2977 ι
3450 2926 3558 2994 Ego
3590 2933 3646 2979 et

2066 3022 2227 3078 Pater
2260 3040 2425 3078 unum
2459 3039 2673 3087 sumus,
2707 3041 2725 3070 ι
2757 3036 2824 3076 ne
2873 3021 2995 3091 quis
3025 3019 3269 3074 eumdem
3315 3030 3436 3072 esse
3472 3014 3647 3083 suspi-

2070 3124 2285 3172 caretur
2313 3116 2553 3181 Patrem,
2589 3123 2642 3170 ct
2665 3114 2881 3181 Filium,
2919 3112 3048 3168 solis
3080 3119 3284 3165 tantum
3319 3106 3646 3167 nominibus,

378 3192 736 3263 γεννήσαντα,
766 3193 926 3257 δεῖξαι
976 3193 1288 3265 βουληθεὶς,
1338 3189 1491 3247 εἶπεν
1513 3234 1529 3259 ,
1564 3213 1584 3247 ι
1626 3194 1768 3260 Ἐγὼ
1811 3194 1904 3247 καὶ
1936 3196 1962 3247 6

2074 3225 2180 3264 non
2209 3210 2483 3279 ltypostasi
2520 3210 2571 3262 in
2594 3208 2914 3263 dualitatem
2949 3218 3306 3276 personarum
3342 3201 3646 3255 distinctos:

380 3284 570 3354 Πατὴρ
595 3285 653 3338 ἓν
678 3287 860 3356 ἐσμεν,
883 3306 901 3339 ι
931 3287 1017 3340 ἴνα
1052 3288 1126 3358 μή
1159 3304 1243 3350 τις
1267 3286 1359 3339 τδν
1391 3285 1555 3339 αὑτὸν
1583 3281 1721 3338 εἶναι
1748 3285 1965 3356 Πατέρα

376 3373 473 3424 καὶ
507 3374 631 3426 Υεὺν
661 3375 937 3449 ὑπολάϐῃ,
990 3377 1173 3446 μόνοις
1211 3375 1446 3445 ὀνόμασι
1493 3374 1966 3445 διαστελλομένους

376 3464 456 3526 είς
482 3463 679 3531 δυάδα,
710 3465 871 3529 ὄντας
901 3466 959 3519 δὲ
988 3468 1089 3536 οὑχ
1117 3465 1289 3529 οὑτως
1334 3467 1393 3519 ὲν
1438 3465 1769 3531 ὑποστάσει,
1801 3467 1966 3536 ἀναγ-

377 3552 545 3616 καίως
595 3555 1032 3627 ὲπεξηγοὺμενος
1076 3560 1213 3629 ὅπερ
1250 3556 1463 3627 εἴρηκε,
1492 3557 1587 3610 καὶ
1622 3556 1958 3627 σαφέστερον

376 3647 489 3707 τοῖς
514 3646 882 3729 ἀκροωμένοις
907 3649 1040 3702 αὑτὸ
1067 3648 1362 3715 καθιστῶν,
1387 3648 1639 3720 ἐπιφέρει
1669 3648 1749 3713 τὸ,
1783 3666 1801 3700 ι
1824 3646 1966 3715 Ἐγὼ

379 3735 435 3787 ὲν
470 3735 547 3807 τῷ
588 3737 793 3809 Πατρὶ,
839 3741 935 3792 καὶ
964 3740 992 3792 6
1026 3740 1216 3811 Πατὴρ
1260 3742 1317 3793 ὲν
1365 3740 1508 3811 ἐμοὶ,
1538 3759 1555 3792 ι
1598 3738 1684 3793 ἵνα
1728 3738 1816 3792 διὰ
1866 3740 1965 3810 μὲν

380 3824 494 3884 τοῦ,
530 3826 716 3880 τοῦτον
738 3831 794 3882 ἐν
825 3830 1045 3900 ἐκείνῳ,
1077 3833 1327 3884 κάκεῖνον
1346 3834 1403 3885 ὲν
1437 3830 1612 3901 τούτῳ
1650 3830 1960 3900 φαίνεσθαι,

380 3916 478 3986 τὴν
507 3918 807 3990 ταντὸτητα
836 3922 935 3992 τῆς
966 3922 1219 3993 Θεότητος
1247 3925 1340 3976 καὶ
1373 3925 1470 3994 τῆς
1502 3924 1689 3986 οὐσίας
1717 3923 1817 3994 τὴν
1848 3924 1965 3975 ἑνό-

380 4026 518 4079 τητα
554 4010 738 4081 δείξῃ·
783 4012 871 4065 διὰ
901 4014 960 4067 δὲ
994 4013 1091 4067 τοῦ
1143 4014 1327 4088 ἕτερον
1362 4018 1425 4094 ἐν
1472 4014 1643 4085 ἑτέρῳ
1688 4009 1848 4078 εἷναι,
1888 4014 1965 4085 μὴ

379 4103 436 4153 ’ἐν
460 4120 513 4154 τι
540 4102 600 4155 ὃν
629 4105 687 4157 ἐν
719 4104 941 4175 ἀριθμῷ
985 4106 1175 4178 νοηΘῇ,
1200 4108 1228 4160 ὃ
1268 4109 1397 4161 ποτὲ
1450 4108 1549 4178 μὲν
1582 4107 1795 4178 Πατὴρ,
1834 4106 1965 4158 ποτὲ

379 4194 435 4247 δὲ
470 4194 599 4258 Υἱὸς
626 4195 850 4263 λέγεται
869 4213 882 4226 ο
914 4197 1028 4250 ἀλλ’
1069 4198 1238 4263 ὅντως
1259 4198 1548 4268 ὑφεστῶτα
1575 4196 1824 4268 Πατέρα,
1873 4197 1969 4250 καίΙ

383 4286 674 4356 ὑφεστῶτα
701 4287 832 4340 Υἱὸν
865 4288 1251 4361 ἐναργέστερον
1278 4289 1559 4360 ἀποδείξῃ.

1076 4383 1280 4436 ΑΛΛΟ.

464 4470 527 4523 ’0
558 4471 749 4542 Πατὴρ
782 4471 878 4525 καὶ
906 4472 934 4525 6
968 4471 1092 4536 Υἱὸς
1122 4472 1179 4526 ἒν
1221 4474 1321 4544 μέν
1348 4475 1455 4528 είσι
1488 4474 1629 4529 κατὰ
1657 4473 1839 4544 φύσιν,
1869 4472 1965 4527 δύο

2072 3303 2382 3358 necessario
2430 3301 2741 3370 utiliterque
2773 3298 3048 3369 explicans
3097 3296 3147 3352 id
3186 3295 3328 3366 quod
3372 3293 3538 3359 dixit,
3593 3301 3649 3346 et

2068 3393 2411 3450 manifestius
2453 3392 2794 3447 auditoribus
2833 3389 3059 3453 faciens,
3099 3388 3249 3443 addit
3292 3388 3394 3443 boc
3436 3404 3447 3439 :
3485 3404 3502 3438 ι
3539 3384 3647 3454 Ego

2070 3485 2121 3538 in
2155 3483 2338 3549 Patre,
2368 3492 2421 3537 et
2472 3481 2632 3537 Pater
2665 3484 2717 3537 in
2772 3497 2890 3549 me;
2926 3499 2945 3532 ι
2978 3491 3035 3534 ιιι
3067 3494 3161 3549 per
3204 3479 3341 3545 hoc,.
3370 3477 3515 3547 quod
3561 3474 3647 3529 hic

2067 3575 2283 3645 quidem
2315 3574 2367 3628 in
2395 3574 2505 3639 illo,
2532 3574 2623 3628 ille
2640 3588 2770 3629 vero
2791 3573 2845 3628 in
2874 3572 2977 3627 hoc
3000 3580 3284 3641 appareat,
3307 3568 3643 3623 identitatem

2068 3667 2283 3723 deitatis
2325 3675 2380 3720 et
2435 3666 2687 3721 essentia:
2745 3666 3006 3721 unitatem
3066 3663 3430 3725 demonstret;
3482 3670 3647 3729 utque

2067 3769 2164 3825 per
2194 3754 2247 3810 id
2280 3756 2420 3825 quod
2451 3754 2589 3809 alter
2626 3754 2680 3809 in
2719 3754 2892 3809 altero
2938 3754 3032 3816 sit,
3072 3768 3177 3807 non
3208 3766 3371 3806 unum
3420 3763 3644 3803 numero

2068 3861 2187 3904 esse
2214 3848 2566 3919 intelligatur,
2618 3846 2763 3918 quod
2807 3843 3099 3914 aliquando
3128 3845 3310 3905 Pater,
3353 3840 3646 3907 aliquando

2068 3940 2236 3997 Filius
2259 3950 2511 4006 vocetur;
2545 3938 2639 3993 sed
2673 3951 2800 3991 vere
2823 3945 2985 4003 atque
3013 3933 3353 4004 ltypostatice
3384 3931 3646 3984 exsistere

2066 4038 2311 4102 Patrem,
2346 4048 2475 4088 vere
2535 4032 2699 4085 etiam
2766 4037 2929 4097 atque
2974 4026 3315 4096 bypostatice
3378 4021 3643 4077 exsistere

2067 4126 2265 4182 Filium
2297 4118 2743 4178 manifestissime
2771 4116 3041 4171 ostendat.

2643 4383 2811 4455 uo-
2836 4381 3063 4439 ALIUD.

2135 4478 2295 4535 Pater
2315 4489 2369 4535 et
2399 4478 2571 4535 Filius
2603 4492 2769 4532 unum
2800 4476 3020 4548 quidem
3052 4484 3180 4531 sunt
3224 4474 3517 4531 secundum
3554 4487 3649 4528 na-

384 4559 443 4612 δδ
483 4560 542 4613 ἐν
566 4559 799 4632 ἀριθμῷ,
824 4561 923 4632 οὐχ
950 4560 1027 4624 ὡς
1065 4562 1184 4625 ἑνός
1220 4579 1366 4624 τινος
1398 4563 1476 4627 είς
1502 4562 1595 4617 δύο
1616 4564 1962 4634 καταδιαιρε-

2071 4580 2267 4637 turam,
2308 4571 2417 4626 duo
2457 4585 2587 4627 vero
2634 4584 2894 4638 numero;
2946 4583 3120 4638 neque
3163 4569 3239 4623 ita
3283 4582 3348 4623 ac
3385 4568 3433 4622 si
3481 4582 3647 4621 unum

385 4653 574 4717 Θὲντος
609 4653 769 4725 μέρη,
807 4654 881 4718 ὡς
921 4649 1063 4708 εἶναι
1092 4652 1279 4707 λοιπὸν
1308 4657 1407 4726 τῆς
1435 4655 1571 4727 πρὸς
1606 4656 1810 4727 ἄλληλα
1851 4672 1967 4709 κοι-

383 4746 578 4809 νωνίας
616 4763 676 4799 τε
707 4747 801 4800 καὶ
852 4748 1091 4818 σχέσεως
1132 4730 1411 4817 ἀμέτοχα,
1452 4746 1573 4801 οὔτε
1618 4747 1724 4819 μὴν
1757 4748 1833 4811 ὡς
1870 4748 1967 4801 τοῦ

383 4837 548 4891 αὑτοῦ
584 4839 681 4892 καὶ
712 4838 830 4902 ἑνὸς
856 4838 1053 4903 διττοῖς
1085 4838 1347 4909 ὀνόμασιν
1376 4839 1849 4911 ἀποκαλουμένου,
1876 4839 1965 4892 ἵνα

381 4933 439 4984 ὲν
475 4931 611 5004 μόνῃ
644 4931 986 5004 προσηγορίᾳ
1015 4933 1271 5004 φαίνηται
1294 4931 1395 5001 τῆς
1426 4930 1616 4994 δυάδος
1642 4933 1677 5001 ή
1708 4930 1963 4999 δύναμις·

379 5023 500 5077 οὑδὲ
538 5024 615 5087 ὡς
652 5022 748 5077 τοῦ
780 5023 947 5078 αὑτοῦ
993 5024 1123 5079 ποτὲ
1166 5025 1263 5095 μὲν
1306 5022 1539 5093 Πατρὸς,
1576 5022 1705 5076 ποτὲ
1746 5021 1802 5074 δὲ
1836 5020 1969 5073 Υἱού

380 5115 697 5185 λεγομένου,
734 5115 897 5170 τοῦτο
929 5115 1034 5187 γὰρ
1066 5115 1357 5170 Σαϐελλίω
1384 5114 1445 5168 τδ
1475 5115 1674 5183 δόγμα,
1714 5113 1829 5167 ἀλλ’
1860 5114 1967 5166 sisi

386 5207 489 5275 μὲν
518 5207 731 5277 ἀριθμῷ
760 5207 881 5260 δύο·
914 5207 1028 5261 ἔστι
1061 5207 1168 5278 γὰρ
1195 5210 1223 5260 6
1263 5205 1453 5277 Πατὴρ
1491 5204 1578 5259 ἀεὶ
1608 5204 1819 5275 Πατὴρ,
1846 5204 1966 5258 οὐδέ

383 5315 520 5352 ποτε
568 5299 647 5363 εἰς
691 5299 819 5353 Υἰδν
877 5300 1371 5371 μεταποιούμενος⁸
1412 5297 1505 5350 καὶ
1543 5295 1728 5361 πάλιν,
1773 5299 1801 5349 6
1842 5295 1969 5359 Υἱὸς

378 5390 642 5445 οὐδέποτε
671 5393 748 5455 εἰς
776 5391 1001 5463 Πατέρα
1038 5390 1525 5463 μεταϐαλλόμενος.
1554 5388 1710 5442 Οὑτω
1737 5388 1793 5441 δὲ
1818 5388 1970 5452 ὄντος

379 5484 476 5539 τοῦ
509 5487 857 5558 πράγματος,
884 5485 979 5539 καὶ
1009 5486 1071 5538 ὲν
1095 5484 1245 5539 δυάδι
1274 5484 1532 5553 κειμένου
1584 5479 1679 5533 τοῦ
1713 5478 1970 5550 ἀριθμοῦ,

387 5578 482 5634 μία
512 5577 674 5648 φύσις
715 5578 1055 5649 ἀμφοτέροις
1090 5577 1185 5629 καὶ
1231 5575 1264 5645 ἡ
1303 5571 1441 5643 αὑτὴ
1481 5572 1701 5640 Θεότης,
1737 5569 1973 5633 ἐοικότος

383 5674 469 5726 ἀεὶ
498 5681 595 5727 τοῦ
625 5674 975 5744 γεννήματος
1004 5669 1082 5740 τῷ
1113 5665 1466 5737 γεγεννηκότι
1504 5663 1770 5733 φυσικῶς.
1800 5660 1977 5714 Εἱκὼν

382 5766 489 5838 γάρ
519 5768 656 5837 ἐστι,
692 5766 791 5820 καὶ
819 5762 1179 5833 ἀπαύγασμα,
1212 5759 1305 5815 καὶ
1331 5757 1725 5847 χαρακτὴρξῆς
1747 5750 1976 5836 ὑποστὰτ

2074 4662 2287 4732 aliquod
2311 4663 2364 4717 in
2396 4661 2530 4717 duas
2558 4670 2742 4731 partes
2762 4662 3112 4727 divideretur,
3142 4667 3201 4714 ut
3230 4673 3260 4712 a
3288 4666 3477 4713 mutua
3508 4658 3650 4712 inter

2067 4770 2126 4810 se
2195 4753 2455 4808 societate
2517 4752 2943 4825 habitudineque
3004 4753 3396 4822 sejungantur,
3476 4760 3650 4815 neque

2068 4858 2260 4900 rursus
2290 4844 2361 4898 ita
2394 4853 2452 4899 ut
2482 4858 2647 4899 unum
2685 4854 2850 4913 atque
2895 4844 3039 4899 idem
3082 4842 3294 4897 duobus
3342 4837 3651 4893 nominibus

2068 4943 2312 5003 vocetur,
2347 4943 2404 4990 ut
2428 4938 2480 4991 in
2513 4951 2619 4990 una
2651 4935 3012 5003 appellatione
3038 4930 3317 4986 dualitatis
3353 4930 3527 4983 virtus
3555 4944 3650 4998 ap-

2067 5032 2286 5094 pareat;
2341 5038 2518 5092 neque
2549 5030 2609 5077 ut
2639 5024 2780 5077 idem
2815 5020 3109 5089 aliquando
3137 5018 3315 5082 Pater,
3360 5018 3649 5088 aliquando

2075 5114 2245 5171 Filius
2268 5114 2499 5177 dicatur,
2538 5114 2643 5167 hoc
2671 5113 2814 5166 enim
2866 5108 3084 5165 Sabellii
3113 5110 3302 5180 dogma
3329 5120 3432 5176 est,
3457 5111 3550 5165 sed
3592 5122 3650 5165 ut

2075 5211 2183 5263 sint
2206 5206 2309 5261 duo
2329 5218 2557 5260 numero
2584 5222 2597 5259 :
2621 5218 2745 5258 nam
2778 5201 2936 5257 Pater
2956 5214 3169 5270 semper
3191 5211 3270 5256 est
3299 5199 3483 5265 Pater,
3517 5218 3653 5255 nun—

2076 5312 2238 5366 quam
2268 5296 2319 5350 in
2352 5294 2543 5351 Filium
2576 5304 2813 5351 mutatus
2843 5311 2857 5349 :
2888 5300 2944 5348 et
2988 5290 3156 5347 Filius
3187 5305 3403 5361 semper
3430 5299 3512 5345 est
3557 5289 3649 5345 Fi-

2078 5390 2199 5454 lius,
2230 5403 2500 5457 nunquam
2532 5386 2587 5442 itt
2630 5386 2846 5443 Patrem
2886 5394 3148 5441 mutatus.
3187 5384 3432 5454 Cumque
3474 5380 3548 5436 ita
3592 5398 3652 5437 se

2073 5495 2159 5537 res
2191 5480 2410 5546 habeat,
2435 5488 2491 5534 et
2515 5479 2588 5533 sit
2621 5491 2847 5533 numero
2878 5477 3113 5532 dualitas
3139 5488 3512 5545 personarum,
3543 5488 3649 5528 una

2072 5571 2287 5639 utrique
2330 5578 2415 5624 est
2457 5578 2669 5633 natura,
2700 5569 2997 5637 eademque
3036 5565 3211 5621 deitas
3237 5604 3253 5629 ,
3307 5578 3429 5619 cum
3482 5563 3654 5618 Filius

2075 5677 2288 5731 semper
2325 5662 2392 5715 sit
2436 5660 2632 5715 similis
2661 5658 2708 5711 ei
2753 5656 2842 5725 qui
2897 5656 3221 5712 naturaliter
3278 5670 3399 5708 eum
3443 5650 3649 5724 genuit.

2075 5756 2167 5811 Est
2211 5755 2352 5809 enim
2389 5752 2589 5820 imago,
2631 5759 2683 5805 ct
2734 5745 3004 5817 splendor,
3054 5760 3107 5805 ct
3162 5750 3443 5805 cbaraCter
3488 5748 3658 5811 hypo-
