4078 6260
489 412 593 468 153

1473 419 1532 473 S.
1574 418 1847 473 CYRILLI
1884 420 2352 478 ALEXANDRINI
2391 425 2707 482 ARCHIEP.

3635 424 3736 479 184

487 531 696 578 staseos
713 535 960 582 essentne
985 526 1161 583 Patris
1181 526 1364 583 Filius.
1389 527 1523 582 Nam
1546 529 1647 584 hac
1660 531 1866 586 ratione
1888 547 2049 587 unum

2157 553 2295 600 σεως
2336 538 2437 606 τῆς
2468 540 2564 592 τοῦ
2606 539 2816 612 Πατρδς
2853 535 3037 599 οὐσίας
3072 537 3098 589 6
3126 534 3271 598 Υἱός.
3305 532 3459 587 Οὕτω
3496 533 3601 604 γὰρ
3641 533 3735 586 ἕνα

486 615 716 670 dicimus
745 631 864 672 esse
901 619 1087 686 Deum,
1115 621 1201 675 iob
1245 620 1580 674 identitatem
1628 631 1834 678 natura:
1877 623 2056 682 Patris

486 721 607 760 cum
634 707 772 763 Filio
801 747 817 775 ,
845 718 899 764 et
930 710 1048 765 Filii
1085 727 1204 765 cum
1231 712 1410 766 Patre.

1157 842 1384 897 ALIUD.

554 930 1012 997 Quemadmodum
1038 945 1194 985 nemo
1216 933 1411 988 dixerit
1433 935 1766 1006 splendorem
1793 951 1950 1004 quem
1978 939 2055 992 sol

481 1039 549 1076 ex
590 1039 650 1078 se
693 1023 908 1085 emittit,
943 1022 1085 1076 aliud
1127 1036 1181 1077 et
1220 1025 1492 1080 diversum
1533 1038 1722 1080 natura
1769 1029 1944 1081 lumen
1989 1029 2057 1082 ab

481 1114 574 1168 illo
604 1129 742 1178 esse,
773 1129 945 1183 neque
983 1116 1396 1185 participatione
1425 1120 1654 1187 quadam
1704 1128 1862 1188 atque
1900 1121 2054 1174 habi-

483 1205 662 1259 tudine
707 1220 774 1260 ex
826 1205 942 1274 ipso
999 1208 1114 1262 sole
1164 1209 1295 1262 illud
1347 1209 1463 1264 fieri
1495 1211 1780 1280 judicahit,
1817 1213 1910 1265 sed
1963 1228 2056 1265 na-

483 1295 727 1351 turaliter
751 1312 815 1352 ex
848 1298 964 1366 ipso
996 1300 1167 1353 emitti
1194 1317 1211 1366 ;
1254 1309 1307 1355 ct
1334 1302 1436 1355 duo
1464 1303 1678 1370 quidem
1709 1302 1910 1356 lumina
1937 1319 2058 1358 esse

480 1387 689 1444 ratione
729 1390 1010 1458 percipiet,
1057 1407 1220 1444 unum
1259 1400 1437 1448 tamen
1480 1401 1669 1446 natura
1719 1413 1732 1449 :
1773 1395 1845 1447 ita
1894 1397 2055 1448 etiam

480 1492 638 1531 nemo
664 1488 808 1533 recte
843 1480 1137 1544 censuerit,
1186 1482 1396 1536 tametsi
1437 1481 1597 1536 Pater
1644 1492 1698 1536 et
1740 1482 1912 1536 Filius
1951 1485 2058 1538 siut

479 1582 705 1622 numero
740 1569 862 1630 duo,
893 1570 1161 1624 diversum
1193 1586 1312 1625 esse
1360 1572 1553 1625 Filium
1589 1586 1619 1625 a
1647 1571 1807 1626 Patre
1848 1573 2058 1630 ratione

479 1660 700 1716 deitatis
737 1672 790 1715 ct
824 1661 1118 1718 identitatis
1146 1664 1415 1718 essentne.
1447 1664 1552 1718 Sed
1582 1666 1723 1718 sicut
1769 1667 1848 1720 sol
1882 1673 1966 1719 est
2001 1666 2054 1719 in

509 1750 765 1817 plendore
802 1767 961 1820 quem
999 1768 1064 1806 cx
1109 1768 1167 1806 se
1196 1753 1414 1817 emittit,
1447 1763 1500 1807 et
1532 1753 1782 1823 splendor
1814 1754 1866 1807 in
1891 1754 2003 1808 sole
2025 1769 2054 1806 a

482 1858 586 1912 quo
633 1845 792 1900 exit:
846 1845 918 1898 ita
953 1846 1116 1899 etiam
1166 1846 1325 1900 Pater
1376 1847 1428 1899 in
1482 1846 1641 1911 Filio,
1675 1854 1728 1900 et
1773 1846 1942 1900 Filius
1997 1847 2049 1900 in

481 1931 664 1996 Patre;
697 1949 920 1988 numero
962 1935 1178 2003 quidem
1226 1935 1443 1990 induas
1486 1950 1744 2004 personas
1791 1935 2050 2000 distincti,
2084 1917 2124 1971 Β

477 2036 642 2094 atque
690 2026 763 2080 ita
812 2027 1148 2100 hypostatice
1193 2027 1541 2092 exsistentes,
1584 2027 1867 2084 identitate
1922 2043 2052 2084 vero

478 2124 686 2172 natum
715 2117 770 2172 in
805 2133 968 2172 unam
994 2119 1244 2175 deitatem
1271 2119 1496 2174 redacti.
1547 2154 1549 2156 -

1151 2320 1377 2376 ALIUD.

549 2407 608 2464 Si
629 2410 752 2480 quis
769 2411 1004 2466 divinam
1028 2411 1364 2484 Scripturam
1383 2423 1637 2469 accurate
1661 2419 2049 2483 perscrutetur,

477 2499 718 2556 inveniet
753 2503 940 2558 iisdem
973 2505 1282 2560 nominibus
1306 2514 1556 2560 vocatum
1597 2504 1816 2568 Filium,
1859 2504 2053 2571 quibus

475 2601 532 2648 et
560 2591 746 2658 Pater,
786 2604 1011 2663 excepto
1054 2597 1196 2664 quod
1241 2612 1344 2650 non
1396 2597 1608 2650 dicatur
1649 2594 1843 2659 Pater;
1893 2595 2054 2664 idque

476 2683 598 2738 vice
622 2697 780 2737 versa
808 2682 1024 2737 Patrem
1055 2687 1351 2754 comperiet
1385 2687 1576 2741 iisdem
1621 2686 1926 2740 nominibus
1961 2701 2053 2738 vo-

477 2771 591 2826 cari
635 2771 877 2837 Patrem,
924 2774 1118 2842 quibus
1165 2775 1352 2843 Filius,
1415 2785 1739 2843 eocxcepto
1765 2775 1906 2844 quod
1946 2790 2050 2828 non

477 2865 690 2918 dicatur
737 2863 952 2919 Filius:
986 2867 1129 2935 quod
1179 2867 1397 2936 quidem
1453 2866 1751 2922 manifestis
1795 2864 2053 2934 exemplis

474 2955 692 3026 probari
717 2963 911 3026 potest.
933 2955 1290 3026 Omnipotens
1304 2957 1486 3022 Pater,
1507 2958 1700 3013 dicitur
1720 2967 1774 3012 et
1794 2959 1860 3012 de
1882 2957 2048 3011 Filio:

482 3064 502 3095 ι
523 3045 648 3102 liae
668 3047 799 3103 dicit
817 3049 908 3118 qui
928 3058 1068 3115 erat,
1086 3051 1174 3119 qui
1193 3061 1452 3106 venturus
1468 3060 1572 3116 est,
1592 3050 1932 3119 omnipotens
1947 3049 2012 3103 3°.
2027 3066 2045 3098 ι

479 3137 738 3195 Dominus
760 3140 955 3209 Pater;
977 3151 1032 3196 et
1069 3161 1087 3192 ι
1117 3141 1261 3197 Unus
1282 3145 1538 3198 Dominus
1563 3142 1718 3198 Jesus
1745 3143 2044 3197 Christus.»

2161 627 2338 696 φαμὲν
2367 625 2502 682 εἷναι
2531 627 2662 681 Θεὸν
2684 629 2770 681 διὰ
2795 629 2892 698 τὴν
2917 625 3220 693 ταυτότητα
3256 625 3356 694 τῆς
3389 622 3601 692 φύσεως
3627 624 3738 674 Πα-

2157 718 2283 786 τρὸς
2318 717 2451 784 πρὸς
2473 717 2619 783 Υἱδν,
2649 717 2744 770 καὶ
2773 716 2898 768 Υἱοῦ
2929 713 3066 785 πρὸς
3102 711 3341 782 Πατέρα.

2843 829 3044 880 ΔΛΛΟ.

2230 920 2439 988 Ὠσπερ
2471 921 2530 973 τὸ
2577 922 2640 973 ἐκ
2675 919 2766 972 τοῦ
2813 919 2961 989 ἡλίου
2997 915 3345 986 πεμπόμενον
3395 911 3738 980 ἀπαύγασμα

2159 1011 2257 1063 οὐκ
2286 1011 2349 1064 ἄν
2383 1028 2466 1073 τις
2511 1011 2653 1062 εἴποι
2685 1009 2825 1066 κατὰ
2857 1009 3017 1077 φύσιν
3049 1008 3234 1076 ἕτερον
3273 1001 3411 1058 εἶναι
3441 1002 3559 1070 φῶς
3607 1001 3738 1071 παρ’

2159 1105 2388 1167 ἐκεῖνον,
2429 1103 2460 1173 ἢ
2505 1103 2647 1156 κατὰ
2682 1101 2974 1172 μετουσίαν
3012 1099 3132 1152 τινὰ
3179 1099 3273 1151 καὶ
3323 1096 3505 1166 σχέσιν
3543 1095 3647 1162 τὴν
3683 1093 3741 1156 ἐξ

2158 1197 2321 1252 αὐτοῦ
2349 1198 2557 1251 τοιοῦτο
2585 1197 2852 1265 γίνεσθαι,
2887 1195 3002 1248 ἀλλ’
3027 1193 3194 1258 ὅντως
3239 1190 3396 1258 φύσει
3441 1187 3634 1260 προῖδν
3684 1186 3741 1252 ἐξ

2158 1288 2344 1352 αὐτοῦ,
2373 1289 2467 1342 καὶ
2495 1288 2588 1340 δύο
2614 1288 2710 1358 μὲν
2737 1286 2906 1339 ταῦτα
2930 1285 3082 1353 φῶτα
3112 1282 3228 1335 κατ’
3253 1281 3493 1333 ἐπίνοιαν
3521 1279 3739 1346 ὁρᾶται,

2158 1377 2214 1430 ἓν
2238 1377 2294 1430 δέ
2331 1379 2438 1430 εἰσι
2469 1378 2608 1430 κατά
2640 1376 2824 1445 φύσιν
2855 1374 3027 1438 οὕτως
3060 1374 3158 1426 ούκ
3191 1371 3254 1424 ἄν
3279 1387 3362 1432 τις
3395 1368 3659 1434 εὐλόγως,
3693 1366 3742 1417 εἰ

2158 1469 2252 1522 καὶ
2293 1471 2372 1532 είς
2402 1468 2567 1522 δυάδα
2599 1469 2849 1539 τέμνοιτο
2888 1465 3102 1536 Πατρός
3149 1481 3208 1516 τε
3243 1463 3336 1516 καὶ
3376 1459 3508 1513 Υἱού
3542 1462 3570 1511 6
3620 1460 3743 1528 ἀρι-

2158 1561 2314 1631 θμὸς,
2343 1560 2526 1631 ἕτερόν
2549 1577 2600 1612 τι
2631 1560 2783 1628 παρὰ
2804 1560 2894 1610 τὸν
2925 1555 3145 1625 Πατέρα
3181 1555 3295 1624 ἐρεῖ
3321 1553 3410 1604 τὸν
3441 1550 3593 1613 Υίὸν,
3619 1550 3741 1602 ὅσον

2158 1654 2236 1715 εἰς
2273 1651 2370 1722 τὴν
2399 1651 2626 1720 θεότητα
2651 1651 2745 1704 καὶ
2776 1649 2874 1719 τὴν
2902 1648 3201 1715 ταυτότητα
3232 1646 3330 1715 τῆς
3353 1643 3562 1704 οὐσίας.
3599 1639 3742 1692 Ἀλλ’

2158 1745 2347 1814 ὥσπερ
2374 1745 2402 1795 6
2431 1743 2581 1813 ἥλιος
2612 1743 2670 1794 ἐν
2701 1741 2778 1811 τῷ
2811 1738 3201 1814 ἁπᾳυγάσματί
3231 1738 3344 1788 ἐστι
3374 1734 3449 1804 τῷ
3482 1733 3542 1799 ἐξ
3574 1731 3742 1785 αὐτοῦ

2161 1808 2510 1908 προελθόντι,
2545 1834 2640 1886 καὶ
2673 1831 2732 1884 τὸ
2751 1808 3106 1898 ἀπαύγασμα
3142 1831 3198 1880 ἐν
3237 1827 3314 1897 τῷ
3362 1826 3496 1897 ἡλίῳ
3541 1823 3634 1891 ἀφ’
3679 1817 3742 1876 οὗ

2155 1928 2247 1981 καὶ
2273 1926 2514 1996 ἐξῆλθεν,
2551 1918 2723 1986 οὕτως
2762 1923 2878 1975 ἐστὶ
2913 1921 3099 1988 Πατὴρ
3129 1921 3187 1972 ἐν
3220 1919 3355 1987 Υίῷ,
3387 1917 3482 1970 καὶ
3514 1915 3648 1977 Υἱὸς
3682 1915 3742 1966 ἐν

2156 2015 2350 2086 Πατρὶ,
2386 2012 2600 2084 ἀριθμῷ
2637 2011 2734 2082 μὲν
2770 2011 2848 2072 εἰς
2886 2009 3050 2061 δυάδα
3082 2007 3421 2077 τεμνόμενοι,
3453 2005 3550 2056 καὶ
3583 2001 3743 2062 ὄντες

2155 2105 2323 2169 οὕτως
2351 2107 2406 2158 ἐν
2435 2103 2746 2166 ὑποστάσει,
2776 2104 2843 2171 τῇ
2879 2100 2936 2152 δέ
2966 2099 3248 2168 ταυτότητι
3275 2097 3374 2166 τῆς
3412 2095 3632 2163 φύσεως
3660 2094 3745 2156 είς

2159 2199 2286 2269 μίαν
2312 2197 2664 2266 σφιγγόμενοι
2695 2194 2943 2264 Θεότητα.

2169 2355 2172 2360 -
2843 2306 3044 2358 ΑΛΛΟ.

2167 2453 2169 2455 .
2224 2405 2293 2459 Εἴ
2331 2422 2415 2468 τις
2460 2401 2700 2474 ἀκριϐῶς
2732 2399 2982 2464 ἐξετάσαι
3027 2395 3125 2460 τὴν
3172 2392 3318 2446 Θείαν
3355 2389 3601 2460 Γραφὴν,
3648 2387 3744 2438 εύ-

2157 2499 2314 2568 ρήσει
2347 2495 2621 2556 τοσούτοις
2671 2491 2928 2560 ὀνόμασιν
2975 2482 3419 2551 ἁποκαλούμενον
3452 2479 3547 2531 τὸν
3585 2477 3737 2568 Υἱνδν,

2154 2567 2410 2655 ὅσοισπερ
2433 2584 2499 2638 ἂν
2528 2584 2622 2636 ἴδοι
2654 2579 2861 2635 καὶτὸν
2896 2577 3139 2646 Πατέρα,
3175 2574 3296 2642 δίχα
3334 2571 3494 2642 μόνον
3523 2568 3618 2620 τοῦ
3651 2567 3736 2619 λέ-

2153 2676 2345 2746 γεσθαι
2378 2673 2627 2743 Πατέραο
2659 2671 2750 2724 καὶ
2781 2669 2942 2723 πάλιν
2973 2669 3066 2721 ἐπὶ
3109 2665 3320 2737 Πατρὸς
3349 2663 3446 2734 τὴν
3486 2661 3609 2729 ἴσην
3641 2662 3735 2712 ἀν-

2154 2767 2466 2836 τιστροφὴν,
2496 2763 2767 2823 τοσούτοις
2795 2761 3049 2830 ὀνόμασιν
3077 2757 3350 2812 ἀποκαλού
3361 2772 3520 2824 μενον
3553 2752 3732 2816 αὑτὸν,

2153 2859 2294 2919 ὅσοις
2320 2857 2411 2909 καὶ
2434 2858 2461 2908 6
2487 2853 2632 2917 Υἱὸς,
2659 2851 2783 2922 δίχα
2815 2851 2972 2920 μόνον
2999 2847 3092 2900 τοῦ
3124 2845 3374 2915 λέγεσθαι
3409 2843 3556 2897 Υἱόν.
3581 2839 3736 2904 ’Ἥξει

2152 2947 2208 3000 δὲ
2237 2949 2369 3016 ἡμῖν
2399 2944 2491 2996 καὶ
2519 2943 2585 2995 δι’
2621 2939 2864 3011 ἐναργῶν
2897 2936 3222 3001 ἀποδείξεων
3250 2937 3277 2988 ό
3309 2934 3485 3000 λόγος.
3533 2933 3736 2984 Παντο-

2154 3040 2375 3111 κράτωρ
2398 3039 2425 3090 6
2451 3034 2660 3105 Πατὴρ,
2691 3032 2913 3103 φέρεται
2943 3031 3035 3083 καὶ
3059 3030 3140 3096 ἐφ’
3167 3027 3298 3080 Υίοῦ
3319 3042 3331 3055 ο
3362 3044 3380 3077 ι
3409 3024 3554 3077 Τάδε
3593 3023 3737 3088 λέγει

2151 3134 2180 3186 6
2216 3127 2303 3202 ἦν,
2332 3131 2360 3182 6
2389 3127 2711 3199 ἐρχόμενος,
2753 3125 2780 3176 6
2819 3121 3231 3195 παντοκράτωρ.
3264 3137 3280 3169 ι
3316 3117 3524 3188 Κύριος
3563 3117 3590 3168 6
3626 3116 3739 3167 Πα-

475 3231 682 3288 Lumen
719 3232 880 3288 Pater
906 3207 1088 3288 :ilicit
1133 3245 1185 3288 et
1215 3233 1380 3289 Filius
1410 3253 1422 3288 :
1455 3253 1473 3286 ι
1500 3236 1608 3303 Ego
1637 3251 1752 3291 sum
1783 3236 1871 3289 lux
1903 3251 2054 3290 mun-

2157 3224 2282 3293 τὴρ,
2342 3222 2435 3273 καὶ
2481 3238 2499 3271 ι
2533 3214 2628 3281 Εἷς
2673 3216 2877 3286 Κύριος
2929 3211 3135 3283 Ἰησοῦς
3203 3209 3458 3280 Χριστός.
3487 3226 3505 3258 ι
3562 3207 3740 3303 Φῶςό

476 3322 533 3375 di
559 3322 627 3375 ⁸⁸.
668 3340 688 3374 ι
720 3319 882 3376 Pater
923 3323 1144 3377 remittit
1171 3336 1391 3393 peccata
1423 3341 1437 3378 :
1465 3326 1695 3380 remittit
1738 3336 1791 3380 et
1834 3326 2003 3381 Filius
2034 3343 2047 3379 :

485 3432 504 3463 ι
533 3410 606 3468 Ut
626 3412 815 3468 sciatis.
837 3414 1008 3478 enim,
1039 3415 1232 3484 inquit,
1262 3417 1401 3485 quod
1433 3415 1604 3470 Filius
1635 3418 1867 3472 hominis
1892 3419 2054 3472 habet

479 3506 806 3568 potestatem
834 3503 1052 3556 interra
1082 3503 1382 3558 remittendi
1406 3515 1623 3573 peccata
1647 3506 1714 3559 ⁸³.
1745 3526 1762 3558 ι
1790 3506 2054 3572 Quoniam

480 3591 647 3660 igitur
693 3593 874 3647 omnia
919 3593 1101 3648 insunt
1135 3592 1290 3655 Filio,
1336 3610 1454 3663 qua:
1485 3594 1654 3660 Patri,
1700 3611 1826 3650 vere
1873 3596 2052 3650 dicit:

483 3697 503 3732 ι
542 3679 734 3736 Omnia
764 3697 882 3751 quae
923 3683 1083 3738 habet
1122 3685 1273 3754 ιιι
1303 3683 1479 3749 Pater,
1523 3701 1636 3738 mea
1681 3696 1808 3740 sunt
1837 3686 1899 3739 ⁸³.
1940 3705 1956 3735 ι
1993 3685 2058 3739 Ει

480 3787 670 3828 rursus
720 3774 784 3828 ad
826 3771 1041 3830 Patrem
1086 3791 1240 3830 suum
1292 3776 1548 3845 loquens,
1601 3778 1728 3830 dicit
1763 3796 1776 3830 :
1816 3797 1832 3828 ‹
1865 3777 2057 3831 Omnia

478 3877 598 3918 mea
627 3871 752 3917 sunt
788 3872 900 3928 tua,
935 3875 990 3919 et
1020 3873 1106 3918 tua
1135 3877 1260 3920 sunt
1304 3881 1420 3920 mea
1454 3866 1518 3921 ⁸³.
1551 3885 1568 3918 ›
1609 3865 1664 3920 Si
1710 3882 1837 3937 ergo
1877 3868 2056 3920 omnia

479 3970 600 4020 qua:
651 3954 832 4008 insunt
868 3954 1037 4020 Patri,
1082 3956 1262 4010 insunt
1303 3965 1358 4010 ct
1401 3956 1557 4021 Filio,
1604 3965 1660 4011 et
1703 3971 1731 4011 c
1764 3957 2068 4022 contrario,-

479 4060 810 4115 qutrcunque
840 4047 1020 4102 insunt
1055 4048 1208 4114 Filio,
1236 4049 1422 4102 insunt
1446 4061 1498 4103 et
1529 4048 1696 4114 Patri,
1729 4064 1831 4103 non
1860 4050 2052 4102 menti-

482 4149 568 4190 tur
619 4153 738 4192 cum
785 4137 915 4191 dicit
948 4156 960 4190 :
1000 4157 1017 4188 ‹
1056 4138 1164 4210 Ego
1204 4140 1254 4192 in
1295 4138 1474 4203 Patre,
1517 4147 1570 4193 et
1606 4138 1767 4194 Pater
1799 4141 1850 4194 in
1889 4154 1994 4202 me,
2032 4159 2050 4190 ι

479 4242 601 4280 cuin
633 4243 817 4281 eorum
852 4244 970 4296 qua:
998 4230 1179 4283 insunt
1214 4231 1468 4286 iilcntitas
1506 4232 1555 4284 in
1591 4232 1850 4285 dualitatc
1873 4246 2056 4299 perso-

483 4333 670 4370 narum
701 4319 904 4386 absque
946 4319 1052 4371 ulla
1087 4321 1387 4375 differentia
1433 4333 1712 4389 appareat.
1749 4324 1900 4388 Quod
1932 4340 2053 4382 eum

481 4423 669 4461 verum
700 4409 919 4462 omnino
952 4409 1052 4472 sit;
1084 4411 1547 4478 propriuin'eerte
1585 4413 1833 4481 genimcn
1873 4414 2055 4468 Patris

483 4497 760 4555 cstFilins
791 4511 804 4549 :
833 4512 1008 4565 neque
1033 4499 1176 4551 enim
1201 4499 1431 4568 gestavit
1472 4500 1769 4553 secundum
1803 4511 2051 4554 naturam

2159 3312 2370 3383 Πατὴρ,
2411 3309 2556 3379 λέγει
2593 3309 2686 3362 καὶ
2730 3310 2757 3360 6
2789 3306 2946 3370 Υἱός·
2986 3324 3004 3355 ί
3049 3303 3191 3371 Ἐγώ
3239 3303 3354 3370 εἰμι
3385 3299 3445 3351 τὸ
3479 3298 3601 3367 φῶς
3649 3294 3737 3349 τοῦ

2157 3404 2383 3472 κόσμου.
2410 3419 2428 3451 ι
2473 3400 2529 3452 Ὀ
2559 3396 2748 3467 Πατὴρ
2788 3395 3008 3465 ἀφίησιν
3052 3391 3364 3462 ἁμαρτίας⁸
3408 3390 3559 3439 ποιεῖ
3588 3385 3741 3438 τοῦτο

2157 3495 2250 3547 καὶ
2279 3495 2307 3545 6
2342 3491 2498 3554 Υἱός·
2543 3490 2708 3541 ι-Ἴνα
2765 3487 2892 3556 γὰρ,
2933 3484 3116 3552 φησὶν,
3158 3480 3332 3550 εἰδῆτε
3365 3480 3446 3531 ὅτι
3489 3475 3740 3542 ἐξουσίαν

2157 3582 2268 3653 ἔχει
2299 3583 2327 3634 6
2352 3582 2478 3643 Υἱὸς
2509 3576 2600 3632 τοῦ
2629 3577 2916 3646 ἀνθρώπου
2947 3575 3040 3626 ἐπὶ
3067 3573 3166 3642 τῆς
3194 3573 3296 3640 γῆς
3321 3569 3542 3637 ἀφιέναι
3575 3568 3742 3636 ἁμαρ-

2157 3677 2296 3737 τίας.
2333 3692 2349 3723 ι
2395 3669 2612 3740 Ἐπειδὴ
2655 3669 2834 3722 τοίνυν
2868 3667 3044 3720 πάντα
3088 3663 3349 3734 πρόσεστι
3382 3660 3457 3731 τῷ
3487 3659 3607 3730 Υἰῷ
3644 3659 3741 3711 ὃσα

2159 3767 2252 3819 καὶ
2292 3767 2346 3818 ἐν
2371 3762 2445 3834 τῷ
2482 3762 2676 3830 Πατρὶ,
2707 3759 2984 3830 ἀληθεύων
3013 3757 3159 3824 λέγει
3181 3773 3192 3787 ·
3231 3776 3249 3805 ι
3283 3755 3469 3807 Πάντα
3496 3753 3597 3804 ὅσα
3627 3749 3738 3819 ἔχει

2157 3860 2185 3909 6
2214 3855 2432 3926 Πατὴρ,
2481 3854 2590 3924 ἐμά
2630 3855 2762 3905 ἐστι.
2795 3872 2812 3903 ι
2864 3852 2974 3904 Καὶ
3017 3849 3179 3902 πάλιν
3230 3847 3365 3916 πρὸς
3410 3847 3498 3898 τὸν
3544 3841 3738 3897 ἑαυτοῦ

2158 3948 2377 4017 Πατέρα
2406 3948 2530 4009 τοὺς
2572 3945 2761 4012 λόγους
2813 3942 3133 4012 ποιούμενος
3186 3940 3416 4008 φάσκει·
3450 3956 3467 3987 ι
3500 3937 3585 3988 Τὰ
3634 3933 3739 4004 ἐμᾶ

2159 4041 2333 4093 πάντα
2368 4038 2437 4092 ait
2466 4041 2598 4099 ἐστι,
2630 4037 2724 4090 καὶ
2756 4037 2822 4088 τὰ
2853 4035 2920 4087 ait
2953 4035 3115 4104 ἐμά.»
3149 4033 3208 4084 Ei
3239 4031 3418 4084 τοίνυν
3445 4031 3543 4082 ὅσα
3577 4028 3738 4096 πρόσ-

2158 4146 2272 4181 εστι
2304 4127 2380 4197 τῴ
2410 4127 2614 4196 Πατρὶ,
2656 4123 2827 4177 ταῦτα
2877 4124 2967 4176 καὶ
2998 4123 3074 4192 τῷ
3108 4122 3220 4191 Υἱῴ
3241 4139 3252 4151 ·
3300 4122 3393 4173 καὶ
3428 4120 3608 4178 πάλιν,
3641 4119 3740 4170 ὅσα

2160 4220 2416 4290 πρόσεστι
2445 4217 2521 4287 τῷ
2550 4216 2681 4286 Υίῷ,
2706 4216 2877 4270 ταῦτα
2918 4216 3011 4267 καὶ
3044 4213 3120 4283 τῷ
3155 4215 3349 4281 Πατρὶ,
3387 4214 3448 4265 ού
3481 4211 3738 4281 ψεύδεται

2157 4311 2328 4378 λέγων
2349 4326 2362 4338 ·
2404 4327 2421 4361 ι
2457 4310 2598 4377 Ἐγὼ
2623 4311 2679 4361 ὲν
2700 4309 2776 4378 τῷ
2814 4308 3007 4372 Πατρὶ,
3039 4307 3132 4358 καὶ
3157 4307 3184 4357 6
3214 4305 3401 4374 Πατὴρ
3452 4306 3507 4355 ἐν
3541 4302 3683 4372 ἐμοί·
3713 4320 3732 4352 ι

2155 4405 2253 4472 τῆς
2288 4402 2396 4453 τῶν
2433 4402 2738 4471 προσόντων
2778 4400 3104 4468 ταυτότητος
3150 4399 3206 4449 ἐν
3251 4399 3314 4466 τῇ
3353 4395 3502 4447 δυάδι
3544 4409 3732 4461 φαινο-

2161 4494 2327 4564 μένης
2354 4493 2809 4562 ἀπαραλλάκτως.
2846 4490 3060 4560 Ἐπειδὴ
3089 4489 3146 4541 δὲ
3173 4488 3329 4541 τοῦτο
3362 4485 3577 4555 ἀληθὲς,
3606 4485 3737 4536 ἴδιον

481 4605 546 4644 ea
567 4605 686 4660 qua:
710 4589 981 4644 Genitoris
1005 4598 1152 4653 sunt,
1183 4591 1282 4644 nisi
1312 4605 1373 4643 ex
1408 4591 1520 4660 ipso
1545 4599 1654 4650 est;
1678 4606 1852 4661 neque
1875 4593 2055 4648 insunt

2157 4583 2222 4635 ἂν
2252 4584 2335 4652 εἴη
2364 4583 2609 4652 γέννημα
2645 4582 2737 4634 τοῦ
2774 4581 2982 4652 [ἰατρὸς
3020 4583 3048 4632 6
3082 4581 3230 4642 Υἱός
3259 4579 3318 4631 ού
3365 4577 3474 4647 γὰρ
3515 4577 3580 4630 ἂν
3613 4575 3736 4641 ἐφό-

483 4680 630 4734 Patri
657 4694 718 4736 ea
748 4694 868 4750 quae
901 4679 1022 4734 Filii
1062 4689 1205 4746 sunt,
1255 4681 1356 4734 nisi
1398 4682 1448 4736 id
1496 4681 1638 4750 quod
1681 4683 1917 4751 genitum
1949 4692 2054 4750 est,

483 4772 756 4843 proprium
785 4771 1034 4828 essentia:
1059 4787 1169 4826 sua:
1199 4781 1362 4827 esset.

915 4952 1142 5019 ALIUD,
1176 4970 1268 5023 per
1295 4911 1605 5022 exemplum.

550 5069 1038 5137 Quemadmodum,
1079 5069 1125 5124 si
1161 5069 1282 5138 quis
1331 5069 1619 5140 imaginem
1661 5070 1862 5139 optime
1905 5071 2052 5139 depi-

481 5173 623 5217 ctam
653 5163 830 5216 videat
859 5171 1023 5230 atque
1061 5162 1381 5225 admiretur,
1429 5163 1570 5234 regis
1605 5163 1732 5218 item
1761 5163 1966 5216 vultum
1999 5171 2055 5216 et

483 5267 820 5322 quaecunque
845 5252 897 5305 in
921 5253 1010 5306 illo
1025 5261 1324 5308 cernuntur
1344 5254 1542 5306 intueri
1563 5255 1616 5306 in
1643 5253 1832 5308 tabella
1859 5254 2050 5321 possit,

485 5344 754 5412 inpiditas
790 5343 938 5396 illum
985 5344 1221 5398 incessat
1269 5359 1449 5413 regem
1496 5344 1666 5410 ipsum
1708 5345 1920 5397 videndi
1953 5361 1966 5395 :
1999 5352 2055 5396 at

488 5437 675 5490 labella
704 5436 899 5491 merito
923 5434 996 5488 illi
1037 5435 1218 5490 dicere
1245 5440 1417 5504 possit
1449 5451 1464 5487 :
1499 5434 1688 5489 Vidisti
1733 5452 1837 5497 me,
1874 5435 2050 5488 vidisti

458 5538 538 5596 ,οι
587 5537 892 5595 rcgem;et
935 5543 1196 5582 rursum:
1237 5527 1349 5596 Ego
1393 5536 1447 5580 et
1494 5541 1586 5580 rex
1635 5542 1797 5580 unum
1843 5543 2050 5587 sumus,

462 5614 744 5685 ‘qnantum
769 5619 832 5670 ad
856 5619 1148 5684 perfectam
1172 5617 1579 5670 similitudinem
1604 5618 1824 5679 attinet;
1857 5629 1907 5668 et
1934 5633 2053 5671 rur-

567 5797 612 5829 ιο
642 5797 810 5866 Apoc.
848 5811 915 5860 ιν,
947 5795 999 5848 9.

1077 5795 1118 5825 ⁸⁸
1153 5793 1304 5848 Joan.
1334 5811 1446 5861 vm,
1481 5795 1560 5848 1‘2.
1643 5795 1685 5826 "
1721 5795 1846 5849 Luc.
1882 5813 1929 5860 ι’,
1966 5798 2054 5850 24.

2163 4693 2285 4746 ρεσε
2325 4675 2464 4730 κατὰ
2500 4676 2659 4744 φύσιν
2694 4673 2762 4726 τὰ
2791 4674 2883 4726 τοῦ
2920 4674 3299 4744 γεννήσαντος,
3329 4670 3428 4723 οὐκ
3455 4668 3530 4722 ὢν
3561 4666 3620 4732 ἐξ
3642 4668 3738 4719 αύ-

2157 4765 2272 4829 τοῦ,
2297 4765 2402 4818 οὐδ’
2424 4762 2490 4818 αὖ
2528 4765 2736 4835 προσῆν
2765 4762 2840 4832 τῷ
2869 4763 3042 4832 Πατρὶ
3072 4763 3140 4816 τὰ
3173 4760 3265 4814 τοῦ
3299 4760 3658 4828 γεννήματος,
3688 4756 3737 4807 εἰ

2162 4857 2237 4930 μὴ
2268 4860 2366 4930 τῆς
2400 4857 2586 4920 οὐσίας
2616 4854 2780 4909 αὑτοῦ
2815 4856 2943 4910 ἴδιον
2974 4857 3187 4927 ὑπῆρχε
3219 4855 3279 4906 τὸ
3318 4852 3598 4923 γεννηθέν.

2490 4969 2716 5032 ’Ἄλλως
2743 4967 2822 5033 ὡς
2849 4966 2917 5030 ἐξ
2956 4966 3407 5035 ὑποδείῃιιατος.

2230 5079 2441 5148 Ὥσπερ
2462 5076 2526 5131 ἂν
2550 5077 2698 5140 εἴτις
2726 5079 2806 5141 εἰς
2832 5079 3013 5130 εἰκόνα
3037 5077 3516 5146 διαγεγραμμένην
3541 5073 3735 5143 ἄριστα

2163 5168 2367 5237 βλέποι,
2394 5169 2487 5220 καὶ
2514 5167 2891 5238 ἁποθαυμάζοι
2920 5169 3015 5238 μὲν
3038 5167 3096 5219 τὸ
3118 5166 3210 5219 τού
3240 5166 3502 5236 βασιλέως
3529 5164 3731 5234 σχῆμα,

2162 5260 2254 5311 καὶ
2299 5260 2507 5328 ὅσαπερ
2552 5262 2609 5312 ἐν
2651 5259 2844 5326 ἐκείνῳ
2887 5258 3164 5325 φαίνεται,
3208 5257 3382 5311 ταῦτα
3426 5258 3520 5310 καὶ
3569 5258 3624 5307 ἐν
3664 5251 3730 5316 τῇ

2160 5355 2343 5422 γραφῇ
2388 5352 2682 5420 δυνάμενός
2714 5367 2772 5401 τε
2817 5351 2910 5401 καὶ
2953 5349 3091 5420 ἔχων
3118 5352 3274 5420 ὁρᾷν,
3320 5352 3399 5412 εἰς
3444 5347 3733 5416 ἐπιθυμίαν

2159 5435 2301 5488 ἔλθοι
2338 5437 2432 5489 τοῦ
2484 5440 2578 5489 καὶ
2619 5437 2776 5489 αὐτὸν
2813 5438 2939 5490 ἰδεῖν
2983 5439 3072 5490 τὸν
3113 5437 3363 5507 βασιλέαο
3395 5438 3537 5490 εἴποι
3586 5437 3629 5488 δ’
3670 5435 3734 5487 ἂν

2159 5528 2382 5588 εἰκότως
2411 5527 2547 5597 πρὸς
2583 5527 2742 5578 αύτδν
2770 5528 2800 5597 ἡ
2831 5531 3046 5597 γραφή·
3093 5529 3149 5580 Ὀ
3187 5529 3445 5597 ἑωρακὼς
3480 5526 3600 5596 ἐμὲ,
3634 5522 3733 5575 ἐώ-

2163 5636 2296 5689 ρακε
2343 5621 2431 5671 τδν
2462 5619 2701 5688 βασιλέα,
2738 5622 2829 5671 καὶ
2879 5621 3069 5673 πάλιν·
3113 5621 3253 5688 Ἐγὼ
3299 5621 3391 5674 καὶ
3422 5623 3447 5673 6
3479 5616 3729 5689 βασιλεὺς

2135 5799 2176 5830 ⁸⁷
2206 5797 2360 5854 Juan.
2401 5816 2502 5855 XVI.
2548 5801 2626 5854 13.
2707 5805 2749 5835 “
2783 5802 2912 5858 Joan
2971 5822 3100 5866 xm.
3131 5808 3221 5860 10.
