4078 6260
293 401 392 462 183

1725 409 2166 467 THESAURUS.

3461 409 3565 464 186

293 527 346 578 ἓν
384 527 582 596 ἐσμεν,
613 525 746 579 ὅσον
778 525 862 592 εἰς
909 525 1194 598 ὁμοιότητα
1223 521 1318 578 καλ¹
1353 523 1751 608 ἀκριϐεστάτην
1787 529 1888 596 ὲμ-

1993 543 2112 584 sum
2145 547 2160 582 :
2191 527 2302 596 Ego
2337 525 2388 580 in
2425 539 2565 594 rege,
2597 531 2650 578 et
2679 535 2770 578 rex
2804 521 2856 576 in
2889 535 2998 584 me,
3021 527 3180 592 juxta
3227 521 3414 578 forma:
3445 539 3564 593 spe-

292 619 544 689 φὲρειαν,
575 619 678 672 καὶ
711 617 914 672 πάλιν·
955 617 1090 686 Ἐγὼ
1121 620 1178 670 ὲν
1209 615 1290 686 τῷ
1323 616 1552 687 βασιλεῖ,
1594 617 1689 671 καὶ
1717 621 1745 671 6
1793 617 1890 687 βα-

292 711 480 774 σιλεὺς
505 713 570 763 ὲν
595 712 744 781 ἐμοὶ,
789 711 926 764 κατὰ
963 711 1022 763 τὸ
1059 713 1156 781 τῆς
1189 710 1404 781 μορφῆς
1441 711 1624 780 σχῆμα
1666 711 1746 779 (τὸ
1783 711 1892 782 γὰρ

291 797 440 866 εἶδος
470 803 537 856 τδ
572 802 786 856 ἐκείνου
819 803 1034 865 πάντως
1067 805 1222 872 φορεῖ
1257 803 1290 872 ή
1328 801 1539 872 γραφὴ,
1572 801 1666 854 καὶ
1695 801 1760 852 τὸ
1793 801 1892 871 τῆς

295 895 528 964 γραφῆς
575 890 714 956 εἶδος
759 895 814 946 ἐν
855 891 1054 962 ἐκείνῳ
1105 893 1318 955 πάντως
1369 890 1673 955 σῶζε-ταώ·
1721 889 1892 952 οὕτως

301 985 430 1038 ἐστὶ
467 986 566 1038 καὶ
607 987 636 1038 6
665 987 787 1048 Υἱὸς
815 985 1025 1052 λέγων’
1063 1003 1082 1036 ι
1121 985 1179 1038 Ὅ
1220 983 1478 1054 ἑωρακὼς
1523 983 1644 1053 ἐμὲ,
1681 981 1890 1054 ἑώρακε

307 1076 404 1128 τὸν
437 1077 672 1147 Πατέρα.
703 1075 868 1144 Κάγὼ
901 1078 998 1130 καὶ
1039 1077 1068 1128 ὀ
1107 1076 1298 1144 Πατὴρ
1343 1075 1401 1128 ἓν
1431 1077 1616 1144 ἐσμεν.
1659 1071 1800 1142 Ἐγὼ
1833 1074 1892 1124 ἐν

309 1167 392 1238 τῷ
421 1171 616 1240 Πατρὶ.
653 1170 742 1222 καὶ
778 1170 806 1220 6
833 1168 1026 1240 Πατὴρ
1051 1169 1110 1220 ὲν
1141 1167 1282 1236 ἐμοί.
1313 1185 1332 1217 ι
1367 1167 1440 1219 Τὸ
1477 1166 1586 1236 γὰρ
1623 1165 1754 1218 ἴδιον
1790 1167 1890 1236 τῆς

315 1257 406 1312 τοῦ
445 1259 650 1330 Πατρὸς
689 1259 876 1322 οὐσίας
915 1260 1351 1330 ἀπαραλλάκτως
1391 1257 1530 1328 ἔχων
1563 1260 1590 1309 ὁ
1623 1257 1770 1322 Υἱὸς,
1807 1258 1888 1310 εξ-

317 1349 422 1403 κών
459 1352 574 1402 ἐστι
605 1349 698 1403 τοῦ
729 1351 946 1422 Πατρὸς
987 1350 1240 1421 ἀκριϐὴς,
1271 1351 1368 1403 καὶ
1397 1349 1584 1422 μορφὴ
1627 1347 1722 1402 τοῦ
1765 1363 1890 1416 γεν-

318 1442 592 1511 νήσαντος,
637 1442 758 1495 ὅλον
797 1445 856 1495 ἐν
907 1444 1076 1512 ἑαυτῇ
1127 1441 1450 1494 δεικνύουσα
1497 1441 1589 1494 τὸν
1634 1457 1890 1510 γεγεννη-

321 1532 456 1584 κότα.
500 1531 656 1586 Οὕτω
707 1533 816 1603 γὰρ
859 1535 1072 1602 νοήσεις
1119 1533 1216 1585 καὶ
1253 1533 1316 1584 τὸ
1355 1530 1508 1602 παρὰ
1564 1531 1642 1601 τῷ
1691 1531 1890 1602 Παύλῳ

322 1623 591 1692 κείμενονο
631 1644 650 1675 ι
679 1625 778 1686 Ὃς
821 1626 878 1676 ὲν
927 1625 1103 1694 μορφῇ
1144 1623 1280 1676 Θεοῦ
1327 1623 1610 1693 ὑπάρχων,
1657 1623 1755 1692 οὐχ
1795 1623 1892 1692 ἁρ-

326 1715 530 1784 παγμὸν
555 1716 806 1784 ἡγήσατο
834 1715 894 1767 τὸ
921 1712 1053 1768 εἶναι
1077 1715 1164 1768 ἴσα
1189 1714 1330 1784 Θεῷ.
1353 1733 1372 1764 ›
1407 1715 1550 1777 Ἵσος
1589 1715 1698 1784 γὰρ
1715 1709 1782 1783 ἦν
1812 1711 1890 1782 τῷ

331 1801 439 1874 8εῷ
480 1804 598 1868 ὅλος
639 1803 714 1856 ὣν
750 1805 902 1869 Θεὸς,
942 1805 1124 1876 ὥσπερ
1162 1807 1258 1860 καὶ¹
1285 1809 1314 1858 6
1344 1806 1570 1875 Πατήρ·
1603 1803 1774 1867 οὕτως
1820 1799 1888 1873 ἦν

1995 619 2132 674 ciem
2183 621 2343 688 (nam
2389 617 2531 672 illius
2575 615 2796 672 formam
2847 613 3040 668 tabella
3085 614 3240 684 plane
3293 615 3480 678 refert,
3512 627 3566 670 et

1995 711 2168 766 forma
2198 709 2408 766 tabellae
2431 711 2544 764 sive
2567 711 2788 778 picturae
2813 707 2864 761 in
2893 707 3010 776 ipso
3035 707 3196 760 etiam
3219 705 3376 776 est);
3411 707 3482 760 ita
3511 719 3561 762 et

1991 803 2162 858 Filius
2195 803 2326 856 dicit
2368 820 2380 854 :
2420 819 2440 854 ι
2472 801 2572 868 Qui
2621 799 2754 854 vidit
2785 815 2890 864 me,
2926 799 3060 852 vidit
3093 809 3148 852 et
3179 797 3394 852 Patrem
3424 797 3500 862 ⁸³;
3537 815 3557 850 ι

1992 903 2064 958 et,
2101 913 2120 946 ι
2147 893 2260 964 Ego
2287 905 2340 948 et
2361 892 2522 946 Pater
2553 908 2718 946 unum
2749 907 2934 946 sumus
2959 890 3032 945 ⁸⁸.
3070 890 3182 960 Ego
3217 891 3268 942 in
3305 889 3486 954 Patre,
3511 899 3566 944 ct

1993 985 2150 1040 Pater
2179 987 2231 1038 in
2271 1001 2356 1039 me
2390 984 2458 1038 ⁸⁷.
2493 1003 2512 1038 ι
2549 983 2718 1037 Filius
2745 983 2888 1037 enim
2935 983 3142 1036 habens
3175 983 3562 1052 proprietatem

1992 1078 2244 1134 essentia:
2267 1075 2444 1131 Patris
2466 1076 2600 1129 citra
2627 1075 2787 1128 ullam
2821 1073 3200 1136 diﬂ'erentiam,
3223 1084 3304 1128 est
3330 1071 3564 1142 perlecta

1994 1171 2170 1240 imago
2203 1169 2376 1224 Patris
2415 1176 2469 1222 et
2513 1167 2686 1220 forma
2723 1167 3006 1236 genitoris,
3039 1177 3206 1220 totum
3243 1167 3298 1218 in
3327 1179 3386 1218 se
3417 1163 3568 1234 geni-

1995 1273 2162 1318 torem
2217 1259 2458 1314 referens
2518 1267 2678 1328 atque
2729 1259 3060 1326 exprimens.
3099 1255 3174 1310 Ita
3208 1255 3354 1310 enim
3402 1255 3568 1308 etiam

1992 1355 2120 1410 illud
2143 1351 2294 1408 Pauli
2318 1349 2584 1420 intelliges
2613 1365 2628 1403 :
2659 1369 2677 1400 ι
2703 1347 2948 1414 Quicum
2979 1357 3124 1400 esset
3155 1348 3208 1400 in
3241 1345 3414 1400 forma
3449 1345 3566 1412 Dei,

1991 1462 2098 1501 non
2131 1446 2374 1516 rapinam
2399 1443 2690 1498 arbitratus
2711 1449 2792 1496 est
2817 1453 2876 1494 se
2895 1454 3016 1494 esse
3038 1437 3298 1506 aequalem
3321 1439 3428 1492 Deo
3453 1437 3518 1490 ⁸⁸.
3539 1455 3560 1488 ι

1991 1538 2238 1608 Εψιιιιίε
2269 1539 2414 1592 enim
2454 1543 2572 1589 erat
2607 1533 2716 1586 Deo
2743 1539 2890 1586 totus
2929 1529 3198 1584 exsistens
3229 1527 3392 1592 Deus,
3425 1527 3566 1580 sicut

1989 1641 2044 1687 et
2071 1629 2234 1684 Pater
2265 1648 2278 1682 :
2314 1631 2386 1684 ita
2431 1637 2548 1682 erat
2599 1625 2652 1678 in
2684 1623 2900 1678 Christo
2947 1623 3204 1676 mundum
3240 1619 3340 1674 sibi
3379 1619 3564 1672 conci-

1989 1723 2132 1778 lians
2159 1723 2300 1776 Deus
2329 1737 2346 1776 :
2378 1721 2450 1774 ita
2483 1731 2824 1787 quaecunque
2868 1723 3123 1784 operatur
3153 1711 3342 1778 Filius,
3385 1709 3564 1765 Patris

1991 1829 2154 1886 opera
2183 1821 2328 1868 sunt.
2367 1813 2498 1866 Cum
2529 1809 2672 1864 enim
2701 1807 2842 1862 nulla
2877 1807 3018 1862 inter
3049 1821 3142 1862 eos
3165 1807 3238 1860 sit
3263 1805 3564 1860 dill'erentia

337 1897 388 1950 ὲν
415 1897 629 1966 Χριστῷ
663 1899 858 1967 κόσμον
899 1899 1075 1970 ἐαυτῷ
1109 1897 1496 1951 καταλλάττων
1537 1900 1564 1950 6
1597 1897 1729 1959 Θεός
1751 1913 1764 1926 ·
1799 1895 1889 1948 οὖ-

1995 1915 2252 1978 quantum
2281 1905 2346 1958 ad
2373 1903 2624 1956 deitatem
2655 1911 2708 1956 et
2749 1909 3020 1964 naturam,
3051 1900 3188 1954 nihil
3225 1901 3404 1954 obstat
3430 1913 3564 1968 quo-

333 2004 428 2049 τως
449 1988 580 2056 ἅπερ
608 1989 893 2057 ἐργάζεται
924 1992 952 2042 ὁ
983 1991 1137 2056 Υἱὸς,
1163 1989 1258 2043 τοῦ
1293 1989 1506 2060 Πατρός
1534 1991 1680 2040 ἐστιν
1725 1987 1884 2058 ἔργα.

324 2077 566 2145 Οὑδεμιᾶς
597 2079 704 2149 γὰρ
733 2081 790 2132 ἐν
819 2081 1010 2144 αὐτοῖς
1036 2080 1204 2150 οὔσης
1235 2081 1492 2152 διαφορᾶς
1515 2083 1636 2132 ὅσον
1659 2081 1736 2141 εἰς
1772 2078 1890 2130 θεό-

309 2183 430 2235 τητα
468 2169 563 2221 καὶ
595 2169 788 2239 φύσιν,
833 2173 896 2224 τὸ
925 2172 1144 2224 κωλῦον
1185 2174 1335 2226 οὐδὲν
1377 2173 1508 2244 ἔργα
1547 2171 1638 2224 τοῦ
1673 2170 1889 2241 Πατρδς

299 2254 552 2326 λέγεσθαι
575 2261 648 2313 τὰ
675 2261 774 2314 τοῦ
805 2261 972 2326 Υἱοῦ,
999 2264 1100 2315 καὶ
1129 2263 1191 2314 τδ
1225 2263 1612 2331 ἀντικείμενον.

1025 2375 1228 2428 ᾹΛᾹΟ.

379 2485 442 2538 ΕΞ
477 2486 656 2540 πάντα
683 2489 786 2540 ὅσα
817 2486 1112 2557 πρόσεστιν
1135 2485 1384 2557 ἐξαίρετα
1407 2485 1482 2556 τῷ
1513 2485 1704 2558 Πατρὶ,
1727 2485 1894 2540 ταῦτα

293 2579 576 2648 προσόντα
610 2581 706 2631 καὶ
741 2579 820 2648 τῷ
863 2579 980 2649 Υῐῷ
1013 2579 1284 2646 φαίνεται,
1331 2579 1390 2631 οὗ
1424 2578 1564 2632 κατὰ
1591 2578 1748 2648 χάριν
1775 2580 1890 2630 ἐπι·

292 2669 584 2735 γεγονότα,
614 2670 738 2721 οὐδὲ
773 2669 924 2722 κατά
971 2687 1092 2721 τινα
1133 2669 1382 2740 μετοχὴν,
1427 2668 1562 2721 ἀλλὰ
1611 2667 1882 2737 φυσικῶς,

292 2755 484 2828 ὥσπερ
517 2758 614 2810 καὶ
651 2759 730 2826 τῷ
770 2759 1156 2829 γεγεννηκότι,
1191 2761 1282 2811 καὶ
1323 2759 1382 2811 τὸ
1425 2758 1754 2828 μεσολαϐοὗν
1792 2761 1884 2812 οὐ-

289 2847 400 2914 δὲν,
439 2851 474 2920 ἢ
503 2850 566 2902 τὸ
596 2849 824 2920 μερίζον
863 2852 946 2912 εἰς
971 2851 1349 2920 ἀνομοιότητα,
1391 2850 1548 2920 δῆλον
1575 2851 1644 2904 ἂν
1672 2851 1756 2920 εἴη
1789 2850 1884 2904 καὶ

295 2937 464 2990 παντί
483 2955 561 3007 τῳ
591 2939 780 3006 σαφὲς,
804 2940 998 3010 ὅτιπερ
1019 2940 1150 2992 αὐτὸ
1178 2941 1274 3009 τῆς
1303 2941 1574 3010 πατρικῆς
1603 2941 1792 3003 οὐσίας
1823 2940 1884 2992 τὸ

294 3031 440 3086 (διον
465 3031 722 3101 ὑπάρχων
751 3033 780 3083 ὁ
812 3031 960 3096 Υἱὸς,
1001 3032 1120 3084 ὅλον
1146 3033 1202 3085 ἐν
1235 3023 1412 3103 ἑαυτῷ
1445 3035 1604 3103 φορεῖ
1629 3033 1723 3086 τὸν
1763 3035 1881 3086 Πα-

291 3123 466 3190 τέρα·
497 3123 590 3174 καὶ
622 3122 737 3184 ὅλος
777 3122 924 3174 ἐστὶν
971 3123 1028 3174 ἐν
1061 3123 1236 3193 Πατρὶ
1265 3123 1404 3176 κατὰ
1446 3124 1544 3192 τὴν
1575 3121 1883 3192 ταυτότητα

287 3217 402 3286 τῆς
441 3213 662 3276 οὐσίας·
709 3213 798 3266 καὶ
823 3213 910 3266 διά
945 3231 1026 3266 τοι
1051 3213 1214 3268 τοῦτο
1237 3213 1418 3277 καλῶς
1443 3231 1504 3266 τε
1532 3213 1626 3266 καὶ
1663 3212 1884 3266 ἀκολού-

1995 1997 2174 2052 minus
2216 2009 2376 2065 opera
2407 1991 2532 2048 Filii
2565 1992 2816 2048 dicantur
2845 2005 3009 2060 Opera
3045 1989 3244 2057 Patris,
3281 1999 3336 2046 et
3367 2005 3396 2044 e
3437 2003 3566 2044 con-

1993 2091 2158 2146 trario

2663 2381 2898 2437 ALIUD.

2060 2497 2120 2553 Si
2175 2509 2512 2568 quacunque
2559 2495 2758 2550 eximia
2787 2503 2912 2550 sunt
2945 2493 2998 2547 in
3049 2491 3232 2556 Patre,
3261 2505 3324 2546 ea
3352 2499 3406 2544 et
3435 2487 3571 2544 Filio

1987 2588 2180 2644 adesse
2209 2593 2636 2655 cognoscuntur,
2673 2601 2776 2638 non
2810 2600 2904 2652 per
2949 2583 3180 2652 gratiam
3219 2579 3426 2648 adjecla
3477 2587 3570 2632 aut

1987 2693 2084 2748 per
2109 2675 2602 2746 participationem,
2633 2673 2727 2728 sed
2763 2673 3098 2737 naturaliter,
3137 2671 3278 2724 sicut
3312 2679 3366 2723 et
3401 2667 3568 2730 Patri,

1987 2770 2302 2838 nullumque
2331 2767 2554 2822 omnino
2577 2775 2662 2820 est
2685 2765 3002 2830 discrimen,
3037 2773 3128 2818 aut
3155 2759 3568 2820 dissimilitudo;

1989 2861 2334 2920 manifestum
2369 2861 2534 2914 etiam
2567 2857 2740 2912 cuivis
2783 2857 2946 2910 fuerit
2973 2857 3118 2926 quod
3149 2854 3321 2908 Filius
3347 2869 3468 2908 cum
3501 2852 3572 2908 sit

1989 2956 2220 3023 ipsatnet
2242 2953 2544 3022 proprietas
2575 2950 2826 3004 essentne
2850 2947 3052 3012 Patris,
3093 2955 3260 3000 totum
3293 2945 3345 2996 in
3387 2959 3444 2996 se
3473 2943 3572 2994 Pa-

1991 3052 2128 3098 trem
2165 3051 2364 3110 gestat,
2395 3051 2452 3094 et
2481 3048 2626 3094 totus
2654 3045 2738 3092 est
2775 3037 2826 3090 in
2857 3035 3016 3089 Patre
3040 3035 3334 3088 secundum
3377 3031 3573 3084 identi-

1991 3141 2154 3188 tatem
2187 3133 2458 3188 assentiar.
2500 3131 2659 3200 112
2712 3129 2878 3184 Recte
2917 3128 3078 3194 igitur
3117 3135 3170 3178 et
3197 3123 3578 3179 convenienter

1995 3225 2170 3280 dicit:
2213 3245 2232 3276 ι
2257 3225 2370 3293 Ego
2401 3226 2452 3278 iu
2505 3224 2688 3288 Patre,
2723 3231 2778 3276 et
2809 3221 2968 3276 Pater
3013 3220 3066 3274 in
3099 3233 3220 3284 me;
3255 3237 3272 3270 ι
3305 3227 3378 3282 et,
3418 3235 3436 3269 ι
3469 3215 3579 3286 Ego

288 3304 408 3369 Θως
429 3307 575 3376 ἐρεῖ·
608 3323 625 3355 ι
649 3304 784 3372 Ἐγὼ
813 3307 868 3357 ὲν
895 3303 974 3373 τῷ
1001 3305 1200 3375 Πατρὶ,
1227 3306 1324 3357 καὶ
1347 3307 1376 3356 6
1405 3305 1592 3374 Πατὴρ
1616 3307 1672 3356 ὲν
1695 3303 1835 3373 ἐμοί.
1863 3323 1882 3356 ι

1997 3327 2052 3372 et
2081 3315 2244 3371 Pater
2266 3331 2430 3370 unum
2459 3330 2668 3370 sumus.
2710 3333 2730 3366 ι
2765 3314 2896 3380 Quia
2943 3314 3086 3366 enim
3127 3311 3262 3365 nihil
3303 3309 3354 3364 in
3384 3325 3449 3364 eo
3485 3311 3574 3362 de-

289 3399 428 3460 Καὶ.
469 3417 486 3449 ι
527 3396 668 3466 Ἐγὼ
721 3397 816 3450 καὶ
859 3399 888 3450 6
924 3397 1118 3467 Πατὴρ
1148 3397 1208 3450 ’ἐν
1243 3397 1432 3466 ἐσμεν.
1465 3414 1484 3446 ›
1521 3395 1620 3447 Διὰ
1657 3395 1767 3465 γὰρ
1797 3395 1890 3448 τοῦ

288 3492 464 3563 μηδὲν
487 3491 636 3561 αὐτῷ
670 3489 1100 3560 παραλελεῖφθαι
1127 3489 1236 3542 τῶν
1262 3490 1361 3542 ὅσα
1391 3486 1650 3558 πρόσεστι
1674 3486 1752 3556 τῷ
1783 3487 1892 3540 Πα-

282 3585 406 3654 τρὶ,
434 3581 674 3644 τοιοῦτος
711 3581 866 3634 ἔσται
905 3579 1124 3644 πάντως
1155 3582 1336 3644 ὁποῖος
1379 3579 1445 3633 ἂν
1471 3579 1556 3649 εἴη
1587 3579 1680 3632 καὶ
1707 3581 1736 3631 6
1768 3595 1890 3648 γεν·

287 3677 466 3748 νήσας
499 3676 684 3728 αὐτόν.

997 3789 1199 3843 ΔΛΛΟ.

359 3902 559 3975 Πατὴρ
594 3905 837 3956 καλεῖται
865 3891 1032 3964 Θεὸςέ
1055 3899 1544 3972 συνεισςρερομὲνης
1580 3898 1730 3968 αὑτῷ
1761 3897 1893 3952 πάνυ

283 4011 404 4058 τως
432 3995 534 4064 τῆς
561 3994 848 4064 ὑπάρξεως
885 3992 978 4044 τοῦ
1012 3991 1176 4044 Υἱοῦο
1205 3993 1266 4044 οὐ
1302 3993 1409 4062 γὰρ
1441 3991 1508 4044 ἂν
1553 3993 1640 4060 εἴη
1675 3991 1888 4060 Πατὴρ,

283 4085 389 4139 οὐκ
417 4084 558 4154 ἔχων
585 4085 678 4137 τὸν
705 4082 764 4147 ἐξ
799 4081 993 4134 ἑαυτοῦ
1019 4082 1346 4152 προελθόντα
1369 4083 1564 4149 Λόγον.
1589 4081 1698 4133 Καὶ
1729 4080 1890 4134 πάλιν

285 4177 318 4246 ἡ
347 4173 454 4227 τοῦ
493 4173 626 4226 Υἱοῦ
679 4173 1020 4244 προσηγορία
1067 4174 1378 4241 συνεισάγει
1412 4174 1630 4233 πάντως
1659 4171 1758 4240 τὴν
1791 4169 1888 4224 τοῦ

288 4267 512 4337 Πατρὸς
547 4266 807 4336 ὓπαρξιν.
837 4267 1006 4320 Τοῦτο
1042 4267 1150 4337 γὰρ
1191 4267 1266 4329 ὡς
1303 4269 1435 4334 πρὸς
1471 4265 1648 4316 ἐκεῖνο
1691 4264 1890 4332 σημαί-

288 4377 469 4413 νεται.
495 4361 559 4412 Εἰ
593 4359 772 4413 τοίνυν
803 4360 1108 4428 ἀναγκαίως
1135 4357 1364 4428 Θάτερὸν
1396 4359 1542 4408 ἐστιν
1571 4357 1628 4408 ὲν
1656 4355 1888 4427 Θατέρῳ,

292 4453 396 4506 καὶ
423 4452 616 4522 Πατὴρ
649 4452 748 4520 μὲν
783 4453 1104 4522 σημαίνεται
1142 4451 1280 4522 μετὰ
1317 4450 1412 4503 τοῦ
1450 4449 1578 4502 ἰδίου
1617 4449 1892 4520 γεννήμα-

292 4557 392 4602 τος
413 4555 428 4568 ·
461 4539 588 4602 Υἱὸς
633 4541 690 4593 δὲ
734 4542 954 4605 πάντως
990 4541 1128 4613 μετὰ
1159 4541 1254 4594 τοῦ
1289 4542 1652 4612 γεννήσαντος
1699 4540 1884 4606 αὑτὸν,

1995 3409 2265 3464 sideratur
2287 3423 2478 3462 eorum
2507 3423 2628 3477 qua:
2664 3405 2810 3459 Patri
2847 3406 3050 3473 insunt,
3085 3405 3208 3460 talis
3242 3403 3460 3458 omnino
3496 3409 3579 3458 est

1993 3501 2168 3571 qualis
2201 3509 2286 3555 est
2316 3501 2359 3556 is
2388 3502 2478 3572 qui
2505 3515 2628 3556 eum
2659 3498 2864 3569 genuit.

2677 3779 2903 3836 ALIUD.

2067 3898 2228 3952 Pater
2257 3906 2480 3952 vocatur
2515 3896 2680 3958 Deus,
2725 3895 2996 3948 intellecta
3032 3890 3192 3946 simul
3227 3903 3347 3942 cum
3388 3901 3452 3940 eo
3485 3899 3578 3937 ex-

1995 3992 2240 4046 sistcntia
2271 3990 2413 4053 Filii,
2452 4003 2628 4058 neque
2651 3987 2794 4040 enim
2829 3995 2972 4038 esset
3003 3983 3184 4043 Pater,
3221 3995 3324 4032 non
3375 3977 3579 4030 habens

1997 4083 2232 4138 Verbum
2283 4097 2350 4134 ex
2401 4096 2460 4134 se
2507 4077 2826 4146 procedens.
2877 4074 2944 4126 Et
2997 4072 3238 4124 vicissim
3293 4065 3580 4136 appellatio

1995 4173 2114 4226 Filii
2159 4170 2465 4225 necessario
2501 4168 2664 4220 etiam
2716 4164 2906 4218 statuit
2955 4160 3328 4216 exsistentiam
3377 4155 3576 4211 Patris.

1997 4264 2110 4320 Hoc
2140 4265 2282 4320 enim
2315 4269 2562 4329 respectu
2603 4257 2742 4312 illius
2772 4257 2986 4310 dicitur.
3021 4255 3075 4308 Si
3109 4268 3236 4322 ergo
3269 4249 3579 4306 necessario

1996 4358 2228 4413 alterum
2259 4366 2342 4412 est
2374 4355 2427 4408 in
2468 4353 2660 4418 altero,
2707 4361 2762 4408 et
2801 4350 2960 4404 Pater
2991 4348 3204 4418 quidem
3241 4343 3579 4413 signiﬁcatur

1999 4465 2120 4505 cum
2163 4450 2381 4520 proprio
2423 4462 2522 4502 suo
2565 4443 2726 4512 Filio,
2766 4454 2820 4498 et
2857 4443 3024 4498 Filius
3071 4456 3193 4496 cum
3244 4451 3343 4490 suo
3397 4435 3576 4493 Patre,

1995 4559 2122 4599 vere
2164 4543 2406 4614 profecto
2455 4540 2588 4594 dicit
2637 4559 2650 4594 :
2697 4559 2714 4590 ι
2753 4539 2863 4609 Ego
2904 4539 2955 4592 in
3003 4537 3183 4601 Patre,
3229 4540 3283 4586 et
3323 4528 3481 4582 Pater
3525 4527 3579 4578 in

293 4628 728 4700 προσαληθεύει,
778 4631 985 4701 λέγων·
1020 4652 1038 4684 ι
1084 4630 1224 4700 Ἐγὼ
1257 4633 1316 4685 ὲν
1361 4630 1436 4701 τῷ
1474 4630 1684 4702 Πατρὶ,
1723 4631 1819 4685 καὶ
1859 4631 1888 4682 ὁ
1911 4630 1966 4691 D
1993 4653 2100 4692 me.
2135 4655 2152 4688 ι

295 4721 492 4791 Πατὴρ
519 4723 576 4774 ἑν
608 4722 751 4792 ἐμοί.
781 4741 800 4774 )

995 4836 1198 4890 AAAO.

367 4949 434 5001 Ei
469 4950 576 5012 πᾶς
615 4949 644 5002 ὁ
678 4952 950 5004 πιστεύων
992 4955 1072 5016 εἰς
1111 4950 1200 5004 τὸν
1235 4951 1380 5017 Υἱὺν,
1418 4953 1497 5016 εἰς
1532 4952 1623 5004 τὸν
1669 4949 1892 5022 Πατέρα

231 5104 239 5112 ,
301 5039 576 5104 πιστεύει,
609 5041 704 5095 καὶ
745 5043 772 5094 6
805 5043 985 5113 τιμῶν
1017 5043 1106 5096 τὸν
1146 5043 1295 5108 Υἱὸν,
1328 5047 1461 5114 τιμᾷ
1500 5044 1590 5097 τὸν
1639 5041 1890 5113 Πατέρα,

299 5133 397 5183 καὶ
439 5133 619 5196 πάλιν,
655 5137 686 5186 ὁ
724 5135 1048 5206 προσκυνῶν
1085 5137 1163 5207 τῷ
1211 5137 1424 5204 Πατρὶ,
1475 5137 1772 5205 προσκυνεῖ
1815 5132 1893 5203 τῷ

301 5222 440 5293 Υἱῷ.
474 5225 588 5289 πῶς
615 5227 713 5298 οὐχ
736 5223 891 5289 οὗτος
913 5230 970 5281 ὲν
994 5227 1207 5300 ἐκείνῳ,
1239 5229 1489 5289 κάκεῖνος
1518 5225 1592 5278 ὢν
1627 5229 1683 5278 ἐν
1716 5225 1890 5296 τούτῳ

298 5313 646 5385 δειχθήσεται
677 5316 820 5371 κατὰ
857 5318 918 5371 τὸ
955 5320 1054 5389 τῆς
1093 5319 1278 5381 οὐσίας
1314 5315 1764 5386 ἀπαράλλακτονς
1795 5315 1893 5367 Διὰ

300 5407 412 5478 γὰρ
445 5407 600 5462 τοῦτο
633 5411 726 5464 καὶ
763 5411 863 5482 μία
894 5411 1264 5482 προσκύνησις
1295 5413 1326 5481 ἡ
1355 5412 1412 5461 ἐν
1446 5408 1560 5478 Υἱῷ
1599 5409 1693 5460 καὶ
1723 5409 1896 5478 Πατρὶ

297 5498 554 5570 γινομένη
581 5503 676 5556 σὺν
701 5503 845 5572 ἁγίῳ
874 5501 1176 5573 Πνεύματι,
1209 5503 1301 5554 καὶ
1323 5497 1400 5564 εἷς
1420 5501 1552 5564 Θεὸς
1585 5499 1736 5569 παρᾶ
1762 5501 1895 5554 πάν-

297 5607 402 5642 των
428 5593 802 5663 ὁμολογεῖται,
835 5594 930 5648 καὶ
956 5594 1124 5660 ἔστιν,
1154 5594 1228 5657 ὡς
1259 5594 1512 5662 οὖδεμιᾶς
1549 5591 1750 5661 μεταξὺ
1785 5610 1895 5643 κει-

303 5681 462 5750 μένης
492 5685 767 5757 διαςορᾶς
805 5687 1020 5756 Πατρός
1047 5703 1104 5738 τε
1135 5687 1228 5739 καὶ
1258 5685 1406 5751 Υἰοῦ,
1452 5684 1564 5737 ἀλλ’
1617 5684 1672 5733 ὲν
1705 5683 1894 5735 ταυτό-

375 5841 470 5894 “J
515 5859 600 5896 .xn.
631 5859 749 5907 λιν,
789 5843 842 5895 9.
924 5839 1142 5896 “"Jonn.
1177 5860 1223 5909 χ,
1255 5842 1340 5894 30.
1499 5837 1647 5889 ιιιιιιι.
1689 5851 1789 5896 λιι,
1830 5837 1907 5894 ll.

2666 4833 2894 4890 ALIUD.

2068 4945 2123 5000 Si
2168 4947 2344 5000 omnis
2389 4945 2482 5014 qui
2521 4945 2694 4998 credit
2739 4945 2791 4995 in
2841 4941 3062 5000 Filium,
3108 4929 3278 4988 credit
3322 4925 3484 4978 etiam
3530 4926 3580 4979 in

2007 5039 2244 5104 Patrem,
2292 5047 2344 5091 ct
2377 5037 2468 5105 qui
2507 5035 2636 5088 colit
2671 5034 2892 5094 Filium,
2943 5029 3076 5081 colit
3124 5034 3178 5078 et
3238 5018 3486 5084 Patrem;
3529 5028 3583 5072 et

2004 5141 2211 5193 contra,
2242 5129 2332 5197 qui
2366 5129 2554 5181 adorat
2597 5125 2833 5188 Patrem,
2887 5120 3079 5173 adorat
3109 5124 3159 5168 et
3205 5111 3396 5167 Filium
3433 5128 3445 5164 :
3478 5126 3584 5179 quo

2003 5231 2162 5292 pacto
2195 5235 2298 5274 non
2336 5220 2408 5277 sit
2441 5217 2530 5270 hic
2568 5218 2620 5269 in
2652 5215 2761 5279 illo,
2801 5223 2856 5269 et
2890 5212 2979 5265 ille
3014 5212 3067 5265 in
3111 5210 3232 5271 hoc,
3269 5205 3578 5259 omnimoda

2002 5315 2254 5371 essentia:
2297 5309 2686 5368 similitudine?
2739 5307 2947 5361 Idcirco
3001 5303 3156 5358 unica
3209 5307 3292 5355 est
3337 5297 3581 5351 adoratio

2001 5424 2119 5479 qua:
2149 5405 2287 5461 Filio
2327 5414 2380 5460 et
2407 5403 2552 5457 Patri
2583 5417 2702 5455 cum
2739 5400 2939 5468 Spiritu
2967 5406 3154 5450 sancto
3191 5400 3497 5464 praestatur,
3529 5397 3583 5438 et

2003 5476 2141 5554 unus
2171 5499 2315 5551 Deus
2347 5497 2414 5550 ab
2440 5491 2712 5554 omnibus,
2751 5497 2804 5541 et
2828 5487 3168 5558 przedieatur,
3211 5491 3266 5537 et
3293 5491 3409 5544 est;
3436 5476 3580 5546 quod

1959 5613 1964 5619 ·
2002 5593 2260 5646 nimirum
2311 5589 2456 5642 nulla
2490 5581 2792 5638 differentia
2838 5581 3110 5650 disiungat
3139 5575 3353 5629 Patrem
3402 5580 3457 5626 et
3493 5566 3586 5620 Fi-

2001 5683 2153 5745 lium,
2181 5680 2272 5734 sed
2309 5676 2592 5734 idenlilalc
2625 5669 2872 5725 essentia:
2901 5665 3110 5740 praediti
3155 5666 3294 5732 sint",
3341 5659 3594 5720 nihilque

1987 5839 2027 5866 Μ
2065 5836 2292 5907 Philipp.
2337 5851 2394 5898 It,
2430 5831 2482 5880 ὓ.
