4078 6260
557 365 661 423 I81

1551 372 1608 428 S.
1649 374 1915 430 CYRILLl
1955 372 2420 430 ΑιΕλΑΝυιιιΝι
2458 375 2768 435 ARCHIEP.

3700 379 3799 436 188

544 486 783 542 babeant
829 485 973 559 quod
1021 501 1055 543 ε
1102 466 1334 547 naturali
1394 488 1718 562 proprietate
1771 504 1866 549 eos
1922 491 2106 563 sejun-

2220 508 2337 562 τητι
2366 495 2464 565 τῆς
2508 494 2696 559 οὐσίας
2727 492 2899 547 ὄντων
2935 491 3027 547 καὶ
3056 492 3207 548 οὐδὲν
3240 492 3468 564 ἑχόντων
3499 492 3529 547 6
3560 493 3661 566 τῆς
3697 512 3803 565 φυ-

542 586 656 648 gat.

1216 694 1446 752 ALIUD.

720 805 921 877 Dogma
951 807 1109 864 veluti
1140 825 1205 864 ex
1228 810 1516 879 objectione
1548 813 1933 870 haereticorum.

613 917 797 985 Pater,
828 920 1094 990 inquiunt,
1137 930 1221 976 est
1273 921 1324 977 in
1351 921 1509 990 Filio,
1552 934 1607 980 et
1636 924 1805 983 Filius
1838 928 1891 982 in
1928 927 2111 994 Patre,

474 1005 497 1059 ’γ
541 1010 837 1062 secundum
890 1009 1154 1065 habitum.
1187 1010 1318 1066 Cum
1346 1014 1489 1068 enim
1521 1015 1666 1070 nullo
1694 1019 1853 1071 modo
1906 1018 2116 1073 dissen-

545 1098 681 1151 tiant
709 1098 763 1152 in
791 1097 1032 1165 iudiciis,
1069 1100 1151 1155 vel
1182 1103 1623 1173 cogitationibus,
1658 1107 1753 1163 sed
1785 1122 2115 1178 quaecunque

542 1187 654 1240 vult
680 1187 862 1256 Pater,
898 1204 960 1244 ea
990 1191 1102 1246 vult
1131 1202 1187 1248 et
1211 1192 1405 1262 Filius,
1429 1204 1484 1249 et
1512 1198 1754 1253 vicissim
1780 1213 2114 1269 quaecunque

538 1278 657 1335 vult
675 1280 862 1348 Filius,
882 1284 996 1339 vult
1019 1295 1073 1339 et
1104 1284 1284 1351 Pater,
1303 1296 1359 1342 et
1382 1302 1679 1345 consensus
1708 1291 1923 1361 quidem
1950 1301 2115 1361 atque

541 1372 801 1431 identitas
830 1376 1166 1431 voluntatum
1201 1378 1255 1432 in
1281 1380 1361 1434 eis
1389 1379 1838 1449 deprehenditur,
1865 1392 2026 1455 atque
2051 1398 2114 1441 ea

542 1466 751 1521 ratione
773 1464 935 1521 Pater
961 1476 1043 1523 est
1069 1468 1122 1524 in
1153 1467 1312 1535 Filio,
1341 1477 1396 1524 et
1423 1469 1593 1527 Filius
1624 1472 1677 1527 in
1703 1471 1884 1528 Patre.

1034 1655 1241 1712 Salutio
1291 1658 1619 1728 objectionis.

518 1752 531 1797 ἵ
609 1766 819 1823 Licebit
844 1767 1006 1837 igitur
1028 1770 1189 1825 etiam
1218 1769 1446 1842 angelis,
1480 1777 1571 1824 aut
1604 1769 1725 1825 aliis
1754 1769 2118 1826 rationalibus

2220 585 2378 655 σικῆς
2408 585 2668 658 ἰδιότητος
2692 585 2988 657 ἀποτέμνει
3013 585 3108 658 τὸν
3136 584 3343 656 ἕτερον.

2863 655 2878 686 ³
2903 655 3109 754 meo.

2298 809 2515 879 Δόγμα,
2548 809 2630 877 ὡς
2653 808 2723 875 ἐξ
2752 810 3109 876 ἀντιθέσεως
3134 807 3252 864 τῶν
3281 806 3721 879 χριστομάχων.

2294 922 2356 975 Ὃ
2386 922 2596 994 Πατὴρ,
2631 923 2815 992 φασὶν,
2844 924 2901 976 ὲν
2942 922 3021 995 τῷ
3058 922 3193 993 Υίῷ,
3220 923 3316 976 καὶ
3352 922 3382 974 6
3412 920 3539 984 Υίός
3571 921 3722 974 ἐστιν
3751 922 3808 974 ὲν

2214 1011 2293 1083 τῷ
2327 1014 2535 1087 Πατρὶ,
2580 1014 2723 1069 κατὰ
2756 1014 2873 1069 τόδε
2906 1014 2969 1069 τὸ
3016 1017 3227 1086 σχῆμα.
3263 1012 3485 1084 Ἐπειδὴ
3531 1010 3644 1082 γὰρ
3686 1014 3810 1065 κατ’

2215 1106 2404 1160 οὐδένα
2448 1107 2651 1179 τρόπον
2685 1106 3045 1176 διαφωνοῦσιν
3090 1108 3150 1160 ὲν
3186 1109 3298 1169 τοῖς
3344 1105 3640 1175 κρίμασιν,
3680 1103 3714 1174 ἢ
3751 1105 3809 1157 ἐν

2214 1197 2329 1259 τοῖς
2370 1196 2657 1267 νοήμασιν,
2691 1196 2808 1256 ἀλλ’
2835 1196 2978 1266 άπερ
3008 1196 3075 1250 ἂν
3105 1197 3135 1249 ό
3168 1196 3355 1267 Πατὴρ
3396 1193 3685 1265 βούληται,
3716 1192 3809 1249 καὶ

2215 1286 2245 1338 6
2284 1286 2414 1350 Υίὸς
2457 1286 2663 1350 ταῦτα,
2700 1286 2797 1341 καὶ
2835 1287 2998 1341 πάλιν
3032 1286 3176 1357 ἅπερ
3211 1285 3278 1340 ἂν
3303 1288 3331 1339 6
3369 1286 3498 1348 Υίδς
3533 1285 3804 1357 ἐθελήσῃ,

2216 1374 2389 1430 ταῦτα
2431 1377 2527 1430 καὶ
2551 1378 2580 1429 6
2613 1377 2826 1450 Πατήρ,
2866 1378 2960 1432 καὶ⁸
2990 1378 3279 1449 συμφωνία
3307 1395 3392 1442 τις
3418 1378 3513 1431 καὶ
3542 1378 3809 1446 ταυτότης

2220 1465 2538 1537 θελημάτων
2581 1468 2676 1522 καὶ
2718 1467 2945 1539 γνώμης
2995 1471 3053 1522 ὲν
3108 1470 3294 1532 αὐτοῖς
3339 1468 3620 1538 φαίνεται,
3671 1468 3809 1522 κατὰ

2216 1554 2374 1611 τοῦτο
2403 1557 2594 1629 Πατὴρ
2621 1561 2679 1612 ἑν
2706 1559 2844 1630 Υίῷ,
2873 1559 2969 1613 καὶ
2998 1559 3128 1623 Υἱός
3160 1560 3308 1613 ἐστιν
3333 1560 3391 1613 ὲν
3419 1559 3619 1632 Πατρί.

2715 1668 2871 1737 Πρὸς
2903 1669 3079 1723 τοῦτο
3110 1669 3315 1735 λύσις.

2301 1774 2535 1851 Ἀρόῦν
2570 1778 2786 1845 ἐξέσται
2821 1782 2916 1835 καὶ
2955 1781 3269 1852 ἀγγέλοιςῆ
3311 1782 3407 1836 καὶ
3441 1781 3634 1844 ἄλλαις
3664 1780 3809 1848 λογι-

540 1860 920 1929 potestatibus,
956 1860 1021 1916 de
1049 1861 1241 1930 quibus
1290 1862 1574 1917 Psalmista
1606 1863 1724 1918 ait:
1760 1881 1779 1916 ι
1812 1862 2115 1918 Benedicite

2224 1873 2347 1935 καῖς
2370 1849 2652 1941 δυνάμεσι,
2685 1874 2813 1944 περὶ
2836 1865 2912 1927 ὧν
2936 1849 3276 1943 ὲννΨαλμοῖς
3303 1876 3520 1945 εἴρηται
3541 1891 3555 1902 ο
3599 1893 3618 1925 ι
3648 1872 3809 1926 Εὐλο-

541 1950 858 2016 Dominum,
890 1966 1079 2007 omnes
1099 1952 1273 2023 angeli
1304 1954 1442 2024 ejus,
1469 1953 1697 2008 ministri
1722 1954 1837 2021 ejus
1859 1952 2117 2011 facientes

542 2040 871 2096 voluntatem
938 2042 1055 2110 ejus
1100 2044 1166 2108 ⁸³,
1217 2063 1237 2097 ι
1291 2044 1595 2099 Servatoris
1668 2045 1786 2115 ipsa
1836 2060 1969 2100 voce
2019 2046 2114 2113 uti,

542 2132 846 2202 singulique
870 2148 1058 2188 eorum
1093 2135 1276 2190 dicere
1327 2144 1618 2204 poterunt:
1650 2154 1668 2186 ι
1701 2136 1812 2205 Ego
1842 2136 1894 2190 in
1928 2135 2111 2202 Patre,

543 2234 598 2278 et
632 2224 794 2278 Pater
819 2224 871 2279 in
900 2240 1005 2280 me.
1031 2244 1049 2277 ι
1070 2254 1137 2268 --
1163 2245 1179 2276 ι
1208 2226 1307 2292 Qui
1332 2226 1463 2280 vidit
1486 2242 1592 2290 me,
1610 2226 1744 2281 vidit
1763 2236 1817 2282 et
1843 2226 2109 2281 Patrem.»

540 2316 749 2369 Nemini
775 2317 917 2369 enim
943 2316 1161 2370 dubium
1177 2326 1277 2380 est,
1296 2317 1422 2387 quin
1448 2319 1627 2372 omnia
1652 2333 1772 2388 quae
1796 2320 1906 2371 vult
1926 2318 2112 2385 Pater,

539 2408 708 2463 velint
753 2408 914 2461 etiam
961 2408 1147 2477 Angeli
1197 2417 1251 2463 et
1296 2409 1639 2479 Arcbangeli,
1686 2420 1739 2465 et
1787 2410 2011 2477 'l‘ltroni,
2063 2420 2118 2467 et

540 2497 967 2564 nominationes,
1003 2507 1057 2552 et
1092 2497 1427 2564 Potestates;
1477 2515 1649 2569 neque
1685 2502 1978 2572 quidquam
2020 2504 2116 2557 bo-

541 2605 658 2642 rum
681 2590 930 2643 dissentit
959 2604 987 2642 a
1010 2589 1283 2645 voluntate
1312 2591 1426 2644 Dei.
1453 2590 1635 2659 Neque
1661 2593 1805 2645 enim
1838 2602 2118 2648 manerent

538 2680 594 2731 in
647 2696 744 2735 suo
779 2682 985 2747 ordine,
1025 2682 1128 2735 nisi
1174 2682 1317 2737 hunc
1371 2697 1593 2751 scopum
1654 2684 1755 2737 sibi
1812 2685 2114 2752 popositum

542 2771 803 2826 baberent
819 2772 994 2841 113.
1019 2772 1151 2826 Nam
1173 2772 1216 2826 is
1234 2775 1323 2841 qui
1341 2772 1484 2827 aliud
1503 2789 1661 2842 quam
1682 2774 1771 2829 Dei
1789 2777 2115 2833 voluntatem

540 2862 832 2929 quzerebat,
857 2863 1063 2917 audivit
1086 2881 1099 2917 :
1120 2862 1272 2919 Nunc
1295 2872 1470 2916 autem
1498 2867 1562 2918 ad
1578 2864 1781 2920 inferos
1801 2866 2113 2933 descendes,

538 2963 587 3007 et
658 2954 726 3008 ad
777 2953 1123 3010 fundamenta
1175 2964 1354 3012 terrm.
1408 2957 1465 3011 Si
1513 2972 1643 3027 ergo
1695 2960 2116 3029 unumquodque

539 3060 725 3099 eorum
756 3060 876 3115 quae
915 3046 1061 3101 dicta
1097 3058 1241 3114 sunt,
1277 3048 1390 3101 vult
1428 3063 1763 3120 quascunque
1813 3050 1951 3107 Deus
1977 3052 2111 3117 vult,

541 3135 863 3206 lirmumque
890 3137 941 3190 in
974 3152 1038 3192 co
1081 3148 1281 3203 manet,
1329 3154 1592 3207 suamque
1633 3141 1952 3211 dignitatem
1986 3143 2110 3197 reti-

2222 1963 2367 2029 γεῖτε
2384 1961 2473 2015 τὸν
2494 1962 2717 2033 Κύριον,
2745 1962 2944 2027 πάντες
2966 1964 3016 2016 οί
3042 1965 3261 2033 ἄγγελοι
3285 1963 3471 2029 αὐτοῦ,
3501 1962 3811 2035 λειτουργοὶ

2223 2051 2388 2106 αὐτοῦ
2432 2053 2711 2119 ποιοῦντες
2756 2056 2819 2110 τὸ
2849 2056 3061 2127 θέλημα
3108 2053 3295 2120 αὐτοῦ,
3328 2074 3346 2106 ι
3398 2057 3518 2119 ταῖς
3551 2055 3649 2108 τοῦ
3699 2055 3811 2107 Σω-

2222 2144 2386 2213 τῆρος
2414 2144 2712 2215 κεχρῆσθαι
2747 2149 2968 2215 φωναῖς,
2990 2146 3063 2208 ὡς
3094 2145 3323 2198 ἕκαστον
3356 2147 3529 2198 εἰπεῖν
3551 2163 3565 2175 ο
3608 2164 3630 2196 ‹
3674 2144 3814 2215 Ἐγὼ

2224 2232 2281 2285 ὲν
2310 2232 2387 2303 τῷ
2415 2234 2609 2304 Πατρὶ,
2652 2236 2746 2289 καὶ¹
2778 2237 2807 2289 6
2840 2236 3031 2305 Πατὴρ
3074 2236 3132 2288 ὲν
3174 2235 3333 2304 ἐμοὶ,
3359 2253 3377 2287 ι
3424 2236 3518 2288 καὶ
3555 2254 3574 2287 ι
3634 2237 3677 2287 Ο
3711 2236 3814 2288 ἐω-

2225 2324 2410 2394 ρακὼς
2440 2326 2572 2396 ἐμὲ,
2606 2326 2819 2398 ἑώρακε
2852 2327 2944 2380 τὸν
2972 2327 3209 2396 Πατέρα.
3234 2344 3252 2378 ι
3303 2325 3495 2379 Καίτοι
3537 2326 3706 2379 παντί
3738 2344 3814 2396 τῳ

2222 2414 2397 2485 δῆλον,
2436 2417 2518 2469 ὅτι
2547 2417 2852 2472 πάντα-ὃσα
2889 2417 3139 2486 βούλεται
3171 2416 3334 2481 Θεὸς,
3376 2416 3550 2470 ταῦτα
3598 2419 3813 2480 πάντως

2222 2506 2317 2557 καὶ
2343 2507 2597 2575 ’Ἄγγελοι
2625 2506 2927 2576 βούλονται,
2953 2509 3048 2561 καὶ
3077 2508 3453 2579 Ἀρχάγγελοι,
3481 2509 3577 2560 καὶ
3601 2509 3810 2576 Θρόνοι,

2221 2594 2318 2646 καὶ
2365 2595 2733 2664 κυριότητες,
2780 2597 2875 2650 καὶ
2915 2596 3219 2662 Ἐξουσίαι,
3272 2597 3366 2649 καὶ
3414 2595 3619 2649 τούτων
3661 2596 3811 2648 οὐδὲν

2220 2683 2525 2752 διαφωνοῦν
2563 2686 2881 2755 εὑρίσκεται
2929 2687 3068 2758 πρὸς
3100 2686 3196 2757 τὴν
3235 2687 3386 2741 Θείαν
3429 2687 3706 2758 βούλησιν.
3736 2687 3810 2739 Οὐ

2220 2772 2331 2843 γὰρ
2361 2772 2427 2826 ἂν
2460 2773 2673 2844 ἔμεινεν
2699 2778 2757 2827 ὲν
2782 2777 2848 2846 τῇ
2876 2776 3053 2846 οἰκείᾳ
3086 2776 3257 2841 τάξει,
3296 2776 3372 2845 μὴ
3403 2775 3597 2827 τοῦτον
3626 2773 3813 2844 ἔχοντα

2220 2865 2312 2917 τὸν
2341 2864 2562 2918 σκοπόν.
2600 2865 2659 2918 ’0
2697 2865 2805 2935 γὰρ
2834 2865 3023 2936 ’ἐτερόν
3062 2884 3114 2918 τι
3149 2866 3300 2936 παρὰ
3336 2865 3397 2917 τὸ
3423 2865 3518 2917 τοῦ
3547 2864 3690 2917 Θεοῦ
3731 2864 3814 2917 θέ-

2222 2955 2368 3026 λημα
2397 2957 2655 3026 ζητήσας,
2688 2956 2916 3027 ἢκουσε·
2949 2955 3063 3009 Νῦν
3099 2956 3155 3009 δὲ
3200 2958 3279 3020 είς
3323 2955 3456 3026 ᾅδην
3487 2955 3811 3027 καταϐήσῃ,

2221 3046 2316 3099 καὶ
2344 3048 2424 3109 είς
2449 3046 2517 3101 τὰ
2552 3046 2779 3116 θεμέλια
2806 3048 2905 3117 τῆς
2946 3048 3069 3117 γῆς.
3112 3047 3176 3101 Εἰ
3217 3047 3397 3100 τοίνυν
3437 3046 3678 3101 ἕκαστον
3708 3046 3812 3097 τῶν

2221 3138 2523 3208 εἰρημένων
2548 3137 2693 3191 θέλει
2726 3139 2824 3209 μὲν
2850 3140 2949 3191 ὅσα
2982 3138 3231 3208 βούλεται
3259 3138 3412 3203 Θεὸς,
3440 3138 3647 3207 ἕστηκε
3676 3137 3719 3191 δ’
3752 3138 3808 3189 ἐν

540 3236 655 3293 net,
692 3228 948 3296 nullaque
991 3229 1207 3283 ratione
1238 3228 1323 3281 bis
1357 3229 1479 3283 Filii
1511 3232 1690 3285 verbis
1717 3241 1971 3298 utuntur;
2003 3248 2108 3287 non

2220 3227 2410 3297 τούτῳ,
2444 3228 2538 3281 καὶ
2587 3227 2749 3291 σώζει
2795 3228 2894 3297 τὴν
2941 3229 3151 3282 οἰκείαν
3194 3229 3390 3298 ἀρχὴν,
3432 3228 3529 3280 καὶ
3579 3225 3805 3298 οὐδαμοῦ

542 3331 838 3371 consensus
874 3319 1202 3385 animorum,
1242 3321 1602 3392 identitasque
1644 3324 1979 3379 voluntatmn
2022 3326 2113 3380 de-

541 3407 715 3463 clarat
752 3406 947 3462 Filium
979 3410 1029 3463 in
1056 3408 1213 3466 Patre
1242 3428 1383 3477 esse,
1416 3423 1472 3467 et
1503 3413 1716 3469 Patrem
1742 3417 1795 3470 in
1827 3416 1983 3478 Filio.
2018 3417 2112 3472 sed

539 3498 847 3552 omnimoda
876 3500 1122 3555 essentia:
1152 3501 1470 3567 similitudo,
1503 3512 1556 3558 et
1585 3504 1843 3560 naturalis
1872 3507 2115 3575 proprie-

545 3588 672 3643 tatis
714 3587 989 3645 identitas.

1214 3794 1444 3851 ALIUD.

609 3904 743 3963 Cum
776 3906 1057 3962 immotum
1106 3917 1160 3963 et
1194 3912 1574 3965 inconcussum
1601 3917 1804 3964 statum
1859 3910 2116 3977 habeant,

540 4013 807 4068 suumque
834 3998 1197 4068 principatum
1233 4011 1451 4056 servent
1480 4002 1678 4071 angeli,
1698 4012 1858 4072 atque
1884 4004 2119 4057 areban-

545 4090 673 4161 geli,
709 4091 937 4162 alizeque
968 4092 1053 4147 liis
1098 4092 1407 4162 superiores
1456 4093 1747 4149 rationales
1800 4102 2117 4163 potestates,

2215 3319 2465 3387 φαίνεται
2508 3320 2630 3382 ταῖς
2674 3317 2769 3372 τοῦ
2825 3317 2954 3371 Υίοῦ
3006 3318 3346 3390 κεχρημένον
3404 3322 3652 3387 φωναῖς,
3693 3317 3807 3386 οὐχὶ

2215 3412 2505 3481 συμφωνία
2533 3411 2634 3480 τῆς
2676 3410 2921 3480 γνώμης,
2950 3408 3070 3461 οὐδὲ
3098 3408 3160 3462 τὸ
3204 3408 3490 3479 βούλεσθαι
3534 3410 3607 3462 τά
3644 3406 3805 3472 αὐτὰ,

2212 3500 2449 3553 δεικνύει
2476 3502 2565 3555 τὸν
2597 3501 2723 3554 Υίὸν
2760 3502 2818 3553 ἐν
2854 3499 3027 3570 Πατρὶ
3057 3500 3149 3553 καὶ
3177 3501 3268 3554 τὸν
3296 3501 3518 3573 Πατέρα
3555 3501 3715 3555 πάλιν
3750 3498 3809 3549 ἐν

2215 3591 2350 3660 Υἰῷ,
2380 3591 2549 3661 ἀλλ’ἢ
2578 3592 2673 3660 τῆς
2715 3590 2899 3653 οὐσίας
2944 3590 3366 3658 ἀπαράλλακτος
3399 3592 3679 3663 ὁμοιότης,
3714 3589 3805 3643 καὶ

2217 3683 2251 3752 ἠ
2279 3682 2537 3753 ταυτότης
2567 3683 2669 3752 τῆς
2704 3683 2845 3736 κατὰ
2875 3682 3036 3751 φύσιν
3074 3682 3359 3749 ἰδιότητος.

2896 3796 3101 3850 ΔΛΛΟ.

2301 3907 2518 3979 Ἐπειδὴ
2576 3909 2829 3980 μένουσιν
2877 3908 3176 3980 ἀκλόνητον
3215 3907 3435 3980 ἔχοντες
3472 3909 3573 3981 τὴν
3619 3909 3806 3965 στάσιν

2219 4000 2314 4055 καὶ
2364 3999 2630 4065 σώζοντες
2680 4002 2781 4071 τὴν
2834 4002 3040 4056 οἰκείαν
3092 4002 3267 4073 ἀρχὴν
3320 4002 3575 4071 ’Λγγελοί
3612 4021 3669 4058 τε
3714 4001 3808 4055 καὶ

2234 4093 2611 4165 ’Λρχάγγελοι,
2645 4094 2739 4147 καὶ
2773 4094 2826 4146 αἱ
2871 4093 3075 4147 τούτων
3107 4093 3366 4164 ἀνωτέρω
3398 4094 3616 4161 λογικαὶ
3649 4093 3806 4147 δυνά-

543 4180 887 4235 manifestum
918 4196 1050 4236 sane
1084 4192 1167 4238 est
1192 4197 1284 4238 eos
1310 4183 1574 4237 voluntati
1634 4183 1725 4238 Dei
1778 4199 2115 4255 nequaquam

2222 4200 2365 4255 μεις,
2396 4182 2661 4255 πρόδηλον
2741 4178 3006 4251 δήπουθεν
3045 4182 3121 4244 ὡς
3168 4183 3231 4235 οὐ
3273 4182 3625 4247 στασιάζουσι
3666 4181 3805 4235 κατὰ

541 4282 858 4337 repugnare,
890 4272 983 4323 sed
1009 4272 1269 4326 creatoris
1297 4272 1525 4342 imperio
1560 4289 1624 4328 ac
1656 4273 1864 4344 legibus
1914 4290 2115 4331 morem

2220 4274 2327 4330 τῶν
2362 4274 2458 4329 τοῦ
2490 4274 2627 4329 Θεοῦ
2659 4274 3008 4346 θελημάτων,
3044 4273 3158 4327 ἀλλ’
3204 4273 3413 4327 είκουσί
3442 4291 3501 4327 τε
3537 4274 3632 4327 καὶ
3670 4274 3803 4325 ὑπο-

542 4373 751 4426 gcrere,
784 4374 1044 4428 suamque
1062 4361 1389 4417 voluntatem
1422 4365 1489 4417 ad
1533 4364 1771 4418 divinam
1794 4380 2111 4435 aggregare,

2220 4369 2509 4423 τάσσονται
2538 4368 2651 4429 τοῖς
2681 4365 2776 4419 τοῦ
2818 4364 3178 4436 πεποιηκότος
3211 4366 3416 4435 νόμοις,
3451 4365 3545 4419 καὶ
3575 4363 3805 4433 σύμφω-

538 4457 603 4501 ut
628 4448 811 4504 omnia
838 4458 894 4505 et
920 4450 1085 4506 velint
1130 4462 1186 4508 et
1213 4452 1414 4508 faciant
1442 4469 1563 4523 quae
1607 4455 1680 4508 illi
1715 4456 1946 4524 placent.
1967 4460 2115 4524 Quod

2222 4475 2312 4510 νον
2345 4456 2532 4527 ἔχουσι
2562 4455 2698 4525 πρὸς
2733 4455 2865 4510 Θεὸν
2887 4456 2987 4527 τὴν
3018 4454 3265 4526 γνώμην,
3292 4454 3369 4518 ὡς
3406 4455 3583 4508 πάντα
3617 4453 3801 4524 βούλε-

541 4554 668 4594 cum
704 4540 777 4595 ita
812 4540 904 4608 sit,
930 4556 1104 4611 neque
1133 4542 1272 4599 ullus
1315 4544 1536 4599 omnino
1594 4545 1883 4613 iullcietur,
1927 4563 2115 4618 quam-

2227 4548 2351 4602 σθαί
2387 4565 2445 4601 τε
2468 4548 2563 4603 καὶ
2590 4549 2764 4601 ποιεῖν
2794 4548 3004 4620 ὅσαπερ
3040 4547 3187 4619 αὐτῷ
3219 4547 3384 4601 δοκεῖ.
3426 4545 3584 4601 Οὕτω
3627 4546 3803 4599 τοίνυν

542 4632 729 4687 obrem
760 4632 903 4688 solus
930 4633 1097 4689 Filius
1131 4633 1533 4705 Unigenitus,et
1558 4636 1787 4692 Verbum
1814 4654 1878 4695 ac
1905 4640 2115 4708 sapien-

2224 4640 2442 4710 ἔχοντος
2473 4639 2652 4705 τοῦδε,
2694 4641 2787 4694 καὶ
2833 4640 3364 4711 συνομολογουμένου
3412 4641 3566 4713 παρὰ
3615 4641 3799 4702 πᾶσιν,

543 4723 618 4778 tia
644 4724 766 4779 est?
804 4723 1103 4796 Oportebat
1141 4729 1285 4782 enim
1310 4728 1570 4798 profecto,
1608 4730 1653 4787 si
1717 4732 1784 4786 ob
1815 4730 1866 4787 id
1919 4733 2115 4788 dicitur

2221 4735 2343 4787 ὅτου
2375 4733 2439 4805 δὴ
2481 4735 2640 4804 χάριν
2692 4733 2850 4804 μόνος
2896 4736 2924 4787 6
2962 4734 3088 4795 Υἱὸς
3126 4734 3461 4804 Μονογενὴς,
3503 4735 3598 4787 καὶ
3630 4733 3801 4799 Λόγος

545 4812 887 4885 Unigenitus,
909 4826 964 4871 et
989 4818 1276 4888 sapientia,
1332 4828 1387 4875 et
1444 4820 1700 4888 Verbum,
1756 4824 1882 4894 quia
1937 4826 2115 4882 omnia

2224 4825 2318 4879 καὶ
2358 4824 2520 4894 σοφία
2549 4824 2728 4888 ἐστίνς
2765 4825 2910 4880 Ἔδει
2948 4826 3076 4898 γὰρ,
3126 4828 3284 4898 εῖπερ
3312 4827 3480 4891 ὅντως
3524 4826 3584 4878 τὸ
3627 4823 3801 4876 Θέλειν

540 4922 664 4976 quae
694 4907 808 4962 vult
847 4909 1030 4975 Pater,
1062 4910 1174 4965 vult
1207 4923 1259 4967 et
1290 4913 1423 4983 ipse,
1457 4915 1693 4985 reliquas
1740 4916 1902 4971 etiam
1949 4917 2115 4973 ratio-

2224 4919 2323 4973 ὅσα
2372 4919 2466 4972 καὶ
2510 4920 2538 4972 6
2588 4918 2775 4991 Πατὴρ
2831 4918 3110 4990 βούλεται,
3180 4922 3462 4990 Μονογενῆ
3522 4916 3799 4972 καλεῖσθαι

543 5000 697 5056 nales
727 5012 1010 5059 creaturas
1064 5004 1202 5059 idem
1256 5021 1397 5072 esse,
1460 5007 1757 5079 iisdemque
1814 5010 2120 5066 nominibus

514 5090 663 5169 .illas
702 5093 980 5162 appellari,
1022 5097 1219 5165 quibus
1250 5097 1428 5154 Filius.
1465 5099 1522 5154 Si
1569 5116 1697 5156 vero
1735 5101 1878 5157 nulla
1914 5117 1981 5157 ex
2029 5102 2117 5168 iis,

544 5190 637 5236 aut
657 5181 973 5253 Unigenitus
990 5196 1073 5243 est
1097 5187 1288 5255 Filius,
1316 5200 1407 5245 aut
1428 5192 1683 5258 Verbum,
1710 5209 1881 5264 neque
1911 5193 2118 5264 sapien-

547 5270 642 5336 tia,
673 5284 848 5341 neque
897 5274 1099 5339 lumen.
1158 5294 1333 5349 neque
1396 5282 1671 5351 splendor,
1722 5298 1895 5353 neque
1924 5284 2115 5352 forma,

547 5377 724 5432 neque
777 5363 956 5431 imago
1016 5366 1235 5437 Patris,
1299 5375 1662 5429 necessarium
1722 5374 1881 5445 plane
1928 5385 2012 5430 est
2062 5386 2120 5430 ut

547 5452 1061 5519 sentiamus,Filium
1091 5474 1194 5514 non
1216 5476 1333 5518 eam
1355 5461 1425 5518 ob
1454 5479 1670 5521 causam
1701 5466 1898 5526 dixisse
1930 5484 1944 5521 :
1977 5469 2118 5539 «Ego

549 5541 602 5596 in
630 5541 810 5610 Patre,
838 5556 895 5601 et
913 5546 1075 5605 Pater
1104 5549 1155 5605 in
1180 5568 1295 5622 me;
1328 5574 1346 5608 ι
1386 5565 1441 5613 et
1463 5570 1675 5612 rursum
1706 5575 1718 5612 :
1758 5576 1777 5610 ι
1802 5559 1909 5629 Ego
1938 5570 1991 5616 ct
2018 5559 2119 5616 Pa-

620 5718 666 5753 "
690 5717 832 5775 Psal.
862 5736 983 5789 cm,
1012 5725 1101 5778 ΞΟ.

2226 5012 2392 5074 ποιεῖ,
2425 5011 2520 5063 καὶ
2551 5010 2761 5078 σοφίαν,
2803 5011 2896 5065 καὶ
2926 5011 3116 5080 Λόγον,
3146 5013 3241 5065 καὶ
3282 5014 3395 5076 τοῖς
3440 5011 3621 5073 ἄλλοις
3650 5009 3800 5076 λογι-

2228 5103 2345 5167 κοῖς
2376 5102 2637 5173 κτίσμασι
2665 5100 2836 5156 ταῦτα
2866 5102 3153 5174 ὑπάρχειν,
3184 5103 3279 5157 καὶ
3307 5102 3579 5164 τοσούτοις
3604 5100 3799 5170 όνόμα⁹

2227 5210 2311 5247 σιν
2344 5193 2736 5249 ἀποκαλεῖσθαι
2766 5195 2859 5248 καὶ
2884 5196 3042 5259 αὐτὰ,
3076 5196 3337 5265 ὅσοισπερ
3385 5196 3452 5249 ἂν
3483 5194 3574 5249 καὶ
3596 5194 3625 5246 6
3649 5190 3795 5253 Υἱός.

2224 5284 2286 5336 El
2316 5283 2374 5337 δὲ
2408 5283 2613 5337 τούτων
2640 5283 2812 5347 οὐδὲν,
2839 5281 2961 5336 οὔτε
2991 5286 3304 5357 Μονογενής
3335 5286 3483 5337 ἐστιν
3504 5282 3652 5348 Υἱὸς,
3674 5278 3797 5333 οὐτε

2224 5377 2413 5443 Λόγος,
2434 5376 2556 5430 οὔτε
2597 5376 2776 5445 σοφία,
2800 5374 2923 5429 οὐτε
2956 5375 3093 5445 φῶς,
3126 5376 3250 5429 οὐτε
3282 5376 3643 5448 ἀπαύγασμα.
3674 5371 3795 5425 οὔτε

2228 5468 2431 5541 μορφὴ,
2478 5467 2601 5521 οὐτε
2649 5466 2810 5520 εἰκὼν
2846 5465 2940 5520 τοῦ
2991 5468 3223 5539 Πατρδς,
3261 5470 3559 5538 ἀναγκαῖον
3602 5464 3795 5519 εἰδέναι

2226 5560 2433 5632 λοιπὸν,
2463 5561 2654 5631 ὅτιπερ
2685 5560 2745 5614 οὐ
2776 5559 2834 5613 τὸ
2884 5559 3166 5632 βούλεσθαι
3199 5560 3265 5616 τὰ
3306 5561 3442 5615 αὐτὰ
3489 5560 3566 5633 τῷ
3598 5554 3795 5627 Πατρὶο
