4078 6260
452 302 554 357 189

1869 299 2300 358 THESAURUS.

3587 315 3690 372 190

444 417 563 472 οὐδὲ
604 414 667 469 τὸ
704 412 832 484 μίαν
862 410 1010 483 ἐχειν
1051 410 1192 482 πρὸς
1235 410 1401 464 αὐτὸν
1443 412 1546 484 τὴν
1582 413 1805 486 γνώμην
1843 432 2007 486 παρα.

2124 425 2204 472 ter
2227 433 2389 472 unum
2413 433 2600 477 sumus
2625 438 2637 474 :
2665 440 2684 475 ι
2709 422 2830 492 quia
2860 424 3046 480 eadem
3078 425 3190 481 vult
3211 442 3330 497 qtue
3354 427 3688 496 Pater,eam-

443 506 703 570 σκευάζει
733 503 917 572 λέγειν
948 503 1036 556 τὸν
1070 502 1198 555 Υἱόν
1219 518 1232 532 ⁸
1271 522 1291 554 ι
1330 501 1470 572 Ἐγὼ
1500 505 1557 555 ἐν
1585 503 1662 573 τῷ
1694 506 1884 577 Πατρὶ,
1925 505 2019 559 καὶ

443 601 472 651 6
499 598 698 668 Πατὴρ
730 597 789 648 ἐν
824 596 968 665 iisut,
1001 614 1022 646 ι
1061 596 1157 649 καὶ
1181 595 1379 650 πάλιν·
1419 616 1438 648 ι
1485 594 1626 666 Ἐγὼ
1647 597 1739 650 καὶ
1773 599 1802 652 6
1831 597 2020 668 Πατὴρ

441 688 503 740 ἓν
538 689 710 757 ἐσμεν
731 703 746 716 ·
783 706 802 738 ι
837 686 951 740 ἀλλ’
977 688 1076 750 ὅτι,
1100 688 1198 756 τῆς
1224 687 1314 740 τοῦ
1343 688 1556 759 Ila-:96;
1585 689 1772 752 οὐσίας
1799 690 2019 760 γνήσιον

446 779 721 850 ὑπάρχων
748 779 1008 848 γέννημα,
1044 779 1200 848 φέρει
1229 778 1324 848 μὲν
1352 779 1410 830 ἐν
1443 777 1619 848 ἐαυτῷ
1647 779 1740 832 τὸν
1777 779 2016 850 Πατέρα,

447 869 706 938 φαίνεται
735 868 788 921 δὲ
830 869 924 921 καὶ
966 869 1138 932 αὐτὸς
1183 869 1241 921 ἐν
1272 868 1466 939 Πατρί.
1501 868 1745 939 Κρατοίη
1787 868 1832 922 δ’
1869 867 1938 922 ἂν
1990 870 2019 921 6

451 958 617 1021 αὐτὸς
641 951 790 1022 οὗτος
818 958 977 1026 λόγος
1013 960 1112 1012 καὶ
1156 959 1242 1011 ἐπ’
1283 958 1382 1011 άνθ
1389 956 1586 1028 ρώπων
1621 959 1813 1026 ἁγίων,
1842 951 1922 1022 οἷς
1956 956 2020 1010 τὸ

451 1049 760 1103 ἀκολουθεῖν
802 1052 914 1113 τοῖς
959 1047 1130 1112 θείοις
1174 1048 1444 1120 θελήμασι
1498 1049 1722 1112 σκοπὸς,
1770 1049 1865 1104 καὶ
1915 1049 2018 1102 οὐκ

449 1140 600 1192 εστιν
625 1141 822 1193 εἰπεῖν·
857 1158 878 1192 ι
929 1139 1072 1209 Ἐγὼ
1120 1142 1182 1193 ἐν
1215 1140 1296 1212 τῷ
1329 1141 1524 1212 Πατρὶ,
1559 1140 1656 1196 καὶ
1682 1144 1710 1194 6
1742 1139 1932 1213 Πατὴρ
1959 1141 2018 1194 ιν

451 1229 591 1300 ἐμοί.
617 1247 637 1282 t

1126 1340 1332 1397 ΑΛΛΟ.

678 1450 774 1516 Ὠς
806 1449 876 1516 ἐξ
906 1451 1266 1517 ἀντιθέσεως
1302 1450 1424 1504 τῶν
1450 1451 1782 1520 αἱρετικῶν.

515 1583 584 1638 El
609 1584 672 1637 τδ
708 1585 1012 1649 καλεῖσθαι,
1048 1586 1228 1654 φασιν,
1264 1586 1391 1641 Υἰὸν
1421 1587 1517 1640 καὶ
1555 1586 1741 1640 είκόνα
1767 1585 1860 1639 τοῦ
1902 1587 2016 1640 Πα-

451 1676 604 1746 τρδς,
643 1677 744 1730 ενα
773 1676 919 1746 αὐτῷ
944 1677 1080 1730 κατὰ
1109 1676 1264 1747 φύσιν
1292 1679 1590 1748 ἐργάζεται
1619 1677 1714 1732 τὸν
1754 1677 2016 1741 τοιούτοις

2121 509 2352 580 demque
2383 510 2694 567 habetcum
2744 513 2899 570 Patre
2954 516 3119 570 animi
3177 521 3538 581 sententiam:
3591 520 3685 576 sed

2118 599 2269 668 quia,
2305 613 2427 654 cum
2453 602 2524 656 sit
2547 617 2730 656 verum
2759 619 2822 660 ac
2859 606 3148 674 genuinum
3181 607 3430 664 essentize
3509 609 3686 666 Patris

2118 706 2360 760 germen,
2399 691 2509 760 ipse
2530 692 2583 747 in
2609 693 2896 750 sePatrem
2914 706 3107 767 gestat,
3163 697 3384 767 ipseque
3440 700 3682 754 vicissim

2120 781 2171 836 in
2206 780 2368 837 Patre
2406 783 2666 838 cernitur.
2702 783 2870 842 Porro
2899 789 3086 843 eadem
3117 803 3329 858 quoque
3366 789 3504 843 ratio
3529 790 3676 844 obti-

2113 882 2239 928 neat
2267 873 2321 928 in
2355 876 2560 932 sanctis
2589 875 2915 942 hominibus,
2936 893 3162 949 quorum
3188 894 3382 948 scopus
3403 890 3560 948 atque
3592 879 3679 932 in-

2113 963 2364 1019 stitutum
2390 979 2515 1022 cum
2535 967 2610 1023 sit
2641 969 2836 1026 divina
2864 970 3122 1026 voluntati
3151 970 3390 1038 obedire,
3437 972 3501 1025 de
3544 971 3683 1040 seip-

2112 1057 2191 1113 sis
2224 1065 2404 1113 tamen
2437 1058 2620 1116 dicere
2642 1075 2755 1117 non
2786 1069 3016 1130 possunt
3043 1076 3059 1116 :
3096 1079 3115 1114 ι
3145 1060 3256 1132 Ego
3297 1063 3352 1118 in
3416 1061 3591 1127 Patre,
3627 1073 3683 1118 et

2113 1147 2277 1206 Pater
2301 1148 2359 1205 in
2388 1163 2492 1206 me.
2520 1167 2545 1204 ι

2792 1346 3023 1402 ALIUD.

2494 1453 2577 1510 Ea:
2598 1455 2881 1526 objections
2925 1459 3306 1514 hereticorum.

2190 1587 2272 1655 Si,
2306 1589 2567 1659 inquiunt,
2597 1590 2723 1661 quia
2747 1600 2967 1648 vocatur
2990 1590 3158 1646 Filius
3187 1601 3240 1645 et
3277 1591 3452 1661 imago
3480 1588 3678 1652 Patris.

2119 1696 2286 1736 unum
2311 1697 2432 1736 cum
2461 1681 2575 1753 ipso
2604 1684 2924 1740 naturaliter
2950 1684 3078 1739 facit
3106 1700 3228 1739 eum
3261 1685 3349 1754 qui
3385 1683 3679 1750 ejuscemo—

460 1766 719 1836 ὀνόμασιν
767 1767 1278 1837 άποσεμνυνόμενον,
1325 1768 1382 1820 τί
1448 1767 1681 1821 κωλύσει
1731 1768 1825 1821 καὶ
1868 1767 2007 1838 ἡμᾶς

2119 1772 2170 1827 di
2205 1773 2514 1829 nominibus
2537 1775 2824 1844 insignitus
2864 1784 2972 1838 est.
2995 1776 3126 1846 quid
3161 1775 3429 1830 obstiterit
3469 1775 3681 1843 quomi-

467 1858 773 1929 ἀνθρώπους
817 1859 986 1926 ὄντας,
1031 1861 1339 1931 ἐπειδήπερ
1388 1860 1482 1915 καὶ
1528 1859 1634 1913 υἱοὶ
1677 1859 2017 1930 κεκλήμεθα,

461 1950 548 2000 καὶ
575 1949 691 2000 κατ’
723 1949 904 2002 εἰκόνα
934 1950 1248 2022 γεγόναμεν
1277 1950 1435 2019 Θεοῦ,
1469 1950 1685 2022 ὁμοίους
1723 1947 1861 2005 εῖναι
1895 1952 2019 2006 κατ’

447 2036 623 2089 οὐσίαν
650 2037 832 2107 αὑτῷς

930 2172 1092 2242 Πρὸς
1122 2173 1303 2227 τοῦτο
1334 2175 1529 2241 λύσις.

522 2279 669 2333 Ἀλλ’
700 2282 837 2351 ἡμῖν
887 2282 1009 2352 μὲν,
1043 2276 1092 2336 ὢ
1126 2283 1416 2352 βέλτιστοι,
1444 2284 1579 2337 κατὰ
1618 2285 1809 2357 χάριν·
1843 2286 1918 2357 τῷ
1960 2287 2016 2340 δὲ

429 2369 589 2423 -Θεοῦ
623 2370 790 2441 Λόγῳ
819 2371 964 2426 κατὰ
990 2373 1156 2441 φύσιν
1184 2372 1340 2426 τοῦτο
1363 2375 1612 2445 ὑπάρχει.
1642 2377 1748 2431 Καὶ
1778 2378 1902 2446 περὶ
1927 2377 2019 2447 μὲν

445 2459 662 2513 ἐκείνου
698 2459 918 2527 λέγεται
940 2477 955 2490 ·
992 2481 1012 2512 ι
1050 2461 1148 2524 Τίς
1179 2463 1362 2532 ὅμοιός
1393 2478 1472 2516 σοι
1499 2464 1557 2516 ἐν
1584 2463 1737 2529 θεοῖς,
1770 2463 1968 2535 Κύριες
1994 2485 2012 2516 ›

438 2548 513 2612 ὡς
539 2550 641 2602 οὐκ
664 2549 994 2603 ἐπείσακτον
1027 2547 1262 2620 ἔχοντος,
1283 2553 1416 2606 ἀλλὰ
1446 2557 1666 2622 φυσικὸν
1689 2557 1749 2611 τὺ
1779 2557 2012 2628 ἀξίωμα.

440 2639 574 2712 Περὶ
615 2640 670 2694 δὲ
705 2640 899 2711 ἡμῶν·
941 2660 961 2692 ι
1025 2642 1168 2710 Ἐγὼ
1209 2639 1369 2696 εἶπα·
1408 2645 1530 2698 Θεοί
1572 2647 1710 2712 ἐστε,
1763 2649 1857 2701 καὶ
1897 2649 2016 2702 Υἱοὶ

451 2732 706 2800 Ὑψίστου
737 2733 961 2796 πάντες.
1001 2751 1022 2784 ι
1071 2733 1260 2803 Ὑμεῖς
1287 2735 1343 2788 δὲ
1378 2736 1439 2807 δὴ
1471 2737 1547 2800 ὡς
1574 2737 1845 2810 ἄνθρωποι
1875 2741 2016 2793 ἀπο-

443 2824 724 2894 θνήσκετε,
756 2824 852 2876 καὶ
881 2824 958 2887 ὡς
984 2818 1070 2888 εἷς
1100 2825 1207 2878 τῶν
1249 2827 1520 2896 ἀρχόντων
1555 2829 1803 2885 πίπτετε.
1848 2830 1938 2894 Ὠς
1967 2832 2014 2883 εί

450 2914 527 2986 μὴ
563 2917 741 2989 πᾶσαν
763 2915 1132 2986 ποιησαίμεθα
1161 2916 1392 2990 σπουδὴν
1424 2920 1505 2986 είς
1542 2919 1600 2975 τδ
1630 2921 2016 2994 παραιτεῖσθαι

446 3006 508 3059 τὸ
533 3007 748 3076 φαῦλον,
781 3007 969 3078 ῥαδίως
1004 3009 1066 3073 ἐξ
1096 3002 1170 3062 ὧν
1200 3011 1500 3080 εἰλήφαμεν
1531 3014 1828 3068 ἀποπεσεῖν
1865 3015 2016 3070 δυνά·

2123 1877 2222 1918 nus
2263 1862 2426 1918 etiam
2483 1879 2580 1919 nos
2615 1864 2861 1920 homines
2891 1867 2980 1936 qui
3017 1866 3109 1921 lilii
3143 1881 3396 1920 vocamur
3417 1866 3482 1931 ⁸⁸,
3507 1874 3560 1920 et
3612 1867 3679 1919 ad

2120 1953 2404 2023 imaginem
2433 1953 2523 2010 Dei
2556 1954 2908 2022 factisumus.
2934 1956 3138 2013 similes
3165 1956 3214 2012 ei
3254 1957 3554 2012 secundum
3585 1969 3671 2010 es.

2117 2045 2347 2101 sentiam
2371 2046 2577 2101 simus?

2571 2180 2781 2236 Salutio
2817 2181 3158 2254 ebjectionis.

2185 2292 2255 2348 At
2281 2295 2458 2358 nobis,
2483 2295 2679 2358 oboni,
2712 2310 2808 2366 per
2827 2297 3057 2365 gratiam
3091 2313 3105 2348 ε
3137 2292 3313 2349 Verbo
3359 2301 3537 2346 autem
3585 2291 3678 2345 Det

2117 2387 2169 2441 id
2199 2387 2516 2442 naturaliter
2577 2388 2738 2443 inest.
2811 2389 2888 2442 Ac
2931 2389 2998 2443 de
3059 2386 3150 2440 illo
3200 2387 3413 2452 quidem
3443 2384 3677 2438 dicitur:

2122 2494 2140 2527 ι
2174 2477 2305 2543 Quis
2328 2477 2518 2532 similis
2557 2478 2647 2533 tibi
2684 2479 2736 2532 in
2761 2478 2882 2541 diis,
2905 2477 3235 2532 Domine“?
3291 2495 3310 2529 ι
3351 2475 3548 2545 quique
3590 2476 3679 2544 qui

2116 2581 2220 2620 non
2252 2567 2502 2630 ascititia,
2539 2567 2632 2621 sed
2665 2569 2890 2622 naturali
2940 2567 3202 2637 dignitate
3270 2566 3528 2636 prmditus
3589 2565 3678 2618 sit.

2121 2658 2278 2730 114
2297 2658 2370 2712 De
2400 2657 2554 2714 nobis
2580 2673 2746 2713 vero:
2798 2677 2816 2710 ι
2859 2661 2968 2730 Ego
2997 2659 3104 2714 dixi
3137 2677 3150 2714 :
3204 2658 3283 2712 Dii
3325 2658 3475 2721 estis,
3507 2666 3560 2712 et
3586 2655 3678 2710 lilii

2116 2749 2322 2806 Excelsi
2348 2764 2554 2806 omnes.
2594 2749 2700 2804 Vos
2739 2759 2915 2803 autem
2946 2752 3084 2806 sicut
3123 2749 3372 2805 homines
3401 2748 3677 2802 moriemi-

2116 2839 2194 2902 ni,
2230 2848 2283 2892 et
2313 2839 2451 2894 sicut
2482 2827 2638 2892 unus'
2657 2837 2960 2907 principum
2997 2841 3197 2894 cadetis
3222 2840 3287 2893 ⁸⁵.
3321 2859 3340 2891 ι
3382 2838 3494 2894 Nisi
3536 2841 3678 2895 enim

2116 2943 2322 2987 summo
2343 2930 2520 2986 studio
2541 2929 2729 2986 vitium
2759 2928 3045 3004 fugiamus,
3078 2929 3232 2986 facile
3261 2930 3326 2986 iis
3350 2944 3468 3001 qua:
3519 2944 3680 2987 acce-

2114 3024 2637 3090 pimusexcidemus.
2702 3023 3022 3092 Accepimus
3071 3033 3246 3076 autem
3309 3021 3558 3090 gratiam,
3623 3030 3681 3075 ut

453 3094 611 3165 μεθα.
663 3096 971 3165 Εἰλήφαμεν
1012 3098 1071 3151 δὲ
1122 3101 1264 3153 κατὰ
1311 3101 1471 3170 χάριν
1499 3103 1561 3154 τὸ
1605 3105 1885 3159 καλεῖσθαι
1916 3107 2007 3160 καὶ

2119 3131 2367 3170 vocemur
2398 3116 2490 3170 lilii
2513 3122 2569 3168 et
2599 3115 2669 3170 dii
2698 3131 2712 3170 :
2771 3130 2890 3184 qua:
2920 3115 3134 3183 quidem
3167 3113 3488 3168 naturaliter
3547 3111 3681 3167 Filio

448 3185 556 3236 υἱοὶ
581 3185 674 3237 καὶ
698 3185 823 3248 θεοὶ,
847 3186 883 3239 ἃ
905 3188 968 3257 δὴ
992 3190 1241 3256 φυσικῶς
1265 3191 1525 3260 πρόσεστι
1561 3194 1638 3264 τῷ
1665 3195 1798 3265 Υἱῷ.
1833 3197 2012 3250 Είκὼν

444 3273 502 3326 δὲ
531 3274 692 3328 πάλιν
727 3278 1134 3349 χρηματίζομεν
1170 3279 1330 3346 Θεοῦ,
1373 3283 1673 3355 ἐπειδήπερ
1698 3285 1799 3355 τὴν
1827 3287 2012 3356 άληθι-

438 3365 536 3437 γὴν
565 3366 748 3419 εἰκόνα
779 3368 865 3420 τὸν
891 3369 1064 3437 Λόγον
1089 3370 1256 3424 αὑτοῦ
1295 3372 1620 3444 ἐδεξάμεθα,
1660 3375 1754 3428 καὶ
1794 3375 2010 3447 ᾤκησεν

441 3457 498 3509 ἐν
526 3457 676 3526 ἡμῖν,
704 3457 736 3527 ἢ
785 3460 880 3514 καὶ
915 3460 976 3513 ἐν
1003 3460 1337 3526 τελευταίοις
1374 3467 1591 3534 καιροῐς
1623 3466 2008 3539 ἐνηνθρὼπησε

436 3547 522 3601 διὰ
549 3549 647 3620 τὴν
675 3551 950 3621 ἡμετέραν
981 3567 1126 3624 σωτη
1137 3552 1277 3624 ρίαν.
1305 3553 1479 3626 Πολλή
1507 3572 1592 3618 τις
1618 3552 1712 3611 οὖν
1752 3559 1846 3613 καὶ
1872 3558 2010 3630 άμε-

437 3656 563 3708 τρος
596 3642 630 3710 ἡ
679 3640 932 3713 διαφορά,
984 3644 1190 3712 μεταξύ
1228 3661 1287 3698 τε
1332 3647 1488 3716 ήμῶν
1533 3647 1642 3702 τῶν
1674 3650 1816 3704 κατὰ
1847 3651 2008 3720 χάριν

437 3731 789 3801 κεκλημένων
830 3733 993 3798 υἱῶν,
1045 3736 1142 3787 καὶ
1182 3735 1276 3789 τοῦ
1323 3738 1463 3791 κατὰ
1503 3739 1666 3808 φύσιν
1717 3741 1870 3804 ὄντος
1912 3744 2009 3795 καὶ

437 3821 726 3892 ἀληθινῶς.
756 3823 868 3878 Καὶ
907 3823 1146 3895 φλυαρία
1181 3827 1376 3897 μᾶλλον
1404 3828 1559 3900 ὑμῶν
1602 3832 1636 3900 ἡ
1669 3832 1933 3902 πρότασις
1965 3833 1998 3901 ἢ

435 3910 612 3982 νόημα
642 3915 910 3984 χρήσιμον
936 3913 1224 3970 δέδεικται.

1113 4029 1317 4083 AAAO.

503 4136 791 4207 Εξταύτης
817 4138 982 4194 ἕνεκα
1006 4143 1098 4194 καὶ
1131 4143 1297 4213 μόνης
1325 4145 1424 4213 τῆς
1452 4142 1631 4206 αἰτίας
1659 4142 1842 4214 ὅμοιον
1869 4139 2003 4196 εἶναι

433 4225 510 4292 τῷ
539 4227 718 4296 Πατρί
765 4245 900 4298 φατε
945 4230 1035 4283 τὸν
1081 4232 1231 4296 Υἱὸν,
1282 4227 1328 4286 ὧ
1377 4234 1754 4304 χριστομάχοι,
1811 4233 1892 4286 ὅτι
1939 4233 2004 4305 δὴ

435 4316 592 4373 πάνθ’
625 4318 728 4372 ὅσα
753 4319 1001 4389 βούλεται
1035 4322 1064 4373 6
1094 4323 1303 4394 Πατὴρ,
1333 4322 1506 4376 ταῦτα
1550 4323 1642 4377 καὶ
1683 4323 1866 4389 αὐτὸς,
1904 4325 2003 4378 οὐκ

2118 3209 2321 3264 insunt.
2343 3209 2616 3264 Vocamur
2635 3218 2810 3266 autem
2849 3210 3010 3265 etiam
3034 3210 3210 3280 imago
3243 3209 3360 3277 Dei,
3417 3208 3680 3277 siquidem

2116 3313 2297 3354 veram
2321 3301 2602 3370 imaginem
2627 3303 2860 3358 Verbum
2892 3304 3058 3373 ipsius
3083 3302 3500 3373 suscepimus,et
3535 3301 3678 3356 habi-

2119 3389 2252 3443 tavit
2283 3389 2337 3443 in
2387 3389 2620 3457 nobis",
2647 3399 2702 3446 et
2733 3391 2938 3446 ultimis
2990 3393 3318 3461 temporibus
3388 3391 3562 3447 lactus
3598 3400 3678 3446 est

2118 3479 2278 3534 homo
2319 3491 2538 3550 propter
2578 3492 2814 3540 nostram
2859 3483 3108 3540 salutem.
3158 3485 3345 3556 Magna
3391 3484 3554 3556 igitur
3597 3480 3677 3536 at-

2115 3583 2219 3636 (μισ
2265 3571 2522 3628 immensa
2573 3582 2658 3631 est
2709 3573 3009 3631 diﬂ‘erentia
3063 3575 3203 3631 inter
3253 3589 3351 3632 nos
3406 3590 3502 3646 per
3551 3589 3674 3644 gra-

2118 3658 2246 3712 tiam
2279 3670 2495 3716 vocatos
2539 3662 2699 3728 ﬁlios,
2741 3673 2795 3719 et
2817 3680 2938 3720 eum
2970 3664 3059 3734 qui
3092 3679 3216 3721 vere
3253 3679 3314 3720 ac
3359 3665 3674 3720 naturaliter

2114 3755 2198 3800 est
2228 3748 2411 3805 Filius.
2444 3749 2654 3809 Frivola
2685 3752 2848 3822 igitur
2867 3765 3031 3826 atque
3052 3753 3233 3811 inanis
3257 3753 3416 3825 plane
3453 3762 3538 3812 est
3597 3767 3686 3806 ve-

2113 3846 2224 3894 stra
2256 3839 2506 3910 objectio.

2777 4037 3003 4094 ALIUD.

2181 4149 2238 4203 Si
2270 4164 2387 4203 eam
2417 4157 2470 4204 et
2500 4149 2715 4216 quidem
2741 4149 2907 4204 solam
2931 4149 3000 4204 ob
3025 4163 3263 4216 causam,
3309 4164 3422 4217 vos,
3472 4148 3671 4206 Christi

2110 4244 2320 4308 hostes,
2350 4244 2542 4299 Filium
2569 4244 2714 4300 Patri
2748 4243 2979 4300 similem
3002 4259 3123 4302 esse
3155 4245 3350 4308 dicitis,
3393 4247 3520 4317 quia
3552 4262 3664 4302 om-

2109 4336 2196 4391 nia
2219 4353 2339 4406 quas
2365 4337 2475 4392 vult
2509 4339 2688 4406 Pater,
2719 4338 2904 4394 vultet
2934 4338 3068 4410 ipse,
3094 4353 3198 4393 non
3231 4340 3336 4394 erit
3385 4349 3491 4395 tam
3526 4339 3674 4397 Patri

437 4407 588 4464 ἔσται
617 4409 695 4481 τῷ
740 4411 918 4484 Πατρὶ
945 4413 1144 4484 μᾶλλον
1181 4415 1536 4486 προσεοικὼς,
1577 4415 1713 4470 ἀλλὰ
1748 4418 1860 4481 τοῖς
1905 4417 2000 4470 τοῦ

2110 4429 2318 4496 similis,
2343 4447 2504 4501 quam
2566 4430 2827 4487 voluntati
2885 4407 3084 4487 Patris.
3142 4429 3208 4485 Et
3254 4431 3415 4487 Pater
3453 4432 3669 4502 quidem

359 4535 362 4537 μ
437 4500 648 4570 Πατρός
695 4502 984 4574 θελήμασι.
1035 4506 1146 4560 Καὶ
1198 4508 1227 4560 6
1276 4509 1373 4578 μὲν
1420 4508 1627 4580 Πατὴρ,
1675 4509 1797 4563 καθ’
1833 4509 1998 4580 ὑμᾶς,

433 4589 654 4659 ὀνόματι
685 4593 840 4664 μόνον
868 4595 1028 4649 τοῦτό
1054 4599 1200 4650 ἐστιν
1219 4615 1232 4627 ·
1256 4599 1284 4652 6
1302 4597 1358 4651 δὲ
1394 4599 1533 4663 Υἱὸς,
1561 4599 1683 4655 οὕτε
1712 4600 1844 4667 υἱὸς,
1875 4600 1998 4654 οὔτε

431 4680 848 4753 ἀπαράλλακτος
875 4685 970 4739 τοῦ
1019 4691 1377 4760 γεννήσαντος
1415 4690 1592 4756 εἰκὼν,
1643 4691 1776 4746 ἀλλὰ
1821 4692 1998 4763 μόνων

429 4771 534 4827 τῶν
563 4773 885 4846 θελημάτων
908 4779 1085 4837 αὐτοῦ
1107 4783 1368 4853 μιμητής.
1415 4782 1564 4835 Ἐπεὶ
1590 4782 1685 4839 καὶ
1727 4785 1754 4836 6
1784 4783 1998 4845 Παῦλος

431 4867 673 4937 μιμητὴς
706 4869 969 4940 ὑπάρχων
991 4871 1084 4925 τοῦ
1106 4872 1343 4944 Χριστοῦ
1367 4874 1460 4927 καὶ
1484 4874 1819 4946 προσεοικὼς
1848 4874 1997 4944 αὐτῷ

425 4957 564 5010 κατά
583 4973 642 5010 τε
667 4958 731 5010 τὸ
763 4959 1049 5028 βούλεσθαι
1081 4962 1239 5016 πάνθ’
1271 4965 1370 5017 ὅσα
1399 4966 1492 5019 καὶ
1529 4965 1690 5028 αὐτὸς
1721 4964 1990 5028 ἐϐούλετο,

337 5088 347 5099 .
428 5046 520 5099 καὶ
548 5049 687 5103 κατὰ
710 5050 808 5104 τὸν
837 5051 936 5121 τῆς
961 5052 1306 5120 διδασκαλίας
1333 5055 1508 5125 λόγον,
1543 5057 1655 5128 ἔχει
1688 5057 1784 5126 μὲν
1812 5057 1994 5111 εἰκόνα

429 5136 536 5189 τῶν
581 5139 901 5211 θελημάτων
942 5145 1128 5208 αὐτοῦ.
1175 5147 1278 5200 οὐκ
1321 5147 1437 5199 ἐστι
1483 5146 1540 5199 δέ
1587 5147 1728 5201 κατὰ
1764 5147 1922 5216 φύσιν
1966 5151 1995 5202 6

429 5227 589 5291 αὐτὸς
633 5233 706 5303 τῷ
739 5232 856 5304 Υἱῷ
895 5235 989 5288 τοῦ
1037 5235 1192 5292 Θεοῦ.
1233 5239 1296 5292 Εἰ
1333 5238 1390 5290 δὲ
1438 5237 1593 5290 τοῦτο
1630 5239 1828 5292 ἄτοπον
1857 5239 1990 5310 ὁμοῦ

427 5319 523 5371 καὶ
551 5322 761 5388 ἀσεϐὲς,
801 5325 1018 5396 ἀνάγκη
1050 5327 1235 5397 φέρειν
1265 5327 1362 5399 τὴν
1401 5326 1690 5398 ὁμοιότητα
1723 5328 1863 5382 κατὰ
1893 5330 1989 5398 μό-

332 5449 344 5467 ι
424 5427 520 5474 νης
567 5413 663 5481 τῆς
704 5415 901 5479 οὐσίας
947 5415 1042 5469 καὶ⁸
1071 5418 1197 5480 τώς
1234 5421 1334 5487 τῆς
1374 5417 1588 5486 φύσεως
1615 5417 1986 5488 χαρακτῆρας.

417 5499 572 5557 οὕτω
610 5504 717 5578 γὰρ
751 5506 928 5570 ὅντως
971 5507 1331 5578 ἀληθέστεροί
1375 5507 1539 5562 εἰκὼν
1580 5508 1673 5561 τοῦ
1723 5508 1931 5578 [ἰατρὸς
1961 5509 1990 5561 6

497 5683 540 5714 ⁸³
568 5683 710 5741 Psal.
741 5699 933 5753 Laut,
965 5686 1016 5740 6.
1095 5687 1139 5718 ⁸³
1175 5686 1315 5742 Psal.
1350 5703 1542 5752 Lxxn',
1572 5689 1624 5740 6.
1704 5687 1747 5719 ⁸⁸
1775 5685 1910 5742 Ρδοί.
1947 5704 2126 5754 Lxxxt,
2155 5688 2206 5743 8.

2093 4519 2248 4588 juxta
2278 4537 2392 4588 vos,
2427 4524 2646 4579 nomine
2675 4523 2848 4580 solum
2882 4525 2984 4580 hoc
3016 4532 3120 4589 est,
3157 4523 3326 4579 Filius
3349 4533 3530 4580 autem
3577 4539 3667 4578 ne-

2096 4627 2201 4682 que
2223 4613 2383 4676 ﬁlius,
2421 4629 2594 4682 neque
2609 4615 2915 4675 omnimoda
2943 4615 3122 4670 Patris
3156 4615 3352 4684 imago,
3377 4617 3468 4669 sed
3498 4613 3668 4669 solum

2095 4702 2387 4758 voluntatis
2412 4703 2529 4772 ejus
2558 4685 2817 4762 imitator.
2843 4704 3121 4775 Siquidem
3151 4715 3208 4760 et
3256 4704 3452 4758 Paulus
3491 4703 3669 4756 imita-

2096 4799 2180 4846 tor
2228 4795 2494 4852 exsistens
2555 4796 2752 4853 Christi
2795 4798 2864 4866 ⁸⁷,
2924 4807 2979 4852 et
3055 4797 3248 4852 similis
3345 4795 3395 4848 ei
3457 4793 3510 4847 in
3603 4808 3666 4848 eo

2094 4885 2234 4955 quod
2284 4888 2442 4942 vellet
2474 4891 2651 4944 omnia
2704 4905 2823 4960 quae
2887 4891 3022 4958 ipse,
3073 4898 3128 4941 et
3165 4886 3368 4940 ratione
3388 4885 3664 4953 doctrinae,

2101 4973 2261 5028 habet
2289 4977 2503 5046 quidem
2537 4979 2826 5047 imaginem
2858 4979 3026 5049 ipsius
3067 4975 3378 5035 voluntatis,
3426 4989 3533 5027 non
3585 4985 3663 5030 est

2100 5073 2277 5118 autem
2309 5066 2624 5119 naturaliter
2654 5067 2942 5136 idetgcum
2972 5065 3107 5118 Filio
3126 5063 3239 5116 Dei.
3265 5062 3418 5129 Quod
3435 5079 3558 5119 cum
3591 5066 3662 5136 [ta

2100 5155 2496 5220 sit,ahsurdum
2533 5154 2762 5208 simulet
2817 5154 3040 5223 impium
3066 5162 3168 5217 est,
3198 5152 3249 5206 in
3287 5153 3390 5208 alia
3446 5169 3504 5207 re
3533 5169 3658 5208 con-

2096 5245 2317 5299 stituere
2344 5244 2745 5298 similitudinem
2788 5244 2909 5299 Filii
2934 5258 3056 5298 cum
3095 5243 3274 5308 Patre,
3301 5252 3661 5313 praeterquam

2098 5337 2148 5389 in
2193 5336 2304 5390 sola
2332 5335 2586 5399 essentia,
2646 5344 2701 5391 et
2748 5336 2799 5389 in
2855 5334 3262 5390 characteribus
3301 5342 3522 5387 naturm.
3586 5330 3659 5384 lta

2093 5424 2234 5477 enim
2255 5423 2498 5493 profecto
2514 5426 2693 5480 verius
2718 5426 2894 5494 imago
2917 5423 3093 5480 Patris
3123 5423 3292 5479 Filius
3324 5437 3442 5478 esse
3470 5431 3660 5476 osten-

2093 5515 2258 5581 ditur,
2291 5513 2424 5570 adeo
2450 5523 2507 5568 ut
2536 5515 2717 5572 dicere
2744 5515 2949 5588 possit:
2991 5533 3011 5568 ι
3049 5515 3159 5585 Ego
3185 5517 3236 5570 iu
3269 5514 3450 5580 Patre,
3476 5521 3530 5568 ct
3552 5508 3658 5562 Pa-

2289 5688 2331 5717 “
2371 5685 2522 5742 Joau.
2555 5702 2588 5750 ι,
2629 5688 2708 5743 Η.
2787 5693 2830 5723 ⁸⁷
2863 5694 2880 5748 l
2915 5689 3038 5746 Cor.
3073 5706 3146 5757 ιν,
3183 5692 3263 5745 16.
