4078 6260
508 384 601 441 l9!

1525 385 1579 438 S.
1623 383 1895 437 (IYRILLI
1931 383 2396 440 ALEXANDR’INI
2438 385 2761 441 ARCHIEP.

3634 393 3728 444 ίθὲ

505 513 591 557 ter
621 502 673 558 in
699 516 813 570 me;
843 523 862 557 ι
897 510 950 559 et
984 506 1196 559 ruishm
1235 521 1248 556 :
1286 521 1304 555 ι
1339 504 1436 572 Qui
1489 504 1623 558 vidit
1679 520 1785 568 me,
1837 504 1971 558 vidit
2015 513 2056 557 el

2174 503 2298 566 Υἱὸς
2315 505 2779 575 άναδειχθήσεται,
2802 503 2876 567 ὡς
2905 505 2998 558 καὶ
3011 504 3270 558 δύνασθαι
3295 503 3471 571 λέγειν
3490 519 3503 534 ο
3539 521 3556 552 ι
3595 505 3728 569 Ἐγὼ

501 593 737 649 Patrem.
774 613 792 646 ι

919 808 1147 878 ALIUD,
1186 812 1337 863 modo
1385 810 1715 878 explicativo.

575 917 648 972 Ita
689 929 771 974 est
801 937 961 975 unum
1001 922 1162 976 Pater
1177 933 1230 977 et
1261 923 1447 988 Filius,
1473 914 1645 992 eaque
1668 924 1880 979 ratione
1911 925 2067 980 simi-

503 1009 568 1066 lis
587 1011 685 1080 ipsi
703 1022 806 1074 est,
827 1013 1276 1080 quemadmodum
1295 1016 1345 1068 in
1376 1016 1527 1069 nobis
1545 1015 1710 1069 Filius
1734 1016 1944 1070 ratione
1975 1030 2064 1070 es-

500 1098 682 1151 sentite
694 1098 886 1151 similis
902 1114 1020 1153 esse
1033 1099 1180 1155 Patri
1204 1102 1598 1172 intelligitur,et
1617 1104 2064 1171 quemadmodum

497 1188 753 1255 splendor
765 1203 828 1242 ex
853 1191 964 1244 sole
979 1192 1531 1259 procedenstcirco,
1553 1209 1674 1248 cum
1698 1194 1768 1247 ita
1792 1207 1850 1248 se
1867 1194 2066 1249 habeat

498 1279 664 1334 Filius
704 1281 768 1334 ad
797 1281 1308 1354 Patrem,operante
1340 1285 1474 1340 Filio
1502 1295 1759 1354 operatur
1778 1295 1828 1341 et
1860 1286 2063 1342 Pater:

496 1386 668 1440 eoque
687 1389 896 1427 rursum
951 1376 1016 1428 ad
1040 1384 1258 1430 sanctos
1280 1379 1530 1430 veniente
1554 1376 1702 1430 venit
1735 1377 1900 1431 etiam
1959 1378 2065 1432 Pa-

496 1471 601 1530 ter,
637 1465 777 1517 sicut
847 1465 962 1533 ipse
1003 1467 1115 1521 ait:
1149 1486 1168 1518 ι
1234 1466 1550 1533 Veniemus,
1592 1482 1688 1538 ego
1713 1478 1766 1522 et
1797 1469 1976 1532 Pater,
2011 1478 2066 1524 et

497 1555 825 1611 mansionem
854 1559 992 1626 apud
1022 1560 1193 1628 ipsum
1235 1559 1490 1616 faciemus
1515 1561 1580 1615 ⁸⁸.
1630 1578 1650 1612 ι
1678 1559 1870 1616 Omnia
1899 1562 2063 1628 enim,

495 1653 556 1700 ut
578 1647 733 1702 modo
759 1648 958 1703 dictum
991 1659 1096 1714 est,
1129 1665 1158 1703 a
1203 1649 1364 1705 Patre
1392 1667 1488 1720 per
1547 1651 1738 1705 Filium
1772 1652 1944 1707 fiunt:
1985 1655 2067 1707 id-

495 1741 642 1794 circo
674 1742 716 1794 si
749 1743 943 1811 quibus
969 1759 1201 1812 unquam
1223 1744 1422 1798 sanctis
1443 1745 1612 1814 gratia
1643 1746 1762 1799 data
1787 1755 1889 1811 est,
1945 1761 2066 1803 eam

498 1831 655 1886 Pater
685 1849 778 1902 per
809 1833 1001 1890 Filium
1030 1835 1255 1905 largitus
1283 1834 1450 1890 fuisse
1486 1834 1641 1905 115
1679 1837 1936 1891 cernitur.
1957 1835 2061 1891 Ctt-

2168 596 2226 647 ἐν
2255 594 2332 664 τῷ
2362 596 2553 664 Πατρὶ,
2575 597 2668 648 καὶ
2699 598 2727 648 ό
2756 595 2942 666 Πατὴρ
2969 597 3024 648 ἐν
3059 596 3204 663 ἐμοὶ,
3239 614 3256 645 ι
3286 595 3378 648 καὶ
3403 594 3587 647 πάλιν·
3619 613 3636 645 ι
3674 597 3727 649 ’0

2169 682 2427 754 ἑωρακὼς
2457 684 2580 754 ἐμὲ,
2617 682 2825 754 ἐώρακε
2859 683 2950 736 τὸν
2983 682 3224 754 Πατέρα.
3274 702 3291 733 ι

2503 817 2703 881 ΛΛΛο,
2743 819 2948 886 τρόπῳ.
2975 813 3398 902 διηγηματικῷ.

2239 927 2423 994 Οὕτως
2465 928 2523 980 ’ἐν
2570 931 2708 983 εἰσιν
2750 931 2779 982 6
2828 930 3018 1001 Πατὴρ
3067 930 3161 983 καὶ
3200 932 3228 983 6
3273 929 3422 991 Υἱὸς,
3467 928 3561 981 καὶ
3598 928 3733 982 κατὰ

2166 1019 2315 1072 τόνδε
2368 1019 2458 1072 τὸν
2499 1019 2700 1090 τρόπον
2741 1020 2988 1090 ἐμφερής
3036 1020 3184 1072 ἐστιν
3232 1019 3398 1089 αὐτῷ,
3429 1019 3505 1081 ὡς
3543 1018 3617 1072 ἂν
3653 1018 3731 1087 ἐφ’

2167 1109 2323 1180 ἡμῶν
2363 1110 2579 1181 νοηθείη
2611 1111 2724 1173 υίὸς
2756 1110 2889 1182 πρὸς
2915 1111 3006 1164 τὸν
3039 1111 3230 1164 ἐαυτοῦ
3259 1111 3468 1182 πατέρα
3509 1111 3652 1164 κατά
3673 1126 3732 1178 γε

2165 1199 2257 1252 τὸν
2301 1199 2398 1268 τῆς
2443 1199 2630 1262 οὐσίας
2662 1198 2838 1267 λόγον,
2874 1199 2966 1252 καὶ
2994 1199 3069 1262 ὡς
3114 1199 3179 1253 ἂν
3214 1199 3310 1252 ἴδοι
3339 1216 3424 1261 τις
3469 1199 3609 1268 πρὸς
3648 1198 3733 1250 τὸν

2167 1287 2315 1357 ἥλιον
2345 1287 2404 1340 τὸ
2440 1288 2497 1354 ἐξ
2527 1288 2689 1341 αὑτοῦ
2713 1288 2900 1359 προϊὸν
2931 1289 3289 1358 ἀπαύγασμα.
3323 1290 3419 1342 Διὰ
3445 1289 3556 1360 γάρ
3588 1289 3735 1341 τοῦτο

2167 1380 2259 1432 καὶ
2283 1379 2371 1431 διὰ
2389 1379 2446 1430 τὸ
2475 1379 2648 1443 οὓτως
2671 1380 2814 1450 ἔχειν
2843 1380 2933 1433 τὸν
2960 1380 3086 1433 Υἱὸν
3117 1379 3252 1451 πρὸς
3281 1379 3371 1432 τὸν
3401 1378 3597 1432 ἐαυτοῦ
3631 1379 3735 1431 Πα-

2165 1468 2321 1541 τέρα,
2358 1467 2725 1542 ἐργαζομένου
2763 1468 2858 1522 τοῦ
2912 1469 3069 1532 Υἱοῦ,
3109 1471 3137 1522 6
3192 1469 3384 1540 Πατὴρ
3426 1465 3733 1539 ἐργάζεται,

2167 1561 2262 1612 καὶ
2294 1560 2432 1630 πρὸς
2458 1560 2582 1622 τοὺς
2614 1560 2801 1627 ἁγίους
2832 1560 3127 1632 ἐρχομένου
3165 1560 3328 1614 πάλιν
3357 1559 3544 1627 αὑτοῦ,
3575 1560 3604 1611 6
3630 1560 3738 1611 Πα-

2165 1653 2269 1722 τήρ
2301 1651 2447 1704 ἐστιν
2490 1652 2518 1703 6
2562 1651 2874 1722 ἐρχόμενος,
2909 1650 2985 1713 ὼς
3013 1649 3178 1714 αὐτὸς
3206 1650 3404 1719 ἔφησεν
3425 1667 3439 1680 ο
3482 1668 3502 1701 r
3566 1649 3738 1702 Ἐλευ-

2170 1740 2395 1810 σόμεθα,
2439 1739 2549 1809 ἐγὼ
2597 1741 2691 1794 καὶ
2732 1742 2760 1793 6
2806 1743 3020 1812 Πατὴρ,
3061 1741 3154 1794 καὶ
3195 1741 3361 1811 μονὴν
3417 1743 3550 1812 παρ’
3594 1738 3737 1808 αὐτῷ

2170 1833 2487 1902 ποιήσομεν.
2530 1849 2548 1882 ι
2587 1832 2769 1886 Πάντα
2806 1832 2943 1902 γὰρ,
2982 1831 3231 1902 καθάπερ
3260 1833 3358 1902 ἥδη
3390 1832 3736 1903 προείρηται,

488 1921 578 1990 jus
642 1925 718 1978 rei
766 1924 964 1981 Paulus
1017 1928 1166 1981 testis
1213 1934 1316 1990 est,
1377 1925 1442 1979 ad
1474 1927 1733 1994 quosdam
1765 1925 2055 1980 scribens:

2161 1924 2312 1994 παρὰ
2353 1927 2564 1995 Πατρὸς
2603 1925 2669 1976 δι’
2705 1924 2835 1978 Υίοῦ
2881 1924 3160 1992 γίγνεται’
3210 1924 3304 1977 καὶ
3347 1923 3477 1992 γοῦν
3525 1925 3579 1977 εῐ
3612 1923 3737 1976 ποτέ

498 2033 518 2061 ι
565 2015 748 2069 Gratia
786 2017 934 2071 vobis
959 2029 1010 2072 et
1044 2033 1145 2086 pax
1173 2032 1202 2070 a
1227 2018 1335 2072 Deo
1387 2018 1547 2071 Patre
1595 2027 1648 2072 et
1680 2016 1905 2072 Domino
1937 2017 2061 2072 Jesu

492 2102 706 2159 Christo
732 2104 798 2158 ⁸⁸.
844 2124 862 2156 ι
903 2107 970 2160 Ει
996 2108 1110 2176 ipse
1137 2122 1350 2161 rursum
1380 2106 1503 2160 alibi
1536 2125 1549 2161 :
1595 2124 1614 2157 ι
1645 2105 1762 2175 Ipse
1794 2107 1953 2162 Pater
2009 2117 2066 2164 et

492 2193 634 2250 Deus
655 2204 840 2251 noster
859 2207 914 2252 et
939 2196 1197 2253 Dominus
1223 2208 1406 2254 noster
1431 2198 1587 2253 Jesus
1604 2197 1850 2255 Christus
1869 2201 2066 2270 dirigat

490 2287 632 2340 viam
663 2297 901 2343 nostram
928 2291 992 2342 ad
1031 2304 1126 2345 vos
1175 2289 1243 2344 ’°.
1281 2309 1302 2341 ι
1340 2290 1410 2344 At
1459 2291 1502 2345 si
1540 2306 1644 2346 non
1692 2300 1834 2346 esset
1881 2293 2061 2349 unitas

490 2377 666 2434 Patris
693 2394 818 2433 cum
851 2379 1008 2444 Filio,
1049 2381 1276 2436 dixisset
1321 2381 1582 2450 profecto,
1646 2381 1892 2451 Dirigant
1917 2383 2056 2438 viam

488 2478 755 2533 nostram,
788 2479 846 2526 ut
879 2473 1010 2526 duos
1045 2472 1393 2538 significaret.
1470 2473 1625 2530 Nunc
1652 2491 1780 2532 vero
1837 2476 1890 2529 id
1953 2493 2057 2531 non

487 2563 662 2616 facit:
714 2561 973 2617 unitatem
1057 2574 1237 2618 autem
1308 2563 1485 2620 Patris
1512 2575 1566 2618 et
1621 2565 1740 2619 Filii
1770 2566 2054 2620 manifeste

489 2655 808 2716 observans,
865 2654 1216 2724 singulariter
1271 2655 1427 2720 dixit,
1483 2656 1703 2725 dirigat,
1753 2672 1856 2710 non
1899 2658 2057 2726 quasi

485 2746 715 2801 seorsim
765 2745 942 2813 Pater,
973 2755 1026 2802 et
1078 2748 1304 2802 seorsim
1361 2747 1532 2804 Filius
1576 2750 1878 2819 suppeditet
1933 2765 2059 2820 gra-

489 2836 640 2902 tiam,
688 2837 781 2892 sed
844 2845 1095 2908 tanquam
1163 2837 1327 2893 Pater
1398 2853 1494 2908 per
1573 2840 1766 2894 Filium
1833 2842 1885 2895 in
1935 2841 2059 2910 Spi-

486 2928 594 2982 ritu
636 2938 826 2984 sancto
851 2945 916 2984 ex
940 2945 1044 2983 una
1064 2930 1261 2984 deitate
1288 2932 1424 2986 dona
1448 2946 1543 2985 sua
1565 2933 1766 2987 sanctis
1787 2933 2053 2989 conicrat.

2166 2030 2308 2066 τισιν
2335 2014 2511 2082 ἁγίοις
2536 2015 2745 2068 δέδοται
2773 2015 2950 2085 χάρις,
2990 2013 3193 2084 ταύτην
3232 2017 3259 2067 ὁ
3287 2014 3475 2084 Πατὴρ
3511 2014 3578 2066 δι’
3607 2010 3736 2067 Υίοῦ

2164 2108 2478 2177 χορηγήσας
2505 2107 2774 2175 φαίνεται.
2811 2109 2918 2160 Καὶ
2949 2107 3158 2176 μάρτυς
3195 2106 3223 2157 6
3268 2105 3478 2168 Παῦλος
3505 2106 3737 2175 γράφων

2163 2201 2298 2272 πρός
2325 2216 2506 2264 τινας-
2539 2219 2558 2251 ι
2592 2199 2767 2269 Χάρις
2796 2199 2922 2269 ὑμῖν
2951 2198 3044 2252 καὶ
3082 2199 3270 2268 εἰρήνη
3303 2197 3410 2250 ἀπὸ
3441 2197 3578 2250 Θεοῦ
3620 2198 3738 2250 Πα-

2163 2293 2291 2361 τρὸς
2331 2293 2426 2345 καὶ
2463 2291 2668 2363 Κυρίου
2720 2290 2891 2362 Ἰησοῦ
2937 2290 3192 2360 Χριστοῦ.
3241 2309 3259 2341 ι
3301 2289 3470 2342 Πάλιν
3505 2291 3534 2342 6
3576 2289 3738 2352 αὐτὸς

2162 2384 2366 2454 ἐτέροις
2399 2382 2760 2437 ἐπιστέλλων·
2805 2401 2824 2433 ‹
2866 2382 3036 2445 Αὐτὸς
3073 2382 3126 2434 δὲ
3173 2383 3198 2433 6
3235 2379 3424 2452 Πατὴρ
3471 2382 3569 2434 καὶ
3607 2380 3737 2444 Θεὸς

2157 2478 2334 2549 ἡμῶν,
2368 2479 2460 2530 καὶ
2486 2480 2513 2531 ὁ
2543 2477 2746 2547 Κύριος
2771 2475 2926 2546 ἡμῶν
2970 2474 3178 2545 Ἰησοῦς
3207 2474 3438 2545 Χριστὸς
3471 2472 3736 2528 κατευθύ-

2160 2589 2246 2624 ναι
2277 2571 2375 2638 τὴν
2408 2571 2524 2622 ὁδὸν
2551 2570 2706 2640 ἡμῶν
2743 2569 2878 2639 πρὸς
2906 2570 3066 2638 ὑμᾶς.
3118 2586 3138 2616 ι
3195 2567 3332 2619 ’Λλλ’
3365 2569 3412 2619 εί
3451 2567 3526 2638 μή
3560 2584 3638 2630 τις
3668 2561 3733 2636 ἦν

2161 2663 2347 2732 ἐνότης
2379 2662 2554 2732 Πατρὶ
2584 2660 2718 2729 πρὸς
2745 2659 2892 2726 Υἱὸν,
2921 2654 3071 2711 εἶπεν
3102 2658 3188 2723 ἂν,
3215 2657 3609 2711 Κατευθύνοιεν
3638 2655 3732 2724 τὴν

2161 2754 2278 2806 ὁδὸν
2304 2752 2476 2824 ἡμῶν,
2500 2752 2586 2804 ἴνα
2605 2751 2728 2814 τοὺς
2749 2751 2842 2804 δύο
2865 2769 2930 2821 ση
2941 2752 3102 2821 μάνη.
3129 2751 3262 2805 Νυνὶ
3292 2750 3347 2803 δὲ
3369 2749 3533 2803 τοῦτο
3561 2749 3653 2819 μὲν
3674 2747 3732 2800 οὐ

2163 2848 2340 2898 ποιεῖ·
2372 2845 2469 2914 τὴν
2503 2843 2558 2896 δὲ
2587 2843 2814 2912 ἑνότητα
2841 2843 2934 2896 τοῦ
2968 2842 3179 2913 Πατρὸς
3225 2843 3315 2895 καὶ
3345 2841 3438 2895 τοῦ
3477 2841 3609 2894 Υίοῦ
3641 2857 3733 2908 τη-

2166 2937 2338 3008 ρήσας
2369 2935 2580 3005 σαφῶς,
2613 2936 2672 2988 τὸ
2701 2935 3057 2991 κατευθύναι
3095 2934 3337 2987 τέθεικεν
3378 2933 3609 2996 ἑνικῶς·
3641 2931 3734 3000 οὒκ

481 3017 560 3081 ὡς
609 3019 715 3091 ίδίᾳ
765 3020 862 3091 μὲν
906 3021 999 3073 τοῦ
1040 3022 1275 3090 Πατρὸς,
1315 3023 1423 3095 ίδίᾳ
1467 3023 1523 3075 δέ
1570 3024 1931 3095 χορηγοῦντος
1959 3027 2052 3079 τοῦ
2094 3027 2246 3092 Υίοῦ,
2318 3028 2432 3081 ἀλλ’
2463 3027 2538 3092 ὡς
2602 3026 2811 3097 Πατρὸς
2844 3026 2910 3078 δι’
2944 3025 3071 3078 Υίοῦ
3102 3025 3158 3077 ἐν
3186 3026 3326 3094 ἁγίῳ
3365 3024 3645 3094 Πνεῦματι
3675 3024 3736 3074 ἐκ

483 3110 581 3184 τῆς
621 3114 751 3186 μιᾶς
781 3113 1031 3184 Θεότητος
1061 3115 1428 3184 πεμπομένων
1458 3117 1566 3169 τῶν
1595 3119 1948 3188 χαρισμάτων
1979 3121 2057 3184 εἰς
2095 3123 2219 3186 τοῦς
2258 3121 2465 3190 ἁγίους.

1143 3228 1373 3283 ALIUD.

2848 3234 3049 3287 AAAO.

561 3343 615 3396 Si
657 3352 938 3411 separatus
987 3347 1130 3394 esset
1185 3339 1482 3394 secundum
1555 3351 1802 3397 naturam
1858 3345 1926 3398 ab
1981 3358 2056 3398 es-

2233 3345 2295 3398 Εί
2317 3345 2616 3416 κεχώριστο
2644 3345 2785 3398 κατά
2817 3344 2978 3413 φύσιν
3005 3343 3100 3411 τῆς
3134 3340 3226 3395 τοῦ
3251 3341 3462 3412 Πατρὸς
3493 3343 3685 3407 οὐσίας
3707 3345 3735 3397 6

487 3435 661 3489 seutia
689 3431 867 3486 Patris
914 3429 1102 3497 Filius,
1127 3439 1180 3483 et
1212 3431 1314 3485 nisi
1373 3431 1514 3486 inter
1557 3447 1650 3488 eos
1683 3435 2058 3502 inseparabilis

487 3526 730 3594 quaedam
762 3523 941 3578 unitas
972 3521 1346 3585 intercederet.
1375 3523 1549 3592 qualis
1572 3535 1654 3579 est
1693 3528 1837 3580 inter
1873 3525 2056 3595 splen-

488 3619 670 3672 dorem
694 3625 746 3670 et
763 3613 951 3681 solem,
987 3612 1250 3669 sulliceret
1281 3612 1452 3668 solum
1481 3613 1694 3669 Patrem
1723 3616 1926 3670 sanctis
1964 3617 2058 3670 do-

489 3725 555 3763 na
580 3707 845 3770 conferre,
885 3721 986 3760 non
1011 3705 1246 3761 admisso
1275 3707 1435 3760 simul
1453 3707 1518 3762 ad
1549 3707 1648 3760 hoc
1670 3707 1828 3761 Filio.
1854 3708 1986 3762 Nam
2011 3709 2056 3763 si

486 3811 681 3854 creata:
706 3805 908 3850 natura:
931 3804 1034 3861 est,
1055 3805 1108 3850 et
1135 3795 1406 3850 diversum
1425 3797 1550 3866 quid
1593 3811 1622 3850 a
1654 3796 1782 3863 Deo,
1801 3813 1960 3866 quam
1987 3800 2055 3854 ob

485 3905 702 3946 causam
737 3904 856 3943 cum
891 3888 1032 3942 nulla
1060 3902 1122 3940 ex
1159 3888 1407 3942 omnibus
1432 3889 1695 3944 creaturis
1750 3887 1857 3944 Deo
1903 3905 2052 3944 com-

487 3983 725 4037 municet
749 3981 812 4034 ad
845 3981 1144 4033 divinorum
1172 3978 1435 4034 donorum
1490 3979 1850 4049 largitionem,
1909 3982 2056 4036 solus

485 4073 599 4140 ipse
623 4071 973 4126 admittatur?
998 4069 1166 4126 Nemo
1189 4071 1331 4124 enim
1387 4069 1523 4125 ferat
1589 4072 1820 4142 aliquem
1870 4072 2056 4127 dicen-

486 4174 592 4216 tem
620 4178 634 4214 :
667 4163 767 4216 Det
803 4163 893 4216 tibi
927 4163 1210 4230 petitiones
1239 4163 1420 4215 cordis
1451 4162 1524 4215 tui
1599 4162 1738 4216 Deus
1795 4162 1953 4216 Pater
1999 4170 2054 4217 et

484 4253 731 4320 angelus;
777 4253 871 4305 sed
902 4267 1074 4320 neque
1103 4252 1148 4304 si
1187 4254 1313 4320 quid
1339 4254 1512 4321 majus
1569 4253 1759 4322 angelo
1784 4255 2046 4309 nominet.

438 4352 439 4355 ‘
487 4343 598 4397 Soli
627 4335 770 4396 enim
820 4341 930 4394 Deo
963 4342 1215 4395 convenit
1242 4343 1366 4407 hoc,
1399 4344 1548 4396 dare.
1583 4342 1638 4395 Si
1664 4359 1793 4399 vero
1826 4346 1916 4398 dat
1946 4362 2048 4400 non

484 4449 606 4487 cum
643 4431 744 4484 ulla
767 4447 830 4486 ex
865 4431 1151 4496 creaturis,
1185 4432 1281 4485 sed
1339 4446 1461 4484 cum
1501 4433 1616 4487 solo
1672 4432 1810 4487 Filio
1855 4443 1908 4488 et
1957 4450 2052 4502 per

484 4524 676 4579 Filium
725 4524 774 4578 in
826 4522 1027 4591 Spiritu
1064 4532 1273 4589 sancto,
1333 4522 1678 4578 manifestum
1739 4525 1870 4578 satis
1925 4526 2048 4580 hinc

434 4639 438 4642 ·
485 4615 652 4671 fuerit
684 4616 832 4669 illum
870 4615 1188 4670 naturaliter
1225 4631 1288 4670 ex
1327 4615 1560 4670 essentia
1594 4613 1775 4670 Patris
1804 4617 2044 4685 genitum

428 4741 436 4746 -
481 4722 622 4772 esse,
644 4706 969 4775 Patremque
1021 4707 1072 4759 in
1103 4721 1162 4761 se
1214 4707 1453 4764 habere:
1483 4708 1763 4776 ipsumque
1805 4708 2043 4762 vicissim

2161 3435 2308 3501 Υἱὸς,
2342 3437 2436 3490 καὶ
2474 3438 2522 3490 εί
2571 3437 2752 3506 μήτις
2780 3435 2966 3504 ἑνότης
3003 3431 3321 3494 ἀδιάστατος
3347 3427 3416 3501 ἦν
3455 3434 3518 3486 ἐν
3555 3435 3734 3496 αὐτοῖς

2156 3527 2347 3579 ὁποίαν
2393 3527 2503 3596 ἔχει
2534 3526 2595 3578 τὸ
2640 3524 2984 3593 ἀπαύγασμα
3013 3523 3148 3592 πρὸς
3179 3523 3272 3576 τὸν
3300 3523 3471 3593 ἥλιον,
3514 3525 3733 3594 ἐξήρκει

2156 3617 2250 3669 καὶ
2280 3617 2436 3686 μόνον
2471 3615 2561 3668 τὸν
2599 3615 2819 3686 Πατέρα
2845 3617 2956 3678 τοῖς
2998 3615 3172 3681 ἁγίοις
3201 3614 3490 3668 ἐπιδιδόναι
3545 3617 3608 3667 τά
3635 3632 3732 3685 χα-

2159 3706 2421 3777 ρίσματα,
2458 3706 2531 3776 μὴ
2570 3705 3241 3776 συμπαραλαμϐανομένου
3278 3705 3412 3775 πρὸς
3455 3706 3616 3759 τοῦτο
3641 3704 3733 3757 καὶ

2115 3835 2118 3838 η
2142 3796 2250 3848 ’τοῦ
2283 3796 2434 3851 Υὲοῦ.
2463 3798 2525 3849 Ei
2553 3795 2660 3864 γὰρ
2690 3796 2916 3865 κτιστῆς
2943 3799 3090 3849 ἐστιν
3117 3796 3324 3862 οὐσίας,
3350 3798 3442 3848 καὶ
3469 3795 3655 3865 ἕτερόν
3677 3811 3729 3846 τι

2158 3887 2306 3955 παρά
2332 3885 2423 3938 τὸν
2453 3885 2606 3947 Θεὸν,
2633 3888 2783 3938 ποῖον
2816 3885 2928 3954 ἔχει
2955 3884 3110 3953 λόγον
3147 3886 3360 3948 οὐδενὸς
3401 3886 3510 3938 τῶν
3558 3885 3730 3940 ἄλλων

2156 3976 2472 4046 κτισμάτων
2505 3974 2982 4038 ἐπικοινωνοῦντος
3008 3975 3126 4044 Θεῷ
3155 3975 3289 4045 πρὸς
3327 3975 3422 4045 τὴν
3450 3975 3596 4028 δόσιν
3623 3974 3731 4026 τῶν

2156 4064 2316 4118 Οείων
2357 4064 2734 4135 χαρισμάτων,
2771 4064 2927 4134 μόνον
2969 4064 3130 4116 αὑτὸν
3165 4063 3724 4133 παραλ.αμ6άνεσοαι;

2156 4156 2228 4208 Οὐ
2276 4155 2381 4226 γὰρ
2429 4155 2679 4221 ἀνέξεταί
2731 4173 2813 4218 τις
2852 4154 3097 4222 λέγοντός
3142 4171 3320 4216 τινος·
3369 4154 3492 4223 Δοίη
3548 4153 3727 4205 σοιτά

2153 4248 2432 4319 αίτήματά
2467 4265 2559 4300 σου
2591 4247 2722 4310 Θεὸς
2762 4247 2921 4316 τυχὸν
2955 4247 2981 4298 6
3015 4245 3202 4316 Πατὴρ
3253 4246 3346 4298 καὶ
3386 4249 3413 4298 6
3459 4245 3690 4312 ἄγγελος
3712 4259 3723 4270 ·

2153 4340 2268 4392 ἀλλ’
2297 4339 2416 4392 οὐδὲ
2446 4339 2497 4391 εί
2516 4356 2566 4391 τι
2593 4338 2777 4408 μεῖζον
2805 4337 3121 4406 ὀνομάσειεν
3153 4336 3402 4405 ἀγγέλου.
3433 4337 3594 4405 Μόνῳ
3617 4333 3728 4403 γάρ

2153 4430 2211 4482 τὸ
2242 4430 2438 4482 διδόναι
2471 4430 2666 4498 πρέπει
2700 4430 2836 4500 Θεῷ.
2886 4431 2948 4482 Εἰ
2975 4430 3029 4481 δὲ
3059 4428 3289 4492 δίδωσιν,
3321 4429 3380 4480 οὐ
3414 4427 3552 4496 μετά
3581 4443 3728 4488 τινος

2152 4521 2337 4590 ἐτέρου
2365 4520 2471 4572 τῶν
2502 4521 2838 4589 κτισμάτων,
2872 4521 3005 4574 ἀλλᾶ
3049 4520 3192 4591 μόνῳ
3224 4519 3318 4572 σὺν
3364 4517 3475 4588 Υίῷ
3519 4517 3614 4571 καὶ
3659 4517 3728 4570 δι’

2154 4613 2282 4665 Υίοῦ
2312 4615 2370 4665 ἐν
2401 4613 2538 4682 ἁγίῳ
2568 4612 2868 4682 Πνεύματι,
2911 4612 3066 4683 δῆλον
3097 4609 3344 4665 ἐντεῦθεν
3393 4609 3458 4662 ἂν
3496 4609 3582 4676 εἴη
3632 4607 3725 4660 καὶ

2157 4701 2315 4754 παντί
2354 4720 2427 4772 τῳ
2453 4701 2749 4772 γνώριμον,
2780 4703 2971 4773 ὅτιπερ
3012 4702 3111 4770 τῆς
3158 4701 3344 4763 οὐσίας
3386 4699 3480 4752 τοῦ
3512 4697 3727 4766 Πατρὸς

479 4798 827 4854 exsistentem
859 4796 914 4850 in
938 4795 1095 4849 Patre
1116 4796 1296 4849 omnia
1320 4795 1531 4851 eﬂicere
1557 4806 1716 4864 atque
1747 4797 2047 4866 operari,et

2160 4794 2281 4848 ίδιὸν
2323 4795 2438 4846 ἐστι
2480 4793 2746 4865 γέννημα,
2780 4795 2873 4847 καὶ
2903 4795 2991 4848 τὸν
3020 4795 3239 4863 Πατέρα
3269 4792 3405 4862 ἔχων
3438 4793 3494 4843 ἐν
3523 4787 3721 4857 ἐαυτῷ,

480 4893 616 4948 dona
648 4891 852 4946 sanctis
881 4887 1150 4945 conferre.
1175 4888 1326 4955 Quod
1353 4896 1407 4943 et
1450 4888 1650 4943 Paulus
1685 4898 1910 4943 testatur
1969 4890 2048 4944 di-

482 4998 608 5038 cens
640 4999 654 5035 :
695 5001 712 5034 σ
737 4982 952 5038 Gratias
976 4997 1073 5051 ago
1100 4981 1205 5036 Deo
1233 4995 1350 5038 meo
1390 4997 1601 5051 semper
1632 4981 1696 5036 de
1724 4983 1874 5038 vobis
1905 4997 2032 5052 pro-

479 5080 598 5141 pter
621 5069 844 5138 gratiam
876 5070 969 5127 Dei
1019 5085 1138 5142 quae
1182 5070 1304 5125 data
1371 5070 1524 5128 vobis
1580 5073 1633 5127 in
1684 5071 1903 5128 Christo
1956 5070 2060 5131 Je-t

1161 5361 1391 5417 ALIUD.

854 5470 938 5524 Ex
975 5471 1259 5537 objectioue
1291 5474 1673 5532 haereticorum.

553 5583 792 5651 Dixistis,
817 5585 986 5650 aiunt,
1018 5585 1214 5639 nullam
1253 5597 1619 5641 creaturarum
1653 5588 1758 5643 Deo
1789 5603 2032 5642 commu-

549 5755 591 5781 “
627 5761 781 5813 Joan.
817 5777 922 5824 MV,
957 5763 1046 5817 ‘25,

1127 5763 1167 5788 "’
1203 5762 1354 5817 Rom.
1389 5784 1426 5829 ι,
1457 5767 1502 5818 7.
1582 5766 1625 5796 ’³⁸
1661 5765 1674 5817 Ι
1711 5765 1867 5818 Thes.
1915 5782 1993 5826 ιιι,
2041 5766 2122 5817 ll.

2152 4883 2314 4947 αὑτός
2342 4901 2402 4936 τε
2425 4883 2625 4954 ὁμοίως
2651 4883 2911 4954 ὑπάρχων
2938 4885 2994 4936 ἐν
3018 4882 3095 4954 τῷ
3120 4883 3330 4953 Πατρὶ,
3363 4880 3536 4934 πάντα
3573 4880 3726 4947 ἐνερ-

2151 4981 2238 5048 γεῖ
2264 4979 2357 5032 καὶ
2396 4977 2688 5050 ἐργάζεται
2730 4976 2824 5029 καὶ
2867 4978 3091 5047 χορηγεῖ
3118 4977 3228 5037 τοῖς
3267 4973 3437 5040 ἁγίοις
3481 4969 3580 5032 τὰς
3616 4969 3722 5021 δω-

2154 5071 2299 5141 ρεάς.
2348 5070 2458 5123 Καὶ
2510 5070 2716 5140 μάρτυς
2761 5069 2789 5120 ὁ
2833 5067 3040 5130 Παῦλος
3077 5065 3285 5134 λέγων·
3331 5083 3351 5116 ι
3398 5057 3724 5132 Εὐχαριστῶ

2149 5159 2226 5229 τῷ
2255 5157 2371 5228 Θεῷ
2422 5175 2523 5228 μου
2569 5158 2798 5211 πάντοτε
2844 5158 2972 5226 περὶ
3003 5155 3156 5226 ὑμῶν
3198 5155 3291 5207 ἐπὶ
3317 5156 3382 5224 τῇ
3414 5154 3595 5224 χάριτι
3625 5147 3722 5202 τοῦ

2151 5246 2284 5300 Θεοῦ
2317 5249 2382 5316 τῇ
2409 5246 2622 5318 δοθείσῃ
2651 5247 2777 5316 ὑμῖν
2812 5245 2870 5297 ἐν
2898 5242 3118 5313 Χριστῷ
3162 5241 3361 5311 Ἰησοῦ.
3411 5260 3430 5292 ι

2822 5353 3026 5406 ΛΛΛΟ.

2384 5471 2477 5536 Ὠς
2505 5469 2572 5533 ἐξ
2603 5467 2956 5532 ἀντιθέσεως
2993 5463 3112 5519 τῶν
3151 5460 3479 5532 αἰρετικῶν.

2218 5583 2509 5652 Είρήκατε,
2535 5582 2688 5649 φασὶ,
2723 5581 2886 5652 μηδὲν
2915 5581 3023 5635 τῶν
3068 5576 3378 5649 κτισμάτων
3421 5585 3716 5642 συμπαρα-
3754 5635 3761 5642 ,

2202 5763 2242 5794 ’⁸
2284 5761 2452 5816 lCor.
2495 5778 2532 5828 ι,
2563 5764 2612 5816 4.
