4078 6260
416 308 513 373 ,π
1829 294 2100 352 THESAU
2115 297 2268 351 nus.

409 422 784 492 λαμϐάνεσθαι
807 420 896 492 ’τῷ
933 419 1056 491 Θεῷ
1093 421 1150 472 ὲν
1181 420 1300 482 ταῖς
1333 417 1442 470 τῶν
1489 415 1846 487 χαρισμάτων
1888 416 1990 468 5m-

2115 414 2317 479 nicare,
2348 414 2402 468 in
2437 413 2702 468 donorum
2726 413 3222 485 largitionibus.At
3269 419 3397 487 quid
3439 423 3690 476 statuetis

869 475 986 582 ,ἄρα
1011 473 1264 581 ποιήσετε
1281 473 1395 561 ⁷τὸν
1425 473 1766 578 παΙτρΙιάρχην
1808 506 1990 560 ’Ῑακὼε

2107 506 2174 560 de
2199 503 2508 576 patriarcha
2537 503 2724 569 Jacob,
2747 521 2869 559 cum
2907 507 2962 562 in
3001 509 3176 562 sacris
3212 509 3514 578 Scripturis
3546 513 3690 566 inve-

403 605 768 676 εὑρίσκοντες
800 607 860 658 ὲν
887 606 1004 668 ταῖς
1046 602 1216 665 θείαις
1249 601 1498 671 Γραφαῖς
1543 599 1668 662 τούς
1701 599 1761 663 ἐξ
1801 599 1990 669 Ἰωσὴφ

2105 597 2268 651 nietis
2288 613 2410 652 eum
2432 597 2662 666 posteris
2684 597 2880 667 Joseph
2909 601 3397 668 benedicentem,et
3429 603 3688 673 Ephraim

404 696 747 765 εὐλογοῦντα
789 695 880 749 τόν
922 712 980 747 τε
1037 692 1276 763 Ἐφραῗμ
1320 689 1567 761 δηλονότι
1614 690 1710 742 καὶ
1749 689 1840 743 τὸν
1882 690 1990 742 Μαη

2103 698 2158 742 et
2191 688 2443 752 Manassi,
2475 699 2528 744 et
2551 691 2817 745 dicentem
2854 707 2868 744 :
2898 710 2917 744 ι
2956 692 3095 747 Deus
3153 693 3243 763 qui
3307 709 3394 748 me
3447 697 3620 749 nutrit
3657 713 3686 746 ει

406 788 614 856 νασσῆ,
656 789 749 841 καὶ
782 787 1045 854 λέγοντα.⁸
1096 803 1114 836 t
1172 784 1229 837 '0
1280 783 1412 845 Θεὸς
1464 782 1492 832 6
1542 781 1764 852 τρέφων
1817 797 1885 851 με
1937 783 1990 834 ὲκ

2098 779 2384 849 juventute
2423 793 2542 834 mea
2565 796 2738 851 usque
2767 782 2835 837 ad
2868 785 3010 838 hunc
3028 785 3191 847 diem,
3215 793 3268 838 et
3310 785 3538 854 angelus
3595 788 3686 854 qui

409 879 672 950 νεότητός
711 897 810 949 μου
847 878 954 942 ἕως
989 878 1088 946 τῆς
1129 875 1340 946 ἡμέρας
1385 873 1612 943 ταύτης,
1656 874 1750 926 καὶ
1777 875 1806 925 6
1837 873 1990 941 ἄγγε-

2103 867 2298 922 liberat
2331 883 2416 922 me
2445 884 2512 924 ex
2532 874 2787 928 omnibus
2819 875 2973 931 malis
2992 876 3146 941 meis,
3188 874 3475 930 benedicat
3505 877 3690 944 pueris

411 968 508 1032 λος
536 972 566 1024 ὁ
607 969 864 1042 ῥυόμενος
905 985 974 1039 με
1025 969 1090 1020 ἐκ
1123 968 1337 1020 πάντων
1367 965 1472 1018 τῶν
1511 964 1702 1017 κακῶν
1749 981 1872 1034 μου,
1913 965 1990 1016 εὐ-

2104 959 2223 1014 istis
2253 960 2320 1015 ".
2358 980 2378 1013 ι
2412 960 2575 1026 Ecce,
2621 965 2895 1034 inquiunt,
2962 983 3082 1022 cum
3133 969 3464 1022 nominasset
3529 967 3690 1038 116

414 1061 645 1130 λογήσαι
682 1063 748 1114 τὰ
785 1060 976 1114 παιδία
1007 1058 1217 1123 ταῦτας
1251 1077 1270 1109 ι
1323 1058 1476 1121 Ἰδοὺ,
1513 1058 1698 1128 φησὶν,
1729 1057 1990 1126 ὀνομάσας

2107 1049 2292 1116 Deum,
2315 1052 2513 1121 adjecit
2542 1055 2705 1109 etiam
2737 1058 3009 1127 angelum,
3049 1067 3232 1129 utpote
3294 1058 3385 1128 qui
3423 1074 3526 1112 una
3563 1073 3685 1112 cum

3588 303 3690 359 196
3780 340 3794 368 τ

415 1153 573 1219 Θεὸν,
607 1154 960 1226 προστέθεικε
991 1153 1087 1206 καὶ
1119 1152 1209 1205 τὸν
1242 1150 1490 1219 ἄγγελον,
1521 1150 1598 1212 ὼς
1628 1149 1871 1217 εὐλογεῖν
1905 1149 2003 1202 σὺν

421 1245 568 1314 αὐτῷ
600 1247 918 1305 δυνάμενον.

889 1363 1045 1433 Πρὸς
1092 1363 1277 1418 ταῦτα
1309 1363 1509 1429 λύσις.

477 1481 540 1532 El.
569 1477 910 1548 προφητικὸν
951 1478 1280 1549 ἐνυπάρχειν
1311 1480 1530 1550 πνεῦμα
1562 1478 1641 1550 τῷ
1665 1479 1733 1533 τὰ
1771 1479 1999 1533 τοιαῦτα

409 1567 620 1639 λέγοντι.
651 1568 1062 1640 ὲνομολογοῦσιν
1089 1572 1137 1622 οι
1168 1573 1556 1643 χριστομάχοι,
1587 1572 1682 1625 καὶ
1709 1573 1997 1626 πιστεύου-

419 1678 502 1714 σιν
536 1661 708 1722 δντως
736 1660 890 1726 ἆγιον
932 1660 1095 1730 ἄνδρα
1130 1661 1464 1732 γεγενῆσθαι
1494 1663 1586 1716 τὸν
1629 1664 1996 1728 Ἰακὼόμὸτου

2101 1140 2222 1210 ipso
2260 1143 2583 1201 benedicere
2623 1159 2825 1216 posset.

2608 1357 2816 1413 Salutio
2846 1358 3181 1428 objectiom's.

2175 1473 2232 1528 Si
2265 1473 2447 1527 hostes
2469 1470 2672 1528 Christi
2699 1472 2937 1528 fatentur
2974 1473 3292 1543 prophetico
3317 1475 3514 1542 spiritu
3539 1475 3688 1529 allia-

2105 1575 2218 1620 tum
2246 1564 2415 1620 fuisse
2433 1563 2624 1630 Jacob,
2656 1582 2775 1620 cum
2809 1566 3070 1635 ejusmodi
3103 1566 3330 1632 diceret,
3364 1581 3540 1637 neque
3590 1568 3688 1622 dif-

2105 1656 2328 1711 fitentur
2360 1657 2507 1710 illum
2538 1672 2727 1712 revera
2762 1668 3013 1712 sanctum
3052 1659 3228 1712 virum
3260 1658 3452 1725 fuisse,
3485 1674 3683 1729 quam-

425 1748 492 1816 δὴ
531 1748 695 1817 χάριν
733 1746 994 1818 τοσαύτην
1035 1749 1587 1822 αὐτῷ-περιτιθέντες
1625 1753 1853 1825 πλάνην,
1893 1755 1990 1806 οὐκ

2101 1747 2285 1802 obrem
2304 1762 2399 1803 eos
2439 1757 2646 1802 tantum
2675 1764 2918 1803 errorem
2942 1751 2990 1804 ei
3020 1750 3294 1805 ascribere
3326 1765 3435 1804 non
3488 1751 3679 1819 pudet,

433 1836 770 1906 αἰσχύνονται
802 1840 875 1901 ὡς
901 1839 1125 1908 ἄγγελον
1161 1844 1457 1897 συνάπτειν
1487 1844 1564 1912 τῷ
1594 1845 1811 1899 πάντων
1854 1843 1996 1914 Θεῷ,

437 1927 525 1978 καὶ
544 1927 797 1982 δύνασθαι
829 1932 1173 2002 συνευλογεῖν
1198 1933 1279 2004 τῷ
1306 1936 1625 2006 πεποιηκότι
1653 1938 1717 1988 τὸ
1739 1936 1806 1988 δι’
1828 1935 1998 1989 αὐτοῦ

426 2019 701 2088 γενόμενον
731 2022 1012 2093 νομίζεινς
1064 2025 1130 2078 Et
1177 2025 1234 2078 δὲ
1271 2026 1430 2080 τοῦτο
1464 2027 1681 2092 ἄτοπον,
1716 2028 1998 2082 ἀκουέτω-

415 2124 509 2160 σαν
543 2111 636 2164 καὶ
669 2114 804 2183 παρ’
847 2115 1030 2185 ἡμῶν.
1078 2118 1144 2168 Εἰ
1197 2116 1296 2185 μὲν
1327 2117 1477 2185 ἅγιον
1509 2118 1676 2182 δντως
1711 2119 1999 2172 πιστεύετε

406 2201 741 2271 γεγενῆσθαι
797 2205 894 2258 τὸν
957 2205 1196 2271 ’[ακὼὸ,
1265 2207 1540 2260 παύσασθε
1594 2210 1999 2280 δυσφημοῦντες

407 2290 572 2342 αὐτόν
596 2310 609 2323 ·
647 2289 869 2360 ζητεῖτε
896 2293 954 2345 δὲ
993 2294 1196 2362 μᾶλλον
1223 2295 1333 2346 τῶν
1359 2296 1653 2365 εἰρημένων
1683 2298 1806 2368 παρ’
1835 2296 1995 2352 αὐτοῦ

413 2379 516 2449 τὴν
541 2381 727 2451 ἀληθῆ
758 2383 1021 2437 διάνοιαν.
1055 2386 1118 2438 Et
1142 2385 1201 2438 δὲ
1229 2386 1330 2438 οὐκ
1357 2383 1424 2456 ἦν
1447 2385 1616 2455 ἅγιος,
1637 2389 1768 2459 πρὸς
1801 2390 1854 2443 δὲ
1889 2394 1998 2454 τοῖς

412 2470 603 2534 ἄλλοις
651 2472 830 2530 ἅπασι
885 2476 978 2528 καὶ
1033 2476 1195 2530 τοῦτο
1243 2478 1426 2546 λέγειν
1462 2479 1708 2549 τολμᾶτε,
1767 2483 1820 2535 τί
1869 2485 1999 2556 πρὸς

413 2562 760 2636 ἀνατροπὴν,
779 2565 857 2630 ὡς
875 2567 1078 2635 οἴεσθε,
1095 2569 1206 2626 τῶν
1227 2569 1501 2624 τοσούτων
1530 2572 1622 2626 καὶ
1644 2574 1994 2644 τηλικούτων,

410 2655 605 2726 ἀνδρὸς
642 2657 744 2727 οὐχ
788 2659 946 2727 ἁγίου
982 2661 1177 2730 φέρετε
1224 2663 1437 2733 φωνήν;
1483 2665 1850 2735 Παρελθόντες
1887 2686 1997 2722 τοι-

407 2745 612 2817 γαροῦν
664 2749 769 2812 τὰς
824 2750 981 2820 ὑμῶν
1017 2752 1280 2822 ἀμαθίας,
1317 2755 1724 2827 ὲρμηνεύσομεν
1765 2760 1888 2813 καθ’
1938 2761 1998 2814 ὃν

406 2837 488 2891 δεῖ
530 2838 734 2910 τρόπον
783 2841 882 2894 τοῦ
932 2844 1275 2917 πατριάρχου
1327 2847 1452 2910 τοὺς
1499 2848 1712 2918 λόγους.
1766 2852 1855 2915 Ὠς
1887 2853 1998 2924 γὰρ

409 2929 546 3000 ἀνὴρ
579 2929 732 3010 ἅγιος
759 2932 854 2986 καὶ
888 2933 1166 3005 Πνεύματι
1190 2936 1317 3006 θείῳ
1355 2937 1488 3009 πρὸς
1519 2940 1618 3010 τὴν
1651 2941 1857 3010 γνῶσιν
1887 2942 1998 2996 τῶν

411 3021 510 3092 τῆς
542 3002 818 3086 εὐσεϐείας
867 3024 1154 3096 δογμάτων
1199 3029 1738 3103 παιδαγωγούμενος,
1780 3034 1996 3108 πρῶτον

2105 1847 2338 1908 quantus
2382 1839 2754 1910 est,angelum
2791 1840 2902 1895 Deo
2937 1841 3102 1897 totius
3155 1842 3392 1897 universi
3454 1843 3682 1910 conjun-

2105 1947 2230 2002 gere
2257 1940 2311 1986 et
2333 1942 2524 2002 putare
2555 1943 2863 1988 creaturam
2901 1935 3062 1989 simul
3085 1950 3206 1988 cum
3235 1949 3299 1989 eo
3319 1951 3348 1989 a
3376 1950 3482 2004 quo
3501 1945 3684 1991 creata

2102 2031 2184 2077 est
2213 2023 2534 2080 benedicere
2561 2025 2762 2095 posse?
2800 2023 2856 2080 Si
2892 2041 3020 2081 vero
3068 2026 3172 2082 hoc
3230 2027 3527 2082 absurdum
3579 2038 3683 2095 est,

2104 2114 2326 2168 audiant
2371 2130 2400 2169 a
2446 2115 2624 2172 nobis.
2663 2115 2722 2170 Si
2755 2126 2998 2172 sanctum
3027 2118 3251 2173 omnino
3284 2117 3450 2174 tuisse
3507 2120 3683 2174 virum

2101 2203 2269 2260 Jaeob
2295 2221 2608 2276 persuasum
2633 2209 2867 2274 habetis,
2901 2208 3133 2264 desinite
3181 2207 3448 2278 ejusmodi
3493 2219 3684 2265 contu-

2102 2294 2263 2350 melia
2292 2309 2416 2349 eum
2438 2311 2668 2352 onerare
2701 2316 2714 2352 :
2752 2306 2806 2350 at
2839 2298 3019 2366 potius
3063 2312 3250 2352 eorum
3281 2315 3404 2369 quae
3425 2300 3562 2354 dixit
3587 2314 3684 2354 ve-

2101 2400 2219 2440 ram
2259 2387 2584 2441 sententiam
2615 2386 2956 2457 investigate.
2985 2386 3044 2442 Si
3069 2397 3249 2443 autem
3299 2401 3520 2446 sanctus
3577 2407 3682 2447 non

2102 2476 2226 2542 fuit,
2271 2488 2326 2534 et
2350 2487 2546 2546 praeter
2569 2479 2673 2533 alia
2708 2480 2812 2534 hoc
2836 2480 3000 2534 etiam
3046 2480 3228 2537 dicere
3286 2483 3521 2548 audetis,
3584 2499 3686 2542 cur

2102 2571 2169 2623 ad
2201 2569 2598 2625 subvertendas
2630 2585 2717 2626 res
2741 2571 2876 2626 tanti
2903 2573 3167 2627 momenti
3221 2577 3553 2632 auctoritate
3578 2577 3680 2632 viri

2102 2675 2207 2714 non
2229 2661 2398 2715 sancti
2431 2662 2684 2716 utimini?
2731 2662 3000 2719 Caeterum
3057 2681 3157 2722 nos
3215 2669 3436 2724 omissis
3484 2671 3683 2726 vestris

2102 2751 2488 2817 deliramentis,
2523 2754 2845 2822 patriarcha:
2874 2757 3036 2812 verba
3066 2762 3338 2828 quomodo
3372 2761 3681 2834 intelligen-

2101 2842 2166 2896 da
2189 2843 2319 2908 sint,
2347 2845 2764 2915 explicabimus.
2796 2847 2933 2902 Nam
2970 2859 3030 2905 ut
3062 2853 3145 2905 vir
3166 2863 3388 2909 sanctus
3414 2865 3468 2908 et
3497 2871 3526 2909 a
3559 2853 3683 2924 Spi-

2102 2935 2207 2990 ritu
2232 2937 2416 2992 divino
2450 2938 2516 2993 ad
2547 2938 2791 2994 notitiam
2829 2941 3141 3010 dogmatum
3182 2943 3406 3012 pietatis
3458 2945 3677 3011 ductus,

2099 3030 2332 3098 primum
2358 3030 2578 3098 quidem
2601 3031 2738 3085 dixit
2779 3049 2791 3084 :
2833 3032 2979 3088 Deus
3010 3035 3100 3104 qui
3134 3035 3312 3090 nutrit
3334 3051 3419 3092 mc
3441 3037 3677 3106 ajuven-

417 3113 518 3182 μὲν
578 3114 807 3186 ἔφησεν·
865 3118 922 3172 '0
967 3120 1099 3184 Θεὸς
1147 3122 1176 3174 6
1217 3122 1437 3192 τρέφων
1510 3143 1577 3196 με
1625 3129 1691 3180 ὲκ
1748 3128 1990 3199 νεότητός

2103 3127 2214 3173 tute
2272 3121 2723 3186 mea,benedicat
2756 3123 2938 3192 pueris
2969 3124 3141 3179 hisce.
3192 3125 3397 3182 Deinde
3444 3129 3560 3182 ait:
3619 3129 3685 3183 Et

417 3222 542 3274 μου,
579 3206 862 3279 εὐλογῆσαι
893 3211 961 3265 τὰ
1000 3211 1191 3265 παιδία
1221 3213 1413 3269 ταῦτα.
1446 3213 1580 3270 Εἶτά
1619 3235 1754 3290 φησι
1782 3237 1794 3248 ·
1828 3221 1937 3275 Καὶ
1965 3223 1992 3276 6

410 3296 640 3366 ἄγγελος
675 3303 702 3354 6
732 3303 995 3373 ῥυόμενος
1027 3322 1096 3375 με
1133 3307 1197 3358 ὲκ
1227 3307 1448 3362 πάντων
1486 3310 1594 3363 τῶν
1636 3313 1821 3366 κακῶν
1852 3333 1953 3385 μου
1973 3332 1988 3346 θ

368 3443 375 3451 ,
409 3390 494 3443 ἵνα
519 3391 606 3446 διὰ
632 3393 729 3464 μὲν
742 3395 838 3448 τοῦ
858 3396 1064 3465 λέγειν,
1093 3399 1154 3452 '0
1171 3398 1325 3465 Θεὸς,
1345 3402 1585 3473 σημαίνῃ
1615 3404 1706 3457 τὸν
1733 3407 1944 3480 Πατέρα
1970 3424 1984 3439 ο

408 3482 494 3535 διὰ
523 3483 584 3538 δὲ
608 3485 702 3538 τοῦ
743 3486 952 3555 λέγειν,
1013 3488 1072 3541 '0
1097 3489 1348 3558 ἄγγελος,
1382 3492 1474 3546 τὸν
1511 3493 1572 3558 ἐξ
1598 3497 1764 3550 αὐτοῦ
1786 3499 1982 3568 Λόγον.

411 3574 561 3645 ᾜδει
599 3576 708 3649 γὰρ
761 3578 843 3631 ὅτι
888 3578 1136 3633 καλεῖται.
1189 3581 1248 3634 τὸ
1295 3582 1467 3654 ὄνομα
1520 3586 1708 3654 αὐτοῦ,
1746 3592 1990 3663 μεγάλης

409 3666 604 3738 βουλῆς
638 3670 926 3741 Ἄγγελος.
964 3673 1087 3743 ’Ότι
1123 3673 1180 3725 δὲ
1207 3673 1297 3727 τὸν
1336 3675 1464 3729 Υἰὸν
1494 3678 1682 3732 ἐνθάδε
1714 3683 1870 3752 φησὶ,
1897 3685 1991 3737 καὶ

406 3761 466 3813 οὐ
495 3761 740 3818 τοιοῦτον
769 3763 1027 3833 ἄγγελον,
1055 3765 1235 3819 ὁποῖον
1268 3768 1302 3838 ἡ
1333 3769 1591 3840 συνήθεια
1616 3771 1798 3825 δίδωσι
1824 3779 1988 3844 νοεῖν,

401 3852 656 3931 ,ἐντεῦθεν
677 3853 830 3908 ἔσται
852 3857 1188 3926 καταφανές.
1209 3858 1461 3930 Εἱρηκὼς
1483 3861 1612 3932 γὰρ,
1646 3864 1705 3916 '0
1731 3865 1986 3935 ἄγγελος,

404 3944 500 4015 οὐχ
540 3945 722 4016 ἵστησι
763 3947 929 4020 μέχρι
977 3948 1170 4002 τούτου
1209 3949 1300 4004 τὸν
1347 3949 1524 4020 λόγον,
1575 3953 1714 4007 ἀλλὰ
1753 3958 1989 4027 προστέ-

404 4041 619 4096 θεικεν·
661 4060 681 4096 ι
739 4043 801 4098 ὐ
851 4047 1116 4117 ρυόμενός
1162 4067 1231 4120 με
1277 4053 1342 4106 ὲκ
1385 4053 1606 4108 πάντων
1647 4055 1756 4108 τῶν
1802 4059 1990 4113 κακῶν

405 4149 527 4203 μου.
559 4153 579 4188 s
612 4136 843 4208 Ἴδωμεν
871 4139 1051 4194 τοίνυν
1085 4144 1149 4196 ὲκ
1181 4143 1289 4197 τῶν
1321 4145 1487 4199 αὐτοῦ
1524 4147 1806 4216 ῥημάτων,
1837 4151 1885 4203 εἰ
1913 4153 1988 4224 μὴ

403 4227 430 4277 ὁ
461 4225 596 4289 Θεὸς
622 4223 693 4298 ἦν
719 4231 749 4282 δ
783 4231 1042 4302 ῥυόμενος
1075 4236 1260 4305 αὐτὸν,
1295 4238 1435 4292 ἀλλά
1479 4257 1563 4302 τις
1605 4239 1714 4293 τῶν
1744 4223 1987 4313 γενητῶν

400 4319 673 4388 ἀγγέλων.

2098 3209 2320 3278 angelus
2349 3211 2442 3280 qui
2477 3209 2672 3266 liberat
2704 3228 2791 3268 me
2825 3213 2894 3268 ab
2913 3215 3165 3271 omnibus
3216 3218 3374 3272 malis
3404 3218 3538 3275 meis
3561 3260 3577 3289 ,
3626 3231 3685 3275 ut

2096 3317 2220 3357 cum
2247 3305 2492 3358 nominat
2514 3305 2703 3370 Deum,
2737 3307 2998 3378 intelligat
3040 3308 3262 3365 Patrem
3296 3328 3310 3364 :
3345 3327 3468 3368 cum
3511 3327 3681 3386 ange-

2096 3394 2246 3463 lum,
2302 3399 2536 3454 Verbum
2559 3415 2624 3456 ex
2673 3401 2836 3460 Patre
2879 3405 3168 3475 signiticet.
3259 3408 3476 3465 Sciebat
3535 3412 3679 3466 enim

2097 3489 2277 3543 vocari
2311 3505 2505 3546 nomen
2531 3492 2667 3561 ejus,
2689 3496 2867 3564 magni
2909 3498 3123 3552 consilii
3155 3499 3388 3570 Angelus
3409 3499 3472 3554 ”.
3527 3501 3681 3568 Quod

2094 3593 2224 3634 vero
2246 3578 2412 3636 Jacob
2444 3581 2515 3637 ibi
2531 3582 2728 3638 Filium
2756 3585 3065 3656 signiﬁcare
3083 3588 3333 3657 voluerit,
3367 3606 3471 3646 non
3498 3601 3678 3646 autem

2098 3669 2256 3724 talem
2283 3672 2555 3742 angelum,
2582 3677 2798 3742 qualem
2829 3681 3168 3733 consuetudo
3197 3689 3281 3734 est
3332 3697 3527 3737 vocare
3584 3699 3681 3736 an-

2096 3763 2453 3832 gelum,inde
2483 3767 2830 3824 manifestum
2874 3779 2978 3825 est.
3027 3771 3160 3825 Cum
3217 3773 3384 3838 enim,
3433 3776 3676 3845 angelus,

2094 3853 2250 3919 dixit,
2284 3871 2393 3912 non
2427 3856 2573 3912 sistit
2601 3858 2654 3911 in
2681 3873 2745 3913 eo
2770 3873 3102 3924 sermonem,
3134 3861 3227 3912 sed
3290 3860 3438 3914 addit
3466 3877 3479 3912 :
3519 3878 3539 3910 ι
3575 3862 3676 3928 Qui

2093 3947 2292 4004 liberat
2323 3965 2413 4006 me
2434 3965 2504 4006 ex
2557 3952 2818 4008 omnibus
2881 3951 3039 4004 malis
3089 3951 3244 4004 meis.
3315 3968 3334 4000 ι
3389 3949 3679 4009 Videamus

2092 4039 2276 4110 itaque
2302 4055 2368 4094 ex
2399 4040 2571 4108 ipsius
2599 4040 2804 4104 verbis,
2838 4054 2906 4093 an
2960 4053 3068 4091 non
3121 4039 3190 4092 sit
3227 4037 3370 4092 Deus
3414 4040 3506 4108 qui
3554 4057 3674 4097 eum

2091 4132 2375 4187 liberate:
2407 4130 2662 4186 omnibus
2685 4129 2842 4185 malis
2887 4130 3025 4196 suis,
3055 4132 3150 4186 sed
3182 4129 3383 4202 aliquis
3409 4147 3478 4187 ex
3509 4147 3676 4204 ange-

2093 4226 2158 4281 lis
2185 4225 2412 4280 creatis.

420 4433 748 4528 ’Δὲέξειςις
784 4438 1050 4528 ξξεξῇςζ
1075 4441 1358 4528 651.9st
1391 4439 1476 4528 177:
1511 4448 1544 4499 ὀ
1581 4448 1892 4528 {Singarae
1919 4450 1987 4503 ἐκ

2097 4452 2499 4508 Demonstratur
2560 4452 2744 4528 Deum
2780 4452 2946 4521 fuisse
3004 4452 3096 4528 qui
3143 4451 3381 4528 liberavit
3439 4454 3673 4523 patriar-

477 4503 715 4558 πάντων
740 4503 860 4562 τῶνε
893 4503 1097 4565 κακῶν
1126 4513 1235 4566 τὸν
1261 4503 1639 4586 πάτριάρχῆν
1681 4503 1910 4574 Ἰακώᾶ

473 4618 701 4687 Λέγεται
750 4623 1014 4678 παλαῖσαι
1065 4627 1200 4698 πρὸς
1253 4629 1343 4682 τὸν
1383 4631 1728 4704 πατριάρχην
1787 4633 1982 4688 Ἰακὼϐ

400 4711 642 4779 ἄγγελος,
696 4717 791 4768 καὶ
837 4718 997 4771 τοῦτο
1049 4722 1226 4773 κεῖται
1280 4723 1428 4792 παρὰ
1477 4727 1540 4795 τῇ
1588 4725 1707 4797 θείᾳ
1764 4727 1976 4798 Γραφῇ.

411 4801 564 4856 Ἀλλὰ
602 4807 817 4878 συσχὼν
864 4811 1028 4864 αὐτὸν
1070 4814 1098 4864 6
1134 4813 1286 4879 ἅγιος
1321 4812 1589 4882 ἔφασκενο
1633 4836 1649 4868 ι
1696 4819 1772 4870 Οὐ
1815 4823 1888 4888 μή
1922 4836 1980 4870 σε

397 4894 526 4958 ἀνῶ,
568 4896 664 4950 ἐὰν
702 4899 778 4968 μή
829 4918 895 4971 με
928 4901 1252 4975 εὐλογήσῃς.
1290 4925 1308 4957 ι
1349 4901 1455 4960 Ἦν
1500 4908 1555 4960 δὲ
1583 4901 1738 4971 οὗτος
1773 4910 1802 4960 6
1825 4911 1977 4972 Θεός.

393 4984 564 5039 Ὰύτοῦ
616 5004 676 5040 τε
721 4990 817 5043 τοῦ
859 4993 1199 5066 πατριάρχου
1241 4996 1465 5067 φέρεται
1507 5001 1692 5069 φωνήο
1756 5018 1773 5050 ι
1829 4997 1979 5054 Εἶδον

397 5074 526 5129 Θεὸν
557 5078 853 5148 πρόσωπον
904 5083 1041 5152 πρὸς
1080 5085 1392 5154 πρόσωπον.
1451 5107 1469 5137 ι
1521 5086 1723 5140 Τοῦτον
1774 5088 1863 5140 τὸν
1904 5090 1980 5152 ὡς

399 5166 619 5234 ἄγγελον
664 5171 814 5243 αὐτῷ
890 5173 1121 5242 ὀφθέντα
1191 5176 1495 5248 παρεκάλει
1552 5179 1664 5241 τοῖς
1731 5178 1975 5247 ἐκγόνοις

400 5256 560 5310 ἐπιπέ
570 5260 703 5328 papa;
735 5261 833 5333 τὴν
870 5263 1142 5332 εὐλογίαν.

817 5388 1020 5452 ΑΛΛΟ,
1063 5389 1130 5441 ἐκ
1173 5388 1291 5442 τῶν
1335 5389 1555 5442 αὐτῶν.

466 5498 639 5570 Ὠφθη
684 5501 766 5570 τῷ
808 5503 1124 5574 πατριάρχη
1170 5502 1374 5571 Κύριος
1410 5505 1436 5555 ὀ
1471 5502 1625 5565 Θεὸς,
1670 5503 1742 5565 ὼς
1777 5504 1977 5575 γέγρα-

393 5601 537 5652 πται,
573 5593 664 5643 καὶ
699 5588 855 5644 εἶπεν
891 5593 1072 5661 αὐτῷ·
1117 5613 1133 5643 ‹
1195 5593 1324 5645 Ἰδοὺ
1360 5594 1470 5660 ἐγὼ
1513 5594 1648 5662 μετὰ
1701 5595 1812 5659 σοῦ,
1857 5596 1975 5648 δια-

459 5767 503 5797 ’³
537 5766 673 5823 Gen.
706 5785 895 5838 xum,
936 5772 1019 5824 tu.
1103 5771 1145 5802 9³
1189 5769 1292 5826 isa.
1329 5787 1400 5838 ix,
1440 5770 1470 5821 ti
1508 5783 1614 5822 περ.
1660 5768 1820 5820 LXX.

1901 5773 1940 5802 9"
1979 5774 2109 5827 Gen.
2150 5791 2319 5842 xxxii,
2360 5770 2556 5825 ‘Zl-‘lb'.

2407 4527 2558 4579 (ham
2587 4523 2755 4578 Iacob
2785 4540 2849 4577 ea:
2873 4524 3111 4577 omnibus
3134 4523 3306 4577 malis.

2157 4638 2397 4707 Angelus
2436 4639 2670 4691 luctatus
2699 4651 2818 4691 esse
2847 4636 3046 4690 dicitur
3078 4650 3198 4689 cum
3227 4636 3540 4706 patriarcha
3577 4634 3669 4688 Ja-

2087 4731 2208 4793 coh,
2234 4731 2395 4798 idque
2427 4729 2605 4782 divina
2627 4729 2909 4798 Scriptura
2941 4737 3192 4781 testatur.
3223 4730 3292 4782 At
3318 4738 3543 4783 sanctus
3592 4743 3666 4780 re-

2089 4820 2264 4872 tinens
2289 4836 2435 4884 eum,
2463 4821 2633 4876 dixit:
2665 4840 2682 4872 ι
2721 4819 2838 4876 Νοιι
2869 4819 3135 4872 dimittam
3175 4829 3240 4883 te,
3273 4820 3373 4871 nisi
3405 4817 3537 4870 mihi
3577 4818 3671 4872 he-

2088 4908 2396 4963 nedicas".
2432 4930 2450 4961 ι
2511 4912 2639 4964 Erat
2673 4921 2851 4963 autem
2893 4913 2938 4964 is
2959 4912 3116 4963 Deus.
3153 4908 3306 4972 Quod
3365 4917 3419 4960 et
3498 4907 3666 4975 ipsius

2088 4999 2411 5065 patriarchae
2435 5004 2597 5055 verba
2621 5003 2912 5055 ostendunt
2937 4999 3167 5052 dicentis
3197 5015 3208 5050 :
3239 4997 3360 5052 Vidi
3396 4997 3560 5052 Deum
3588 5001 3667 5053 ia-

2089 5090 2170 5144 cie
2205 5090 2269 5144 ad
2295 5088 2491 5144 faciem
2525 5092 2591 5142 ’3.
2629 5110 2646 5141 ι
2681 5093 2836 5145 Hunc
2881 5092 3064 5157 itaque
3093 5089 3183 5156 qui
3223 5097 3280 5145 ut
3313 5089 3535 5160 angelus
3562 5091 3663 5162 ipsi

2088 5185 2236 5238 \‘iSllS
2258 5193 2366 5249 est,
2395 5193 2548 5253 rogat
2579 5191 2638 5237 ut
2661 5181 3162 5254 puerisbenedit‘at.

2623 5387 2853 5453 ΛΜΗ),
2875 5405 2937 5441 ex
2964 5389 3168 5442 iisdem.

2159 5503 2419 5557 Visusest
2451 5504 2780 5574 patriarcha:
2815 5505 3076 5560 Dominus
3112 5505 3271 5569 Deus,
3300 5513 3356 5559 ut
3399 5503 3661 5572 scriptum

2084 5605 2187 5658 est,
2224 5607 2279 5650 ct
2307 5595 2448 5649 dixit
2480 5596 2567 5648 ei:
2605 5615 2622 5645 ι
2664 5596 2799 5648 licet:
2828 5614 2926 5667 ego
2965 5600 3119 5668 117
3160 5610 3334 5657 tecum
3391 5613 3534 5662 sum,
3569 5609 3662 5648 cu-

2637 5771 2677 5799 "5
2718 5769 2848 5826 lliitl.
2879 5778 2966 5832 50.
