4078 6260
405 264 510 318 195

1391 254 1450 314 S.
1491 256 1767 313 CYRILLI
1803 254 2269 311 ALEXANDRINI
2306 253 2627 311 ARCHIEP.

3558 256 3673 313 ιοο

402 374 646 432 stodiens
681 383 730 430 te
767 372 819 429 in
847 372 931 430 via
962 388 1285 444 quocunque
1322 373 1449 427 ieris
1479 373 1547 424 ".
1590 391 1609 424 ι
1641 372 1783 427 Deus
1815 371 1976 442 igitur

2093 370 2366 440 ρυλάσσων
2401 388 2459 423 σε
2511 371 2570 424 ἐν
2602 372 2668 442 τῇ
2693 369 2797 441 ὁδῷ
2828 366 2891 425 οὗ
2924 368 3019 425 ἐὰν
3064 368 3353 440 πορευθῇς.
3392 387 3411 420 ι
3442 369 3676 423 Οὐκοῦν

402 475 523 522 erat
553 466 645 536 qui
675 465 944 531 liberavit,
970 482 1075 522 non
1111 466 1358 536 angelus.
1398 462 1469 517 Et
1493 476 1683 519 rursus
1720 481 1733 518 :
1760 464 1978 532 quando

403 557 585 612 Laban
610 567 930 625 persecutus
952 567 1035 611 est
1056 555 1223 611 Jacob
1252 564 1308 608 et
1349 553 1780 620 comprehendit,
1853 564 1981 610 tunc

404 663 618 717 quoque
644 646 786 703 Deus
810 647 1087 716 prohibuit
1123 645 1461 708 violentiam,
1494 658 1601 698 non
1659 644 1982 713 permittens

405 739 605 809 alloqui
629 737 818 795 Jacob.
845 738 997 805 Quod
1038 748 1218 792 autem
1250 737 1394 792 Deus
1452 737 1565 790 base
1615 736 1690 790 illi
1728 737 1983 805 praestite-

404 830 500 898 rit,
536 830 765 898 ipsemet
797 812 1035 882 testatur
1052 826 1313 879 uxoribus
1361 825 1475 879 suis
1517 825 1749 880 dicens:
1804 844 1823 877 ι
1863 824 1980 879 Non

406 921 555 976 dedit
586 920 723 975 Deus
745 929 1071 989 potestatem
1092 917 1277 972 Laban
1308 916 1682 972 malefaciendi
1714 920 1843 974 mihi
1874 920 1975 973 ’τέ’

404 1009 618 1066 Rursus
648 1025 770 1065 cum
794 1008 962 1082 frater
993 1006 1137 1062 Esau
1168 1008 1266 1078 ipsi
1303 1007 1673 1073 insidiaretur,
1701 1025 1805 1067 non
1832 1012 1985 1065 invo-

405 1103 551 1156 cavit
580 1099 850 1169 angelum,
883 1098 978 1153 sed
1000 1098 1191 1163 Deum,
1216 1099 1429 1154 dicens:
1459 1117 1477 1149 ι
1515 1097 1676 1167 Eripe
1740 1115 1847 1167 me,
1878 1101 1983 1157 Do-

404 1194 571 1254 mine,
606 1192 673 1243 de
714 1204 878 1243 manu
913 1187 1098 1243 fratris
1136 1189 1241 1242 mei
1270 1185 1436 1253 Esau,
1490 1190 1616 1257 quia
1654 1189 1817 1245 timeo
1896 1191 1981 1260 ip-

404 1296 521 1336 sum
551 1280 618 1333 ³⁸.

406 1496 639 1562 ALIUD,
683 1512 776 1566 per
830 1496 1352 1579 demonstrationem,
1398 1499 1538 1579 quod
1601 1496 1829 1552 Verbum
1860 1493 1981 1565 Dei,

921 1576 1115 1636 spectes
1144 1576 1309 1635 ipsius
1335 1576 1433 1624 est.

2078 463 2210 527 Θεὸς
2233 458 2299 534 ἦν
2327 465 2356 516 6
2390 463 2669 535 ῥυόμενος,
2698 465 2791 517 καὶ
2814 465 2915 517 οὐκ
2934 461 3184 530 ἄγγελος.
3214 462 3325 514 Καὶ
3353 460 3548 526 πάλιν,
3573 460 3674 512 ὅτε

2076 555 2264 610 Λάῆαν
2309 554 2602 619 κατεδίωξε
2649 554 2741 607 τὸν
2799 553 2992 608 Ἰακὼὸ
3033 555 3129 607 καὶ
3168 550 3466 612 κατέλαϐε,
3537 549 3675 624 τότε

2078 648 2242 709 πάλιν
2273 646 2405 711 Θεὸς
2443 644 2724 700 κεκώλυκε
2751 646 2848 716 τὴν
2879 647 3165 716 ἐπήρειαν,
3195 645 3257 697 οὐ
3292 642 3677 713 συγχωρήσας

2078 736 2308 807 λαλῆσαι
2331 739 2547 808 ῥήματα
2578 736 2714 808 πρὸς
2737 736 2827 789 τὸν
2863 735 3077 790 Ἰακώϐ.
3113 736 3232 788 Ὅτι
3257 734 3313 787 δὲ
3340 734 3474 797 Θεὸς
3510 729 3681 802 αὐτῷ

2080 828 2175 881 καὶ
2206 826 2366 881 τοῦτο
2392 828 2670 898 ἐξήνυσεν,
2706 826 2869 889 αὐτὸς
2896 827 3048 880 ἔσται
3083 826 3292 897 μάρτυς
3324 824 3501 892 λέγων
3526 822 3677 894 πρὸς

2079 920 2178 981 τὰς
2213 917 2407 971 ἑαυτοῦ
2447 921 2712 985 γυναῖκας
2733 934 2747 948 ο
2788 937 2807 970 ι
2846 919 2961 971 Οὐκ
2999 917 3195 971 ἔδωκεν
3224 918 3253 970 6
3279 916 3411 978 Θεὸς
3441 914 3523 985 τῷ
3557 914 3679 968 Ad-

2081 1010 2183 1065 δαν
2227 1009 2597 1078 κακοποιῆσαί
2644 1025 2731 1079 με.
2773 1025 2792 1059 ι
2825 1007 2933 1062 Καὶ
2974 1007 3132 1061 πάλιν
3179 1004 3681 1074 ἐπιϐουλευόμενος

2082 1102 2233 1173 παρὰ
2275 1102 2369 1155 τοῦ
2411 1100 2641 1170 ἀδελφοῦ
2684 1100 2878 1164 Ἠσαῦ,
2910 1100 3010 1153 οὐκ
3049 1098 3280 1167 ἄγγελον
3316 1097 3679 1162 ἐπεκαλεῖτο,

2082 1197 2220 1252 ἀλλὰ
2250 1196 2381 1250 Θεὸν
2426 1194 2723 1265 παρεκάλει
2756 1192 2924 1262 βοῶν’
2980 1213 2997 1244 ι
3060 1190 3274 1257 Ἐξελοῦ
3320 1208 3409 1260 με,
3462 1188 3678 1259 Κύριε,

2083 1291 2145 1341 ὲκ
2201 1286 2382 1356 χειρὸς
2429 1283 2524 1337 τοῦ
2572 1279 2800 1351 ἀδελφοῦ
2853 1298 2954 1351 μου
3002 1280 3194 1347 Ἡσαῦ,
3249 1279 3332 1331 ὅτι
3385 1274 3679 1346 φοϐοῦμαι

2085 1378 2268 1432 αὐτόν.
2316 1394 2336 1427 ›

2086 1511 2291 1575 ΔΛΛΟ,
2328 1506 2772 1578 ἀποδεικτικῶς,
2811 1508 2899 1559 ὅτι
2924 1509 2996 1578 id;
3019 1507 3208 1574 Λόγος
3250 1504 3356 1559 τοῦ
3396 1503 3575 1572 Θεοῦ,
3610 1500 3689 1578 to

2568 1572 2730 1644 εἶδος
2759 1577 2947 1631 αὑτοῦ
2975 1572 3165 1629 ἐστιν.

476 1704 738 1758 Servator
767 1702 962 1758 alicubi
1001 1702 1064 1756 ad
1088 1700 1302 1756 ludazos
1321 1702 1605 1756 admodum
1630 1702 1982 1759 refractarios

2154 1713 2319 1781 Λέγει
2370 1726 2473 1763 που
2526 1711 2661 1782 πρὸς
2720 1709 3010 1772 Ἰουδαίους
3057 1708 3180 1762 λίαν
3231 1706 3600 1770 ἀπειθοῦντας
3651 1702 3684 1760 ό

404 1793 567 1850 dicit:
602 1811 619 1843 ‹
662 1790 760 1857 Qui
787 1806 873 1845 me
910 1790 1054 1844 misit
1077 1788 1263 1855 Pater,
1305 1790 1397 1844 ille
1429 1790 1799 1845 testimonium
1856 1807 1976 1861 per-

405 1880 581 1937 hibuit
652 1880 719 1934 de
778 1893 887 1944 me,
954 1878 1107 1947 cujus
1154 1894 1340 1933 vocem
1426 1894 1524 1935 nec
1575 1895 1668 1935 vos
1753 1896 1985 1952 unquam

406 1970 658 2036 audistis,
683 1985 857 2040 neque
874 1971 1109 2040 speciem
1132 1971 1249 2041 ejus
1272 1971 1505 2037 vidistis,
1527 1982 1581 2025 et
1612 1973 1837 2027 verbum
1872 1973 1989 2042 ejus

404 2080 511 2119 non
546 2064 754 2119 habetis
797 2077 1018 2118 manens
1054 2064 1106 2117 iu
1136 2065 1325 2118 vobis:
1373 2063 1499 2135 quia
1530 2080 1690 2134 quem
1746 2064 1834 2120 ille
1888 2065 1991 2120 mi-

404 2160 496 2223 sit,
522 2198 525 2202 ι
556 2157 683 2212 huic
739 2171 838 2212 vos
870 2173 975 2211 non
1034 2158 1280 2213 creditis.
1320 2177 1342 2212 ι
1384 2158 1519 2226 Quia
1552 2159 1715 2229 igitur
1747 2175 1851 2215 non
1874 2173 1988 2214 cre-

404 2246 855 2303 dideruntVerbo
879 2262 944 2302 ex
980 2247 1139 2302 Patre
1174 2248 1361 2311 misso,
1404 2249 1660 2302 dicuntur
1686 2263 1863 2317 neque
1893 2263 1989 2303 vo-

401 2354 520 2394 cem
548 2338 646 2393 Dei
675 2339 916 2403 audisse,
974 2353 1150 2408 neque
1195 2340 1427 2409 speciem
1465 2338 1583 2409 ejus
1621 2354 1852 2409 unquam
1911 2340 1991 2393 vi-

404 2431 666 2497 disse,sed
692 2446 865 2500 neque
900 2430 1100 2486 habere
1136 2432 1449 2487 inhabitans
1480 2432 1532 2486 in
1572 2433 1711 2502 ipsis
1742 2434 1987 2487 verbum.

402 2520 569 2590 Atqui
646 2519 994 2574 manifestum
1048 2521 1152 2576 hoc
1200 2520 1565 2589 omnibusque
1640 2520 1988 2589 perspicuum

405 2627 528 2668 esse
554 2622 751 2682 potest,
794 2612 839 2664 si
865 2611 1205 2679 recepissent
1265 2626 1386 2665 eum
1447 2610 1541 2680 qui
1602 2610 1797 2665 missus
1850 2619 1991 2676 erat,

405 2718 593 2758 vocem
618 2718 837 2772 quoque
874 2701 967 2755 Dei
999 2702 1301 2767 audissent,
1332 2710 1387 2757 et
1418 2702 1652 2771 speciem
1682 2701 1798 2769 ejus
1826 2703 1993 2757 vidis-

419 2800 565 2857 seut,
588 2801 641 2845 et
664 2790 979 2845 habuissent
1001 2790 1306 2846 inhabitans
1334 2791 1388 2845 in
1414 2791 1542 2860 ipsis
1580 2790 1842 2845 Verbum.
1867 2790 1990 2848 llaec

408 2882 572 2953 igitur
613 2884 793 2937 omnia
826 2894 911 2938 est
931 2882 1101 2937 Filius
1133 2900 1147 2935 :
1212 2884 1469 2938 nimirum
1500 2898 1627 2949 vox,
1676 2886 1906 2953 species,
1939 2893 1992 2939 et

413 2974 649 3031 Verbum
691 2974 891 3030 Patris.
929 2975 984 3030 Si
1017 2984 1197 3031 autem
1220 2977 1428 3046 species
1453 2983 1558 3045 est,
1592 2985 1740 3030 certe
1768 2989 1822 3030 et
1859 2976 1993 3029 ima-

2089 1805 2242 1875 Σωτή
2252 1822 2283 1875 ρ
2301 1821 2315 1835 ο
2344 1823 2363 1855 ι
2402 1803 2462 1856 Ὀ
2480 1802 2700 1873 πέμψας
2723 1818 2787 1872 με
2809 1801 3017 1871 Πατὴρ,
3042 1802 3248 1863 ἐκεῖνος
3276 1798 3686 1870 μεμαρτύρηκε

2090 1896 2220 1968 περὶ
2243 1894 2401 1967 ἐμοῦ,
2432 1894 2556 1947 οὔτε
2588 1896 2771 1963 φωνὴν
2800 1892 2961 1946 αὑτοῦ
2985 1892 3253 1962 ἀκηκόατε
3284 1888 3688 1954 πώποτε,οὖτι

2090 1984 2229 2052 εἶδος
2255 1986 2422 2042 αὐτοῦ
2455 1984 2762 2055 ἑωράκατε,
2786 1984 2880 2037 ml.
2901 1983 2994 2037 τὸν
3014 1984 3170 2050 λόγον
3193 1981 3358 2035 αὐτοῦ
3384 1982 3485 2034 οὐκ
3515 1980 3686 2051 ἔχετε

2091 2083 2150 2134 ὲν
2187 2082 2317 2151 ὑμῖν
2359 2078 2612 2149 μένοντα,
2644 2077 2725 2129 ὅτι
2756 2075 2816 2129 ὃν
2861 2073 3181 2128 ἀπέστειλεν
3214 2074 3444 2134 ἐκεῖνος,
3492 2069 3688 2139 τούτῳ

2092 2175 2253 2245 ὑμεῖς
2281 2174 2341 2225 οὺ
2381 2170 2693 2224 πιστεύετε.
2730 2187 2749 2221 ι
2786 2168 2979 2221 Τοίνυν
3010 2168 3091 2220 ὅτι
3137 2166 3213 2235 μὴ
3261 2161 3689 2216 πεπιστεύκασι

2090 2266 2168 2337 τῷ
2202 2268 2266 2319 ὲκ
2295 2263 2391 2317 τοῦ
2420 2262 2635 2334 Πατρὸς
2674 2254 3032 2315 ἀποσταλέντι
3056 2258 3232 2326 Λόγῳ,
3265 2254 3390 2307 οὕτε
3425 2255 3525 2322 τῆς
3566 2269 3691 2320 φω-

2091 2360 2192 2429 νῆς
2222 2356 2515 2427 ἀκηκοέναι
2556 2355 2805 2423 λέγονται
2828 2351 2921 2405 τοῦ
2951 2348 3109 2411 Θεοῦ,
3149 2346 3274 2400 οὔτε
3310 2343 3417 2415 μὴν
3443 2342 3507 2395 τὸ
3537 2338 3687 2405 εἶδος

2093 2449 2257 2505 αὑτοῦ
2290 2445 2577 2501 τεθεᾶσθαι
2624 2444 2866 2505 πώποτε,
2898 2440 3011 2494 ἀλλ’
3044 2436 3167 2492 οὔτε
3218 2436 3361 2506 ἔχειν
3392 2438 3449 2487 ὲν
3493 2433 3685 2494 αὐτοῖς

2094 2536 2410 2592 ἐνοικοῦντα
2439 2536 2532 2588 τὸν
2564 2534 2744 2602 λόγον.
2779 2532 2934 2584 ’Ἐστι
2966 2528 3030 2599 δὴ
3073 2526 3260 2580 λοιπὸν
3297 2524 3472 2577 ἅπασι
3504 2520 3682 2590 σαφὲς

2094 2631 2190 2684 καὶ
2218 2627 2568 2690 εὐσύνοπτον,
2597 2625 2811 2691 ὅτιπερ,
2842 2623 2889 2673 εἰ
2919 2618 3170 2683 ἐδέξαντο
3197 2616 3290 2670 τὸν
3324 2609 3682 2681 ἀπεσταλμέ-

2094 2735 2202 2781 νον,
2233 2718 2475 2787 ἥκουσαν
2503 2712 2570 2765 ἂν
2603 2711 2698 2764 καὶ
2729 2710 2827 2779 τῆς
2866 2707 3051 2777 φωνῆς
3072 2705 3165 2759 τοῦ
3202 2701 3360 2767 Θεοῦ,
3392 2701 3487 2755 καὶ
3516 2699 3583 2752 τὸ
3610 2692 3687 2750 εἴ·

2093 2812 2181 2873 δος
2207 2808 2499 2862 ἐθεάσαντο
2527 2803 2711 2867 αὑτοῦ,
2738 2803 2832 2856 καὶ
2857 2796 3001 2870 εἶχον
3022 2796 3332 2851 ἐνοικοῦντα
3364 2794 3456 2848 τὸν
3476 2793 3682 2860 Λόγον.

2095 2896 2281 2950 Ταῦτα
2327 2894 2506 2947 τοίνυν
2541 2892 2719 2944 πάντα
2758 2891 2903 2942 ἐστὶν
2937 2891 2964 2942 6
3008 2888 3157 2951 Υἱὸς,
3191 2886 3343 2955 φωνὴ
3388 2883 3485 2937 καὶ
3516 2878 3681 2945 εἶδος,

2095 2989 2189 3043 καὶ
2217 2988 2387 3054 Λόγος
2429 2983 2524 3037 τοῦ
2564 2981 2797 3053 Πατρός.
2833 2982 2896 3034 Εἰ
2932 2980 2988 3033 δὲ
3031 2974 3169 3041 εἶδός
3213 2978 3348 3038 ἐστι,
3391 2974 3557 3041 δῆλον
3602 2973 3686 3025 ὅτι

406 3082 498 3137 go,
527 3075 580 3122 et
607 3068 904 3122 character
932 3076 1014 3123 est
1038 3068 1079 3122 ¹.
1110 3066 1325 3123 [labens
1346 3068 1533 3137 itaque
1594 3076 1651 3121 ut
1706 3066 1991 3121 character

2095 3080 2187 3133 καὶ
2218 3077 2381 3131 εἰκὼν
2410 3076 2506 3129 καὶ
2548 3074 2854 3145 χαρακτήρ.
2911 3071 3093 3141 Ἔχων
3132 3066 3224 3123 οὖν
3268 3069 3343 3130 ὼς
3388 3064 3686 3137 χαρακτὴρ

409 3158 465 3211 in
494 3172 553 3211 se
582 3157 908 3211 naturaliter
952 3148 1331 3226 archetypum,
1388 3157 1503 3210 sive
1552 3155 1831 3224 exemplar
1877 3154 1994 3223 ejus

410 3246 568 3315 cujus
600 3257 685 3302 est
709 3249 1017 3310 character,
1052 3260 1179 3301 vere
1219 3246 1346 3301 dicit
1373 3264 1388 3302 :
1432 3265 1451 3298 ι
1483 3243 1594 3315 Ego
1626 3248 1679 3302 in
1731 3247 1911 3312 Patre,
1940 3256 1995 3302 et

412 3341 575 3396 Pater
608 3340 660 3392 in
697 3353 783 3393 me
816 3338 861 3404 ²;
909 3355 928 3388 ι
986 3345 1061 3401 et,
1107 3355 1125 3389 ι
1182 3336 1295 3408 Ego
1357 3346 1412 3393 et
1462 3338 1626 3393 Pater
1678 3354 1843 3393 unum
1898 3354 1993 3394 su-

414 3446 536 3485 mus
575 3430 615 3483 ³.
655 3448 674 3482 ι

484 3557 717 3625 ALIUD,
753 3560 1025 3615 ostendens
1047 3560 1196 3685 quaid)
1216 3560 1438 3643 Yerbum
1482 3572 1693 3617 nocetur
1731 3562 1927 3631 species

1196 3648 1267 3685 et.

1196 3648 1267 3686 ει.

487 3742 808 3798 Patriarcha
831 3740 1001 3798 Jacob
1026 3742 1447 3813 cognominatus
1480 3741 1589 3797 fuit
1624 3741 1916 3811 aliquando
1965 3754 1996 3796 a

416 3836 529 3893 Deo
558 3833 750 3895 Israel.
808 3853 827 3888 ι
865 3833 1026 3901 Nam,
1052 3842 1110 3888 ut
1140 3834 1315 3904 inquit
1345 3833 1648 3903 Scriptura,
1670 3843 1893 3889 exortus
1916 3840 2001 3888 est

422 3928 474 3984 ei
517 3928 596 3983 sol
623 3927 841 3998 quando
870 3926 1348 3996 transivitspecies
1374 3924 1464 3980 Dei
1491 3925 1533 3981 ⁵.
1574 3945 1597 3979 ›
1626 3924 1846 3996 Species
1906 3938 2000 3977 au-

420 4031 527 4077 tem
558 4020 656 4077 Dei
688 4022 944 4090 quidnam
980 4020 1123 4075 aliud
1149 4020 1241 4085 sit,
1270 4034 1433 4088 quam
1473 4018 1522 4074 is
1539 4019 1629 4088 qui
1669 4018 1836 4073 libere
1885 4016 1998 4071 cla-

419 4122 570 4167 mat:
602 4131 622 4165 ι
650 4112 751 4179 Qui
789 4113 921 4166 vidit
948 4127 1053 4177 me,
1090 4111 1223 4167 vidit
1247 4119 1302 4167 et
1328 4110 1543 4166 Patrem
1569 4111 1611 4165 '.
1678 4109 1789 4179 Ego
1820 4109 1874 4164 in
1900 4107 2000 4163 Pa-

419 4213 522 4266 tre,
543 4212 597 4257 et
629 4202 788 4257 Pater
809 4204 862 4257 in
905 4218 1025 4267 me;
1067 4221 1085 4253 ι
1119 4212 1193 4267 et,
1220 4222 1237 4254 ι
1274 4202 1384 4272 Ego
1416 4214 1470 4258 et
1505 4202 1665 4258 Pater
1697 4218 1862 4258 unum
1909 4216 2002 4257 su-

422 4309 543 4349 mus
564 4293 587 4347 ‘I
632 4312 651 4346 ι

567 4487 895 4557 Objection:
918 4487 1144 4542 hostium
1173 4451 1371 4542 éhristi
1392 4486 1557 4555 plena!
1577 4488 1861 4557 impietate.

495 4688 774 4753 Servator,
812 4687 1085 4759 inquiunt,
1114 4688 1231 4759 ipse
1258 4688 1471 4744 Patrem
1500 4704 1658 4744 suum
1712 4703 1810 4758 pro
1850 4688 2007 4744 disci-

424 4780 564 4849 pulis
594 4781 729 4846 suis,
760 4794 969 4851 proque
991 4779 1261 4836 universis
1290 4781 1380 4849 qui
1408 4780 1568 4850 118
1597 4782 1649 4835 in
1681 4780 1851 4849 ipsum
1882 4794 2003 4835 ere-

425 4873 580 4939 dunt,
605 4882 744 4940 orat,
795 4873 869 4928 ita
916 4873 1101 4928 dicens
1134 4891 1148 4928 :
1195 4890 1214 4925 ι
1256 4871 1417 4927 Pater
1442 4882 1649 4936 sancte,
1672 4872 1878 4927 custodi
1909 4887 2004 4928 eos

427 4962 481 5017 in
541 4964 757 5019 nomine
811 4974 904 5020 tuo
951 4978 1092 5034 quos
1141 4965 1336 5019 dedisti
1394 4964 1549 5031 mihi,
1586 4973 1643 5018 ut
1671 4963 1779 5019 sint
1837 4978 2047 5031 unum_

425 5053 567 5108 sicut
584 5064 640 5110 et
668 5070 767 5113 nos
805 5057 848 5114 ‘.
888 5076 908 5111 ι
942 5056 1010 5112 Ει
1034 5057 1191 5127 paulo
1223 5066 1386 5129 post:
1424 5077 1444 5110 ι
1479 5056 1591 5113 Nec
1616 5072 1714 5129 pro
1764 5058 1882 5113 istis
1911 5072 2001 5113 so-

429 5142 495 5199 lis
524 5160 679 5214 rogo,
701 5148 797 5201 sed
816 5149 980 5204 etiam
1009 5165 1110 5220 pro
1171 5151 1517 5209 credentibus
1550 5165 1645 5221 per
1696 5164 2000 5206 sermonem

428 5247 613 5289 eorum
633 5235 686 5291 in
718 5251 843 5292 me:
876 5249 931 5291 ut
950 5254 1140 5295 names
1172 5256 1336 5294 unum
1367 5243 1498 5308 sint,
1537 5245 1679 5297 sicut
1713 5250 1788 5305 tu,
1824 5240 2002 5304 Pater,

432 5322 485 5377 in
516 5340 624 5392 me,
640 5336 697 5382 et
732 5342 832 5397 ego
859 5328 913 5383 in
934 5340 1008 5399 te,
1038 5343 1098 5386 ut
1128 5343 1182 5387 et
1211 5333 1311 5403 ipsi
1356 5333 1409 5387 in
1435 5334 1588 5389 nobis
1638 5348 1811 5387 unum
1846 5333 1953 5387 sint
1979 5349 1994 5398 ;

431 5424 491 5468 ut
518 5418 751 5475 mundus
767 5422 953 5476 credat
982 5425 1125 5491 quod
1162 5434 1217 5478 tu
1264 5438 1354 5479 me
1392 5422 1608 5478 misisti.
1641 5426 1710 5479 Et
1755 5438 1855 5494 ego
1890 5423 2002 5495 glo-

506 5589 554 5623 "
580 5590 719 5650 Gen.
752 5609 939 5661 xxvm,
973 5599 1065 5652 25.

1140 5600 1187 5631 "
1221 5598 1357 5653 Gen.
1397 5614 1543 5663 xxxi,
1583 5600 1633 5652 7.
1709 5599 1756 5630 "
1785 5598 1922 5654 Gen.
1949 5614 2124 5665 χχιιι,
2166 5599 2251 5653 Η.

2097 3169 2240 3224 κατὰ
2291 3166 2454 3235 φύσιν
2498 3166 2555 3218 ὲν
2591 3164 2768 3233 ἑαυτῷ
2800 3163 2861 3215 τὸ
2905 3160 3279 3231 πρωτότυπον,
3312 3150 3373 3211 οὗ
3419 3157 3516 3209 καὶ
3570 3155 3686 3209 ἔστι

2096 3257 2408 3332 χαρακτὴρ,
2438 3256 2730 3326 ἀληθεύσει
2760 3253 2976 3321 λέγων·
3012 3270 3031 3303 ι
3073 3248 3214 3318 Ἐγὼ
3261 3251 3317 3302 ὲν
3361 3246 3440 3317 τῷ
3478 3246 3683 3317 Πατρὶ,

2097 3352 2193 3405 καὶ⁵
2220 3351 2248 3403 ὁ
2275 3348 2467 3421 Πατὴρ
2495 3349 2552 3403 ὲν
2585 3346 2706 3418 ἐμοὶ
2727 3362 2740 3375 ·
2780 3364 2799 3398 ι
2836 3344 2954 3413 καὶ,
2988 3362 3007 3395 ι
3054 3341 3196 3410 Ἐγὼ
3222 3341 3317 3395 καὶ
3349 3341 3377 3391 6
3403 3339 3599 3408 Πατὴρ
3626 3336 3687 3391 ἓν

2097 3444 2286 3514 ἐσμεν.
2336 3458 2354 3493 ι

2098 3574 2305 3639 ΔΛΔΟ,
2371 3568 2672 3640 σημαῖνον
2731 3561 3090 3705 5:36:16”
3123 3562 3273 3618 Θεοῦ
3326 3559 3601 3615 καλεῖται
3652 3558 3687 3610 ὀ

2913 3654 3003 3701 ος.

2913 3654 3003 3701 ος.

2184 3755 2246 3810 '0
2291 3752 2639 3825 πατριάρχης
2695 3747 2888 3802 Ἴακὼό
2939 3743 3335 3818 μετωνομάσθη
3387 3741 3538 3811 παρὰ
3586 3735 3683 3789 τοῦ

2101 3847 2236 3904 Θεοῦ
2276 3848 2372 3901 καὶ
2401 3844 2661 3915 κέκληται
2707 3841 2850 3895 κατά
2885 3856 3006 3893 τινα
3043 3838 3234 3909 χρόνον
3290 3832 3527 3905 Ἰσραὴλ,
3571 3831 3682 3891 ὅτε,

2102 3940 2248 3996 καθά
2268 3955 2434 4009 φησιν
2454 3940 2489 4008 ἡ
2516 3936 2637 3989 θεία
2656 3931 2869 4004 Γραφὴ,
2908 3949 2926 3982 ι
2965 3926 3263 3983 Ἀνὲτειλεν
3290 3924 3437 3995 αὐτῷ
3462 3926 3489 3977 6
3509 3922 3679 4009 ἥλιος,

2105 4007 2548 4106 ἡνίκα-παρῆλθε
2578 4028 2641 4081 τὸ
2669 4024 2805 4090 εἶδος
2831 4022 2924 4078 τοῦ
2955 4020 3112 4076 Θεοῦ.
3152 4038 3172 4072 ι
3204 4014 3355 4081 Εἶδος
3382 4015 3437 4068 δὲ
3468 4007 3684 4106 Θεοῦ-τί
3767 4046 3777 4052 ς

2105 4103 2172 4181 αν
2224 4125 2411 4196 ιτερον
2459 4120 2569 4192 εἴη,
2627 4121 2675 4173 εἰ
2726 4119 2799 4189 μὴ
2846 4116 3062 4176 πάντως
3109 4115 3139 4164 6
3188 4108 3326 4182 μετὰ
3371 4103 3683 4196 παρρησίας

2106 4217 2283 4290 βοῶν·
2323 4195 2360 4267 γι
2430 4215 2488 4269 '0
2547 4209 2811 4283 ἑωρακὼς
2844 4207 2966 4278 ἐμὲ,
3020 4204 3232 4275 ἑώρακε
3287 4200 3376 4257 τὸν
3441 4195 3678 4290 Πατέρα.

2117 4309 2259 4378 Ἐγὼ
2299 4309 2358 4361 ὲν
2402 4305 2481 4375 τῷ
2523 4306 2719 4373 Πατρὶ,
2756 4302 2849 4355 καὶ
2893 4303 2921 4353 6
2966 4296 3155 4367 Πατὴρ
3196 4295 3253 4347 ὲν
3293 4291 3451 4345 ἐμοὶ·
3495 4307 3515 4341 ι
3562 4285 3678 4349 καὶ,

2117 4416 2138 4449 ι
2182 4395 2322 4465 Ἐγὼ
2346 4394 2439 4448 καὶ
2462 4395 2490 4445 ὀ
2520 4390 2706 4462 Πατὴρ
2729 4390 2787 4443 ἓν
2811 4390 3022 4457 .ὲσμεν;
3069 4403 3089 4437 ι

2038 4484 2081 4539 D
2120 4508 2451 4571 Ἀντὶθεσις
2497 4504 2577 4569 ὡς
2621 4500 2738 4555 ἀπὸ
2788 4499 2907 4554 τῶν
2934 4491 3368 4580 χριστομάχων,
3404 4483 3684 4548 ἀσεϐείας

2802 4583 3022 4640 μεστη.

2178 4693 2528 4766 Εὑρισκεται,
2586 4690 2775 4759 φασὶν,
2811 4688 2973 4751 αὐτὸς
3026 4687 3056 4739 6
3102 4682 3292 4752 Σωτὴρ
3340 4677 3432 4732 τὸν
3486 4668 3678 4728 ἑαυτοῦ

2108 4786 2330 4855 Πατέρα
2378 4783 2711 4855 παρακαλῶν
2744 4782 2885 4852 ὺπέρ
2922 4796 2979 4833 τε
2997 4779 3107 4831 τῶν
3159 4773 3353 4829 ἑαυτοῦ
3401 4766 3678 4842 μαθητῶν,

2111 4879 2208 4932 καὶ
2233 4878 2373 4948 ὑπὲρ
2430 4876 2648 4929 πάντων
2674 4874 2782 4928 τῶν
2803 4875 2884 4937 εἰς
2919 4870 3080 4925 αὐτὸν
3110 4864 3572 4925 πεπιστευκότων,
3588 4856 3680 4948 καὶ

2108 4966 2251 5021 οὕτω
2295 4944 2502 5034 λέγων·
2550 4984 2569 5017 ι
2606 4965 2787 5034 Πάτερ
2816 4962 2959 5030 ἅγιε,
2991 4961 3229 5030 τήρησον
3274 4955 3472 5016 αὐτοὺς
3515 4953 3572 5003 ἓν
3602 4944 3677 5014 τῷ

2109 5058 2332 5129 ὀνόματί
2382 5074 2501 5121 σου,
2545 5056 2639 5119 οὓς
2678 5054 2913 5116 δέδωκάς
2949 5069 3059 5123 μοι,
3110 5050 3197 5104 ἵνα
3227 5040 3360 5101 ὦσιν
3401 5043 3458 5097 ἓν
3501 5035 3675 5129 καθὼς

2107 5127 2408 5222 καὶ-ἡμεῖς.
2446 5168 2465 5201 ι
2501 5148 2615 5205 Καὶ
2644 5147 2761 5219 μεθ’
2796 5147 2954 5216 ἕτερα
2977 5160 2992 5175 ο
3039 5162 3059 5194 ι
3106 5143 3181 5195 Οὐ
3215 5141 3344 5211 περὶ
3382 5136 3585 5190 τούτων
3622 5127 3676 5222 δε

2111 5218 2290 5314 μόνων
2324 5240 2533 5314 ἐρωτῶ,
2579 5218 2714 5294 ἀλλὰ
2744 5239 2839 5291 καὶ
2887 5236 3013 5307 περὶ
3040 5233 3149 5288 τῶν
3195 5230 3558 5285 πιστευόντων
3593 5218 3676 5314 5ιά

2107 5312 2202 5386 τοῦ
2242 5312 2402 5400 λόγου
2429 5330 2609 5386 αὐτῶν
2645 5331 2723 5393 είς
2752 5327 2852 5398 ἐμὲ
2873 5343 2886 5356 ο
2921 5325 3009 5381 ἵνα
3045 5324 3243 5386 πάντες
3265 5321 3320 5376 ἓν
3348 5314 3471 5384 ὦσι,
3500 5312 3674 5372 καθὼς

2110 5423 2197 5488 σὺ,
2238 5422 2447 5495 Πατὴρ,
2490 5423 2548 5476 ὲν
2577 5420 2719 5493 ἐμοὶ,
2756 5418 2910 5489 κάγὼ
2943 5420 3002 5472 ὲν
3037 5417 3139 5477 σοι,
3183 5416 3271 5469 ἵνα
3310 5412 3406 5466 καὶ
3444 5408 3594 5464 αὐτοὶ
3620 5404 3675 5454 ἐν

2355 5601 2398 5631 ’⁸
2426 5596 2583 5653 Joan.
2616 5611 2671 5657 ν,
2702 5595 2791 5657 57,
2820 5595 2910 5651 58.
3025 5597 3036 5626 ¹
3076 5593 3237 5651 llebr.
3269 5608 3308 5661 ι,
3345 5592 3398 5647 5.
3478 5580 3673 5638 ’.ἰαιυέ

431 5675 546 5732 XIV,
576 5661 663 5716 Η.
740 5663 760 5694 ³
787 5662 941 5721 .loan.
970 5684 1024 5729 ι,
1056 5667 1146 5723 50.
1222 5670 1243 5699 ⁵
1269 5669 1403 5725 Gen.
1440 5661 1610 5739 xxiii,
1645 5669 1734 5724 51.
1812 5670 1831 5701 ³
1862 5667 2018 5726 Jonn.
2063 5661 2174 5740 xiv,
2209 5671 2261 5726 9.
2342 5670 2362 5701 ⁴
2390 5668 2547 5725 Joan.
2581 5681 2709 5733 xvn,
2748 5666 2835 5721 ll.
