4078 6260
276 336 378 395 197

1696 332 2139 392 THESAL’BUS.

278 456 398 525 ἡμῖν
423 451 481 505 ἓν
507 443 678 505 ὦσιν·
711 448 808 504 ἵνα
830 448 860 502 6
893 448 1103 519 ιώσμος
1146 445 1416 521 πιστεῦσῃ
1448 446 1531 503 ὅτι
1574 446 1637 502 σύ
1672 467 1738 521 με
1764 451 1858 505 ἀπ.

1973 455 2108 508 riam
2130 468 2293 524 quam
2324 452 2517 510 dedisti
2543 452 2673 508 milii
2699 451 2823 509 dedi
2868 454 3047 522 eis,ut
3074 455 3182 512 sint
3212 472 3378 514 unum
3404 461 3545 517 sicut

280 548 534 611 ἐστειλας.
574 542 758 615 Κάγὼ
792 545 895 614 τὴν
925 545 1079 609 δόξαν
1110 542 1179 615 ἢν
1227 544 1466 609 δέδωκάς
1515 563 1625 617 μοι,
1661 546 1869 602 δέδωκα

276 640 467 704 αὐτοῖς,
486 638 581 691 ἵνα
610 629 751 690 ὦσιν
784 635 845 688 ἓν
862 633 1033 699 καθὼς
1050 636 1213 707 ἡμεῖς
1227 635 1306 689 ἓν.
1337 635 1479 706 Ἐγὼ
1502 638 1559 690 ὲν
1574 639 1756 703 αὐτοῖς
1773 640 1866 693 καὶ

270 732 327 782 σὺ
345 731 403 782 ὲν
422 730 575 799 ἐμοὶ,
597 728 693 782 ἵνα
725 721 830 780 ὦσι
857 726 1257 797 τετελειωμένοι
1291 729 1373 790 εἰς
1394 728 1453 781 ἓν
1472 745 1486 759 ο
1514 728 1599 782 ἵνα
1620 716 1864 803 γινώσκῃ

264 821 289 872 6
333 819 551 891 κόσμος
592 821 677 873 ὅτι
709 818 772 872 σύ
814 835 885 889 με
931 818 1298 883 ἀπέσταλκας.
1342 838 1361 871 ι
1400 820 1614 874 Οὐκοῦν
1673 820 1865 893 ὥσπερ

262 910 552 981 ἄνθρωποι
585 910 687 982 τὴν
739 909 899 980 φύσιν
925 909 1081 972 ὄντες
1110 912 1267 980 ἡμεῖς
1297 914 1356 965 ὲν
1396 912 1475 983 τῷ
1502 912 1678 984 Πατρὶ
1718 913 1865 983 γινό-

267 999 435 1069 μεθα,
471 1000 619 1054 οὕτω
650 1000 743 1054 καὶ
769 999 930 1064 αὐτὸς
970 1001 999 1053 6
1028 1000 1156 1066 Υἱὸς
1200 1002 1258 1056 ἓν
1295 1003 1413 1057 ἐστι
1446 1002 1584 1074 πρὸς
1624 1003 1715 1057 τὸν
1753 1005 1865 1057 Πα-

263 1088 424 1160 τέρα.
458 1090 573 1143 Καὶ
613 1089 774 1152 αὐτὸς
813 1088 868 1142 δὲ
903 1088 1068 1142 πάλιν
1111 1091 1142 1143 6
1184 1090 1398 1161 Πατὴρ,
1434 1090 1607 1155 οὕτως
1642 1092 1702 1145 ἔν
1745 1093 1862 1148 ἐστι

265 1181 407 1251 πρὸς
440 1182 535 1236 τὸν
562 1181 707 1247 Υεὺν,
734 1181 989 1253 καθάπερ
1019 1182 1117 1235 καὶ
1149 1179 1286 1252 πρὸς
1317 1183 1486 1253 ἡμᾶς.
1529 1183 1641 1237 Καὶ
1669 1183 1861 1256 ὥσπερ

263 1272 447 1336 οὐδεὶς
467 1271 765 1341 ἀναγκάζει
798 1272 956 1341 λᾴγος
981 1271 1203 1343 ὁμοίους
1233 1274 1379 1344 ἡμᾶς
1409 1268 1545 1328 εἷναι
1584 1277 1724 1329 κατὰ
1757 1275 1859 1345 φύ-

266 1381 353 1417 σιν
382 1365 459 1433 τῷ
488 1365 685 1435 Πατρὶ,
716 1365 800 1417 ὅτι
833 1362 898 1434 δὴ
926 1362 1024 1416 καὶ
1052 1362 1190 1434 πρὸς
1220 1363 1382 1417 αὑτὸν
1407 1363 1465 1417 ἐν
1492 1364 1737 1432 γίνεσθαι
1769 1366 1858 1419 λε-

264 1454 493 1525 γόμεθα,
519 1455 693 1520 οὕτως
714 1457 817 1509 οὐκ
842 1456 1057 1526 ἀνάγκη
1083 1456 1234 1509 πᾶσα
1260 1454 1440 1525 λέγειν
1458 1456 1522 1509 ὲκ
1541 1456 1643 1527 τῆς
1667 1457 1856 1522 οὐσίας

264 1543 399 1601 εἶναι
428 1547 524 1600 τοῦ
561 1548 778 1619 Harpe;
810 1548 902 1601 τὸν
936 1548 1082 1609 Υἱὺν,
1105 1546 1406 1619 ἐπειδήπερ
1425 1548 1588 1618 φησίν
1608 1562 1621 1577 ⁶
1654 1567 1673 1601 ι
1713 1548 1856 1617 Ἐγὼ

265 1639 323 1693 ὲν
352 1638 429 1709 τῷ
462 1640 667 1709 Πατρὶ,
702 1640 801 1692 καὶ
824 1641 852 1692 6
878 1640 1068 1710 Πατὴρ
1101 1640 1159 1692 ὲν
1184 1638 1330 1709 ἐμοί.
1369 1657 1391 1691 ι
1437 1641 1526 1704 Ὠς
1556 1640 1666 1713 γὰρ
1708 1657 1858 1713 προ-

265 1732 523 1795 λαϐόντες
561 1734 893 1802 εἰρήκαμεν,
944 1732 1109 1795 οὕτως
1152 1732 1300 1785 ἐστὶν
1346 1733 1405 1785 ὲν
1456 1732 1655 1805 Πατρὶ,
1714 1733 1856 1787 καθὰ

1972 554 2025 601 ει
2050 562 2149 602 nos
2174 563 2338 601 unum
2368 561 2572 602 sumus.
2602 547 2713 617 Ego
2738 546 2790 601 in
2841 548 2992 616 ipsis,
3042 558 3097 603 et
3140 558 3193 604 tu
3230 550 3283 604 in
3332 567 3447 617 me;
3487 564 3545 608 ut

1969 638 2081 692 sint
2115 637 2341 708 perfecti
2375 638 2429 692 in
2453 653 2656 704 unum;
2709 646 2769 691 ut
2796 647 3083 707 cognoscat
3116 640 3350 694 mundus
3400 643 3543 711 quod

1970 737 2023 783 tu
2059 743 2144 783 me
2174 728 2367 783 misisti
2402 730 2443 781 '.
2485 748 2504 781 ι
2532 727 2988 794 Quemadmodum
3046 729 3208 800 igitur
3280 746 3381 785 nos
3448 735 3539 801 qui

1965 815 2216 873 homines
2244 831 2450 883 sumus,
2476 817 2529 871 in
2560 815 2723 872 Patre
2749 834 2934 873 sumus
2964 835 2979 873 :
3031 821 3102 874 ita
3154 819 3318 875 etiam
3370 820 3541 877 Filius

1964 921 2131 963 unum
2156 916 2241 963 est
2266 922 2388 963 cum
2416 907 2594 965 Patre.
2631 907 2697 963 Et
2728 909 2995 978 vicissim,
3020 910 3181 967 Pater
3209 913 3322 981 ipse
3365 913 3434 966 ita
3459 922 3541 968 est

1964 1013 2132 1055 unum
2174 1013 2296 1054 cum
2328 997 2487 1064 Filio,
2513 1000 2649 1054 sicut
2676 1010 2730 1055 et
2757 1001 3059 1057 nobiscum.
3091 1002 3158 1057 Et
3189 1005 3537 1074 quemadmo-

1963 1096 2087 1145 dum
2110 1089 2254 1145 nulla
2287 1092 2426 1146 ratio
2456 1092 2619 1162 cogit,
2646 1100 2705 1146 ut
2735 1106 2836 1147 nos
2863 1093 3156 1149 secundum
3185 1105 3431 1150 naturam
3461 1097 3539 1150 si-

1962 1180 2120 1235 miles
2188 1181 2358 1237 simus
2425 1181 2611 1247 Patri,
2684 1183 2777 1251 qui
2842 1199 3009 1239 unum
3064 1200 3189 1240 cum
3241 1186 3358 1256 ipso
3424 1187 3537 1242 ﬁeri

1960 1271 2192 1327 dicimur
2226 1290 2240 1325 :
2297 1275 2371 1329 ita
2393 1290 2498 1331 non
2528 1289 2752 1345 prorsus
2793 1289 3013 1331 necesse
3072 1287 3157 1332 est
3188 1287 3247 1332 ut
3275 1278 3444 1334 Filius
3468 1280 3540 1335 sit

1959 1379 2025 1421 ex
2058 1366 2291 1421 essentia
2325 1365 2521 1439 Patris,
2558 1366 2812 1435 quoniam
2864 1365 2979 1419 ait:
3019 1383 3038 1417 ι
3076 1366 3190 1436 Ego
3250 1368 3302 1422 in
3356 1367 3535 1435 Patre,

1960 1466 2015 1512 ει
2039 1457 2203 1512 Pater
2225 1462 2277 1511 in
2302 1472 2409 1512 me.
2456 1455 2659 1523 rNam,
2699 1466 2759 1511 ut
2786 1467 2911 1511 ante
2934 1456 3195 1523 diximus,
3225 1458 3298 1512 ita
3346 1470 3428 1514 est
3480 1463 3533 1515 in

1957 1547 2139 1617 Patre,
2159 1550 2304 1606 sicut
2324 1557 2376 1604 et
2393 1563 2508 1604 nos.
2528 1550 2633 1603 Aut
2666 1564 2794 1620 ergo
2820 1564 3043 1606 necesse
3080 1560 3162 1605 est
3186 1552 3340 1607 fateri
3371 1553 3534 1607 etiam

1959 1656 2059 1697 nos
2085 1657 2153 1696 ex
2198 1640 2433 1696 essentia
2458 1640 2637 1695 Patris
2657 1655 2798 1708 esse,
2821 1642 2944 1710 quia
2970 1657 3134 1696 unum
3166 1643 3293 1697 facti
3344 1659 3531 1698 sumus

1960 1748 2081 1789 cum
2116 1732 2247 1798 Deo,
2270 1731 2428 1786 autsi
2456 1731 2701 1786 homines
2742 1747 3025 1788 manemus
3084 1734 3296 1789 etiamsi
3360 1751 3528 1791 unum

270 1824 371 1877 καὶ
393 1826 585 1892 ἡμεῖς.
617 1823 697 1876 Ἦ
729 1823 905 1877 τοίνυν
944 1823 1034 1877 καὶ
1069 1810 1211 1893 ἡμᾶς
1243 1816 1544 1877 ἀκόλουθον
1578 1823 1858 1895 ὁμολογεῖν

1963 1825 2153 1877 ﬁamus
2177 1835 2300 1876 cum
2329 1820 2458 1884 Deo,
2499 1835 2710 1889 tequum
2748 1830 2849 1887 est,
2877 1832 2936 1877 ut
2961 1822 3099 1878 idem
3138 1824 3204 1879 de
3246 1822 3381 1879 Filio
3404 1840 3533 1880 cen-

281 1916 348 1969 ὲκ
380 1916 484 1985 τῆς
517 1914 705 1978 obsta;
731 1909 862 1968 slva:
906 1914 1000 1967 τοῦ
1038 1915 1268 1985 Πατρὸς,
1299 1914 1389 1968 διὰ
1427 1915 1488 1968 τὸ
1518 1914 1577 1968 ἒν
1602 1914 1853 1982 γενεσθαι

286 2009 420 2077 πρὸς
452 2007 600 2069 Θεὸν,
651 2006 682 2075 ἦ
729 2006 778 2058 εἱ
819 2007 1052 2077 μένομεν
1101 2006 1403 2078 ἄνθρωποι,
1441 2006 1543 2059 κᾶν
1582 2006 1639 2059 ἓν
1682 2005 1855 2072 γενώ-

279 2098 413 2167 μεθα
442 2096 573 2167 πρὸς
600 2096 689 2149 τὸν
742 2098 984 2169 Πατέρα,
1012 2099 1227 2153 δίκαιον
1262 2099 1358 2153 καὶ
1387 2101 1470 2168 ἐφ’
1521 2098 1650 2153 Υἱοῦ
1693 2100 1854 2153 τοῦτο

1962 1910 2557 1970 seamus.Manetenim
2618 1913 2670 1967 in
2719 1928 2813 1967 sua
2878 1925 3089 1983 natura,
3143 1931 3250 1971 non
3294 1917 3535 1972 sublatus

1963 2006 2016 2060 in
2039 2004 2327 2059 essentiam
2361 2002 2563 2071 Patris,
2590 2004 2803 2061 tametsi
2848 2022 3013 2061 unum
3061 2023 3185 2063 cum
3252 2009 3368 2079 ipso
3415 2023 3536 2064 esse

1962 2097 2190 2151 dicatur.

266 2193 492 2260 φρονεῖν.
546 2192 719 2247 Μένει
771 2194 885 2265 γὰρ
931 2192 1029 2246 ἐπὶ
1074 2194 1175 2264 τῆς
1232 2193 1423 2247 ἑαυτοῦ
1475 2195 1705 2264 φύσεως,
1749 2196 1850 2248 οὐκ
1924 2189 2228 2246 ἀναϐαίνων
2296 2188 2376 2252 εις
2424 2188 2521 2261 τὴν
2552 2188 2645 2242 τοῦ
2690 2187 2902 2261 Ηατρὸς
2952 2190 3163 2258 οὐσίαν,
3216 2191 3319 2246 κᾶν
3352 2192 3428 2256 ὡς
3476 2190 3536 2245 ιν

255 2284 523 2357 ὑπάρχειν
554 2285 797 2356 λέγηται
831 2285 977 2357 πρὸς
1008 2285 1197 2339 αὺτὸν.

838 2397 1035 2464 Λύσις
1064 2397 1309 2466 ἑφεξῆς.

331 2504 535 2558 Ταῦτα
586 2506 687 2559 καὶ
739 2507 768 2560 6
816 2505 929 2559 τῶν
964 2508 1353 2578 χριστομάχων
1396 2508 1576 2581 πατὴρ
1623 2510 1716 2562 καὶ
1762 2509 1859 2580 τῆς

253 2593 541 2664 φλυαρίας
574 2595 761 2649 αὐτῶν
792 2596 1032 2667 χορηγὸς
1063 2597 1313 2661 διάϐολος
1356 2599 1591 2670 εἰρηκὼς
1624 2601 1853 2671 ἤκουσε·

2473 2385 2681 2442 Salutio
2716 2388 3043 2457 objectionis.

2022 2501 2146 2557 llaec
2176 2501 2291 2569 ipsa
2317 2499 2567 2556 diabolus
2597 2502 2794 2568 etiam,
2834 2503 3068 2558 hostium
3130 2503 3327 2559 Christi
3360 2514 3537 2575 pater,

1950 2605 2005 2649 et
2033 2593 2249 2648 illorum
2316 2594 2645 2661 nugacitatis
2703 2596 3116 2664 antesignanus,
3170 2595 3333 2660 dixit,
3377 2608 3538 2669 atque

258 2705 280 2737 ι
318 2685 436 2739 Νὖν
466 2685 526 2738 δὲ
559 2687 645 2748 εἰς
672 2685 810 2757 ᾅδην
838 2688 1125 2761 καταϐήσῃ
1160 2690 1251 2743 καὶ
1290 2692 1372 2753 εἰς
1402 2691 1468 2744 τά
1503 2692 1723 2762 θεμέλια
1752 2694 1852 2764 τῆς

1961 2682 2317 2745 ideo,.audivit
2342 2699 2356 2736 :
2389 2700 2408 2733 ι
2440 2680 2592 2736 Nunc
2614 2683 2680 2736 ad
2710 2682 2913 2738 inferos
2942 2687 3234 2741 descendes
3259 2687 3382 2741 etin
3408 2686 3534 2743 fun-

257 2777 382 2847 γῆς.
425 2795 445 2828 ι
494 2776 583 2840 Ὡς
617 2777 726 2847 γὰρ
760 2779 1097 2849 τετόλμηπν
1130 2783 1303 2834 εὶπεϊν
1333 2782 1537 2846 ἐκεῖνος
1558 2800 1571 2812 ·
1601 2801 1623 2836 ι
1696 2785 1853 2839 Ἀνα-

257 2866 503 2937 ϐήσομαι
543 2867 733 2919 ἐπάνω
760 2867 873 2919 τῶν
900 2868 1159 2935 νεφελῶν,
1190 2870 1281 2922 καὶ
1312 2869 1507 2940 ἔσομαι
1553 2871 1739 2942 ὅμοιος
1770 2872 1849 2943 τῷ

1960 2772 2211 2826 damenta
2242 2780 2420 2827 terrae.
2446 2790 2467 2823 ι
2496 2774 2960 2839 Quemadmodum
2982 2776 3124 2830 enim
3146 2777 3233 2831 ille
3255 2793 3419 2832 ausus
3450 2788 3538 2835 est

1958 2862 2139 2919 dicere
2173 2882 2185 2918 :
2225 2881 2243 2915 ι
2266 2862 2571 2919 Ascendam
2605 2879 2767 2932 super
2791 2868 2984 2931 nubes,
3011 2877 3066 2921 et
3095 2882 3189 2923 ero
3218 2871 3414 2925 similis
3438 2872 3533 2926 Al-

274 2956 551 3027 Ὺῲίστῳο
581 2976 600 3010 ι
635 2956 725 3011 τὸν
754 2957 921 3011 αὑτὸν
946 2958 1009 3030 δὴ
1042 2959 1242 3031 τρόπον
1266 2962 1357 3014 καὶ
1382 2953 1549 3028 οὗτοι,
1586 2963 1722 3015 πολὺ
1746 2963 1849 3033 τῆς

1961 2955 2168 3009 tissimo
2194 2956 2214 2986 ’
2246 2971 2258 3007 :
2289 2974 2306 3006 ι
2328 2958 2518 3009 eadem
2578 2953 2787 3009 ratione
2845 2957 3008 3010 etiam
3054 2956 3139 3012 isti
3170 2959 3415 3015 humanm
3438 2977 3536 3015 na-

262 3048 574 3119 ὀ.νθρὼπων
620 3048 834 3117 φύσεως
885 3050 1013 3112 τοὺς
1054 3050 1211 3122 ὄρους
1259 3052 1714 3123 ὑπερϐαινόμενοι
1761 3054 1857 3107 καὶ

260 3142 369 3213 τῆς
413 3141 601 3204 οὐσίας
646 3141 939 3206 ἀναϐάντες
971 3141 1031 3194 τὸ
1076 3141 1295 3213 μέτρον,
1330 3145 1391 3196 οὐ
1432 3145 1724 3213 φοϐοῦνται
1769 3146 1858 3198 λέ-

265 3250 495 3300 γοντες·
555 3233 816 3304 Ἐσόμεθα
860 3233 1037 3304 ὅμοιοι
1069 3232 1144 3305 τῷ
1194 3232 1456 3304 Tui/imp.
1507 3235 1721 3307 Ὥσπερ
1764 3231 1857 3291 οὖν

267 3324 528 3395 ἀληθεύει
572 3327 600 3378 6
645 3324 737 3377 τοῦ
766 3325 899 3378 Θεοῦ
928 3326 1101 3394 Λόγος
1136 3325 1300 3396 βοῶν,
1328 3326 1410 3379 ὅτι
1447 3345 1465 3376 ι
1518 3326 1660 3394 Ἐγὼ
1692 3328 1786 3380 καὶ
1829 3328 1858 3380 6

267 3417 459 3489 Πατὴρ
496 3418 554 3471 ἓν
583 3420 771 3488 ἐσμεν,
806 3435 826 3470 ›
858 3417 945 3471 διὰ
972 3417 1034 3471 τὸ
1060 3419 1161 3489 τῆς
1194 3418 1387 3482 οὐσίας
1414 3418 1854 3489 ἀπαράλλακτον,

262 3508 409 3563 οὕτω
457 3510 555 3563 καὶ
591 3511 642 3562 οἱ
687 3512 1045 3581 χριστομάχοι
1088 3510 1295 3564 εἴποιεν
1342 3509 1411 3564 ἂν
1465 3510 1855 3580 ἀληθεύοντες·

290 3603 481 3673 Ἡμεῖς
501 3603 597 3656 καὶ
624 3602 653 3654 6
669 3602 851 3672 πατὴρ
884 3604 917 3672 ἡ
926 3601 1042 3672 μῶν
1074 3604 1103 3655 6
1125 3601 1370 3665 διάϐολος
1399 3601 1459 3656 ἓν
1480 3603 1669 3671 ἐσμεν,
1686 3602 1771 3656 διὰ
1792 3603 1856 3657 τὸ

268 3694 369 3765 τῆς
395 3695 625 3766 γνώμης
656 3695 1093 3765 ἀπαράλλακτον.
1129 3695 1224 3758 Εἰς
1245 3694 1399 3749 τοῦτο
1422 3696 1480 3749 δὲ
1509 3696 1608 3767 ἤδη
1644 3697 1855 3768 μωρίας

269 3786 585 3841 ἐλαύνουσιν
610 3786 685 3850 ὡς
716 3785 927 3840 οἴεσθαι
958 3786 1104 3841 κατὰ
1138 3786 1298 3856 χάριν
1324 3786 1548 3856 ἔχοντας
1583 3787 1646 3841 τὸ
1669 3787 1856 3841 καλεῖ-

270 3880 394 3932 σθαι
424 3878 603 3943 θεοὺς,
632 3878 851 3949 ὁμοίους
889 3875 1028 3931 εἶναι
1056 3876 1315 3931 δύνασθαι
1359 3880 1500 3934 κατὰ
1548 3880 1647 3951 τὴν
1693 3882 1855 3949 φύσιν

268 3969 365 4023 τοῦ
399 3969 501 4040 τὴν
538 3970 696 4040 χάριν
744 3969 1153 4033 ὲπιδεδωκὸτος.
1203 3969 1312 4023 Καὶ
1349 3971 1456 4023 υἱοὶ
1502 3970 1853 4041 κεκλημένοι,

270 4060 393 4115 καθ’
423 4063 722 4133 ὁμοιότητα
751 4061 844 4117 τοῦ
873 4062 1015 4116 κατὰ
1046 4060 1206 4130 φύσιν
1238 4061 1393 4126 Υἱοῦ,
1439 4062 1586 4126 ἴσους
1629 4063 1857 4127 ἑαυτοὺς

272 4150 411 4207 εἶναι
462 4153 785 4207 πιστεύουσι
834 4153 927 4207 τοῦ
968 4152 1105 4223 πρὸς
1146 4153 1419 4208 υἱοθεσίαν
1468 4153 1853 4223 ἀναγαγόντος,

274 4248 368 4299 καὶ
396 4248 457 4300 τὸ
486 4247 620 4301 ἴδιον
665 4246 833 4301 αὐτοῦ
872 4247 1014 4300 κατὰ
1045 4245 1207 4316 φύσιν
1240 4245 1483 4317 ἀξίωμα,
1525 4244 1669 4299 κατὰ
1698 4247 1856 4317 χάριν

274 4340 457 4405 αὐτοῖς
487 4339 777 4402 ἐπιθέντος
801 4338 889 4393 διὰ
931 4338 1128 4410 πολλὴν
1163 4337 1598 4409 φιλανθρωπίαν.

552 4451 876 4517 Ἀντίθεσις
901 4451 981 4517 ὼς
1008 4450 1076 4505 ἐκ
1106 4450 1227 4505 τῶν
1256 4448 1588 4519 αιρετικῶν.

347 4561 478 4615 Κᾶν
517 4560 673 4632 λέγῃ,
725 4563 907 4631 φασὶν,
946 4564 974 4615 6
1022 4561 1174 4629 Υἱὸς,
1214 4560 1355 4630 Ἐγὼ
1400 4561 1493 4615 καὶ
1522 4563 1550 4615 6
1586 4561 1775 4634 Πατὴρ
1802 4561 1861 4615 ἓν

279 4652 471 4723 ἔσμεν,
506 4652 567 4705 οὐ
597 4652 808 4716 πάντως
837 4653 990 4707 ἔσται
1016 4652 1118 4722 τῆς
1146 4652 1316 4722 αὐτῆς
1344 4650 1531 4715 οὐσίας
1558 4652 1637 4723 τῷ
1665 4654 1861 4723 Πατρι,

282 4746 404 4799 ἐπεὶ
446 4746 542 4800 καὶ
576 4747 740 4816 ἡμεῖς
771 4746 1052 4818 ἄνθρωποι
1103 4745 1247 4800 κατὰ
1284 4744 1447 4814 φύσιν
1482 4745 1653 4810 ὄντες,
1690 4744 1748 4799 ἓν
1787 4745 1864 4809 ὡς

285 4836 421 4907 πρὸς
450 4838 541 4890 τὸν
566 4837 697 4890 Θεὸν
726 4837 992 4908 γινόμεθα
1010 4853 1024 4867 ο
1060 4837 1154 4890 καὶ
1186 4836 1395 4908 μάρτυς
1437 4836 1597 4900 αὐτὸς
1633 4836 1807 4906 λέγων
1835 4836 1864 4888 6

286 4926 412 4991 Υἱός
439 4945 451 4956 ’
490 4946 508 4980 ι
563 4927 742 4991 Θέλω,
790 4928 993 4997 Πάτερ,
1047 4927 1134 4980 ἶνα
1186 4922 1372 4999 ὥσπερ
1408 4926 1519 4995 ἐγὼ
1561 4928 1657 4980 καὶ
1696 4928 1761 4980 σὺ
1806 4927 1864 4979 ἐν

289 5018 471 5090 ἐσμεν,
497 5018 638 5072 οὕτω
672 5017 769 5071 καὶ
808 5017 964 5072 αὐτοὶ
991 5018 1050 5071 ὲν
1081 5019 1211 5089 ἡμῖν
1246 5017 1303 5072 ἓν
1335 5011 1489 5072 ὦσιν.

769 5194 928 5264 Πρὸς
967 5193 1143 5248 τοῦτο
1173 5194 1375 5260 λύσις.

356 5310 421 5363 Εἰ
444 5308 621 5371 οὔτως
656 5308 794 5362 εἰσιν
826 5309 856 5360 6
900 5308 1094 5378 Πατὴρ
1147 5307 1240 5361 καὶ
1280 5307 1308 5359 6
1354 5304 1488 5368 Υἱὸς
1528 5302 1608 5365 ἓν,
1645 5300 1720 5364 ὡς
1772 5300 1868 5354 καὶ

287 5403 445 5473 ἡμεῖς
484 5400 622 5472 πρὸς
666 5401 756 5455 τὸν
794 5402 1040 5471 Πατέρα,
1091 5400 1187 5453 καὶ
1219 5400 1247 5453 6
1294 5397 1487 5468 Πατὴρ
1523 5394 1658 5465 πρὸς
1698 5394 1865 5463 ἡμᾶς,

283 5492 430 5547 οὐδὲν
460 5491 571 5564 ἄρα
599 5491 661 5545 τὸ
693 5489 903 5562 μεταξῦ
932 5489 1026 5543 τοῦ
1057 5489 1192 5543 Θεοῦ
1220 5488 1390 5556 Λόγου
1419 5486 1516 5541 καὶ
1542 5482 1722 5556 ἡμῶν,
1753 5483 1868 5536 ἀλλ’

284 5585 428 5640 ἔσται
469 5584 613 5639 κατὰ
648 5584 819 5654 φύσιν
851 5584 985 5653 ἡμῖν
1013 5584 1041 5636 6
1070 5582 1252 5647 αὐτὸς,
1273 5579 1460 5633 διοίσει
1499 5578 1555 5632 δὲ
1590 5577 1753 5647 μόνον
1790 5573 1866 5645 τῷ

1962 3052 2092 3098 turre
2116 3044 2317 3100 limites
2337 3044 2494 3114 longe
2530 3044 2915 3109 transilientes,
2952 3055 3006 3099 et
3064 3048 3389 3101 substantiae
3425 3066 3536 3105 sua:

1960 3134 2232 3187 modulum
2291 3134 2763 3198 transcendentes,
2814 3150 2921 3190 non
2997 3146 3253 3191 verentur
3306 3139 3531 3193 dicere:

1958 3223 2174 3280 Erimus
2203 3226 2412 3282 similes
2434 3226 2736 3282 Altissimo.
2788 3226 2941 3283 Sicut
2999 3227 3162 3297 igitur
3227 3243 3355 3285 vere
3410 3232 3541 3285 dicit

1964 3316 2193 3371 Verbum
2217 3317 2329 3385 Dei,
2354 3318 2595 3373 clamans
2622 3336 2637 3372 :
2677 3320 2819 3389 «Ego
2840 3328 2894 3375 et
2916 3319 3079 3375 Pater
3095 3336 3258 3377 unum
3289 3337 3532 3385 sumus.»

1957 3418 2177 3477 propter
2208 3410 2543 3465 identitatem
2570 3412 2819 3467 essentia
2847 3430 2861 3467 :
2891 3412 2965 3467 ita
2990 3413 3150 3468 etiam
3168 3415 3351 3473 hostes
3377 3416 3537 3471 Chri-

1957 3499 2228 3554 stidicant
2261 3514 2419 3554 vere:
2454 3498 2562 3556 Nos
2588 3510 2642 3555 et
2669 3512 2823 3572 pater
2838 3511 3024 3557 noster
3051 3503 3296 3560 diabolus
3366 3522 3533 3560 unum

1956 3607 2164 3657 sumus,
2195 3602 2416 3662 propter
2446 3592 2783 3648 voluntatum
2810 3596 3238 3653 similitudinem.
3268 3598 3365 3661 .qu
3389 3600 3534 3654 enim

1953 3683 2066 3753 jam
2091 3683 2377 3740 dementiae
2430 3693 2713 3753 venerunt,
2746 3696 2804 3741 ut
2867 3703 2986 3742 cum
3034 3706 3128 3758 per
3172 3690 3398 3757 gratiam
3483 3693 3535 3745 ῘιΙ

1957 3774 2239 3829 consecuti
2265 3776 2373 3827 sint
2409 3784 2467 3828 ut
2496 3776 2569 3829 (lii
2609 3785 2887 3839 vocentur,
2936 3778 3246 3831 existiment
3290 3795 3348 3834 se
3381 3781 3535 3834 sami-

1957 3861 2039 3919 les
2064 3876 2185 3918 esse
2216 3878 2374 3934 posse
2400 3865 2695 3919 secundum
2722 3876 2971 3921 naturam
2999 3866 3047 3921 ei
3075 3868 3165 3937 qui
3227 3869 3355 3937 ipsis
3389 3870 3533 3922 illam

1957 3957 2184 4024 gratiam
2210 3956 2431 4027 largitus
2469 3964 2573 4011 est.
2603 3956 2844 4025 Curaque
2866 3966 3129 4011 vocentur
3152 3958 3267 4019 lilii,
3297 3958 3361 4010 ad
3386 3958 3537 4011 simi-

1956 4045 2236 4101 litudinem
2282 4046 2401 4116 ejus
2444 4048 2537 4115 qui
2576 4046 2899 4100 naturaliter
2963 4056 3045 4101 est
3072 4046 3261 4113 Filius,
3299 4046 3536 4115 aequales

1957 4152 2017 4193 se
2042 4146 2235 4207 putant
2268 4138 2315 4191 ei
2348 4140 2438 4205 qui
2475 4152 2571 4191 eos
2600 4136 2896 4205 adoptavit,
2924 4136 3085 4206 119
3109 4137 3309 4205 quique
3356 4138 3534 4206 digni-

1960 4238 2123 4286 tatem
2155 4244 2277 4301 qua
2305 4228 2408 4285 sibi
2441 4227 2760 4282 naturaliter
2787 4230 3006 4297 propria
3032 4236 3137 4294 est,
3172 4244 3266 4298 per
3306 4230 3533 4301 gratiam

1890 4332 1934 4389 ι)
1962 4336 2061 4394 pro
2088 4323 2287 4395 ingenti
2326 4336 2423 4378 sua
2460 4319 2789 4390 benignitate
2817 4320 2895 4374 eis
2924 4320 3210 4378 concessit.

2411 4433 2650 4505 Objectio
2694 4433 3079 4490 ltwreticorum.

2039 4548 2302 4619 Tametsi,
2360 4550 2637 4621 inquiunt,
2688 4549 2859 4607 Filius
2904 4549 3236 4620 dicat:Ego
3280 4557 3335 4604 et
3374 4548 3537 4605 Pater

1964 4659 2131 4698 unum
2162 4658 2374 4708 sumus,
2406 4660 2514 4699 non
2544 4652 2728 4698 tamen
2752 4643 2857 4697 erit
2890 4642 3129 4709 ejusdem
3162 4655 3382 4709 prorsus
3410 4656 3533 4695 cum

1964 4745 2030 4788 eo
2054 4736 2329 4797 essentia,
2352 4733 2621 4802 siquidem
2658 4739 2712 4785 et
2737 4746 2836 4786 nos
2865 4745 2989 4785 cum
3021 4739 3215 4784 natura
3243 4730 3413 4784 simus
3439 4730 3535 4783 bo-

1967 4824 2164 4886 mines,
2198 4837 2363 4876 unum
2403 4838 2526 4877 cum
2576 4821 2689 4876 Deo
2732 4820 3031 4875 etIicimur:
3076 4818 3232 4886 cujus
3268 4818 3343 4870 rei
3383 4818 3537 4872 testis

1964 4923 2051 4971 est
2086 4914 2200 4982 ipse
2222 4911 2396 4966 Filius
2431 4915 2618 4969 dicens
2649 4934 2661 4968 :
2702 4930 2721 4963 ι
2762 4911 2915 4975 Volo,
2962 4910 3143 4971 Pater,
3179 4917 3237 4960 ut
3262 4906 3403 4959 sicut
3437 4920 3537 4976 ego

1966 5016 2022 5062 et
2078 5019 2134 5061 tu
2186 5019 2352 5059 unum
2401 5020 2610 5068 sumus,
2666 5004 2740 5056 ita
2792 5012 2848 5057 et
2904 5001 3007 5069 ipsi
3068 5000 3121 5052 in
3181 4997 3338 5051 nobis
3371 5013 3537 5063 unum

1966 5098 2079 5154 sint
2102 5099 2169 5152 '°.
2201 5114 2218 5147 ›

2458 5184 2667 5241 Salutio
2705 5181 3036 5257 objectionis.

2044 5299 2102 5355 Si
2143 5298 2306 5354 Pater
2338 5305 2392 5351 et
2429 5294 2602 5351 Filius
2643 5294 2716 5348 ita
2759 5300 2886 5347 sunt
2936 5304 3123 5355 unum,
3165 5289 3305 5347 sicut
3351 5300 3405 5346 et
3440 5304 3540 5346 nos

1972 5406 2095 5446 cum
2131 5390 2321 5453 Patre,
2369 5397 2419 5444 et
2455 5386 2621 5441 Pater
2664 5385 2945 5440 nobiscum
2982 5398 2998 5437 :
3030 5383 3178 5439 nulla
3231 5382 3396 5450 igitur
3434 5382 3541 5434 erit

1970 5482 2275 5537 diﬂ‘erentia
2304 5480 2449 5536 inter
2473 5479 2566 5534 Dei
2606 5478 2842 5533 Verbum
2874 5482 2928 5529 et
2956 5491 3055 5532 nos
3076 5492 3090 5542 ;
3115 5478 3209 5531 sed
3242 5475 3347 5529 erit
3384 5481 3542 5527 natu-

1972 5572 2160 5627 raliter
2196 5571 2339 5626 idem
2377 5570 2682 5635 nobiscum,
2712 5577 2764 5622 et
2803 5575 3043 5633 tempore
3068 5573 3276 5621 tantum
3306 5562 3540 5627 (ἥσει-ει,

361 5759 557 5825 ’Joan.
598 5781 741 5836 xvu,
776 5761 976 5820 20.22.
1056 5760 1075 5793 ⁸
1104 5758 1207 5817 lsa.
1240 5772 1349 5822 xw,
1384 5756 1469 5811 19.
1552 5753 1573 5785 ’
1600 5753 1730 5808 ibid.
1762 5750 1846 5806 14.
1927 5750 1968 5782 ¹⁶
2005 5748 2156 5804 Joan.
2186 5763 2316 5814 xvn,
2348 5748 2431 5803 24.

3438 344 3542 403 198
3646 374 3653 382 ·
