4078 6260
563 267 666 324 199

1587 257 1644 312 S.
1685 257 1960 314 CYRILLI
1999 257 2467 313 ALEXANDRINI
2507 255 2823 314 ARCHIEP.

3715 247 3820 305 200

563 384 831 455 siquidem
877 389 932 436 et
970 381 1085 451 ipse
1117 388 1245 434 ante
1282 392 1473 434 omnes
1517 379 1773 444 exsistit;
1820 389 1875 433 at
1902 381 2134 435 tametsi

2248 384 2436 454 χρόνῳ,
2469 385 2590 437 ἐπεὶ
2635 383 2730 435 καὶ
2764 379 2928 442 αὐτός
2959 379 3073 432 ἐστι
3106 376 3211 448 πρὸ
3257 373 3474 427 πάντων
3494 387 3507 402 ·
3550 370 3688 426 ἀλλὰ
3719 372 3820 425 κᾶν

566 487 814 545 tempore
856 473 1006 542 prior
1049 473 1141 535 sit,
1175 471 1316 524 idem
1354 479 1531 523 tamen
1578 470 1858 524 nobiscum
1899 471 2004 523 erit
2048 486 2137 524 ra-

568 571 716 623 tione
743 566 1011 620 essentne.
1043 562 1180 628 Quid
1210 561 1350 614 enim
1378 560 1951 628 obstiteritquon'tinus
1969 561 2138 614 Adam

567 661 866 716 secundum
903 668 1148 712 naturam
1180 656 1254 708 sit
1282 653 1446 707 Paulo
1471 654 1684 718 similis,
1725 663 1820 707 aut
1850 654 2006 708 alicui
2059 655 2140 708 al-

571 755 670 808 teri
698 761 819 821 post
867 767 926 804 se
975 761 1122 813 nato,
1161 749 1370 802 tametsi
1413 756 1542 800 ante
1573 762 1760 800 omnes
1789 748 1904 816 ipse
1955 764 1983 800 a
2029 748 2140 802 Deo

569 857 788 900 creatus
825 841 1024 896 fuerit?
1058 841 1112 894 Si
1153 856 1284 908 ergo
1331 840 1384 892 in
1435 839 1521 893 his
1553 849 1763 908 tempus
1811 839 2138 908 nibiljuvat,

569 941 696 1007 quid
723 937 970 1004 prohibet
1004 934 1292 1000 quominus
1329 942 1385 985 et
1437 931 1608 986 Filius
1645 942 1771 984 ante
1807 948 1904 986 nos
1932 933 2142 1001 genitus

571 1029 812 1098 ejusdem
864 1026 1115 1080 essentiae
1156 1025 1438 1078 nobiscum
1475 1024 1567 1084 sit,
1609 1023 1651 1076 si
1701 1022 1836 1076 nihil
1881 1022 2022 1075 aliud
2058 1030 2142 1076 est

569 1118 899 1174 discriminis
957 1119 1096 1170 inter
1135 1132 1232 1170 nos
1278 1125 1332 1169 et
1380 1115 1592 1185 ipsum?
1639 1113 1802 1181 Atqui
1855 1113 1897 1166 si
1944 1113 2045 1166 hoc
2073 1127 2139 1166 ex

567 1224 746 1265 vestra
782 1212 1052 1266 sententia
1084 1224 1273 1262 verum
1316 1217 1421 1271 est,
1459 1223 1618 1275 quam
1665 1206 1733 1259 ob
1776 1219 1989 1258 causam
2026 1204 2142 1272 ipse

570 1306 717 1359 solus
740 1313 967 1356 vocatur
990 1310 1230 1363 creator,
1266 1315 1385 1352 cum
1417 1297 1548 1350 nulli
1586 1307 1825 1350 nostrum
1859 1281 1908 1348 id
1946 1309 2141 1348 nomen

569 1394 886 1463 competat?
920 1393 985 1444 Et
1019 1408 1115 1445 nos
1149 1391 1363 1458 quidem
1397 1405 1492 1457 per
1527 1389 1698 1456 ipsum
1725 1387 1890 1441 creati
1931 1399 2138 1450 sumus,

569 1487 683 1554 ipse
703 1501 831 1539 vero
867 1484 1129 1538 creatoris
1157 1483 1383 1551 gloriam
1423 1480 1522 1534 sibi
1556 1479 1801 1532 ascribit.
1839 1477 1902 1530 Et
1929 1491 2140 1545 aequum

569 1588 711 1642 erat,
773 1578 816 1630 si
876 1577 1016 1630 idem
1075 1584 1265 1626 natura
1319 1588 1437 1625 cum
1485 1571 1600 1637 ipso
1648 1583 1856 1633 sumus,
1892 1568 2142 1622 eumdem

571 1670 736 1724 etiam
787 1684 906 1720 cum
966 1667 1058 1720 illo
1103 1665 1242 1731 apud
1306 1662 1520 1716 Patrem
1570 1663 1742 1716 locum
1782 1661 2049 1724 obtinere,
2089 1666 2143 1712 ct

2243 477 2340 550 ἔχῃ
2385 477 2444 529 τὸ
2497 475 2849 547 προτερεύειν
2889 472 3031 526 κατὰ
3079 471 3168 524 τὸν
3212 469 3422 539 χρόνον,
3454 466 3611 518 ἔσται
3661 464 3822 517 πάλιν

2243 569 2372 637 ἡμῖν
2404 569 2524 620 κατ’
2545 567 2734 620 οὐσίαν
2765 567 2792 618 ὁ
2817 565 3000 628 αὑτός.
3033 562 3098 616 Τί
3127 559 3236 631 γὰρ
3257 557 3489 612 κωλύσει
3517 555 3612 608 τὸν
3651 555 3822 625 ’Δδὰμ

2242 659 2320 721 εἰς
2349 653 2590 711 τὸεῖναι
2631 657 2772 710 κατὰ
2807 656 2966 726 φύσιν
2999 655 3183 724 ὅμοιον
3214 651 3291 720 τῷ
3326 647 3522 718 Παύλῳ
3565 661 3748 717 τυχον,
3785 661 3817 717 η

2243 747 2414 818 ἑτέρῳ
2439 747 2548 800 τινὶ
2579 745 2687 798 τῶν
2722 747 2837 815 μετ’
2859 744 3020 798 αὑτὸν
3045 742 3365 810 γεγονότων,
3391 737 3450 790 τὸ
3471 737 3578 807 πρὸ
3608 736 3819 788 πάντων

2243 839 2405 891 αὑτὸν
2454 838 2785 904 πεποιῆσθαι
2837 835 2988 906 παρὰ
3035 833 3204 898 Θεοῦ;
3239 834 3300 884 Εἰ
3335 831 3516 883 τοίνυν
3565 829 3721 881 οὐδὲν
3765 829 3819 880 ἐν

2240 931 2450 993 τούτοις
2481 934 2508 984 ὁ
2536 931 2728 1000 χρόνος
2757 929 2976 998 ὠφελεῖ,
3007 928 3058 980 τί
3086 925 3285 979 κωλύει
3319 925 3416 977 καὶ
3443 921 3536 974 τὸν
3565 921 3696 973 Υἰὸν
3721 919 3822 990 πρὸ

2242 1023 2399 1092 ἡμῶν
2422 1023 2701 1090 γεγονότα,
2731 1021 2830 1090 τῆς
2864 1019 3032 1088 αὐτῆς
3072 1019 3256 1079 οὐσίας
3282 1018 3412 1086 ἡμῖν
3450 1015 3740 1084 ὑπάρχειν,
3773 1010 3820 1063 εἰ

2247 1114 2414 1183 μηδὲν
2447 1112 2593 1165 ἐστιν
2637 1113 2821 1180 ἕτερον
2863 1111 2923 1162 τὸ
2959 1109 3162 1180 μεταξὺ
3197 1108 3353 1176 ἡμῶν
3387 1124 3445 1158 τε
3496 1104 3593 1157 καὶ
3626 1102 3817 1167 αὐτοῦς

2243 1206 2353 1258 Kal
2391 1206 2439 1256 εὶ
2470 1203 2627 1256 τοῦτο
2652 1203 2771 1256 καθ’
2809 1203 2952 1273 ὑμᾶς
2981 1205 3126 1254 ἐστιν
3151 1198 3368 1273 ἀληθὲς,
3405 1197 3530 1250 ὅτου
3561 1195 3626 1266 δὴ
3669 1195 3818 1266 χάριν

2244 1297 2404 1359 αὐτὸς
2458 1298 2616 1366 μόνος
2669 1294 2915 1348 καλεῖται
2950 1291 3208 1362 Ποιητὴς,
3243 1269 3410 1360 1ἢμῶν
3451 1289 3558 1340 οὐκ
3598 1286 3821 1356 ἐχόντων

2243 1389 2434 1455 mito;
2468 1389 2578 1441 Kal
2608 1390 2767 1458 ἡμεῖς
2803 1387 2899 1457 μὲν
2921 1387 2984 1438 δι’
3016 1384 3180 1439 αὑτοῦ
3207 1383 3538 1451 γεγόναμεν,
3583 1379 3741 1442 αὐτὸς
3771 1377 3826 1432 δὲ

2243 1481 2340 1550 τὴν
2363 1480 2455 1532 τοῦ
2492 1477 2834 1550 Δημιουργοῦ
2865 1477 3020 1540 δόξαν
3053 1476 3225 1545 φέρει.
3277 1469 3384 1524 Ἦν
3413 1471 3469 1523 δέ
3507 1471 3674 1533 ὅντως
3698 1470 3825 1522 ἀκό-

2243 1571 2429 1624 λουθον
2459 1572 2505 1624 εἰ
2533 1573 2729 1624 ταυτόν
2759 1571 2924 1639 ἐσμεν
2951 1568 3094 1622 κατὰ
3128 1567 3288 1634 φύσιν
3325 1563 3498 1634 αύτῷ,
3534 1562 3630 1632 τὴν
3658 1561 3822 1631 αὐτὴν

2244 1661 2438 1730 ἐκείνῳ
2463 1660 2645 1731 χώραν
2677 1658 2896 1728 ἐπέχειν
2925 1657 3075 1726 παρὰ
3103 1655 3180 1726 τῷ
3211 1654 3384 1723 Πατρὶ
3413 1652 3510 1705 καὶ
3545 1652 3712 1720 ἡμᾶς,
3733 1649 3823 1702 καὶ

570 1773 1014 1827 unumquemque
1063 1765 1306 1810 nostrum
1346 1754 1510 1807 etiam
1550 1752 1732 1806 vocari
1774 1750 2138 1820 Unigenitum,

2248 1754 2475 1807 ἕκαστον
2522 1752 2677 1824 ἡμῶν
2727 1751 3006 1804 καλεῖσθαι
3035 1750 3128 1802 καὶ
3159 1746 3462 1815 Μονογενῆ,
3494 1745 3588 1796 καὶ
3629 1743 3814 1811 Λόγον,

570 1864 628 1906 et
667 1853 925 1912 Verbum,
955 1859 1009 1902 et
1037 1846 1356 1917 sapientiam
1384 1844 1581 1898 Patris.
1614 1847 1851 1909 Quorum
1877 1843 2016 1897 enim
2045 1859 2140 1895 na-

571 1952 694 1998 tura
726 1959 829 1995 uua
862 1950 1022 2009 atque
1050 1939 1236 1992 eadem
1270 1947 1375 2000 est,
1416 1935 1483 1988 iis
1506 1949 1789 1987 commune
1815 1933 1974 1986 etiam
2003 1933 2144 1986 inter

572 2050 632 2089 se.
664 2048 858 2088 nomen
898 2042 980 2084 est
1008 2048 1021 2084 :
1055 2039 1109 2082 et
1137 2026 1280 2098 quod
1306 2027 1394 2080 uni
1430 2025 1922 2088 naturaliterinest,
1958 2025 2010 2077 id
2041 2039 2144 2077 ca:-

572 2131 705 2184 teris
734 2143 946 2197 quoque
973 2126 1062 2195 qui
1092 2124 1332 2192 ejusdem
1369 2129 1577 2175 natura!
1617 2126 1745 2172 sunt
1777 2118 1937 2171 inest.
1969 2115 2037 2167 At
2061 2129 2145 2168 ve-

572 2237 636 2275 ro
668 2221 712 2274 si
738 2221 840 2275 hoc
880 2218 1171 2272 absurdum
1201 2223 1304 2279 est,
1335 2224 1388 2267 et
1426 2225 1602 2280 neque
1648 2219 1923 2265 creatorcs
1959 2222 2144 2262 sumus

573 2323 667 2366 aut
720 2325 998 2375 vocamur,
1058 2321 1232 2375 neque
1283 2304 1574 2373 sapientia,
1623 2309 1716 2355 aut
1762 2298 2022 2364 Verbum,
2054 2305 2144 2351 aut

571 2401 846 2472 splendor,
880 2399 1028 2453 solus
1069 2406 1247 2450 autem
1295 2395 1412 2449 haec
1447 2401 1533 2448 est
1583 2391 1789 2456 Filius;
1838 2405 1944 2444 non
1980 2389 2146 2458 igitur

571 2493 890 2549 naturaliter
922 2490 1062 2544 idem
1105 2487 1390 2543 nobiscum
1415 2486 1541 2552 (est,
1576 2483 1667 2537 sed
1711 2480 2040 2550 peculiarem
2082 2493 2145 2533 ac

572 2581 844 2651 prepriam
892 2594 956 2631 ex
993 2577 1154 2630 Patre
1185 2575 1589 2643 generationem
1637 2571 1820 2633 habet,
1866 2580 2028 2638 atque
2071 2568 2145 2622 ita

572 2680 656 2725 est
686 2686 849 2724 unum
886 2682 1006 2722 cum
1051 2680 1149 2718 suo
1171 2665 1351 2728 Patre,
1388 2677 1496 2716 non
1533 2660 1674 2715 sicut
1702 2674 1800 2714 nos
1829 2659 1917 2728 qui
1959 2660 2024 2714 ad
2060 2660 2144 2728 ip-

572 2779 690 2815 sum
735 2760 917 2826 relati,
956 2773 1049 2827 per
1076 2755 1545 2826 participationem
1571 2751 2145 2811 communicationem-

572 2867 680 2922 que
733 2851 996 2904 unitatem
1060 2845 1340 2901 consecuti
1399 2857 1624 2898 sumus:
1691 2839 2142 2910 quemadmodum

574 2944 776 2995 ferrum
819 2939 928 3008 igni
959 2938 1260 2999 admotum,
1291 2934 1360 2988 ab
1389 2947 1454 2988 eo
1490 2932 1687 2989 caleﬁt.

2245 1847 2338 1898 καὶ
2370 1845 2562 1913 σοφίαν
2607 1842 2698 1896 τοῦ
2740 1842 2972 1913 Πατρός.
3013 1836 3113 1892 Ὧν
3146 1839 3253 1908 γὰρ
3285 1840 3316 1906 ἡ
3347 1837 3514 1904 φύσις
3561 1835 3678 1905 μία,
3707 1828 3822 1886 τού-

2243 1955 2356 2000 τοις
2392 1937 2544 1989 ἔσται
2575 1935 2668 1990 καὶ
2709 1935 2770 1987 τὸ
2813 1935 2982 2004 ὄνομα
3008 1932 3184 1986 κοινόν
3205 1946 3218 1960 ’
3263 1931 3354 1982 καὶ
3385 1930 3528 1998 ὅπερ
3563 1927 3643 1979 ἐνὶ
3693 1920 3821 1978 κατᾶ

2245 2036 2407 2104 φύσιν
2451 2035 2708 2104 ὑπάρχει,
2753 2031 2910 2092 τοῦτο
2958 2029 3175 2091 πάντως
3215 2027 3534 2094 ἐγκείσεται
3580 2023 3674 2076 καὶ
3717 2021 3820 2084 τοῖς

2244 2127 2344 2196 τῆς
2380 2126 2549 2195 αὐτῆς
2600 2123 2917 2194 μετέχουσιν
2956 2109 3164 2182 οὐσίας.
3206 2120 3268 2170 Εί
3302 2118 3358 2169 δὲ
3403 2115 3571 2168 τοῦτο
3612 2113 3819 2174 ἄτοπον,

2245 2219 2341 2272 καὶ
2385 2216 2509 2271 οὔτε
2538 2214 2860 2285 δημιουργοί
2903 2209 3128 2282 ἐσμενῆ
3180 2205 3525 2278 κεκλήμεθα,
3564 2203 3683 2257 οὔτε
3722 2201 3821 2282 μὴν

2248 2308 2429 2376 σοφία,
2463 2306 2496 2376 ἢ
2524 2278 3140 2374 Λόγοςῆ-ἁπαύγασμα
3163 2318 3176 2331 ο
3209 2299 3368 2369 μόνος
3395 2297 3453 2349 δὲ
3491 2295 3663 2348 ταῦτα
3687 2278 3823 2346 ἐστιν

2245 2403 2273 2453 ό
2296 2399 2446 2463 Υἱὸς,
2473 2399 2572 2453 οὐκ
2597 2398 2705 2468 ἄρα
2735 2395 2877 2450 κατὰ
2899 2395 3059 2464 φύσιν
3078 2394 3222 2446 ἔσται
3258 2392 3392 2462 πρὸς
3415 2392 3570 2460 ἡμᾶς
3597 2391 3624 2442 ὁ
3651 2387 3817 2451 αὐτὸς,

2248 2491 2362 2544 ἀλλ’
2411 2489 2716 2553 ἰδιάζουσαν
2764 2491 2827 2540 ἐκ
2873 2484 2966 2539 τοῦ
3013 2484 3224 2552 Πατρὸς
3270 2482 3382 2551 ἔχει
3420 2479 3529 2551 τὴν
3562 2479 3817 2547 γέννησιν,

2247 2582 2340 2635 καὶ
2369 2579 2540 2644 οὕτως
2575 2579 2720 2632 ἐστὶν
2755 2576 2813 2629 ἒν
2846 2575 2982 2646 πρὸς
3011 2575 3102 2626 τὸν
3133 2571 3324 2624 ἑαυτοῦ
3358 2571 3612 2642 Πατέρα,
3648 2569 3704 2622 οὐ
3729 2584 3821 2620 και

2249 2673 2425 2743 θάπερ
2453 2674 2612 2742 ἡμεῖς
2641 2673 2707 2742 τῇ
2742 2669 2876 2740 πρὸς
2900 2668 3060 2720 αὑτὸν
3088 2665 3267 2736 σχέσει
3305 2663 3404 2734 τὴν
3440 2663 3674 2733 ἑνότητα
3703 2676 3820 2728 κερ⁹

2247 2766 2520 2827 δαίνοντες
2548 2761 2852 2832 μετοχικῶς
2892 2777 2952 2812 τε
3001 2758 3092 2812 καὶ
3145 2756 3592 2827 μεταληπτικῶς,
3645 2754 3820 2823 ὥσπερ

2247 2857 2312 2910 ἂν
2361 2859 2409 2909 εί
2463 2857 2557 2910 καὶ
2605 2854 2821 2924 σίδηρος
2868 2853 3001 2923 πυρὶ
3038 2849 3302 2922 ὁμιλήσας
3351 2847 3825 2920 περιθερμαίνοιτο

2249 2951 2378 3019 παρ’
2410 2945 2595 3001 αὑτοῦ.

569 3099 804 3163 ALIUD,
837 3115 953 3150 cum
1003 3097 1228 3150 evidenti
1267 3094 1709 3166 demonstratione
1753 3094 1965 3166 docens,
2004 3094 2143 3162 quod

2248 3084 2450 3166 AAAO,
2487 3082 2639 3166 μετὰ
2666 3081 2881 3166 γοργῆς
2917 3077 3280 3166 ἀπορεἰξεως
3311 3074 3613 3166 διάξω-κως
3641 3073 3721 3161 ὅτε
3758 3072 3825 3126 τὰ

639 3188 758 3242 qua:
788 3170 1052 3234 aliquibus
1077 3168 1270 3242 similia
1293 3175 1414 3242 sunt
1446 3182 1546 3242 non
1575 3165 1735 3233 120
1751 3165 1810 3242 in
1839 3164 2140 3218 universum

644 3233 691 3293 Et
721 3233 1042 3291 naturaliter
1071 3238 1250 3288 insunt
1287 3235 1352 3286 iis
1386 3236 1572 3302 quibus
1620 3235 1817 3287 similia
1859 3245 2012 3297 sunt;
2053 3233 2141 3284 sed

644 3326 705 3361 ea
732 3324 848 3374 qua,
890 3306 1208 3358 naturaliter
1235 3306 1494 3371 aliquibus
1521 3305 1719 3364 insunt,
1757 3303 1914 3356 veluti
1955 3303 2146 3371 imagi-

639 3395 728 3432 nes
754 3377 993 3445 quadam
1016 3375 1148 3443 ﬁunt
1172 3375 1461 3427 motionum
1487 3384 1678 3426 nostra:
1695 3374 1998 3426 voluntatis.

648 3504 927 3574 Scriptura
966 3515 1122 3556 sacra
1148 3499 1224 3553 ita
1255 3498 1322 3553 ad
1346 3496 1630 3552 nonnullos
1659 3495 1941 3565 loquitur:
1981 3513 1998 3546 t
2039 3493 2147 3547 Νο-

574 3599 668 3654 lite
706 3596 820 3650 lieri
857 3595 997 3649 sicut
1029 3607 1200 3662 equus
1239 3599 1295 3644 et
1340 3589 1539 3653 mulus,
1587 3589 1638 3642 in
1675 3588 1874 3656 quibus
1912 3601 2014 3640 non
2064 3596 2148 3640 est

577 3690 881 3744 intellectus
909 3687 985 3752 “;
1025 3703 1043 3736 ι
1083 3693 1136 3737 et
1183 3696 1395 3736 rursum
1429 3681 1493 3734 de
1537 3679 1694 3732 aliis-
1730 3698 1749 3730 ‹
1802 3677 1972 3732 llomo
2025 3693 2145 3730 cum

578 3783 631 3836 in
667 3782 874 3834 honore
905 3785 1051 3831 esset
1080 3790 1187 3830 non
1215 3772 1502 3835 intellexit,
1528 3778 1875 3836 comparatus
1903 3780 1987 3823 est
2022 3769 2150 3822 bru-

576 3877 644 3931 tis
684 3874 1083 3944 insipientibus,
1141 3878 1194 3923 et
1241 3867 1434 3923 similis
1479 3865 1652 3919 factus
1691 3870 1774 3917 est
1829 3861 1906 3915 eis
1931 3861 1993 3912 ι’.
2029 3877 2048 3910 ι
2084 3859 2149 3912 Ει

574 3971 815 4024 iterum:
845 3985 864 4018 ε
912 3965 1047 4034 Equi
1098 3962 1342 4017 furentes
1389 3960 1441 4013 in
1484 3972 1652 4028 equas
1701 3955 1827 4009 facti
1879 3951 2088 4008 sunt".
2123 3969 2142 4001 p

575 4061 834 4116 Set-valor
878 4068 1057 4112 autem
1088 4055 1153 4110 ad
1201 4049 1496 4121 discipulos
1527 4064 1654 4103 suos
1687 4043 2028 4102 manifestius
2064 4043 2147 4097 di-

574 4155 688 4208 cit:
738 4171 756 4203 ι
795 4152 975 4206 Estote
1009 4150 1304 4219 prudentes
1334 4145 1474 4198 sicut
1521 4151 1822 4212 serpentes,
1848 4149 1903 4194 et
1947 4134 2151 4205 simpli-

577 4257 666 4296 ces
699 4243 838 4295 sicut
873 4241 1138 4294 columba:
1173 4238 1237 4290 “.
1281 4255 1298 4288 ι
1330 4236 1397 4290 Ει
1427 4249 1675 4289 rursum:
1719 4250 1736 4283 ι
1766 4230 1951 4284 Estole
1988 4227 2150 4281 mise-

580 4333 820 4386 ricordes
849 4332 990 4385 sicut
1031 4338 1088 4382 et
1125 4330 1291 4382 Pater
1337 4335 1519 4380 vester
1555 4323 1795 4378 caelestis
1839 4320 2150 4374 misericors

2315 3144 2745 3222 ἑξοιὶοίούμεᾷἀ
2774 3144 2952 3222 hair,
2982 3150 3052 3222 ob
3078 3147 3315 3222 πάντως
3343 3146 3437 3222 25a}
3460 3144 3619 3197 κατὰ
3645 3144 3823 3222 φύσιν

2314 3214 2543 3278 ἐίέξσιν
2590 3214 2684 3287 οἷς
2735 3219 3172 3288 ἐξομοιοῦνται,
3230 3215 3370 3288 (illi
3403 3215 3614 3288 ὥσπερ
3673 3214 3822 3288 τινές

2315 3296 2544 3359 είκόνες
2569 3293 2640 3345 τὰ
2661 3279 2855 3359 ’φύοίεῖ
2903 3289 3208 3359 προσόντα
3252 3285 3376 3359 τισὶ
3408 3279 3676 3352 γίνονται
3711 3279 3818 3334 τῶν

2315 3365 2466 3419 κατὰ
2507 3354 2856 3431 ,προαίρεσιν
2884 3354 3053 3427 ἡμῶν
3086 3354 3450 3424 κινημάτων.

2319 3489 2480 3556 Λέγει
2515 3489 2652 3555 πρός
2682 3502 2834 3547 τινας
2867 3485 2901 3554 ἡ
2934 3483 3053 3535 θεία
3080 3483 3267 3554 Γραφή
3291 3498 3302 3511 ’
3339 3501 3356 3531 ι
3395 3482 3490 3552 Μὴ
3515 3477 3723 3548 γίνεσθε
3745 3476 3814 3538 ὡς

2251 3581 2414 3641 ἵππος
2435 3580 2529 3631 καὶ
2556 3577 2803 3647 ἡμίονος,
2828 3569 2908 3638 οἷς
2937 3576 3038 3627 οὐκ
3066 3575 3179 3626 ἐστι
3208 3573 3443 3635 σύνεσις.
3476 3591 3500 3622 s
3531 3572 3636 3625 Kal
3665 3569 3815 3623 πάλιν

2249 3669 2376 3738 περὶ
2411 3667 2640 3737 ἐτέρων·
2700 3684 2718 3716 ‹
2775 3663 3096 3735 Ἀνθρωπος
3133 3664 3191 3716 ἐν
3230 3666 3360 3733 τιμῇ
3395 3661 3470 3715 ὢν
3501 3663 3560 3715 οὐ
3606 3660 3812 3727 συνῆκε,

2251 3758 2706 3830 παρασυνεϐλήθη
2774 3759 2886 3820 τοῖς
2953 3757 3177 3826 κτήνεσι
3231 3758 3343 3817 τοῖς
3390 3755 3666 3823 ἀνοήτοις,
3725 3749 3818 3802 καὶ

2249 3849 2506 3921 ὡμοιώθη
2536 3849 2737 3910 αὐτοῖς.
2787 3867 2805 3899 ι
2849 3847 2960 3900 Kal
2989 3846 3186 3899 πόιλιν⁸
3230 3866 3247 3897 t
3282 3846 3471 3898 ’Ἱπποι
3502 3841 3818 3914 θηλυμανεῐς

2250 3943 2602 4014 ἐγενήθησαν.
2640 3959 2657 3992 ›
2707 3942 2765 3993 '0
2789 3941 2844 3993 δέ
2871 3958 2933 4009 γε
2962 3939 3150 4011 Σωτὴρ
3177 3938 3312 4008 πρὸς
3343 3938 3470 4000 τοὺς
3503 3933 3694 3990 ἑαυτοῦ
3723 3949 3816 4002 μα’

2251 4036 2420 4107 θητὰς
2451 4034 2776 4105 τρανότερον
2809 4033 2956 4099 λέγει
2983 4048 2996 4062 ·
3045 4051 3062 4084 ι
3113 4029 3331 4083 Γίνεσθε
3366 4029 3617 4100 φρόνιμοι
3659 4024 3732 4085 ὡς
3769 4021 3818 4074 οἱ

2250 4129 2420 4198 ὄφεις,
2458 4128 2552 4181 καὶ
2585 4125 2835 4198 ἀκέραιοι
2866 4124 2941 4187 ὡς
2971 4125 3024 4176 αἱ
3061 4120 3402 4193 περιστεραί.
3443 4139 3462 4171 ι
3496 4117 3604 4172 Kal
3632 4115 3817 4169 πάλινσ

2261 4240 2280 4273 ›
2314 4219 2529 4273 Γίνεσθε
2561 4217 2902 4288 οἰκτίρμονες
2933 4213 3113 4276 καθὼς
3143 4215 3171 4265 ὁ
3204 4211 3392 4282 Πατὴρ
3424 4209 3577 4279 ὑμῶν
3602 4209 3630 4259 ὁ
3657 4203 3818 4274 οὐρά-

2251 4331 2360 4376 νιος
2399 4311 2698 4382 οἰκτίρμων
2741 4309 2908 4362 ἐστίν.
2967 4327 2985 4358 ι
3021 4307 3084 4360 Εἰ
3121 4306 3219 4376 μὲν
3249 4298 3340 4358 οὖν
3378 4302 3439 4356 τὸ
3473 4302 3583 4362 τοῖς
3610 4295 3820 4362 ἀλόγοις

577 4430 662 4478 est
698 4423 763 4476 ".
797 4440 816 4474 ι
860 4422 917 4476 Si
965 4435 1094 4489 ergo
1153 4417 1325 4472 brutis
1358 4415 1724 4470 animantibus
1765 4411 1972 4466 similes
2020 4409 2144 4462 lacti

2251 4403 2408 4467 ζώοις
2457 4399 2830 4471 ἐξομοιοῦσθαι
2878 4415 3050 4461 τινας,
3105 4398 3185 4449 ὅτι
3233 4395 3331 4465 τὴν
3378 4391 3543 4460 αὐτὴν
3595 4384 3815 4444 ἐκείνοις

579 4522 703 4568 sunt
727 4513 991 4576 nonnulli,
1023 4512 1164 4580 quod
1195 4509 1382 4563 eadem
1417 4521 1540 4561 cum
1580 4504 1686 4558 illis
1737 4503 1934 4556 mentis
1970 4501 2144 4568 inopia

579 4605 903 4668 laborarint,
938 4604 1176 4671 facitque
1210 4601 1311 4654 hoc
1344 4607 1402 4652 ut
1433 4595 1756 4651 naturaliter
1781 4594 1890 4649 sint
1929 4593 1980 4647 id
2006 4592 2147 4660 quod

579 4695 701 4760 illa;
734 4704 790 4748 et
834 4709 1039 4758 rursus,
1087 4692 1134 4745 si
1177 4688 1428 4758 discipuli
1481 4687 1756 4741 imitantes
1800 4684 2143 4755 prudentiam

579 4795 915 4858 serpentum,
954 4794 1008 4839 et
1031 4782 1435 4853 simplicitatem
1457 4778 1858 4841 columbarum,
1887 4785 1936 4830 et
1970 4774 2149 4830 Patris

579 4881 815 4937 celestis
827 4879 894 4932 ad
921 4875 1352 4932 misericordiam
1377 4871 1791 4943 propensionem
1813 4868 2148 4930 simulantes,

577 4981 859 5040 serpentes
885 4980 938 5024 et
967 4969 1232 5024 columbae
1259 4968 1415 5032 nunt,
1443 4974 1604 5033 atque
1627 4961 1890 5030 adeoipsi
1923 4960 2030 5015 Deo
2053 4975 2143 5012 na-

582 5064 825 5118 turaliter
870 5063 1076 5117 similes
1124 5060 1402 5125 evadunt,
1443 5057 1575 5112 nihil
1620 5055 1891 5110 obstiterit
1933 5053 2145 5123 quomi-

582 5169 704 5216 nus,
724 5153 937 5221 quando
961 5153 1190 5207 dicimur
1220 5166 1382 5204 uuum
1413 5148 1528 5204 lleri
1559 5162 1680 5202 cum
1705 5145 1953 5210 Domino,
1983 5156 2145 5196 unum

582 5258 702 5297 cum
737 5242 846 5297 Deo
886 5245 1091 5298 ratione
1136 5243 1386 5296 essentizn
1435 5240 1654 5304 ﬁamus,
1694 5235 2152 5306 quemadmodum

581 5335 752 5390 Filius
779 5350 900 5388 cum
943 5333 1125 5386 Patre.
1167 5331 1222 5386 Si
1259 5346 1387 5387 vero
1415 5329 1528 5384 sola
1553 5327 1917 5406 cogitationis,
1951 5325 2035 5379 vel
2069 5339 2154 5378 ac-

586 5429 746 5482 tionis
773 5424 1125 5481 similitudine
1165 5439 1228 5477 ea
1274 5423 1471 5491 quibus
1503 5434 1885 5488 comparamur
1915 5417 2029 5470 lieri
2064 5417 2148 5469 di-

585 5519 778 5580 cimur,
809 5532 912 5570 non
950 5530 1138 5569 sumus
1168 5515 1328 5584 igitur
1359 5513 1656 5568 secundum
1688 5509 1982 5564 essentiam
2010 5508 2149 5561 idem

669 5689 706 5718 “
735 5687 877 5742 Psal.
909 5705 1056 5759 xm,
1095 5690 1147 5745 9.
1227 5692 1268 5720 τ’
1304 5688 1443 5744 Psal.
1474 5702 1662 5756 ηισιιι,
1700 5685 1784 5739 13.

1862 5684 1901 5716 ⁸³
1932 5681 2130 5739 Jeretn.
2167 5695 2210 5745 ι’,
2240 5679 2291 5733 8.

2252 4494 2516 4563 ἐνόσησαν
2546 4491 2821 4552 ἀϐουλίαν,
2851 4490 2943 4542 καὶ
2975 4488 3113 4542 κατὰ
3148 4487 3306 4555 φύσιν
3341 4477 3477 4535 εἶναι
3506 4477 3662 4532 τοῦτο
3685 4473 3819 4528 ποιεῖ

2251 4586 2389 4654 ὅπερ
2422 4585 2570 4636 ἐστὶν
2601 4584 2784 4635 ἐκεῖνα
2805 4598 2817 4612 '
2855 4581 2950 4634 καὶ
2984 4580 3165 4642 πάλιν,
3207 4578 3253 4630 εί
3282 4575 3342 4628 τὸ
3382 4569 3666 4644 μιμεῖσθαι
3703 4566 3819 4625 τοὺς

2256 4675 2502 4747 μαθητὰς
2544 4675 2604 4727 τὸ
2631 4673 2726 4727 τοῦ
2766 4675 2941 4743 ὄφεως
2986 4671 3268 4742 φρόνιμον,
3322 4664 3502 4720 καὶτὸ
3533 4664 3630 4731 τῆς
3670 4673 3819 4726 περι-

2255 4770 2451 4839 στερᾶς
2481 4767 2755 4837 ἀκέραιον,
2793 4765 2886 4819 καὶ
2919 4763 2979 4816 τὸ
3018 4761 3111 4815 τοῦ
3139 4759 3350 4830 Harpe;
3381 4755 3473 4809 τοῦ
3516 4756 3572 4806 ἐν
3601 4751 3708 4811 τοῖς
3731 4745 3819 4798 οὑ-

2261 4863 2439 4929 ρανοῖς
2463 4859 2750 4934 πρόχειρον
2782 4857 2909 4928 περὶ
2931 4855 2991 4908 τό
3021 4854 3223 4914 πάντας
3250 4851 3410 4912 ἑλεῖν,
3436 4846 3526 4900 καὶ
3554 4845 3699 4910 ὄφεις
3730 4836 3819 4888 αὖ·

2256 4926 2382 5014 τοὺς
2400 4926 2966 5021 καὶνπεριστερὰςήκαὶ
2993 4944 3134 5000 κατὰ
3164 4943 3323 5012 φύσιν
3345 4940 3560 5012 ὁμοίους
3585 4926 3817 5002 γίνεσθαι

2254 5043 2660 5114 παρασκευάζει
2682 5041 2759 5112 τῷ
2786 5041 2904 5111 Θεῷ
2926 5055 2938 5067 ⁸
2967 5041 3092 5092 ὅταν
3119 5034 3404 5105 λεγώμεθα
3429 5027 3668 5100 γίνεσθαι
3690 5019 3818 5090 πρὸς

2255 5112 2458 5208 Κύριον
2489 5136 2567 5197 ἓν,
2602 5136 2752 5188 οὐδὲν
2783 5132 2979 5188 κωλύει
3004 5131 3204 5198 λέγειν,
3241 5129 3322 5181 ὅτι
3357 5126 3419 5196 δὴ
3453 5119 3588 5175 κατὰ
3622 5112 3819 5208 τδνῄτῆς

2253 5198 2441 5290 οὐσίας
2463 5227 2617 5294 λόγον
2644 5225 2699 5277 ἓν
2721 5223 3022 5292 γεγόναμεν
3052 5219 3189 5287 πρὸς
3217 5217 3307 5269 τὸν
3335 5216 3486 5275 Θεὸν,
3508 5210 3690 5274 ὥσπερ
3711 5198 3818 5294 ἐστὶ

2255 5318 2348 5370 καὶ
2372 5317 2400 5368 ό
2427 5289 2557 5378 Υἱὸς
2591 5289 2842 5385 πρὸς-τὸν
2865 5289 3057 5362 ἐαυτοῦ
3089 5305 3329 5376 Πατέρα.
3365 5305 3427 5356 Εἰ
3459 5301 3514 5353 δὲ
3549 5296 3703 5368 μέχρι
3739 5289 3824 5385 pli-

2256 5427 2350 5476 νης
2399 5407 2607 5466 ἐννοίας
2636 5379 2676 5474 ’ἦ
2719 5402 2968 5475 πράξεως
3013 5402 3045 5470 ἡ
3094 5397 3344 5468 ὁμοιότης
3386 5394 3515 5464 ἡμῖν
3575 5379 3818 5476 πρὸς-’τὰ

2255 5473 2837 5570 ἀντιπαραϐαλλόμενα
2865 5494 3072 5563 πέφυκε
3106 5487 3374 5558 γίνεσθαι,
3401 5486 3501 5538 οὐκ
3533 5477 3692 5546 ἐσμὲν
3720 5473 3816 5541 ἄρα

2373 5675 2633 5730 “Matth.
2667 5674 2830 5744 x,16.
2914 5676 2954 5706 ¹⁵
2986 5673 3114 5729 Luc.
3153 5689 3222 5741 tt,
3256 5672 3344 5726 '56.
