4078 6260
449 372 554 428 297

968 492 1172 543 Solimo
1208 489 1535 558 objerlianis.

524 614 579 665 Si
625 610 830 664 nullunt
864 619 1008 663 esset
1054 606 1348 661 discrimen
1389 605 1532 656 inter
1570 601 1733 654 Deum
1772 600 2037 653 et'linmi-

450 720 570 767 nes,
601 704 853 768 exigatur
885 717 939 753 ιιι
973 700 1156 769 gignat
1195 698 1265 750 ita
1293 706 1349 748 ut
1380 695 1565 748 homo.
1595 695 1648 748 Si
1682 709 1812 747 vero
1842 692 2037 745 exiiuia

451 804 538 849 cst
581 794 675 847 Dei
710 803 926 853 natura,
966 792 1069 844 erit
1104 791 1265 841 etiam
1313 788 1380 841 ab
1422 787 1675 839 humanis
1707 785 1928 854 legibus
1968 782 2038 835 li-

463 890 614 941 bera.
643 885 828 952 Neque
859 881 1003 935 enim
1039 889 1098 932 nt
1131 880 1290 932 ltttltat)
1319 878 1502 945 genuit
1537 875 1698 937 Dens,
1725 888 1779 927 ιιι
1803 874 2042 927 ctiam-is

456 981 546 1049 qui
607 979 818 1047 genitus
880 983 982 1032 est.
1034 982 1239 1023 natura:
1297 979 1495 1022 nostrze
1547 968 1911 1020 conditionem
1957 984 2044 1018 sc-

457 1086 653 1139 ipieus,
680 1069 881 1135 gignat,
925 1064 1020 1116 sed
1067 1062 1251 1114 divino
1295 1070 1456 1127 atque
1500 1058 1756 1112 ineffabili
1790 1059 1945 1110 modo
1976 1073 2037 1111 es

457 1160 618 1213 Patre
654 1157 868 1225 genitus
894 1162 1001 1206 est.
1048 1149 1106 1204 Si
1167 1161 1349 1203 autem
1383 1164 1605 1203 necesse
1643 1158 1725 1202 est
1764 1158 1821 1201 ιιι
1862 1150 1906 1200 is
1949 1148 2039 1216 qui

457 1251 639 1319 genuit
668 1248 875 1318 gignat,
904 1255 1127 1315 propter
1157 1242 1460 1296 naturalem
1495 1252 1736 1294 nostram
1762 1250 2046 1294 consuetu-

458 1345 666 1405 dinem,
718 1348 772 1391 et
810 1353 871 1391 ea
929 1351 1049 1404 qua:
1092 1334 1309 1387 deitatis
1342 1334 1557 1402 prOprEa
1604 1342 1750 1393 sunt,
1796 1330 2045 1385 Immanis

462 1433 670 1501 legibus
720 1430 961 1498 subjecta
1028 1437 1189 1489 sunt,
1247 1426 1374 1495 quid
1425 1424 1696 1479 obstiterit
1754 1424 2046 1493 quominus

468 1524 610 1577 l‘atri
644 1523 810 1575 etiam
847 1531 1055 1589 patrem
1087 1518 1528 1571 constituamus?
1566 1518 1639 1571 Ita
1672 1519 1814 1571 enim
1861 1526 2043 1571 nostra

458 1613 943 1670 ιτιιιιειιοιιιιιοιῖοιί.
973 1612 1041 1664 At
1081 1627 1208 1665 vero
1235 1611 1278 1665 si
1310 1609 1472 1664 Pater
1495 1626 1557 1664 ex
1607 1610 1751 1665 nullo
1782 1610 2047 1679 principio

467 1719 573 1771 est,
618 1717 939 1772 nostrasque
989 1703 1135 1773 leges
1182 1712 1235 1755 et
1269 1716 1474 1756 morem
1524 1702 1680 1769 longe
1708 1708 1953 1769 superat,
1989 1709 2047 1754 ιιι

462 1802 624 1865 Dens,
668 1797 811 1851 nulla
871 1796 1010 1849 ratio
1038 1803 1194 1864 coget
1216 1792 1423 1847 Filium
1472 1793 1714 1862 gignere.
1751 1790 1867 1845 Erit
1897 1792 2041 1846 enim

463 1894 566 1946 hoc
594 1897 750 1960 pacto
776 1888 921 1941 Patri
946 1886 1164 1949 similis,
1195 1894 1252 1937 ut
1279 1883 1424 1938 omni
1446 1884 1768 1937 necessittte
1798 1882 2043 1950 superior

456 1985 748 2042 exsistens.
793 1990 849 2033 ut
892 1978 1054 2032 Deus.
1406 1988 1407 1991 ‘

1136 2092 1367 2148 ALIUD.

531 2212 704 2267 Nemo
743 2211 940 2264 mentis
985 2224 1207 2277 compos
1259 2208 1499 2271 dixerit,
1535 2207 1853 2263 dissimilem
1887 2206 2044 2263 xPatri

462 2309 660 2362 Filium
701 2305 895 2368 videri,
924 2318 1044 2357 eam
1071 2306 1139 2357 ob
1162 2318 1406 2363 causam,
1438 2303 1581 2371 quod
1612 2301 1724 2371 ipse
1746 2302 1911 2356 etiam
1940 2316 2044 2354 non

460 2399 669 2467 genuit,
714 2410 890 2463 neque
936 2394 1036 2447 lilii
1084 2404 1239 2462 pater
1278 2392 1454 2448 factus
1492 2393 1583 2447 sit.
1632 2394 1745 2447 ltno
1791 2408 1916 2448 vero
1952 2408 2048 2463 per

464 2497 566 2545 hoc.
592 2489 773 2560 ponus
797 2486 1171 2542 admirabilem
1200 2486 1492 2554 quamdam
1518 2495 1572 2539 et
1596 2484 2045 2554 perfectissimam

462 2590 650 2636 cernet
708 2578 890 2632 Patris
939 2579 992 2632 in
1044 2577 1178 2631 Filio
1220 2561 1534 2645 imaginem.
1582 2576 2046 2642 Quemadmodum

462 2675 607 2729 enim
635 2671 799 2725 Pater
830 2668 1151 2722 mutationis
1188 2667 1639 2735 alteratiouisque
1673 2680 1867 2733 expers
1901 2681 2046 2719 sem-

464 2780 561 2833 per
591 2771 775 2816 manet
819 2758 1002 2821 Pater,
1034 2774 1211 2827 neque
1254 2759 1306 2811 in
1352 2756 1547 2812 Filium
1594 2764 2045 2812 transmutatur:

466 2859 539 2911 ita
594 2853 826 2908 Verbum
874 2865 939 2904 ex
995 2851 1113 2917 ipso
1147 2847 1330 2902 .Filius
1375 2851 1692 2919 procedens,
1754 2858 1936 2902 manet
1996 2849 2046 2901 id

464 2951 609 3018 quod
639 2959 745 3010 est,
769 2943 958 2998 Patris
998 2942 1494 2997 inmutabilitatem
1522 2942 1687 2995 etiam
1726 2955 1820 3009 per
1860 2941 1962 2995 hoc
1994 2941 2046 2994 in

464 3057 587 3098 sese
633 3039 950 3096 ostendens.
1014 3034 1223 3089 Similis
1271 3034 1448 3104 igitur
1490 3032 1643 3102 juxta
1698 3033 1798 3087 lmc
1834 3046 2050 3101 quoque

464 3153 547 3197 est
573 3139 741 3196 Patri.

471 3270 1027 3349 125‘Interrogatio
1064 3268 1776 3349 Arianorummperhqnam,
1838 3274 1891 3317 ut
1951 3264 2049 3349 ipsi

534 3335 744 3414 ῖιῧὰεηι
772 3335 983 3410 putant,
1017 3341 1292 3391 ostendunt
1322 3335 1525 3389 Filium
1552 3335 1708 3391 Patri
1740 3338 2053 3404 inaequalem

531 3430 662 3469 esse.

541 3550 733 3615 Filius,
768 3546 1043 3616 inquiunt,
1088 3554 1186 3598 aut
1235 3552 1318 3598 est
1363 3541 1516 3597 liberi
1550 3541 1781 3607 arbitrii,
1816 3552 1909 3596 aut
1947 3558 2052 3597 non

468 3655 573 3703 est.
589 3643 649 3699 Si
668 3652 770 3708 est,
800 3650 951 3698 certe
972 3639 1238 3693 electione
1262 3635 1557 3689 voluntatis
1575 3635 1747 3688 bonus
1762 3644 1866 3689 est.
1900 3633 2052 3700 Quod

470 3752 600 3792 vero
628 3734 896 3790 electione
928 3742 980 3787 et
1021 3745 1127 3784 non
1164 3736 1353 3782 natura
1402 3726 1546 3781 circa
1581 3727 1786 3795 aliquid
1811 3735 2050 3791 tenetur,

470 3838 645 3900 potest
675 3827 838 3882 etiam
870 3825 922 3878 in
952 3824 1055 3878 alia
1096 3818 1375 3876 immutari
1410 3839 1422 3874 :
1456 3830 1510 3873 et
1560 3820 1611 3874 in
1639 3834 1801 3889 quam
1848 3829 2054 3889 partem

470 3921 757 3978 electionis
790 3920 1022 3987 impetus
1058 3916 1285 3981 feratur,
1318 3914 1425 3969 illic
1450 3913 1674 3968 omnino
1705 3913 1809 3967 erit
1838 3914 1885 3967 id
1912 3914 2055 3983 quod

466 4014 735 4071 electione
767 4010 1204 4066 administratur.
1245 4005 1300 4060 Id
1329 4018 1508 4061 autem
1538 4007 1767 4059 mutatio
1798 4016 1851 4061 et
1878 4005 2058 4076 passio

469 4118 572 4165 cst.
604 4105 707 4174 Qui
748 4119 877 4159 vero
930 4100 1212 4156 mutationi
1257 4109 1311 4154 et
1356 4098 1593 4170 passioni
1639 4098 1905 4153 obnoxius
1950 4109 2054 4164 est,

470 4214 709 4267 quonam
739 4207 900 4265 pacto
932 4194 1005 4249 sit
1033 4191 1151 4262 ejus
1173 4192 1263 4261 qui
1286 4191 1640 4247 immutabilis
1663 4202 1718 4246 et
1743 4190 2057 4262 impatibilis

471 4297 555 4343 cst
586 4289 763 4357 imago
783 4297 832 4341 et
868 4285 1205 4340 similitudo?
1235 4283 1329 4337 Sin
1357 4295 1538 4339 autem
1572 4283 1924 4340 immutabilis
1948 4294 2053 4349 est,

475 4395 649 4449 neque
682 4379 734 4431 in
768 4377 909 4429 aliud
935 4374 1062 4429 ferri
1102 4382 1300 4443 potest,
1334 4376 1426 4427 sed
1454 4374 1509 4429 id
1543 4376 1684 4443 quod
1716 4385 1798 4430 est
1844 4391 2058 4446 semper

475 4478 683 4528 manet.
716 4476 867 4521 certe
899 4474 957 4518 ut
990 4465 1125 4532 lapis
1154 4463 1236 4515 vel
1290 4463 1494 4531 lignum
1527 4478 1740 4531 semper
1783 4465 1836 4518 in
1879 4466 2056 4534 seipse

1447 369 1504 421 S.
1548 363 1821 418 C\'llll.i.l
1864 361 2333 417 ΑΗΖΧΑΝΜΗΜ
2379 362 2694 417 ABClllEl’.

3625 366 3733 421 9.03

2634 485 2742 553 Πρέ
2755 506 2785 549 ς
2823 484 2995 537 τοῦτο
3034 486 3235 549 λύσις.

2214 602 2274 653 ΕΞ
2304 602 2361 653 τὸ
2412 599 2785 670 παραλλάττον
2828 599 2978 651 οὐδὲν
3018 600 3074 650 ἐν
3122 596 3242 668 Θεῴ
3278 599 3369 651 καὶ
3400 598 3737 671 ἀνθρώποις,

2141 692 2478 747 ἀπαιτεξσθω
2510 692 2568 745 τὸ
2593 692 2787 761 γεννᾷν
2818 692 2908 743 καὶ
2930 690 3105 754 οὕτως
3142 692 3215 752 ὡς
3246 690 3552 762 ἄνθρωπος.
3593 693 3655 744 Εἰ
3683 694 3738 746 δὲ

2141 786 2472 855 ὲξαῐρετοςὴ
2501 783 2636 837 Θεοῦ
2686 782 2867 850 φύσις,
2901 783 3053 835 ἔσται
3097 785 3313 846 πάντως
3346 784 3438 836 καὶ
3464 784 3567 852 τῆς
3614 785 3738 838 καθ’

2142 880 2289 948 ἡμᾶς
2314 879 2558 948 ἀνάγκης
2590 877 2869 946 ἐλευθέρα.
2907 879 2983 930 Οὐ
3014 878 3123 948 γὰρ
3157 878 3233 940 ὡς
3263 877 3551 948 ἄνθρωπος
3580 880 3739 946 ἐγέν-

2144 988 2274 1041 νησε
2323 970 2475 1032 Θεὸς,
2512 971 2599 1023 ἵνα
2648 969 2743 1023 καὶ
2778 969 2806 1021 ὁ
2850 970 3057 1038 τεχθεὶς
3098 973 3217 1033 ταῖς
3262 973 3523 1039 φυσικαῖς
3581 971 3740 1041 ἡμῶν

2150 1063 2416 1133 ἑπόμενος
2445 1061 2787 1125 άκολουθίαις
2818 1061 2973 1135 τέκῃ.
3012 1061 3146 1115 ἀλλὰ
3178 1062 3329 1115 θείαν
3355 1063 3477 1115 τινὰ
3510 1062 3609 1115 καὶ
3642 1062 3740 1132 ἆῤ-

2147 1158 2310 1225 ρητον
2357 1158 2420 1209 ἐκ
2469 1157 2681 1227 Πατρὸς
2719 1156 2832 1225 ἔχει
2861 1156 2959 1225 τὴν
2987 1156 3259 1227 γέννησιν.
3310 1156 3372 1207 Εἰ
3412 1155 3467 1207 δὲ
3516 1155 3736 1223 ἀνάγκη

2144 1248 2236 1300 τὸν
2276 1247 2608 1319 γεννηθέντα
2648 1248 2845 1317 γεννᾷν
2883 1247 2971 1299 διὰ
3012 1248 3112 1317 τὴν
3154 1248 3285 1316 παρ’
3317 1248 3446 1315 ἡμῖν
3498 1247 3739 1317 φυσικὴν

2147 1337 2458 1407 συνήθειαν,
2486 1338 2586 1391 καὶ⁵
2623 1339 2733 1400 τοῖς
2777 1337 2877 1406 τῆς
2921 1335 3334 1409 ὁνθρωπότητος
3374 1336 3567 1404 νόμοις
3609 1338 3741 1390 ὑπο-

2146 1430 2333 1483 πίπτει
2362 1429 2432 1483 τά
2460 1429 2560 1499 τῆς
2607 1428 2857 1499 θεότητος
2904 1428 3041 1481 ῖδια’
3090 1430 3143 1480 τί
3175 1429 3237 1481 τὸ
3275 1428 3483 1480 κωλύον
3522 1430 3737 1499 πατέρα

2145 1521 2329 1575 δοῦναι
2378 1521 2456 1592 τῷ
2501 1521 2718 1592 (lupi;
2761 1522 2916 1575 Οὕτω
2960 1522 3067 1593 γὰρ
3102 1524 3149 1575 οἱ
3200 1523 3328 1593 παρ’
3364 1525 3517 1594 ἡμῖν.
3570 1523 3633 1576 ΕΞ
3680 1521 3738 1574 δὲ

2147 1612 2294 1666 ἔστιν
2338 1614 2439 1666 οὐκ
2489 1612 2553 1665 ἔκ
2598 1629 2743 1676 τινος
2792 1612 2967 1685 ἀρχῆς
3005 1615 3033 1667 ό
3083 1613 3295 1693 Πατὴρ,
3333 1613 3425 1665 καὶ
3469 1612 3573 1682 τὴν
3614 1611 3737 1665 καθ’

2146 1708 2295 1777 ἡμᾶς
2326 1706 2607 1759 ἀναϐαίνει
2637 1705 2927 1776 συνήθειαν
2950 1706 3032 1769 ὼς
3060 1706 3211 1772 Θεὸς,
3234 1705 3405 1769 οὐδεὶς
3434 1704 3738 1773 ἀναγκάσει

2149 1798 2306 1865 λόγος
2334 1798 2538 1851 τίκτειν
2566 1799 2657 1852 τὸν
2684 1798 2829 1853 Υῑόν.
2870 1800 3063 1852 Ἔσται
3090 1799 3199 1869 γάρ
3234 1799 3327 1853 καὶ
3357 1797 3502 1852 οὕτω
3536 1797 3739 1868 μᾶλλον

2150 1891 2227 1960 τῷ
2258 1891 2433 1962 Πατρὶ
2471 1892 2872 1963 παραπλήσιος,
2897 1891 3017 1945 ἄνω
3056 1892 3236 1961 πάσης
3263 1892 3512 1960 ἀνάγκης
3557 1890 3737 1959 ὑπάρ-

2147 2001 2278 2052 χων,
2315 1983 2389 2047 ὡς
2425 1984 2575 2048 Θεός.

2836 2100 3037 2153 ΔᾹΛυ.

2210 2212 2332 2264 Οὐκ
2382 2212 2447 2265 ἄν
2484 2229 2562 2274 τις
2595 2212 2738 2265 εἴποι
2770 2211 2895 2264 νοῦν
2937 2212 3095 2282 ἔχων,
3134 2211 3389 2281 ’ἀνόμοιον
3432 2210 3736 2279 φαίνεσθαι

2146 2305 2224 2375 τῷ
2281 2305 2457 2377 ﬂaith
2490 2305 2579 2357 τον
2616 2304 2763 2365 Υῐὺν,
2818 2304 2940 2356 ἐπεὶ
2988 2303 3062 2374 μὴ
3108 2305 3208 2357 ικαὶ
3255 2304 3414 2366 αὐτὸς
3445 2303 3737 2373 ἐγέννησε,

2151 2398 2285 2469 μηδὲ
2318 2398 2433 2451 υἱοῦ
2455 2398 2645 2466 γέγονε
2672 2398 2874 2468 πατήρ.
2920 2394 3083 2448 Ἀλλὰ
3114 2395 3315 2466 μᾶλλον
3341 2396 3436 2448 καὶ
3460 2394 3552 2447 διὰ
3581 2393 3740 2447 τοῦτο

2150 2491 2471 2560 θαυμαστήν
2498 2506 2621 2542 τινα
2640 2489 2732 2541 καὶ
2754 2487 3159 2559 ἀκριϐεστάτην
3183 2487 3371 2556 ὄψεται
3396 2485 3489 2539 τοῦ
3520 2486 3738 2557 Ηατρὸς

2149 2584 2207 2635 ὲν
2234 2581 2349 2651 Υἱῷ
2378 2581 2474 2652 τὴν
2500 2582 2705 2633 εἰκόνα.
2736 2581 2945 2651 ’Ὠσπερ
2969 2580 3076 2648 γὰρ
3104 2581 3131 2632 ὁ
3161 2578 3350 2648 Πατὴρ
3368 2577 3652 2646 ’ἄτρεπτός
3677 2594 3734 2629 τε

2151 2676 2243 2729 καὶ
2285 2675 2640 2737 ἀναλλοίωτος
2670 2674 2769 2738 ὣν,
2806 2674 2894 2727 ἀεὶ
2930 2674 3080 2743 μένει
3113 2671 3322 2742 Πατὴρ,
3366 2672 3461 2725 καὶ
3493 2673 3579 2734 εἰς
3612 2670 3735 2723 Υἱὸς

2149 2769 2209 2821 οὐ
2244 2766 2659 2837 μεταϐάλλεται,
2697 2765 2873 2828 οὕτως
2896 2767 2924 2818 ό
2959 2763 3018 2829 ἐξ
3044 2763 3210 2818 αὐτοῦ
3240 2763 3412 2831 Λόγος
3446 2761 3580 2824 Υἱὸς
3610 2778 3735 2832 προι

2151 2859 2342 2924 ελθὼν,
2385 2860 2535 2930 μένει
2568 2858 2713 2911 τοῦθ’
2747 2858 2884 2927 ὅπερ
2927 2856 3067 2919 ἐστὶ,
3100 2855 3195 2908 τοῦ
3236 2854 3454 2926 Πατρὸς
3481 2853 3540 2906 τὸ
3577 2852 3738 2906 ἀναλ-

2151 2956 2369 3008 λοίωτον
2402 2956 2497 3008 καὶ
2528 2954 2617 3007 διὰ
2646 2953 2840 3007 τούτου
2884 2952 3145 3006 δεικνύων
3180 2954 3235 3006 ὲν
3275 2950 3473 3022 ἑαυτῷ.
3512 2951 3738 3021 ’Ὁμοιος

2150 3044 2244 3104 οῦν
2272 3051 2369 3102 -καὶ
2404 3049 2542 3103 κατὰ
2579 3049 2736 3102 τοῦτο
2768 3046 2964 3117 Πατρε.

2172 3275 2484 3343 Ἐρώτησις
2514 3274 2841 3342 Ἀρειανῶν,
2864 3275 2940 3343 δι’
2962 3269 3052 3341 ἧς,
3070 3274 3410 3339 ὠςοτονται,
3436 3272 3743 3325 δεικνύου-

2417 3361 2522 3398 σιν
2548 3345 2832 3415 ἀνόμοιον
2859 3342 2941 3409 τῷ
2970 3343 3147 3413 Πατρὶ
3178 3343 3284 3396 τὸν
3327 3345 3481 3396 Υιόν.

2231 3552 2581 3617 Δὺτεξούσιος
2602 3592 2615 3614 ,
2651 3550 2833 3620 φασιν,
2868 3547 3015 3603 ἐστὶν
3046 3550 3073 3601 ό
3102 3547 3250 3611 Υἱὸς,
3291 3547 3448 3617 ἢούκ
3479 3546 3571 3601 ἐστ
3606 3566 3654 3601 ν.
3687 3548 3743 3600 ΕΞ

2161 3645 2260 3716 μὲν
2284 3642 2377 3697 οὖν
2405 3642 2751 3708 αὑτεξούσιός
2781 3643 2917 3708 ἐστι,
2947 3641 3267 3713 προαιρέσει
3300 3640 3530 3710 φαίνοιτ’
3569 3640 3643 3694 ἂν
3673 3644 3745 3693 εἰ-

2158 3737 2332 3799 κότως
2373 3735 2555 3799 καλός.
2589 3735 2661 3787 Τὸ
2681 3734 2737 3787 δὲ
2764 3733 3081 3805 προαιρέσει
3116 3732 3208 3786 καὶ
3237 3733 3295 3784 οὐ
3327 3732 3486 3802 φύσει
3521 3733 3655 3803 περί
3696 3749 3744 3785 τι

2159 3830 2564 3901 κρατούμενον,
2599 3828 2803 3881 δύναιτ’
2839 3827 2904 3881 ἂν
2936 3828 3020 3897 ἐφ’
3065 3828 3228 3897 ἕτερα
3279 3826 3740 3897 μεταϐάλλεσθαι,

2159 3922 2253 3975 καὶ
2286 3922 2369 3990 ἐφ’
2403 3923 2541 3991 ὅπερ
2581 3920 2646 3973 ἂν
2686 3922 2719 3992 ἡ
2763 3923 2859 3990 τῆς
2912 3918 3286 3992 προαιρέσεως
3315 3919 3527 3987 γένοιτο
3562 3918 3738 3989 ῥοπὴ,

2159 4016 2276 4069 ἐκεῖ
2302 4015 2519 4079 πάντως
2538 4014 2695 4067 ἔσται
2715 4015 2777 4067 τὸ
2801 4013 3122 4085 προαιρέσει
3150 4012 3741 4083 διοικούμενον.Τροπὴ

2157 4107 2212 4160 δὲ
2258 4106 2417 4160 τοῦτο
2462 4107 2554 4161 καὶ
2606 4106 2796 4168 πάθος.
2860 4107 2917 4159 Ὁ
2963 4106 3019 4159 δὲ
3058 4104 3265 4176 τροπὴν
3310 4104 3597 4173 ὑπομένων
3654 4105 3744 4156 καὶ

2160 4199 2355 4265 πάθος,
2389 4200 2509 4262 πῶς
2538 4198 2605 4253 ἂν
2629 4201 2713 4269 εἰη
2742 4197 2837 4251 τοῦ
2865 4198 3140 4268 ἀτρέπτου
3179 4197 3271 4249 καὶ
3304 4196 3551 4258 ἀπαθοῦς
3578 4194 3741 4249 εἰκὼν

2160 4294 2253 4345 καὶ
2273 4292 2530 4363 ὁμοιότης
2553 4310 2566 4357 ;
2598 4292 2659 4344 Εἰ
2686 4291 2743 4344 δὲ
2775 4289 3045 4361 ἄτρεπτός
3068 4290 3238 4352 ἐστιν,
3270 4289 3351 4351 εἰς
3378 4288 3529 4341 οὐδὲν
3553 4287 3739 4357 ἕτερον

2160 4383 2565 4454 παρενεχθῆναι
2604 4382 2926 4451 δυνάμενος,
2963 4379 3077 4432 ἀλλ’
3111 4380 3248 4449 ὅπερ
3274 4379 3390 4430 ἐστὶ
3425 4377 3599 4447 μένων
3630 4377 3734 4433 ἀεὶ.

2158 4473 2234 4538 ὡς
2258 4474 2405 4537 λίθος
2433 4476 2543 4545 ἄρα
2575 4474 2608 4543 ἢ
2634 4473 2791 4539 ξύλον
2818 4474 3051 4543 ἕστηκεν
3080 4473 3165 4542 ἐφ’
3191 4471 3369 4541 ἑαυτῷ
3401 4468 3615 4539 φυσικῷ
3634 4487 3737 4521 τινι

472 4560 743 4623 subsistit,
791 4557 1019 4611 naturali
1059 4556 1293 4624 quodam
1346 4562 1401 4607 et
1445 4553 1797 4607 indissolubili
1839 4555 2048 4610 vinculo

2160 4564 2254 4618 καὶ
2289 4566 2549 4636 ἀρῤήκτῳ
2594 4563 2777 4635 δεσμῷ
2798 4605 2812 4628 ,
2845 4566 2925 4627 εἰς
2951 4562 3096 4617 τοῦθ’
3125 4563 3261 4632 ὅπερ
3288 4561 3404 4615 ἐστὶ
3437 4561 3741 4632 κρατούμε-

470 4654 537 4710 ad
562 4653 613 4708 id
640 4650 782 4722 quod
812 4657 895 4703 est
919 4646 1223 4707 devinctus,
1259 4645 1673 4712 libertatemque
1705 4644 1914 4699 arbitrii
1948 4661 2053 4700 non

473 4742 654 4801 habet.

977 4850 1187 4907 Salutio
1230 4849 1554 4915 obyeaionis.

541 4973 767 5044 Oportet
798 4985 932 5027 sane
974 4968 1109 5023 adeo
1140 4965 1339 5033 ineptis
1378 4964 1896 5036 interrogationibus
1922 4983 2056 5039 quas

471 5074 775 5138 proponunt
824 5064 879 5118 in
931 5062 1243 5116 universum
1290 5074 1397 5112 non
1434 5058 1781 5129 reapondere.
1827 5059 2056 5127 Quando

470 5160 615 5214 enim
668 5156 949 5226 responsio
995 5154 1355 5223 undequaque
1385 5170 1506 5208 cum
1550 5150 1885 5219 blasphemia
1922 5168 2052 5208 cou-

462 5251 655 5317 juncta
692 5257 797 5311 est,
847 5245 1119 5299 silentium
1167 5255 1427 5312 pra-stare
1453 5244 1626 5299 satius
1660 5254 1764 5300 est.
1818 5243 1875 5297 Si
1910 5247 2053 5300 enim

472 5341 724 5395 libertate
743 5334 954 5391 arbitrii
979 5335 1258 5403 praeditum
1274 5350 1396 5390 esse
1422 5335 1619 5389 Filium
1643 5336 1843 5399 dicam,
1873 5338 2053 5391 statim

469 5435 634 5486 etiam
667 5430 895 5485 mutatio
946 5426 1100 5481 liberi
1147 5428 1358 5482 arbitrii
1396 5428 1559 5481 simul
1607 5428 1902 5485 inducitur.
1947 5430 2056 5485 An-

471 5540 666 5577 uexum
693 5532 778 5576 est
798 5521 942 5575 enim
976 5518 1210 5571 libertati
1239 5520 1451 5574 arbitrii
1482 5521 1835 5577 mutationem
1873 5523 2051 5578 susci-

471 5630 619 5680 pere,
681 5613 894 5664 tametsi
966 5627 1084 5664 eam
1147 5612 1452 5679 passionem
1517 5611 1761 5667 voluntas
1814 5615 2052 5670 nonduin

471 5702 718 5757 subii-rit.
754 5699 851 5752 Sin
886 5714 1013 5753 vero
1050 5701 1149 5754 huc
1176 5702 1544 5769 praetermisso
1578 5703 1807 5758 alterum
1837 5705 2050 5772 dixero,

468 5796 727 5850 n‘nuirum
778 5792 1168 5847 inunutabilem
1213 5806 1334 5847 esse
1380 5790 1601 5861 Filium,
1654 5797 1839 5852 statim
1896 5800 2052 5856 nobis

2162 4674 2271 4720 vo;,
2301 4658 2394 4709 καὶ
2424 4657 2485 4709 τὸ
2515 4655 2860 4720 αὐτεξούσιον
2892 4656 2988 4707 οὐκ
3015 4655 3170 4725 ἔχων.

2657 4856 2811 4923 Πρὸς
2842 4855 3028 4909 ταῦτα
3059 4857 3257 4920 λύσις.

2235 4972 2381 5025 Ἔδει
2413 4972 2512 5041 μὲν
2542 4972 2660 5035 ταῖς
2692 4969 2865 5034 οὕτως
2898 4970 3241 5032 ἀπαιδεύτως
3272 4970 3736 5039 προσφερομένοις

2160 5066 2465 5138 ἐρωτήσεσι
2493 5064 2738 5135 μηὸόλως
2767 5062 3181 5134 ἀποκρίνεσθαι.
3208 5063 3375 5114 Ἔνθα
3408 5062 3517 5131 γὰρ
3542 5063 3574 5131 ἡ
3604 5059 3736 5112 ἀπτε-

2161 5176 2342 5231 κρισις
2385 5157 2662 5227 πανταχοῦ
2698 5158 2759 5209 τὸ
2791 5156 3075 5225 δύσφημον
3100 5156 3237 5225 ἔχει,
3272 5157 3391 5208 ἐκεῖ
3417 5154 3680 5226 κρείττων
3706 5155 3739 5220 ἡ

2162 5249 2476 5319 σιωπή.”Αν
2518 5248 2616 5317 μὲν
2652 5247 2761 5318 γὰρ
2786 5245 3138 5309 αὐτεξούσιον
3166 5245 3307 5297 εἴπω
3338 5246 3427 5299 τὸν
3455 5245 3604 5307 Υἱὸν,
3646 5243 3742 5297 εὐ-

2161 5342 2257 5403 θὺς
2296 5343 2329 5411 ἡ
2376 5340 2475 5411 τῆς
2510 5339 2993 5409 αὑτεξουσιότητος
3026 5340 3408 5409 συνεισάγεται
3445 5339 3735 5409 μεταϐολή.

2173 5432 2485 5488 Ἀκολουθεί
2515 5434 2624 5504 γὰρ
2652 5431 2731 5502 τῷ
2754 5430 3088 5503 αὑτεξουσὶῳ
3105 5433 3166 5485 τὸ
3193 5432 3544 5503 ἐπιδέχεσθαι
3575 5449 3736 5503 μετα⁸

2159 5525 2344 5595 ϐολήν,
2390 5527 2439 5578 εὶ
2480 5524 2575 5579 καὶ
2621 5525 2787 5595 μήπω
2826 5522 3091 5585 πεπονθὸς
3135 5522 3222 5591 εἴη
3261 5522 3419 5575 τοῦτο
3446 5523 3534 5577 διὰ
3568 5522 3629 5576 τὸ
3665 5520 3739 5590 μὴ

2159 5617 2415 5687 ἐθελῆσαι
2444 5615 2657 5670 παθεῖν.
2705 5617 2829 5669 Ἐάν
2852 5616 2910 5669 δὲ
2943 5616 3102 5670 τοῦτο
3142 5617 3320 5685 ἀφεὶς,
3356 5617 3417 5667 τὸ
3442 5616 3629 5685 ἕτερον
3660 5613 3737 5665 εῖ-

2161 5728 2267 5773 πω,
2294 5709 2593 5769 τουτέστιν.
2620 5711 2923 5780 Ἀτρεπτος
2955 5712 2983 5762 ό
3013 5709 3183 5778 Λόγος
3215 5708 3385 5770 ἐστὶν,
3416 5706 3576 5768 εὐθὺς
3610 5706 3739 5775 ἡμῖν

2160 5800 2254 5855 τοῦ
2288 5800 2443 5867 ξύλου
2493 5800 2593 5873 τὴν
2624 5801 2914 5873 ἀκινησίαν
2960 5802 3355 5873 προτείνοντες,
3406 5798 3503 5850 οὐκ
3552 5795 3739 5851 αισθα-
