4078 6260
1470 363 1527 420 S.
1567 363 1842 424 CYRlLLl
1885 359 2353 420 ALEXANDRINI
2395 358 2710 416 ARCIIIEP.

3639 347 3746 402 212

472 496 753 564 vobiscum
809 508 950 556 smn,
1003 500 1057 546 et
1107 505 1212 544 non
1264 487 1561 557 cognovisti
1611 499 1717 548 me,
1774 483 2054 554 Philippe?

2181 483 2337 554 [ρόνῳ
2366 479 2486 552 μεθ’
2513 480 2665 548 ὑμῶν
2693 481 2827 549 εἰμι,
2856 479 2950 531 καὶ
2969 479 3072 531 οὐκ
3094 472 3339 545 ἔγνωκάς
3367 487 3456 540 με,
3477 467 3742 531 Φίλιππει

471 583 573 650 Qui
613 583 745 636 vidit
776 598 861 634 me
917 582 1048 634 vidit
1078 593 1129 634 et
1162 580 1371 634 Patrem
1406 580 1468 629 η.
1505 597 1522 629 ι
1565 576 1620 630 Si
1657 591 1786 647 ergo
1824 575 2058 642 cognitio

476 670 598 728 Filii
633 682 715 727 est
753 674 990 742 cognitio
1034 671 1229 732 Patris,
1275 668 1640 724 necessarium
1692 667 1848 735 plane
1889 675 1970 719 est
2004 676 2060 718 ut

479 764 644 818 talem
672 767 956 818 credamus
983 779 1102 818 esse
1135 762 1348 826 Filium,
1378 761 1553 830 qualis
1580 771 1664 814 est
1698 759 1877 812 l’ater.
1907 758 2057 823 Quod

479 858 524 913 si
554 858 624 911 ita
659 866 762 922 est,
790 856 1138 909 immutabilis
1165 865 1340 908 autem
1372 853 1549 914 Pater,
1583 853 1684 904 crit
1716 852 1817 905 hoc
1841 851 2060 904 omnino

480 957 536 1002 et
567 947 754 1002 Filius.
788 946 862 1000 lta
896 947 1038 1000 enim
1076 946 1127 998 in
1156 946 1270 1015 ipso
1303 944 1646 1014 cognoscitur
1673 952 1724 997 ct
1753 951 1993 1010 apparet.

491 1146 803 1202 Tcslimom'a
839 1162 1002 1199 soci-tr
1050 1145 1373 1209 Scriptum,
1417 1141 1553 1210 quod
1601 1140 1940 1193 imummbilis
1996 1137 2059 1190 sit

630 1214 803 1269 Filius
856 1229 899 1268 et
931 1232 994 1268 ea:
1023 1216 1086 1267 iis
1112 1214 1445 1283 syllogismus
1475 1213 1650 1264 eodem
1680 1212 1960 1276 pertint-us.

564 1398 762 1456 t’aulus
790 1396 907 1450 ait:
945 1413 965 1446 t
995 1393 1155 1448 Jesns
1199 1392 1446 1448 Christus
1488 1389 1602 1444 heri
1635 1399 1690 1442 et
1735 1387 1913 1449 hodie,
1956 1386 2068 1452 ipse

493 1511 711 1564 quoque
747 1493 799 1546 in
830 1491 1027 1545 szecula
1065 1489 1132 1541 ³⁰.
1175 1507 1192 1538 ι
1237 1486 1521 1539 Psaltnista
1559 1502 1572 1536 :
1614 1502 1631 1533 ι
1671 1481 1750 1535 Τιι
1785 1482 1851 1533 ab
1888 1479 2064 1542 initio,

488 1584 738 1647 Domine,
777 1593 976 1636 terram
1011 1579 1268 1641 ftiitdasti,
1301 1585 1354 1629 et
1381 1590 1540 1644 opera
1569 1587 1823 1626 manuum
1853 1579 2065 1628 tuarum

490 1687 618 1730 sunt
668 1675 824 1740 cwli;
881 1673 980 1741 ipsi
1029 1672 1301 1740 peribunt,
1350 1679 1404 1720 ttt
1446 1676 1624 1727 autem
1676 1675 1959 1735 permanes
2016 1667 2070 1712 et

493 1783 684 1823 omnes
739 1767 890 1834 quasi
946 1764 1328 1818 vestimentum
1385 1763 1762 1818 velerascent;
1827 1761 1883 1803 et
1930 1749 2066 1801 sicut

2175 575 2233 628 Ὀ
2263 571 2522 644 ἑωρακὼς
2579 573 2677 640 ἐμὲ
2721 571 2933 640 ἑώρακε
2959 569 3051 622 τὸν
3081 566 3319 636 Πατέρα.
3354 583 3372 613 ι
3405 564 3464 615 Ei
3490 560 3676 614 τοίνυν
3707 559 3741 628 ἡ

2163 666 2292 737 περὶ
2341 663 2434 718 τοῦ
2482 665 2611 719 Υίοῦ
2661 663 2894 728 γνῶσις,
2945 660 3145 729 γνῶσίς
3198 660 3314 710 ὲστι
3364 653 3458 707 τοῦ
3506 651 3744 722 Πατρδς,

2163 760 2376 828 ἀνάγκη
2421 759 2569 810 πᾶσα
2610 755 2849 808 τοιοῦτον
2909 750 3047 806 εἶναι
3112 749 3391 804 πιστεύειν
3439 745 3533 798 τὸν
3591 743 3747 802 Υίὸν,

2163 853 2345 916 ὁποῖός
2387 853 2536 907 ἐστιν.
2572 853 2600 902 ό
2636 850 2845 919 Πατήρ..
2895 849 2956 900 Εἰ
2995 847 3052 898 δὲ
3099 843 3276 906 τοῦτο,
3322 842 3598 910 ἄτρεπτος
3626 835 3685 888 δὲ
3723 837 3752 888 6

2167 944 2375 1015 Πατὴρ,
2421 943 2572 995 ἔσται
2615 940 2773 993 τοῦτο
2819 939 3036 1000 πάντως
3071 937 3166 990 καὶ
3203 937 3231 988 6
3261 934 3413 995 Υἱός..
3449 929 3614 984 οὕτω
3643 927 3754 998 γὰρ

2168 1034 2234 1094 ἂν
2258 1037 2318 1088 ἐν
2345 1033 2493 1104 αὐτῷ
2515 1031 2785 1102 γνωσθείη
2814 1031 2908 1083 καὶ
2931 1029 3195 1098 φαίνοιτο.

2167 1149 2491 1216 Μαρτυρίαι
2518 1146 2634 1216 dxi}
2661 1145 2770 1214 τῆς
2799 1142 3065 1216 Γραςιοῆς,
3089 1141 3496 1216 ὄτιᾉᾶτρείετος
3529 1139 3564 1189 ὀ
3593 1133 3751 1216 Υἱὸς,

2237 1203 2335 1272 θεαὶ
2363 1203 2431 1282 ἐξ
2470 1215 2668 1270 αὐτῶν
2695 1203 3113 1283 ἀὺλλοαῖιοίρὀ
3144 1214 3230 1276 εις
3269 1203 3445 1263 τοῦτο
3483 1203 3756 1272 περιτρέ-

2238 1303 2387 1341 πων.

2250 1403 2308 1455 '0
2354 1401 2562 1464 Παῦλος
2598 1399 2773 1468 λέγει·
2809 1417 2828 1452 ι
2869 1397 3076 1468 Ἰησοῦς
3107 1395 3342 1468 Χριστὸς
3378 1392 3507 1462 χθὲς
3538 1387 3638 1443 καὶ
3667 1387 3759 1456 σή·

2174 1511 2358 1565 μερον,
2394 1495 2421 1547 ὁ
2447 1493 2612 1556 αὐτὸς
2650 1493 2744 1544 καὶ
2778 1493 2857 1554 εἰς
2885 1491 3012 1552 τοὺς
3042 1489 3268 1550 αἰῶνας.
3299 1505 3317 1537 ι
3342 1485 3400 1538 'U
3421 1478 3755 1550 Ψαλμῳδός⁶

2178 1606 2196 1636 ι
2235 1585 2306 1637 Σὺ
2341 1582 2658 1654 καταρχὰς,
2709 1582 2880 1652 Κύριε
2901 1622 2915 1644 ,
2947 1581 3051 1650 τὴν
3077 1580 3180 1648 γῆν
3214 1575 3589 1646 ἐθεμελίωσας
3611 1609 3626 1633 ,
3659 1566 3759 1622 καὶ

2170 1677 2306 1747 ἔργα
2346 1675 2453 1728 τῶν
2483 1675 2683 1746 χειρῶν
2718 1673 2810 1727 σού
2855 1674 2992 1724 εἰσιν
3024 1671 3072 1724 οἱ
3123 1667 3342 1738 οὐρανοί
3365 1682 3378 1693 ·
3411 1664 3571 1718 αὐτοὶ
3616 1662 3759 1714 ἀποε-

2171 1769 2408 1832 λοῦνται,
2461 1769 2525 1821 σὺ
2567 1766 2624 1819 δὲ
2670 1764 2979 1832 διαμένεις-ο
3026 1760 3122 1814 καὶ
3174 1760 3371 1819 πάντες
3423 1756 3500 1818 ὼς
3540 1752 3760 1823 ἱμάτιον

493 1857 829 1928 opertorium
864 1855 1096 1908 nmlahis
1150 1866 1244 1904 eos
1297 1859 1352 1903 et
1404 1845 1774 1907 mutabuntur,
1823 1839 1979 1917 127
2014 1848 2066 1890 tu

2181 1858 2648 1930 παλαιωθήσονται
2664 1872 2677 1885 ’
2694 1855 2787 1908 καὶ
2811 1853 2944 1914 ὡσεὶ
2968 1869 3032 1904 πε
3041 1850 3310 1922 ριϐόλαιον
3332 1845 3526 1909 ἑλίξεις
3556 1840 3760 1902 αὐτοὺς

493 1961 672 2004 autem
706 1949 844 2001 idem
885 1947 995 2014 ipse
1029 1959 1089 1998 es
1113 1953 1164 1996 et
1209 1942 1333 1993 anui
1387 1941 1458 1992 tui
1517 1952 1619 1990 non
1661 1934 1911 1990 deﬁcient
1942 1931 2005 1981 ³⁸.
2044 1947 2061 1979 ι

494 2044 758 2098 Senator
785 2040 900 2109 ipse
931 2039 994 2092 de
1029 2054 1122 2090 se:
1159 2054 1176 2085 ι
1219 2033 1410 2087 Vitlete
1443 2044 1549 2097 me,
1584 2028 1762 2082 videte
1816 2025 1940 2094 quia
1969 2037 2069 2091 ego

494 2142 715 2197 sum,“
761 2148 866 2187 non
908 2141 1086 2183 mutor
1113 2128 1157 2158 ³¹
1193 2146 1205 2180 :
1251 2146 1268 2177 ›
1301 2126 1364 2178 Ει
1410 2122 1676 2177 Jeremias
1721 2133 1736 2173 :
1784 2137 1801 2168 ι
1845 2116 1981 2183 Quia
2016 2124 2069 2166 ιιι

497 2225 741 2279 insidens
790 2221 1066 2282 saeculum,
1124 2225 1179 2277 et
1209 2230 1306 2270 nos
1340 2215 1627 2288 perdentes
1655 2205 1908 2264 saeculum
1940 2203 2005 2255 ³³.
2047 2221 2068 2259 ι

499 2317 612 2370 Illic
651 2315 794 2371 enim
834 2312 1181 2367 stabilitatem
1249 2317 1413 2375 atque
1452 2299 1946 2356 immutabilitatmn
1990 2295 2071 2349 tli-

496 2409 634 2462 vina:
673 2415 898 2468 naturae,
936 2401 1188 2470 quodque
1215 2413 1433 2466 semper
1461 2395 1649 2448 eodem
1697 2391 1856 2445 modo
1884 2404 1940 2442 se
1979 2387 2072 2440 ha-

497 2501 621 2555 beat
651 2495 964 2566 signiﬁcans
993 2496 1274 2563 prepheta,
1307 2490 1437 2544 dicit
1481 2504 1495 2539 :
1527 2506 1545 2537 ι
1582 2483 1660 2538 Tu
1701 2482 1939 2536 insidens
1971 2495 2071 2531 su?-

497 2590 720 2653 eulum;
757 2606 776 2638 )
806 2594 1179 2640 creaturarum
1217 2595 1343 2633 vero
1368 2578 1421 2631 in
1447 2573 1595 2630 onmi
1624 2584 1864 2642 tempore
1893 2577 2073 2622 muta-

504 2682 707 2736 tionem
745 2677 1079 2746 signiﬁcans,
1118 2670 1281 2724 infert
1315 2686 1330 2722 :
1368 2685 1390 2725 ι
1415 2665 1526 2720 Nos
1565 2675 1745 2718 autem
1793 2660 2075 2730 pertlcotes

498 2769 783 2827 saccutum.
818 2785 836 2818 ι
877 2765 934 2820 Si
971 2779 1100 2832 ergo
1124 2775 1278 2815 sacra
1327 2758 1611 2832 Scriptura
1661 2752 1926 2810 creaturis
1957 2760 2076 2802 tan-

501 2873 618 2918 tum
640 2861 1018 2921 mulationem,
1041 2853 1416 2908 alterationem
1431 2860 1484 2903 et
1503 2848 1781 2901 interitum
1810 2840 2076 2911 agnoscit,

501 2953 650 3010 etab
689 2951 880 3006 horum
917 2947 1179 3001 societate
1209 2941 1406 2996 Filium
1439 2937 1652 2999 eximit,
1687 2935 1873 2990 dicens
1898 2950 1917 2986 ι
1951 2949 1968 2981 ι
1997 2929 2077 2982 Tu

499 3053 681 3099 autem
715 3041 856 3096 idem
889 3039 1005 3108 ipse
1041 3051 1101 3091 es
1131 3053 1144 3088 :
1182 3052 1200 3086 ι
1238 3047 1342 3087 non
1378 3031 1544 3102 igitur
1570 3025 1843 3082 mutabilis
1874 3033 2082 3079 naturae

500 3137 804 3207 est.Neque
835 3134 979 3188 enim
1008 3131 1149 3184 idem
1178 3128 1270 3189 sit,
1301 3126 1344 3181 si
1381 3127 1434 3179 in
1459 3120 1896 3191 aliiuthuidpiam
1919 3130 2080 3186 quam

501 3243 585 3288 εει
611 3228 807 3286 mutari
839 3234 1045 3297 posset.
1996 3228 1999 3232 ·

1195 3419 1422 3476 ALIUD.

581 3543 640 3597 Si
671 3541 971 3595 secundum
997 3544 1246 3589 naturam
1271 3527 1628 3586 immutabilis
1656 3535 1864 3580 nonest
1897 3524 2089 3588 Filius,

508 3634 607 3689 sed
637 3631 891 3686 accidens
919 3628 967 3684 ei
1001 3635 1106 3690 est,
1138 3635 1200 3680 ut
1229 3627 1300 3679 sit
1334 3623 1388 3677 id
1419 3620 1560 3690 quod
1595 3629 1702 3682 est,
1732 3616 2089 3670 adscititiam-

511 3741 618 3794 que
647 3723 813 3782 habet
843 3735 967 3775 cum
1015 3718 1179 3773 Patre
1213 3714 1624 3771 similitudinem
1661 3728 1674 3762 :
1714 3709 1892 3776 aliquo
1928 3705 2090 3774 igitur

513 3829 757 3885 tempore
786 3812 954 3866 fuerit
977 3809 1192 3880 quidem
1234 3805 1422 3867 Filius,
1463 3801 1558 3856 sed
1595 3797 1877 3854 dissimilis
1905 3794 2090 3849 Patri?

509 3911 579 3964 At
603 3905 876 3978 quomodo
905 3902 1072 3958 Filius
1105 3899 1314 3956 censeri
1346 3903 1550 3967 posset,
1589 3907 1748 3962 quem
1783 3905 1886 3942 non
1935 3897 2090 3940 natu-

509 4001 641 4058 ralis
684 3997 982 4055 similitudo
1010 4010 1132 4050 eum
1161 4006 1282 4046 esse
1321 3985 1604 4043 declarat?
1633 3985 1740 4036 Aut
1785 3996 1890 4048 quo
1933 3990 2093 4048 pacto

512 4095 668 4148 lirma
705 4107 768 4147 ac
799 4088 1012 4144 stabilis
1049 4084 1328 4141 beatitudo
1363 4082 1416 4134 in
1453 4078 1544 4133 illo
1590 4076 1716 4139 erit,
1745 4073 1836 4143 qui
1877 4087 1974 4141 per
2001 4088 2092 4124 ac—

512 4188 699 4241 cidens
723 4199 839 4238 eam
876 4179 1082 4235 habet?
1120 4177 1254 4231 Nam
1290 4176 1333 4230 si
1368 4174 1442 4235 illi
1480 4169 1700 4234 accidit,
1727 4175 1902 4238 potest
1927 4163 2091 4219 etiam

514 4290 622 4328 non
664 4273 932 4326 accidere.
981 4269 1036 4321 Si
1087 4282 1213 4320 vero
1265 4280 1421 4319 sacra
1468 4263 1750 4330 Scriptura
1790 4256 1984 4312 Filium
2041 4255 2090 4307 iu

517 4365 796 4419 identitate
821 4375 1039 4414 manere
1071 4359 1224 4421 dicit,
1260 4357 1438 4408 omnia
1473 4369 1592 4420 qua:
1630 4350 1933 4406 divinitatis
1967 4365 2092 4418 pro-

513 4455 633 4525 pria
664 4461 810 4514 sunt,
841 4448 1158 4504 naturaliter
1187 4446 1243 4499 in
1282 4445 1401 4512 ipso
1431 4441 1704 4494 exsistunt
1735 4457 1748 4492 :
1785 4437 1958 4490 aliena
1996 4453 2092 4489 au-

2175 1952 2269 2013 καὶ
2306 1949 2726 2019 ἀλλαγήσονται,
2765 1945 2830 2004 σὺ
2856 1944 2914 1997 δὲ
2942 1944 2970 1995 6
3000 1942 3160 2004 αὐτὸς
3188 1938 3266 2001 εἷ,
3304 1939 3397 1991 κει.)⁸
3432 1937 3502 1991 τὰ
3527 1936 3631 2004 ἐτη
3665 1949 3760 1986 σου

2175 2043 2276 2096 οὐκ
2317 2040 2679 2109 ἐκλείψουσιν.
2716 2056 2734 2088 ι
2785 2037 2842 2088 '0
2873 2033 3060 2104 Σωτὴρ
3092 2034 3220 2101 περ).
3263 2028 3488 2084 ἑαυτοῦ·
3534 2046 3554 2079 ι
3588 2023 3764 2083 Ἰδετὲ

2181 2149 2270 2203 με,
2301 2133 2437 2186 ἴδετε
2468 2131 2553 2194 ὅτι
2578 2128 2690 2197 ὲγώ
2714 2129 2852 2196 εἰμι,
2884 2125 3098 2177 καὶούκ
3131 2121 3450 2191 ἡλλοίωμαι.
3496 2137 3514 2170 t
3537 2119 3601 2170 Ὁ
3655 2117 3766 2168 Ἱε-

2181 2225 2410 2296 ρεμίας’
2447 2224 2603 2275 «Ὅτι
2636 2223 2700 2274 σὺ
2731 2218 3044 2289 καθήμενος
3088 2216 3178 2268 τὸν
3224 2213 3414 2276 αἰῶνα,
3458 2211 3556 2263 καὶ
3596 2209 3767 2278 ἡμεῖς

2179 2315 2540 2384 ἀπολλύμενοι
2560 2314 2648 2366 τὸν
2682 2311 2873 2366 αἰῶνα.
2905 2329 2922 2361 ι
2942 2306 3208 2361 Ἐνταῦθα.
3237 2306 3344 2375 γὰρ
3380 2303 3438 2356 τὸ
3469 2300 3768 2371 ἱδρυμένον

2181 2409 2274 2461 καὶ
2301 2395 2658 2477 ἀμετάθετον,
2689 2404 2782 2456 καὶ
2807 2402 2893 2455 ἀεὶ
2917 2399 3181 2461 ὡσαύτως
3204 2398 3326 2466 ἕχον
3354 2395 3455 2464 τῆς
3483 2391 3641 2455 θείας
3666 2389 3767 2458 φύ-

2183 2516 2319 2561 σεως
2366 2501 2393 2550 ὀ
2423 2497 2708 2567 προφήτης
2756 2492 3035 2564 σημαίνων
3071 2489 3238 2559 φησί·
3292 2505 3310 2538 t
3345 2488 3416 2539 Σὺ
3448 2481 3766 2555 καθήμενος

2182 2589 2270 2641 τὸν
2310 2587 2515 2640 αἰῶναθ
2557 2605 2574 2638 ι
2617 2586 2716 2654 τὴν
2775 2583 2830 2636 δὲ
2871 2584 2929 2635 ὲν
2973 2581 3136 2633 παντὶ
3178 2579 3354 2650 χρόνῳ
3381 2575 3487 2629 τῶν
3514 2572 3764 2643 γενητῶν

2187 2677 2488 2749 μεταϐολὴν
2559 2673 2958 2745 ἐξηγούμενος,
3025 2670 3312 2749 ἐπιφέρειο
3365 2685 3383 2717 ι
3423 2665 3533 2717 Καὶ
3604 2664 3764 2733 ἡμεῖς

2185 2763 2550 2833 ἀπολλύμενοι
2579 2761 2671 2815 τὸν
2700 2761 2892 2815 αἰῶνα.
2929 2779 2946 2810 ι
2979 2760 3040 2811 Ei
3075 2748 3253 2811 τοίνυν
3288 2755 3381 2808 ἐπὶ
3415 2755 3512 2824 μὲν
3538 2752 3650 2805 τῶν
3676 2767 3766 2819 γειε

2185 2855 2362 2926 νητῶν
2395 2854 2626 2925 τροπὴν,
2675 2854 2769 2906 καὶ
2812 2850 3116 2914 ἀλλοίωσιν,
3167 2848 3262 2902 καὶ
3309 2847 3624 2906 ἀπώλειαν,
3671 2842 3764 2897 καὶ

2185 2946 2486 3016 ἐξαλλαγὴν
2520 2947 2555 3016 ἠ
2598 2945 2718 2998 θεία
2760 2945 2993 3009 λέγουσα
3039 2940 3251 3012 Γραφὴ,
3281 2941 3383 3010 τῆς
3417 2938 3554 3009 πρὸς
3595 2933 3764 2988 ταῦτα

2186 3039 2470 3100 κοινωνίας
2505 3036 2792 3107 ὑπεξαιρεῖ
2834 3033 2924 3094 τὸν
2968 3033 3116 3098 Υίὸν,
3155 3051 3172 3082 ι
3206 3033 3277 3084 ΣΞ)
3308 3031 3365 3084 δὲ
3391 3031 3416 3081 ό
3441 3028 3608 3090 αὐτὸς
3638 3022 3706 3090 εἴ,
3743 3044 3758 3074 ι

2186 3129 2452 3198 λέγουσα,
2479 3128 2578 3180 οὐκ
2604 3126 2712 3196 ἄρα
2767 3125 3010 3197 τρεπτῆς
3040 3123 3253 3194 φύσεώς
3287 3125 3453 3176 ἐστιν.
3492 3119 3633 3173 Οὐδὲ
3662 3121 3767 3188 γὰρ

2112 3180 2154 3243 c
2187 3180 2308 3274 ἂνιὸ
2335 3221 2499 3282 αὐτὸς
2531 3180 2658 3289 εἴη,
2703 3180 3006 3302 ἐφ’έτερόν
3041 3180 3090 3272 τι
3125 3180 3252 3298 παρί
3278 3217 3416 3295 ὅπερ
3456 3213 3577 3266 ἐστὶ
3613 3180 3765 3290 μεταλ

2186 3311 2484 3384 τρέπεσθαι
2513 3311 2830 3382 δυνάμενος.

2867 3425 3074 3486 ΛΛΛΟ.

2259 3541 2320 3591 Εἰ
2354 3536 2494 3596 κατὰ
2526 3536 2686 3606 φύσιν
2717 3535 2815 3588 οὐκ
2847 3532 2994 3586 ἔστιν
3023 3532 3290 3602 ἄτρεπτος
3321 3531 3350 3582 6
3384 3527 3532 3592 Υἱὸς,
3571 3525 3767 3595 συνέϐη

2184 3626 2245 3682 δὲ
2286 3628 2437 3700 αὐτῷ
2467 3627 2528 3680 τὸ
2563 3623 2703 3688 εἶναι
2747 3623 2906 3677 τοῦτο
2953 3624 3092 3692 ὅπερ
3142 3620 3277 3687 ἐστὶ,
3321 3619 3414 3672 καὶ
3475 3618 3770 3688 ἐπίκτητον

2189 3723 2302 3792 ἔχει
2333 3721 2430 3791 τὴν
2462 3719 2597 3790 πρὸς
2624 3719 2716 3770 τὸν
2752 3716 2972 3785 Πατέρα
2998 3712 3312 3783 ὁμοιότητα,
3343 3706 3411 3779 ἦν
3441 3709 3552 3779 ἄρα
3575 3710 3769 3780 χρόνος

2188 3815 2277 3868 ὅτε
2304 3808 2371 3882 ἦν
2413 3810 2511 3880 μὲν
2536 3811 2564 3863 ὁ
2593 3809 2743 3873 Υἱὸς,
2779 3806 3030 3877 ἀνόμοιος
3061 3804 3118 3856 δὲ
3147 3801 3225 3873 τῷ
3251 3800 3464 3869 Πατρί;
3493 3801 3630 3853 Καὶ
3661 3795 3775 3858 πῶς

2191 3907 2318 3970 Υἱὸς
2351 3905 2432 3959 ἔτι
2459 3903 2781 3973 νοηθήσεται
2809 3903 2840 3954 ὁ
2871 3899 2947 3970 μὴ
2974 3900 3040 3950 ὲκ
3080 3897 3182 3968 τῆς
3213 3894 3355 3950 κατὰ
3394 3892 3559 3962 φύσιν
3598 3888 3772 3963 ῥμοιό-

2189 4016 2350 4069 τητος
2397 3993 2882 4068 μαρτυρούμενοςς
2913 3992 2981 4044 Ἥ
3016 3989 3132 4053 πῶς
3159 3991 3215 4042 ἐν
3240 3986 3444 4058 βεϐαίῳ
3467 3989 3567 4056 τῆς
3597 3999 3770 4054 μακα-

2193 4092 2436 4164 ριότητος
2468 4089 2746 4158 στήσεται,
2775 4087 2802 4138 ὀ
2827 4081 3270 4152 ἐπισυμὸεὸηκὸς
3309 4079 3468 4134 τοῦτο
3494 4077 3668 4147 glow;
3709 4075 3770 4126 Et

2192 4163 2300 4256 γὰρ
2329 4181 2550 4250 συνέϐη,
2575 4180 2670 4231 καὶ
2700 4174 3084 4244 ἁποσυμὸἦναι
3113 4171 3269 4226 τοῦτο
3294 4170 3601 4239 δυνήσεται.
3632 4167 3692 4218 Ei
3714 4163 3770 4215 δὲ

2195 4281 2253 4331 ὲν
2283 4274 2571 4345 ταυτότητι
2621 4271 2806 4336 μένειν
2841 4267 2931 4319 τὸν
2958 4264 3088 4319 Υἱδν
3135 4265 3168 4334 ἡ
3219 4262 3336 4316 θεία
3368 4260 3519 4327 λέγει
3557 4256 3767 4326 Γραφὴ,

2195 4368 2371 4419 πάντα
2406 4366 2461 4415 ἐν
2507 4361 2656 4430 αὐτῷ
2690 4357 2831 4412 κατὰ
2885 4355 3047 4424 φύσιν
3088 4353 3209 4407 ἐστὶ
3257 4350 3327 4405 τὰ
3372 4350 3470 4420 τῆς
3518 4345 3769 4412 θεότητος

2198 4457 2334 4519 ἴδια,
2368 4453 2645 4522 ἀλλότριον
2682 4451 2738 4503 δὲ
2770 4449 2976 4520 ταύτης
3022 4450 3054 4519 ἡ
3105 4444 3314 4517 τροπὴ,
3361 4443 3627 4512 ἄτρεπτος
3663 4436 3768 4504 ἄρα

518 4524 626 4600 tem
657 4555 744 4599 cst
771 4558 799 4595 a
828 4541 1034 4595 deitate
1067 4536 1323 4600 mutatio;
1359 4531 1680 4591 mutationis
1711 4531 1892 4598 itaque
1923 4537 1973 4580 et
2014 4527 2077 4580 al.

2197 4547 2312 4599 ἐστὶ
2346 4543 2440 4596 καὶ
2472 4542 2850 4604 ἀναλλοίωτος.

515 4635 802 4694 teratiouis
825 4645 1019 4701 expers
1051 4637 1152 4682 est.

1185 4741 1412 4798 ALIUD.

588 4867 641 4918 ld
675 4864 817 4933 quod
849 4861 1047 4917 umtari
1084 4869 1139 4914 et
1174 4857 1391 4912 alterari
1431 4864 1608 4926 potest
1665 4869 1770 4908 non
1802 4851 2000 4906 dixerit
2029 4851 2094 4904 de

514 4957 696 5025 seipso
728 4974 740 5009 :
778 4972 796 5003 ι
836 4953 948 5024 Ego
991 4967 1111 5006 sum
1145 4949 1366 5005 veritas.
1400 4967 1419 5001 ι
1459 4946 1590 5000 Nam
1622 4946 1765 5014 quod
1814 4941 1972 4996 modo
2013 4941 2094 4996 sic

514 5057 622 5112 est,
650 5047 806 5101 modo
829 5061 933 5100 non
963 5053 1070 5110 est,
1097 5041 1453 5112 repugnantia
1480 5039 1581 5093 sibi
1614 5037 1712 5106 ipsi
1741 5035 1893 5092 dicit.
1924 5033 2093 5088 Filius

515 5147 696 5190 autem
720 5135 789 5190 de
817 5136 997 5204 seipso
1018 5134 1152 5190 dicit
1183 5151 1195 5187 :
1230 5152 1247 5183 t
1277 5131 1388 5201 Ego
1416 5146 1534 5184 sum
1573 5130 1789 5183 veritas.
1825 5146 1842 5178 ι
1871 5125 1986 5178 Non
2013 5134 2096 5177 est

518 5226 684 5297 igitur
712 5242 776 5281 ex
816 5227 880 5280 iis
904 5241 1024 5295 qua:
1050 5235 1328 5280 mutantur
1354 5232 1515 5292 atque
1542 5221 1866 5283 alterantur,
1900 5217 1991 5270 sed
2024 5217 2096 5270 si-

515 5319 662 5376 milis
694 5318 864 5381 Patri,
898 5317 1221 5373 mutationis
1254 5326 1307 5370 et
1341 5314 1679 5368 alterationis
1702 5326 1917 5378 expers.

1010 5514 1239 5580 ALIUD,
1270 5514 1602 5581 explicatius.

590 5630 844 5687 {heretici
895 5639 1157 5685 conantes
1206 5625 1498 5682 ostendere
1551 5622 1748 5678 Filium
1794 5637 1858 5676 ex
1906 5636 2092 5674 eorum

2879 4722 3078 4774 ΑΛΛΟ.

2273 4839 2344 4893 T6
2365 4840 2699 4911 τρεπόμενον
2730 4837 2823 4890 καὶ
2851 4833 3207 4905 ἀλλοιωθῆναι
3233 4831 3551 4900 δυνάμενον,
3581 4828 3678 4880 οὐκ
3707 4823 3772 4877 ἂν

2200 4931 2348 5000 λέγοι
2384 4931 2513 5003 περὶ
2537 4927 2762 4983 ἑαυτοῦ·
2796 4946 2813 4978 ι
2852 4925 2994 4994 Ἐγώ
3026 4927 3140 4996 ειμι
3175 4927 3207 4996 ή
3247 4922 3492 4995 ἀλήθεια.
3530 4942 3549 4972 ι
3581 4921 3640 4972 Εἰ
3664 4917 3771 4986 γὰρ

2201 5025 2330 5078 ποτὲ
2388 5024 2485 5094 μὲν
2537 5022 2653 5076 τόδε
2698 5021 2878 5083 ἐστὶν,
2919 5018 3049 5070 ποτὲ
3093 5018 3149 5070 δὲ
3194 5015 3294 5069 οὐκ
3343 5015 3478 5078 ἔστι,
3521 5011 3769 5082 ψεύδεται

2201 5117 2336 5188 πρὸς
2363 5114 2577 5168 ἑαυτόν.
2634 5113 2692 5166 '0
2733 5111 2788 5166 δὲ
2815 5112 2940 5173 Υἱὸς
2969 5109 3097 5179 περὶ
3129 5107 3323 5161 ἑαυτοῦ
3361 5106 3534 5174 λέγει·
3575 5122 3592 5152 ι
3632 5096 3772 5168 Ἐγώ

2197 5208 2313 5276 εἰμι
2345 5207 2378 5274 ἡ
2411 5201 2657 5272 ἀλήθεια.
2693 5220 2710 5254 ι
2736 5200 2850 5260 Οὐκ
2880 5199 2988 5270 ἄρα
3015 5196 3126 5250 τῶν
3153 5189 3620 5263 ἀλλοιουμένιι›ν,ἣ
3649 5203 3769 5258 τρε-

2200 5297 2451 5364 πομένων
2486 5294 2656 5357 ἐστὶν,
2699 5291 2814 5344 ἀλλ’
2847 5291 3034 5359 ὅμοιος
3075 5286 3152 5357 τῷ
3183 5285 3378 5355 [ια-τρὶ,
3425 5279 3688 5354 ἄτρεπτός
3712 5293 3770 5330 τε

2199 5389 2290 5442 καὶ
2321 5386 2677 5446 ἀναλλοίωτος
2702 5381 2797 5436 ὢν.

2640 5495 2845 5559 ΑΛΛΟ,
2885 5489 3340 5562 διηγηματικῶς.

2276 5617 2413 5669 Ἕνα
2454 5614 2560 5665 τῶν
2602 5607 2996 5679 ἁλλοιουμένων
3038 5602 3432 5666 σπουδάζοντες
3473 5596 3640 5662 δεῖξαι
3681 5589 3779 5646 τὸν

579 5788 624 5828 ‘5’
654 5785 810 5852 .loau.
854 5801 960 5851 xlv,
990 5788 1042 5854 8,
1076 5786 1130 5842 9.
1187 5785 1231 5816 ³⁸
1261 5782 1423 5838 llebr.
1457 5797 1578 5848 xm,
1606 5781 1660 5834 8.
1717 5781 1758 5812 ³¹
1790 5778 1931 5834 Psal.
1963 5779 2077 5843 οιΑ

2181 5776 2238 5829 :8.
2287 5775 2326 5805 "
2359 5773 2489 5828 Luc.
2523 5786 2670 5836 χειν,
2694 5769 2793 5837 59,
2832 5766 3056 5821 .\lalach.
3087 5779 3169 5828 Ill,
3198 5761 3248 5817 6.
3293 5761 3335 5791 ³³
3361 5756 3568 5812 Baruch
3604 5770 3684 5822 tu,
3713 5749 3770 5806 3.
