4078 6260
463 328 588 398 ~ﬁlii

566 576 623 630 Si
657 575 818 629 veluti
854 577 1157 628 mercedem
1191 571 1478 642 quamdam
1523 569 1758 630 virtutis,
1819 567 1902 619 vel
1969 567 2069 619 hu-

495 668 835 733 miliationis,
858 676 948 720 aut
988 665 1312 719 obedientite
1363 670 1713 718 consecutum
1772 668 1916 712 esset
1948 657 2077 711 Ver-

498 766 623 816 bum
653 759 744 816 Dei
773 760 915 830 quod
943 762 1012 813 sit
1043 756 1210 812 Filius
1233 798 1247 822 ,
1289 769 1525 825 quonam
1560 752 1718 808 modo
1747 752 1910 805 etiam
1947 759 2074 804 ante
2112 745 2117 751 ’

499 851 892 906 humiliationis
920 860 1159 915 tempora
1181 845 1418 901 u‘ounulli
1440 852 1804 912 cognoverunt
1833 839 2072 894 Patrem?

498 958 620 998 cum
653 941 824 996 Filius
846 941 990 996 dicat
1019 942 1106 994 ‘7‘:
1149 959 1167 990 ι
1213 936 1383 991 Nemo
1427 934 1705 1004 cognoscit
1729 933 1941 986 Patrem
1975 931 2084 984 nisi

503 1032 689 1098 Filius,
707 1043 761 1087 et
778 1033 861 1087 cui
892 1031 1059 1087 Filius
1089 1029 1425 1085 revelaverit.
1447 1047 1465 1078 ν
1486 1027 1600 1081 Non
1619 1026 1914 1081 exsistente
1931 1023 2080 1076 enim

504 1123 638 1178 Filio
671 1123 761 1193 qui
796 1122 1022 1186 revelat,
1049 1137 1155 1191 quo
1189 1130 1349 1191 pacto
1374 1119 1532 1172 Pater
1567 1119 1635 1171 ab
1668 1116 1849 1186 aliquo
1879 1130 2078 1185 cogno-

503 1215 716 1269 scatur?
742 1215 796 1269 Si
835 1230 962 1270 vero
989 1214 1148 1268 Pater
1173 1227 1388 1281 semper
1441 1211 1809 1280 cognoscitur,
1861 1222 2076 1274 semper

503 1307 686 1375 itaque
719 1307 882 1360 etiam
940 1306 1151 1360 exstitit
1197 1303 1388 1367 Filius,
1449 1305 1624 1373 ipsum
1660 1301 1925 1356 τενιςιειιιε.
1957 1299 2076 1353 Non

503 1399 671 1474 igitur
694 1414 758 1452 ex
791 1399 1091 1453 mutatione
1121 1397 1300 1466 aliqua
1348 1396 1432 1450 vel
1468 1394 1773 1463 adjectione
1820 1407 2081 1448 consecu-

508 1499 592 1543 tus
620 1501 698 1546 est
736 1491 786 1544 id
812 1494 952 1559 quod
992 1499 1094 1555 est,
1114 1491 1208 1546 sed
1237 1504 1451 1558 semper
1476 1489 1576 1542 ltoc
1607 1488 1748 1554 quod
1776 1496 1858 1541 est
1917 1485 2085 1538 exsti—

508 1581 574 1636 tit
625 1583 968 1647 naturaliter,
1016 1581 1158 1636 Patri
1202 1597 1320 1645 suo,
1380 1580 1578 1634 nullius
1631 1579 1708 1632 rei
1764 1579 2089 1646 indigentia,

509 1675 842 1741 perfectione
877 1683 1044 1744 atque
1077 1673 1513 1728 immutabilitate
1563 1671 1756 1725 similis
1797 1672 2081 1725 cxsistens.

1514 337 1574 393 S.
1614 332 1885 391 CYlillLI
1931 329 2394 384 ALEXAMTRINI
2441 330 2750 384 Mitlll'lljl’.

1002 457 1231 521 ALIUD,
1264 459 1315 510 in
1343 458 1587 525 idipsmn.
2083 455 2147 509 Ἀ

3664 327 3786 380 eeo

2634 450 2855 514 A.\A0,
2901 451 2988 513 εις
3029 448 3090 500 τὸ
3132 447 3298 500 αὑτό.

2250 565 2310 617 Εἰ
2351 563 2600 634 καθάπερ
2637 564 2758 616 τινὰ
2794 562 2985 633 μισθὸν
3021 560 3223 632 ἀρετῆς
3255 559 3285 630 ἢ
3317 559 3706 621 ταπεινώσεως
3742 558 3773 624 ἦ

2179 654 2422 724 ὑπακοῆς
2453 653 2565 724 ἔχει
2595 653 2654 707 τὸ
2692 648 2826 706 εἶναι
2861 652 2988 715 Υἱὸς
3035 653 3063 704 6
3097 649 3190 704 τοῦ
3231 648 3365 702 Θεοὺ
3402 648 3594 716 Λόγος,
3630 664 3784 700 καται

2177 749 2300 802 τίνα
2336 747 2536 820 τρόπον
2583 746 2688 817 πρὸ
2727 745 2834 799 τῶν
2868 746 2967 815 τῆς
2998 735 3389 804 ταπεινώσεως.
3429 740 3640 811 χρόνων
3676 741 3775 790 ἑπ-

2178 840 2472 910 εγίνωσκόν
2518 856 2663 902 τινες
2707 839 2798 891 τὸν
2842 837 3097 908 Πάτέρα;
3153 835 3404 903 λέγοντος
3448 833 3544 885 τοῦ
3591 830 3788 884 Υἰοῦε

2186 955 2208 986 ι
2237 933 2425 997 υὺδεῖς
2448 931 2802 1000 ἐπιγινώσκει
2823 931 2911 983 τὸν
2935 928 3174 1000 Πατέρα,
3204 930 3251 980 εί
3284 926 3403 997 μὴὸ
3431 925 3578 988 Υἱὸς,
3608 925 3706 978 καὶ

2181 1027 2245 1082 ἂν
2265 1026 2389 1090 Υἱὸς
2407 1023 2787 1095 ἀποκαλύψῃ.»
2815 1023 2907 1093 Μὴ
2941 1021 3092 1084 ὄντος
3123 1019 3230 1090 γὰρ
3256 1019 3378 1072 κατ’
3405 1016 3653 1079 ἐκείνους
3683 1015 3777 1068 τοῦ

2181 1117 2659 1178 ἀποκαλύποντος
2681 1113 2831 1178 Υἱοῦ,
2860 1111 2974 1175 πῶς
2992 1109 3357 1178 ἐπιγνωσθείη
3395 1107 3548 1178 παρά
3580 1121 3729 1168 τινος
3751 1109 3779 1159 ὁ

2184 1210 2403 1280 Πατήρ,
2439 1208 2488 1261 ει
2509 1207 2567 1260 δὲ
2598 1205 2687 1258 ἀεὶ
2715 1203 2904 1275 Πατὴρ
2934 1201 3283 1273 γνωρίζεται,
3316 1196 3384 1270 ἦν
3412 1199 3520 1269 ἄρα
3549 1198 3651 1251 καὶ
3693 1199 3779 1250 ἀεὶ

2181 1306 2208 1357 6
2233 1299 2630 1356 ἀποκαλύπτων
2650 1297 2799 1360 Υἱός.
2828 1295 3033 1350 Οὑκοῦν
3055 1294 3155 1347 οὐκ
3181 1295 3244 1346 ἐκ
3274 1290 3582 1361 μεταϐολῆς
3610 1305 3778 1350 τινος,

2183 1396 2304 1451 οὑδὲ
2332 1395 2391 1447 ὲν
2425 1392 2742 1462 προσθήκης
2786 1388 2942 1460 μέρει
2973 1387 3220 1456 φαίνεται
3251 1381 3429 1437 λαϐὼν
3456 1380 3609 1435 τοῦθ’
3643 1381 3777 1448 ὅπερ

2185 1488 2366 1553 ἐστὶν,
2402 1486 2517 1540 ἀλλ’
2562 1480 2632 1554 ἦν
2675 1483 2764 1535 ἀεὶ·
2810 1479 2968 1533 τοῦτο
3011 1476 3256 1548 φυσικῶς
3283 1515 3298 1539 ,
3342 1476 3524 1545 ὅμοιος
3565 1470 3655 1526 ὣν
3690 1472 3780 1524 καὶ

2187 1577 2332 1632 κατά
2365 1576 2424 1630 τὸ
2455 1573 2754 1646 ἀπροσδεές
2778 1587 2836 1624 τε
2868 1571 2962 1623 καὶ
3007 1568 3214 1622 τέλειον
3257 1566 3351 1620 καὶ
3396 1564 3678 1635 ἄτρεπτον
3704 1560 3782 1629 τῷ

2191 1670 2386 1740 Πατρί.

507 1781 740 1848 ALIUD,
772 1786 1045 1840 declarans
1076 1784 1277 1839 Filium
1315 1802 1423 1838 esse
1453 1801 1518 1838 ea:
1543 1787 1768 1844 essentia
1810 1783 2011 1857 Patris,
2040 1795 2085 1836 et

2200 1783 2396 1857 MAG,
2431 1779 2732 1857 σημαῖνον
2779 1776 2865 1857 ότι
3003 1767 3508 1857 ςῇςλοὺσίαςηςοῦ
3548 1769 3780 1857 ligni-cie

580 1871 682 1907 non
728 1857 1048 1924 extrinsecus
1096 1859 1427 1924 productum,
1487 1856 1927 1924 quemadmodum
1991 1854 2086 1907 Ιιο-

579 1934 680 1977 stes
708 1923 914 1979 Christi
952 1923 1148 1979 colunt.
1176 1927 1240 1979 Et
1265 1926 1513 1992 quoniam
1538 1925 1855 1978 extrinserus
1890 1925 2087 1989 produ-

582 2004 698 2047 ctus
729 2008 954 2062 nonest,
995 1997 1182 2051 similis
1206 1997 1288 2051 illi
1323 2006 1420 2050 est.
1458 1996 1833 2066 Argumentum
1869 1995 2083 2048 Itazreti-

579 2081 781 2118 corum.

585 2181 747 2247 Quid,
769 2181 1045 2251 inquiunt,
1073 2191 1158 2238 est
1191 2183 1537 2253 praestantius
1573 2183 1626 2237 in
1653 2181 1794 2236 Deo?
1842 2181 1948 2235 Aut
1980 2197 2088 2250 quo

510 2280 668 2341 pacto
699 2285 802 2325 non
824 2273 928 2326 erit
961 2273 1135 2329 nostri
1163 2274 1376 2339 similis,
1421 2273 1464 2328 si
1499 2273 1660 2328 etiam
1714 2273 1826 2342 ipse
1872 2288 1936 2328 ex
1991 2289 2086 2326 sua

509 2364 814 2419 substantia
849 2364 1262 2438 gignitFilium,
1299 2365 1521 2435 perinde
1550 2374 1713 2435 atque
1761 2363 1896 2420 nos?
1953 2364 2088 2419 Cum

511 2474 640 2514 vero
669 2469 878 2514 tantum
915 2460 1208 2512 humanam
1247 2467 1495 2514 naturam
1544 2457 1791 2522 excedat,
1829 2467 2089 2527 quantum

513 2566 814 2617 creaturas,
854 2570 1195 2624 nequaquam
1225 2569 1322 2608 nos
1362 2553 1684 2616 imitabitur,
1735 2567 1910 2620 neque
1949 2551 2091 2606 sicut

514 2646 712 2715 aliquis
741 2655 984 2699 nostrtun
1019 2660 1084 2698 ex
1115 2647 1349 2699 essentia
1401 2659 1498 2698 sua
1555 2643 1816 2713 producet
1872 2642 2089 2707 Filium,

515 2735 610 2790 sed
639 2735 984 2791 altrinsecus
1004 2735 1321 2791 constituet.
1352 2735 1504 2802 Quod
1533 2736 1577 2790 si
1612 2735 1683 2788 ita
1709 2745 1814 2802 est,
1847 2733 2090 2788 dissimi-

517 2826 583 2881 lis
609 2837 757 2882 ccrte
783 2827 908 2881 erit.

1011 2938 1218 2994 Salutio
1265 2937 1456 3008 objecti
1462 2939 1596 2994 onis.

589 3049 822 3106 Dixerim
847 3051 1096 3121 equidem
1119 3052 1314 3108 merito
1348 3053 1466 3107 istis
1497 3053 1744 3106 hostibus
1767 3051 1966 3107 Chriin
2003 3068 2016 3106 :
2048 3053 2092 3106 si

2261 1838 2433 1906 ἐστίν
2461 1838 2683 1915 ὄὙὶὸς.
2716 1848 2813 1900 καὶ
2847 1847 2959 1897 οὐκ
2993 1838 3238 1915 ἐξωρεν,
3281 1838 3545 1915 καθάπερ
3573 1839 3633 1915 (εἰ
3662 1853 3781 1905 κρι-

2265 1921 2553 1993 σζτομάχοι
2587 1906 2797 1993 φασίν,
2818 1913 3055 1993 Ἐπειδῂ
3083 1911 3285 1993 decim
3312 1908 3550 1988 ἔξωθεν,
3575 1906 3782 1976 ὅμοιος

2263 1985 2395 2061 ἀραί
2430 1985 2723 2059 "ﬁda—tau;
2760 1987 2841 2052 ὡς
2870 1985 2936 2038 ἐκ
2967 1985 3085 2038 τῶν
3112 1985 3440 2051 αἱρετικῶν.

2266 2170 2376 2225 Καὶ
2405 2167 2455 2222 τί
2480 2169 2540 2222 τὸ
2566 2166 2744 2230 πλέον,
2784 2163 2968 2234 φασὶν,
2997 2162 3054 2215 ὲν
3076 2159 3230 2231 Θεῷ;
3265 2156 3386 2219 Πῶς
3416 2155 3472 2208 δὲ
3501 2154 3603 2207 οὑκ
3636 2153 3784 2205 ἔσται

2197 2261 2316 2316 καθ’
2346 2262 2514 2332 ἡμᾶς,
2545 2261 2592 2312 εί
2641 2257 2737 2311 καὶ
2782 2255 2943 2318 αὑτὸς
2990 2257 3053 2307 ἐκ
3093 2252 3194 2321 τῆς
3234 2248 3422 2311 οὐσίας
3456 2246 3553 2316 τῆς
3585 2243 3785 2298 ἑαυτοῦ

2198 2357 2370 2410 τίκτει
2415 2353 2508 2406 τὸν
2538 2350 2690 2412 Υἱδν,
2716 2349 2906 2416 ῶσπερ
2937 2345 3031 2400 καὶ
3061 2344 3222 2414 ἠμείς
3242 2359 3265 2408 ;_
3300 2337 3521 2407 Ἐπειδὴ
3567 2336 3629 2389 δὲ
3682 2334 3797 2388 ἀνω

2198 2449 2295 2519 τῆς
2343 2443 2690 2516 ἀνθρωπείας
2745 2441 2960 2510 φύσεως
3007 2432 3259 2489 τοσοῦτόν
3302 2434 3473 2493 ἐστιν,
3508 2429 3636 2481 ὅσον
3685 2426 3788 2480 τῶν

2199 2537 2441 2610 γενητῶν
2485 2534 2779 2606 ὑπερέχει,
2829 2531 2892 2583 οὑ
2938 2530 3004 2583 τὰ
3053 2527 3208 2598 ἡμῶν
3264 2524 3599 2596 μιμήσεταυ
3675 2519 3788 2573 οὑδὲ

2200 2633 2388 2704 ὥσπερ
2417 2648 2500 2693 τις
2526 2627 2635 2680 τῶν
2667 2625 2789 2679 καθ’
2818 2625 2966 2696 ἡμᾶς
2996 2623 3057 2675 ὲκ
3098 2622 3197 2691 τῆς
3229 2619 3416 2681 οὑσίας
3449 2616 3548 2686 τῆς
3592 2612 3786 2667 ἑαυτοῦ

2203 2724 2466 2797 προϐαλεῖ
2484 2721 2575 2774 τὸν
2592 2719 2740 2785 Υίὸν,
2759 2716 2871 2772 ἀλλ’
2887 2715 3084 2781 ἔξωθεν
3109 2713 3424 2784 ὑποστήσει.
3448 2709 3505 2761 El
3528 2708 3584 2761 δὲ
3607 2705 3801 2768 τοῦτοι

2203 2818 2295 2870 καὶ
2318 2814 2568 2886 ἀνόμοιος
2595 2811 2720 2882 ἄρα.

2691 2919 2845 2989 Πρὸς
2885 2917 3077 2974 ταῦτα
3109 2916 3312 2982 λύσις.

2288 3037 2546 3109 Ἐροίμην
2576 3034 2640 3089 ἂν
2655 3032 2881 3094 δικαίως
2896 3030 3023 3092 τοὺς
3047 3028 3467 3100 χριστομὰχονς,
3499 3024 3546 3075 εί
3578 3022 3781 3075 παντα-

516 3145 572 3201 in
596 3145 909 3200 universum
936 3143 1078 3200 Deus
1103 3160 1319 3200 omnem
1351 3145 1758 3200 similitudinem
1815 3144 2093 3198 nobiscum

2206 3148 2337 3185 πασι
2383 3130 2483 3201 τὴν
2537 3126 2674 3198 πρὸς
2723 3125 2873 3196 ἡμᾶς
2918 3121 3178 3192 ὁμοίωσιν
3225 3119 3574 3189 παραιτεῖται
3635 3114 3790 3176 Θεὸς,

519 3237 747 3304 respuit,
774 3235 920 3288 nulla
941 3235 1103 3289 etiam
1128 3237 1338 3290 ratione
1359 3250 1480 3304 quae
1516 3236 1717 3290 homini
1769 3234 2099 3289 conveniunt

518 3329 772 3399 gestabit.
803 3326 860 3382 Si
895 3328 1040 3382 enim
1071 3326 1250 3382 dicent
1271 3327 1509 3380 divinam
1545 3328 1833 3382 essentiam
1855 3344 1958 3381 non
1982 3344 2100 3380 om-

522 3420 649 3471 nino
673 3433 701 3471 ιι
733 3427 918 3471 nostra
946 3417 1252 3482 discedere,
1291 3417 1471 3471 inanis
1534 3417 1747 3472 illorum
1805 3419 2101 3486 propositio

519 3522 641 3560 esse
664 3507 1115 3574 deprehendetur,
1176 3521 1402 3576 quicque
1445 3507 1772 3563 confessioni
1822 3508 1922 3574 ipsi
1959 3506 2102 3561 refu-

525 3598 780 3654 tationem
814 3598 1156 3668 conjunctam
1211 3600 1429 3655 habeat.
1472 3598 1528 3652 Si
1563 3611 1743 3652 autem
1782 3600 1834 3652 iu
1869 3600 1934 3653 iis
1982 3613 2102 3669 qua:

526 3689 684 3745 nobis
718 3689 988 3760 objiciunt
1050 3690 1298 3760 imperite
1347 3691 1810 3760 pertinaciterque
1872 3691 2100 3757 luerent,

523 3781 707 3836 dicant
736 3782 912 3846 nobis,
941 3796 1080 3838 anne
1111 3783 1272 3838 homo
1288 3783 1589 3838 substantia
1628 3783 1719 3846 sit,
1757 3798 1855 3837 cur
1875 3797 1979 3838 non
2007 3799 2103 3838 ne-

523 3883 653 3944 gant
681 3873 838 3944 132
866 3873 1030 3928 Deum
1069 3873 1427 3928 substantiam
1454 3873 1608 3927 esse?
1629 3873 1695 3927 Et
1749 3889 1936 3929 rursus
1979 3889 2101 3928 cum

528 3970 690 4020 b0m0
729 3966 1008 4020 rationalis
1030 3965 1122 4032 sit,
1157 3966 1363 4020 faciant
1395 3966 1466 4020 illi
1500 3965 1667 4020 Deum
1700 3966 2092 4031 irrationalem,

525 4065 583 4108 ut
609 4054 845 4108 humana
884 4066 1122 4124 respuat.
1184 4053 1240 4108 Si
1279 4069 1403 4108 vero
1453 4070 1574 4108 cum
1629 4069 1728 4108 nos
1766 4053 1883 4108 hinc
1911 4052 2103 4114 simus,

527 4148 666 4203 Deus
697 4148 862 4202 etiam
899 4147 1000 4201 hoc
1040 4155 1122 4201 est
1155 4161 1170 4198 :
1213 4162 1316 4200 non
1363 4146 1469 4200 erit
1520 4145 1731 4200 alienus
1767 4159 1796 4197 a
1837 4144 2105 4215 gignendo

525 4252 590 4290 ex
612 4251 670 4290 se
700 4235 919 4299 Filium,
978 4237 1244 4304 siquidem
1307 4237 1376 4289 ita
1406 4251 1502 4292 nos
1527 4236 1819 4306 gignimus.
1882 4237 1949 4289 At
1974 4250 2104 4290 vero

527 4328 708 4396 potius
735 4328 1140 4398 intelligendum
1170 4340 1289 4381 erat
1315 4328 1461 4394 quod
1495 4329 1585 4395 qui
1621 4327 1688 4380 ad
1746 4327 2104 4383 imitationem

528 4419 723 4473 divina:
752 4428 957 4473 natura:
981 4419 1133 4488 juxta
1163 4417 1450 4485 imaginem
1471 4416 1614 4470 illius
1641 4415 1769 4470 lacti
1789 4418 2107 4480 sumus,hoc

2199 3224 2293 3277 καὶ⁸
2347 3223 2466 3276 κατ’
2500 3220 2691 3273 οὑδένα
2737 3215 2938 3288 τρόπον
2992 3213 3062 3266 τὰ
3111 3210 3385 3283 ἀνθρώπῳ
3445 3207 3797 3278 προσήκοντα

2202 3313 2444 3385 φορέσει.
2466 3310 2528 3364 Ei
2567 3311 2665 3381 μὲν
2693 3307 2802 3378 γάρ
2830 3306 3013 3378 ἐροῦσι
3051 3302 3334 3376 9311:51th
3366 3299 3474 3352 τῶν
3507 3297 3791 3368 ἡμετέρων

2200 3405 2501 3474 ἀποφοιτᾷν
2531 3401 2630 3473 τὴν
2661 3398 2812 3453 θείαν
2840 3397 3050 3464 οὑσίαν,
3097 3395 3264 3458 ἕωλος
3305 3394 3487 3455 αὑτοῖς
3521 3391 3554 3460 ἡ
3585 3390 3789 3462 πρότα-

2204 3515 2287 3561 σις
2319 3495 2704 3567 εὑρεθήσεται,
2736 3490 2891 3544 λύσιν
2917 3488 3118 3560 ἔχουσα
3143 3487 3242 3559 τὴν
3269 3483 3447 3538 αὑτῶν
3480 3480 3800 3552 ὁμολογίαν..

2203 3591 2266 3644 El
2302 3588 2356 3642 δὲ
2389 3589 2742 3657 ἐπιμένωσιν
2786 3579 3016 3652 ἀμαθῶς
3044 3575 3123 3641 οἷς
3158 3575 3536 3649 προτείνουσιν
3580 3569 3795 3626 ἐνιστά-

2206 3698 2378 3752 μενοι,
2411 3677 2720 3747 λεγέτωσαν
2749 3676 2903 3745 ήμῖν,
2928 3674 2976 3725 εἰ
3011 3670 3086 3742 μὴ
3115 3672 3142 3724 6
3165 3668 3452 3738 ἄνθρωπος
3473 3666 3632 3720 οὑσία
3656 3664 3793 3718 ὲστὲ.

2203 3775 2313 3829 Καὶ
2338 3772 2500 3826 πάλιν
2528 3768 2824 3839 ἐπειδήπερ
2849 3765 3064 3834 λογικὸς
3093 3766 3121 3818 6
3155 3762 3463 3834 ἄνθρωπος,
3500 3759 3642 3811 έστω
3663 3756 3796 3818 Θεὸς

2205 3869 2323 3922 κατ’
2355 3863 2597 3927 ἐκείνους
2625 3861 2840 3930 ἄλογος,
2864 3859 2954 3913 ἵνα
2984 3856 3320 3928 παραιτῆται
3356 3853 3424 3906 τὰ
3451 3849 3800 3922 ἀνθρώπινα..

2205 3961 2267 4014 Εἰ
2289 3959 2346 4014 δὲ
2369 3961 2426 4011 ὲν
2449 3955 2659 4018 τούτοις
2689 3952 2856 4006 ὅντων
2889 3948 3066 4022 ἡμῶν,
3087 3951 3144 4002 ὲν
3171 3947 3352 4009 αὑτοῖς
3379 3947 3495 3997 ἐστι
3522 3942 3617 3997 καὶ
3641 3940 3798 4004 Θεὸς,

2203 4053 2264 4104 οὑ
2294 4048 2694 4122 παραιτήσεται
2727 4043 2923 4115 γεννᾷν
2950 4040 3009 4106 ἐξ
3040 4037 3234 4094 ἑαυτοῦ
3268 4037 3360 4091 τὸν
3397 4035 3548 4100 Υίδν,
3575 4033 3794 4103 ἐπειδή-

2207 4160 2311 4215 περ
2345 4139 2486 4195 οὑτω
2520 4139 2784 4207 τίκτομεν
2827 4130 3169 4205 ήμεῖς.“Ἐδει
3204 4131 3313 4201 γὰρ
3362 4125 3798 4215 μᾶλλονᾼὲννοεῖν

2205 4210 2292 4287 ὄτί
2335 4229 2477 4285 κατὰ
2528 4225 2764 4298 μίμησιν
2813 4223 2914 4293 τῆς
2953 4219 3105 4288 θείας
3131 4217 3347 4288 φύσεως
3379 4216 3428 4266 οἱ
3459 4211 3583 4266 κατ’
3612 4210 3799 4264 εἰκόνα

2206 4321 2489 4392 γεγονότες
2524 4317 2716 4387 αὑτῆς,
2741 4311 3017 4368 καὶτοῦτο
3051 4311 3190 4383 μετά
3235 4308 3343 4363 τῶν
3389 4305 3562 4362 ἄλλων
3595 4302 3800 4392 κεκτῄ-

2211 4391 2372 4486 μεθα.
2388 4410 2604 4480 Ἐπειδὴ
2636 4409 2693 4463 δὲ
2725 4406 2945 4460 τέτοκεν
2975 4402 3036 4468 ἐξ
3065 4401 3258 4456 ἑαυτοῦ
3289 4400 3379 4455 τὸν
3401 4397 3548 4461 Υίδν,
3582 4391 3801 4486 καὶῗοὺκ

529 4510 691 4564 etiam
716 4522 912 4581 praeter
947 4510 1050 4564 alia
1084 4509 1362 4564 censecuti
1385 4524 1598 4562 sumus.
1631 4508 1767 4564 Cum
1796 4521 1978 4565 autem
2006 4528 2095 4584 ge-

2207 4481 2407 4574 έξωθεν
2445 4500 2813 4572 ὑπεστήσατο,
2851 4496 3066 4566 ἀνάγκη
3102 4493 3284 4548 δοῦναι
3313 4490 3376 4545 τὸ
3407 4491 3594 4562 ὅμοιον
3629 4481 3796 4554 αὑτῷ.

531 4604 710 4658 nuerit
739 4619 806 4659 ex
871 4619 931 4661 se
986 4602 1205 4669 Filium,
1268 4613 1464 4660 etnon
1506 4603 1846 4660 extrinsecus
1900 4581 2030 4661 eum
2066 4602 2432 4666 constituerit,
2493 4595 2862 4653 necessarium
2908 4591 3067 4663 plane
3126 4600 3183 4644 ut
3242 4587 3390 4642 illum
3444 4583 3679 4641 sin'iilem
3749 4581 3802 4633 ei.

529 4697 954 4754 constituamus.

1211 4815 1446 4872 ALIUD.

892 4904 976 4962 Ea:
1005 4907 1295 4977 objections
1322 4909 1714 4964 hareticorum.

599 5043 666 5096 At
703 5058 819 5110 nos,
848 5044 1121 5116 inquiunt,
1158 5045 1321 5101 veluti
1359 5046 1584 5102 materia
1615 5047 1847 5118 quadam
1907 5063 2027 5115 qua:
2078 5062 2106 5099 a

531 5148 790 5201 corporea
826 5145 1016 5190 natura
1079 5138 1453 5206 suppeditatur
1505 5147 1737 5201 utentes,
1785 5139 1988 5207 prolem
2041 5154 2105 5191 ex

533 5226 693 5282 nobis
747 5227 1055 5296 gignimus;
1101 5231 1555 5297 quemadmodum
1632 5232 1847 5298 quando
1909 5230 2110 5300 aliquid

532 5328 687 5371 extra
717 5333 814 5372 nos
847 5330 1163 5374 construere.
1194 5321 1459 5387 volumus,
1495 5333 1718 5390 accepta
1777 5324 2000 5378 materia
2059 5321 2110 5375 id

535 5410 785 5464 fachnns.
821 5409 961 5465 Deus
983 5424 1110 5465 vero
1137 5427 1258 5464 cum
1295 5413 1365 5466 sit
1392 5412 1550 5481 plane
1580 5413 1949 5482 incorporeus,
1989 5411 2110 5467 nul-

541 5499 646 5553 lam
681 5516 747 5556 ex
773 5515 834 5556 se
861 5503 1106 5557 materiae
1133 5503 1458 5558 allluentiam
1490 5503 1650 5557 habet
1699 5513 1753 5556 ut
1814 5505 1993 5574 gignat
2027 5502 2115 5557 Fi-

536 5589 669 5642 lium
709 5607 722 5643 :
773 5592 869 5646 sed
901 5607 966 5647 ex
1005 5593 1176 5648 nihilo
1203 5603 1372 5650 creat.
1403 5593 1667 5650 Omnibus
1697 5595 1878 5665 itaque
1906 5597 1972 5651 iis
1999 5610 2117 5662 quze

544 5691 749 5734 nostra:
776 5685 1183 5740 consuetudinis
1236 5696 1356 5739 sunt
1393 5685 1626 5754 rejectis,
1659 5703 1762 5740 non
1797 5702 1859 5741 ex
1909 5703 1964 5742 sc
1994 5704 2116 5756 pro-

615 5799 677 5830 ⁸⁷¹
707 5798 895 5856 Matth.
930 5818 1002 5870 XI,
1027 5801 1116 5854 27.

2901 4796 3105 4850 AAAO.

2383 4921 2480 4984 Ὠς
2515 4915 2584 4981 ἐξ
2624 4911 2984 4977 ἀντιθέσεως
3021 4909 3139 4965 τῶν
3178 4908 3624 4981 χριστομὰχων,

2299 5056 2511 5128 Ἡμεῖς,
2541 5051 2726 5122 φασὶν,
2760 5049 2950 5120 ὥσπερ
2984 5048 3086 5120 ’ύλη
3108 5048 3215 5101 τινί
3243 5049 3363 5111 ταῖς
3391 5047 3454 5100 ὲκ
3481 5046 3582 5116 τῆς
3617 5060 3806 5114 σωμα-

2212 5149 2371 5220 τικῆς
2401 5146 2615 5217 φύσεως
2644 5140 2932 5214 χορηγίαις
2969 5136 3433 5209 ἀποκεχρημένοι,
3457 5135 3716 5205 τίκτομεν
3747 5133 3802 5198 ἐξ

2216 5238 2423 5296 ἑαυτῶν
2441 5239 2508 5292 τὰ
2535 5237 2850 5306 γεννήματα
2865 5247 2876 5258 ·
2913 5232 3012 5286 κᾶν
3033 5247 3084 5283 τι
3107 5231 3216 5284 τῶν
3236 5228 3434 5294 ἔξωθεν
3466 5227 3804 5281 κατασκευά-

2217 5335 2330 5398 ζειν
2383 5329 2755 5400 ἑθελήσωμεν,
2813 5324 2948 5394 ὑλην
2998 5323 3257 5386 λαϐόντες
3316 5321 3475 5374 τοῦτο
3519 5317 3801 5388 ποιοῦμεν.

2217 5424 2348 5486 Θεὸς
2391 5421 2448 5475 δὲ
2501 5416 2778 5479 παντελῶς
2813 5413 3103 5486 ἀσώματος
3132 5413 3229 5474 ῶν.
3263 5413 3397 5484 ὕλης
3429 5411 3529 5482 μέν
3562 5427 3704 5473 τινος
3748 5408 3809 5471 ἐξ

2219 5512 2414 5569 ἑαυτοῦ
2465 5510 2729 5584 χορηγίαν
2779 5509 2879 5561 οὑκ
2931 5506 3065 5577 ἔχει,
3098 5505 3187 5558 ἵνα
3229 5503 3361 5574 τέκῃ
3405 5503 3496 5555 τὸν
3531 5502 3680 5562 Υίὺν,
3713 5499 3808 5588 61;;-

2232 5605 2480 5674 μιουργεῐ
2520 5599 2575 5652 δὲ
2625 5597 2685 5663 ὲξ
2731 5599 2832 5651 οὑκ
2864 5595 3051 5649 ὄντων.
3081 5593 3290 5647 Οὑκοῦν
3331 5590 3511 5644 πάντα
3560 5588 3628 5642 τὰ
3676 5587 3777 5641 καθ

2231 5696 2375 5765 ἡμᾶς
2404 5690 2853 5764 παραιτούμενος,
2896 5687 3016 5742 οὑτε
3059 5687 3116 5754 ἐξ
3163 5683 3356 5740 ἑαυτοῦ
3388 5681 3683 5754 προϐάλλει
3717 5678 3806 5731 τὸ)
