4078 6260
371 299 472 353 2‘3!

1831 308 2265 368 TllES.\Ull[S.

3573 313 3676 349 040

369 422 532 486 Υἰὸν.
566 424 702 479 οὔτε
732 427 796 494 ἐξ
823 427 958 498 ὕλης
988 433 1128 498 τεροῦ
1141 430 1464 499 ποκειμένης
1498 427 1786 501 ὲργάζεταί
1814 445 1866 480 τι
1888 427 1955 480 τιῖ

2060 439 2079 487 r
2100 429 2246 482 ducit
2281 426 2502 493 Filium;
2543 442 2716 497 neque
2772 428 3073 498 quidquam
3127 444 3316 483 eorum
3371 447 3489 500 qua:
3525 447 3673 497 Sltltl,

366 512 554 568 ὄντων
575 532 591 546 ·
629 519 755 572 ἀλλ’
782 519 981 584 ἔξωθεν
1008 521 1074 572 τὰ
1104 520 1280 573 πάντα
1308 521 1445 590 πρὸς
1467 521 1526 574 τὸ
1554 516 1690 574 εἶναι
1713 519 1868 573 κειλεί
1891 521 1987 574 σὺν

371 605 524 678 Υἱῷ.
559 609 633 663 El.
669 612 731 666 δὲ
760 612 940 677 τοῦτο,
970 615 1056 666 καὶ
1088 614 1336 684 ἀνόμοιος
1363 615 1491 685 ἄρα,

890 807 1046 875 Πρὸς
1086 809 1256 862 τοῦτο
1291 811 1496 874 λύσις.

469 919 592 971 Καὶ
622 919 736 982 πῶς
760 921 909 988 ἡμῖν,
935 914 980 972 ὧ
1009 923 1260 988 γενναῖοι.
1295 923 1593 992 μονογενὴς
1621 927 1650 976 6
1670 925 1796 987 Υἱὸς
1825 925 1983 996 εὑρε-

395 1006 659 1076 θήσεται,
699 1011 745 1060 εί
771 1011 862 1063 καὶ
885 1009 1044 1073 αὐτὸς
1072 1011 1267 1075 ἔξωθεν
1298 1010 1488 1083 ὥσπερ
1517 1015 1586 1066 τὰ
1617 1013 1792 1068 πάντα
1825 1015 1944 1068 ἐστί
1965 1034 1979 1081 ;

396 1099 534 1163 Πῶς
567 1101 624 1152 δὲ
656 1102 788 1164 ὅλως
831 1101 952 1162 Υἱὸς
988 1103 1017 1154 6
1050 1102 1122 1173 μὴ
1154 1105 1216 1156 ὲκ
1249 1105 1346 1173 τῆς
1378 1105 1565 1167 οὐσίας
1596 1105 1860 1175 ὑπάρχων
1888 1106 1980 1160 τοῦ

395 1195 818 1261 γεγεννηκότοςς
851 1195 915 1248 El
945 1193 1044 1264 μὲν
1089 1191 1182 1248 οὖν
1223 1196 1497 1266 ἐνδέχεται
1544 1197 1636 1250 καὶ
1678 1197 1748 1250 τὰ
1787 1198 1845 1264 ὲε
1878 1199 1978 1252 οὐκ

391 1281 566 1336 ὄντων
591 1285 704 1355 ἦτοι
734 1286 936 1351 ἔξωθεν
964 1288 1223 1354 γεγονότα
1249 1288 1526 1342 καλεῖσθαι
1553 1289 1650 1343 καὶ
1671 1285 1812 1342 εἶναι
1837 1291 1978 1344 κατὰ

387 1373 555 1442 φύσιν
591 1378 756 1440 υἱοὺς,
790 1378 968 1442 οὐδὲν,
999 1380 1075 1442 ὡς
1106 1379 1270 1445 ἔοικε,
1303 1380 1536 1434 κωλύσει
1571 1382 1748 1434 πάντα
1781 1382 1848 1435 τά
1879 1399 1976 1435 πε-

390 1467 662 1536 ποιημένα
699 1468 986 1522 καλεῖσθαι
1014 1473 1349 1541 γεννήματα.
1388 1471 1493 1524 Καὶ
1524 1470 1710 1524 οὐκέτι
1762 1489 1974 1541 μονογεα

392 1556 488 1624 νὴς
515 1560 544 1610 6
571 1558 712 1621 Υἱὸς,
740 1560 974 1622 πολλοὺς
1003 1560 1141 1631 ἔχων
1169 1564 1293 1626 τοὺς
1327 1563 1594 1632 ἀδελφοὺς
1627 1564 1769 1616 κατὰ
1793 1564 1968 1632 φύσιν.

400 1647 462 1702 El
497 1650 556 1707 δὲ.
581 1651 670 1704 οὐκ
695 1651 997 1722 ἐνδέχεται,
1035 1654 1194 1723 μόνος
1223 1654 1279 1707 δέ
1317 1659 1432 1708 ἐστι
1469 1656 1781 1726 μονογενὴς,
1818 1657 1971 1726 ἐξηλ-

2088 530 2154 570 ex
2189 515 2535 584 praesulijecta
2557 517 2774 570 materia
2812 526 3098 584 operatur;
3160 519 3252 570 sed
3317 521 3662 575 extrinsecus

2088 610 2268 662 omnia
2302 610 2366 661 ad
2397 623 2516 661 esse
2545 616 2718 671 vocat,
2754 623 2966 677 unaque
2992 617 3044 661 ct
3070 605 3286 660 Filium.
3323 609 3474 674 Quod
3517 613 3560 666 si
3597 613 3666 664 ita

2093 709 2203 763 est,
2236 698 2514 752 dissimilis
2546 699 2711 765 igitur
2740 708 2842 752 est.

2579 811 2783 864 Salutio
2838 809 3162 881 objectiom’s.

2151 923 2220 974 At
2251 937 2484 989 quonam
2521 933 2702 990 pacto,
2735 923 2860 977 boni
2885 923 3006 985 viri,
3044 922 3356 990 unigenitus
3411 922 3516 976 erit
3572 921 3665 975 I-‘i-

2084 1013 2206 1079 lius,
2239 1015 2284 1068 si
2308 1013 2471 1067 etiam
2504 1017 2617 1082 ipse
2644 1015 3009 1079 extrinsecus,
3040 1025 3097 1068 ut
3123 1016 3326 1084 reliqua
3353 1015 3554 1078 omnia,
3585 1013 3665 1067 fu-

2081 1115 2200 1159 ctus
2226 1104 2346 1157 est?
2367 1104 2472 1156 Aut
2503 1119 2612 1172 quo
2645 1116 2806 1171 pacto
2835 1106 2887 1157 in
2921 1106 3235 1159 universum
3289 1103 3453 1157 FllillS
3485 1115 3589 1168 est,
3617 1105 3663 1156 si

2077 1211 2143 1251 ει
2171 1196 2283 1264 ipsa
2320 1196 2580 1265 genitoris
2606 1194 2912 1250 substantia
2947 1211 3053 1248 non
3083 1195 3332 1248 exsiSIit?
3392 1193 3446 1247 Si
3524 1192 3662 1249 enim

2077 1299 2138 1339 ea
2171 1302 2291 1356 qua:
2318 1302 2382 1340 ex
2419 1285 2610 1350 nihilo,
2655 1285 2772 1339 sive
2806 1286 3151 1340 extrinsecus
3181 1297 3362 1339 creata
3393 1295 3542 1350 sunt,
3607 1289 3664 1339 li-

2079 1375 2131 1430 lii
2157 1377 2320 1430 etiam
2346 1375 2526 1429 vocari
2559 1384 2746 1429 etesse
2767 1383 3013 1442 possunt,
3050 1375 3184 1428 nihil
3208 1385 3380 1437 certe,
3412 1385 3470 1428 ut
3496 1390 3665 1442 appa-

2078 1474 2179 1526 ret,
2206 1464 2477 1519 obstiterit
2517 1463 2805 1532 quominus
2833 1462 3013 1517 omnia
3047 1473 3232 1518 creata
3256 1463 3348 1516 lilii
3377 1475 3662 1520 vocentur.

2076 1554 2185 1609 Nec
2213 1555 2325 1623 jam
2347 1554 2574 1622 amplius
2599 1555 2701 1608 dici
2734 1554 2934 1622 poterit
2971 1555 3282 1622 unigenitus
3309 1553 3497 1618 Filius,
3527 1557 3664 1610 mul-

2078 1653 2162 1698 tos
2193 1645 2491 1698 secundum
2527 1653 2772 1695 naturam
2807 1645 3020 1697 habens
3057 1643 3273 1696 fratres.
3305 1645 3369 1698 At
3399 1645 3441 1696 si
3464 1644 3514 1697 id
3543 1643 3658 1698 ﬁeri

407 1742 669 1812 Ααγμένην
697 1743 798 1812 ἄρα
830 1743 1016 1814 πάντη
1066 1745 1166 1813 τὴν
1211 1745 1444 1816 ὓπαρξιν
1487 1746 1622 1816 ἔχει,
1655 1747 1750 1816 οὐχ
1781 1746 1955 1818 ὥσπερ

2076 1751 2179 1787 non
2232 1743 2434 1803 potest,
2475 1735 2569 1786 sed
2615 1733 2760 1786 solus
2805 1744 2886 1786 cst
2949 1735 3282 1804 unigenitus,
3333 1735 3658 1804 peiuliarem

412 1832 593 1884 ἐκεῖνα
633 1834 751 1904 πρὸς
787 1835 848 1888 τὸ
887 1832 1032 1890 εἶναι
1079 1835 1431 1906 κεκλημένος,
1480 1837 1596 1891 ἀλλ’
1622 1837 1698 1902 ὡς
1725 1837 1852 1902 Υἱὸς
1906 1839 1971 1891 ἐκ

410 1925 613 1994 ﬂat-96;
635 1927 910 1995 προελθὼν
948 1929 1217 1999 φυσικῶς,
1246 1931 1336 1982 καὶ
1360 1929 1446 1984 διὰ
1472 1931 1634 1984 τοῦτο
1664 1931 1872 2002 ὅμοιος.

1089 2188 1286 2240 ΛΛΛΟ.

441 2294 516 2346 Εἰ
552 2294 741 2348 πάντα
774 2295 837 2362 ἐξ
866 2295 970 2348 οὐκ
1002 2295 1172 2349 ὄντων
1215 2299 1352 2364 ἐστὶ,
1390 2302 1480 2352 καὶ
1525 2300 1658 2366 μετὲι
1691 2303 1904 2354 πάντων
1937 2303 1966 2355 ὁ

375 2385 545 2446 Υἱὸς,
581 2385 665 2436 διὰ
694 2385 856 2438 ποίαν
886 2387 1068 2441 αἰτίαν
1090 2391 1118 2442 6
1150 2389 1245 2458 μὲν
1269 2389 1424 2458 φύσει
1450 2391 1668 2462 Κύριος,
1699 2393 1765 2445 τὰ
1793 2393 1846 2446 δὲ
1872 2393 1967 2460 φύ-

368 2493 464 2528 σει
497 2477 695 2542 δοῦλας
726 2479 798 2530 ’Ἡ
822 2476 932 2549 γάρ
956 2479 1026 2532 τά
1051 2480 1224 2534 πάντα
1251 2483 1525 2551 κυριότητι
1553 2486 1614 2552 τῇ
1647 2485 1780 2537 κατὰ
1805 2487 1962 2552 φύσιν

370 2567 648 2636 τιμᾶσθαι
684 2568 897 2620 δίκαιον
929 2568 1027 2639 τὴν
1066 2570 1233 2640 αὐτὴν
1265 2571 1454 2640 ἔχοντα
1483 2573 1691 2640 γένεσιν
1727 2573 1803 2644 τῷ
1825 2573 1956 2643 Υἱῷ,

364 2657 394 2728 ἢ
435 2659 542 2712 καὶ
566 2659 727 2711 αὐτὸν
759 2660 898 2728 μετὰ
931 2661 1150 2713 πάντων
1183 2660 1258 2724 ὡς
1285 2661 1467 2715 δοῦλον
1497 2660 1634 2716 εἷναί
1661 2683 1718 2717 τε
1749 2667 1841 2719 καὶ
1873 2666 1960 2720 λέ-

358 2750 590 2826 γεσθαι.
622 2751 738 2804 Νῦν
768 2752 824 2805 δὲ
859 2753 957 2823 οὐχ
1007 2753 1222 2824 ὁρῶμεν
1258 2755 1415 2808 τοῦτο
1445 2756 1816 2827 κηρύττουσιν
1858 2761 1957 2830 τὴν

362 2840 523 2895 θείαν
559 2843 805 2914 Γραφήν.
827 2843 985 2896 Ἀλλὰ
1010 2845 1212 2916 Κύριον
1241 2847 1340 2916 μὲν
1370 2848 1510 2901 κατὰ
1539 2848 1700 2918 φύσιν
1730 2846 1835 2902 οἶδε
1864 2850 1956 2903 τὸν

367 2933 520 2998 Υίδν,
557 2933 718 2987 δοῦλα
752 2936 807 2987 δὲ
836 2936 903 2990 τὰ
934 2938 1236 3008 ποιήματα,
1269 2938 1522 3007 λέγουσα.
1552 2941 1632 2994 ὅτι
1661 2959 1679 2992 ι
1707 2942 1787 2995 Τά
1817 2941 1954 3013 σύμ-

361 3044 550 3079 παντα
573 3026 735 3080 δοῦλα
770 3029 856 3082 σά.
885 3047 902 3078 ι
930 3030 1038 3080 Καὶ
1063 3029 1246 3092 πάλιν,
1270 3030 1405 3100 μετᾶ
1438 3032 1646 3104 [ἰατρὸς
1676 3033 1951 3105 ὑμνούμε-

2079 1823 2239 1894 igitur
2283 1823 2502 1876 omnino
2562 1824 2940 1878 exsislentiam
2991 1829 3184 1888 habet;
3236 1841 3338 1878 non
3396 1828 3656 1893 quemad-

2078 1913 2291 1966 modum
2345 1913 2444 1964 alia
2508 1913 2572 1964 ad
2611 1927 2733 1966 esse
2780 1924 3025 1978 vocatus,
3091 1915 3186 1969 sed
3241 1926 3299 1970 ut
3346 1915 3521 1970 Filius
3563 1934 3656 1969 na-

2075 2002 2318 2056 turaliter
2370 2018 2432 2056 ex
2487 2002 2646 2056 Patre
2675 2006 2994 2073 procedens,
3023 2017 3187 2076 atque
3225 2006 3432 2061 idcirco
3497 2006 3654 2062 siuti-

2073 2091 2160 2146 lis.

2715 2181 2943 2238 ALIUD.

2140 2289 2194 2344 Si
2228 2291 2406 2345 omnia
2429 2307 2493 2346 ex
2531 2291 2699 2346 nihilo
2749 2293 3008 2361 producta
3054 2301 3204 2354 sunt,
3261 2308 3474 2362 unaque
3528 2311 3650 2347 cum

2065 2382 2315 2434 onmibus
2333 2385 2496 2436 etiam
2528 2380 2722 2443 Filius,
2755 2398 2921 2450 quam
2947 2381 3014 2434 ob
3045 2397 3267 2435 causam
3319 2385 3405 2434 hic
3438 2385 3652 2451 quidem

2064 2485 2143 2527 est
2177 2485 2368 2526 natura
2411 2473 2692 2538 Dominus,
2755 2475 2842 2526 illa
2903 2489 3028 2527 vero
3063 2483 3251 2526 natura
3309 2473 3505 2526 serva?
3550 2475 3654 2529 Aut

2062 2564 2204 2620 enim
2226 2566 2614 2620 dominationis
2649 2566 2860 2619 titulum
2892 2566 3192 2619 naturalem
3225 2565 3447 2635 reliquis
3473 2567 3648 2618 etiam

2063 2653 2257 2708 deferri
2297 2662 2514 2723 parest,
2541 2663 2724 2724 utp01e
2752 2672 2872 2725 qua:
2905 2655 3155 2712 eumdem
3191 2670 3314 2708 cum
3381 2652 3520 2709 Filio
3560 2670 3655 2710 or-

2061 2752 2171 2798 tmn
2203 2745 2474 2810 habeant;
2505 2755 2597 2798 aut
2634 2748 2808 2815 ipsum
2839 2762 2945 2802 una
2979 2762 3102 2802 cum
3168 2747 3390 2816 reliquis
3428 2761 3646 2801 servum

2059 2851 2182 2891 esse
2216 2848 2270 2890 et
2299 2838 2423 2890 dici.
2451 2839 2519 2891 At
2546 2853 2674 2892 vero
2699 2839 2945 2906 nuspiam
2982 2839 3033 2892 id
3063 2853 3270 2892 sacram
3307 2840 3646 2908 Scripturam

2058 2926 2126 2980 de
2146 2941 2209 2980 eo
2233 2927 2522 2995 pranlicare
2540 2929 2956 2996 comperiemus.
2985 2927 3093 2981 Sed
3120 2928 3401 2980 Dominum
3429 2929 3646 2996 quidem

2058 3019 2353 3072 secundum
2407 3026 2656 3070 naturam
2692 3018 2937 3087 agnoscit
2977 3015 3196 3080 Filium,
3227 3029 3506 3071 creaturas
3544 3034 3644 3070 au-

364 3135 451 3172 νον
486 3119 590 3171 καὶ
623 3119 1060 3190 σπουδαζόμενον
1104 3121 1250 3192 αὐτῷ
1281 3123 1373 3175 τὸν
1402 3123 1529 3177 Υἱδν
1557 3126 1819 3196 εἰσφέρει,
1855 3125 1955 3197 τὴν

2063 3118 2166 3162 ιειη
2192 3123 2398 3172 servas,
2431 3108 2651 3162 dicens:
2688 3125 2706 3157 ε
2742 3106 2934 3160 Omnia
2989 3107 3236 3161 serviunt
3271 3109 3367 3161 tibi
3397 3107 3463 3162 ".
3505 3127 3523 3159 ι
3583 3107 3647 3162 Et

360 3205 546 3259 κτίσιν
595 3206 651 3260 δὲ
695 3205 1104 3276 δοξολογοῦσαν.
1150 3211 1260 3264 Οὐκ
1309 3212 1414 3282 ἄρα
1460 3217 1572 3278 τοῖς
1626 3217 1791 3269 πᾶσιν
1840 3216 1953 3280 ἴσος

360 3297 533 3359 ἐστὶν,
565 3297 691 3350 οὐδὲ
740 3297 962 3364 ἔξωθεν,
993 3297 1181 3371 ὥσπερ
1221 3303 1428 3365 ἐκεῖνα,
1459 3305 1576 3357 ἀλλ’
1599 3307 1627 3358 6
1680 3307 1778 3375 μὲν
1825 3307 1950 3370 Υἱὸς

361 3387 505 3441 κατὰ
560 3389 742 3457 φύσιν,
788 3391 858 3444 τὰ
899 3391 957 3444 δὲ
1000 3392 1162 3446 δοῦλα
1213 3395 1307 3447 καὶ
1354 3399 1649 3468 ποιήματα.
1694 3399 1849 3453 Οὖτω
1893 3402 1950 3453 δὲ

362 3477 558 3546 ἔχοντα
592 3479 682 3533 τὸν
713 3480 862 3546 Υἱδν,
888 3479 943 3534 τί
975 3483 1034 3536 τὸ
1064 3484 1269 3538 κωλύον
1301 3487 1485 3557 ὅμοιον
1527 3485 1667 3542 εἶναι
1716 3490 1794 3561 τῷ
1840 3493 1950 3545 Πα-

361 3571 450 3641 τρί
483 3585 499 3634 ;

1053 3859 1252 3912 ΑΛΛΟ.

445 3966 780 4038 Ἀγνοοῦσιν,
808 3967 884 4032 ὡς
914 3966 1110 4034 ἔοικεν,
1145 3974 1192 4024 οἱ
1218 3972 1497 4043 λογισμοῖς
1524 3975 1803 4040 ἁσυνέτοις
1843 3977 1945 4031 ὲπ-

357 4059 718 4131 ερειδόμενοι,
738 4059 832 4112 καὶ
854 4060 1010 4130 ψόφῳ
1026 4061 1287 4117 διακένων
1305 4065 1614 4136 ῥημάτωνῆ
1640 4070 1758 4132 ταῖς
1783 4070 1945 4139 ἀκριο

356 4151 535 4216 ὗείαις
557 4151 667 4204 τῶν
692 4151 1061 4222 θεωρημάτων
1081 4157 1574 4226 ὲπικομπάζοντες,
1588 4158 1672 4210 ὅτι
1694 4159 1755 4212 τὸ
1776 4161 1945 4225 ὅντως

355 4242 415 4295 ὃν
440 4244 542 4297 καὶ
573 4244 698 4296 κατ’
730 4243 914 4298 οὐσίαν
944 4246 1146 4299 τίκτειν
1172 4245 1493 4316 δυνάμενον,
1514 4248 1577 4300 τὸ
1607 4248 1747 4302 Θεῖόν
1773 4251 1939 4306 ἐστιν.

357 4335 501 4388 Αὐτὸ
535 4334 652 4405 γὰρ
683 4335 747 4406 δὴ
785 4337 912 4407 περὶ
941 4338 1134 4392 ἑαυτοῦ
1175 4355 1340 4408 φησιν
1366 4357 1378 4368 ·
1425 4336 1565 4406 Ἐγὼ
1607 4342 1720 4410 εἰμι
1767 4343 1796 4394 6
1843 4341 1938 4410 ὣν,

2063 3216 2248 3254 rursus
2276 3197 2468 3252 Filium
2499 3216 2600 3253 una
2631 3216 2751 3254 cum
2807 3198 2968 3253 Patre
2998 3198 3328 3253 celebratum
3379 3210 3433 3254 et
3492 3215 3627 3254 con-

2059 3294 2414 3363 glorilicatum
2438 3293 2660 3354 inducit,
2680 3301 2960 3348 creaturas
2975 3308 3101 3344 vero
3131 3291 3314 3347 laudes
3334 3309 3396 3345 ac
3415 3292 3641 3364 gloriam

2059 3383 2177 3438 Filii
2214 3385 2572 3440 celebrantes.
2635 3383 2750 3438 Non
2771 3385 2934 3454 igitur
2960 3383 3115 3454 133
3157 3386 3407 3439 omnibus
3447 3384 3640 3438 similis

2063 3487 2166 3543 cst,
2194 3491 2368 3546 neque
2387 3476 2724 3530 extrinsecus
2750 3485 2807 3529 ut
2843 3475 2943 3529 illa:
2979 3476 3185 3530 factus:
3219 3476 3314 3532 sed
3371 3479 3486 3546 ipse
3515 3477 3638 3544 qui-

2056 3566 2176 3620 dem
2207 3563 2373 3621 Filius
2396 3568 2689 3620 secundum
2714 3577 2985 3632 naturam,
3024 3566 3104 3619 hre
3135 3581 3263 3622 vero
3284 3582 3474 3622 servae.
3498 3567 3633 3620 Cum

2055 3669 2235 3712 autem
2267 3659 2338 3712 ita
2380 3672 2500 3714 sese
2536 3658 2728 3712 habeat
2753 3654 2942 3723 Filius,
2972 3657 3101 3728 quid
3146 3658 3431 3727 prohibeat
3488 3659 3636 3712 illum

2054 3752 2201 3808 Patri
2229 3753 2455 3808 similem
2482 3769 2602 3808 esse
2622 3754 2646 3809 2

2742 3867 2977 3923 ALIUD.

2121 3980 2394 4051 Ignorant,
2422 3990 2480 4035 ut
2529 3985 2776 4049 apparet,
2806 3977 2893 4030 isti
2953 3974 3153 4041 ineptis
3204 3975 3634 4027 ratiocinationi-

2050 4075 2150 4130 bus
2177 4075 2491 4136 innitentes,
2525 4081 2580 4124 et
2634 4069 2778 4122 inani
2829 4069 3115 4120 verborum
3173 4066 3400 4134 strepitu
3454 4066 3632 4132 potius

2049 4182 2210 4235 quam
2247 4165 2390 4219 veris
2423 4159 2880 4231 speculationibus
2910 4173 3032 4213 sese
3053 4157 3392 4227 iactitantes,
3416 4158 3463 4209 nl
3486 4163 3628 4225 quod

2050 4273 2175 4314 vere
2207 4256 2425 4312 exsistit
2453 4263 2508 4309 et
2532 4269 2596 4308 ex
2618 4253 2833 4324 propria
2869 4268 2965 4309 sua
2993 4252 3232 4307 essentia
3263 4251 3629 4322 gignit,Deum

2048 4348 2325 4405 esse.lloc
2351 4348 2492 4402 enim
2549 4349 2615 4402 de
2672 4347 2851 4416 seipso
2917 4346 3142 4416 inquit:
3193 4344 3302 4412 Ego
3359 4360 3475 4398 sum
3537 4359 3632 4398 cx-

357 4427 436 4491 ὼς
463 4428 580 4481 τῶν
611 4428 787 4482 ἄλλων
817 4430 1094 4494 ἁπάντων,
1125 4432 1222 4484 οὐκ
1249 4431 1418 4506 ὄντων
1466 4432 1563 4502 μὲν
1607 4433 1732 4504 πρὶν
1785 4435 1941 4502 γενέ-

2060 4441 2266 4504 sistens,
2310 4457 2431 4495 cum
2472 4441 2674 4510 reliqua
2719 4439 2898 4494 omnia
2963 4455 3066 4491 non
3110 4437 3397 4503 essistaut,
3454 4436 3630 4504 prius-

360 4518 516 4582 σθαι,
553 4517 802 4588 βουλήσει
832 4520 887 4573 δὲ
919 4520 1039 4591 θείᾳ
1059 4521 1193 4592 πρδς
1219 4522 1279 4574 τὸ
1303 4518 1442 4575 εἶναι
1475 4524 1939 4594 πκρενεχθέντων.

357 4609 575 4663 Οὐκοῦν
601 4611 853 4675 τὸλδντως
870 4611 950 4676 ὃν,
968 4606 1011 4679 ᾧ
1027 4614 1121 4665 καὶ
1145 4612 1206 4665 τὸ
1220 4609 1369 4666 εἶναι
1390 4612 1724 4684 κυριώτατον
1747 4617 1938 4689 ὄνομα,

356 4703 492 4756 αὐτὸ
513 4703 576 4774 δὴ
602 4704 698 4757 καὶ
730 4704 894 4776 μόνον
917 4706 1037 4758 κατ’
1064 4705 1251 4758 οὐσίαν
1278 4707 1549 4776 γεννήσει.
1573 4707 1654 4760 Τά
1674 4709 1782 4778 γὰρ
1805 4709 1942 4763 ἄλλα

357 4797 661 4867 ποιήματα,
695 4795 972 4866 ἄνθρωποι
1019 4796 1197 4867 τυχὸν,
1253 4798 1499 4870 βουλήσει
1557 4801 1756 4870 μᾶλλον
1805 4801 1942 4854 Θεοῦ

357 4889 494 4958 πρὸς
541 4887 603 4940 τὸ
653 4888 916 4943 δύνασθαι
959 4890 1162 4943 τίκτειν
1210 4890 1599 4963 ὲκλήθησαν,ἣ
1650 4894 1770 4945 κατ’
1806 4893 1942 4947 ἰδίαν

357 4978 547 5031 ουσίαν
570 4978 732 5033 τοῦτο
755 4980 988 5033 ποιοῦσι.
1024 4981 1175 5044 Θεϊος
1203 4983 1310 5051 γάρ
1344 5000 1428 5045 τις
1457 4981 1757 5050 ἀναγκάζει
1781 4983 1944 5054 νόμος

359 5067 566 5120 τίκτειν
592 5070 686 5121 καὶ
705 5069 765 5122 τὸ
790 5069 865 5140 μὴ
888 5070 1093 5123 τίκτειν
1116 5071 1377 5140 πεφυκός.
1397 5071 1616 5141 Ἐπειδὴ
1642 5072 1750 5142 γὰρ
1769 5071 1943 5136 οὕτως

359 5157 624 5228 ἠθέλησεν
669 5159 698 5211 ὁ
729 5161 1094 5230 Δημιουργὸς,
1125 5161 1267 5214 οὕτω
1313 5163 1404 5215 καὶ
1453 5163 1693 5229 γέγονεν.
1728 5164 1790 5214 El
1832 5163 1940 5234 γὰρ

361 5248 486 5300 κατ’
518 5249 706 5304 οὐσίαν
741 5251 886 5315 ἰδίως
929 5270 986 5305 τε
1033 5253 1128 5305 καὶ
1177 5254 1383 5324 κυρίως
1418 5253 1528 5324 ἔχει
1559 5254 1619 5306 τὸ
1646 5255 1850 5308 τίκτειν
1879 5255 1947 5308 τὰ

359 5339 659 5411 ποιήματα,
696 5341 839 5395 διατί
881 5343 955 5414 μὴ
993 5343 1173 5400 πάντα
1197 5345 1421 5397 δύναται
1453 5346 1686 5411 τίκτειν;
1730 5348 1943 5418 Ἐπειδὴ

357 5429 413 5482 δε
451 5432 628 5487 τίκτει
670 5433 817 5498 τινὰ,
846 5435 1089 5506 δηλονότι
1117 5437 1184 5497 τὰ
1213 5437 1636 5509 κεκελευσμέναι,
1680 5439 1944 5510 πρόδηλον

357 5521 618 5594 δήπουθεν
648 5527 724 5590 ὡς
757 5529 816 5580 οὗ
852 5529 992 5583 κατὰ
1022 5529 1184 5598 φύσιν
1209 5529 1462 5592 τοσοῦτον
1493 5534 1603 5594 τοῖς
1647 5533 1943 5601 ποιήμασιν

432 5704 479 5740 δ’
508 5704 652 5770 Psal.
680 5720 868 5772 CX_\'lll,
901 5708 990 5763 9l.

2047 4549 2208 4604 quam
2247 4533 2410 4587 fiant:
2446 4535 2719 4587 voluntate
2774 4549 2902 4587 vero
2941 4532 3122 4585 divina
3171 4534 3365 4584 educta
3423 4531 3534 4584 sint
3574 4530 3625 4581 in

2045 4636 2243 4682 ortum.
2269 4626 2418 4692 Quod
2450 4626 2610 4694 igitur
2644 4639 2769 4678 vere
2815 4635 2898 4679 est
2961 4624 3066 4692 (cui
3113 4632 3166 4675 et
3220 4623 3451 4675 maxime
3498 4636 3625 4687 pro-

2019 4717 2220 4783 prium
2254 4726 2336 4770 est
2366 4731 2556 4770 nomen
2576 4714 2730 4779 esse),
2751 4716 2851 4769 hoc
2879 4725 2933 4768 et
2962 4716 3179 4782 quidem
3231 4714 3401 4767 solum
3431 4726 3626 4763 secun-

2047 4811 2170 4863 dum
2205 4809 2495 4862 essentiam
2523 4809 2709 4877 gignit.
2751 4806 2987 4875 Reliqua:
3013 4819 3202 4860 omnes
3226 4814 3514 4858 creatum,
3545 4809 3623 4860 ut,

2046 4896 2192 4949 verbi
2226 4897 2419 4959 gratia,
2458 4898 2725 4956 homines,
2763 4896 2944 4962 potius
2972 4895 3246 4946 Vultlnlalc
3275 4891 3365 4943 Dei
3392 4890 3619 4957 gignen-

2049 4988 2097 5041 tli
2134 4985 2391 5040 facultate
2431 4988 2642 5040 donata:
2671 4997 2818 5045 sunt,
2852 4992 2942 5036 aut
2992 4981 3287 5035 secundum
3347 4977 3620 5046 propriam

2049 5079 2336 5132 essentiam
2390 5077 2491 5130 hoc
2525 5077 2764 5129 faciunt:
2818 5074 2995 5127 divina
3045 5073 3188 5125 enim
3244 5073 3484 5140 quantam
3539 5069 3621 5122 lex

2050 5169 2193 5239 cogit
2241 5169 2460 5238 gignere
2511 5167 2673 5222 etiam
2731 5167 2780 5218 id
2839 5164 2980 5232 quod
3033 5164 3257 5232 gignere
3303 5179 3407 5215 non
3461 5163 3621 5216 solet.

2049 5259 2493 5327 Quandoquidem
2519 5257 2662 5311 enim
2699 5254 2837 5308 Deus
2872 5253 2940 5304 ita
2977 5254 3165 5318 voluit,
3193 5253 3265 5307 ita
3298 5264 3351 5306 et
3418 5253 3619 5306 factmu

2047 5360 2150 5404 est.
2186 5347 2318 5402 Nam
2346 5351 2388 5402 si
2419 5364 2481 5402 ex
2511 5363 2606 5402 sua
2632 5343 2932 5400 substantia
2989 5347 3202 5414 proprie
3236 5360 3298 5396 ac
3337 5342 3627 5411 peculiari-

2047 5451 2128 5494 ter
2151 5451 2410 5494 creaturae
2437 5439 2684 5510 gignendi
2737 5435 3038 5490 facultatem
3071 5438 3357 5495 haberent,
3391 5447 3487 5483 cur
3519 5450 3625 5484 nun

2047 5546 2235 5588 omnes
2259 5543 2478 5601 possunt
2537 5527 2799 5598 gignere?
2852 5526 2985 5582 Cum
3047 5543 3173 5581 vero
3216 5520 3482 5579 nonnulla:
3541 5523 3623 5590 gi-
