4078 6260
443 354 548 409 227

1482 344 1539 400 S.
1581 301 1854 398 (ZYiULU
1897 338 2366 395 ALEXANDRINI
2409 337 2730 394 ABCHIEP.

3628 335 3737 389 2'28

445 467 541 521 Dei
575 465 754 522 factus
802 478 925 518 esse
973 459 1142 516 rideri
1205 459 1492 530 potuisset,
1554 470 1743 509 omnes
1794 467 2038 508 essemus

2144 451 2264 506 σθαι
2292 452 2426 506 Θεοῦ
2457 453 2548 505 τὸν
2575 451 2881 523 ἄνθρωπον,
2917 449 3116 513 πάντες
3157 448 3222 502 ἂν
3270 443 3413 519 ἦμεν
3465 446 3728 518 Χριστοῦ,

444 559 669 622 Christi,
711 553 925 612 etiamsi
974 552 1208 622 Spiritus
1267 549 1440 605 sancti
1503 545 1796 615 participes
1846 542 2025 598 effecti

447 669 552 704 non
581 664 848 704 essemus.
878 645 1079 700 Beatus
1126 643 1289 697 etiam
1368 638 1604 693 Joannes
1663 635 1860 690 alicubi
1909 634 2028 688 ait:

450 761 468 793 ι
506 741 609 808 Qui
669 739 921 796 mandati
953 735 1072 803 ejus
1100 741 1290 787 servat
1351 731 1403 783 in
1438 731 1554 797 ipso
1587 737 1791 791 manet,
1821 736 1877 779 et
1918 724 2034 793 ipse

448 832 503 885 in
530 848 614 886 eo.
645 835 710 883 Et
739 831 790 883 in
823 828 921 882 hoc
943 823 1327 892 cognosciums
1359 819 1500 888 quod
1562 817 1682 884 ipse
1717 823 1901 869 manet
1977 815 2031 866 in

449 924 636 988 nobis,
686 937 748 976 ex
784 920 989 988 Spiritu
1020 931 1178 986 quem
1210 913 1360 966 dedit
1413 911 1568 964 nobis
1610 909 1677 962 δ’.
1721 927 1740 958 ›
1769 907 2031 973 Quocirca

448 1017 491 1068 si
526 1009 869 1068 observantia
904 1009 1282 1062 mandatorum
1317 1017 1439 1072 qua:
1471 999 1628 1054 nobis
1687 999 1859 1060 dedit,
1907 996 2034 1064 Spi-

452 1110 589 1160 ritus
636 1101 1110 1174 participationem
1162 1097 1320 1152 nobis
1389 1093 1645 1149 conciliat
1677 1108 1694 1158 ;
1731 1104 1852 1143 cum
1902 1102 2032 1141 vero

463 1197 703 1265 Spiritus
726 1194 1018 1265 participes
1041 1189 1216 1244 effecti
1272 1201 1460 1241 sumus
1501 1184 1568 1248 ⁸³,
1630 1183 1695 1236 ad
1743 1180 2031 1247 imaginem

444 1288 732 1344 Creatoris
780 1285 998 1341 formati
1054 1297 1287 1335 sumus:
1327 1277 1677 1332 manifestum
1735 1273 1900 1344 igitur
1929 1281 2034 1338 est,

446 1380 860 1438 similitudinem
890 1392 1012 1430 cum
1035 1376 1144 1428 Deo
1177 1372 1424 1427 obtinere
1458 1384 1559 1422 uou
1585 1381 1744 1436 posse
1783 1381 1906 1419 eum
1940 1364 2032 1433 qui

447 1484 656 1529 natura:
684 1471 854 1539 ipsius
888 1467 1073 1534 aliquo
1106 1465 1264 1518 modo
1285 1461 1558 1533 particeps
1586 1473 1690 1511 non
1732 1456 1914 1513 fuerit.
1972 1456 2037 1510 Et

446 1582 635 1621 rursus
657 1565 920 1618 Servator
971 1572 1249 1613 renovans
1320 1557 1589 1611 hominem
1633 1553 1699 1606 ad
1746 1550 2034 1619 imaginem

446 1673 606 1728 quam
650 1655 982 1726 perdiderat,
1042 1649 1334 1706 insuﬂhvit
1395 1647 1556 1718 136
1601 1643 1905 1714 discipulis,
1957 1642 2038 1696 di-

447 1766 574 1806 cens
603 1767 616 1804 :
651 1768 668 1800 ι
701 1748 944 1818 Accipite
973 1745 1235 1815 Spiritum
1297 1752 1542 1798 sanctum
1577 1740 1647 1794 ".
1695 1757 1713 1791 ι
1764 1739 1818 1792 Id
1874 1737 2040 1807 igitur

2138 546 2230 598 καὶ
2275 544 2593 615 Πνεύματος
2639 545 2792 607 ὄντες
2842 543 3120 614 ἀμέτοχοι.
3150 540 3289 610 Φησί
3338 555 3442 592 που
3485 538 3654 592 πάλιν
3706 541 3732 591 ί.

2141 639 2410 710 μακάριος
2452 638 2705 709 Ἰωάννης
2729 654 2742 666 ο
2784 657 2801 688 ι
2825 638 2882 690 Ὁ
2913 620 3094 707 τηρῶν
3136 635 3236 698 τὰς
3278 630 3502 693 ἐντολὰς
3536 630 3731 692 αὑτοῦ,

2137 731 2193 782 ἐν
2245 729 2394 801 αὐτῷ
2446 731 2618 800 μένει.
2654 729 2747 781 καὶ
2796 727 2959 790 αὑτὸς
3006 728 3065 778 ὲν
3112 724 3281 794 αὑτῷ.
3315 723 3426 776 Καὶ
3456 722 3514 775 ὲν
3548 721 3733 787 τούτῳ

2137 819 2476 890 γινώσκομεν
2507 821 2589 872 ὃτι
2621 820 2772 890 μένει
2809 821 2867 871 ἐν
2895 819 3029 888 ἡμῖν
3064 818 3127 870 ὲκ
3161 815 3253 868 τοῦ
3296 812 3620 882 Πνεῦματος
3672 805 3733 863 οὗ

2138 916 2338 969 ἔδωκεν
2367 915 2521 984 ἡμῖν.
2553 933 2571 964 ι
2601 911 2811 965 Οὐκοῦν
2855 912 2902 963 εί
2948 911 3006 964 τὸ
3038 909 3326 978 φυλάττειν
3349 907 3451 977 τὴν
3482 903 3733 958 δοθεῖσαν

2142 1005 2362 1076 ἐντολὴν
2391 1005 2646 1075 πρόξενον
2679 1004 2808 1073 ἡμῖν
2837 1001 2936 1072 τῆς
2963 998 3057 1053 τοῦ
3087 998 3405 1068 Πνεὺματος
3438 992 3734 1065 μετουσίας

2140 1099 2480 1170 εὑρίσκεται,
2535 1095 2751 1166 μέτοχοι
2800 1093 2857 1146 δὲ
2907 1091 3191 1161 γεγονότες
3235 1088 3329 1142 τοῦ
3380 1085 3730 1157 Πνεῦματος,

2140 1192 2277 1262 πρὸς
2304 1190 2404 1261 τὴν
2431 1187 2525 1242 τοῦ
2562 1185 2926 1255 πεποιηκότος
2956 1183 3140 1236 εἰκόνα
3183 1177 3566 1252 μορφοὺμεθα,
3601 1176 3735 1246 πρό-

2137 1284 2294 1352 δηλον
2341 1280 2610 1353 δήπουθεν
2655 1280 2739 1332 ὅτι
2783 1277 2884 1348 τὴν
2931 1276 3069 1346 πρὸς
3100 1274 3232 1327 Θεὸν
3277 1270 3539 1342 ὁμοίωσιν
3587 1267 3733 1337 ἔχειν

2138 1376 2401 1429 ἀδύνατον
2444 1373 2536 1426 τὸν
2576 1373 2652 1442 μὴ
2685 1368 2984 1441 μετέχοντά
3013 1383 3129 1430 πως
3159 1365 3258 1435 τῆς
3285 1361 3451 1416 αὑτοῦ
3485 1358 3728 1428 φύσεως.

2138 1470 2250 1524 Καὶ
2286 1469 2450 1522 πάλιν
2478 1463 2719 1520 ἀνανεῶν
2749 1465 2830 1525 είς
2863 1461 2926 1514 τὸ
2953 1460 3074 1514 κατ’
3106 1458 3292 1511 είκόνα
3316 1455 3408 1508 τὸν
3435 1453 3730 1524 ἄνθρωπον

2139 1563 2166 1615 ὁ
2193 1562 2403 1632 Σωτὴρ,
2437 1557 2737 1628 ἐνεφύσησε
2770 1556 2881 1618 τοῖς
2914 1553 3184 1624 μαθηταῖς
3215 1549 3391 1618 λέγων
3415 1567 3428 1578 ·
3469 1565 3487 1598 ι
3514 1545 3730 1600 Λάϐετε

2141 1651 2366 1721 Πνεῦμα
2397 1649 2571 1718 ἀγιον.
2596 1648 2810 1715 ·›“Οπερ
2838 1639 2930 1697 οὖν
2951 1645 2984 1712 ἡ
3017 1639 3375 1708 ἀνακαίνησις
3408 1636 3548 1706 ἔχει,
3574 1633 3732 1688 τοῦτο

2145 1742 2444 1815 κεκτῆσθαι
2510 1741 2724 1802 πάντως
2781 1736 2876 1790 καὶ
2920 1735 3019 1806 τὴν
3066 1732 3399 1806 ἀρχαιότητα
3458 1729 3732 1800 προσήκει

446 1844 590 1910 «μιοά
627 1843 741 1895 haec
768 1839 1049 1894 renovatio
1112 1844 1278 1905 atque
1340 1833 1668 1889 instauratio
1700 1831 1886 1896 habet,
1933 1830 2034 1883 hoc

2144 1839 2298 1890 νοεῖν.
2333 1833 2542 1888 Οὐκοῦν
2571 1831 2850 1885 τελείωσιν
2884 1825 3260 1896 ὲξεικονισμοῦ
3291 1822 3425 1894 πρὸς
3452 1821 3554 1893 τὴν
3581 1820 3730 1874 θείαν

447 1934 612 1989 etiam
648 1932 881 2001 primum
913 1927 1152 1983 hominis
1183 1935 1385 1980 statum
1418 1924 1674 1978 habuisse
1706 1921 2030 1976 credendum

447 2033 556 2081 est.
593 2024 661 2080 Ut
720 2023 882 2093 igitur
923 2024 1098 2090 imago
1129 2018 1214 2073 illa
1241 2017 1490 2072 esscnlize
1520 2016 1716 2071 divina:
1747 2012 2036 2084 perfectior

448 2119 539 2182 sit,
569 2116 808 2185 Spiritus
833 2111 1176 2184 participatio
1201 2109 1406 2165 homini
1440 2108 1656 2173 tribuit,
1693 2121 1800 2160 non
1827 2103 2032 2173 simpli-

448 2211 587 2262 citer
618 2208 668 2260 in
698 2205 1031 2273 cogitatione
1063 2216 1126 2256 ac
1157 2210 1336 2254 mente
1371 2198 1464 2253 Dei
1498 2197 1786 2252 formatmn
1813 2207 1934 2248 esse
1960 2202 2037 2244 ta-

452 2303 551 2353 lem
579 2298 754 2367 qualis
781 2297 902 2364 ipse
928 2303 1030 2348 est.
1067 2292 1124 2347 Si
1153 2307 1282 2346 vero
1345 2298 1570 2358 accepto
1621 2285 1826 2355 Spiritu
1913 2283 2034 2338 Filii

450 2392 676 2446 formam
723 2389 814 2443 Dei
872 2386 1207 2454 accipimus,
1261 2382 1533 2451 quomodo
1597 2379 1702 2435 erit
1755 2377 2035 2448 inaequalis

451 2484 599 2537 Patri
631 2482 821 2547 Filius,
845 2480 960 2548 qui,
993 2489 1054 2533 ut
1105 2477 1180 2531 illi
1215 2476 1638 2539 eonformemur,
1679 2471 1845 2526 etiam
1880 2469 2034 2524 nobis

453 2591 547 2644 per
568 2575 809 2642 seipsum
839 2569 1048 2626 donat?

876 2685 1116 2755 Objectio
1142 2682 1586 2736 adversariorum.

521 2798 1076 2861 Iucnmmunieahilis,
1132 2797 1302 2862 aiunt,
1373 2804 1457 2851 est
1503 2793 1685 2860 Pater,
1737 2809 1911 2862 neque
1941 2809 2036 2864 per

453 2896 692 2965 scipsum
724 2908 752 2946 a
789 2893 946 2946 nobis
975 2891 1287 2960 participari
1317 2900 1516 2961 potest,
1547 2891 1615 2945 ob
1663 2906 1930 2946 summam
1973 2891 2037 2945 il-

457 2989 558 3041 lam
592 2985 990 3051 cxccllcntiam,
1025 2996 1187 3052 atque
1205 2983 1558 3038 eminentiam
1612 2983 1850 3048 deitatis,
1914 2999 2034 3051 qua:

454 3080 522 3132 ab
553 3079 785 3132 humana
834 3084 1024 3130 natura
1055 3075 1256 3144 percipi
1311 3090 1418 3128 non
1477 3083 1673 3143 potest.
1729 3072 2038 3144 Percipitur

2135 1930 2374 1998 οὐσίανή
2401 1926 2495 1980 τοῦ
2524 1924 2840 1994 Πνεῦματος
2871 1918 3071 1992 μετοχὴ
3100 1917 3178 1987 τῷ
3203 1915 3476 1985 ἀνθρώπῳ
3501 1913 3730 1985 χαρίζεο

2134 2021 2246 2086 ται,
2277 2021 2373 2090 οὐχ
2405 2017 2590 2080 ἁπλῶς
2621 2016 2682 2069 τὸ
2712 2017 2772 2068 ἐν
2805 2014 2994 2084 μόναις
3034 2009 3267 2072 ἐννοίαις
3307 2006 3443 2060 θεοῦ
3491 2005 3729 2060 διαπλα·

2138 2115 2329 2186 σθῆναι
2356 2110 2597 2165 τοιοῦτον
2620 2107 2802 2169 ὁποῖός
2830 2108 2976 2158 ἐστιν
3015 2103 3196 2166 αὑτός.
3227 2101 3286 2154 El
3312 2100 3368 2153 δὲ
3401 2098 3463 2186 rb
3498 2097 3730 2167 Πνεῦμα

2135 2182 2235 2257 τοῦ
2265 2201 2398 2256 Υίοῦ
2429 2199 2802 2270 λαμϐάνοντες
2851 2195 2988 2264 πρὸς
3019 2193 3151 2246 Θεὸν
3196 2182 3584 2263 μορφοὺμεθα,
3619 2187 3730 2252 πῶς

2136 2295 2390 2364 ἀνόμοιος
2441 2292 2595 2345 ἔσται
2642 2289 2721 2358 τῷ
2766 2287 2942 2357 nam
2976 2288 3005 2338 6
3039 2284 3165 2348 Υἱὸς
3201 2286 3230 2338 ό
3271 2283 3334 2336 τὸ
3384 2279 3730 2353 μορφοῦσθαι

2138 2387 2272 2457 πρὸς
2309 2387 2515 2439 ἐκεῖνον
2547 2384 2640 2437 καὶ
2664 2384 2796 2452 ἡμῖν
2820 2380 2887 2434 δι’
2912 2378 3105 2432 ἑαυτοῦ
3135 2376 3507 2448 δωρούμενοςς

2351 2684 2666 2755 Πρότασις·
2689 2678 2769 2744 ὡς
2807 2677 2874 2730 ἐκ
2915 2674 3034 2728 τῶν
3071 2664 3145 2726 δῖ’
3175 2670 3474 2735 ἐναντίας.

2220 2793 2626 2866 Ἀκοινὼνητος,
2651 2789 2805 2861 φασὶ,
2831 2791 2922 2843 καὶ
2951 2789 3012 2842 οὑ
3042 2784 3304 2857 μεθεκτδς
3331 2785 3460 2854 ἡμῖν
3483 2781 3508 2834 ό
3533 2779 3724 2850 Πατὴρ

2137 2891 2204 2945 δι’
2235 2889 2450 2955 ἑαυτοῦ,
2478 2887 2567 2940 διά
2597 2885 2696 2956 τὴν
2729 2881 3034 2953 ὑπερϐολὴν
3065 2879 3159 2932 καὶ
3186 2878 3286 2949 τὴν
3319 2878 3491 2945 ἄκραν
3533 2871 3721 2939 ὥσπερ

2140 2983 2234 3038 καὶ
2278 2980 2562 3052 ἀχώρητον
2612 2980 2677 3047 τῇ
2725 2971 3041 3044 ἀνθρωπεία
3105 2970 3264 3038 φύσει
3315 2969 3411 3036 τῆς
3465 2961 3721 3029 θεότητος

2143 3051 2464 3145 μετάληψιν.
2482 3071 2755 3139 Χωρεῖται
2782 3066 2838 3119 δὲ
2881 3064 2975 3118 καὶ
3009 3063 3066 3115 ὲν
3098 3063 3227 3131 ἡμῖν
3250 3059 3457 3128 γίνεται
3478 3055 3545 3108 δι’
3574 3051 3723 3115 Υίοῦ,

454 3182 653 3235 autem,
678 3179 729 3222 et
759 3168 812 3221 in
847 3167 1000 3222 nobis
1034 3174 1118 3220 est
1172 3181 1270 3235 per
1331 3164 1546 3226 Filium,
1604 3164 1860 3218 nimirum
1917 3175 2038 3218 tan-

2144 3139 2212 3229 θος
2255 3139 2640 3222 δι’-ἐλάττονος
2686 3156 2909 3228 δηλαδή.
2949 3153 3074 3216 Πῶς
3119 3147 3215 3204 οὖν
3253 3150 3438 3219 ὅμοιος
3465 3146 3622 3199 ἔσται
3652 3141 3726 3212 τῷ

454 3276 616 3329 quam
640 3275 734 3329 per
757 3259 1046 3312 minorem.
1076 3256 1361 3323 Quomodo
1388 3257 1551 3325 igitur
1579 3256 1772 3309 similis
1806 3257 1911 3309 erit
1934 3255 2038 3308 Pa-

459 3353 551 3416 tri,
576 3365 698 3403 eum
734 3364 763 3402 ιι
794 3349 949 3402 nobis
972 3349 1174 3416 percipi
1201 3347 1371 3416 possit
1389 3344 1580 3409 Filius,
1605 3344 1764 3400 Pater
1788 3361 1915 3401 vero
1937 3346 2040 3400 nti—

459 3441 640 3498 nime?

801 3550 883 3603 Ad
914 3550 1024 3604 haec
1055 3550 1311 3620 exceptio,
1343 3551 1447 3604 sive
1468 3550 1680 3606 solutio.

531 3661 869 3718 Temulentis
902 3661 1110 3717 similes
1140 3661 1324 3718 hostes
1357 3662 1471 3728 Dei,
1501 3671 1560 3718 ut
1596 3673 1837 3733 apparet,
1895 3663 2045 3733 igno-

464 3765 581 3807 rant
601 3753 727 3822 quid
757 3754 957 3818 dicant,
984 3764 1077 3808 aut
1105 3755 1170 3808 de
1192 3755 1387 3822 quibus
1416 3755 1764 3809 contendant.
1790 3753 1845 3808 Si
1874 3755 2042 3821 enim,

464 3854 523 3898 ut
567 3860 663 3899 vos
702 3845 902 3907 dicitis,
933 3844 1114 3898 omnia
1144 3854 1271 3899 sunt
1307 3860 1498 3914 magna
1525 3853 1582 3898 et
1607 3844 2044 3913 supernaturalia

467 3938 519 3990 in
552 3936 734 4001 Patre,
761 3953 988 3991 necesse
1024 3948 1106 3991 est
1146 3945 1206 3990 ut
1253 3936 1496 4004 ejusdem
1529 3951 1743 4006 quoque
1779 3937 2045 3991 conditio-

467 4030 552 4082 nis
583 4044 705 4084 esse
728 4028 997 4084 fateamur
1035 4029 1332 4085 bonitatem
1362 4045 1484 4098 quae
1516 4029 1568 4084 in
1604 4030 1720 4098 ipso
1766 4039 1869 4083 est.
1927 4029 2046 4094 Ouo

471 4134 628 4188 pacto
664 4122 828 4192 igitur
861 4123 905 4174 is
932 4122 1022 4193 qui
1052 4137 1263 4178 summe
1324 4123 1497 4178 bonus
1535 4131 1620 4176 est
1680 4121 1882 4192 percipi
1940 4137 2045 4176 non

467 4216 664 4281 poterit
695 4216 761 4268 ah
789 4215 856 4267 iis
889 4217 980 4285 qui
1010 4214 1254 4269 bonitate
1290 4215 1568 4284 indigent?
1592 4214 1699 4267 Aut
1741 4229 1849 4283 quo
1890 4224 2047 4282 pacto

468 4305 523 4358 in
560 4305 868 4359 universum
896 4306 1066 4361 bonus
1097 4308 1399 4360 censendus
1441 4306 1536 4372 sit,
1579 4305 1672 4373 qui
1725 4305 2046 4360 excellentia

472 4397 705 4464 quadam
730 4407 1007 4450 creaturas
1039 4405 1328 4465 snperaute
1360 4412 1548 4450 omnes
1572 4412 1600 4448 a
1634 4396 1714 4449 sui
1750 4398 2045 4464 participa-

2143 3257 2338 3329 Πατρὶ,
2368 3253 2612 3327 χωρητδς
2638 3249 2713 3304 ὢν
2737 3251 2794 3302 ὲν
2811 3249 2941 3319 ἡμῖν
2960 3247 3073 3308 τοῖς
3094 3245 3298 3296 ἐκεῖνον
3319 3241 3382 3294 οὑ
3408 3236 3726 3307 δυναμένοις

2143 3362 2375 3420 χωρειν;

2333 3547 2486 3619 Πρὸς
2522 3545 2699 3600 τοῦτο
2737 3536 3128 3607 ἀνθυποφορὰ
3166 3534 3296 3604 ἤτοι
3333 3531 3537 3595 λύσις.

2216 3665 2492 3721 Μεθύουσι
2538 3659 2700 3714 πάλιν
2751 3658 2871 3718 ταῖς
2925 3649 3204 3712 ἀϐουλίαις
3237 3648 3286 3700 οἱ
3329 3643 3615 3715 θεομάχοι,
3655 3636 3728 3710 μὴ

2145 3759 2368 3820 εἰδότες,
2399 3755 2472 3818 ὼς
2509 3752 2781 3822 φαίνεται,
2821 3748 2954 3816 μήτε
2983 3744 3017 3798 δι
3043 3743 3281 3810 λέγουσι,
3313 3737 3452 3808 μήτε
3485 3734 3620 3803 περὶ
3648 3730 3730 3784 τί·

2145 3867 2253 3904 νων
2297 3844 2754 3901 διαϐεϐαιοῦνται.
2805 3840 2866 3892 Εί
2901 3836 3029 3909 γάρ,
3059 3833 3311 3902 καθάπερ
3354 3829 3511 3898 ὑμεῖς
3567 3839 3728 3893 φατε,

2146 3942 2324 3996 πάντα
2359 3935 2574 4009 μεγάλα
2605 3933 2699 3987 καὶ
2733 3928 2986 4001 ὑπερφυῆ
3013 3927 3080 3980 τά
3105 3924 3162 3979 ὲν
3186 3921 3263 3992 τῷ
3292 3919 3489 3989 Πατρὶ,
3514 3916 3729 3984 ἀνάγκη

2145 4032 2328 4088 δοῦναι
2362 4005 2627 4090 *τοιαύτην
2657 4024 2753 4078 καὶ
2780 4021 2876 4092 τὴν
2906 4020 3318 4090 ἐνυπάρχουσαν
3347 4009 3495 4080 αὐτῷ
3527 4005 3730 4076 ἀγαθό-

2145 4143 2301 4198 τητα.
2334 4122 2459 4186 Πῶς
2487 4117 2579 4174 οὖν
2621 4121 2649 4172 ὁ
2689 4119 2769 4179 είς
2804 4114 2970 4184 ἀκρον
2998 4108 3224 4181 ἀγαθὸς,
3259 4105 3545 4176 ἀχώρητος
3576 4101 3730 4154 ἔσται

2146 4194 2257 4280 τοῖς
2301 4213 2636 4282 ἀγαθότητος
2680 4207 2988 4276 δεομένοις;
3022 4201 3146 4264 Πῶς
3193 4199 3252 4254 δὲ
3301 4198 3437 4258 ὃλως
3469 4194 3673 4262 ἀγαθὸς
3702 4195 3731 4245 ό

2145 4311 2265 4370 ταῖς
2299 4306 2440 4376 ὑπὲρ
2462 4303 2561 4372 τὴν
2587 4301 2762 4354 κτίσιν
2788 4294 3114 4364 ὑπερϐολαῖς
3139 4289 3445 4346 ἀποκλείων
3473 4287 3647 4340 άπασι
3667 4283 3729 4336 τὸ

2153 4400 2444 4472 μετασχεῖν
2473 4393 2679 4458 αὑτοῦς
2708 4391 2828 4460 Χρὴ
2857 4390 2965 4460 γὰρ
2994 4384 3283 4460 δήπουθεν,
3322 4383 3351 4436 ὃ
3379 4381 3441 4451 δὴ
3465 4380 3554 4433 καὶ
3587 4377 3726 4447 ἀλη-

467 4489 616 4542 tioue
643 4487 936 4541 ext-ludat?
973 4485 1379 4557 Oportctenim,
1399 4487 1542 4556 quod
1565 4486 1908 4540 verissimum
1929 4501 2039 4541 esse

2151 4467 2240 4556 θὲς
2271 4467 2339 4544 ὃν
2355 4467 2734 4558 ίφαίνεταιηδν
2759 4481 2905 4547 ἆπαξ
2928 4479 3151 4548 ἀγαθὸν,
3165 4473 3533 4542 ἀναλογοῦσαν
3561 4467 3728 4524 αὑτοῦ

467 4579 916 4647 deprehenditur,
947 4595 1068 4632 eum
1109 4580 1196 4648 qui
1231 4579 1451 4631 onmiuo
1482 4578 1652 4631 bonus
1703 4587 1808 4640 est,
1837 4576 2046 4630 bonita-

472 4678 579 4722 tem
616 4683 767 4721 suam
798 4667 1047 4721 ontnibus
1085 4680 1408 4738 proponere,
1459 4664 1777 4733 facilemque
1841 4664 2049 4718 fruitiu-

473 4780 596 4818 nem
627 4764 692 4817 iis
719 4764 808 4832 qui
839 4764 956 4833 ejus
986 4764 1250 4832 indigent,
1279 4761 1568 4829 explicare.
1628 4760 1778 4824 Quod
1831 4759 2045 4829 quidem

470 4855 589 4924 ipse
614 4853 794 4908 facere
835 4855 1100 4916 cernitur,
1129 4869 1249 4904 cum
1283 4867 1342 4905 se
1375 4852 1423 4904 iu
1477 4850 1631 4904 nobis
1680 4850 2045 4904 habitaturum

465 4953 633 5014 atque
660 4948 1058 5003 atubulaturum
1089 4943 1374 5014 promittit,
1411 4952 1465 4998 el
1501 4942 1637 4995 fllios
1695 4957 1821 4996 suos
1868 4941 2048 4995 decla-

469 5050 577 5092 rat.
608 5039 759 5092 Vana
796 5045 979 5108 itaque
1042 5050 1126 5093 est
1183 5037 1467 5106 impiorqu
1501 5035 1815 5106 ptopositio.
1864 5031 2049 5102 Neque

463 5133 613 5184 cutim
652 5146 745 5198 per
773 5131 1148 5186 excellentiam
1183 5145 1336 5184 suam
1386 5139 1441 5183 et
1475 5140 1679 5182 natura:
1697 5127 2046 5182 eminentiam

471 5225 539 5276 ad
559 5225 891 5277 ferocitatem
926 5225 1100 5293 ret-git
1128 5239 1143 5276 :
1172 5223 1266 5277 sed
1295 5223 1500 5292 potius,
1545 5230 1726 5274 tantus
1770 5234 1892 5273 cum
1953 5219 2044 5282 sit,

470 5331 740 5368 summam
769 5315 1151 5383 benignitatem
1180 5329 1290 5383 prae
1316 5329 1375 5367 se
1400 5315 1524 5366 fert.
1556 5310 1630 5364 Ex
1654 5311 1904 5366 omnibus
1923 5325 2050 5363 vero

467 5420 594 5472 quia:
630 5406 678 5459 ei
709 5407 891 5459 insunt
913 5405 1279 5475 pulcherrima
1311 5417 1397 5458 res
1422 5413 1506 5457 est
1536 5403 1750 5456 bonitas
1773 5403 1911 5471 ejus,
1932 5417 2051 5470 quae

468 5511 571 5564 per
593 5495 808 5563 Filium,
833 5509 888 5552 ut
912 5499 986 5552 ait
1031 5496 1336 5566 Scriptura,
1372 5499 1424 5550 in
1459 5495 1633 5549 malos
1655 5495 1809 5564 juxta
1852 5509 1917 5548 ac
1958 5494 2052 5546 bo-

467 5600 576 5642 cth
598 5597 886 5640 commeat:
913 5587 1224 5654 nullumque
1246 5584 1466 5639 omnino
1486 5598 1513 5634 a
1535 5581 1616 5636 sui
1639 5581 2052 5651 participatione

543 5773 592 5804 "
622 5770 819 5828 lJoan.
854 5771 1042 5836 ttt,?.'s.

1122 5771 1165 5800 ⁵³
1191 5769 1354 5822 "chr,
1388 5782 1459 5834 τι,
1486 5767 1536 5819 .t.
1610 5766 1655 5795 ⁸⁷⁵
1677 5762 1831 5817 Juan.
1864 5775 1956 5822 xx,
1986 5760 2074 5813 ‘22.

2151 4587 2261 4648 τοῖς
2287 4583 2421 4634 πᾶσι
2439 4577 2719 4649 προθεῖναι
2746 4575 2845 4643 τὴν
2870 4569 3200 4640 ἀγαθότητα,
3220 4567 3314 4621 καὶ
3333 4567 3412 4627 είς
3432 4561 3732 4616 ἀπόλαυσιν

2151 4673 2261 4731 τοῖς
2292 4667 2459 4735 αὑτῆς
2487 4663 2760 4734 δεομένοις
2800 4661 3023 4729 ἑτοίμην
3054 4655 3337 4721 ὲξαπλοῦν.
3359 4652 3496 4705 Ἀλλ’
3518 4651 3616 4721 ἤδη
3639 4649 3732 4702 καὶ

2154 4760 2311 4814 τοῦτο
2346 4757 2517 4811 ποιῶν
2551 4754 2819 4824 φαίνεται,
2853 4751 2920 4805 δι’
2955 4744 3029 4803 ὧν
3065 4749 3158 4802 καὶ
3188 4745 3488 4816 ὲνοικήσειν
3521 4743 3577 4793 ὲν
3600 4742 3732 4809 ἡμῖν

2155 4848 2546 4920 ἐπαγγέλλεται
2595 4845 2691 4899 καὶ
2738 4841 3234 4914 ὲμπεριπατήσειν,
3263 4838 3356 4890 καὶ
3408 4836 3553 4894 υίοὺς
3600 4833 3733 4882 ἀπο-

2153 4941 2410 4995 δεικνύει.
2438 4936 2648 4992 Οὐκοῦν
2681 4934 2849 4998 ἕωλος
2874 4937 2985 4997 τοῖς
3013 4932 3194 4994 ἀθέοις
3221 4932 3254 5000 ἡ
3290 4928 3570 4998 πρότασις.
3602 4920 3732 4974 Φαί-

2156 5049 2304 5086 νεται
2351 5029 2461 5099 γὰρ
2511 5029 2572 5081 οὑ
2617 5027 2684 5080 δι’
2716 5025 3022 5097 ὑπερϐολὴν
3074 5022 3168 5075 καὶ
3219 5016 3605 5091 μεγαλοφυῖαν,
3653 5014 3734 5072 είς

2154 5120 2454 5190 ἀγριότητα
2495 5116 2628 5180 Θεὸς
2679 5113 3020 5168 ἀποκλίνων·
3057 5111 3190 5165 ἀλλὰ
3242 5109 3441 5179 μᾶλλον
3483 5101 3732 5160 τοσοῦτος

2154 5212 2414 5281 ὑπάρχων
2441 5211 2519 5272 είς
2538 5206 2852 5278 ἡμερότητα
2881 5205 2989 5274 ὅσῳ
3022 5200 3231 5272 μεγάλα
3269 5200 3336 5252 τὰ
3361 5191 3650 5252 αὑτοῦῙΩν
3676 5193 3734 5245 ἓν

2151 5305 2214 5370 δὴ
2243 5304 2302 5356 τὸ
2331 5301 2611 5357 κάλλιστόν
2633 5302 2781 5352 ὲστιν
2809 5299 2844 5367 ἡ
2865 5296 3158 5365 ἀγαθότης,
3185 5293 3461 5364 φθάνουσα
3490 5288 3556 5343 δι’
3577 5285 3730 5345 Υίοῦ.

2154 5395 2298 5448 καθά
2327 5410 2498 5464 φησιν
2522 5392 2705 5456 αὐτὸς,
2735 5390 2828 5443 ἐπὶ
2861 5387 3130 5458 πονηρούς
3156 5403 3214 5438 τε
3247 5384 3340 5438 καὶ
3361 5381 3618 5449 ἀγαθοὺς,
3641 5375 3734 5430 καὶ

2157 5486 2346 5557 μηδενὶ
2368 5486 2430 5538 τὸ
2459 5484 2724 5557 παράπαν
2748 5479 3114 5534 ἀποκλείουσα
3145 5478 3205 5531 τὸ
3229 5477 3518 5546 μετασχεῖν
3540 5467 3732 5533 αὐτῆς.

2155 5579 2370 5648 Μετοχὴ
2420 5579 2475 5631 δὲ
2521 5575 2731 5646 Πατρδς
2774 5575 2841 5629 δι’
2871 5571 2996 5626 Υἱοῦ
3035 5573 3088 5624 ὲν
3119 5566 3397 5638 Πνεῦματι
3442 5559 3645 5633 κυρίως
3674 5569 3737 5608 τε
