4078 6260
358 308 461 363 239

1793 304 2175 366 TIIESAURU
2186 309 2243 362 S.

3554 322 3659 382 230

360 432 453 481 καὶ
491 424 829 496 πρεπόντως
879 424 949 477 ἄν
1011 424 1238 489 γένοιτο.
1282 422 1491 495 Ὥσπερ
1536 422 1627 479 οὖν
1682 428 1773 480 καὶ
1826 427 1965 496 ήλίοι

2084 427 2342 486 excludit.
2373 430 2547 488 Patris
2577 442 2756 488 autem
2804 434 3151 506 participatio
3195 453 3285 507 per
3340 438 3536 495 Prlium
3604 444 3657 499 in

366 516 671 589 μετέχομεν
717 513 812 566 διὰ
860 512 967 581 τῆς
1009 511 1069 574 ἐξ
1104 509 1270 563 αὐτοῦ
1313 513 1638 585 τικτομένης
1679 514 1877 583 αὐγῆς,
1906 515 1966 567 οὐ

364 610 494 679 δίχα
519 606 863 678 θερμότητος
886 604 921 673 ἦ
952 601 1054 671 τῆς
1087 600 1185 656 τοῦ
1217 602 1537 674 Πνεύματος
1573 608 1857 678 ἐνεργείας
1884 609 1968 660 εξ-

372 699 512 752 κύνα
542 696 941 769 φέρει.Ὣσπερ
966 689 1062 746 οὖν
1105 692 1183 763 τῷ
1212 693 1345 765 ἡλίῳ
1372 694 1471 746 οὐκ
1510 696 1573 749 ἄν
1604 715 1687 760 τις
1712 698 1966 767 ἀνόμοιον

382 789 527 845 εἶναι
560 791 712 857 λέγοι
749 788 807 841 τὺ
850 786 906 850 ἐξ
953 783 1119 837 αὐτοῦ
1171 787 1522 857 πεμπόμενον
1568 788 1683 857 φῶς
1716 788 1833 858 ἦτοι
1867 788 1965 859 τὴν

388 884 444 936 iis
458 882 720 953 ρμότητα,
739 879 823 932 διὰ
845 877 901 930 τὸ
931 876 1067 946 μετὰ
1094 876 1300 930 τούτων
1323 873 1464 933 εἶναι
1492 879 1772 950 μεθεκτὸν,
1790 880 1964 944 οὓτως

394 975 545 1027 οὐδὲν
570 972 857 1039 ἀναγκάσει
888 969 981 1020 τὸν
1005 968 1133 1020 Υἱὸν
1159 969 1413 1039 ἀνόμοιον
1440 967 1578 1023 εἶναι
1604 969 1682 1040 τῷ
1711 972 1889 1042 Πατρ“ι
1910 971 1972 1024 τὸ

399 1065 464 1116 δι’
494 1062 654 1117 αὑτοῦ
694 1059 1011 1131 μετέχεσθαι
1046 1059 1137 1111 τὸν
1177 1060 1416 1130 Πατέρα.
1450 1060 1666 1113 Μᾶλλον
1696 1061 1753 1114 δὲ
1786 1063 1971 1132 ὅμοιον

398 1158 519 1208 ὄντα
551 1155 683 1207 κατὰ
713 1154 885 1205 πάντα
924 1149 1361 1204 δεικνύει.”οπου
1404 1150 1514 1222 γὰρ
1544 1151 1672 1204 Υῐοῦ
1714 1153 1971 1222 μετέχον-

392 1263 498 1307 τες,
536 1248 630 1314 τῆς
654 1243 743 1294 τοῦ
775 1242 992 1313 Πατρὸς
1024 1242 1312 1311 μετουσίας
1340 1243 1441 1296 οὐκ
1469 1244 1831 1314 ἐστερήμεθα,
1852 1244 1968 1307 πῶς

387 1336 480 1387 οὐκ
504 1334 652 1386 ἔσται
685 1333 955 1402 ταυτότης
987 1332 1173 1395 οὐσίας
1201 1332 1414 1403 Πατρὸς
1459 1334 1555 1387 καὶ
1588 1332 1755 1398 me;
1791 1335 1966 1387 Ὅπου

385 1425 436 1478 δὲ
465 1426 651 1488 οὐσίας
680 1424 971 1495 ταυτότης,
1010 1425 1160 1476 ποῖον
1186 1424 1296 1489 ἔξει
1316 1424 1484 1477 τόπον
1528 1426 1561 1495 ἡ
1606 1425 1964 1495 ἀνομοιότης;

387 1517 698 1585 Λεγέτωσαν
726 1519 775 1569 οξ
816 1516 1197 1586 χριπομάχοι.

2078 519 2283 588 Spiritu
2315 525 2531 592 proprie
2555 527 3012 581 eteonvenienter
3046 526 3127 580 lit.
3188 527 3656 594 Quemadmodum

2078 610 2243 679 igitur
2265 620 2320 667 et
2370 615 2501 668 solis
2527 616 2815 686 participes
2870 616 3139 672 elIicimur
3187 634 3285 687 per
3312 622 3657 689 splendorem

2071 718 2233 771 quem
2265 720 2327 758 ex
2359 720 2417 760 se
2445 708 2638 778 gignit,
2671 726 2773 763 non
2839 710 2973 764 t'ilt‘a
3033 713 3269 767 calorem
3317 716 3406 783 qui
3480 718 3658 785 imago

2071 796 2313 864 quaedam
2348 808 2434 851 est
2467 803 2799 867 operationis
2828 804 3062 873 Spiritus
3094 824 3103 859 :
3145 820 3300 858 nemo
3334 822 3461 860 vero
3501 808 3654 861 dirc-

2075 886 2145 938 rit
2171 886 2348 939 lumen
2389 888 2504 941 sive
2551 890 2881 946 caliditatem
2948 910 3069 963 qua:
3110 912 3174 949 ex
3226 895 3339 949 sole
3383 899 3656 951 emittitur

2076 975 2391 1031 dissimilem
2424 978 2521 1032 soli
2551 996 2689 1045 esse,
2730 982 2886 1053 137
2912 986 3034 1053 quia
3065 1002 3187 1040 cum
3219 986 3303 1039 his
3359 990 3437 1040 sul
3486 988 3654 1054 parti-

2076 1068 2335 1137 cipatur:
2373 1070 2443 1123 ita
2494 1070 2625 1124 nihil
2668 1083 2748 1125 est
2801 1078 2944 1142 quod
2998 1089 3155 1146 rogat
3187 1079 3304 1131 ideo
3338 1078 3651 1132 dissimilem

2074 1160 2173 1211 dici
2203 1157 2395 1214 Filium
2423 1176 2451 1213 τι
2485 1162 2667 1227 Patre,
2695 1166 2818 1232 quia
2854 1180 2949 1233 per
2974 1169 3148 1235 ipsum
3208 1168 3385 1222 Patris
3430 1170 3651 1237 particlv

2072 1263 2164 1315 pes
2184 1248 2466 1305 eﬂicimur.
2497 1250 2609 1307 luto
2638 1269 2764 1309 vero
2814 1255 2916 1308 huc
2959 1270 3135 1325 Ipsum
3200 1259 3429 1311 similem
3467 1262 3514 1312 ei
3563 1276 3655 1327 per

2072 1339 2252 1392 omnia
2276 1356 2398 1395 esse
2438 1342 2614 1411 ipsum
2645 1346 2901 1398 ostendit.
2931 1343 3069 1399 Cum
3099 1348 3243 1400 enim
3269 1348 3389 1402 Filii
3434 1352 3655 1418 partici-

2072 1444 2166 1498 pes
2193 1430 2393 1498 cﬁ‘ecti,
2416 1433 2589 1490 Patris
2614 1438 3104 1493 communicatione
3154 1454 3257 1492 non
3336 1442 3616 1510 privamur
3634 1485 3650 1507 ,

2074 1536 2178 1589 quo
2206 1536 2363 1591 pacto
2391 1541 2496 1579 non
2536 1527 2610 1582 sit
2668 1530 2855 1583 eadem
2910 1531 3141 1584 essentia
3167 1531 3341 1586 Patris
3387 1546 3441 1587 et
3494 1531 3653 1587 Filii?

394 1614 481 1668 Ubi
516 1629 640 1667 vero
704 1624 789 1667 est
829 1613 1086 1667 identitas
1144 1611 1414 1677 essentia),
1443 1628 1604 1683 quem
1642 1613 1819 1669 locum
1865 1614 2085 1671 habebit
2142 1620 2555 1679 dissimilitudo?
2595 1625 2971 1696 Respondeaut
3000 1628 3155 1683 nobis
3211 1630 3394 1684 hostes
3416 1630 3645 1686 Christi.

631 1778 971 1842 Ἀντίθεσις
1012 1777 1092 1842 ὠς
1123 1777 1191 1830 ἐκ
1236 1775 1355 1830 τῶν
1382 1776 1713 1845 αἱωτικῶν.

466 1935 557 1985 Καὶ
589 1932 701 1996 πῶς
735 1931 803 1985 ἂν
830 1930 942 2001 εἴη,
977 1930 1130 1999 φασὶ,
1160 1930 1299 1985 κατὰ
1324 1931 1413 1985 τὸν
1444 1930 1546 2001 τῆς
1584 1932 1774 1994 οὐσίας
1806 1931 1965 2000 λόγον

391 2025 555 2091 ὅμοιος
585 2022 664 2094 τῷ
715 2022 896 2093 Πατρὶ
949 2025 976 2075 6
1021 2022 1168 2085 Υἱὸς,
1199 2024 1256 2085 ὃς
1306 2041 1369 2093 γε
1418 2024 1669 2077 τοσοῦτον
1726 2024 1965 2077 ἐλάττων

380 2114 649 2182 φαίνεται,
678 2115 757 2178 ὼς
788 2114 923 2185 μηδὲ
947 2116 1077 2186 ὁρᾷν
1116 2114 1310 2181 αὺτόνς
1342 2115 1450 2167 Καὶ
1488 2114 1647 2168 τοῦτο
1672 2114 1780 2187 γὰρ
1804 2115 1965 2176 αὐτός

373 2221 478 2259 που
500 2206 950 2277 διαμαρτύρεται
978 2205 1171 2273 λέγων·
1202 2225 1218 2255 ι
1237 2204 1368 2258 Θεὸν
1408 2206 1580 2269 οὐδεὶς
1613 2206 1821 2278 ἑώρακε
1853 2206 1967 2261 πώ-

370 2314 538 2351 ποτε·
579 2300 609 2350 6
632 2296 933 2367 μονογενὴς
962 2295 1115 2361 Θεὸς,
1145 2296 1173 2346 ὁ
1202 2294 1275 2347 ὣν
1298 2298 1375 2359 εἰς
1414 2296 1503 2348 τον
1522 2298 1716 2350 κόλπον
1740 2298 1830 2350 τοῦ
1857 2299 1965 2351 [Ια-

376 2389 560 2457 τρδς,
611 2387 822 2450 ἐκεῖνος
869 2385 1193 2454 ἐξηγήσατο.
1229 2404 1247 2435 r
1308 2386 1371 2437 El
1425 2387 1605 2439 τοίνυν
1666 2386 1966 2458 ἀθεώρητον

376 2481 504 2540 τοῖς
530 2478 665 2530 πᾶσι
694 2477 787 2529 τὸν
807 2476 1023 2547 Πατέρα
1057 2475 1222 2545 φησὶν
1253 2476 1281 2527 6
1314 2475 1462 2540 Υἱὸς,
1511 2478 1569 2529 ὲν
1596 2478 1649 2528 δὲ
1680 2480 1788 2540 τοῖς
1833 2480 1965 2532 πᾶσι

372 2568 477 2620 καὶ
515 2567 701 2631 αὐτὸς,
755 2565 871 2630 πῶς
921 2566 987 2620 ἂν
1043 2566 1128 2636 εἴη
1184 2566 1321 2620 κατὰ
1352 2568 1449 2638 τὴν
1503 2568 1684 2621 οὐσίαν
1732 2568 1967 2639 ὅμοιοςὸ

366 2658 639 2711 τοσοῦτον
669 2657 981 2728 ἡττώμενος
1001 2676 1015 2724 ;

877 2793 1035 2861 Πρὸς
1056 2792 1231 2847 τοῦτο
1269 2794 1469 2859 λύσις.

443 2906 559 2958 Καὶ
586 2904 705 2968 πῶς
736 2903 837 2956 οὐκ
861 2904 1119 2973 ἄντικρυς
1142 2903 1281 2973 αὐτῇ
1309 2902 1608 2972 μαχόμενοι
1649 2905 1714 2974 τῇ
1739 2902 1968 2975 ἀληθείᾳ

370 2996 663 3068 φανεῖσθε,
700 2995 795 3049 καὶ
822 2996 1027 3057 πάσαις
1069 2993 1208 3063 ὁμοῦ
1243 2997 1363 3057 ταῖς
1396 2994 1572 3058 θείαις
1606 2994 1646 3045 Γ
1654 2998 1853 3064 ραφαῖς
1875 2996 1967 3049 ἀν.

369 3090 749 3151 τιπίπτοντες,
780 3087 915 3158 μηδὲ
941 3086 1091 3156 αὐτῷ
1110 3085 1364 3153 λέγοντες
1383 3085 1613 3156 ὁρᾶσθαι
1642 3086 1721 3155 τῷ
1742 3087 1855 3157 Υίῷ
1876 3088 1967 3141 τὸν

369 3181 620 3251 Πατέρα,
639 3178 950 3249 κεκρύφθαι
987 3176 1043 3230 δὲ
1065 3175 1165 3247 τὴν
1185 3176 1279 3229 τοῦ
1300 3177 1637 3245 Μονογενοῦς
1670 3180 1977 3249 αὐτοπρόσ-

368 3286 524 3323 ωπον
568 3269 701 3323 θέαν
726 3287 741 3336 ;
764 3268 940 3321 καίτοι
971 3269 1066 3321 καὶ
1093 3267 1260 3322 αὑτοῦ
1294 3268 1591 3340 διαρρήδην
1624 3268 1855 3337 βοῶντος
1877 3272 1971 3341 οὐχ

376 3368 461 3419 ὃτι
482 3366 581 3418 τὸν
598 3364 820 3436 Πατέρα
841 3364 1054 3435 ἑώρακέ
1076 3381 1185 3431 τις,
1212 3366 1260 3417 εί
1279 3365 1353 3435 μὴ
1368 3364 1396 3416 6
1418 3364 1493 3417 ὢν
1519 3367 1673 3435 παρὰ
1697 3366 1789 3419 τοῦ
1810 3366 1969 3432 Θεοῦ,

366 3455 528 3520 οὗτος
550 3456 767 3527 ἑώρακε
796 3457 888 3510 τὸν
910 3456 1153 3528 Πατέρα.
1186 3455 1311 3519 Πῶς
1338 3456 1395 3509 δὲ
1431 3458 1479 3509 εί
1520 3458 1595 3527 μὴ
1619 3458 1970 3529 κατάληπτός

370 3556 523 3606 ἔστιν
543 3554 574 3606 ὁ
608 3551 800 3621 Πατὴρ
830 3548 909 3618 τῷ
940 3548 1076 3619 Υίῷ,
1110 3547 1205 3601 καὶ
1239 3550 1369 3617 ἡμῖν
1418 3547 1581 3600 αὐτὸν
1608 3548 1934 3602 ἐπιδεικνύει
1955 3589 1969 3613 ,

366 3644 574 3713 λέγων·
642 3662 661 3695 ι
707 3644 764 3695 '0
788 3640 1049 3712 ἑωρακὼς
1094 3639 1217 3709 ἐμὲ,
1264 3639 1477 3709 ἑώρακε
1527 3641 1619 3692 τὸν
1654 3640 1910 3711 Πατέρα;
1946 3661 1963 3691 ι

372 3736 501 3799 Πῶς
533 3735 594 3788 δὲ
619 3733 680 3786 τὸ
715 3730 945 3799 Πνεῦμα
974 3727 1139 3783 αὑτοῦ
1188 3728 1367 3781 πάντα
1418 3726 1711 3780 ἐπίσταται
1767 3729 1860 3780 καὶ
1902 3727 1971 3780 τὰ

375 3826 516 3897 βάθη
552 3824 654 3877 τοῦ
684 3822 841 3885 Θεοῦ,
872 3820 1123 3891 καθάπερ
1152 3818 1330 3872 καὶτὸ
1381 3817 1598 3887 πνεῦμα
1638 3817 1730 3871 τοῦ
1764 3819 1970 3889 ἀνθρώ-

372 3936 477 3973 που
504 3919 578 3972 τὰ
614 3920 671 3969 ἐν
703 3914 888 3985 αὐτῷς
914 3913 1037 3976 Πῶς
1056 3912 1112 3966 δὲ
1143 3911 1307 3964 πάλιν
1359 3913 1408 3964 ot
1456 3912 1576 3964 κατ’
1605 3911 1833 3983 οὐρανὸν
1866 3912 1968 3978 ἄγ-

369 4012 520 4080 γελοι
548 4010 631 4074 ὡς
652 4009 715 4061 τὸ
748 4004 941 4059 τούτου
975 4004 1265 4075 πρόσωπον
1298 4000 1626 4071 θεωροῦντες
1660 4001 1969 4070 ἀνεγράφη-

371 4118 499 4163 σαν,
528 4102 582 4152 et
627 4097 763 4169 μηδὲ
788 4095 869 4166 τῷ
898 4094 1013 4164 Υίῷ
1044 4092 1207 4146 τοῦτο
1228 4092 1488 4162 ὑπάρχει,
1544 4091 1665 4144 καθ’
1692 4092 1871 4159 ὑμᾶς;
1899 4091 1969 4143 Ἦ

367 4190 492 4254 πῶς
527 4190 637 4243 οὐκ
675 4186 982 4257 ἀληθεύσει,
1018 4184 1214 4252 λέγων·
1249 4200 1267 4233 ι
1306 4180 1503 4243 Καθὼς
1549 4180 1807 4249 γινώσκει
1844 4198 1909 4251 με
1939 4185 1970 4235 ὁ

366 4283 600 4352 Πατὴρ,
628 4279 785 4348 κάγὼ
826 4277 1076 4347 γινώσκω
1126 4274 1220 4328 τὸν
1275 4273 1522 4345 Πατέρα;
1562 4293 1581 4325 ›
1619 4274 1730 4326 Καὶ
1772 4274 1964 4329 πάλιν·

373 4390 392 4422 ‹
428 4370 635 4432 Οὐδεὶς
666 4368 1020 4436 ἐπιγινώσκει
1051 4364 1142 4418 τὸν
1174 4363 1323 4427 Υίὸν,
1362 4364 1410 4415 εἰ
1448 4364 1521 4434 μὴ
1550 4365 1577 4417 ὀ
1612 4365 1819 4435 Πατὴρ,
1847 4366 1968 4420 οὐδὲ

366 4462 463 4515 τὸν
492 4461 727 4531 Πατέρα
764 4476 848 4521 τις
902 4454 1277 4524 ἐπιγινώσκει,
1330 4457 1379 4507 εί
1416 4455 1490 4525 μὴ
1542 4458 1570 4508 6
1619 4456 1764 4521 Υἱὸς,
1797 4459 1889 4510 καὶ
1922 4452 1966 4525 ᾧ

2539 1786 2778 1855 Objcclt'o
2804 1787 3187 1842 Ita'rett'cortmt.

2143 1939 2334 2005 Atquo
2391 1950 2569 2009 pacto,
2616 1943 2786 2006 aiunt,
2820 1942 2890 1997 sit
2933 1943 3123 1999 similis
3162 1943 3305 1999 Patri
3351 1943 3521 2001 Filius
3564 1963 3648 2001 ra-

2078 2026 2218 2082 tione
2242 2032 2508 2095 essentia,
2535 2033 2622 2102 qui
2658 2044 2806 2086 tanto
2840 2036 3013 2088 minor
3044 2050 3163 2089 esse
3198 2038 3460 2098 cernitur.
3498 2048 3557 2092 ut
3582 2054 3649 2092 ne

2077 2117 2250 2171 videat
2286 2119 2499 2187 quidem
2530 2123 2743 2190 ipsum?
2768 2122 2920 2188 Quod
2948 2123 3160 2191 quidem
3196 2125 3304 2192 ipse
3327 2125 3451 2179 alibi
3482 2135 3648 2181 testa-

2075 2216 2180 2274 tur,
2212 2209 2463 2278 inquiens
2495 2230 2506 2264 :
2551 2231 2567 2262 ι
2610 2212 2776 2266 Deum
2811 2229 2970 2268 nemo
2999 2215 3383 2283 viditunquam
3417 2234 3428 2268 :
3465 2218 3651 2287 unige-

2075 2301 2220 2355 nitus
2246 2301 2414 2356 Filius
2450 2303 2563 2370 Dei,
2595 2308 2686 2373 qui
2730 2315 2815 2359 est
2868 2306 2919 2359 in
2983 2307 3102 2360 sinu
3140 2305 3335 2370 Patris,
3363 2308 3452 2359 ille
3481 2322 3649 2375 expo-

2074 2395 2181 2447 suit
2202 2394 2268 2447 5'.
2303 2414 2320 2446 ι
2360 2396 2415 2449 Si
2444 2412 2573 2466 ergo
2603 2396 2772 2450 Filius
2801 2394 3012 2449 Patrem
3041 2397 3294 2449 omnibus
3328 2396 3649 2449 invisibiletn

2073 2500 2193 2540 esse
2230 2486 2377 2551 dicit,
2430 2498 2484 2542 et
2550 2488 2947 2558 signiﬁcatione
2996 2488 3241 2543 omnium
3305 2487 3420 2557 ipse
3485 2488 3647 2542 etiam

2073 2579 2570 2646 comprehenditur,
2600 2580 2870 2649 quomodo
2896 2579 2965 2633 sit
2992 2580 3184 2633 similis
3232 2578 3532 2632 secundum
3566 2592 3651 2631 es-

2077 2671 2325 2735 sentiam,
2360 2673 2449 2740 qui
2483 2682 2632 2726 tanto
2669 2671 2896 2728 inferior
2922 2672 3046 2726 est?

2579 2808 2790 2862 Salutio
2827 2809 3153 2877 objeczionis.

2148 2921 2368 2974 Atvero
2426 2920 2696 2989 quomodo
2729 2935 2836 2974 non
2887 2929 3071 2987 aperte
3101 2933 3194 2972 vos
3241 2933 3364 2971 cum
3396 2917 3650 2971 erunibus

2078 3012 2376 3081 Scripturis
2402 3010 2574 3064 sacris
2603 3019 2658 3064 et
2716 3010 2942 3063 veritate
3001 3022 3241 3076 pugnare
3296 3008 3650 3072 censeamini,

2074 3103 2165 3172 qui
2196 3116 2263 3157 ne
2290 3105 2359 3156 ab
2380 3102 2496 3172 ipso
2521 3101 2737 3171 quidem
2756 3100 2895 3154 Filio
2920 3101 3090 3153 visunt
3120 3114 3241 3154 esse
3268 3098 3486 3155 Patrem
3516 3115 3645 3155 con-

2001 3222 2043 3277 c
2079 3194 2318 3261 tenditis,
2351 3204 2405 3249 et
2462 3208 2646 3249 coram
2673 3193 2912 3248 intuendi
2938 3193 3114 3247 Patris
3167 3193 3475 3247 facultatem
3514 3191 3652 3249 Uni-

2077 3287 2257 3353 genito
2294 3286 2565 3349 adimitis,
2607 3299 2727 3338 cum
2763 3285 2878 3352 ipse
2903 3293 3091 3352 aperte
3123 3283 3341 3348 clamet,
3380 3287 3520 3354 quod
3560 3299 3651 3341 ue-

2076 3392 2164 3429 mo
2198 3374 2624 3429 videritPatrcm
2658 3377 2756 3429 nisi
2797 3376 2886 3444 qtti
2918 3392 2983 3428 cx
3032 3374 3141 3427 Deo
3211 3386 3313 3439 est,
3348 3378 3460 3444 ipse
3513 3377 3651 3431 vidit

2074 3464 2333 3520 Patrem?
2354 3466 2631 3531 Quomodo
2660 3476 2837 3521 autem
2866 3467 2967 3521 nisi
2997 3484 3023 3518 a
3052 3466 3187 3522 Filio
3242 3469 3442 3538 percipi
3474 3479 3649 3537 potest

2076 3556 2253 3621 Pater,
2286 3558 2438 3612 nobis
2458 3558 2619 3612 etiam
2667 3559 2840 3629 ipsum
2896 3559 3151 3624 ostendit,
3194 3560 3423 3614 dicens:
3462 3578 3480 3609 ι
3547 3560 3647 3625 Qui

2072 3649 2206 3703 \idit
2239 3663 2345 3713 me,
2377 3649 2512 3703 vidit
2538 3658 2592 3703 et
2609 3648 2820 3704 Patrem
2855 3650 2945 3703 ὀἳ
2980 3670 2998 3702 ι
3025 3650 3305 3717 Quomodo
3330 3651 3492 3705 etiam
3529 3650 3647 3718 Spi-

2074 3740 2209 3795 ritus
2237 3741 2352 3810 ejus
2374 3742 2553 3795 omnia
2591 3743 2759 3807 novit,
2812 3744 2975 3797 etiam
3030 3744 3209 3796 alnlita
3236 3743 3349 3803 Dei.
3381 3744 3645 3809 sicutspi-

2074 3832 2212 3887 ritus
2243 3832 2476 3887 hominis
2502 3848 2619 3901 qua:
2655 3834 2709 3887 in
2738 3834 2851 3903 ipso
2891 3834 3123 3886 sunt"?
3150 3833 3433 3897 Quomodo
3461 3848 3646 3885 rursus

2071 3922 2248 3991 angeli
2285 3924 2536 3977 caelestes
2555 3934 2808 3991 tauquam
2846 3922 3037 3974 faciem
3070 3922 3188 3988 ejus
3215 3920 3645 3986 contemplantes

2070 4011 2329 4080 descripti
2365 4020 2512 4072 sunt,
2545 4010 2588 4062 si
2627 4024 2693 4061 ne
2734 4008 2873 4060 Filio
2901 4008 3117 4073 quidem
3156 4008 3259 4059 hoc
3289 4009 3645 4062 conceditur?

2070 4103 2180 4155 Aut
2212 4102 2483 4168 quomodo
2520 4100 2827 4159 mentiatur,
2862 4097 3085 4151 dicens:
3130 4116 3147 4149 t
3180 4094 3335 4150 Sicut
3364 4100 3644 4165 cognoscit

2073 4209 2157 4248 me
2192 4194 2444 4253 Pater,et
2470 4206 2568 4259 ego
2593 4205 2860 4259 cognosco
2896 4188 3109 4243 Patrem
3134 4188 3223 4241 '3?
3259 4208 3277 4240 ι
3312 4190 3376 4244 Et
3404 4206 3590 4245 rursus
3625 4211 3639 4246 :

2077 4306 2094 4338 ι
2126 4286 2295 4340 Nemo
2317 4285 2596 4355 COgnoscit
2633 4284 2826 4338 Filium
2858 4283 2960 4337 nisi
2981 4282 3157 4348 Pater,
3189 4300 3291 4340 nec
3314 4282 3529 4338 Patrem
3559 4285 3642 4339 ul-

2072 4380 2151 4433 lus
2178 4378 2453 4448 cognoscit
2488 4378 2586 4431 nisi
2621 4375 2811 4439 Filius,
2841 4388 2895 4430 et
2922 4376 3005 4430 cui
3038 4376 3268 4431 voluerit
3297 4376 3464 4430 Filius
3489 4392 3641 4430 reve-

2070 4472 2184 4525 lare
2205 4472 2293 4524 "‘I
2326 4490 2343 4521 ι
2379 4471 2477 4537 Qui
2507 4487 2632 4539 ergo
2664 4485 2768 4523 non
2799 4470 2973 4524 solum
3011 4472 3181 4534 novit,
3209 4485 3392 4523 verum
3474 4470 3641 4521 etiam

370 4554 467 4609 ἐὰν
500 4551 767 4623 βούληται
814 4552 843 4602 6
891 4548 1020 4609 Υἱὸς
1076 4545 1461 4614 ἁποκαλύψαις
1500 4566 1517 4597 ›
1577 4548 1633 4600 Ὁ
1660 4548 1837 4602 τοίνυν
1890 4550 1963 4621 μὴ

2072 4563 2191 4617 aliis
2217 4563 2458 4616 revelare
2485 4560 2697 4615 Patrem
2736 4571 2931 4628 potest,
2990 4562 3260 4628 quomodo
3315 4560 3486 4628 ipsum
3534 4577 3639 4613 ll0ll

374 4646 546 4715 μόνον
579 4640 753 4705 εἰδὼς,
780 4639 917 4692 ἀλλὰ
944 4638 1039 4692 καὶ
1070 4637 1472 4691 ἀποκαλύπτειν
1499 4638 1702 4709 ἑτέροις
1723 4641 1810 4693 τὸν
1847 4642 1958 4693 Πα-

368 4738 512 4807 τέρα
545 4734 861 4803 δυνάμενος,
893 4729 1011 4797 πῶς
1048 4728 1207 4782 αὐτὸν
1236 4729 1335 4799 οὐχ
1361 4730 1463 4799 ὁρᾷ
1486 4745 1499 4795 ;
1526 4730 1648 4794 Πῶς
1669 4731 1722 4784 δὲ
1763 4733 1862 4785 οὐκ
1882 4728 1959 4784 οἷ-

371 4830 461 4881 δεν
497 4829 529 4879 ὁ
549 4826 609 4892 ἐξ
634 4820 711 4878 ὧν
733 4827 881 4877 ἐστιν
908 4820 1068 4883 αὐτὸς
1087 4818 1241 4884 εἰδὼς
1268 4820 1358 4873 τὸν
1390 4821 1626 4892 Πατέρα,
1666 4824 1758 4875 καὶ
1785 4822 1958 4891 λέγων

374 4921 517 4991 πρὸς
542 4919 725 4973 αὐτόν·
782 4920 910 4972 (Τὰ
961 4920 1071 4990 ὲμὰ
1128 4919 1304 4974 πάντα
1340 4920 1409 4973 σά
1465 4922 1602 4985 ἐστι,
1634 4920 1731 4973 καὶ
1776 4921 1844 4975 τὰ
1893 4922 1958 4973 σὰ

376 5011 527 5080 ὲμά.;
562 5030 580 5060 ι
623 5011 837 5081 Ὠσπερ
863 5006 977 5076 οὖν,
1010 5012 1168 5083 εἰπερ
1202 5008 1269 5083 ἦν
1289 5013 1599 5085 ἀθεώρητος
1636 5011 1805 5081 αὐτῷ,
1836 5012 1958 5065 καθ’

378 5102 549 5171 ὑμᾶς,
579 5105 607 5155 6
636 5104 849 5174 Πατὴρ,
884 5105 984 5157 οὐκ
1011 5103 1078 5157 ἂν
1104 5101 1172 5176 ἦν
1202 5105 1349 5174 αὐτῷ
1378 5106 1498 5158 κατ’
1537 5106 1725 5157 οὐσίαν
1754 5105 1957 5173 ὅμοιος,

377 5192 555 5256 οὕτως
577 5196 874 5265 ἐπειδήπερ
895 5197 996 5267 ὁρᾷ
1015 5198 1108 5250 καὶ
1135 5197 1397 5265 γινώσκει
1430 5197 1518 5248 τὸν
1544 5196 1781 5265 Πατέρα,
1808 5196 1958 5249 ἔσται

378 5285 598 5349 πάντως
629 5286 780 5357 αὐτῷ
809 5287 951 5341 κατὰ
985 5287 1162 5343 πάντα
1220 5286 1578 5357 προσεοικὼς,
1617 5288 1711 5340 καὶ
1738 5286 1957 5357 διαψεύ-

378 5391 533 5428 σεται
560 5377 728 5429 πάλιν
761 5379 860 5447 τῆς
892 5379 1023 5449 παρ’
1052 5378 1207 5449 ὑμῶν
1231 5376 1594 5444 συκοφαντίας
1617 5379 1645 5429 6
1675 5377 1849 5445 λόγος.

606 5490 1010 5559 Ἀνθυποςρορὰ
1049 5492 1128 5557 ὠς
1166 5491 1233 5543 ἐκ
1271 5490 1388 5545 τῶν
1422 5486 1744 5557 αἱρετικῶν.

451 5600 607 5653 Κατὰ
634 5600 814 5665 τοῦτο,
852 5602 1005 5668 φασὶ,
1037 5601 1195 5654 μόνον
1227 5601 1411 5670 ὅμοιον
1434 5595 1575 5652 εἶναι
1607 5597 1848 5667 δώσομεν
1871 5597 1958 5648 τὸν

455 5744 498 5772 ³⁵
528 5741 689 5796 Joan.
731 5758 766 5809 ι,
807 5744 888 5798 18.
967 5744 1186 5798 “Jonn.
1229 5761 1337 5809 xw,
1369 5744 1421 5797 9.
1499 5742 1584 5794 "l
1622 5744 1742 5795 Cor.
1777 5756 1835 5802 tt,
1884 5740 1964 5792 ll.

2076 4652 2263 4707 videt?
2290 4653 2392 4705 Aut
2417 4652 2688 4720 quomodo
2727 4667 2831 4705 non
2863 4650 3111 4718 cognovit
3173 4652 3261 4717 qui
3302 4666 3366 4703 ex
3402 4664 3509 4715 quo
3562 4658 3644 4701 est

2073 4743 2189 4809 ipse
2246 4742 2396 4795 novit
2450 4741 2705 4805 Patrem,
2767 4742 2967 4810 quique
3028 4741 3093 4793 ad
3152 4738 3366 4792 Patrem
3454 4736 3637 4790 dicit:

2084 4851 2101 4883 ι
2138 4832 2327 4885 Omnia
2366 4848 2481 4885 mea
2519 4844 2605 4886 tua
2632 4843 2778 4896 sunt,
2812 4842 2860 4886 et
2899 4843 2987 4884 tua
3044 4846 3158 4883 mea
3192 4830 3280 4881 ⁸θῖ
3316 4847 3334 4878 ι
3369 4828 3639 4892 Quemad-

2071 4922 2284 4974 modum
2330 4921 2513 4987 igitur,
2541 4922 2586 4975 si
2616 4936 2643 4973 a
2669 4919 2809 4974 Filio
2837 4918 3006 4973 videri
3045 4933 3151 4970 non
3193 4924 3395 4984 posset,
3454 4926 3510 4966 ut
3541 4931 3635 4970 vos

2067 5012 2384 5080 epiuamini,
2412 5012 2604 5065 similis
2635 5012 2885 5064 essentiae
2920 5023 3041 5061 cum
3088 5021 3152 5059 eo
3184 5021 3287 5057 non
3342 5014 3525 5060 esset:
3568 5006 3638 5060 ita

2069 5118 2192 5157 cum
2222 5103 2474 5156 videatet
2505 5110 2794 5167 cognoscat
2830 5099 3068 5159 Patrem,
3092 5096 3289 5150 similis
3335 5100 3495 5151 etiam
3546 5113 3641 5167 per

2068 5196 2249 5249 omnia
2285 5195 2357 5247 illi
2398 5194 2577 5258 fuerit,
2614 5191 3136 5258 metulacissimaque
3162 5190 3263 5242 erit
3302 5202 3483 5244 vesu'a
3541 5205 3631 5245 ca-

2069 5287 2291 5339 Itttttnia.

2282 5482 2442 5552 138
2479 5480 2714 5549 Objectio
2745 5477 2999 5545 replicans
3042 5478 3425 5533 Imreticorum.

2140 5592 2213 5647 Eo
2234 5603 2439 5647 tantum
2478 5592 2659 5653 modo,
2691 5601 2959 5656 inquiunt,
2995 5590 3223 5646 similem
3274 5602 3394 5643 esse
3446 5584 3639 5640 Filium

2556 5734 2597 5761 ‘9
2630 5730 2817 5781 Matth.
2861 5748 2935 5795 τι,
2976 5736 3064 5788 9.7.
3143 5737 3185 5767 ⁶⁰
3212 5734 3365 5789 .luan.
3395 5740 3523 5787 ινιιι
3548 5724 3632 5773 ω-

2044 5735 2086 5765 ⁸³
2111 5733 2264 5788 Joan.
2302 5751 2353 5799 χ,
2392 5734 2474 5785 ιΐί.
