4078 6260
456 433 565 490 135
1484 403 1540 456 S.
1582 392 1854 455 CYRILLI
1891 380 2360 445 ALEXANDRINI
2400 375 2717 432 ARCHIEP.
3048 389 3052 393 '
3593 355 3708 412 266

455 557 630 613 stunt,
659 558 764 602 non
800 548 981 596 autem
1025 534 1101 589 iis
1156 542 1277 600 qua:
1337 538 1442 579 non
1528 518 1795 574 exsistunt
1861 509 2032 578 magis
2060 515 2088 568 Α

2186 505 2328 564 ιτοῖς
2363 500 2436 571 μὴ
2470 491 2864 564 οὖσινδέχεσθαί
2917 506 2969 542 τι
3005 482 3470 556 πρεπωδέστερον,
3508 473 3716 544 συνθη-

2186 597 2191 611 ν
2272 595 2334 613 οη
2369 592 2454 613 UA
2489 589 2634 613 --.v.--:
2705 585 2844 613 ἰνιτ
2875 577 3163 613 annumin.
3193 574 3485 613 ὴυηννηῖην
3515 570 3716 613 εἰπεῖν-

457 570 630 613 ειυιιι,
659 570 764 602 nou
800 570 981 596 autem
1033 570 1101 589 ua
1157 570 1277 600 tr...-
1338 570 1442 579 υ---
1535 570 1664 574 ---η
1952 570 1981 578 _

457 638 748 697 conveniat
769 629 975 702 aliquid
1003 625 1275 692 accipere,
1300 631 1398 671 nos
1438 612 1603 668 etiam
1655 604 2022 664 concedimus.

2186 595 2339 666 ἱμεθα
2365 592 2459 646 καὶ
2483 589 2656 643 αὐτοί.
2705 585 2844 638 Ἀλλ’
2875 583 3051 634 ἐκεῖνο
3066 577 3163 632 νῦν
3193 574 3485 641 ἀναγκαῖον
3515 570 3717 628 εἰπεῖν,

2277 685 2292 702 ε
2329 684 2351 702 ι-
2560 681 2609 702 L-
2634 697 2678 702 --
2712 676 2860 702 —--z
2887 689 3028 702 -.-ιη
3109 669 3184 702 ,ευ
3214 668 3312 702 mnu
3345 663 3465 702 sm.
3495 659 3717 702 ἱππιδά-

460 659 748 697 conveniat
769 659 975 702 aliqum
1003 659 1275 692 ειυωγνιυ,
1301 659 1398 671 un-
1440 659 1602 668 --η-,η
1661 659 1753 664 --η
1775 659 1782 660 ,
1804 659 1813 660 ,

460 731 728 788 Caeterum
754 723 882 780 illud
907 731 1050 775 nunc
1067 723 1290 768 necesse
1311 715 1396 762 est
1415 704 1616 767 dicere,
1640 697 1784 768 quod
1811 695 1864 750 id
1889 693 2033 762 quod

2186 705 2214 739 .‘t
2243 685 2303 738 τὸ
2325 681 2610 754 δεχόμενόν
2632 697 2685 732 τι
2710 676 2862 746 παρά
2887 689 3051 736 τινος,
3109 669 3184 732 ὡς
3214 668 3314 719 οὐκ
3345 663 3465 734 ἕχον
3495 659 3720 731 λαμϐά-

2266 777 2322 788 ...
2428 776 2440 788 .
2569 772 2590 788 ν
2716 769 2807 788 ,\,_
2852 769 2868 788 ι
2904 765 3090 788 11..-.L-
3131 761 3188 788 ,λ
3251 754 3388 788 ,τιυυ
3445 753 3556 788 Γ..ιᾷ
3597 753 3720 788 vnap‘

463 753 728 788 natarum
756 753 882 780 Ittuu
907 753 1050 775 ιιυιιν
1067 753 1290 768 ..νυν-..ιν
1313 753 1396 762 ν--
1419 753 1551 759 ..----
1574 753 1615 767 -,
1658 753 1674 768 _
1907 753 1923 762 _

463 821 660 892 accipit
684 815 886 885 aliquid
930 811 996 865 ab
1020 807 1148 873 alio,
1202 812 1459 870 tanquam
1489 809 1594 850 non
1627 789 1836 845 habens
1886 785 2032 840 acci-

2186 797 2236 831 Lt.
2265 777 2325 830 El
2358 776 2538 828 τοίνυν
2567 772 2680 842 ἔχει
2711 769 2809 840 μὲν
2847 769 2873 820 6
2904 765 3092 834 Πατὴρ
3130 761 3191 814 τὸ
3250 754 3392 812 εἶναι
3445 753 3558 824 ζωὴ
3597 753 3725 804 κατ’

2186 874 2193 892 ι.
2210 871 2323 892 -1--.
2378 867 2553 892 “2..-.
2588 864 2642 892 ε).
2677 860 2835 892 ut.-.
2860 858 2937 892 ροτι
2967 855 3081 892 ἸἾᾹ
3114 856 3190 892 ,ενι
3222 853 3320 892 ηιίν
3349 851 3526 892 Evmrzt
3559 846 3725 892 δηλα-

464 846 660 892 Ἇυυψιι
684 846 886 885 aliqum
930 846 996 865 au
1020 846 1148 873 ιιι-ν,
1203 846 1459 870 .-...ι..--..
1491 846 1592 850 ---η

464 919 560 988 pit.
585 914 644 970 Si
669 909 979 979 ergoPater
1011 900 1237 970 quidem
1296 895 1460 950 habet
1511 889 1636 950 hoc,
1684 892 1744 938 ut
1814 881 1886 935 sit
1927 879 2035 933 vita

2186 871 2346 930 iciav,
2376 867 2559 920 δίδωσι
2587 864 2643 917 δὲ
2677 860 2836 914 τοῦτο
2860 858 2937 928 τῷ
2967 855 3081 926 Υἱῷ
3114 856 3190 917 ὡς
3222 853 3322 906 οὐκ
3349 851 3526 921 ἔχοντι
3559 846 3731 914 δηλα-

2186 980 2201 988 -
2253 959 2370 988 _.‘,’.-
2399 955 2490 988 ...Χι-
2522 956 2666 988 ἓιι-φη.
2701 953 2819 988 vmr‘
2849 949 3032 988 m‘minu
3063 948 3244 988 Sumo:
3277 940 3426 988 αὖτᾶ)
3464 938 3599 988 πάθ’
3634 937 3731 988 αὐ-

465 937 560 988 ριῑ.
585 937 644 970 δι
669 937 796 979 ergo
819 937 968 963 raw-
1015 937 1237 970 ιιυιυν-ι.
1297 937 1460 950 μυ.---
1513 937 1636 950 ---Ἶ
1697 937 1738 938 ,,

465 1004 757 1064 secundum
809 994 1127 1056 essentiam,
1167 988 1264 1043 dat
1313 998 1442 1038 vero
1483 980 1535 1034 id
1563 977 1724 1038 Filio,
1783 972 2038 1026 nimirum

2186 980 2224 1032 ῃ,
2253 959 2370 1022 πῶς
2399 955 2490 1012 οὖν
2521 956 2672 1009 ἕσται
2701 953 2819 1006 κατ’
2849 949 3032 1003 οὐσίαν
3063 948 3244 1018 ὅμοιος
3277 940 3426 1014 αὗτῷ
3464 938 3599 1008 παρ’
3634 937 3732 988 a6-

2207 1050 2232 1060 ~
2282 1051 2304 1064 "
2385 1051 2398 1064 '
2599 1048 2621 1064 "
2720 1063 2724 1064 ν
2768 1043 2884 1064 ηνμὶ
2909 1061 2920 1064 -
2951 1044 3043 1064 ,3η
3079 1040 3187 1064 9---.
3211 1057 3223 1064 .

466 1040 757 1064 acuum“...
810 1040 1127 1056 w--..-._-__,

466 1111 525 1153 ut
558 1111 662 1151 non
677 1089 902 1147 habenti
932 1101 945 1138 :
979 1098 1087 1155 quo
1119 1072 1591 1151 pactoigitur-erit
1625 1067 1835 1123 ratione
1859 1077 2042 1120 essen-

2186 1050 2236 1105 >ῦ
2277 1051 2566 1120 δεχόμενος
2597 1048 2734 1117 ὅπερ
2759 1043 2921 1108 αὐτὸς
2947 1044 3046 1096 οὐκ
3078 1040 3225 1110 ἔχεις

465 1191 554 1245 tia:
579 1181 873 1245 similis'ei,
901 1179 968 1234 ab
993 1191 1060 1232 eo
1087 1169 1371 1240 accipiens
1387 1163 1782 1235 quod-ipsemet
1812 1171 1918 1212 non
1941 1155 2040 1209 ha—

468 1278 591 1333 bet?

984 1373 1192 1431 Salutio
1219 1365 1549 1440 objection‘is.

535 1493 857 1569 lnquirenda
879 1498 963 1547 est
986 1496 1242 1545 accurate
1272 1481 1404 1538 dicti
1447 1479 1619 1549 ipsius
1645 1475 1714 1531 de
1759 1482 1882 1542 'quo
1935 1467 2050 1536 agi-

475 1610 614 1658 mus,
645 1606 678 1646 ο
710 1586 860 1650 boni,
886 1582 1178 1643 sententia,
1206 1591 1270 1632 ac
1304 1585 1417 1630 tum
1445 1567 1675 1627 rationis
1697 1565 1807 1620 vim
1842 1559 2053 1617 videbi-

475 1701 616 1741 mus.
653 1683 695 1736 A
719 1679 876 1734 nobis
905 1674 1052 1730 enim
1082 1677 1274 1726 contra
1299 1662 1552 1720 audietis.
1588 1659 1644 1714 Si
1669 1657 1749 1712 sic
1777 1654 1942 1709 habet
1971 1650 2053 1704 vi-

477 1787 586 1831 tam
622 1770 790 1825 Filius
838 1759 1289 1836 quemadmodum
1333 1764 1387 1810 et
1455 1752 1638 1812 Pater,
1705 1746 1808 1801 hoc
1835 1753 1940 1806 est,
2003 1741 2054 1794 in

482 1871 682 1938 seipso,
714 1879 811 1935 per
841 1861 987 1931 quod
1019 1853 1361 1927 signiﬁcatur
1387 1843 1772 1904 essentialiter,
1811 1838 1940 1908 quid
1968 1838 2059 1892 ob-

486 1930 1120 2028 stabit-quominusun
1145 1943 1399 2000 similiter
1431 1953 1497 1993 se
1543 1937 1764 1995 habent,
1817 1930 2054 1998 eiusdem

490 2021 712 2122 quoque
733 2047 844 2103 sint
869 2035 1222 2099 substantiae?
1251 2034 1310 2090 Si
1337 2032 1482 2088 enim
1506 2031 1669 2084 Pater
1703 2025 1866 2080 habet
1891 2021 2058 2075 vitam

486 2111 538 2198 in
587 2111 784 2211 seipso,
811 2147 865 2192 et
885 2133 1056 2189 Filius
1087 2127 1324 2184 vicissim
1356 2125 1524 2178 vitam
1561 2119 1614 2174 in
1649 2117 1827 2187 seipso
1877 2111 2060 2178 habet,

489 2250 594 2289 non
627 2246 722 2302 per
755 2227 1135 2299 adiectionem,
1169 2228 1227 2274 ut
1255 2232 1352 2273 vos
1383 2209 1704 2282 opinamini,
1772 2205 1876 2260 erit
1897 2203 2063 2258 etiam

488 2324 636 2380 Patri
664 2297 962 2377 secundum
989 2311 1286 2368 essentiam
1323 2303 1571 2374 aequalis,
1606 2300 1699 2367 qui
1723 2297 1911 2352 eodem
1944 2307 2063 2346 mo—

492 2421 557 2472 do
599 2416 766 2474 vitam
793 2411 956 2465 habet
979 2415 1141 2476 atque
1177 2401 1286 2464 ille,
1318 2410 1496 2453 etnon
1530 2392 1708 2447 aliter.

1198 2532 1432 2591 ALIUD.

564 2663 624 2718 Si
650 2657 828 2714 Filius
854 2667 959 2709 non
979 2658 1063 2706 est
1099 2649 1208 2703 vita
1246 2641 1544 2700 secundum
1594 2643 1868 2697 naturam,
1911 2627 2064 2700 14],

499 2770 608 2824 quo
641 2757 798 2821 pacto
830 2758 958 2800 vere
985 2741 1117 2796 dicit
1151 2756 1165 2792 :
1198 2755 1220 2790 ‹
1256 2733 1358 2802 Qui
1377 2730 1550 2787 credit
1603 2728 1654 2782 in
1679 2738 1787 2788 me,
1813 2721 1974 2776 habet
1996 2719 2075 2772 vi-

501 2861 609 2904 tam
633 2854 889 2900 asternam
917 2836 1001 2888 "?
1055 2852 1074 2884 ›
1135 2829 1202 2885 Ει
1229 2838 1450 2882 rursus:
1502 2840 1520 2873 ι
1559 2818 1699 2874 Oves
1739 2827 1871 2868 mea:
1887 2823 2074 2866 vocem

503 2951 678 2994 meam
714 2933 939 2990 audiunt
966 2926 1042 2993 ⁶⁸;
1077 2943 1095 2976 ι
1133 2931 1188 2978 et
1221 2938 1236 2976 :
1275 2936 1295 2971 ι
1322 2915 1432 2988 Ego
1457 2915 1525 2969 do
1556 2909 1687 2981 ipsis
1730 2907 1893 2960 vitam
1921 2911 2077 2956 aeter-

504 3044 659 3094 nam;
695 3043 714 3077 ι
748 3033 802 3079 et
833 3031 1021 3076 rursus
1068 3033 1081 3070 :
1123 3030 1142 3064 ι
1183 3009 1285 3078 Qui
1318 3004 1491 3062 credit
1525 3003 1576 3057 in
1608 3013 1716 3063 me,
1753 3009 1860 3050 non
1892 2999 2078 3062 gusta-

508 3125 586 3177 hit
616 3083 847 3174 mortem
879 3112 932 3166 in
963 3117 1226 3163 aeternum
1250 3101 1318 3152 “.
1359 3116 1376 3148 ι
1405 3091 1704 3164 Oportebat
1740 3085 1882 3143 enim
1935 3083 2082 3137 dice-

510 3230 600 3268 re:
629 3208 732 3277 Qui
768 3201 942 3260 credit
964 3199 1017 3253 in
1046 3209 1156 3257 me,
1189 3189 1422 3258 accipiet
1482 3184 1671 3246 vitam,
1721 3189 1883 3246 quam
1937 3171 2080 3226 dedit

511 3305 641 3358 mihi
675 3299 854 3352 Pater.
887 3293 1056 3345 item:
1082 3285 1218 3340 Eum
1248 3280 1342 3350 qui
1387 3271 1681 3331 crediderit
1711 3269 1762 3322 in
1812 3279 1919 3328 me,
1974 3276 2079 3315 non

512 3396 655 3449 sinet
687 3389 848 3442 Pater
878 3388 1097 3453 gustare
1131 3383 1380 3429 mortem.
1415 3367 1473 3421 Si
1505 3379 1632 3420 vero
1662 3361 1715 3417 id
1748 3374 1857 3414 non
1886 3355 2085 3411 dixisse
2149 3404 2164 3420 ,

511 3483 776 3543 cernitur,
809 3451 903 3532 sed
937 3467 1202 3544 promittit
1264 3477 1324 3518 se
1388 3460 1642 3515 daturum
1703 3454 1770 3508 iis
1816 3451 1907 3519 qui
1960 3461 2084 3502 cre-

515 3579 646 3632 dunt
673 3573 726 3626 in
747 3571 920 3638 ipsum
939 3535 1123 3616 -vitam
1153 3569 1276 3625 quae
1303 3549 1625 3608 naturaliter
1649 3553 1705 3600 et
1722 3535 2088 3598 essentialiter

518 3668 621 3722 sibi
665 3627 963 3733 ipsi-inest,
1028 3647 1299 3721 quomodo
1329 3639 1554 3710 intelligi
1589 3643 1764 3707 potest
1789 3630 1985 3685 Filium
2015 3627 2092 3680 vi-

519 3773 626 3814 tam
681 3768 788 3810 non
847 3748 1134 3804 habentem
1189 3752 1305 3795 eam
1352 3751 1382 3791 a
1427 3733 1588 3788 Patre
1619 3721 1928 3796 accepisse?
1982 3718 2093 3774 Hoc

517 3810 661 3907 enim
701 3844 893 3918 quavis
915 3833 1245 3907 blasphemia
1273 3826 1492 3900 gravius
1525 3830 1629 3879 est.
1664 3817 1795 3880 Sed,
1843 3823 1902 3868 ut
1935 3810 2095 3865 modo

518 3905 1154 4006 dictum'est,procedens
1176 3939 1240 3981 ex
1264 3922 1447 3984 Patre,
1466 3913 1644 3972 omnia
1670 3924 1788 3980 qua
1814 3905 1956 3961 illius
1973 3908 2099 3958 sunt

520 4035 678 4095 simul
699 4029 993 4090 secundum
1021 4031 1272 4079 naturam
1295 4026 1478 4071 secum
1503 4007 1660 4064 aﬂ‘ert
1679 4046 1692 4070 ,
1727 4010 1782 4057 et
1799 4014 1862 4055 ea
1891 3995 2098 4051 ratione

521 4144 624 4199 qua
700 4119 932 4190 accepit,
992 4115 1192 4170 dicitur
1251 4101 1506 4177 splendor
1563 4107 1618 4154 et
1678 4095 1855 4162 imago
1908 4087 2096 4159 ipsius.

529 4181 702 4273 iJnum
736 4219 916 4268 autem
978 4217 1164 4260 eorum
1215 4213 1338 4268 qua:
1397 4191 1548 4248 Patri
1605 4191 1789 4244 insunt
1815 4181 1977 4238 etiam
2017 4185 2102 4233 est

525 4311 657 4362 vita.

1210 4483 1370 4540 ALIU
1381 4484 1440 4538 D.

2647 1328 2803 1396 Πρὸς
2827 1325 3002 1380 τοῦτο
3020 1323 3227 1388 λύσις.

2235 1443 2579 1513 Ἐξεταστέον
2613 1438 2876 1510 ἀκριϐῶς,
2926 1431 2970 1489 ὦ
3009 1435 3294 1505 βέλτιστοι,
3318 1430 3412 1485 τοῦ
3442 1428 3741 1501 προτεθέν-

2152 1557 2243 1601 τος
2273 1538 2446 1610 ,ῥητοῦ
2469 1537 2568 1608 τὴν
2591 1534 2850 1594 διάνοιαν,
2879 1530 2974 1582 καὶ
3004 1527 3125 1581 τότε
3151 1524 3245 1579 τοῦ
3276 1523 3434 1591 λόγου
3455 1522 3554 1592 τὴν
3579 1521 3744 1574 δύνα-

2159 1648 2252 1700 μιν
2275 1608 2538 1700 ὀψόμεθα.
2578 1619 3000 1678 Ἀντακούσεσθε
3046 1615 3155 1687 γὰρ
3197 1613 3326 1684 παρ’
3365 1611 3539 1683 ἡμῶν,
3567 1612 3622 1663 εξ
3649 1608 3745 1662 οὔ·

2157 1740 2265 1785 τως
2295 1721 2409 1792 ἔχει
2443 1719 2542 1788 τὴν
2563 1716 2706 1786 ζωὴν
2736 1715 2764 1767 6
2789 1712 2914 1775 Υἱὸς
2941 1709 3132 1778 ὥσπερ
3155 1706 3250 1760 καὶ
3281 1707 3309 1758 6
3359 1703 3564 1772 Πατὴρ,
3609 1717 3744 1752 του-

2159 1813 2362 1876 τέστιν,
2396 1813 2453 1864 ὲν
2474 1806 2672 1877 ἐαυτῷ,
2708 1804 2774 1857 δι’
2810 1795 2869 1856 οὗ
2899 1799 2961 1854 τὸ
2987 1795 3260 1860 οὐσιωδῶς
3297 1794 3628 1866 σημαίνεται
3651 1835 3666 1856 ,
3693 1791 3747 1843 τί

2089 1883 2130 1939 Β
2160 1901 2394 1956 κωλύσει
2425 1899 2492 1953 τὰ
2523 1896 2726 1968 ὁμοίως
2759 1895 2971 1964 ἔχοντα,
2996 1890 3097 1958 τῆς
3130 1888 3299 1958 αὐτῆς
3320 1883 3458 1940 εἶναι
3515 1885 3616 1937 καὶ
3658 1883 3748 1936 οὑ-

2163 1994 2317 2058 σίας;
2355 1992 2418 2044 Εἰ
2473 1989 2581 2061 γὰρ
2638 1988 2667 2040 ὁ
2722 1985 2913 2055 Πατὴρ
2945 1983 3056 2053 ἔχει
3097 1981 3196 2050 τὴν
3252 1977 3396 2050 ζωὴν
3430 1980 3486 2030 ἐν
3541 1973 3746 2045 ἑαυτῷ.

2161 2084 2276 2156 ἔχει
2307 2084 2363 2136 δὲ
2396 2082 2558 2136 πάλιν
2589 2079 2758 2150 αὐτὴν
2784 2080 2811 2131 6
2846 2075 2974 2138 Υἱὸς
3002 2075 3059 2128 ὲν
3090 2070 3285 2142 ἐαυτῷ,
3325 2070 3427 2122 οὐκ
3464 2069 3522 2120 ὲν
3571 2083 3750 2138 προσ-

2165 2176 2339 2248 θήκης
2371 2173 2549 2245 μέρει,
2577 2170 2830 2240 καθάπερ
2858 2169 3014 2239 ὑμεῖς
3045 2181 3200 2234 φατε,
3235 2163 3386 2216 ἔσται
3416 2160 3510 2214 καὶ
3530 2159 3610 2230 τῷ
3637 2159 3754 2212 [Ια-

2164 2266 2254 2337 τρὶ
2311 2263 2432 2319 κατ’
2485 2263 2673 2316 οὐσίαν
2728 2261 2873 2322 τσος,
2917 2260 2946 2311 6
2991 2254 3251 2317 ὡσαύτως
3296 2252 3436 2322 ἔχων
3467 2251 3566 2320 τὴν
3605 2248 3754 2319 ζωὴν

2168 2357 2359 2428 ἐκείνῳ
2382 2396 2396 2422 ,
2429 2354 2525 2408 καὶ
2561 2354 2659 2424 οὐχ
2692 2352 2912 2423 ἑτέρως.

2858 2481 3058 2536 ΑΛΛΟ.

2244 2604 2304 2657 El
2339 2620 2412 2673 μη
2443 2600 2555 2669 ζωὴ
2585 2597 2722 2650 κατὰ
2771 2593 2932 2664 φύσιν
2973 2592 3120 2645 ἐστὶν
3149 2592 3176 2644 6
3201 2589 3349 2654 Υἱὸς,
3409 2586 3522 2648 πῶς
3544 2584 3757 2653 ἐπαλη-

2174 2694 2352 2748 θεύσει
2380 2692 2576 2759 λέγων’
2618 2709 2635 2740 ι
2673 2688 2730 2741 '0
2761 2683 3032 2738 πιστεύων
3071 2684 3150 2746 εἰς
3174 2681 3293 2752 ἐμὲ,
3317 2679 3427 2749 ἔχει
3450 2677 3592 2746 ζωὴν
3616 2674 3758 2729 αἰώ-

2175 2802 2320 2849 νιον;
2348 2803 2364 2833 ι
2401 2782 2510 2834 Καὶ
2536 2779 2714 2832 πάλιψ
2751 2796 2768 2828 ι
2812 2776 2896 2856 Τὰ
2924 2775 3174 2847 πρόϐατα
3221 2773 3290 2825 τὰ
3333 2769 3443 2841 ἐμὰ
3490 2767 3590 2836 τῆς
3619 2767 3758 2837 ἐμῆς

2175 2871 2362 2926 ἀκούει
2375 2869 2576 2938 φωνῆς.
2592 2856 2713 2918 μὲ(
2725 2863 2896 2933 Κάγὼ
2911 2863 3103 2932 δίδωμι
3119 2862 3300 2926 αὐτοῖς
3322 2858 3465 2929 ζωὴν
3482 2855 3717 2911 αἰώνιον.
3734 2874 3751 2905 ›

2178 2965 2286 3017 Καὶ
2316 2963 2500 3016 πάλιν·
2533 2981 2553 3012 ‹
2604 2961 2663 3012 '0
2693 2955 2963 3011 πιστεύων
2996 2955 3076 3018 εἰς
3109 2953 3212 3023 ἐμὲ
3279 2952 3340 3004 οὐ
3384 2951 3458 3022 μὴ
3497 2949 3759 3017 γεύσηται

2181 3054 2412 3110 θανάτου
2435 3055 2512 3116 εἰς
2545 3050 2637 3103 τὸν
2670 3049 2862 3103 αἰῶνα.
2900 3065 2918 3098 ›
2962 3045 3109 3100 Ἔδει
3166 3043 3274 3114 γὰρ
3319 3043 3501 3110 λέγειν
3522 3056 3534 3069 ·
3581 3041 3642 3092 '0
3675 3055 3761 3090 πι-
3795 3071 3804 3082 ι

2184 3146 2386 3201 στεύων
2417 3147 2496 3207 εἰς
2548 3143 2647 3213 ἐμὲ
2682 3140 2909 3212 λήψεται
2939 3139 3067 3208 παρ’
3108 3137 3242 3208 ἐμοῦ
3274 3134 3438 3204 ζωὴν,
3465 3133 3532 3202 ἢν
3561 3129 3762 3184 δέδωκέ

2108 3233 2151 3291 C
2189 3257 2278 3310 μοι
2310 3241 2339 3291 6
2365 3237 2576 3307 Πατήρ.
2610 3237 2718 3287 Καὶ
2769 3231 2950 3286 πάλιν
3014 3229 3120 3285 Τὸν
3180 3229 3262 3291 εἰς
3305 3225 3404 3296 ἐμὲ
3442 3223 3765 3277 πιστεύοντα

2185 3308 2244 3382 οὐ
2272 3326 2618 3397 συγχωρήσει
2649 3324 2677 3375 ὁ
2711 3321 2898 3391 Πατὴρ
2951 3315 3250 3387 γεύσασθαι
3303 3311 3556 3367 θανάτου.
3616 3310 3679 3362 Ei
3709 3308 3764 3361 δὲ

2187 3427 2347 3482 τοῦτο
2383 3425 2482 3495 μὲν
2511 3420 2746 3493 εἰρηκὼς
2768 3419 2828 3472 οὐ
2861 3417 3131 3488 φαίνεται,
3165 3414 3240 3475 ὡς
3272 3411 3328 3465 δὲ
3360 3409 3516 3479 φύσει
3537 3404 3766 3477 προσοῦ·

2193 3537 2290 3573 σαν
2313 3516 2493 3587 ἐαυτῷ
2536 3515 2635 3587 τὴν
2666 3513 2832 3583 ζωὴν,
2879 3510 2972 3565 καὶ
3005 3508 3082 3572 ὡς
3117 3503 3391 3567 ούσιωδῶς
3416 3501 3768 3570 ὑπάρχουσαν

2194 3613 2250 3663 ὲν
2276 3607 2472 3677 ἐαυτῷ,
2504 3606 2697 3658 δώσειν
2745 3603 2856 3664 τοῖς
2905 3601 2984 3662 εἰς
3012 3598 3175 3654 αὑτὸν
3229 3593 3576 3646 πιστεύουσιν
3599 3591 3773 3656 ἑπαγο

2196 3702 2462 3770 γέλλεται,
2495 3696 2612 3760 πῶς
2647 3694 2920 3764 ἐνδέχεται
2967 3692 3109 3744 νοεῖν
3157 3688 3258 3742 οὐκ
3303 3686 3494 3755 ἔχοντα
3518 3683 3608 3737 τὸν
3642 3682 3773 3735 Υἱὸν

2198 3795 2477 3866 εἰληφέναι
2505 3791 2709 3860 ταύτην
2725 3786 2875 3858 παρὰ
2898 3783 2992 3839 τοῦ
3024 3781 3270 3852 Ηατρός;
3307 3779 3416 3832 Καὶ
3455 3776 3564 3848 γὰρ
3599 3775 3667 3829 ἂν
3689 3775 3773 3844 εἴη

2200 3889 2378 3957 πάσης
2407 3883 2662 3938 ἐπέκεινα
2692 3878 3002 3950 δυσφημίας
3051 3873 3209 3929 τοῦτό
3263 3889 3348 3941 γε.
3392 3869 3557 3933 Ἀλλ’,
3586 3867 3778 3937 ὥσπερ

2199 3983 2300 4053 ἤδη
2340 3977 2679 4050 προείρηται,
2703 3971 2980 4046 προελθὼν
3011 3971 3073 4022 ἐκ
3115 3967 3346 4038 Πατρὸς,
3383 3965 3558 4018 πάντα
3579 3961 3648 4015 τὰ
3677 3960 3779 4014 αύ-

2199 4052 2293 4127 τοῦ
2327 4070 2468 4125 κατὰ
2492 4069 2652 4139 φύσιν
2713 4065 2997 4132 ἐπάγεται,
3053 4059 3149 4114 καὶ
3198 4059 3273 4122 ὡς
3313 4055 3572 4128 εἰληφὼς,
3637 4052 3781 4105 κατὰ

2200 4163 2359 4218 τοῦτο
2390 4163 2612 4225 νοεῖται,
2662 4157 2756 4211 καὶ
2812 4146 3150 4222 ἀπαύγασμα
3183 4148 3277 4203 καὶ
3315 4146 3479 4201 εἰκὼν
3517 4146 3782 4216 ὑπάρχων

2203 4256 2390 4314 αὑτοῦ.
2456 4255 2551 4308 Ἓν
2603 4252 2660 4305 δὲ
2710 4249 2820 4304 τῶν
2873 4245 3182 4317 προσόντων
3237 4242 3316 4296 τῶ
3362 4240 3532 4306 Πατρὶ
3595 4239 3694 4290 καὶ
3748 4238 3784 4306 ἡ

2199 4353 2340 4423 ζωή.

2895 4457 3098 4510 ΑΛΛΟ.

608 4614 663 4668 Si
701 4608 866 4664 Filius
895 4605 989 4662 Dei
1014 4618 1120 4660 non
1155 4607 1241 4656 est
1267 4593 1586 4652 naturaliter
1605 4591 1735 4657 vita,
1779 4590 1873 4646 sed
1901 4598 2088 4645 tantum

2277 4579 2340 4632 El
2375 4576 2450 4648 μὴ
2477 4573 2590 4646 ζωὴ
2610 4571 2750 4627 κατὰ
2781 4570 2942 4639 φύσιν
2966 4567 3114 4621 ἐστὶν
3140 4567 3168 4618 6
3194 4561 3322 4625 Υἱὸς
3341 4559 3437 4614 τοῦ
3463 4555 3627 4622 Θεοῦ,
3651 4553 3785 4609 ἀλλὰ

531 4707 655 4759 vita:
687 4698 976 4771 particeps,
1004 4686 1461 4765 quemadmodum
1509 4686 1698 4740 hostes
1747 4679 1950 4736 Christi
1989 4679 2105 4749 opi-

533 4808 767 4858 nantur,
799 4790 943 4845 aliud
1001 4783 1276 4856 quidpiam
1331 4787 1416 4833 est
1465 4775 1762 4832 secundum
1813 4771 2105 4828 essentiam

531 4904 692 4960 quam
723 4883 853 4941 illud
884 4877 1029 4952 quod
1054 4876 1122 4932 ab
1139 4887 1206 4929 eo
1233 4868 1610 4942 participatur.
1689 4863 1969 4933 Quomodo
2009 4862 2108 4932 igi-

533 4954 752 5049 t-nripse
797 4977 851 5030 in
913 4971 1148 5029 medium
1211 4964 1418 5036 prodit,
1470 4959 1626 5017 nobis
1658 4958 1894 5014 dicens:
1933 4972 1953 5007 ι
1998 4954 2108 5024 Ego

533 5045 836 5138 sum-panis
869 5063 960 5134 qui
995 5062 1063 5117 de
1089 5058 1229 5116 coelo
1249 5052 1525 5112 descendi.
1555 5049 1613 5105 Si
1665 5047 1790 5119 quis
1811 5045 2112 5102 comederit

534 5178 600 5216 ex
625 5162 730 5215 hoc
755 5133 915 5226 pane,
943 5153 1091 5208 vivet
1119 5151 1173 5204 in
1205 5158 1465 5202 aeternum
1497 5141 1580 5194 ὀἳ
1601 5157 1620 5192 ι
1657 5133 2109 5207 Oportebatenim

537 5253 616 5308 sic
645 5225 824 5320 potius
849 5246 1049 5308 dicere,
1085 5240 1130 5295 si
1168 5237 1326 5293 modo
1345 5236 1460 5306 ipse
1490 5247 1599 5287 non
1641 5238 1763 5284 erat
1812 5225 2110 5280 secundum

539 5313 789 5398 tiaturam
825 5337 932 5390 vita
963 5334 1080 5402 ipsa
1106 5345 1121 5384 :
1147 5329 1206 5383 In
1232 5342 1318 5382 me
1343 5334 1426 5380 est
1465 5321 1622 5393 panis
1649 5318 1742 5387 qui
1771 5317 1839 5370 de
1862 5313 2000 5370 coelo
2023 5313 2120 5366 de-

539 5431 784 5495 scendit;
813 5433 889 5490 et,
918 5421 976 5478 Si
1004 5421 1130 5492 quis
1152 5416 1447 5474 comederit
1495 5428 1562 5468 ex
1593 5425 1731 5480 pane
1786 5407 1879 5477 qui
1925 5407 1978 5462 in
2033 5420 2119 5459 me

540 5531 645 5585 est,
676 5522 820 5574 vivet
853 5517 908 5570 in
938 5523 1221 5569 aeternum.
1251 5508 1321 5562 At
1347 5518 1476 5560 vero
1496 5517 1618 5558 cum
1647 5500 1797 5564 dicit,
1845 5498 1957 5567 Ego
1975 5511 2117 5558 sum,

541 5614 777 5681 seipsum
803 5607 1066 5675 designat,
1104 5615 1208 5656 non
1269 5605 1447 5653 autem
1504 5593 1707 5663 aliquid
1755 5605 1946 5646 eorum
1999 5603 2119 5658 quae

618 5787 661 5834 υ
685 5785 837 5841 Joan.
875 5796 946 5847 vr,
973 5780 1059 5833 47.
1135 5777 1178 5808 ⁸⁸
1199 5776 1352 5830 Joan.
1393 5790 1445 5838 χ,
1479 5773 1565 5825 9.7.
1643 5771 1686 5801 θ’
1710 5769 1866 5822 Joan.
1896 5781 2009 5831 vm,
2046 5765 2134 5819 52.

2211 4671 2356 4742 ζωῆς
2380 4647 2633 4739 μέτοχος,
2664 4663 2916 4732 καθάπερ
2941 4662 2990 4713 οἱ
3028 4654 3384 4730 χριστομάχοι
3431 4649 3616 4719 φασὶν,
3668 4647 3788 4699 ’ἐτε-

2215 4739 2387 4834 ρόνγτί
2412 4762 2526 4813 ἐστι
2548 4755 2669 4812 κατ’
2697 4754 2884 4809 οὐσίαν
2936 4749 3098 4813 αὐτὸς
3149 4746 3300 4818 παρὰ
3336 4743 3397 4797 τὸ
3429 4739 3790 4813 μετεχόμενον

2215 4833 2306 4908 ὕπ’
2342 4850 2525 4906 αὑτοῦ.
2557 4849 2681 4911 Πῶς
2720 4843 2812 4901 οὖν
2853 4847 2986 4915 ἡμῖν
3037 4841 3199 4904 αὐτὸς
3253 4839 3333 4902 εἰς
3371 4835 3534 4907 μέσον
3573 4833 3792 4902 ἔρχεται

2215 4945 2418 5014 λέγων’
2459 4960 2477 4993 r
2523 4938 2664 5019 ’Ῑξγώ
2697 4939 2812 5006 εἰμι
2836 4936 2864 4988 6
2901 4934 3063 5002 ἄρτος
3109 4932 3138 4983 ό
3188 4931 3252 4982 ὲκ
3284 4925 3377 4982 τοῦ
3418 4921 3644 4993 οὐρανοῦ
3690 4935 3795 4971 κα-

2214 5037 2407 5100 ταϐάς.
2441 5014 2576 5088 Ἐάν.
2595 5048 2679 5095 τις
2705 5030 2854 5100 φάγῃ
2908 5029 2972 5079 ὲκ
2997 5023 3188 5078 τούτου
3228 5019 3322 5074 τοῦ
3351 5019 3536 5088 ἄρτου,
3566 5014 3794 5082 ζήσεται

2217 5131 2296 5189 εἰς
2326 5099 2415 5179 τόν
2451 5122 2653 5186 αἰῶνα;
2689 5139 2707 5171 ι
2750 5118 2898 5171 Ἔδει
2929 5115 3036 5186 γὰρ
3069 5110 3240 5173 οὕτως
3285 5109 3478 5167 εἰπεῖν,
3511 5103 3668 5169 εἰπερ
3696 5099 3798 5150 οὐκ

2216 5214 2284 5288 ἦν
2319 5216 2460 5270 κατὰ
2495 5214 2656 5282 φύσιν
2680 5209 2842 5271 αὐτὸς
2899 5209 2932 5277 ἡ
2975 5204 3107 5275 ζωή·
3143 5202 3232 5253 Ἐν
3261 5199 3383 5268 ἐμοὶ
3410 5198 3438 5248 6
3477 5195 3640 5263 ἄρτος
3677 5191 3704 5241 ὁ
3731 5190 3798 5239 ἐκ

2214 5282 2308 5362 τοῦ
2331 5305 2560 5378 ούρανοῦ
2586 5301 2848 5363 καταϐάς.
2878 5299 3010 5360 Καὶ,
3054 5293 3177 5348 Ἐάν
3215 5308 3296 5354 τις
3321 5289 3472 5360 φάγῃ
3495 5289 3558 5338 ὲκ
3586 5283 3678 5336 τοῦ
3701 5282 3798 5350 ἄρ-

2216 5418 2309 5454 του
2336 5371 2432 5452 τού
2457 5401 2513 5451 ὲν
2542 5396 2687 5466 ἐμοὶ,
2725 5394 2949 5463 ζήσεται
2980 5391 3060 5451 εἰς
3105 5385 3196 5438 τὸν
3224 5381 3416 5436 αἰῶνα.
3466 5376 3603 5430 Νυνὶ
3631 5375 3687 5426 δὲ
3709 5371 3801 5423 λέ-
3871 5438 3875 5442 η

2218 5511 2330 5563 γων
2351 5493 2440 5572 τὸ,
2486 5463 2624 5558 Ἐγῶ
2657 5489 2792 5558 ειμι,
2829 5482 3018 5538 ἑαυτὸν
3042 5477 3238 5551 ὁρίζει,
3263 5474 3355 5527 καὶ
3379 5470 3477 5540 οὐχ
3510 5468 3568 5520 ἓν
3609 5483 3662 5517 τι
3693 5463 3801 5515 τῶν

2232 5554 2243 5563 .
2351 5554 2378 5572 ,
2429 5554 2436 5557 .
2556 5554 2566 5558 -
2714 5554 2724 5558 _

2223 5582 2665 5659 προσγεγονότων
2698 5579 2815 5649 ἦτοι
2850 5574 3159 5646 προσόντων
3199 5564 3367 5635 αὐτῷ.
3405 5563 3467 5616 Εἰ
3498 5557 3675 5612 τοίνυν
3709 5554 3786 5606 σὺ

2211 5764 2257 5795 ⁷⁰
2285 5761 2441 5817 Juan.
2483 5774 2556 5825 γι,
2590 5759 2677 5813 51.
