4078 6260
406 385 504 442 237

1831 405 2268 465 TIIESAURUS.

3569 444 3673 498 ΗΒ

399 502 483 564 τός
506 503 658 556 ἐστιν
688 504 717 556 ό
759 504 935 574 ἄρτος
968 507 996 558 6
1043 507 1168 570 τοὺς
1211 512 1533 582 μετέχοντας
1569 517 1972 586 ἀπαθανατὶξει

399 594 687 623 tumtum“..-
745 601 849 623 Α).--
883 598 1085 623 15-41--.
1139 603 1248 623 -.ιρι
1284 605 1298 623 ι
1361 607 1371 620 ν
1616 610 1638 623 α
1789 614 1802 623 ι
1867 613 1892 623 ι.

2100 522 2173 576 illi
2202 523 2408 592 adjecta
2439 539 2584 593 sunt,
2613 532 2694 586 vel
2719 533 2921 591 insunt.
2961 538 3018 593 Sl
3057 555 3187 610 ergo
3220 546 3333 614 ipse
3379 561 3458 604 est
3496 569 3670 623 panis,

395 594 708 664 δυνάμενος,
743 601 850 650 οὐκ
881 598 1085 662 ἔξωθεν
1133 603 1252 656 οὐδὲ
1278 605 1570 677 ἐπίκτητον
1613 610 1724 681 ἔχει
1753 614 1815 667 τὸ
1860 613 1993 678 ζωο-

395 691 587 750 ποιεῖν,
629 689 747 741 an:
801 689 880 743 ὣν
923 693 1064 746 κατὰ
1118 693 1280 763 φύσιν
1308 695 1444 770 ζωὴ,
1492 702 1620 766 τοὺς
1667 704 1996 775 μετέχοντας

394 779 562 833 αὐτοῦ
593 781 965 851 ῦωοποιήσειν
985 784 1202 858 ἀληθῶς
1237 789 1654 860 ἐπαγγέλλεται.

1096 1077 1299 1133 ΑΛΛΟ.

469 1183 533 1237 Εἰ
561 1185 636 1257 μὴ
666 1187 809 1241 κατὰ
837 1187 1004 1257 φύσιν
1031 1189 1146 1261 ἔχει
1196 1192 1256 1246 τὸ
1309 1191 1446 1251 εἶναι
1493 1198 1606 1271 ζωὴ
1657 1204 1686 1256 6
1735 1205 1827 1259 τοῦ
1853 1204 1989 1261 Θεοῦ

399 1274 587 1343 Λόγος,
627 1277 961 1332 ἐπείσακτον
987 1279 1067 1344 δὲ,
1121 1282 1197 1346 ὡς
1244 1285 1403 1355 ὑμεῖς
1451 1307 1607 1359 φατε,
1654 1299 1990 1368 κεκτημένος

396 1365 544 1427 αὐτὸ,
575 1367 870 1430 ζωοποιεῖν
892 1369 1141 1436 δύναται,
1177 1375 1231 1428 τί
1262 1378 1498 1434 κωλύσει
1545 1382 1726 1452 λέγειν
1757 1365 1853 1442 καῖ
1890 1391 1983 1460 ἀγα

393 1456 582 1523 γέλους
608 1460 738 1522 τοὺς
764 1460 993 1531 ἀληθῶς
1025 1464 1283 1536 μετόχους
1330 1471 1626 1538 γεγονότας
1672 1475 1817 1548 ζωῆς
1837 1456 1990 1535 δύνξι-

398 1547 518 1602 σθαι
541 1548 872 1620 ζωοποιεῖνς
918 1553 1080 1608 ’Δλλά
1105 1555 1264 1612 τοῦτο
1300 1560 1404 1631 μὲν
1441 1563 1545 1618 οὐκ
1569 1547 1863 1638 ἐνδέχεταιο
1893 1573 1988 1643 μό-

399 1657 486 1703 νος
521 1641 632 1712 γὰρ
675 1645 706 1696 6
740 1643 872 1707 Υἱὸς
911 1644 1195 1710 ζωοποιεῖν
1231 1649 1477 1721 δύναται,
1537 1657 1788 1732 καθάπερ
1838 1641 1932 1717 καὶ
1960 1666 1989 1718 6

404 1733 622 1804 Πατήρ.
655 1735 868 1790 Οὐκοῦν
899 1739 997 1793 οὐκ
1039 1741 1366 1810 ἐπείσακτος
1394 1748 1454 1800 ὲν
1492 1748 1608 1821 Υἱῷ
1646 1754 1680 1822 ή
1723 1754 1988 1822 ζωοποιὸς

412 1825 666 1896 δύναμις,
719 1828 853 1882 ἀλλὰ
898 1831 1031 1884 κατὰ
1061 1833 1222 1902 φύσιν
1271 1837 1421 1908 αὐτῷ
1457 1842 1735 1912 προσοῦσα
1761 1848 1857 1900 καὶ
1885 1849 1982 1901 οὐ·
2016 1867 2060 1930 Β

423 1915 626 1982 arma;
654 1917 834 1990 ὥσπερ
860 1924 951 1976 καὶ
969 1922 1047 1976 τῶ
1082 1925 1278 1998 Πατρί.

1069 2039 1275 2094 ΑΛΛΟ.

465 2141 644 2208 Αέγων
680 2143 710 2195 6
744 2146 876 2210 Υἱὸς
939 2149 1028 2213 τὸ,
1088 2169 1106 2202 ι
1145 2152 1357 2226 Ὥσπερ
1390 2158 1498 2228 γὰρ
1546 2163 1575 2214 6
1631 2161 1820 2236 Πατὴρ
1865 2166 1981 2236 ἔχει

401 2227 532 2299 ζωὴν
561 2232 620 2285 ἐν
642 2234 849 2306 ἐαυτῷ,
871 2236 1022 2292 οὕτω
1058 2241 1152 2294 καὶ
1171 2244 1249 2314 τῷ
1277 2245 1392 2316 Υἰῷ
1424 2227 1650 2306 δέδωκεν
1677 2227 1817 2324 ἔχειν
1839 2227 1981 2330 ζωὴν

395 2322 447 2374 ὲν
483 2324 690 2394 ἑαυτῷ,
723 2346 744 2378 δ
793 2329 900 2398 τὴν
958 2330 1381 2402 ἀπαράλλακτον
1428 2342 1715 2414 ὁμοιότητα
1755 2347 1981 2404 δεικνύει

396 2415 613 2478 σαφῶς,
651 2417 724 2487 ἢν
777 2417 897 2486 εχει
939 2419 1076 2491 πρὸς
1128 2423 1219 2476 τὸν
1276 2429 1629 2497 γεννήσαντα.
1681 2435 1832 2506 Ἔχει
1881 2440 1983 2511 γὰρ

394 2502 548 2558 οὕτω
579 2505 683 2576 τὴν
715 2506 884 2578 ζωὴν,
909 2510 1098 2584 ὥσπερ
1125 2517 1216 2568 καὶ
1242 2519 1270 2568 6
1299 2519 1488 2592 Πατὴρ
1511 2564 1527 2588 ,
1555 2502 1786 2599 φυσικὴ-ν
1805 2502 1982 2600 δηλονλ

391 2597 475 2649 ὁτι
509 2599 608 2652 καὶ
660 2600 923 2673 οὐσιὼδη.
960 2604 1031 2658 T6
1062 2606 1137 2670 δὲ,
1173 2608 1418 2676 δέδωκε,
1481 2597 1755 2688 προσθεὶς,
1921 2626 1980 2692 ἐξ

389 2689 559 2742 αὑτοῦ
601 2695 844 2763 φυσικήν
863 2712 920 2748 τε
954 2699 1048 2750 καὶ
1079 2700 1311 2771 οὑσιώδη
1341 2708 1594 2776 σημαίνει
1631 2713 1876 2782 πρόοδον.
1902 2719 1977 2772 Οὔ

392 2781 501 2853 γὰρ
528 2782 592 2853 δή
625 2799 731 2836 που
760 2784 994 2841 δέδωκεν
1020 2791 1055 2843 ό
1103 2793 1315 2866 Πατὴρ,
1358 2797 1546 2872 ὥσπερ
1594 2819 1645 2857 τι
1677 2781 1786 2858 τῶν
1831 2810 1979 2880 αὐτῷ

396 2876 705 2945 προσόντων
739 2879 1088 2951 ἀφελόμενος,
1143 2889 1239 2940 καὶ
1289 2890 1389 2944 οὐκ
1431 2891 1608 2963 ἔχοντι
1659 2876 1978 2970 προστεθειξ

395 2967 502 3030 κὼς
545 2969 623 3040 τῷ
652 2969 804 3041 Υιῷ,
859 2974 999 3028 κατὰ
1059 2981 1380 3053 σωματικὴν
1437 2967 1721 3060 ἀποτομὴν
1777 2992 1811 3064 ἢ
1865 2993 1979 3049 διά-

396 3078 582 3116 στασιν
627 3065 724 3136 τὴν
758 3065 822 3120 ἐκ
868 3084 1011 3134 τινος
1059 3071 1246 3144 ἐτέρου
1292 3076 1431 3147 πρὸς
1457 3079 1976 3155 ἓτερον,ἢτοπικῶς

2095 613 2188 682 qui
2215 615 2338 682 ejus
2370 620 2662 691 participes
2686 639 2714 678 a
2743 636 2916 683 morte
2956 613 3262 688 vindicandi
3318 641 3425 694 vim
3489 613 3668 710 habet,

2095 710 2595 780 nonextrinsecus,
2625 727 2716 772 aut
2745 721 3028 776 ascititiam
3069 726 3153 781 vel
3194 731 3516 799 acquisitam
3577 737 3670 791 ha-

2093 800 2182 854 bet
2197 800 2503 858 viviﬁcandi
2523 816 2841 874 potestatem
2873 829 2886 865 :
2919 816 3012 870 sed
3043 817 3150 871 vita
3181 821 3475 876 secundum
3509 836 3667 880 natu-

2094 904 2208 946 ram
2243 893 2534 960 exsistens,
2560 901 2856 973 participes
2882 905 3046 974 ipsius
3071 923 3196 964 vere
3253 926 3311 966 se
3366 913 3667 970 viviﬁcant-

2093 999 2210 1038 rum
2247 984 2556 1053 pollicetur.

2775 1106 3000 1166 ALIUD.

2161 1205 2218 1261 Si
2249 1205 2484 1267 Verbum
2532 1213 2624 1269 Dei
2662 1229 2729 1270 ex
2783 1231 2883 1272 sua
2949 1230 3145 1279 natura
3189 1241 3294 1283 non
3336 1229 3498 1287 habet
3527 1237 3668 1304 quod

2091 1295 2162 1350 sit
2188 1297 2318 1362 vita,
2354 1302 2450 1356 sed
2467 1304 2834 1374 extrinsecus,
2868 1319 2928 1363 ut
2963 1324 3059 1368 vos
3094 1315 3420 1386 opinamini,
3464 1295 3566 1376 hoc
3596 1325 3666 1378 illi

2090 1391 2344 1456 accessit,
2376 1403 2434 1447 ut
2467 1395 2745 1454 viviﬁcare
2775 1402 2946 1470 possit
2972 1420 2987 1457 :
3019 1406 3146 1474 quid
3172 1408 3410 1464 obstabit
3453 1417 3667 1482 quomi-

2091 1495 2193 1538 nus
2216 1482 2464 1542 dicamus
2494 1489 2658 1544 etiam
2683 1493 2927 1562 angelos,
2947 1498 3040 1565 qui
3074 1513 3200 1555 vere
3218 1503 3510 1574 participes
3539 1507 3663 1562 facti

2089 1580 2217 1626 sunt
2241 1573 2387 1641 vitae,
2426 1577 2702 1637 vivideare
2733 1585 2931 1652 posse?
2958 1587 3064 1642 Sed
3121 1589 3222 1646 hoc
3276 1573 3488 1662 quidem
3547 1597 3662 1652 ﬁeri

2090 1662 2239 1718 nullo
2269 1667 2430 1722 modo
2456 1679 2635 1738 potest
2662 1689 2674 1726 :
2719 1675 2866 1731 solus
2893 1678 3036 1732 enim
3065 1677 3236 1736 Filius
3271 1685 3544 1743 viviﬁcare
3571 1705 3663 1759 po-

2091 1762 2216 1822 test,
2240 1757 2383 1813 sicut
2407 1770 2462 1815 et
2492 1760 2676 1822 Pater.
2705 1765 2819 1824 Non
2853 1779 2936 1827 est
2963 1772 3127 1842 igitur
3151 1781 3455 1835 acccssoria
3487 1784 3536 1835 in
3571 1757 3660 1838 iii--

2090 1844 2163 1901 lio
2184 1848 2491 1908 viviﬂcandi
2518 1855 2765 1925 facultas,
2790 1863 2885 1918 sed
2915 1866 3236 1923 naturaliter
3260 1879 3426 1941 atque
3473 1889 3662 1929 essen-

2090 1938 2289 1995 tialiter
2324 1942 2422 2011 ipsi
2470 1945 2612 2004 inest
2649 1959 2706 2006 ut
2727 1951 2897 2010 Patri.

2746 2062 2978 2122 ALIUD.

2153 2164 2284 2222 Cum
2315 2167 2484 2226 Filius
2506 2171 2656 2238 dicit,
2702 2192 2721 2226 ι
2763 2174 2915 2232 Sicut
2962 2193 3107 2235 enim
3143 2181 3307 2240 Pater
3366 2188 3530 2246 habet
3575 2197 3658 2249 vi-

2085 2263 2192 2310 tam
2225 2256 2276 2311 in
2311 2260 2512 2331 seipso,
2548 2263 2623 2317 ita
2686 2265 2850 2320 etiam
2894 2265 3034 2324 Filio
3074 2270 3222 2326 dedit
3259 2274 3460 2332 habere
3502 2280 3658 2353 142

2082 2348 2248 2402 vitam
2276 2350 2328 2404 in
2359 2353 2540 2421 seipse
2570 2354 2613 2384 "
2636 2395 2652 2419 ,
2691 2373 2709 2407 ι
2739 2369 2925 2426 aperte
2955 2363 3320 2420 omnimodam
3351 2348 3659 2427 similitudi-

2083 2454 2206 2494 nem
2237 2443 2496 2510 ostendit,
2527 2459 2687 2512 quam
2706 2447 2869 2503 habet
2899 2464 3022 2504 cum
3081 2450 3262 2513 Patre.
3301 2455 3473 2514 Habet
3515 2465 3657 2518 enim

2083 2531 2155 2585 ita
2183 2531 2370 2598 vitam,
2397 2535 2541 2589 sicut
2577 2546 2628 2591 et
2659 2536 2840 2603 Pater,
2871 2541 3175 2599 naturalem
3202 2546 3458 2604 nimirum
3492 2563 3547 2608 et
3574 2569 3660 2610 es-

2082 2626 2383 2682 sentialem.
2406 2627 2539 2683 Cum
2573 2639 2755 2686 autem
2785 2633 3098 2704 additillud,
3158 2640 3325 2707 dedit,
3361 2645 3657 2701 naturalem

2083 2727 2246 2787 atque
2273 2721 2616 2776 essentialem
2649 2738 2997 2794 progressum
3033 2729 3328 2799 significat.
3361 2733 3480 2792 Non
3506 2741 3655 2794 enim

2081 2810 2227 2863 dedit
2251 2811 2428 2877 Pater,
2463 2824 2717 2883 tanquam
2752 2817 2954 2886 aliquid
2983 2835 3051 2875 ex
3082 2824 3147 2878 iis
3171 2841 3291 2891 qua:
3319 2828 3422 2882 Sibi
3449 2831 3654 2895 insunt,

2081 2899 2346 2964 adimens,
2375 2913 2429 2956 et
2459 2920 2565 2959 non
2600 2907 2818 2961 habenti
2878 2908 3016 2963 Filio
3072 2915 3356 2982 adjiciens,
3393 2926 3654 2988 quemad-

2082 2989 2298 3045 modum
2341 2995 2391 3046 in
2419 2994 2750 3050 sectionibus
2781 3010 2845 3051 ac
2862 2997 3130 3056 distantiis
3150 3009 3425 3074 corporeis
3478 3011 3539 3063 ﬁt
3560 3053 3573 3076 ,
3607 3025 3659 3064 et

2080 3082 2326 3136 localiter
2352 3085 2583 3139 divisum
2607 3085 2812 3155 aliquid
2837 3087 2905 3142 ab
2923 3088 3029 3143 alio
3050 3090 3101 3145 in
3126 3092 3270 3151 aliud
3295 3099 3653 3156 transfertur:

389 3152 424 3221 ἢ
463 3150 805 3226 διαιρετικῶς
857 3161 1175 3233 νοουμένην.
1246 3166 1383 3218 Ἀλλ’
1438 3168 1627 3243 ὥσπερ
1687 3175 1870 3230 δίδωσι
1916 3178 1972 3232 τδ

394 3246 552 3267 --η-ἱ--
581 3246 648 3267 .__‘",
691 3247 746 3267 ιν
795 3250 860 3267 ,9,
909 3251 935 3261 ⁸*
1105 3254 1124 3267 ς
1144 3254 1199 3267 Α.
1465 3260 1491 3267 _
1569 3263 1578 3267 -
1701 3265 1709 3267 .
1770 3266 1790 3267 η

2081 3171 2173 3226 scd
2197 3174 2338 3226 sicut
2363 3174 2545 3242 planta
2585 3176 2636 3229 in
2672 3175 2934 3244 fructum,
2967 3180 3056 3249 qui
3087 3196 3230 3240 exse
3261 3188 3527 3256 procedit,
3564 3210 3657 3247 na-

391 3246 553 3312 φυτὸν
577 3246 654 3318 τῷ
688 3247 748 3313 ἐξ
770 3250 938 3304 αὐτοῦ
971 3254 1284 3325 προελθόντι
1305 3260 1501 3330 καρπῷ
1529 3263 1627 3334 τὴν
1652 3265 1800 3337 αὑτῷ
1831 3270 1972 3324 κατὰ

2085 3265 2310 3319 tnralem
2350 3282 2502 3320 suam
2549 3268 2862 3337 qualitatem
2896 3246 3176 3346 propagat,
3209 3246 3365 3336 itaet
3410 3280 3579 3339 Filius
3625 3304 3654 3339 a

389 3338 549 3404 φύσιν
598 3343 912 3412 προσοῦσαν
961 3347 1223 3418 ποιότητα
1277 3355 1485 3422 φορεῖν,
1541 3357 1719 3420 οὕτως
1771 3362 1800 3412 6
1848 3361 1972 3424 Υἱὸς

2085 3355 2250 3420 Patre
2283 3359 2558 3429 accepisse
2589 3375 2708 3431 quae
2732 3362 2832 3432 ipsi
2864 3338 3050 3420 insunt
3103 3369 3440 3443 intelligitur,
3469 3380 3652 3433 omnia

387 3430 670 3500 εἰληφέναι
695 3435 849 3506 παρὰ
872 3435 1088 3508 Πατρὸς
1131 3438 1200 3492 τὰ
1251 3442 1397 3513 αὐτῷ
1433 3447 1703 3516 προσόντα
1737 3453 1970 3518 νοεῖται,

384 3521 563 3576 πάντα
598 3522 674 3577 ὢν
715 3526 818 3580 ὅσα
858 3530 954 3608 καὶ
999 3529 1028 3582 6
1073 3529 1264 3602 Πατὴρ
1289 3571 1304 3596 ,
1361 3533 1481 3605 δίχα
1516 3537 1680 3606 μόνου
1709 3539 1803 3593 τοῦ
1833 3537 1971 3596 εῖναι

382 3618 594 3691 Πατήρ.

1083 3743 1288 3797 ΔΛΛΟ.

612 3850 927 3919 Ἀντίθεσις
956 3853 1035 3920 ὡς
1053 3854 1124 3908 ἐκ
1153 3853 1271 3909 τῶν
1313 3860 1750 3931 χριστομὰχων.

462 3961 523 4015 Εἰ
549 3961 679 4035 ζωὴ,
709 3965 864 4034 φασὶ,
904 3968 1048 4022 κατὰ
1075 3967 1238 4036 φύσιν
1280 3970 1428 4025 ἐστὶν
1453 3973 1483 4025 6
1520 3973 1670 4039 Υἱὸς,
1709 3975 1783 4039 ὡς
1807 3976 1965 4046 ὑμεῖς

380 4055 816 4129 φιλονεικότερον
871 4063 1214 4132 ἐνιστάμενοι
1268 4063 1482 4134 λέγετε,
1523 4067 1641 4130 πῶς
1671 4067 1962 4138 ἀληθεύσει

375 4147 554 4218 λέγων
583 4153 611 4204 6
641 4151 856 4216 Παῦλος
892 4155 1020 4224 περὶ
1048 4154 1144 4208 τοῦ
1193 4155 1423 4228 Πατρός·
1464 4175 1483 4209 ι
1529 4159 1588 4210 Ὀ
1623 4159 1783 4229 μόνος
1824 4161 1962 4231 ἔχων

374 4239 716 4310 ἀθανασίανς
745 4261 764 4294 ι
825 4243 891 4297 Εἰ
921 4246 1029 4316 γὰρ
1054 4245 1163 4317 ἔχει
1199 4248 1342 4314 καὶὸ
1373 4249 1524 4313 Υἱὸς,
1551 4249 1613 4302 οὑ
1660 4251 1818 4320 μόνος
1847 4253 1961 4324 ἔχει

369 4333 402 4384 6
440 4334 670 4406 Πατήρ·
723 4337 773 4388 εἰ
808 4335 864 4389 δὲ
909 4337 1064 4402 μόνος
1095 4340 1236 4412 ἔχει,
1292 4341 1390 4412 οὐχ
1415 4340 1528 4407 ἕξει
1560 4342 1757 4416 δηλαδὴ
1803 4347 1898 4400 καὶ
1931 4347 1960 4400 6

373 4427 526 4490 Υἱός.

866 4629 1019 4697 Πρὸς
1053 4631 1230 4686 τοῦτο
1256 4635 1454 4703 λύσις.
1543 4630 1551 4636 ’

445 4739 626 4794 Πολλὰ
671 4745 950 4812 προσεῖναι
989 4745 1207 4813 λέγεται
1253 4750 1398 4822 μόνῳ
1417 4751 1496 4824 τῷ
1543 4756 1736 4826 Πατρὶ,
1774 4761 1869 4812 καὶ
1900 4761 1948 4812 εἰ

371 4834 577 4887 τούτων
603 4835 753 4888 ἔσται
785 4839 1002 4892 πάντων
1057 4841 1158 4894 οὐκ
1219 4841 1422 4914 ἔρημος
1469 4849 1498 4899 6
1543 4847 1687 4910 Υἱός.
1729 4851 1946 4921 Ἐπειδὴ

375 4926 704 4997 γέγραπται,
741 4929 918 4994 Μόνος
946 4931 1203 5003 ἀληθινὸς
1229 4934 1360 4998 Θεὸς
1392 4937 1420 4990 6
1450 4939 1658 5010 Πατὴρ,
1693 4940 1834 4992 ἔστω
1873 4941 1948 5011 μὴ

375 5018 623 5089 ἀληθινὸς
650 5022 680 5074 6
706 5021 854 5086 Υἱὸς,
880 5022 1032 5088 νόθος
1061 5025 1119 5079 δὲ
1143 5025 1332 5100 ὥσπερ
1358 5046 1444 5093 τις
1482 5032 1574 5084 καὶ
1601 5033 1950 5104 ψευδώνυμος

375 5107 663 5179 ἐπίκτητον
698 5110 837 5179 ἔχων
877 5111 937 5164 τὸ
989 5107 1129 5166 εἶναι
1179 5113 1330 5179 Θεός.
1382 5117 1492 5169 Καὶ
1533 5117 1649 5180 πῶς
1678 5117 1754 5181 ὼς
1796 5119 1951 5173 τοῦτο

373 5199 518 5252 κατὰ
546 5201 705 5267 φύσιν
730 5200 805 5254 ὢν
837 5206 1227 5273 προσκυνεῖται
1261 5205 1413 5277 παρά
1444 5223 1504 5258 τε
1531 5208 1563 5276 ἡ
1573 5206 1689 5276 μῶν
1717 5207 1811 5258 καὶ
1844 5207 1948 5274 ἀγ-

369 5291 567 5358 γέλων»,
599 5293 692 5346 τοῦ
713 5293 856 5347 θείου
883 5295 1048 5364 νόμου
1070 5295 1365 5368 διαρρήδην
1394 5296 1660 5365 λέγοντος·
1701 5315 1718 5348 ι
1744 5296 1947 5368 Κύριον

367 5384 457 5438 τὸν
483 5383 618 5437 Θεόν
653 5403 744 5438 σου
772 5389 1194 5458 προσκυνήσεις,
1223 5389 1319 5440 καὶ
1359 5386 1510 5458 αὐτῷ
1544 5387 1688 5457 μόνῳ
1719 5386 1945 5458 λατρεύ-

365 5494 517 5543 σεις;
550 5497 569 5529 ι
612 5478 738 5543 Πῶς
777 5480 835 5533 δὲ
869 5480 1178 5551 φυλάξομεν
1225 5480 1307 5544 τὸ,
1362 5499 1379 5530 ι
1408 5480 1522 5532 Οὐκ
1551 5480 1704 5532 ἔσται
1755 5480 1813 5532 ὲν
1864 5479 1945 5531 σοὶ

362 5569 491 5636 ἆὸς
521 5573 836 5644 πρόσφατος
865 5589 879 5638 ;
917 5592 935 5626 ι
972 5574 1036 5626 Εἰ
1068 5573 1176 5644 γὰρ
1206 5573 1364 5643 μόνος
1391 5574 1532 5626 κατὰ
1561 5572 1723 5642 φύσιν
1750 5571 1881 5634 Θεὸς
1918 5575 1945 5625 6

363 5661 569 5736 Πατὴρ,
603 5667 696 5718 καὶ
723 5663 814 5718 διὰ
868 5665 932 5718 τὸ
967 5665 1110 5717 οὕτω
1168 5664 1418 5734 λέγεσθαι
1459 5664 1552 5717 τοῦ
1601 5659 1738 5715 εἶναι
1787 5663 1945 5731 φύσει

429 5840 468 5871 ¹¹
500 5839 658 5895 Joan.
695 5857 746 5907 ν,
784 5839 876 5894 26.
958 5841 1001 5871 ⁷²
1031 5839 1049 5896 ι
1076 5838 1312 5896 Titnoth.
1348 5856 1422 5908 γι,
1464 5840 1545 5893 l6.
1626 5837 1672 5877 ’³
1700 5837 1850 5889 Deut.
1880 5850 1950 5894 ιι.

2075 5859 2085 5904 ;
2128 5841 2310 5897 Matth.
2353 5857 2424 5905 ιν,
2470 5838 2552 5889 i0-

2075 3448 2344 3504 exsistens
2379 3466 2499 3522 qua:
2533 3462 2585 3508 et
2617 3453 2797 3524 Pater,
2849 3469 3046 3524 praeter
3075 3461 3126 3516 id
3169 3464 3344 3521 solum
3375 3470 3516 3539 quod
3580 3473 3653 3526 sit

2074 3535 2251 3590 Pater.

2761 3751 2986 3810 ALIUD.

2503 3863 2741 3928 Obiectio
2771 3868 2994 3921 hostium
3013 3867 3232 3922 Christi.

2139 3969 2195 4025 Si
2236 3969 2426 4039 Filius,
2459 3975 2732 4044 inquiunt,
2757 3989 2840 4032 est
2877 3979 3192 4033 naturaliter
3227 3980 3360 4048 vita,
3384 3991 3642 4052 quemad-

2066 4065 2282 4120 modum
2311 4080 2406 4120 vos
2438 4069 2836 4122 contentiosins
2876 4080 3130 4139 urgentes
3169 4072 3373 4139 dicitis,
3404 4091 3512 4146 quo
3549 4095 3642 4149 pa-

2064 4162 2150 4208 cto
2173 4169 2360 4208 verum
2391 4155 2498 4210 erit
2530 4159 2674 4224 quod
2713 4155 2914 4210 Paulus
2949 4159 3013 4213 de
3045 4159 3206 4216 Patre
3241 4163 3411 4221 dicit:
3472 4186 3492 4220 ι
3539 4169 3638 4238 Qui

2062 4244 2208 4300 solus
2234 4246 2399 4301 habet
2428 4245 2886 4302 immortalitatem
2904 4249 2986 4304 "‘3
3017 4270 3036 4304 ι
3060 4250 3115 4307 Si
3131 4253 3275 4311 enim
3295 4258 3454 4315 etiam
3470 4261 3638 4319 Filius

2064 4336 2245 4403 habet,
2317 4354 2423 4395 non
2489 4339 2672 4410 itaque
2732 4341 2882 4398 solus
2938 4343 3099 4401 Pater
3168 4364 3288 4405 eam
3350 4354 3541 4422 habet;
3590 4360 3635 4412 si

2061 4443 2190 4484 vero
2243 4427 2407 4487 Pater
2457 4433 2605 4488 solus
2668 4433 2848 4502 habet,
2907 4448 3054 4493 certe
3093 4454 3199 4496 non
3253 4443 3471 4502 habebit
3515 4465 3634 4504 eam

1985 4551 2028 4606 υ
2059 4517 2246 4576 Filius.

2571 4638 2776 4694 Solutio
2806 4641 3131 4711 objectiom's.

2131 4749 2294 4804 Multa
2324 4750 2578 4806 dicuntur
2619 4753 2800 4808 inesse
2827 4753 2926 4808 soli
2977 4754 3149 4821 Patri,
3221 4759 3433 4812 tametsi
3467 4759 3633 4815 Filius

2059 4839 2126 4894 iis
2152 4840 2401 4894 omnibus
2426 4857 2530 4897 non
2557 4853 2757 4900 careat.
2789 4844 3071 4914 Siquidem
3102 4845 3364 4915 scriptum
3397 4859 3498 4913 est,
3529 4850 3630 4903 So-

2057 4931 2141 4985 lus
2190 4944 2354 4986 verax
2405 4933 2544 4989 Deus
2577 4934 2788 4992 Pater:
2847 4938 3012 5007 igitur
3057 4953 3163 4991 non
3225 4951 3385 4990 verax
3427 4939 3628 5009 Filius,

2054 5020 2297 5090 spurium
2323 5035 2451 5076 vero
2492 5037 2556 5076 ac
2600 5023 2793 5078 falsum
2826 5040 3020 5078 nomen
3049 5037 3263 5092 gerens,
3311 5029 3630 5084 ascititinm-

2055 5127 2161 5181 que
2188 5111 2282 5166 Dei
2307 5111 2540 5166 titulum.
2564 5113 2845 5179 Quomodo
2875 5124 3052 5167 autem
3099 5121 3353 5180 tanquam
3409 5131 3629 5173 natura-

2057 5201 2180 5256 liter
2212 5203 2262 5256 itl
2293 5203 2563 5256 exsistcns
2605 5200 2864 5256 adoratur
2911 5218 2939 5255 a
2984 5203 3140 5256 nobis
3192 5212 3355 5272 atque
3401 5209 3625 5277 angelis,

2055 5293 2232 5348 divina
2261 5293 2377 5363 lege
2403 5301 2589 5361 aperte
2611 5291 2825 5348 dicente
2855 5311 2868 5347 :
2908 5311 2926 5345 ι
2967 5293 3250 5348 Dominum
3288 5295 3450 5348 Deum
3478 5305 3625 5350 tuum

2054 5385 2330 5451 adorabis,
2353 5396 2406 5440 et
2435 5386 2508 5440 illi
2577 5384 2676 5439 soli
2726 5387 2934 5441 servies
2961 5385 3045 5439 7’?
3086 5405 3104 5439 ι
3136 5385 3414 5452 Quomodo
3462 5390 3624 5441 etiam

2052 5480 2457 5535 observabimus
2492 5477 2669 5532 illud:
2713 5495 2732 5528 ι
2765 5477 2881 5531 Non
2941 5479 3046 5532 erit
3097 5479 3151 5532 in
3214 5485 3264 5531 te
3327 5476 3466 5533 Deus
3538 5495 3626 5534 τοι·

2052 5587 2179 5626 cens
2209 5571 2298 5624 “‘2
2331 5590 2349 5623 ›
2388 5570 2443 5624 Si
2471 5570 2616 5624 enim
2643 5569 2788 5622 solus
2815 5567 2977 5622 Pater
3007 5568 3420 5624 estnaturalitcr
3461 5570 3629 5636 Deus,

2073 5674 2229 5732 atque
2261 5663 2456 5734 eaipsa
2489 5662 2697 5714 ratione
2729 5657 2924 5711 Filium
2984 5659 3109 5716 inde
3159 5660 3397 5717 excludit
3441 5671 3496 5716 ut
3558 5662 3631 5714 sit

2632 5835 2674 5861 τ’·
2704 5832 2843 5885 Psai.
2877 5851 3042 5901 Lxxx,
3075 5841 3126 5894 Ο.
