4078 6260
382 324 479 379 2H

1803 327 2073 387 THESAU
2083 329 2237 386 RUS.

3539 343 3646 400 242

374 444 639 516 ιωρακὼς
663 445 793 515 ἐμὲ,
817 446 1035 518 ἑώρακε
1061 445 1148 500 τὸν
1176 447 1414 518 Πατέρα.
1455 466 1476 500 ›
1504 449 1565 502 El
1592 449 1770 503 τοίνυν
1802 421 1830 503 ὸ
1858 452 1968 504 Πα-

2075 453 2208 507 vidit
2243 468 2348 517 tne,
2391 454 2522 508 vidit
2559 466 2611 510 et
2641 455 2852 509 Patrem
2877 457 2942 510 ".
2994 477 3011 508 ι
3055 459 3112 512 Si
3157 462 3317 528 igitur
3380 463 3538 518 Pater
3588 468 3642 520 in

369 535 474 607 τὴρ
494 538 555 590 ἑν
582 537 698 607 Υίῷ
719 536 981 606 φαίνεται
1012 538 1124 608 ζωὴ
1146 538 1286 592 κατὰ
1316 538 1477 608 φύσιν
1509 539 1789 611 ὑπάρχων,
1813 541 1968 594 ἔσται

369 630 532 684 τοῦτο
565 632 662 686 καὶ
689 633 718 686 0
753 631 909 696 Υἱὸς,
943 632 1031 685 ἵνα
1063 634 1136 704 μὴ
1167 633 1432 706 ψεύδηται
1462 635 1559 706 τὴν
1581 635 1857 704 ὁμοίωσιν.

370 746 598 812 AAAO,
642 746 714 801 ὲκ
775 743 892 798 τῶν
945 746 1148 800 αὐτῶν
1188 747 1286 828 6ιρ
1327 748 1439 814 τῆς
1482 751 1570 814 εις
1596 749 1822 802 ἄτοπον
1860 749 1968 802 ἀπ-

1061 834 1319 887 ωιτη-ης-

450 931 595 1002 Φησί
617 949 719 987 που
744 931 978 1002 Χριστός
1000 947 1014 960 ’
1050 949 1069 982 ι
1110 931 1168 986 Ὀ
1202 932 1463 1004 ἑωρακὼς
1486 936 1608 1004 ἐμὲ,
1642 935 1855 1007 ἑώρακε
1877 935 1970 988 τὸν

383 1027 630 1096 Πατέρα.
679 1046 697 1077 ι
730 1027 792 1080 Ei
829 1027 1009 1081 τοίνυν
1052 1028 1376 1082 ἐπείσακτον
1399 1031 1516 1100 ἦτοι
1542 1031 1685 1085 κατὰ
1713 1032 1970 1103 μετοχὴν,

388 1117 488 1170 καὶ
509 1119 612 1170 οὐκ
645 1118 901 1181 οὐσιῶδες
938 1117 1051 1188 ἔχει
1075 1117 1136 1171 τὸ
1171 1116 1313 1173 εἶναι
1338 1118 1475 1189 ζωὴ,
1505 1121 1656 1175 ἔσται
1684 1121 1844 1176 τοῦτο
1877 1124 1971 1177 καὶ

387 1209 417 1262 0
451 1210 657 1280 Πατήρ.
685 1209 876 1278 Φυγὼν
901 1210 958 1262 δὲ
986 1209 1079 1274 τοῦ
1109 1210 1269 1278 λόγου
1290 1211 1387 1282 τὴν
1423 1211 1674 1277 ἀτοπίαν,
1712 1213 1771 1280 ἐξ
1803 1213 1971 1281 ἀνάγο

387 1316 490 1367 κης
535 1300 891 1370 ὁμολογήσεις
945 1301 1004 1352 τὸ
1047 1300 1268 1372 ἕτερον·
1301 1302 1414 1373 ζωὴ
1457 1303 1566 1374 γὰρ
1619 1303 1763 1357 κατὰ
1805 1304 1969 1373 φύσιν

380 1393 409 1443 ὁ
443 1392 584 1455 Υἱός.

1069 1508 1272 1563 AAAO.

450 1622 515 1674 El
545 1621 641 1674 τοῦ
682 1621 898 1693 Πατρὺς
938 1623 1036 1694 τὴν
1069 1621 1261 1676 οὐσίαν
1302 1624 1330 1675 0
1363 1623 1491 1686 Υἱὸς
1537 1625 1971 1696 ἀπαραλλάκτως

385 1712 817 1784 χαρακτηρίζειν
852 1711 1086 1779 λέγεται,
1123 1711 1239 1766 ἐστι
1274 1713 1330 1766 δὲ
1367 1715 1428 1767 οὐ
1463 1715 1606 1768 κατὰ
1639 1715 1804 1784 φύσιν
1835 1715 1969 1787 ζωὴ,

2070 543 2208 600 Filio
2224 555 2449 614 apparet
2468 546 2571 599 vita
2598 545 2914 602 naturaliter
2928 548 3220 614 exsisteus,
3235 553 3334 606 erit
3358 556 3458 609 hoc
3479 556 3640 612 etiatu

2075 634 2264 703 Filius,
2300 649 2369 691 ne
2393 635 2528 692 falsa
2555 638 2625 693 sit
2646 639 2958 698 similitudo.

2141 749 2370 815 ALIUD,
2396 767 2462 806 ea:
2486 754 2670 808 iisdem
2700 771 2814 808 cum
2853 758 3148 812 reductiona
3169 761 3235 818 ad
3259 759 3568 815 absurdum.

2135 930 2388 986 Christus
2417 931 2615 989 alicubi
2648 935 2857 1005 inquit:
2900 955 2919 988 ι
2952 935 3053 1004 Qui
3104 939 3232 992 vidit
3265 954 3369 1006 me,
3404 942 3532 996 vidit
3587 953 3644 998 et

2068 1019 2303 1075 Patrem.
2335 1038 2356 1073 ι
2393 1021 2452 1076 Si
2504 1035 2636 1092 ergo
2662 1025 3026 1078 accessorium
3060 1024 3162 1080 hoc
3222 1025 3298 1079 illi
3361 1037 3460 1090 est,
3524 1029 3640 1084 sive

2070 1127 2164 1182 per
2185 1113 2679 1182 participationem,
2732 1124 2787 1168 et
2841 1130 2947 1170 non
2988 1117 3298 1182 essentiale,
3351 1121 3492 1189 quod
3572 1120 3642 1175 sit

2070 1206 2197 1272 vita,
2243 1206 2346 1260 erit
2374 1207 2477 1262 hoc
2505 1207 2668 1261 etiam
2698 1206 2878 1263 l’ater.
2915 1208 3080 1276 Cujus
3107 1209 3236 1265 dicti
3255 1211 3638 1267 absurditatem

2070 1297 2300 1369 fugiens,
2331 1300 2640 1354 necessario
2677 1298 2931 1355 fateberis
2958 1302 3289 1357 contrariqu
3318 1320 3331 1356 :
3359 1305 3465 1357 vita
3499 1304 3640 1357 enim

2069 1399 2152 1444 est
2177 1389 2497 1446 naturaliter
2528 1391 2718 1448 Filius.

2740 1502 2969 1559 ALIUD.

2143 1617 2201 1672 Si
2230 1617 2399 1674 Filius
2425 1618 2602 1673 Patris
2627 1617 2916 1673 essentiam
2942 1615 3250 1672 omnimoda
3284 1613 3443 1687 ια
3487 1613 3641 1669 simi-

2072 1710 2296 1765 litudine
2330 1711 2633 1782 exprimere
2671 1711 2886 1777 dicitur,
2912 1719 3104 1779 estque
3132 1709 3244 1779 ipse
3276 1724 3380 1762 non
3417 1716 3637 1762 natura-

397 1802 510 1856 ἀλλ’
544 1803 602 1855 ἑν
630 1803 938 1874 προσθήκης
968 1803 1113 1874 μέρει
1164 1806 1324 1858 τοῦτο
1353 1806 1641 1877 λαμϐάνει,
1682 1805 1843 1861 τοῦτο
1877 1809 1968 1862 καὶ

2072 1801 2196 1856 liter
2222 1801 2353 1865 vita,
2381 1803 2474 1856 sed
2504 1817 2599 1872 per
2628 1802 2983 1872 adiectionem
3020 1801 3147 1854 illud
3203 1801 3418 1870 accipit,
3477 1800 3639 1854 Pater

406 1895 435 1945 0
476 1895 665 1966 Πατὴρ
697 1895 1021 1964 νοηθήπεται.
1058 1897 1132 1950 Τὸ
1160 1897 1220 1950 δὲ
1251 1900 1309 1951 ὲν
1335 1898 1542 1964 τούτοις
1569 1899 1793 1965 ἄτοπον,
1826 1917 1970 1971 παρ-

409 1986 617 2040 εισοίσει
644 1986 701 2039 τὸ
721 1986 979 2050 ἐναντίον,
1005 1988 1146 2058 ὅπερ
1174 1990 1290 2042 ἑστὶ
1313 1991 1406 2043 καὶ
1442 1990 1662 2062 ἀληθές.

1052 2102 1239 2154 ΑΛΛΟ
1247 2141 1259 2154 .

449 2205 527 2261 Τὰ
552 2209 850 2281 ἑτερογενῆ
877 2229 940 2264 τε
966 2215 1064 2266 καὶ
1091 2215 1356 2285 ἑτεροφυῆ
1374 2217 1470 2286 τὴν
1504 2219 1670 2288 αὐτὴν
1690 2220 1970 2292 ἐνέργειαν

377 2296 542 2367 ἔχειν,
569 2301 673 2354 οὐκ
701 2301 772 2355 ἄν
803 2320 893 2365 τις
928 2302 1045 2372 δῴη
1079 2305 1390 2373 σωφρονῶν.
1420 2307 1552 2362 Οὑδὲ
1576 2309 1685 2381 γὰρ
1723 2311 1790 2366 ἂν
1817 2311 1972 2366 ὕδατι

376 2388 494 2461 πῦρ
513 2391 576 2444 ἑν
627 2409 688 2444 τι
726 2393 826 2446 κσὶι
862 2393 1064 2446 ταυτὸν
1107 2394 1473 2466 ἑνεργὴσειεν,
1502 2399 1618 2452 ἀλλ’
1654 2401 1842 2472 ὥσπερ
1871 2404 1972 2456 ἀπ-

384 2483 811 2554 εσχοινισμένον
867 2483 1054 2554 έχουσι
1079 2488 1179 2556 τῆς
1204 2487 1390 2552 οὐσίας
1431 2490 1550 2560 ἤτοι
1577 2492 1675 2563 τῆς
1693 2496 1972 2565 ποιότητος

381 2574 480 2626 τὸν
510 2574 694 2643 λόγον,
730 2576 878 2630 οὕτω
912 2579 1006 2632 καὶ
1034 2577 1294 2651 διάφορον
1320 2581 1656 2639 ἀποδώσουσι
1683 2587 1781 2657 τὴν
1819 2588 1971 2660 ἐνέρ-

381 2679 563 2732 γειαν.
594 2665 659 2718 Ei
693 2666 877 2720 τοίνυν
915 2667 1062 2735 ζωῆς
1095 2667 1248 2745 aveo;
1269 2671 1406 2725 κατὰ
1435 2673 1595 2742 φύσιν
1610 2674 1704 2729 τοῦ
1733 2676 1967 2746 Πατρὸς,

383 2757 483 2808 οὐκ
515 2755 632 2810 ἔστι
680 2757 841 2811 τοῦτο
874 2759 996 2812 κατ’
1019 2760 1211 2816 οὐσίαν
1238 2762 1267 2813 0
1301 2763 1445 2828 Υἱὸς,
1477 2764 1664 2838 ὥσπερ
1700 2769 1815 2831 τοῖς
1845 2785 1971 2839 χρι-

387 2846 678 2917 στομάχοις
703 2847 869 2913 δοκεῖ,
895 2850 1012 2914 πῶς
1028 2850 1128 2921 τὴν
1153 2850 1324 2923 αὐτὴν
1347 2853 1623 2925 ἐνέργειαν
1648 2857 1868 2928 φορέσει
1892 2858 1972 2929 τῷ

388 2937 598 3008 “arpi;
627 2940 764 3011 Φησὶ
785 2941 893 3012 γάρ
926 2959 1030 2996 που
1064 2944 1320 3015 Χριστὸς,
1367 2945 1449 2999 ὄτι
1479 2947 1691 3019 Ὠσπερ
1723 2951 1754 3003 0
1779 2949 1970 3026 Πατὴρ

387 3029 481 3094 οὓς
513 3029 656 3084 θέλει
693 3032 963 3098 ζωοποιεῖ,
995 3033 1140 3088 οὕτω
1175 3036 1268 3088 καὶ
1293 3039 1324 3089 0
1357 3037 1484 3102 Υἱὸς
1526 3039 1619 3102 οὓς
1643 3040 1787 3094 θέλει
1828 3040 1969 3101 ζωο-

2073 1907 2289 1965 quoque
2317 1894 2420 1949 hoc
2443 1908 2566 1950 esse
2597 1893 2927 1951 censebitur.
2979 1892 3093 1950 Hoc
3143 1907 3273 1948 vero
3325 1893 3639 1958 absurdum,

2073 1983 2564 2054 necessariojnl’ert
2595 1984 2926 2040 contrarium
2948 2023 2963 2048 ,
2996 1983 3136 2053 quod
3165 1992 3219 2039 et
3242 1997 3428 2038 verum
3467 1989 3572 2038 est.

2765 2095 2998 2152 ALIUD.

2140 2209 2271 2279 Quae
2299 2211 2498 2268 diversi
2528 2221 2653 2268 sunt
2683 2212 2901 2284 generis
2923 2220 2980 2267 et
3016 2220 3247 2275 natura,
3305 2225 3464 2265 nemo
3492 2224 3643 2267 com-

2072 2318 2168 2376 pos
2198 2303 2395 2362 mentis
2417 2303 2662 2360 eamdem
2678 2305 3048 2375 onerationem
3100 2302 3302 2357 habere
3336 2303 3512 2368 dicet;
3551 2317 3646 2358 ne-

2071 2413 2178 2470 que
2195 2399 2341 2454 enim
2398 2397 2538 2468 ignis
2575 2405 2631 2453 et
2669 2411 2806 2467 aqua
2832 2396 2974 2452 idem
3036 2395 3301 2451 emeieut:
3332 2397 3426 2451 sed
3457 2409 3647 2465 quem-

2072 2487 2360 2543 admodum
2413 2487 2682 2542 diversam
2735 2487 2936 2542 habent
2969 2487 3222 2542 essentize
3243 2487 3358 2541 sive
3409 2484 3642 2554 qualitao

2073 2580 2142 2636 tis
2171 2581 2458 2645 rationem,
2489 2580 2561 2634 ita
2579 2579 2742 2634 etiam
2775 2577 3043 2634 diversam
3071 2576 3445 2647 operationem
3461 2576 3643 2633 edent.

2073 2668 2129 2725 Si
2150 2685 2280 2741 ergo
2299 2685 2421 2726 cum
2456 2667 2616 2724 Pater
2635 2669 2709 2726 sit
2731 2669 3054 2724 naturaliter
3082 2669 3216 2732 vita,
3259 2666 3430 2723 Filius
3463 2666 3518 2721 id
3552 2681 3648 2720 na-

2075 2761 2323 2816 turaliter
2363 2775 2470 2816 non
2523 2771 2626 2828 est,
2695 2760 3148 2830 quemadmodum
3205 2761 3390 2815 hostes
3443 2758 3646 2814 Christi

2071 2853 2381 2922 opinantur,
2400 2866 2506 2920 quo
2519 2860 2679 2921 pacto
2691 2855 2933 2907 eamdem
2957 2867 3078 2906 cum
3102 2853 3261 2906 Patre
3278 2852 3648 2922 operationem

2075 2943 2332 3001 habebit?
2373 2942 2552 3012 lnquit
2592 2942 2737 2997 enim
2785 2942 2982 2997 alicubi
3023 2941 3276 2996 Christus
3314 2943 3461 3012 quod
3488 2940 3649 2996 «Sic-

2074 3046 2134 3092 ut
2184 3036 2350 3092 Pater
2365 3049 2503 3106 quos
2533 3034 2644 3090 vult
2667 3033 2924 3099 viviﬁcat,
2949 3034 3022 3087 ita
3056 3042 3114 3088 et
3136 3033 3304 3088 Filius
3345 3048 3481 3102 quos
3535 3034 3652 3088 vult

392 3123 546 3175 ποιεῖ.
572 3123 648 3175 Οὐ
697 3123 806 3194 γὰρ
822 3124 884 3194 δή
911 3143 1012 3178 που
1034 3126 1415 3190 ζωποιεῖσθαι
1438 3130 1535 3198 μὲν
1557 3133 1761 3203 ἑτέρως
1781 3133 1968 3204 ὲροῦσι

2074 3129 2310 3185 viviﬁcat
2332 3128 2399 3183 ⁸ο.
2428 3147 2446 3180 ι
2470 3125 2654 3196 Neque
2671 3126 2815 3181 enim
2834 3125 3097 3180 viviﬁcari
3117 3125 3373 3181 dicuntur
3387 3135 3653 3194 quotquot

390 3215 510 3276 τοὺς
541 3215 655 3268 ὅσοι
696 3218 845 3287 παρὰ
871 3218 966 3270 τοῦ
1008 3219 1220 3289 Πατρὺς
1248 3219 1408 3275 τοῦτο
1434 3222 1794 3294 λαμϐάνουσι,
1831 3227 1970 3290 ζωο-

393 3307 658 3362 πιεῖσθαι
697 3309 753 3361 δὲ
824 3310 985 3365 πάλιν
1026 3313 1148 3366 καθ’
1181 3314 1365 3387 ἕτερον
1403 3317 1604 3386 τρόπον
1631 3319 1760 3383 τοὺς
1817 3321 1970 3390 παρὰ

393 3397 479 3451 τοῦ
515 3399 645 3452 Υἰοῦ
695 3401 851 3455 τοῦτο
888 3402 1231 3474 δεχομένους.
1282 3406 1438 3462 Οὕτω
1485 3408 1595 3480 γὰρ
1621 3409 1792 3481 ἔφησε
1837 3412 1971 3484 ζωοτ

390 3493 557 3544 ποιεῖν
582 3490 676 3544 τὸν
711 3492 949 3564 Πατέρα,
979 3494 1056 3558 ὠς
1090 3497 1154 3549 ἂν
1180 3497 1569 3570 ζωοποιήσειεν
1591 3503 1620 3554 0
1646 3501 1795 3566 Υἱὸς,
1827 3519 1968 3557 παν-

389 3581 552 3653 ταχοῦ
585 3583 686 3655 τὴν
734 3584 902 3656 αὐτὴν
932 3585 1213 3658 ἐνέργειαν
1236 3587 1427 3660 ἔχοντα
1453 3590 1532 3661 τῷ
1572 3591 1748 3663 Ila.th
1777 3593 1969 3648 ἑαυτὸν

388 3675 722 3746 ὁριζόμενος.
763 3675 968 3730 Οὐκοῦν
1000 3678 1100 3732 οὐκ
1127 3679 1378 3750 ἀνόμοιος
1411 3679 1560 3735 ἔσται
1595 3683 1730 3754 πρὸς
1765 3685 1857 3739 τὸν
1877 3702 1970 3755 γε·

394 3764 710 3834 γεννηκότα·
755 3763 870 3819 ἀλλ’
911 3765 1100 3838 ὥσπερ
1138 3768 1345 3834 ἐκεῖνος
1385 3770 1545 3840 φύσει
1594 3771 1708 3844 ζωὴ
1749 3772 1968 3842 λέγεται

395 3855 488 3908 κα.)⁸
517 3855 686 3920 ἐστιν,
714 3855 854 3910 οὕτω
886 3857 980 3910 καὶ
1007 3858 1036 3910 0
1065 3858 1216 3923 Υἱός.

1074 3971 1280 4027 ΔΛΛΟ.

457 4077 522 4132 El
548 4079 647 4151 τὴν
674 4079 936 4152 ἀλήθειαν
961 4083 1085 4145 ταῖς
1135 4082 1381 4136 Ἰωάννου
1411 4087 1616 4153 φωναῖς
1642 4086 1969 4157 ἑπιῲηφιού-

391 4168 550 4238 μεθα,
581 4171 758 4224 πάντα
805 4170 1047 4241 δώσομεν
1082 4171 1410 4243 ἐργάζεσθαι
1453 4174 1521 4227 δι’
1565 4173 1694 4227 Υίοῦ
1731 4177 1825 4228 τὸν
1859 4177 1970 4230 [Iat-

387 4261 538 4332 τέρα.
579 4261 642 4313 Εἰ
676 4261 735 4313 δὲ
759 4260 941 4326 τοῦτο,
974 4261 1032 4315 ἓν
1063 4262 1119 4315 δὲ
1146 4263 1256 4316 τῶν
1287 4263 1465 4334 ἔργων
1501 4263 1596 4316 τοῦ
1629 4265 1840 4336 Πατρὸς
1874 4268 1969 4320 καὶ

388 4349 448 4402 τὸ
473 4349 764 4412 ζωοποιεῖν
791 4365 962 4415 τινας,
993 4349 1142 4407 ἔσται
1170 4351 1284 4422 ζωὴ
1322 4351 1466 4404 κατὰ
1490 4351 1651 4422 φύσιν
1677 4354 1706 4407 0
1734 4355 1878 4422 Υἱὸς,
1901 4355 1968 4409 δι’

387 4436 451 4496 οὗ
481 4442 553 4494 τὰ
583 4441 768 4495 πάντα
819 4439 1089 4506 ζωοποιεῖ,
1123 4444 1212 4497 ἵνα
1251 4442 1328 4514 μὴ
1355 4444 1508 4507 νόθος
1563 4445 1786 4518 μεσίτης
1821 4465 1966 4521 παρ-

390 4533 764 4602 εισαγόμενος,
807 4533 1074 4604 ἀμέτοχον
1093 4533 1240 4604 δείξῃ
1277 4533 1413 4588 Θεοῦ
1456 4536 1518 4589 τὸ
1549 4539 1614 4609 τῇ
1639 4539 1776 4611 πρὸς
1798 4541 1965 4596 αὐτὸν

392 4623 579 4695 σχέσει
603 4624 1056 4697 ζωοποιούμενον.

1076 4743 1281 4799 ΔΛΛΟ.

457 4854 524 4912 Ei
550 4855 781 4928 μεσίτης
810 4855 947 4911 Θεοῦ
975 4857 1073 4913 καὶ
1114 4857 1418 4930 ἀνθρώπων
1444 4861 1594 4916 ἐστὶν
1625 4866 1653 4916 0
1684 4864 1832 4928 Υἱὸς,
1855 4865 1967 4918 ὥσ-

389 4963 498 5021 περ
525 4951 603 5013 είς
648 4948 880 5021 ἑνότητα
911 4949 1148 5020 φυσικὴν
1193 4951 1480 5006 συνάπτων
1498 4954 1566 5007 τὰ
1599 4953 1764 5025 ἄκραο
1792 4957 1966 5025 ιίιναγ⁴

388 5042 541 5096 καῖον
582 5041 759 5092 εἰπεῖν
793 5041 898 5106 ὅτι,
953 5039 1147 5113 ὥσπερ
1175 5041 1483 5115 ἀνθρώποις
1523 5044 1770 5116 συνήφθη
1803 5063 1964 5115 φυσι-

389 5132 499 5196 κῶς
537 5131 822 5205 ἄνθρωπος
855 5134 1117 5203 γεγονὼς,
1146 5134 1290 5188 οὕτω
1317 5136 1410 5190 καὶ
1450 5136 1546 5205 τῆς
1571 5135 1723 5199 θείας
1751 5136 1964 5206 φύσεως

386 5224 618 5296 ἤρτηται
637 5225 769 5290 Θεὸς
793 5226 936 5281 κατὰ
970 5224 1131 5294 φύσιν
1157 5227 1438 5298 ὑπάρχων.
1468 5228 1531 5280 Εἰ
1558 5228 1615 5280 δὲ
1640 5228 1818 5290 τοῦτο,
1842 5229 1965 5281 ἐπεὶ

386 5317 507 5370 κατ’
538 5316 720 5370 οὐσίαν
752 5317 850 5371 καὶ
885 5317 988 5370 οὐκ
1015 5317 1213 5382 ἔξωθεν
1243 5318 1356 5388 ἔχει
1387 5318 1448 5370 τὸ
1481 5314 1620 5371 εἶναι
1654 5319 1768 5389 ζωὴ
1795 5321 1824 5372 0
1852 5321 1964 5372 Πα-

385 5411 506 5483 τὴρ,
533 5411 682 5467 ἔσται
709 5411 958 5476 τοιοῦτος
985 5412 1080 5470 καὶ
1117 5415 1145 5466 0
1176 5413 1449 5482 προσεχὴς
1471 5410 1620 5480 αὑτῷ
1657 5413 1752 5464 καὶ
1776 5410 1832 5476 ἑξ
1866 5411 1965 5464 αὑ-

385 5503 475 5557 τοῦ
504 5507 641 5559 κατὰ
665 5505 831 5574 φύσιν
858 5504 1009 5567 Υἱός.

447 5747 664 5805 "lauti.
705 5764 818 5809 xiv.
854 5748 912 5807 ει.
991 5746 1036 5778 ⁸⁰
1059 5745 1212 5803 Joan.
1249 5762 1299 5815 ν,
1334 5746 1421 5802 21.

2072 3235 2102 3274 a
2123 3218 2232 3275 Deo
2261 3219 2363 3274 hoc
2385 3217 2661 3288 accipiunt
2691 3235 2706 3271 :
2748 3215 2907 3270 aliter
2929 3229 3060 3271 vero
3081 3215 3172 3285 qui
3203 3231 3233 3270 a
3268 3214 3406 3270 Filio
3435 3214 3540 3270 hoc
3561 3229 3652 3270 ac-

2071 3312 2299 3382 cipiunt.
2326 3309 2461 3365 Nam
2483 3311 2671 3367 eadem
2710 3311 2920 3368 ratione
2949 3311 3086 3367 dixit
3118 3311 3333 3368 Patrem
3364 3309 3646 3366 vivillcare

2070 3417 2177 3474 qua
2208 3403 2446 3458 viviﬁcat
2492 3401 2684 3468 Filius,
2720 3400 3007 3459 declarans
3051 3404 3294 3470 se_0mni
3375 3418 3441 3458 ex
3495 3411 3650 3474 parte

2071 3496 2317 3552 eamdem
2351 3510 2475 3551 cum
2499 3483 2658 3551 Patr'e
2680 3497 3049 3566 operationem
3107 3496 3329 3553 habere.
3378 3496 3646 3564 Quocirca

2069 3597 2177 3644 nun
2199 3586 2480 3644 dissimilis
2497 3596 2630 3644 esta
2669 3587 2866 3654 Patre;
2907 3589 3002 3644 sed
3027 3589 3275 3646 sicutille
3326 3588 3647 3645 naturaliter

2069 3681 2181 3737 vita
2205 3681 2400 3738 dicitur
2425 3689 2601 3749 etest,
2637 3681 2714 3737 ita
2735 3690 2792 3737 et
2821 3679 3010 3740 Filius.

2716 3968 2944 4026 ALIUD.

2142 4084 2198 4140 Si
2236 4083 2459 4140 Joannis
2491 4081 2674 4136 verbis
2713 4078 2874 4133 ﬁdem
2913 4077 3256 4144 adhibemus,
3288 4077 3650 4132 concedemus

2070 4178 2288 4234 Patrem
2316 4175 2494 4231 omnia
2529 4172 2746 4242 operari
2773 4185 2868 4240 per
2902 4169 3099 4226 Filium
3127 4169 3195 4224 “.
3234 4169 3387 4236 Quod
3431 4172 3646 4240 quidem

2069 4269 2117 4325 sl
2154 4282 2344 4324 verum
2375 4273 2498 4330 est,
2539 4274 2706 4318 unum
2752 4275 2880 4318 vero
2918 4277 2988 4318 ex
3038 4261 3292 4331 Operibus
3327 4261 3507 4320 Patris
3566 4276 3650 4320 est

2070 4359 2360 4415 nonnullos
2379 4356 2682 4424 viviﬁcare,
2724 4363 2871 4411 certe
2898 4356 3221 4412 naturaliter
3257 4358 3361 4412 vita
3404 4359 3510 4413 erit
3559 4357 3650 4412 Fi-

2000 4484 2044 4540 υ
2072 4450 2194 4517 lius,
2226 4465 2322 4520 per
2345 4464 2506 4520 quem
2531 4450 2714 4505 omnia
2739 4449 3000 4514 viviﬁcat,
3034 4463 3103 4504 ne
3137 4450 3356 4518 spurius
3373 4451 3648 4506 mediator

2073 4543 2414 4599 introductus
2451 4558 2646 4613 expers
2671 4541 3115 4613 participationis
3172 4542 3262 4597 Dei
3287 4543 3540 4599 ostendat
3595 4542 3648 4596 id

2073 4637 2214 4706 quod
2239 4645 2486 4706 respectu
2510 4635 2678 4704 ipsius
2708 4633 3040 4689 viviﬁcatum
3080 4641 3182 4687 est.

2740 4749 2976 4808 ALIUD.

2146 4863 2204 4917 Si
2235 4861 2404 4917 Filius
2437 4863 2701 4919 mediator
2747 4872 2831 4919 est
2872 4862 2968 4918 Dei
3023 4871 3080 4916 et
3133 4862 3414 4916 hominum
3438 4859 3508 4925 δ’,
3555 4862 3648 4929 qui

2074 4963 2316 5009 extrema
2345 4953 2511 5009 veluti
2541 4955 2596 5010 in
2626 4954 2887 5009 unitatem
2921 4952 3192 5021 copulavit
3222 4970 3234 5006 :
3267 4952 3637 5007 necessarium
3746 5015 3753 5019 _

2072 5055 2156 5103 est
2188 5054 2266 5110 ut,
2294 5045 2744 5114 quemadmodum
2771 5042 3083 5099 hominibus
3125 5041 3447 5098 naturaliter
3474 5058 3642 5111 copu-

2069 5138 2210 5192 latus
2235 5145 2340 5202 est,
2366 5149 2488 5190 cum
2523 5136 2697 5190 lactus
2743 5143 2828 5189 est
2870 5134 3052 5201 homo,
3111 5134 3184 5190 ita
3236 5135 3402 5190 etiam
3451 5137 3648 5195 divinae

2071 5237 2281 5283 naturae
2310 5227 2493 5281 unitus
2513 5226 2604 5294 sit,
2636 5225 2779 5282 Deus
2812 5240 2940 5281 vere
2999 5226 3291 5283 exsistens.
3349 5227 3406 5283 Si
3464 5239 3644 5284 autem

2071 5321 2172 5374 hoc
2203 5334 2388 5374 verum
2419 5327 2524 5386 est,
2551 5333 2677 5374 cum
2745 5316 3113 5374 essentialiter
3138 5331 3192 5375 et
3243 5333 3349 5374 non
3374 5321 3645 5376 extrinse-

2069 5425 2164 5466 cus
2195 5412 2247 5465 id
2274 5411 2472 5466 habeat
2501 5409 2665 5466 Pater
2694 5411 2836 5479 quod
2861 5408 2934 5465 sit
2960 5409 3070 5466 vita
3104 5427 3118 5464 :
3167 5411 3274 5467 erit
3300 5410 3464 5464 etiam
3527 5425 3648 5465 om-

2071 5500 2197 5554 nino
2225 5500 2348 5553 talis
2371 5499 2463 5569 qui
2509 5501 2560 5554 ei
2599 5498 2921 5568 coniunctus
2956 5510 3061 5569 est,
3090 5511 3146 5557 et
3191 5500 3511 5556 naturaliter
3576 5513 3643 5554 ex

2072 5591 2187 5658 ipso
2218 5594 2301 5647 est
2329 5590 2519 5647 Filius.

1502 5744 1541 5772 ’”
1573 5739 1725 5798 Juau.
1767 5756 1846 5806 ιιι,
1878 5740 1962 5794 53.
2041 5744 2084 5774 ³²
2110 5743 2126 5794 l
2157 5744 2402 5804 Timoth.
2447 5762 2510 5810 ll,
2547 5747 2600 5799 5.
