4078 6260
437 315 538 370 2.ίό

1096 423 1334 481 ALIUD.

499 543 797 614 Scripturze
824 543 1027 615 passim
1058 543 1253 598 Filium
1308 547 1506 598 vocant
1556 538 1876 604 Veritatem,
1948 549 2004 593 et

431 651 546 705 Ipse
576 637 772 691 alicubi
803 638 869 692 de
897 636 1076 705 seipso
1111 635 1219 690 ait:
1257 652 1276 687 ι
1310 634 1426 701 Ego
1479 647 1598 687 sum
1658 629 1940 686 veritas".
1974 648 1996 680 ι

435 725 490 778 Si
519 741 647 796 ergo
680 725 864 781 fictilia
907 726 963 780 in
982 727 1096 797 ipso
1120 727 1228 780 vita
1250 734 1352 789 est,
1391 740 1495 780 non
1527 732 1710 779 autem
1735 723 2000 779 essentia-

433 818 558 872 liter
587 832 651 872 ac
684 833 829 886 vere,
858 833 965 887 quo
994 825 1152 888 pacto
1181 832 1286 872 non
1319 815 1611 871 mentietur
1637 815 1829 870 dicens
1858 814 2004 882 seip-

430 921 551 960 sum
581 920 701 962 esse
734 907 1059 962 veritatem?
1087 906 1248 974 Atqui
1313 921 1419 961 non
1448 904 1746 960 mentitur:
1778 903 2000 972 impium

429 997 570 1052 enim
591 997 692 1052 hoc
721 997 805 1052 vel
833 998 948 1053 sola
978 998 1312 1069 cogitatione
1347 996 1510 1053 fuerit
1545 1013 1558 1048 :
1592 995 1793 1052 veritas
1820 1003 2000 1050 autem

427 1097 528 1143 est.
554 1086 692 1144 Vere
726 1089 890 1157 igitur
915 1089 1025 1144 vita
1057 1098 1161 1146 est.

1004 1290 1162 1363 155
1196 1289 1427 1346 ALIUD.

493 1403 549 1456 Si
584 1402 772 1458 notitia
811 1402 992 1460 Patris
1016 1403 1254 1459 viviﬁcat
1309 1419 1404 1461 eos
1441 1404 1532 1474 qui
1571 1405 1714 1458 illam
1770 1406 1988 1469 habent,

424 1497 661 1552 rivilicat
688 1510 816 1551 vero
847 1495 1096 1550 simil-iter
1120 1495 1283 1550 etiam
1315 1495 1502 1551 notitia
1565 1494 1684 1550 Filii
1722 1513 1735 1549 :
1771 1511 1878 1565 quo
1906 1514 1999 1566 pa-

364 1571 368 1578 ’
403 1598 512 1643 icto
536 1603 642 1643 non
675 1586 836 1642 fuerit
862 1585 1186 1642 naturaliter
1209 1586 1483 1656 idem,qui
1539 1586 1718 1643 Patris
1750 1589 1998 1658 pr0prie-

426 1688 561 1734 tates
587 1677 722 1735 adeo
750 1678 1077 1734 excellentes
1107 1679 1270 1734 habet
1295 1678 1350 1732 in
1373 1692 1431 1733 se
1500 1689 1662 1750 atque
1711 1681 1827 1749 ipse
1893 1680 1998 1735 Pa-

425 1771 544 1825 ter?
1821 1781 1824 1792 '

595 1884 828 1952 ALIUD,
866 1903 958 1958 per
991 1888 1348 1943 reductionem
1411 1889 1480 1943 ad
1508 1889 1818 1946 absurdum.

499 2017 519 2050 ι
549 1997 1013 2067 Quemadmodum
1043 1999 1242 2067 Pater,
1276 1999 1453 2072 inquit
1499 2001 1802 2073 Scriptura,
1836 2004 2003 2061 habet

424 2091 588 2147 vitam
625 2091 678 2146 in
708 2091 910 2162 seipso,
947 2093 1021 2147 ita
1052 2075 1108 2148 et
1144 2091 1281 2148 Filio
1319 2093 1467 2148 dedit
1500 2091 1701 2148 habere
1755 2094 1920 2149 vitam
1947 2099 2000 2150 in

431 2180 630 2251 seipso.
672 2199 697 2234 ›
728 2179 831 2237 Hic
871 2180 963 2251 qui
1013 2189 1162 2237 recte
1205 2181 1409 2238 sentire
1457 2182 1683 2248 nolunt,
1726 2197 2000 2239 summum

426 2269 778 2342 blasphemiae
806 2270 1104 2343 perlculum
1145 2273 1447 2328 incurrunt.
1477 2272 1609 2328 Nam
1641 2274 1686 2330 si
1717 2273 1878 2330 Pater
1919 2275 2002 2330 di-

428 2366 569 2422 citur
602 2366 806 2422 habere
843 2365 897 2420 in
934 2365 1114 2435 seipso
1136 2365 1325 2430 vitam,
1358 2364 1630 2422 diversum
1697 2367 1823 2436 quid
1852 2375 1938 2423 est
1969 2381 1998 2420 a

423 2460 533 2515 vita
563 2474 684 2531 quae
726 2460 781 2515 in
829 2475 889 2515 se
941 2467 1046 2516 est.
1117 2459 1173 2514 Si
1229 2468 1409 2515 autem
1472 2460 1575 2516 hoc
1629 2459 1999 2530 duplicitatem

429 2553 712 2623 quamdam
747 2543 803 2607 et
833 2552 1278 2620 compositionem
1333 2552 1540 2607 inferre
1587 2553 1838 2616 videtur.
1892 2569 2001 2623 quo

425 2653 580 2713 pacto
602 2643 766 2711 igitur
817 2643 1046 2713 simplex
1073 2653 1128 2699 et
1179 2658 1287 2698 non
1340 2645 1673 2713 compositus
1703 2645 1999 2700 secundum

425 2735 717 2790 essentiam
749 2743 835 2789 est
861 2734 1040 2790 Deus?
1072 2736 1176 2791 Sed
1235 2736 1336 2791 hoc
1393 2737 1692 2790 absurdum
1727 2746 1834 2790 est.
1871 2736 1996 2791 Vita

427 2827 591 2896 igitur
613 2841 772 2896 quam
816 2826 980 2881 habet
1015 2825 1176 2880 Pater
1209 2827 1262 2880 in
1294 2826 1492 2897 seipso,
1526 2841 1632 2882 non
1693 2835 1776 2882 est
1809 2826 1914 2882 alia
1947 2838 2002 2882 et

424 2919 635 2970 diversa
665 2915 907 2983 quaedam
933 2932 963 2971 a
995 2915 1168 2972 Filio:
1197 2926 1252 2972 et
1294 2917 1559 2983 vicissim,
1609 2918 1717 2972 vita
1767 2933 1890 2988 quae
1943 2919 1996 2972 in

424 3009 559 3065 Filio
610 3017 693 3064 est
723 3025 828 3063 non
865 3019 971 3075 est,
1021 3010 1236 3066 diversa
1285 3025 1314 3064 a
1349 3010 1533 3077 Patre,
1566 3021 1621 3066 et
1663 3026 1790 3067 vere
1824 3012 1995 3068 dicit:

427 3117 446 3150 ι
487 3100 600 3170 Ego
634 3099 688 3154 in
713 3097 895 3167 Patre,
914 3109 968 3155 et
1005 3097 1166 3155 Pater
1195 3101 1248 3154 in
1275 3115 1362 3156 me
1383 3100 1448 3156 “.
1485 3120 1504 3152 ι

1112 3212 1342 3270 ALIUD.

493 3324 623 3392 Quae
650 3325 760 3381 Deo
789 3341 851 3380 ac
873 3324 1022 3381 Patri
1043 3325 1249 3394 insunt,
1272 3329 1551 3386 naturales
1595 3317 1998 3390 et’essentiales

422 3416 780 3487 proprietates
818 3432 1018 3473 vocans
1052 3416 1271 3485 Paulus,
1308 3419 1505 3478 alicubi
1554 3421 1628 3478 ita
1660 3423 1738 3478 ait
1769 3441 1782 3478 :
1821 3441 1841 3475 ι
1896 3424 1998 3490 Qui

421 3509 570 3566 solus
609 3507 770 3567 habet
801 3511 1266 3568 immortalitatem
1301 3513 1370 3568 ³⁵.
1397 3533 1416 3567 ι
1445 3513 1502 3569 Si
1559 3531 1690 3572 vero
1723 3517 1996 3587 quispiam

421 3603 608 3658 dicens
634 3603 1121 3672 immortalitatem,
1149 3605 1282 3661 nihil
1320 3606 1461 3662 aliud
1482 3621 1579 3678 per
1623 3607 1675 3664 id
1735 3609 2000 3680 intelligat

419 3709 580 3765 quam
619 3695 806 3761 vitam,
829 3696 935 3752 vita
967 3705 1146 3752 autem
1166 3705 1250 3753 est
1276 3695 1447 3754 Filius
1478 3699 1665 3755 dicens
1697 3715 1710 3753 :
1741 3700 1853 3772 Ego
1879 3717 1996 3757 sum

420 3789 529 3844 vita
549 3789 635 3857 ⁸⁶;
662 3788 1150 3860 ergoPaterhabet
1183 3790 1235 3844 in
1265 3789 1442 3859 seipso
1492 3790 1683 3855 vitam,
1739 3793 1997 3849 nimirum

419 3879 616 3937 Filium
645 3899 660 3936 :
692 3895 869 3952 neque
903 3881 1173 3937 diversum
1205 3883 1334 3954 quid
1366 3898 1396 3938 a
1434 3897 1514 3940 se.
1548 3882 1668 3954 Ipse
1719 3884 1880 3940 etiam
1926 3886 1999 3940 si-

418 3973 616 4030 militcr
645 3973 915 4030 exsistens
938 3973 1069 4043 vita,
1099 3973 1247 4030 dedit
1271 3975 1513 4045 seipsum
1542 3974 1711 4040 Filio;
1744 3991 1851 4032 non
1870 3987 1993 4031 tan-

417 4080 581 4134 quam
624 4080 824 4136 corpus
857 4067 1072 4136 corpori
1099 4069 1466 4135 committens,
1509 4083 1686 4139 neque
1739 4078 1995 4138 tanquam

417 4156 620 4212 cedens
644 4155 781 4214 Filio
800 4173 954 4214 suam
980 4160 1395 4230 hypostasim,et
1416 4162 1676 4232 deinceps
1693 4176 1814 4219 esse
1835 4178 1996 4219 suum

418 4249 472 4302 in
497 4247 637 4303 Filio
662 4249 907 4316 habens;
947 4252 1040 4306 sed
1081 4253 1354 4308 exsistens
1398 4252 1449 4306 id
1478 4252 1622 4321 quod
1647 4268 1864 4323 semper
1915 4263 1998 4310 est

1459 309 1517 366 S.
1557 307 1833 366 CYRILLI
1868 302 2341 363 ALEXANDRINI
2375 299 2692 359 ARCHIEP.

2030 427 2078 486 Α

3573 296 3683 352 ειι

2788 434 2991 490 ΑΛΔΟ.

2176 556 2456 628 Πανταχοῦ
2487 557 2578 610 τὸν
2611 555 2736 610 Υἱὸν
2766 553 2822 607 αἱ
2852 550 2991 606 θεῖαι
3014 545 3230 620 Γραφαὶ
3247 544 3503 600 καλοῦσιν
3533 543 3688 612 Ἀλή-

2106 650 2278 713 θειαν,
2301 649 2396 702 καὶ
2428 646 2589 709 αὐτὸς
2617 645 2673 698 δὲ
2703 643 2830 715 περὶ
2852 638 3046 696 ἑαυτοῦ
3069 637 3226 692 τοῦτὸ
3254 654 3416 707 φησιν
3436 651 3450 666 °
3477 654 3496 686 ι
3541 633 3681 702 Ἑγώ

2104 741 2240 810 ειμι,
2268 738 2460 807 λέγων,
2486 738 2533 808 ’ὴ
2559 734 2805 806 ἀλήθεια.
2849 752 2868 784 ›
2908 732 2972 785 El
3009 729 3188 784 τοίνυν
3215 727 3601 798 διεψευσμένον
3622 726 3682 780 ἐν

2103 830 2252 901 αὐτῷ
2283 830 2344 882 τὸ
2377 829 2477 899 τῆς
2525 826 2672 896 ζωῆς
2701 828 2952 898 πρᾶγμα,
2993 823 3087 876 καὶ
3115 822 3215 876 οὐκ
3257 820 3532 886 οὐσιῶδες,
3558 819 3681 872 οὐδὲ

2103 921 2378 992 ἀληθινὸν,
2415 921 2532 983 πῶς
2562 921 2622 972 οὐ
2657 919 2919 989 ψεύσεται
2963 915 3138 984 λέγων
3182 913 3376 968 ἑαυτὸν
3421 909 3681 983 εἶναιτὴν
3714 924 3721 934 ·

2103 1013 2392 1084 ἀλήθειαν;
2441 1011 2602 1064 Ἀλλὰ
2641 1011 2747 1082 μὴν
2776 1009 2836 1063 οὐ
2878 1007 3132 1078 ψεύδεται
3157 1024 3170 1037 ·
3201 1006 3363 1059 τοῦτο
3411 1005 3520 1074 γὰρ
3553 1004 3683 1056 ἀσε-

2104 1104 2196 1167 ϐὲς
2241 1105 2334 1157 καὶ
2376 1103 2536 1172 μόνον
2588 1102 2822 1155 ἐννοεῖνο
2854 1097 3084 1167 ἀλήθεια
3127 1096 3182 1148 δέ
3229 1099 3398 1153 ἐστιν.
3431 1094 3546 1148 Οὐκ
3572 1093 3684 1164 ἄρα

2101 1194 2486 1266 διεψευσμένον
2524 1193 2634 1264 ἔχει
2664 1193 2726 1246 τὸ
2765 1187 2907 1244 εἶναι
2937 1189 3074 1259 ζωή.

2767 1302 2987 1355 ἈΛΛΟ.

2171 1419 2234 1473 Εἰ
2267 1419 2518 1484 ζωοποιεί
2544 1416 2638 1469 τοῦ
2667 1413 2878 1485 Πατρδς
2905 1415 2938 1484 ἡ
2963 1413 3161 1481 γνῶσις
3181 1411 3307 1472 τοὺς
3336 1409 3558 1480 ἔχοντας
3587 1406 3682 1460 αὐ-

2099 1511 2217 1583 τὴν,
2267 1512 2523 1576 ζωοποιεῖ
2561 1511 2618 1564 δὲ
2657 1508 2859 1580 ὁμοίως
2893 1506 2989 1560 καὶ
3028 1507 3062 1576 ἡ
3108 1503 3202 1557 τοῦ
3240 1501 3393 1566 Υἱοῦ,
3436 1500 3553 1563 πῶς
3582 1499 3682 1553 οὐκ

2099 1601 2252 1655 ἔσται
2289 1601 2408 1654 κατ’
2436 1598 2624 1653 οὐσίαν
2646 1599 2674 1650 6
2698 1597 2880 1660 αὐτὸς,
2908 1598 2937 1648 6
2973 1597 3090 1657 ταῖς
3116 1592 3211 1647 τοῦ
3239 1591 3453 1663 Πατρὸς
3491 1590 3682 1660 ἰδιότη-

2101 1711 2184 1747 σιν
2215 1691 2358 1746 οὕτω
2396 1688 2733 1760 διαπρέπων,
2763 1686 2839 1750 ὼς
2872 1685 2938 1739 ἂν
2979 1683 3029 1736 εἰ
3065 1683 3158 1736 καὶ
3203 1681 3364 1744 αὐτὸς
3394 1683 3423 1734 6
3454 1681 3679 1751 Πατήρ;

2281 1895 2484 1959 AAAO,
2519 1892 2616 1946 διὰ
2645 1889 2753 1959 τῆς
2780 1891 2864 1954 εις
2903 1887 3132 1942 ἄτοπον
3159 1881 3502 1954 ἀπαγωγῆς.

2177 2032 2195 2064 ι
2220 2012 2288 2065 ’Ὠ
2299 2026 2436 2079 σπερ
2455 2009 2482 2060 6
2503 2005 2716 2077 Πατὴρ,
2740 2005 2925 2073 φησὶν,
2947 2000 3059 2072 ἔχει
3081 1997 3224 2070 ζωὴν
3241 1999 3300 2050 ὲν
3321 1995 3520 2067 ἐαυτῷ,
3541 1994 3686 2049 οὕτω

2101 2103 2197 2166 καὶ
2233 2100 2310 2172 τῷ
2339 2099 2453 2170 Υἱῷ
2467 2099 2664 2152 δέδωκε
2692 2096 2836 2166 ζωὴν
2863 2093 3005 2164 ἔχειν
3031 2095 3088 2146 ὲν
3119 2089 3324 2161 ἐαυτῷο
3362 2109 3379 2142 ι
3416 2089 3686 2142 Ἐνταῦθα

2100 2193 2345 2257 τοῖςοοὺκ
2399 2188 2641 2243 ἐθέλουσι
2688 2190 2828 2241 νοεῖν
2858 2183 3055 2254 ὀρθῶς,
3094 2185 3174 2246 εἰς
3228 2180 3429 2253 πολλὴν
3458 2183 3487 2234 6
3528 2180 3688 2250 λόγος

2101 2281 2434 2338 κινδυνεύσει
2471 2277 2784 2350 δυσφημίαν
2840 2277 3112 2330 ἐκπεσεῖν,
3170 2274 3232 2326 Ei
3273 2273 3383 2344 γὰρ
3427 2271 3575 2343 ἔχειν
3631 2275 3689 2327 ὲν

2101 2375 2281 2446 ἑαυτῷ
2317 2374 2536 2442 λέγεται
2565 2370 2710 2443 ζωὴν
2736 2372 2764 2424 ὁ
2796 2368 3008 2439 Πατὴρ,
3042 2367 3228 2436 ἕτερόν
3257 2365 3312 2420 τί
3342 2365 3492 2417 ἐστιν
3522 2365 3690 2430 αὐτὸς

2102 2467 2258 2540 παρὰ
2308 2466 2404 2537 τὴν
2437 2467 2493 2518 ἐν
2539 2463 2688 2533 αὑτῷ
2726 2462 2892 2533 ζωήν.
2947 2461 3014 2516 El
3042 2459 3100 2513 δὲ
3149 2458 3308 2513 τοῦτο
3359 2457 3554 2529 διπλόη
3601 2475 3686 2520 τις

2101 2561 2290 2630 ὥσπερ
2313 2559 2404 2612 καὶ
2433 2557 2680 2620 σύνθεσις
2719 2556 2848 2626 περὶ
2874 2552 3037 2608 αὑτὸν
3063 2551 3414 2622 νοηθήσεται,
3453 2549 3567 2613 πῶς
3588 2544 3683 2603 οὖν

2102 2652 2304 2716 ἁπλοῦς
2325 2653 2419 2706 καὶ
2447 2648 2695 2711 σύνθετος
2717 2647 2834 2700 κατ’
2864 2645 3051 2700 οὐσίαν
3078 2646 3106 2696 6
3135 2643 3300 2707 Θεός;
3342 2643 3498 2696 Ἀλλὰ
3522 2641 3680 2696 τοῦτο

2100 2747 2322 2800 ἄτοπον.
2365 2745 2430 2796 Ἠ
2452 2742 2563 2812 ζωὴ
2607 2742 2712 2814 ἄρα
2737 2742 2802 2811 ἣν
2844 2737 2957 2809 ἔχει
2988 2740 3016 2791 ὁ
3048 2736 3237 2808 Πατὴρ
3267 2738 3326 2790 ὲν
3354 2736 3551 2806 ἐαυτῷ,
3585 2735 3684 2804 οὐχ

2101 2836 2263 2907 ἑτέρα
2286 2835 2369 2897 τίς
2398 2834 2516 2887 ἐστι
2567 2830 2720 2902 παρὰ
2747 2831 2838 2884 τὸν
2880 2829 3008 2883 Υίόν
3027 2844 3038 2857 ·
3076 2829 3172 2882 καὶ
3205 2827 3370 2882 πάλιν
3400 2830 3433 2898 ἡ
3483 2829 3542 2880 ὲν
3569 2826 3693 2896 1⁸ἱῷ

2100 2924 2236 2996 ζωὴ,
2270 2924 2368 2994 οὐχ
2395 2922 2558 2992 ἑτέρα
2590 2921 2673 2982 τίς
2701 2921 2816 2972 ἐστι
2847 2917 3000 2988 παρὰ
3029 2915 3119 2970 τὸν
3153 2915 3394 2986 Πατέρα,
3428 2914 3524 2968 καὶ
3551 2911 3682 2980 ἀλη-

2101 3017 2249 3070 θεύει
2275 3015 2444 3084 λέγων
2469 3032 2481 3044 ·
2517 3033 2534 3063 ι
2579 3009 2721 3078 Ἐγὼ
2767 3010 2825 3064 ὲν
2871 3009 2946 3079 τῷ
2975 3007 3150 3078 Πατρὶ
3182 3007 3277 3061 καὶ
3319 3006 3348 3057 6
3389 3005 3580 3078 Πατὴρ
3627 3007 3689 3062 ὲν

2022 3113 2066 3173 (ζ
2098 3108 2240 3179 ἐμοί.
2281 3127 2298 3157 ι

2787 3213 2990 3267 ΑΛΛΟ.

2169 3331 2252 3384 Τὰ
2285 3329 2554 3401 προσόντα
2578 3327 2655 3397 τῷ
2682 3325 2800 3397 Θεῷ
2826 3326 2918 3380 καὶ
2943 3327 3115 3397 [lat-pi.
3137 3326 3343 3395 φυσικά
3377 3343 3435 3378 τε
3470 3327 3564 3380 καὶ
3591 3325 3676 3379 οὑ-

2102 3424 2263 3495 σιὼδη
2291 3423 2462 3492 λέγων
2514 3420 2801 3490 ἰδιώματα,
2843 3418 2977 3489 φησί
3011 3435 3113 3471 που
3147 3416 3391 3482 Παῦλος-ο
3427 3437 3444 3470 ι
3495 3419 3550 3471 '0
3580 3417 3673 3488 μό-
3735 3473 3744 3482 ,

2100 3534 2189 3580 νος
2219 3515 2357 3586 ἔχων
2413 3512 2730 3568 ἀθανασίαν.
2780 3530 2798 3563 ι
2845 3511 2908 3564 Εἰ
2956 3510 3134 3562 τοίνυν
3166 3509 3318 3564 οὐδὲν
3370 3508 3554 3581 ἕτερόν
3592 3525 3676 3572 τις

2099 3607 2324 3679 ὁριεῖται
2356 3604 2529 3672 λέγων
2563 3603 2661 3672 τὴν
2687 3600 2989 3655 ἀθανασίαν
3023 3601 3174 3672 παρὰ
3202 3600 3301 3672 τὴν
3341 3601 3506 3672 ζωὴν,
3540 3599 3679 3672 αὕτη

2100 3699 2154 3752 δέ
2187 3699 2336 3751 ἐστιν
2378 3698 2404 3750 6
2444 3696 2571 3759 Υἱὸς
2608 3697 2636 3748 6
2668 3693 2876 3761 λέγων’
2943 3693 3087 3764 Ἐγώ
3106 3695 3218 3764 εἰμι
3256 3695 3288 3763 ἡ
3318 3692 3454 3764 ζωὴ,
3506 3693 3536 3744 ὁ
3568 3693 3676 3746 Πα.

2100 3791 2202 3862 τὴρ
2233 3790 2346 3860 ἔχει
2379 3787 2522 3860 ζωὴν
2549 3789 2604 3841 ἐν
2647 3784 2844 3855 ἑαυτῷ,
2871 3785 2962 3839 τὸν
3001 3763 3126 3839 Υίδν
3159 3763 3429 3855 δηλονότι,
3462 3786 3557 3838 καὶ
3585 3786 3679 3856 οὐχ

2100 3881 2284 3952 ἕτερόν
2310 3898 2360 3933 τι
2384 3879 2513 3950 παρ’
2540 3878 2725 3933 αὐτόν.
2757 3877 2928 3940 Αὐτός
2952 3893 3010 3930 τε
3031 3877 3232 3948 ὁμοίως
3253 3878 3514 3949 ὑπάρχων
3546 3876 3678 3949 ζωὴ,

2100 3971 2329 4024 δέδωκεν
2360 3967 2550 4022 ἑαυτὸν
2582 3967 2660 4038 τῷ
2693 3965 2807 4035 Υίῷ
2831 3983 2844 3996 ·
2887 3968 2986 4036 οὐχ
3015 3966 3090 4030 ὡς
3123 3965 3282 4038 σῶμα
3325 3969 3585 4039 χωρήσας
3625 3969 3678 4020 ὲ»

2103 4061 2336 4132 σώματι,
2357 4061 2464 4114 οὐδ’
2487 4059 2561 4123 ὡς
2587 4059 2668 4131 τῷ
2691 4060 2805 4130 Υίῳ
2830 4060 3244 4130 παραχωρήσας
3265 4059 3364 4132 τὴν
3393 4061 3531 4115 ἰδίαν
3559 4061 3676 4114 ὑπόυ

2103 4171 2313 4220 στασιν,
2343 4154 2436 4208 καὶ
2460 4154 2518 4206 ὲν
2541 4151 2691 4222 αὐτῷ
2709 4151 2894 4206 λοιπὸν
2909 4150 2970 4202 τὸ
2994 4148 3134 4205 εἶναι
3157 4151 3296 4222 ἔχων
3322 4168 3334 4182 ·
3366 4153 3482 4207 ἀλλ’
3507 4154 3676 4224 ὑπάρ-

2101 4265 2210 4319 χων
2240 4248 2340 4318 μὲν
2375 4245 2522 4301 τοῦθ’
2554 4247 2690 4318 ὅπερ
2723 4247 2872 4300 ἐστὶν
2916 4248 3006 4299 ἀεὶ
3051 4245 3241 4319 Πατὴρ
3287 4248 3381 4300 καὶ
3413 4246 3563 4310 Θεός.
3601 4247 3678 4317 Τῇ

417 4340 583 4396 Pater
614 4355 678 4397 ac
718 4340 879 4397 Deus.
905 4342 1164 4398 Essentiae
1193 4358 1322 4398 vero
1357 4344 1664 4413 identitate,
1708 4355 1763 4401 et
1789 4356 1997 4403 naturae

2100 4340 2155 4392 δὲ
2182 4339 2284 4410 τῆς
2315 4338 2504 4403 οὐσίας
2530 4339 2821 4409 ταυτότητι
2855 4338 2946 4391 καὶ
2993 4341 3056 4408 τῇ
3094 4339 3190 4409 τῆς
3221 4339 3436 4408 φύσεως
3469 4338 3673 4406 ἑνότητι

419 4435 628 4489 unitate
650 4431 995 4490 ineﬂabiliter
1025 4449 1148 4491 cum
1177 4436 1353 4493 Verbo
1377 4437 1522 4504 quod
1545 4452 1612 4493 ex
1641 4451 1700 4494 se
1728 4439 1998 4507 processit

419 4524 723 4595 copulatus.

1088 4637 1325 4695 ALIUD.

487 4750 835 4822 Quaecunque
863 4751 1186 4808 naturaliter
1206 4768 1271 4808 ac
1297 4753 1666 4811 essentialiter
1707 4754 1858 4811 Patri
1914 4756 1993 4811 in-

415 4859 536 4901 esse
565 4843 843 4911 dicuntur,
874 4843 964 4899 illa
985 4845 1168 4900 omnia
1197 4851 1283 4901 est
1301 4843 1490 4918 Filius.
1526 4845 1688 4904 Solus
1714 4846 1876 4903 Pater
1904 4863 1995 4902 ve-

416 4954 510 4993 rus
557 4938 698 4994 Deus
727 4946 832 5004 est,
885 4938 1011 5007 quia
1032 4940 1180 4995 solus
1218 4940 1384 4996 habet
1422 4940 1620 4996 Filium
1669 4941 1940 4997 dicentem
1977 4960 1989 4995 :

414 5031 526 5100 Ego
554 5046 672 5085 sum
702 5031 910 5086 veritas
938 5031 1006 5084 ⁸⁷.
1057 5030 1288 5101 Sapiens
1347 5045 1412 5086 ac
1457 5042 1653 5102 potens
1696 5031 1949 5088 similiter
1977 5071 1991 5098 ,

415 5123 540 5189 quia
565 5121 813 5177 Christus
844 5122 936 5177 Dei
970 5124 1236 5191 potentia,
1265 5131 1320 5178 et
1371 5123 1465 5179 Dei
1503 5123 1792 5193 sapientia.
1831 5122 1993 5178 Solus

415 5213 614 5269 dicitur
640 5214 942 5270 inhabitare
986 5215 1159 5270 lucem
1216 5216 1647 5272 inaccessibilem
1705 5216 1790 5270 9':
1832 5216 1997 5271 habet

415 5307 561 5359 enim
591 5305 644 5359 in
674 5304 854 5375 seipso
883 5305 1150 5362 dicentem
1180 5323 1194 5358 :
1232 5306 1344 5378 Ego
1384 5322 1501 5362 sum
1549 5307 1660 5361 lux.
1702 5307 1861 5362 Solus
1897 5309 1996 5362 im-

419 5396 806 5452 mortalitatem
828 5396 1031 5452 habere
1059 5397 1280 5463 dicitur,
1307 5398 1432 5466 quia
1460 5398 1620 5453 habet
1640 5399 1691 5452 in
1710 5414 1771 5454 se
1795 5398 1992 5452 Filium

417 5485 687 5541 dicentem
719 5506 732 5542 :
767 5487 881 5560 Ego
908 5504 1027 5545 sum
1053 5489 1185 5544 vita.
1241 5488 1300 5543 Si
1357 5504 1486 5561 ergo
1527 5491 1788 5561 quidquid
1845 5473 1995 5545 Patri

418 5579 698 5649 proprium
728 5591 834 5647 est,
866 5583 968 5638 hoc
1007 5583 1182 5654 ipsum
1233 5591 1317 5636 est
1344 5579 1546 5639 Filius:
1571 5599 1694 5639 cum
1723 5580 1886 5638 Pater
1916 5583 1996 5637 di-

491 5755 537 5787 "
558 5755 716 5812 Joan.
750 5773 860 5826 xtv,
889 5762 944 5813 ti.
1019 5759 1066 5792 ⁸⁸
1117 5761 1244 5815 ibid.
1289 5761 1368 5812 l0.

1465 5762 1506 5790 “
1534 5762 1548 5813 l
1575 5759 1808 5815 Timoth.
1846 5776 1918 5826 vt,
1966 5760 2047 5814 l6.

2101 4431 2238 4503 πρὸς
2270 4431 2360 4484 τὸν
2382 4431 2439 4496 ἐξ
2463 4430 2626 4486 αὑτοῦ
2652 4433 2981 4503 προελθόντα
2999 4432 3172 4499 Λόγον
3198 4431 3523 4501 ἀπορῤήτως
3552 4446 3672 4483 συνη

2098 4523 2188 4577 δού
2198 4542 2374 4595 μενος.

2796 4643 2996 4695 ΑΛΛΟ.

2171 4754 2311 4806 Ὅσα
2351 4758 2630 4826 προσεῖναι
2663 4755 2880 4823 λέγεται
2905 4756 2982 4824 τῷ
3055 4754 3181 4825 ατρὶ
3211 4753 3460 4822 φυσικῶς
3497 4769 3558 4806 τε
3589 4753 3674 4806 καὶ

2099 4845 2393 4911 οὑσιωδῶς,
2421 4847 2594 4900 ταῦτα
2619 4848 2798 4902 πάντα
2825 4848 2972 4900 ἐστὶν
2998 4849 3026 4900 6
3052 4847 3198 4910 Υἱός.
3225 4846 3406 4910 Μόνος
3431 4843 3675 4916 ἀληθινὸς

2099 4940 2317 5009 λέγεται
2349 4937 2480 5004 Θεὸς
2522 4941 2551 4993 6
2587 4940 2798 5010 Πατὴρ,
2845 4939 3034 5010 ἐπειδὴ
3083 4939 3242 5008 μόνος
3276 4938 3390 5008 ἔχει
3433 4937 3526 4990 τὸν
3555 4936 3682 4990 Υίὺν

2101 5034 2194 5087 τὸν
2251 5032 2511 5101 λέγοντα·
2591 5031 2732 5101 Ἐγώ
2780 5033 2895 5102 εἰμι
2940 5033 2973 5102 ἡ
3047 5029 3299 5100 ἀλήθεια.
3363 5028 3536 5097 Σοφδς
3587 5027 3674 5080 καὶ

2099 5123 2324 5188 δυνατὸς
2338 5124 2557 5194 ὁμοίιος,
2575 5123 2698 5176 ἐπεὶ
2723 5123 2953 5191 Χριστὸς
2983 5119 3119 5174 Θεοῦ
3145 5119 3398 5189 δύναμις,
3428 5116 3521 5169 καὶ
3545 5115 3678 5170 Θεοῦ

2100 5216 2278 5284 σοφία.
2315 5216 2491 5276 Μόνος
2537 5215 2756 5282 λέγεται
2796 5216 2912 5280 φῶς
2961 5214 3131 5265 οἰκεῖν
3187 5209 3518 5281 ἀπρόσιτον·
3569 5206 3676 5276 ἔχει

2099 5307 2204 5378 γὰρ
2228 5308 2284 5360 ἐν
2323 5306 2499 5377 ἑαυτῷ
2526 5306 2617 5359 τὸν
2645 5305 2869 5372 λέγοντα
2891 5319 2902 5331 ·
2939 5301 3079 5372 Ἐγώ
3108 5302 3223 5372 εἰμι
3256 5299 3317 5353 τὸ
3350 5299 3487 5369 φῶς.
3509 5299 3679 5353 Μόνος

2098 5399 2242 5468 ἔχειν
2275 5398 2572 5452 ἀθανασίαν
2618 5397 2856 5466 λέγεται·
2881 5395 2990 5465 ἔχει
3032 5395 3141 5464 γὰρ
3176 5394 3234 5445 ὲν
3265 5389 3445 5461 ἑαυτῷ
3469 5387 3562 5442 τὸν
3595 5386 3682 5438 λέ-

2100 5508 2265 5558 γοντα
2297 5491 2421 5543 Υἱόν
2441 5506 2454 5519 ·
2506 5488 2646 5558 Ἐγώ
2668 5490 2782 5558 εἰμι
2817 5489 2849 5558 ἡ
2880 5487 3014 5557 ζωή.
3048 5487 3109 5540 Εἰ
3152 5485 3331 5540 τοίνυν
3371 5481 3596 5550 σύμπαν
3621 5474 3678 5530 τὺ

2099 5583 2192 5636 τοῦ
2224 5583 2434 5653 Πατρὺς
2463 5583 2615 5643 ἴδιον,
2653 5580 2809 5634 τοῦτό
2853 5581 3000 5632 ἐστιν
3034 5581 3062 5631 6
3095 5577 3240 5640 Υζὺς,
3282 5576 3410 5630 ὅταν
3456 5572 3676 5638 λέγηται

2147 5760 2190 5790 ⁸⁵
2217 5757 2369 5813 Joan.
2407 5775 2516 5826 xw,
2553 5759 2603 5813 6.
2683 5759 2725 5790 ⁸⁷
2759 5757 2884 5812 Ibid.
2970 5757 3013 5787 ¹¹⁸
3045 5756 3060 5806 l
3099 5749 3334 5805 'l‘itnnllt.
3372 5763 3442 5811 νι»
3485 5746 3569 5801 l5-
