4078 6260
338 326 438 380 265

1772 308 2211 369 THESAURUS.

3517 304 3618 362 2&6

335 445 477 516 ζωὴν
504 443 652 516 ἔχειν
674 444 704 496 ὁ
728 442 930 512 Πατῆρ
957 445 1016 496 ὲν
1038 441 1236 511 ἐαυτῷ,
1260 441 1348 494 τὸν
1381 441 1504 492 Υἱὸν
1537 440 1813 509 σημαίνει,
1841 434 1934 489 καὶ

2045 438 2191 486 catur
2217 427 2422 483 habere
2448 426 2616 480 vitam
2637 424 2688 479 in
2717 424 2919 494 seipse,
2951 425 3147 480 Filium
3197 429 3488 495 signiﬁcat,
3511 443 3618 484 non

333 538 426 606 οὐχ
447 536 638 606 ἔτερόν
668 552 722 586 τι
754 535 894 603 παρ’
919 533 1102 588 αὐτόν.
1152 533 1442 602 ’Υπάρχων
1470 531 1526 583 δὲ
1563 531 1658 584 καὶ
1689 529 1850 593 αὐτὸς
1878 529 1936 581 ἐν

334 627 450 698 Υἱῷ
472 629 617 681 κατὰ
638 627 699 680 τὺ
725 627 829 696 τῆς
849 626 1045 688 οὐσίας
1066 623 1505 696 ἀπαράλλακτον.
1540 624 1634 676 καὶ
1655 621 1767 694 ζωὴ
1794 623 1936 678 κατὰ

339 720 501 786 φύσιν
531 718 634 785 ὣν,
666 718 901 772 δέδωκεν
933 716 1130 770 ἑαυτὸν
1149 714 1317 786 αὐτῷ.

1039 918 1242 972 ΔΛΛΟ.

421 1032 548 1105 Ζωὴ
579 1032 722 1087 κατὰ
751 1032 914 1100 φύσιν
962 1033 1227 1103 ὑπάρχων
1259 1033 1288 1086 ὁ
1318 1033 1465 1096 Υἱὸς,
1501 1032 1750 1102 δέχεσθαι
1783 1032 1937 1102 παρὰ

353 1123 452 1178 τοῦ
505 1125 718 1196 Πατρὺς
767 1125 976 1197 ταύτην
1025 1126 1210 1195 φησιν,
1250 1125 1350 1195 οὐχ
1484 1125 1656 1193 Λόγος
1701 1126 1851 1177 ἐστὶν
1899 1125 1932 1195 ἢ

353 1216 694 1285 ἀπαύγασμα
723 1216 972 1284 φυσικῶς
1011 1217 1124 1288 ἔχει
1150 1219 1218 1272 τὰ
1259 1217 1353 1270 τοῦ
1389 1219 1599 1289 [ἰατρὸς
1626 1218 1753 1280 ἴδια,
1797 1217 1937 1271 ἀλλὰ

357 1306 494 1359 καθὸ
525 1307 745 1375 γέγονεν
791 1307 1099 1376 ἄνθρωπος,
1129 1303 1174 1376 ᾧ
1219 1309 1397 1362 πάντα
1439 1309 1714 1363 θεόσδοτα.
1747 1311 1936 1363 Κατα-

354 1392 541 1468 ἐτήσει
578 1399 636 1453 δὲ
670 1400 831 1453 τοῦτο
862 1401 1034 1469 σαφὲς
1071 1402 1127 1455 ὲν
1167 1404 1280 1465 τοῖς
1314 1401 1533 1471 ἑφεξῆς,
1565 1401 1660 1454 τοῦ
1689 1402 1935 1455 δεδόσθαι

351 1488 448 1560 τὴν
476 1491 657 1544 αἰτίαν
691 1491 1079 1561 ἐξηγούμενος,
1127 1491 1406 1556 Ἐξουσίαν
1433 1491 1563 1564 γὰρ,
1591 1492 1776 1562 φησὶν,
1800 1491 1937 1544 ἐδω-

353 1598 449 1634 κεν
484 1582 636 1651 αὑτῷ
662 1571 848 1652 κρίσιν
870 1587 1060 1645 ποιεῖν,
1084 1584 1166 1636 ὅτι
1199 1583 1325 1647 Tib;
1349 1584 1640 1655 ἀνθρώπου
1668 1584 1832 1638 ἐστίν.
1873 1585 1933 1636 Et

358 1672 412 1724 δὲ
456 1672 764 1744 ἐπειδήπερ
792 1674 917 1735 Υἱὸς
949 1674 1228 1744 ἀνθρώπου
1273 1676 1415 1739 ἐστὶ,
1448 1675 1548 1746 τὴν
1575 1677 1667 1729 ἐπὶ
1708 1675 1790 1745 τῷ
1816 1676 1934 1746 κρί-

2039 520 2242 591 aliquid
2291 534 2322 574 a
2399 514 2457 572 se
2500 518 2793 574 diversum.
2887 516 3169 572 Exsistcns
3253 533 3385 574 vero
3452 521 3617 574 etiam

2039 614 2153 680 ipse
2205 612 2258 664 in
2304 608 2441 663 Filio
2491 617 2705 679 propter
2763 608 3141 663 omnimodam
3227 611 3478 664 essentia:
3541 610 3618 665 si-

2039 700 2426 766 militudinem,
2447 715 2569 755 cum
2593 700 2758 754 etiam
2817 698 3140 754 naturaliter
3184 698 3255 753 sit
3303 700 3435 766 vita,
3470 700 3620 755 dedit

2036 792 2112 848 illi
2133 792 2392 888 seipsum.

2631 901 2792 974 ιω
2813 901 3042 959 auum

2103 1015 2274 1070 Filius
2310 1016 2418 1070 vita
2457 1019 2780 1072 naturaliter
2807 1020 3102 1080 exsistens,
3133 1031 3252 1073 eam
3286 1031 3344 1072 se
3379 1033 3410 1071 a
3455 1019 3619 1073 Patre

2038 1109 2284 1176 accipere
2313 1107 2465 1174 dicit,
2495 1124 2602 1162 non
2630 1118 2898 1177 quatenus
2935 1109 3174 1163 Verbum
3203 1117 3406 1174 est,aut
3433 1109 3610 1178 splen-

2036 1201 2135 1254 dor
2165 1198 2490 1258 naturaliter
2520 1199 2726 1255 habens
2773 1213 2894 1268 quae
2940 1200 3120 1254 Patris
3178 1203 3398 1270 propria
3451 1212 3620 1268 sunt,

2038 1291 2131 1346 sed
2159 1299 2427 1360 quatenus
2453 1290 2625 1346 factus
2657 1301 2741 1347 est
2771 1292 2955 1355 homo,
2981 1292 3068 1346 cui
3091 1293 3273 1346 omnia
3302 1308 3330 1345 a
3359 1294 3468 1349 Deo
3498 1293 3622 1348 data

2037 1395 2181 1440 sunt.
2216 1384 2370 1452 Quod
2401 1384 2577 1454 ipsum
2609 1383 2662 1438 in
2717 1383 3076 1454 sequentibus
3124 1394 3312 1452 aperte
3354 1385 3620 1453 declarat,

2039 1493 2260 1533 causam
2313 1493 2412 1532 cur
2447 1476 2571 1531 data
2624 1476 2696 1530 sit
2723 1475 3024 1546 explicans.
3057 1474 3392 1530 Potestatem
3447 1477 3618 1543 enim,

2039 1567 2234 1638 inquit,
2265 1568 2412 1624 dedit
2431 1568 2482 1623 ei
2511 1568 2773 1635 judicium
2800 1567 3003 1631 facere,
3031 1569 3157 1638 quia
3190 1566 3360 1622 Filius
3383 1569 3622 1624 hominis

2037 1668 2121 1714 est
2145 1661 2209 1714 θ’.
2242 1658 2300 1714 Si
2333 1674 2462 1714 vero
2491 1659 2620 1729 quia
2669 1657 2840 1714 Filius
2882 1659 3118 1714 hominis
3147 1668 3248 1720 est.
3301 1668 3621 1728 petestatem

365 1781 476 1817 νειν
517 1764 770 1829 ἐξουσίαν
811 1765 1074 1836 εἰληφέναι
1113 1767 1350 1836 λέγεται,
1397 1770 1490 1821 τὸν
1527 1769 1690 1822 αὑτὸν
1737 1770 1938 1821 ἀνακυ-

2045 1750 2309 1818 iudicandi
2330 1753 2606 1819 accepisse
2631 1751 2850 1814 dicitur,
2890 1752 3081 1807 eodem
3122 1752 3284 1805 modo
3320 1763 3624 1822 repetentes

375 1853 689 1918 κλώσαντες
730 1856 879 1924 λόγον
915 1858 1166 1928 ἐροῦμεν·
1209 1858 1426 1930 Ἐπειδὴ
1480 1860 1606 1922 Υἱὸς
1645 1860 1937 1931 ἀνθρώπου

383 1943 584 2012 γέγονε,
616 1945 706 2015 τὴν
733 1948 1014 2017 ὁμοιότητα
1037 1950 1273 2020 φορέσας
1309 1950 1415 2003 τῶν
1440 1951 1592 2022 παρὰ
1622 1951 1761 2004 Θεοῦ
1780 1951 1939 2022 δέχε-

383 2033 497 2086 σθαι
528 2035 590 2086 τὰ
622 2037 788 2090 πάντα
834 2042 1181 2108 πεφυκότων,
1229 2043 1322 2095 καὶ
1360 2042 1504 2114 ζωὴν
1539 2043 1819 2114 εἰληφέναι
1843 2044 1936 2096 λέ-

371 2138 525 2188 γεται,
565 2124 700 2196 μόνῃ
736 2128 830 2180 καὶ
858 2132 1049 2198 γυμνῇ
1083 2133 1151 2198 τῇ
1186 2129 1307 2200 θείᾳ
1336 2129 1492 2196 φύσει
1519 2132 1720 2202 τηρῶν,
1754 2132 1848 2184 καὶ⁹
1879 2130 1940 2182 τὸ

358 2214 584 2283 μετοχῆς
612 2234 759 2280 τινος
788 2219 1148 2272 ἀνεπίδεκτον
1183 2221 1274 2272 καὶ
1299 2220 1358 2272 τὸ
1377 2221 1633 2275 δύνασθαι
1664 2225 1775 2285 τοῖς
1805 2224 1937 2275 πᾶσι

352 2303 412 2356 τὰ
444 2306 628 2360 πάντα
658 2312 926 2378 χορηγεῖν

863 2452 1226 2540 ΛΟΓΟΣ
1298 2448 1447 2541 ΙΕὲ

350 2603 458 2678 Εἰς
506 2601 577 2678 tt}
605 2605 679 2655 ἐν
725 2606 856 2678 ταῖς
899 2611 1263 2677 Παροιμίαις,
1305 2629 1323 2660 ι
1365 2613 1582 2678 Κύριος
1627 2611 1826 2664 ἔκτισέ
1867 2627 1943 2678 με

420 2673 628 2750 ρρχὴν
679 2675 838 2750 ὁὸῷν
893 2673 1393 2750 αὑὲορἐς-’ἔργα
1448 2673 1657 2735 boias.
1695 2683 1822 2734 ’Ότι
1852 2673 1938 2745 ἑὸ,

423 2742 662 2820 ἔκτισεν,
693 2749 775 2820 Δσὺ
806 2749 958 2820 suam
987 2747 1097 2820 τῆς
1125 2742 1338 2814 οὖσίἆὸ
1370 2752 1476 2806 τοῦ
1506 2754 1696 2820 Λόγου
1721 2742 1938 2805 usitati

423 2811 568 2865 οὐδὲ
604 2816 834 2884 κτίσμα
868 2817 900 2885 ἢ
933 2811 1160 2888 ποίῆμα
1198 2823 1231 2874 ό
1275 2811 1422 2886 Υἷός.

430 2987 494 3041 Οί
524 2988 624 3058 τῆς
668 2991 875 3061 Ἀρείου
906 2995 1102 3063 μανίας
1132 2997 1432 3066 προστάται
1463 2998 1560 3069 τὴν
1590 3000 1801 3053 ἑαυτῶν
1825 3000 1944 3053 ἀσέ-

2043 1839 2128 1894 dic
2145 1855 2302 1895 cuius
2330 1853 2346 1892 :
2383 1839 2520 1904 Quia
2545 1839 2715 1895 Filius
2737 1841 2971 1896 hominis
3024 1841 3198 1897 factus
3217 1851 3320 1906 est,
3362 1844 3623 1899 similitu-

2043 1931 2218 1986 dinem
2241 1946 2434 2000 gerens
2451 1946 2643 1987 eorum
2679 1933 2772 2002 qui
2811 1933 3076 2004 quidquid
3107 1933 3328 1998 habent,
3355 1949 3384 1988 a
3406 1935 3515 1992 Deo
3534 1952 3622 1992 ac-

2040 2023 2281 2092 cipiunt,
2315 2024 2483 2077 vitam
2519 2038 2741 2095 quoque
2800 2025 3085 2094 accepisse
3131 2024 3368 2091 dicitur;
3413 2028 3514 2083 soli
3560 2043 3626 2084 ac

2041 2115 2196 2169 nudat
2219 2115 2416 2170 divinae
2433 2123 2644 2172 natura:
2677 2117 2730 2171 id
2753 2131 3060 2181 reservans,
3083 2117 3228 2186 quod
3253 2116 3454 2174 nullius
3496 2134 3625 2188 par-

2043 2205 2366 2272 ticipationis
2389 2221 2558 2276 capax
2593 2208 2686 2271 sit,
2710 2210 2962 2279 quodque
2997 2209 3181 2264 omnia
3233 2211 3486 2267 omnibus
3516 2211 3625 2267 lar—

2041 2295 2217 2365 giatur
2253 2305 2416 2366 atque
2432 2299 2760 2369 suppeditet.

2407 2451 2983 2546 ASSERTIO
3061 2458 3262 2547 XV.

2046 2603 2108 2656 In
2135 2603 2266 2656 illud
2298 2605 2438 2672 quod
2475 2606 2528 2656 in
2551 2605 2685 2658 libro
2741 2605 3146 2662 Prot'erbiorum
3197 2611 3415 2672 dicitur,
3466 2630 3484 2660 ε
3522 2610 3624 2665 Do-

2113 2675 2283 2727 minus
2311 2677 2499 2728 creavit
2537 2692 2615 2727 me
2670 2678 2988 2743 principium
3043 2681 3248 2732 viarum
3313 2697 3532 2735 auarum
3569 2681 3628 2735 in

2115 2759 2270 2808 opera
2298 2761 2395 2796 sua
2415 2745 2481 2796 ⁹⁰.
2505 2764 2537 2813 ν»
2571 2743 2722 2808 Quod
2789 2748 2998 2802 verbum
3043 2749 3212 2813 illud,
3261 2753 3485 2813 creavit,
3523 2766 3626 2804 non

2119 2813 2182 2863 de
2204 2815 2423 2865 essentia
2465 2812 2627 2886 AVerbi
2677 2817 2918 2880 dicatur;
2956 2812 3204 2886 quodque
3229 2817 3396 2872 Filius
3425 2812 3527 2874 ηοη
3560 2821 3627 2874 ait

2117 2892 2361 2935 creatura
2395 2883 2472 2935 uel
2513 2899 2660 2950 opus.

2114 2997 2498 3066 Quiinsaniam
2527 2995 2643 3050 Arli
2669 3007 2941 3050 sectantur
2977 3012 3040 3050 ac
3073 3007 3315 3064 tuentur,
3352 3001 3629 3055 verisimili

367 3079 515 3133 εειαν
553 3081 819 3147 πιθανοῖς,
856 3085 929 3149 ὼς
970 3087 1193 3148 οἴονται,
1229 3090 1663 3156 καλλωπίζοντες
1708 3094 1939 3164 ῥήμασι,

2049 3091 2101 3144 in
2135 3089 2369 3159 speciem
2405 3089 2653 3143 oratione
2679 3088 3014 3156 impietatem
3040 3103 3192 3142 suam
3223 3090 3496 3155 l'ucantes,
3554 3092 3630 3145 ita

365 3170 608 3239 λέγουσι’
653 3174 875 3244 κτίσμα
905 3177 1053 3230 ἐστὶν
1085 3181 1113 3231 ὁ
1147 3179 1291 3243 Υἱὸς,
1328 3182 1444 3234 ἀλλ’
1488 3183 1586 3252 οὐχ
1617 3184 1692 3246 ὡς
1729 3183 1788 3237 ἓν
1834 3185 1941 3238 τῶν

2046 3181 2232 3237 dicunt
2265 3198 2277 3233 :
2305 3179 2474 3236 Filius
2502 3191 2586 3236 est
2615 3190 2893 3244 creatura,
2954 3184 3048 3237 sed
3101 3199 3204 3238 non
3240 3195 3494 3254 tanquam
3527 3198 3632 3239 una

362 3264 675 3334 κτισμάτων
697 3282 710 3294 ·
745 3267 960 3339 ποίημά
990 3271 1157 3334 ἐστιν,
1190 3272 1305 3323 ἀλλ’
1332 3274 1427 3344 οὐχ
1456 3274 1532 3338 ὠς
1558 3275 1615 3327 ἓν
1652 3275 1758 3328 τῶν
1789 3293 1944 3346 ποιη-

369 3353 578 3423 μάτων·
621 3357 870 3428 γέννημά
913 3359 1080 3426 ἐστιν,
1123 3361 1236 3415 ἀλλ’
1278 3365 1376 3434 οὐχ
1404 3366 1479 3430 ὡς
1519 3367 1578 3419 ἓν
1603 3367 1714 3421 τῶν
1754 3384 1946 3438 γεννη-

369 3446 571 3515 μάτων.

551 3563 708 3631 Πρὸς
748 3563 933 3618 ταῦτα
963 3567 1176 3634 λύσεις
1207 3569 1430 3641 ἐφεξῆς
1458 3573 1749 3643 διάφοροι.

430 3673 494 3726 Ei
537 3674 750 3744 ποίημά
778 3675 928 3729 ἐστιν
961 3677 990 3728 ὁ
1023 3678 1168 3742 Υἱὸς,
1206 3681 1320 3746 πῶς
1350 3684 1446 3754 οὐχ
1477 3684 1534 3737 ἓν
1566 3686 1676 3740 τῶν
1707 3691 1946 3760 ποιημά-

361 3783 506 3826 mw;
530 3767 624 3820 καὶ
662 3768 711 3819 εί
752 3767 889 3831 ὅλως
924 3768 1151 3841 κτίσμα,
1198 3773 1312 3836 πῶς
1345 3775 1442 3846 οὐχ
1477 3775 1536 3828 ἓν
1560 3776 1668 3830 τῶν
1715 3782 1948 3852 κτισμά-

363 3874 514 3922 των;
549 3858 702 3912 Ἐστι
750 3860 858 3931 γὰρ
886 3859 1046 3913 τοῦτο
1090 3866 1306 3933 φρονεῖν
1345 3865 1703 3932 γελοιότατον.
1736 3871 1797 3923 El
1837 3871 1946 3943 γὰρ

2047 3283 2468 3350 creaturarum;
2521 3289 2655 3342 opus
2698 3283 2801 3341 cst,
2859 3276 2953 3329 sed
2993 3290 3097 3330 non
3142 3275 3309 3330 veluti
3355 3291 3518 3330 unum
3560 3290 3629 3331 ex

2047 3365 2331 3434 operibus;
2359 3379 2581 3436 germen
2617 3374 2726 3432 est,
2787 3368 2879 3421 sed
2905 3382 3012 3422 non
3041 3367 3197 3437 quasi
3218 3384 3384 3423 unum
3413 3383 3476 3423 ex
3504 3383 3628 3440 ger-

2053 3455 2308 3511 minibus.

2271 3567 2447 3624 Varia:
2473 3572 2630 3641 hujus
2655 3581 2975 3642 operationis
3009 3573 3414 3641 confutatioues.

2117 3680 2171 3734 Si
2201 3681 2368 3736 Filius
2396 3692 2479 3738 est
2507 3699 2665 3753 opus,
2713 3700 2821 3753 quo
2871 3694 3028 3753 pacto
3074 3700 3180 3740 non
3229 3688 3331 3740 erit
3363 3701 3528 3739 unum
3557 3699 3628 3741 ex

2047 3773 2412 3839 operibus?et
2432 3775 2477 3829 si
2523 3775 2744 3830 omnino
2765 3784 3016 3829 creatura
3047 3783 3149 3840 est,
3206 3775 3476 3843 quomodo
3523 3788 3628 3828 non

2048 3865 2151 3918 erit
2180 3878 2286 3918 una
2319 3879 2386 3920 ex
2420 3865 2734 3920 creaturis?
2781 3864 2880 3920 Est
2925 3866 3071 3919 enim
3118 3865 3220 3918 hoc
3272 3866 3631 3918 vehementer

363 3948 504 4012 ὅλως
541 3949 828 4020 κτίσμασιν
857 3952 890 4022 ἢ
925 3953 1228 4023 ποιήμασιν
1267 3955 1365 4008 οὐκ
1397 3955 1543 4011 ἔστιν
1572 3961 1886 4032 ἐναρίθμιος
1919 3966 1941 4018 ὁ

2052 3955 2330 4009 ridiculum
2358 3956 2616 4026 cogitatu.
2654 3953 2789 4007 Nam
2819 3955 2866 4008 si
2897 3954 2948 4007 in
2993 3952 3304 4007 universum
3365 3953 3632 4007 creaturis

362 4041 513 4106 Υἱὸς,
537 4041 659 4096 οὔτε
695 4044 900 4115 κτίσμα
933 4045 1000 4098 ἂν
1021 4047 1104 4116 είη
1137 4045 1258 4099 οὔτε
1291 4049 1606 4119 ποίημα.Εί
1634 4053 1690 4105 δὲ
1723 4055 1941 4125 ἐκτίσθη

2049 4058 2139 4101 aut
2163 4047 2418 4117 operibus
2447 4063 2552 4101 non
2595 4054 3007 4106 annumeretur,
3041 4052 3188 4097 certe
3250 4057 3426 4111 neque
3479 4058 3632 4098 crea-

358 4133 481 4186 καθ’
513 4133 654 4204 ὑμᾶς
683 4137 776 4189 καὶ
811 4136 1130 4206 πεποίηται,
1161 4136 1276 4201 πῶς
1305 4139 1406 4191 οὐκ
1434 4141 1749 4210 ἀναγκαίως
1784 4143 1859 4207 ὡς
1889 4144 1941 4198 ἓν

2050 4149 2189 4203 tura,
2225 4151 2401 4206 neque
2431 4151 2568 4206 opus
2598 4136 2780 4189 fuerit.
2810 4134 2868 4189 Si
2902 4149 3028 4189 vero
3055 4135 3212 4205 juxta
3254 4145 3486 4190 vestram
3516 4137 3634 4206 opi-

357 4224 508 4280 ἔσται
540 4227 648 4282 τῶν
687 4227 1003 4296 γενομένων
1026 4244 1042 4292 ;

1053 4518 1258 4571 ΑΛΛΟ.

426 4631 600 4685 Φασὶν
625 4633 704 4684 ὅτι
732 4632 949 4702 ποίημά
970 4632 1118 4684 ἐστιν
1144 4634 1171 4684 ὁ
1205 4632 1350 4701 Υἱὸς,
1379 4634 1493 4687 ἀλλ’
1522 4637 1618 4706 οὐχ
1643 4638 1718 4702 ὡς
1751 4640 1808 4692 ἓν
1835 4640 1944 4692 τῶν

356 4723 699 4794 ποιημάτων.
749 4726 862 4777 Καὶ
900 4722 1185 4792 νομίζουσι
1231 4725 1348 4794 μὲν,
1385 4725 1656 4800 ἐξαίρετόν
1705 4749 1829 4786 τινα
1856 4732 1945 4786 διὰ

357 4816 548 4871 τούτου
580 4817 877 4886 προσάγειν
903 4815 1054 4887 αὐτῷ
1078 4817 1178 4889 τὴν
1197 4819 1380 4890 τιμὴν,
1408 4822 1707 4895 ἐπειδήπερ
1733 4826 1946 4895 ποίημα

364 4906 461 4975 μὲν
488 4905 644 4972 εἶναι,
673 4909 732 4961 οὐ
758 4909 866 4980 μὴν
901 4909 976 4971 ὡς
1005 4908 1066 4962 ἒν
1091 4927 1144 4963 τι
1169 4911 1277 4964 τῶν
1310 4914 1630 4985 ποιημάτων
1661 4917 1948 4984 ὁμολογοῦ-

364 5014 444 5048 σιν
476 4997 657 5051 αὐτόν.
707 4999 846 5051 Ἀλλ’
870 5000 1022 5054 οὐδὲν
1047 5002 1106 5054 ὲν
1132 5002 1308 5074 τούτῳ
1329 5004 1388 5057 τὸ
1409 5004 1686 5076 ἐξαίρετον
1711 5023 1724 5035 ·
1752 5005 1874 5059 ἀλλ’·
1890 5006 1948 5060 ἓν

361 5107 412 5143 τι
442 5094 538 5145 καὶ
568 5093 730 5156 αὐτὸς
773 5091 883 5145 τῶν
927 5093 1105 5146 ἄλλων
1138 5098 1406 5164 φανεῖται.
1441 5097 1586 5160 Ἕως
1615 5097 1722 5169 γάρ
1759 5097 1826 5149 ἂν
1860 5099 1946 5150 ἐπ’

362 5184 527 5238 αὑτοῦ
564 5185 627 5237 τὸ
675 5185 1011 5255 πεποιῆσθαι
1043 5189 1243 5258 κρατῇ,
1293 5188 1385 5240 καὶ
1428 5183 1567 5240 εἶναι
1618 5187 1824 5257 κτίσμα
1860 5205 1948 5240 πι-

365 5276 639 5348 στεύηται,
666 5278 818 5332 οὐδέν
839 5295 893 5330 τι
918 5277 1028 5331 τῶν
1058 5277 1233 5332 ἄλλων
1260 5277 1402 5332 κατὰ
1429 5277 1588 5332 τοῦτο
1607 5277 1816 5342 διοίσει,
1841 5279 1946 5332 κᾶν

358 5372 644 5448 διαλλάττῃ
676 5374 820 5428 κατὰ
851 5373 953 5445 τὴν
994 5374 1176 5443 φύσιν,
1271 5373 1413 5430 κατά
1451 5391 1571 5427 τινα
1602 5373 1803 5443 τρόπον
1835 5373 1953 5431 Eas:-

361 5479 466 5531 ρον.
497 5463 652 5517 Οὖτω
682 5466 793 5534 γάρ
843 5465 910 5520 ἄν
942 5480 1028 5525 τις
1063 5463 1256 5534 ἔχοντα
1290 5462 1573 5531 βλέποιλτὰ
1606 5462 1951 5532 πεποιημένα

359 5556 500 5627 παρὰ
542 5555 682 5610 Θεοῦ
732 5555 1048 5626 συγκρίνων
1095 5557 1231 5624 πρὸς
1266 5554 1488 5623 ἄλληλα.
1549 5554 1787 5624 Εὑρήσει
1843 5552 1950 5623 γὰρ

420 5736 462 5768 ⁸³
487 5735 649 5791 Jmn.
689 5752 742 5800 ν,
782 5733 879 5786 22.
961 5733 1004 5762 ⁰⁰
1030 5733 1187 5785 Prov.
1224 5748 1335 5794 vm,
1370 5731 1456 5783 ‘29..

2049 4230 2263 4288 nionem
2300 4239 2519 4285 creatus
2558 4237 2614 4282 et
2662 4227 2839 4282 factus
2887 4237 2996 4295 est,
3021 4227 3293 4297 quomodo
3325 4243 3429 4282 non
3471 4227 3635 4284 fuerit

2049 4326 2357 4380 necessario
2387 4333 2638 4393 tanquam
2673 4338 2836 4377 unum
2861 4323 3062 4395 aliquid
3097 4339 3163 4379 ex
3189 4338 3411 4381 numero
3443 4339 3631 4384 eorum

2055 4431 2169 4484 qua:
2195 4415 2335 4472 facta
2361 4425 2416 4470 et
2439 4425 2622 4472 creata
2660 4414 2825 4470 sunt?

2713 4526 2940 4583 ALIUD.

2121 4639 2314 4694 Filium
2347 4657 2483 4710 opus
2505 4656 2626 4695 esse
2657 4642 2830 4706 aiunt,
2863 4641 2960 4695 sed
2990 4656 3097 4696 non
3149 4649 3406 4712 tanquam
3463 4657 3628 4695 unum

2053 4746 2115 4785 ex
2147 4733 2424 4799 Operibus.
2457 4731 2526 4788 Et
2562 4733 2779 4802 quidem
2808 4734 3125 4788 existimant
3175 4747 3234 4788 se
3268 4734 3370 4785 hac
3423 4733 3634 4786 ratione

2054 4823 2312 4876 eximium
2361 4825 2650 4892 quemdam
2735 4826 2996 4882 honorem
3070 4823 3142 4877 illi
3191 4823 3427 4883 deferre,
3489 4822 3633 4890 quod

2055 4923 2363 4971 creaturam
2389 4915 2605 4983 quidem
2630 4915 2780 4968 illum
2799 4930 2922 4970 esse
2950 4915 3150 4974 dicant,
3180 4927 3286 4965 non
3320 4919 3498 4965 tamen
3519 4912 3628 4967 vel-

2059 5005 2133 5058 uti
2190 5019 2354 5058 unam
2391 5019 2422 5058 e
2473 5019 2700 5059 numero
2724 5015 3117 5059 creaturarum.
3176 5002 3446 5055 (laterum
3501 5004 3632 5058 nihil

2058 5097 2109 5149 in
2136 5097 2237 5150 hoc
2263 5106 2349 5151 est
2376 5097 2671 5161 eximium;
2709 5095 2865 5168 147
2901 5095 2996 5148 sed
3030 5108 3195 5147 unum
3238 5093 3441 5163 aliquid
3494 5095 3635 5150 inter

2056 5190 2158 5241 alia
2180 5197 2364 5243 creata
2387 5188 2685 5256 apparebit.
2721 5187 2973 5253 Quandlu
3001 5185 3143 5239 enim
3170 5189 3236 5240 de
3271 5201 3337 5240 eo
3392 5186 3498 5241 dici
3534 5202 3632 5255 po-

2052 5282 2176 5336 terit
2198 5280 2398 5334 factum
2424 5296 2564 5343 esse,
2596 5289 2649 5332 et
2680 5289 2930 5333 creatura
2965 5291 3089 5332 esse
3147 5280 3401 5332 credetur
3431 5291 3444 5329 :
3500 5277 3634 5330 nihil

2045 5373 2119 5424 ab
2151 5372 2215 5425 iis
2247 5372 2346 5427 hac
2377 5373 2428 5424 in
2458 5380 2610 5440 parte
2641 5371 2874 5434 differet,
2896 5369 3113 5424 tametsi
3171 5371 3382 5424 ratione
3407 5379 3632 5431 naturae,

2054 5474 2145 5516 aut
2173 5464 2278 5517 alio
2314 5465 2492 5533 aliquo
2519 5463 2678 5516 modo
2713 5463 2783 5515 sit
2819 5463 3182 5530 praestantior.
3208 5463 3282 5514 Ita
3308 5459 3452 5515 cnim
3489 5457 3637 5511 vide-

2059 5572 2113 5610 rc
2144 5565 2220 5610 ρει
2250 5557 2452 5612 habere
2493 5570 2550 5610 sc
2575 5570 2689 5622 quae
2719 5570 2748 5610 a
2781 5554 2890 5608 Deo
2918 5562 3098 5608 creata
3138 5561 3285 5624 sunt,
3324 5551 3368 5609 si
3414 5550 3534 5621 quis
3568 5562 3630 5602 ea
