4078 6260
468 278 571 334 ειν

1461 284 1518 338 S.
1561 284 1832 340 CYRILLI
1872 285 2338 340 ALEXANDRINI
2383 286 2700 343 Al‘tClllEP.
3077 327 3098 335 ς
3124 313 3152 370 ,ξ

3617 299 3728 356 ειει

472 403 620 458 inter
671 414 729 456 se
781 398 1047 454 conferat.
1092 395 1334 452 inveniet
1393 396 1534 450 enim
1595 397 1683 450 illa
1725 397 2042 452 excellentia

2156 399 2288 454 αὑτὰ
2315 402 2407 454 καί
2428 403 2549 465 ταῖς
2579 401 2870 473 ὑπεροχαῖς
2892 403 3124 458 νικῶντα
3157 403 3414 470 πολλάκις
3443 405 3512 460 τὰ
3533 409 3720 481 ἕτερα,

472 491 705 560 quadam
723 501 1096 558 saepenumero
1122 486 1243 541 aliis
1259 493 1538 554 praestare,
1572 497 1628 540 et
1682 487 1888 543 naturis
1941 489 2040 543 dif-

475 579 622 635 ferre
646 619 662 645 ,
690 580 764 634 ita
790 587 853 637 ut
904 577 1171 648 quispiam
1200 578 1379 633 dicere
1405 577 1578 646 possit
1601 579 1666 632 de
1684 579 1914 650 singulis
1939 595 2033 635 eo-

473 687 594 728 rum
627 685 643 726 :
672 671 935 726 Creatura
961 680 1068 736 est,
1102 669 1195 725 sed
1239 685 1343 724 non
1376 677 1629 737 tanquam
1655 685 1758 724 una
1793 685 1857 729 ex
1891 687 2042 727 crea-

473 767 633 818 turis.
665 760 912 831 Exempli
944 761 1138 830 gratia,
1162 758 1244 814 sol
1267 772 1402 827 opus
1427 766 1643 824 est,non
1667 768 1846 814 tamen
1878 777 2041 818 unum

474 867 542 908 ex
573 851 827 922 operibus
861 868 874 904 :
905 864 1081 920 neque
1102 851 1247 905 enim
1274 859 1358 905 est
1391 849 1532 905 alius
1576 851 1678 906 sol.
1736 850 1909 906 Simili
1958 868 2044 906 ra-

473 946 623 1004 tione
655 946 818 1000 etiam
849 941 1230 1008 luna,coelum,
1266 941 1456 1005 stellae,
1485 950 1665 997 terra:
1698 944 1876 996 omnia
1901 943 2043 997 enim

477 1036 596 1091 haec
622 1050 785 1104 opera
812 1043 960 1101 sunt,
1017 1041 1072 1089 et
1124 1035 1335 1106 singula
1369 1049 1580 1099 eorum,
1607 1050 1712 1089 non
1753 1044 1812 1088 ut
1878 1051 2043 1090 unum

474 1141 539 1182 ex
557 1127 829 1195 operibus.
844 1124 1120 1184 Creaturaa
1141 1125 1286 1181 enim
1306 1127 1408 1182 hoc
1437 1126 1610 1183 solum
1635 1140 1922 1182 commune
1950 1127 2046 1181 ba-

474 1216 622 1282 bent,
659 1216 804 1286 quod
848 1215 1011 1274 facta:
1037 1217 1165 1276 sint.
1201 1217 1450 1274 Formam
1483 1233 1647 1281 vero,
1677 1221 1936 1289 speciem,
1965 1233 2048 1275 at-

475 1322 581 1376 que
616 1319 868 1366 naturam
898 1307 1125 1379 singulae
1154 1310 1483 1378 peculiarem
1521 1321 1692 1365 nactae
1729 1320 1874 1366 sunt.
1901 1310 2046 1367 Nihil

474 1397 640 1468 igitur
677 1397 910 1467 amplius
951 1408 1035 1455 est
1073 1399 1140 1462 in,
1164 1399 1325 1468 Filio,
1349 1402 1394 1457 si
1430 1400 1607 1456 factus
1637 1415 1758 1456 esse
1797 1401 2043 1470 dicatur;

474 1490 692 1547 etiamsi
727 1491 874 1547 aliud
907 1491 1112 1562 aliquid
1135 1507 1389 1564 magnum
1417 1501 1583 1564 atque
1635 1495 1892 1550 eximium
1939 1509 2049 1565 prae

475 1583 705 1654 reliquis
731 1584 996 1644 creaturis
1024 1585 1295 1642 exsistat:
1330 1599 1505 1656 neque
1539 1587 1684 1641 enim
1713 1585 1792 1642 sol
1820 1587 1889 1642 ob
1913 1600 2050 1655 prae-

474 1673 732 1756 stantiam
761 1688 912 1730 suam
941 1688 1052 1744 qua
1081 1675 1291 1744 reliqua
1316 1685 1465 1734 astra
1485 1675 1644 1746 longe
1665 1685 2048 1745 superat,0pus

474 1747 848 1823 esse'desinet.
889 1767 1086 1822 Eadem
1152 1783 1284 1824 vero
1318 1769 1455 1825 ratio
1491 1777 1596 1833 est,
1655 1769 1819 1824 etiam
1854 1782 2043 1823 earum
2080 1747 2120 1803 Β

475 1873 596 1927 qua:
626 1858 679 1913 in
715 1859 854 1922 caelo
907 1868 1033 1920 sunt
1089 1860 1438 1916 rationalium
1472 1869 1820 1929 potestatum,
1847 1859 2044 1930 quibus

473 1953 689 2023 quidem
721 1954 975 2012 omnibus
1028 1968 1317 2012 commune
1358 1963 1441 2011 est
1469 1953 1643 2010 factas
1694 1967 1836 2010 esse.
1888 1953 2052 2010 Ratio

478 2055 660 2110 autem
686 2062 792 2116 qua
833 2047 964 2118 quid
985 2061 1216 2118 quaeque
1245 2061 1444 2102 earum.
1468 2047 1561 2114 sit,
1595 2047 1807 2103 diversa
1838 2055 1943 2102 est.

1142 2155 1370 2214 ALIUD.

541 2269 599 2326 Si
628 2269 818 2339 Filius,
845 2271 998 2341 juxta
1026 2282 1260 2327 vestram
1309 2273 1642 2342 opinionem,
1663 2278 1750 2327 est
1775 2277 2046 2335 creatura,

476 2371 658 2432 atque,
702 2363 755 2417 id
779 2379 899 2419 cum
930 2364 1021 2428 sit,
1066 2372 1390 2434 potestatem
1447 2363 1610 2418 habet
1642 2361 1888 2427 creandi,
1923 2361 2051 2430 quia

473 2471 580 2517 non
611 2465 696 2512 est
730 2466 790 2510 ut
823 2471 929 2510 una
950 2455 1276 2525 reliquarum
1339 2464 1711 2510 creaturarum
1748 2469 1762 2506 :
1791 2467 1887 2507 cur
1946 2467 2052 2508 cae-

476 2556 608 2600 tera:
635 2561 850 2615 quoque
883 2555 1146 2601 creaturae
1181 2545 1400 2601 creandi
1432 2543 1744 2599 facultatem
1801 2558 1908 2597 non
1943 2543 2046 2596 ha-

476 2639 660 2699 beant,
693 2638 824 2706 quia
857 2637 1005 2690 varia
1023 2644 1106 2691 est
1131 2651 1193 2690 ac
1223 2637 1438 2690 diversa
1476 2637 1545 2690 -in
1607 2635 1689 2690 eis
1739 2642 1954 2700 natura,
1996 2641 2051 2687 et

478 2741 817 2798 unaquaeque
839 2742 1023 2781 earum
1059 2735 1306 2782 creatura
1331 2735 1435 2795 est,
1502 2742 1608 2782 non
1662 2736 1840 2780 tamen
1882 2722 2049 2778 veluti

480 2833 646 2874 unum
692 2819 895 2888 aliquid
922 2818 1292 2888 reliquorum?
1326 2817 1502 2875 Unum
1539 2817 1682 2873 enim
1719 2824 1805 2871 est
1825 2814 2050 2880 coelum,

480 2907 737 2973 unussol,
776 2924 878 2961 una
916 2908 1273 2970 luna,natura
1298 2909 1576 2964 stellarum
1625 2922 1753 2974 una,
1801 2915 1857 2982 et
1907 2913 2052 2960 terra

478 3012 607 3064 una,
633 3014 774 3054 unus
803 2999 966 3054 homo
1007 3010 1268 3069 quantum
1305 3001 1372 3055 ad
1421 3000 1778 3058 substantiam
1806 2999 2000 3054 attinet
2036 3011 2047 3046 :

479 3099 645 3160 atque
680 3091 766 3147 his
795 3093 1014 3162 quidem
1044 3091 1180 3147 nihil
1247 3093 1390 3148 inter
1424 3108 1484 3149 se
1568 3093 1778 3148 ratione
1849 3099 2056 3146 natura:

476 3189 893 3247 communeest,
930 3183 1141 3238 tametsi
1173 3185 1424 3240 omnibus
1486 3184 1539 3240 id
1608 3199 1895 3243 commune
1964 3183 2054 3250 sit,

479 3271 624 3339 quod
650 3271 794 3327 facta
831 3273 961 3328 sint.
989 3273 1134 3328 Nihil
1164 3284 1344 3329 tamen
1373 3276 1637 3331 creatoris
1687 3276 1740 3330 in
1790 3275 2058 3351 creaturis

480 3361 742 3427 cernitur,
772 3363 866 3416 sed
896 3363 1073 3431 potius
1091 3371 1392 3419 creatorem
1424 3364 1660 3421 Verbum
1693 3366 1789 3420 Dei
1807 3367 2052 3430 adorant,

478 3460 536 3507 et
566 3450 790 3507 factoris
812 3453 1038 3521 gloriam
1066 3454 1352 3509 extollunt.
1401 3472 1417 3506 ι
1450 3455 1586 3510 Cteli
1618 3457 1762 3510 enim
1794 3466 2054 3510 enarrant

480 3544 706 3614 gloriam
727 3543 844 3604 Dei.
860 3555 916 3600 et
939 3545 1338 3600 ﬁrmamentum
1355 3547 1601 3601 enuntiat
1616 3561 1780 3615 opera
1804 3561 2055 3600 manuum

480 3635 600 3702 ejus
620 3636 689 3690 ⁹¹.
733 3654 753 3688 ι
798 3635 864 3689 Ει
910 3636 1363 3705 quemadmodum
1409 3636 1612 3690 Esdras
1647 3636 1767 3692 ait:
1814 3655 1832 3688 ι
1867 3635 2056 3690 Omnis

482 3736 626 3782 terra
659 3729 942 3784 veritatem
974 3737 1150 3792 vocat,
1175 3737 1230 3783 et
1258 3729 1454 3784 coelum
1484 3728 1658 3797 ipsum
1719 3727 1930 3790 adorat,
2003 3737 2059 3782 et

480 3835 669 3877 omnes
690 3829 956 3876 creaturae
991 3820 1160 3888 ipsam
1194 3819 1514 3874 tremiscunt
1538 3820 1602 3872 “.
1641 3837 1659 3870 ι
1689 3817 1857 3872 Filius
1877 3828 2055 3873 autem

481 3914 548 3972 de
589 3915 766 3982 seipso
801 3914 876 3967 ait
909 3929 922 3965 :
969 3930 989 3966 ι
1027 3912 1138 3984 Ego
1169 3926 1289 3968 sum
1339 3913 1542 3967 veritas
1572 3912 1640 3966 ”.
1679 3931 1697 3962 ι
1743 3909 1860 3967 Νοιι
1927 3927 2056 3980 ergo

481 4020 616 4073 opus
635 4013 740 4072 est,
780 4018 955 4074 neque
974 4013 1226 4060 creatura
1275 4001 1344 4057 ob
1387 4001 1438 4056 id
1488 4001 1710 4058 creandi
1749 3999 2055 4055 facultatem

482 4100 713 4165 habens,
742 4099 864 4166 quia
891 4112 998 4152 non
1022 4097 1187 4152 veluti
1219 4109 1326 4152 una
1374 4104 1752 4152 creaturarum
1783 4104 1864 4150 est
1891 4110 1906 4146 :
1962 4094 2056 4148 sed

481 4191 608 4258 quia
645 4205 768 4244 cum
803 4190 875 4243 sit
901 4190 1180 4259 pr0prium
1212 4203 1434 4257 germen
1470 4188 1722 4244 essentia:
1745 4186 1946 4254 Patris,
1969 4193 2055 4240 to-

2146 493 2242 545 καὶ
2266 496 2384 557 ταῖς
2413 495 2640 562 φύσεσιν
2671 496 3069 567 ἐξηλλαγμένα,
3103 496 3177 558 ὡς
3205 497 3461 552 δύνασθαί
3496 516 3616 552 τινα
3637 501 3725 554 λέ-

2145 599 2263 647 γειν
2299 584 2384 653 ἐφ’
2419 585 2652 639 ἑκάστου
2675 604 2731 640 τε
2763 587 3007 650 ἐκείνων,
3038 587 3249 658 ποίημά
3281 589 3448 653 ἐστιν,
3483 589 3598 644 ἀλλ’
3624 593 3722 662 οὑχ

2124 670 2218 734 ’ὡς
2250 671 2309 725 ἓν
2340 672 2445 725 τῶν
2490 675 2828 744 ποιημάτων.
2871 676 2928 729 '0
2959 676 3108 746 ἥλιος
3143 677 3302 748 τυχὸν
3340 678 3549 751 ποίημα
3597 682 3724 752 μὲν,

2144 760 2242 830 οὑχ
2272 760 2348 823 ὡς
2393 760 2450 814 ἓν
2483 761 2541 816 δὲ
2577 763 2686 815 τῶν
2720 765 3039 834 ποιημάτων
3059 781 3071 794 ⁸
3123 767 3181 820 οὑ
3217 767 3325 839 γὰρ
3359 768 3505 822 ἐστιν
3538 769 3725 842 ἕτερος-

2143 852 2312 922 ἥλιος.
2358 855 2420 908 Ἦ
2469 854 2662 927 σελήνη
2706 857 2926 926 ὁμοίως,
2960 860 2987 911 6
3029 859 3274 930 οὐρανὸς,
3310 863 3359 914 oi
3406 862 3653 933 ἀστέρες,
3687 865 3722 936 ἡ

2146 942 2237 1012 γῆ·
2262 942 2440 997 πάντα
2469 943 2580 1015 γάρ
2602 945 2775 999 ταῦτα
2800 948 3098 1016 ποιήματα,
3131 949 3223 1001 καὶ
3255 949 3484 1004 ἕκαστον
3518 953 3720 1016 αὑτῶν,

2145 1034 2244 1104 οὐχ
2273 1035 2346 1098 ὡς
2378 1035 2436 1096 ἓν
2478 1035 2587 1092 τῶν
2615 1037 2953 1108 ποιημάτων.
2985 1040 3159 1093 Μόνον
3209 1040 3319 1112 γὰρ
3355 1041 3419 1094 τὸ
3470 1044 3722 1109 γενέσθαι

2147 1126 2325 1180 κοινὸν
2346 1126 2458 1196 ἔχει
2482 1128 2551 1182 τὰ
2581 1127 2878 1198 κτίσματα·
2909 1129 2969 1182 τὸ
2993 1129 3050 1185 δὲ
3083 1130 3266 1201 σχῆμα
3287 1132 3383 1185 καὶ
3407 1133 3505 1204 τὴν
3542 1135 3718 1202 φύσιν,

2147 1215 2375 1271 ἕκαστον
2407 1217 2733 1283 ἰδιάζουσαν.
2765 1219 2930 1276 Οὑδὲν
2961 1216 3055 1278 οὖν
3090 1221 3149 1275 τὸ
3178 1223 3338 1276 πλέον
3375 1227 3434 1278 ὲν
3474 1224 3587 1296 Υίῷ
3627 1242 3724 1281 πεε

2152 1308 2410 1380 ποιῆσθαι
2435 1310 2733 1382 λεγομένῳ,
2767 1312 2868 1367 κᾶν
2897 1313 3082 1384 ἕτερόν
3114 1331 3168 1367 τι
3209 1315 3350 1384 μέγα
3389 1316 3483 1369 καὶ
3514 1315 3721 1388 ἐξαίρε-

2149 1418 2241 1454 τον
2269 1401 2490 1474 ὑπάρχῃ
2518 1405 2668 1474 παρὰ
2692 1404 2759 1458 τὰ
2790 1405 2925 1460 ἄλλα
2957 1408 3254 1478 ποιήματα.
3281 1407 3347 1462 Τί
3378 1407 3488 1478 γὰρ
3517 1408 3726 1478 ὠφελή-

2154 1509 2236 1548 σει
2270 1493 2360 1547 τὸν
2392 1495 2545 1565 ἥλιον
2585 1498 2667 1559 είς
2695 1496 2758 1550 τὸ
2789 1497 2863 1570 μὴ
2892 1493 3034 1553 εῖναι
3083 1501 3316 1571 ποίημα,
3353 1500 3415 1554 τὸ
3459 1501 3594 1554 πολὺ
3619 1501 3726 1554 τῶν

2151 1583 2397 1654 ἀστέρων
2428 1586 2718 1658 ὑπερέχειν
2743 1606 2756 1655 ;
2799 1588 2856 1642 '0
2880 1590 2936 1643 δὲ
2959 1590 3123 1654 αὑτὸς
3159 1575 3323 1655 οὖτοςί
3349 1593 3608 1664 κρατήσει
3639 1591 3726 1644 λό-

2152 1692 2250 1742 γος
2285 1677 2380 1731 καὶ
2424 1678 2516 1732 ἐπὶ
2557 1679 2664 1732 τῶν
2698 1681 2755 1734 ὲν
2783 1681 2997 1752 οὐρανῷ
3044 1682 3275 1751 λογικῶν
3305 1685 3603 1755 δυνάμεων,
3635 1679 3724 1749 αἷς

2150 1766 2313 1820 πάλιν
2339 1766 2399 1822 τὸ
2441 1768 2539 1839 μὲν
2571 1770 2902 1840 πεποιῆσθαι
2931 1772 3112 1827 κοινόν
3151 1774 3317 1830 ἐστιν.
3363 1774 3423 1828 '0
3454 1775 3510 1829 δὲ
3553 1773 3646 1828 τοῦ
3670 1775 3724 1835 τί

2151 1858 2382 1914 ’ἑκαστον
2415 1859 2502 1931 εἴη
2532 1861 2707 1930 λόγος,
2741 1861 3160 1934 ὲξηλλαγμένος.

2829 2146 3032 2200 AAAO.

2222 2263 2284 2315 Εἰ
2318 2260 2529 2330 ποιημά
2558 2261 2692 2323 ἐστι,
2742 2257 2861 2310 καθ’
2903 2259 3066 2330 ὑμᾶς,
3100 2263 3128 2314 6
3153 2261 3302 2324 Υἱὸς,
3339 2263 3433 2315 καὶ
3469 2262 3631 2315 τοῦτο
3661 2261 3732 2314 ὢν

2151 2354 2269 2426 ἔχει
2301 2353 2362 2407 τὸ
2394 2352 2654 2406 δύνασθαι
2682 2352 2909 2416 κτίζειν,
2934 2352 3022 2405 διὰ
3067 2353 3128 2407 τὸ
3164 2351 3239 2423 μὴ
3278 2355 3352 2416 ὡς
3377 2353 3436 2406 ἓν
3467 2356 3732 2426 ὑπάρχειν

2153 2448 2260 2502 τῶν
2294 2431 2469 2500 ἄλλων
2516 2446 2854 2517 ποιημάτων,
2881 2445 3021 2498 έστω
3059 2445 3320 2515 ποιητικὰ
3359 2446 3454 2499 καὶ
3485 2447 3555 2500 τὰ
3577 2447 3736 2516 ἕτερα

2158 2540 2452 2610 κτίσματα,
2480 2538 2568 2591 διὰ
2598 2538 2657 2591 τὸ
2682 2537 2931 2608 ποικίλην
2957 2538 3015 2592 ὲν
3042 2537 3223 2600 αὐτοῖς
3250 2533 3388 2591 εἶναι
3420 2539 3520 2608 τὴν
3551 2539 3728 2606 φύσιν

2157 2633 2253 2686 καὶ
2287 2631 2516 2685 ἕκαστον
2556 2629 2736 2683 αὑτῶν
2769 2625 2908 2682 εἶναι
2941 2629 3150 2700 ποίημα
3190 2629 3314 2699 μὲν,
3341 2630 3439 2700 οὑχ
3471 2630 3543 2692 ὡς
3587 2629 3643 2683 ἓν
3672 2628 3729 2682 δὲ

2157 2723 2268 2776 τῶν
2301 2721 2497 2776 ἄλλων.
2533 2715 2629 2784 Εἷς
2664 2720 2770 2792 γὰρ
2798 2722 2826 2774 6
2875 2720 3122 2792 οὑρανὸς,
3165 2721 3317 2792 ἥλιος
3349 2715 3453 2785 εἷς,
3502 2725 3602 2792 μία
3643 2735 3732 2772 σε-

2159 2816 2317 2886 λήνη,
2359 2815 2520 2884 φύσις
2549 2814 2792 2887 ἀστέρων
2828 2814 2947 2884 μία,
2985 2813 3082 2884 μία
3111 2831 3170 2868 τε
3203 2815 3296 2884 γῆ,
3328 2808 3410 2878 εἷς
3451 2814 3735 2885 ἄνθρωπος

2160 2909 2283 2961 ὅσον
2319 2910 2399 2971 εἰς
2421 2907 2614 2961 οὑσίαν
2635 2924 2647 2936 ·
2683 2906 3006 2959 καὶτούτων
3045 2906 3194 2960 οὐδὲν
3236 2905 3486 2976 ἀλλήλοις
3531 2909 3737 2960 ἐπικοι-

2158 3001 2318 3058 νωνεῖ
2348 2997 2491 3054 κατὰ
2507 2998 2600 3052 τὸν
2628 2998 2728 3068 τῆς
2754 2996 2967 3067 φύσεως
2995 2997 3173 3066 λόγον,
3197 2999 3245 3050 εί
3274 2999 3368 3051 καὶ
3393 2999 3528 3050 πᾶσι
3562 2998 3625 3050 τὸ
3651 3015 3739 3051 πε-

2156 3090 2413 3162 ποιῆσθαι
2440 3089 2637 3144 κοινόν.
2687 3088 2824 3143 Ἀλλ’
2849 3088 3003 3142 οὑδὲν
3025 3089 3084 3141 ὲν
3115 3090 3229 3151 τοῖς
3252 3089 3518 3158 κτίσμασι
3551 3089 3739 3158 φαίνε-

2153 3198 2244 3238 ται
2275 3178 2629 3251 δημιουργοῦ,
2657 3178 2794 3232 ἀλλὰ
2821 3177 3020 3249 μᾶλλον
3045 3180 3344 3250 προσκυνεῖ
3371 3179 3461 3234 τὸν
3482 3179 3547 3249 δη
3558 3196 3741 3249 μιουρ-

2155 3275 2250 3343 γὸν
2276 3273 2370 3327 τοῦ
2393 3271 2528 3326 Θεοῦ
2564 3272 2756 3340 Λόγον,
2789 3272 2881 3324 κα¹ι
2905 3269 3001 3322 τοῦ
3029 3267 3255 3341 ποιητοῦ
3289 3270 3385 3342 τὴν
3413 3268 3571 3334 δόξαν
3602 3271 3736 3324 ἀνα-

2157 3364 2276 3436 ϐοᾷ·
2313 3384 2330 3414 ι
2365 3365 2428 3417 Οἱ
2455 3362 2676 3434 οὑρανοὶ
2696 3362 3006 3432 διηγοῦνται
3035 3361 3191 3428 δόξαν
3210 3361 3368 3424 Θεοῦ,
3398 3363 3492 3416 καὶ
3519 3363 3736 3431 ποίησιν

2156 3456 2353 3528 χειρῶν
2384 3455 2547 3508 αὑτοῦ
2574 3454 2968 3524 άναγγέλλειτὸ
2988 3455 3327 3524 στερέωμα.»
3351 3455 3459 3506 Kal.
3488 3454 3738 3522 καθάπερ

2157 3553 2186 3604 6
2221 3551 2457 3622 Ἔσδρας
2501 3548 2664 3617 φησί·
2709 3567 2726 3600 ι
2764 3549 2920 3601 Πᾶσα
2958 3549 2990 3618 ἡ
3025 3550 3094 3618 γῆ
3144 3548 3242 3618 τὴν
3273 3545 3527 3618 ἀλήθειαν
3561 3545 3734 3608 καλεῖ,

2159 3641 2254 3695 καὶ
2277 3642 2305 3693 6
2332 3641 2558 3712 οὑρανὸς
2597 3640 2767 3710 αὐτὴν
2805 3640 3119 3710 προσκυνεῖ,
3159 3639 3252 3692 καὶ
3282 3637 3460 3691 πάντα
3489 3637 3557 3690 τὰ
3603 3637 3739 3707 ἔργα

2160 3734 2330 3804 αὑτὴν
2365 3735 2567 3786 σείεται
2607 3733 2700 3786 καὶ
2741 3733 2951 3802 τρέμει.
2993 3749 3011 3781 ι
3058 3730 3116 3784 ’0
3141 3730 3196 3783 δὲ
3219 3730 3346 3793 Υἱὸς
3377 3730 3508 3800 περὶ
3547 3728 3740 3782 ἑαυτοῦ

2160 3843 2357 3898 φησιν·
2393 3845 2409 3876 ι
2465 3825 2606 3893 Ἐγώ
2635 3826 2750 3896 είμι
2791 3826 2824 3894 ἡ
2865 3822 3115 3893 ἀλήθεια.
3165 3842 3184 3876 ι
3221 3823 3333 3876 Οὐκ
3371 3824 3478 3896 ἄρα
3531 3823 3742 3893 ποίημά

2161 3920 2330 3982 ἐστιν,
2355 3917 2475 3970 οὑδὲ
2525 3916 2730 3986 κτίσμα
2759 3915 2848 3968 διὰ
2874 3915 3030 3969 τοῦτο
3069 3914 3274 3979 κτίζειν
3311 3915 3628 3986 δυνάμενος,
3661 3915 3747 3978 ὅτι,

2163 4011 2239 4083 μὴ
2269 4011 2344 4074 ὡς
2376 4011 2435 4063 έν
2463 4010 2579 4062 ὲστι
2609 4008 2716 4062 τῶν
2749 4007 3088 4080 ποιημάτων,
3117 4006 3231 4060 ἀλλ’
3255 4007 3336 4059 ὅτι
3374 4005 3476 4076 τῆς
3504 4005 3596 4059 τοῦ
3628 4006 3740 4062 Πα-

2159 4105 2287 4175 τρὸς
2316 4105 2503 4167 οὐσίας
2528 4103 2658 4157 ίδιον
2681 4102 2939 4173 ὑπάρχων
2959 4101 3224 4172 γέννημα,
3254 4099 3374 4153 ὅλον
3401 4117 3461 4151 τε
3487 4102 3545 4152 ἐν
3566 4099 3747 4168 ἑαυτῷ

2161 4197 2423 4253 δεικνύων
2463 4197 2644 4262 αὑτὸν,
2676 4194 2790 4266 ἔχει
2834 4195 2929 4250 καὶ
2971 4194 3034 4249 τὸ
3066 4192 3322 4261 δύνασθαι
3373 4192 3577 4257 κτίζειν
3615 4192 3691 4255 ὡς
3719 4191 3747 4243 6

485 4291 597 4334 tum
624 4281 775 4335 illum
795 4281 847 4334 in
875 4280 1054 4348 seipso
1081 4281 1397 4344 ostendens,
1423 4279 1814 4350 habetquoque
1835 4277 2055 4336 creandi
2087 4301 2138 4367 ι)
2163 4289 2372 4362 Πατήρ.

485 4377 810 4442 potestatem
839 4377 897 4424 ut
919 4368 1100 4424 Pater.

1072 4483 1234 4557 ιω
1260 4482 1492 4540 ALIUD.

557 4602 612 4656 Si
643 4601 810 4656 Filius
837 4610 916 4656 est
945 4608 1219 4665 creatura,
1238 4608 1293 4655 ct
1317 4599 1575 4653 aduratur
1604 4609 1634 4649 a
1662 4593 1889 4665 reliquis
1905 4608 2061 4649 crea-

487 4694 643 4761 turis,
674 4693 799 4763 quia
828 4694 1102 4748 diversum
1126 4693 1253 4762 quid
1289 4691 1358 4746 ab
1392 4690 1460 4745 iis
1491 4687 1729 4752 exsistit,
1768 4699 1944 4757 neque
1977 4693 2063 4741 est

485 4787 636 4842 velut
665 4800 773 4844 una
806 4794 1204 4848 creaturarum,
1242 4783 1527 4854 oportebat
1560 4780 1725 4836 etiam
1755 4776 1878 4832 illas
1941 4792 1971 4832 a
1998 4791 2059 4834 se

486 4880 717 4934 invicem
749 4878 991 4941 adorari,
1024 4877 1150 4947 quia
1180 4876 1392 4932 diversa
1422 4874 1565 4930 inter
1595 4888 1656 4930 se
1703 4881 1900 4928 natura
1917 4887 2056 4942 prae-

487 4970 612 5024 ditas
640 4977 786 5024 sunt.
819 4967 1012 5040 Magna
1036 4968 1184 5022 enim
1213 4976 1297 5022 est
1325 4967 1378 5024 in
1421 4964 1685 5021 creaturis
1716 4961 2058 5020 diﬂ'erentia:

488 5067 542 5114 ct
575 5074 910 5128 unaquaeque
951 5058 1275 5129 peculiarem
1309 5071 1463 5113 suam
1495 5064 1743 5110 naturam
1788 5055 1906 5110 sive
1928 5068 2063 5124 qua-

489 5150 695 5204 litatem
725 5150 1089 5220 habet,neque
1121 5150 1172 5204 id
1212 5150 1391 5218 ipsum
1420 5155 1504 5204 est
1526 5147 1749 5204 omnino
1765 5147 1908 5216 quod
1933 5145 2061 5200 alia.

490 5239 644 5294 Nulla
675 5251 852 5295 tamen
887 5257 951 5295 ex
1020 5243 1087 5296 iis
1127 5242 1404 5307 adoratur,
1456 5241 1587 5311 quin
1639 5239 1817 5308 potius
1871 5251 2064 5292 omnes

491 5343 792 5390 creatorem
825 5331 1054 5396 Verbum
1085 5333 1179 5388 Dei
1215 5333 1463 5386 adorant.
1495 5331 1613 5386 Non
1643 5331 1811 5401 igitur
1839 5345 1975 5384 unus
1993 5343 2061 5385 ex

493 5423 760 5478 creaturis
789 5433 873 5478 est
901 5421 1091 5486 Filius,
1140 5437 1314 5493 neque
1350 5431 1623 5485 creatura,
1657 5429 1715 5475 ut
1751 5435 1846 5476 vos
1866 5420 2080 5489 opina-’

496 5513 644 5568 mini.
679 5515 796 5580 Quo
824 5524 982 5583 pacto
1007 5521 1149 5569 enim
1187 5517 1233 5569 is
1265 5514 1351 5584 qui
1399 5514 1679 5576 adoratur,
1728 5513 1782 5568 in
1838 5526 2065 5567 numero

567 5690 606 5724 ιι
639 5689 780 5742 ινδιξ,
819 5706 968 5754 χχιιι,
1002 5691 1054 5742 2.
1096 5692 1140 5721 ³³
1167 5689 1230 5741 lll
1259 5691 1409 5743 limli.
1443 5705 1513 5753 tr,
1545 5689 1631 5742 56.

2869 4491 3074 4546 ΜΛΟ.

2245 4606 2306 4657 Εί
2333 4605 2537 4675 κτίσμα
2572 4605 2719 4658 ἐστὶν
2741 4607 2769 4658 6
2795 4604 2943 4671 Υἱὸς,
2975 4604 3359 4674 προσκυνεῖται
3388 4603 3445 4656 δὲ
3467 4604 3619 4674 παρὰ
3639 4604 3747 4656 τῶν

2171 4691 2346 4745 ἄλλων
2393 4693 2728 4763 κτισμάτων,
2773 4693 2862 4747 διὰ
2899 4693 2960 4746 τὸ
2980 4694 3167 4763 ἕτερόν
3209 4711 3262 4747 τι
3297 4693 3564 4767 ὑπάρχειν
3613 4696 3747 4764 παρ’

2167 4780 2328 4847 αὐτὰ,
2375 4781 2469 4834 καὶ
2507 4779 2644 4836 εἶναι
2689 4781 2763 4852 μὴ
2795 4781 2871 4846 ὡς
2910 4781 2967 4835 ἓν
2992 4781 3100 4835 τῶν
3133 4783 3469 4853 κτισμάτων,
3505 4782 3612 4836 ἔδει
3643 4784 3744 4836 κὰ-

2171 4873 2326 4925 κεῖνα
2358 4871 2777 4943 προσκυνεῖσθαι
2807 4872 2939 4943 παρ’
2969 4873 3240 4941 ἀλλήλων,
3271 4873 3359 4927 διὰ
3395 4874 3456 4926 τὸ
3515 4873 3745 4943 ἐξηλλα-

2171 4964 2381 5037 γμένην
2414 4964 2556 5036 ἔχειν
2584 4965 2683 5037 τὴν
2708 4963 2869 5034 φύσιν
2903 4965 3038 5036 πρὸς
3062 4965 3286 5036 ἄλληλα.
3316 4964 3491 5038 Πολλὴ
3538 4965 3648 5035 γὰρ
3684 4965 3747 5018 ὲν

2171 5059 2282 5122 τοῖς
2309 5059 2607 5128 ποιήμασιν
2627 5060 2661 5128 ὴ
2688 5058 2922 5129 διαφορά
2939 5075 2952 5088 ·
2979 5059 3070 5111 καὶ
3097 5057 3241 5112 ἔστιν
3265 5059 3493 5112 ἕκαστον
3534 5057 3660 5112 ίδεῖν
3684 5058 3749 5110 ὲν

2174 5146 2450 5218 ίδιαξούσῃ
2505 5147 2664 5218 φύσει
2709 5149 2828 5218 ἦτοι
2879 5149 3144 5220 ποιότητι,
3185 5151 3277 5204 καὶ
3312 5149 3410 5221 οὑχ
3459 5149 3596 5220 ὅπερ
3627 5151 3751 5203 ἐστὶ

2170 5239 2388 5305 πάντως
2416 5239 2477 5292 τὸ
2521 5241 2724 5312 ἕτερον.
2763 5241 2901 5293 Ἀλλ’
2928 5241 3076 5295 οὐδὲν
3115 5243 3172 5295 ὲν
3204 5243 3384 5304 αὑτοῖς
3421 5242 3746 5312 προσκυνεῖ-

2169 5349 2277 5395 ται,
2310 5331 2487 5385 πάντα
2521 5332 2576 5384 δὲ
2606 5331 2695 5385 τὸν
2721 5331 3050 5402 δημιουργὸν
3077 5333 3166 5387 τοῦ
3210 5331 3345 5385 θεοῦ
3369 5332 3541 5399 Λόγον
3575 5348 3748 5401 προσ-

2171 5425 2340 5476 κυνεῖ.
2385 5425 2498 5477 Οὑκ
2528 5423 2634 5492 ἄρα
2679 5421 2736 5475 ἒν
2769 5422 2827 5488 ἐξ
2874 5424 3053 5478 αὐτῶν
3099 5427 3129 5477 6
3171 5425 3317 5489 Υἱὸς,
3346 5423 3471 5478 οὐδὲ
3515 5424 3746 5491 κτίσμα,

2173 5514 2293 5567 καθ’
2346 5516 2504 5584 ὑμᾶς.
2558 5513 2745 5568 Ἔσται
2798 5514 2906 5583 γὰρ
2957 5516 3095 5569 κατὰ
3137 5515 3253 5568 τίνα
3305 5514 3504 5584 τρόπον
3541 5513 3601 5566 ἐν
3632 5513 3753 5582 τοῖί

1716 5689 1757 5719 ⁹³
1781 5688 1935 5744 Joan.
1970 5705 2078 5758 xw,
2113 5691 2161 5742 6.
