4078 6260
373 321 480 380 εις)
1820 306 2258 366 THESAURUS.
3553 293 3661 351 250

375 435 798 508 προσκυνοῦσιν
837 432 868 486 6
915 431 1406 502 προσκυνούμενος,
1435 431 1494 484 ὲν
1524 431 1634 493 τοῖς
1676 426 1982 495 δοξολογοῦ-

2106 437 2269 477 :orum
2295 432 2521 489 ponatur
2545 416 2636 486 qui
2664 414 2914 476 adorant,
2940 422 3032 465 aut
3083 412 3173 480 qui
3227 410 3562 481 glorificatur
3592 411 3664 465 sit

376 501 464 581 σιν
496 528 528 579 6
568 501 1071 591 δοξολογούμενοςς
1099 501 1238 576 Πολῦ
1267 523 1379 592 γὰρ
1403 523 1462 574 ἐν
1491 521 1664 591 τούτῳ
1689 519 1749 571 τὸ
1773 517 1978 582 μεταξὺ

2106 531 2154 567 :x
2183 515 2252 566 iis
2281 511 2373 582 qui
2398 506 2727 580 glorificant?
2758 502 2985 556 Maxima
3020 502 3164 556 enim
3225 501 3372 553 inter
3425 501 3525 556 hos
3579 510 3665 553 est

375 618 477 678 καὶ
542 616 848 685 διάφορον,
909 614 1006 666 καὶ
1079 611 1142 666 τὸ
1214 612 1428 681 ἑκάστῳ
1487 609 1696 684 πρέπον
1750 609 1982 681 διορίζον

2106 604 2412 666 liﬂ'ercutia,
2436 597 2714 654 manifeste
2740 597 2790 649 id
2825 593 2966 663 quod
3000 593 3195 662 cuique
3231 593 3490 647 convenit
3544 593 3662 646 dis—

394 726 468 762 σα.
473 709 557 770 φῶ
565 725 594 770 ς
601 747 615 759 .

1097 792 1300 846 ΔΛΛΟ.

476 910 542 964 ΕΞ
574 911 781 978 κτίσμα
800 907 945 961 ἐστὶν
970 906 997 959 6
1022 906 1171 971 Υἱὸς,
1196 906 1374 958 πάντα
1406 905 1462 958 δὲ
1493 907 1520 958 6
1549 902 1734 977 Πατὴρ
1760 904 1986 979 ἐργάζευ

405 1019 496 1055 ται
535 1001 603 1053 δι’
652 997 836 1059 αὐτοῦ,
882 995 1042 1059 αὐτὸς
1088 994 1278 1048 ἑαυτὸν
1317 994 1426 1065 ἄρα
1458 997 1600 1047 ποιεῖ
1638 995 1733 1049 καὶ
1779 996 1979 1061 κτίζειο

407 1091 526 1145 ἀλλ’
559 1091 674 1142 ἔστι
704 1088 857 1141 τοῦτο
885 1087 1026 1138 νοεῖν
1054 1085 1160 1138 τῶν
1202 1085 1585 1139 ἀτοπωτάτων.
1629 1087 1751 1150 Πῶς
1782 1087 1892 1158 γὰρ
1923 1085 1984 1138 τὸ

411 1182 603 1251 μήπω,
653 1178 776 1231 καθ’
824 1177 994 1247 ὑμᾶς,
1042 1174 1122 1239 ὃν,
1159 1175 1319 1228 ἑαυτὸ
1358 1175 1610 1245 ποιήσεις
1663 1175 1872 1229 Οὐκοῦν
1921 1176 1983 1229 οὐ

409 1267 616 1337 κτίσμα
644 1266 810 1330 ἐστὶν,
837 1264 960 1318 οὐδὲ
989 1263 1220 1334 ποίημα,
1245 1263 1378 1316 ἀλλὰ
1405 1265 1602 1334 μᾶλλον
1630 1265 1730 1335 τῆς
1758 1264 1852 1319 τοῦ
1877 1267 1986 1320 Πα-

405 1358 533 1428 τρὸς
562 1356 748 1420 οὐσίας
780 1355 1020 1425 καρπὸς,
1059 1355 1194 1427 ἔχων
1219 1355 1294 1417 ὡς
1321 1354 1453 1418 Θεὸς
1481 1355 1543 1407 τὸ
1569 1354 1830 1409 δύνασθαι
1865 1355 1982 1408 κτί-

406 1447 519 1515 ζειν
547 1451 641 1505 καὶ
669 1452 865 1504 ποιεῖν.

1098 1561 1299 1615 AAAO.

483 1671 551 1725 Εἰ
587 1672 797 1741 κτίσμα
828 1670 970 1724 ἐστὶν
1001 1672 1030 1725 6
1064 1670 1209 1737 Υίὸς,
1237 1670 1352 1735 πῶς
1377 1673 1440 1725 ὲν
1474 1672 1624 1742 αὐτῷ
1665 1671 1905 1727 κείσεται
1927 1673 1989 1727 τὸ

2091 695 2363 766 tinguens.

2762 796 2988 855 ALIUD.

2159 918 2216 974 Si
2240 916 2407 972 Filius
2435 923 2517 969 est
2545 924 2819 977 creatura,
2851 922 2905 967 et
2927 911 3088 966 Pater
3128 909 3310 965 omnia
3359 923 3454 978 per
3485 903 3661 977 ipsum

2089 1017 2364 1078 operatur,
2393 1021 2522 1076 ergo
2544 1006 2625 1060 sui
2663 1004 2832 1074 ipsius
2855 1013 2938 1058 est
2973 1003 3143 1057 factor
3165 1011 3219 1055 et
3247 1009 3463 1056 creator
3493 1014 3505 1049 :
3565 995 3660 1049 sed

2091 1102 2192 1154 hoe
2221 1097 2303 1152 vel
2353 1096 2463 1151 sola
2532 1093 2859 1164 cogitatione
2891 1092 3342 1147 absurdissimum
3387 1099 3488 1144 est.
3521 1087 3664 1154 Quo-

2092 1192 2244 1246 modo
2265 1189 2407 1244 enim
2433 1187 2486 1241 id
2515 1185 2657 1256 quod
2687 1187 2948 1248 nondum,
2971 1182 3122 1253 juxta
3146 1181 3500 1246 vos,exsistit,
3519 1179 3661 1246 seip-

2090 1298 2209 1337 sutn
2237 1295 2424 1337 creare
2457 1276 2669 1346 possit?
2700 1274 2968 1343 Quocirca
3021 1290 3126 1327 non
3154 1284 3427 1334 creatura,
3495 1282 3668 1337 neque

2090 1389 2224 1444 Opus
2249 1381 2351 1437 est,
2392 1369 2482 1424 sed
2505 1369 2683 1438 potius
2711 1365 2917 1420 fructus
2969 1363 3218 1419 essentia:
3277 1361 3456 1417 Patris
3495 1403 3509 1429 ,
3569 1359 3664 1413 ha-

2092 1465 2246 1532 bens,
2281 1471 2336 1516 ut
2370 1460 2530 1524 Deus,
2559 1458 2865 1514 facultatem
2887 1455 3105 1512 creandi
3135 1463 3187 1508 et
3203 1451 3455 1510 faciendi.

2795 1566 3029 1624 ALIUD.

2174 1685 2230 1740 Si
2261 1684 2428 1740 Filius
2442 1694 2528 1739 est
2551 1692 3081 1752 creatura,quonant
3105 1690 3261 1751 pacto
3313 1676 3530 1732 creandi
3587 1674 3668 1728 fa-

425 1762 688 1818 δύνασθαι
730 1762 947 1827 κτίζειν,
975 1763 1068 1818 καὶ
1102 1763 1184 1826 εἰς
1211 1762 1273 1820 τὸ
1314 1759 1454 1817 εἶναι
1493 1765 1764 1834 παράγειν
1798 1764 1855 1830 ἐξ
1883 1765 1985 1817 οὐκ

2106 1779 2286 1834 :ultate
2335 1777 2598 1845 praeditus
2651 1775 2775 1839 erit,
2807 1784 2904 1828 aut
2948 1783 3230 1828 creaturas
3277 1785 3345 1825 ex
3401 1767 3570 1823 nihilo
3598 1766 3666 1819 ad

436 1853 606 1906 όντων
647 1852 714 1906 τά
755 1853 1042 1923 victimam;
1074 1854 1138 1912 Ei
1171 1852 1282 1925 γὰρ
1323 1853 1458 1918 ὅλως
1499 1853 1770 1923 ἐνδέχεται
1829 1855 1996 1924 φύσιν

443 1942 664 2012 γενητὴν
681 1944 741 1995 ἐκ
766 1941 856 1994 τοῦ
885 1943 960 2014 μὴ
979 1943 1134 2007 ὄντος
1159 1945 1240 2007 είς
1263 1943 1322 1997 τὸ
1343 1939 1483 2000 εἶναι
1503 1944 1802 2015 παράγειν,
1843 1944 1995 2001 ἔσται

436 2034 639 2101 δυνάμει
683 2033 992 2106 δημιουργὰ
1031 2037 1127 2090 καὶ
1159 2035 1232 2089 τὰ
1272 2035 1406 2092 ἄλλα
1453 2036 1754 2107 ποιήματα,
1809 2037 1906 2090 καὶ
1946 2038 1996 2090 εί

426 2125 579 2194 μήπω
604 2123 764 2179 τοῦτο
802 2126 893 2180 διὰ
923 2128 1022 2197 τῆς
1049 2127 1329 2198 ἐνεργείας
1371 2129 1563 2198 δρᾶται
1584 2145 1599 2159 ο
1632 2126 1824 2198 ὥσπερ
1855 2127 1996 2198 ἁμέ-

417 2215 489 2268 λει
518 2216 610 2269 καὶ
639 2216 669 2268 6
707 2220 844 2280 παῖς
873 2219 902 2270 6
942 2217 1199 2288 βραχεῖαν
1227 2217 1373 2284 ἄγων
1408 2217 1489 2270 ἐτι
1518 2218 1614 2288 τὴν
1641 2218 1879 2288 ἡλικίαν,
1908 2217 1998 2272 δυ-

409 2308 570 2378 νάμει
592 2309 704 2387 μὲν
739 2307 1180 2377 σπερματιστὴς,
1201 2307 1335 2360 καθὸ
1366 2309 1460 2362 καὶ
1483 2310 1620 2379 ἀνήρ
1659 2311 1827 2373 ἐστιν,
1849 2309 1998 2365 οὔπω

409 2397 471 2450 δὲ
514 2401 590 2468 τῇ
626 2397 909 2469 ἐνεργείᾳ.
939 2398 1014 2450 Τὸ
1056 2398 1112 2450 δὲ
1149 2397 1272 2468 ἔχον
1300 2416 1352 2451 τι
1393 2401 1652 2470 πεφυκὸς,
1683 2403 1782 2458 οὐκ
1809 2404 1874 2459 ἂν
1913 2405 1998 2458 λέ-

419 2506 581 2558 γοιτο
614 2488 692 2559 μὴ
723 2488 888 2558 ἔχειν,
923 2489 972 2541 εί
996 2490 1088 2543 καὶ
1116 2491 1284 2560 μήπω
1324 2490 1481 2545 τοῦτο
1503 2493 1746 2562 φαίνεται
1774 2513 1998 2567 κρυπτο-

418 2581 597 2652 μένης
627 2581 710 2632 ἔτι
745 2581 846 2650 τῆς
870 2580 1104 2651 φυσικῆς
1127 2582 1423 2653 ἐνεργείας,
1454 2584 1542 2639 διά
1563 2603 1680 2638 τινα
1705 2587 1996 2658 πρόφασιν,

415 2672 450 2742 ἢ
483 2670 573 2724 διὰ
613 2670 710 2724 τὸν
757 2670 970 2740 χρόνον.
1020 2671 1227 2724 Οὐκοῦν
1259 2671 1412 2727 ἔσται
1446 2673 1752 2746 δημιουργὲ
1798 2678 1892 2730 καὶ
1930 2679 2000 2733 τά

420 2764 556 2820 ἄλλα
580 2763 886 2834 ποιήματα,
917 2765 1009 2816 καὶ
1037 2763 1097 2817 τὸ
1117 2766 1367 2835 περιττὸν
1396 2766 1546 2821 οὐδὲν
1571 2769 1628 2821 ὲν
1661 2768 1800 2841 Θεῷ.
1841 2770 2002 2823 Ἀλλὰ

423 2857 580 2916 τοῦτο
603 2857 824 2911 ἄτοπον.
850 2857 1016 2911 Οὐδὲν
1047 2857 1154 2930 γάρ
1178 2857 1286 2911 τῶν
1315 2860 1635 2930 ποιημάτων
1655 2863 1997 2936 δημιουργεῖ.

424 2951 536 3003 Οὐκ
572 2949 683 3020 ἄρα
719 2950 925 3020 κτίσμα
967 2951 1114 3005 ἐστὶν
1136 2953 1164 3006 6
1194 2953 1341 3018 Υἱὸς,
1369 2954 1436 3008 δι’
1474 2949 1534 3010 οὗ
1573 2956 1642 3009 τὰ
1669 2957 1848 3012 πάντα
1876 2958 2002 3027 ὲγέ-

424 3059 562 3108 νετο,
591 3042 677 3096 ἵνα
726 3042 804 3115 μὴ
833 3043 893 3098 τὺ
932 3044 1063 3099 αὐτὸ
1106 3043 1364 3116 φαίνηται
1397 3045 1582 3102 ποιοῦν
1613 3049 1709 3102 καὶ
1748 3041 2006 3120 ποιούμε-

2093 1885 2212 1928 esse
2251 1871 2534 1925 traducere
2559 1869 2795 1940 μικθήιῖ
2829 1867 2886 1922 Si
2916 1867 3063 1922 enim
3099 1867 3321 1921 omnino
3344 1860 3458 1916 ﬁeri
3489 1866 3669 1928 patest

2094 1974 2152 2020 ut
2183 1972 2375 2016 natura
2402 1971 2584 2016 creata
2605 1975 2671 2015 ex
2728 1958 2900 2014 nihilo
2939 1957 3008 2012 ad
3058 1971 3183 2012 esse
3213 1953 3482 2014 traducat,
3505 1954 3671 2002 erunt

2093 2055 2255 2108 etiam
2283 2052 2505 2120 reliqua
2535 2060 2802 2106 creatura
2832 2047 3073 2115 potentia
3099 2043 3421 2104 creatrices,
3454 2035 3667 2093 tametsi

2096 2146 2147 2200 id
2175 2146 2409 2200 nondum
2439 2153 2561 2200 actu
2581 2157 2702 2198 esse
2773 2140 3142 2212 conspiciatur
3170 2156 3185 2194 :
3218 2130 3669 2206 quemadmodum

2098 2235 2209 2292 fere
2241 2251 2376 2304 puer
2404 2237 2458 2290 in
2476 2245 2660 2290 tenera
2689 2233 2865 2290 adhuc
2913 2241 3097 2297 aetate,
3159 2224 3403 2299 potentia
3450 2222 3671 2293 quidem

2096 2330 2400 2385 seminosus
2421 2337 2528 2392 est,
2565 2333 2752 2395 utpote
2771 2324 2863 2393 qui
2899 2337 3017 2378 mas
3043 2328 3145 2384 est,
3177 2328 3298 2372 actu
3354 2330 3480 2368 vero
3538 2325 3676 2364 non-

2097 2420 2246 2476 dum.
2279 2418 2432 2485 Quod
2465 2425 2645 2470 autem
2667 2413 2875 2483 aliquid
2911 2409 3134 2465 insitum
3165 2407 3265 2461 sibi
3320 2404 3502 2466 habet,
3567 2413 3674 2452 non

2099 2511 2296 2567 dicitur
2344 2525 2448 2564 non
2495 2509 2720 2574 habere,
2786 2503 3002 2560 tametsi
3051 2501 3104 2556 id
3135 2499 3370 2555 nondum
3397 2500 3675 2565 appareat,

2099 2602 2297 2657 latente
2329 2601 2505 2656 adhuc
2526 2597 2759 2653 naturali
2823 2595 3140 2667 operatione
3185 2599 3404 2661 proliter
3438 2586 3675 2653 aliquam

2099 2693 2460 2759 occasionem,
2482 2691 2564 2746 vel
2591 2699 2812 2760 propter
2837 2696 3069 2758 tempus.
3098 2683 3269 2738 Erunt
3303 2681 3468 2752 igitur
3523 2690 3679 2729 crea-

2104 2790 2263 2845 trices
2284 2790 2447 2842 etiam
2491 2788 2714 2856 reliquae
2758 2792 3044 2847 creaturae,
3111 2778 3353 2848 nihilque
3407 2771 3679 2828 excellens

2101 2892 2188 2937 est
2222 2883 2273 2935 in
2307 2881 2435 2940 Deo.
2463 2879 2734 2933 Caeterum
2767 2873 3064 2930 absurdum
3095 2872 3198 2926 hoc
3227 2879 3330 2923 est.
3365 2865 3515 2920 Nulla
3534 2863 3678 2916 enim

2103 2983 2474 3030 creaturarum
2511 2968 2730 3024 creandi
2764 2966 3078 3020 facultatem
3109 2963 3292 3017 habet.
3338 2957 3508 3012 Filius
3551 2967 3682 3024 ergo

2106 3071 2356 3118 creatura
2381 3074 2486 3114 non
2516 3066 2620 3122 est,
2663 3070 2758 3126 per
2808 3068 2968 3124 quem
3025 3050 3205 3106 omnia
3261 3047 3404 3101 facta
3426 3053 3574 3110 sunt,
3614 3057 3682 3096 ne

426 3151 532 3198 νον,
579 3134 764 3200 κτίςον
807 3137 905 3191 καὶ
944 3138 1290 3208 κτιζόμενονο
1321 3138 1452 3204 Θεὸς
1484 3140 1542 3194 δὲ
1571 3140 1772 3212 μᾶλλον
1836 3143 1911 3206 ὡς
1939 3143 2004 3198 ὲκ

2109 3155 2248 3210 idem
2277 3167 2396 3209 esse
2443 3123 2712 3214 videatur,
2761 3123 2968 3202 faciens
3020 3150 3076 3199 et
3124 3139 3344 3202 factum,
3399 3149 3593 3191 creaus
3628 3141 3684 3189 et

427 3227 557 3292 θεοῦ
588 3229 684 3282 καὶ
711 3229 948 3301 Πατρός.

476 3431 682 3496 AAAO,
706 3431 857 3500 μετὰ
885 3431 1250 3502 συμπλοκῆς
1277 3432 1480 3504 ἐτέρου
1511 3436 1957 3507 συλλογισμοῦ.

497 3543 562 3598 Εἰ
591 3545 798 3614 κτίσμα
846 3545 994 3600 ἐστὶν
1021 3548 1050 3599 6
1081 3546 1230 3612 Υἱὸς,
1255 3547 1371 3610 πῶς
1405 3547 1566 3611 αὐτὸς
1595 3549 1757 3618 μόνος
1795 3550 2009 3605 ἀποκα-

431 3637 620 3692 λύπτει
655 3637 751 3690 τὸν
781 3637 1020 3709 Πατέρα,
1052 3638 1163 3694 τῶν
1191 3638 1368 3693 ἄλλων
1392 3640 1710 3711 κτισμάτων
1736 3642 1838 3695 οὐκ
1858 3642 2011 3712 ἐχόν-

435 3747 540 3784 των
571 3729 728 3784 τοῦτο
761 3732 963 3795 ποιεῖνς
993 3731 1118 3794 Πῶς
1145 3730 1207 3787 δὲ
1231 3731 1390 3802 μόνος
1416 3733 1445 3786 6
1473 3732 1604 3796 Υἱὸς
1634 3731 1894 3801 γινώσκει
1917 3733 2012 3787 τὸν

438 3819 672 3890 Πατέρα,
716 3819 826 3874 τῶν
873 3819 1048 3874 ἄλλων
1093 3821 1415 3892 ποιημάτων
1457 3823 1559 3876 οὐκ
1606 3821 1822 3876 εἰδότων
1871 3823 2010 3893 ὅπερ

441 3910 614 3977 ἑστίη
654 3929 671 3963 t
712 3911 899 3974 Οὐδεὶς
926 3910 1064 3983 γὰρ,
1089 3912 1244 3982 φησὶ,
1274 3911 1532 3981 γινώσκει
1561 3911 1645 3976 τίς
1679 3914 1871 3966 tame
1909 3913 2012 3965 Πα-

363 4051 375 4060 ,
437 4002 540 4072 τηρ
590 4004 640 4058 εἰ
692 4003 767 4074 μὴ
793 4005 822 4058 ὁ
855 4003 1000 4070 Υίδς,
1032 4005 1129 4058 καί
1181 4000 1227 4072 ᾧ
1253 4003 1319 4059 ἂν
1361 4007 1390 4058 ό
1419 4005 1547 4069 Υἱὸς
1602 4005 1950 4080 ἀποκαλύψῃ.
1986 4024 2005 4058 ι

439 4097 562 4161 Πῶς
579 4096 646 4150 δὲ
672 4096 807 4151 Θεὸν
835 4095 1062 4166 μηδενὸς
1081 4096 1385 4166 ἑωρακότος
1409 4096 1653 4161 πώποτε,
1677 4097 1821 4151 καθά
1847 4114 2011 4168 φησιν

433 4190 464 4242 6
516 4189 931 4260 εὐαγγελιστὴς,
968 4187 1154 4258 βλέπει
1201 4188 1363 4258 μόνος
1398 4191 1429 4241 6
1482 4187 1643 4252 Υἱός;
1699 4189 2011 4259 Γέγραπται

437 4281 543 4352 γάρ
579 4281 684 4350 οὐχ
717 4282 802 4332 ὅτι
855 4279 946 4333 τὸν
986 4278 1202 4350 Πατέρα
1228 4295 1314 4342 τις
1363 4277 1629 4348 ἑώρακεν,
1655 4279 1704 4330 εἰ
1748 4280 1824 4348 μὴ
1858 4279 1888 4330 6
1935 4278 2012 4334 ὢν

437 4373 589 4444 παρὰ
619 4370 720 4425 τοῦ
752 4369 996 4442 Πατρός;
1023 4370 1232 4426 Οὐκοῦν
1261 4372 1311 4424 εί
1360 4371 1522 4441 μόνος
1553 4373 1583 4424 6
1621 4370 1746 4434 Υἱὸς
1785 4372 1889 4443 ὁρᾷ
1917 4374 2012 4426 καὶ

2107 3253 2348 3303 creatum
2384 3262 2398 3299 :
2433 3253 2489 3297 at
2536 3241 2717 3315 potius
2772 3238 2936 3306 Deus,
2984 3242 3169 3306 utpote
3215 3247 3278 3287 ex
3333 3230 3440 3285 Deo
3481 3236 3537 3283 et
3582 3225 3684 3280 Pa-

2111 3344 2213 3389 tre.

2214 3444 2447 3512 ALIUD,
2482 3460 2602 3498 cum
2634 3443 2955 3498 connexion
2987 3439 3208 3495 alterius
3260 3437 3571 3509 syllogismi.

2180 3559 2234 3614 Si
2263 3558 2432 3613 Filius
2461 3567 2545 3614 est
2576 3566 2850 3622 creatura,
2890 3555 3162 3624 quomodo
3190 3553 3304 3622 ipse
3339 3551 3489 3606 solus
3527 3562 3680 3602 reve—

2111 3650 2184 3704 lat
2207 3651 2443 3712 Patrem,
2475 3651 2616 3719 quod
2647 3657 2854 3704 caetera:
2872 3657 3135 3702 creatura:
3161 3644 3345 3698 facere
3368 3638 3685 3712 nequeunt?

2109 3740 2214 3793 Aut
2242 3740 2510 3808 quomodo
2539 3739 2685 3794 solus
2715 3739 2884 3794 Filius
2931 3735 3210 3805 cognoscit
3271 3733 3510 3796 Patrem,
3563 3728 3687 3784 cum

2113 3831 2332 3898 reliqua:
2356 3840 2620 3885 creatura:
2651 3830 2896 3885 nesciant
2926 3829 3049 3898 quis
3096 3825 3202 3880 sit?
3241 3842 3261 3875 ι
3300 3823 3468 3876 Nemo
3519 3821 3687 3880 enim,

2115 3917 2273 3994 149
2324 3921 2519 3989 inquit,
2541 3919 2690 3972 novit
2714 3918 2928 3972 Patrem
2962 3916 3064 3969 nisi
3098 3913 3293 3972 Filius,
3343 3917 3396 3963 et
3458 3909 3542 3960 cui
3611 3905 3692 3959 Fi-

2110 4011 2212 4065 lius
2237 4010 2555 4064 revelaverit
2582 4008 2652 4062 “.
2688 4025 2710 4060 ι
2747 4007 2866 4072 Quo
2887 4013 3044 4072 pacto
3064 4014 3218 4063 vero,
3243 4013 3363 4051 cum
3395 3996 3560 4049 Deum
3593 4009 3690 4049 ne-

2112 4116 2200 4155 mo
2235 4100 2432 4155 viderit
2463 4111 2722 4166 unquam.
2761 4096 2905 4150 sicut
2967 4075 3045 4147 ait
3072 4088 3407 4158 evangelista
3439 4087 3507 4149 ",
3545 4087 3695 4141 solus

2110 4192 2281 4248 Filius
2299 4190 2480 4248 videt?
2503 4187 2694 4242 Nonne
2722 4185 2868 4242 enim
2921 4185 3181 4254 scriptum
3206 4189 3289 4237 est
3315 4182 3385 4248 ’°,
3417 4199 3436 4232 ι
3475 4180 3692 4235 Patrem

2112 4299 2272 4340 nemo
2297 4283 2433 4338 vidit
2453 4278 2826 4351 unquam,nisi
2849 4277 2941 4348 qui
2965 4287 3136 4333 estex
3156 4274 3358 4329 Patre?
3382 4293 3400 4327 ι
3428 4273 3692 4341 Quocirca

2113 4374 2158 4427 si
2192 4373 2342 4429 solus
2375 4371 2560 4426 Filius
2589 4370 2732 4426 videt
2761 4376 2816 4425 et
2841 4367 3120 4440 cognoscit
3145 4366 3384 4431 Patrem,
3409 4367 3694 4436 ipsumque

441 4463 703 4533 γινώσκει
721 4462 813 4516 τὸν
836 4462 1075 4534 Πατέρα,
1089 4463 1184 4517 καὶ
1195 4461 1573 4517 ἀποκαλύπτει
1591 4462 1771 4529 αὐτὸν,
1790 4464 1889 4516 οὐκ
1905 4463 2004 4533 ἄρα

2116 4466 2318 4521 revelat
2355 4481 2370 4519 :
2402 4481 2510 4520 non
2537 4464 2699 4532 igitur
2716 4471 2963 4518 creatura
2998 4468 3106 4524 est,
3150 4459 3244 4514 sed
3305 4458 3582 4527 proprium
3620 4456 3694 4521 ip-

441 4552 651 4622 κτίσμα
686 4552 850 4617 εστὶν,
885 4551 999 4607 ἀλλ’
1025 4552 1154 4616 ῐδιος
1179 4553 1344 4608 αὑτοῦ
1364 4553 1557 4622 Λόγος,
1594 4555 1730 4625 ὅπερ
1756 4556 1903 4610 ἐστὶν
1925 4556 2016 4611 αύ-

437 4645 532 4709 τὺς
551 4643 694 4698 κατὰ
729 4643 920 4714 φύσιν·
954 4644 1116 4698 τοῦτο
1155 4645 1420 4715 ὑπάρχειν
1455 4643 1609 4709 εἰδὼς
1649 4647 1742 4700 καὶ
1774 4647 1866 4701 τὸν
1891 4645 2014 4700 ὅθεν

438 4735 766 4805 ἐϐλάστησε,
804 4735 1045 4805 Πατέρα,
1089 4735 1184 4791 καὶ
1213 4735 1270 4788 ἐν
1309 4734 1488 4805 ἑαυτῷ
1521 4735 1780 4791 δεικνύων
1828 4736 2014 4800 αὐτὸν,

439 4827 615 4881 καίτοι
651 4827 764 4881 τῶν
812 4825 990 4882 ἄλλων
1035 4825 1350 4896 κτισμάτων
1396 4827 1457 4880 ού
1508 4827 1820 4896 δυναμένων
1858 4826 2018 4881 τοῦτο

439 4921 626 4971 ποιεῖν.
668 4917 745 4971 Οὐ
782 4918 890 4990 γὰρ
918 4919 976 4972 ἐν
1022 4919 1136 4981 τοῖς
1183 4919 1480 4989 ποιήμασιν
1521 4921 1554 4988 ἡ
1604 4919 1700 4972 τοῦ
1735 4919 2014 4983 ποιοῦντος

436 5007 693 5078 ὁμοιότης
721 5007 975 5072 σώζεται,
1005 5008 1126 5062 οὐδὲ
1154 5007 1212 5062 ὲν
1230 5011 1339 5072 τοῖς
1365 5011 1612 5080 γενητοῖς
1642 5011 1670 5061 ὁ
1699 5009 2011 5078 ἀγέννητος,

441 5100 558 5153 οὐδὲ
589 5101 649 5152 ἐν
676 5103 786 5164 τοῖς
815 5102 880 5154 ἐκ
918 5100 1012 5154 τοῦ
1042 5100 1116 5172 μὴ
1160 5101 1310 5165 ὄντος
1346 5105 1425 5164 εἰς
1452 5101 1513 5154 τὸ
1551 5097 1689 5154 εἶναι
1731 5101 2017 5172 παρηγμέ-

443 5208 554 5254 νοις
583 5193 611 5243 6
642 5193 727 5246 ἀεὶ
766 5193 860 5246 καὶ
897 5193 1160 5256 ὡσαύτως
1183 5192 1258 5246 ὢν
1293 5192 1646 5263 όραθήσεται.
1676 5191 1927 5244 Φαίνεται
1960 5192 2017 5244 δὲ

444 5285 503 5335 ὲν
529 5281 640 5354 Υίῷ
657 5300 670 5314 ·
698 5283 811 5338 ἔστι
833 5283 943 5354 γὰρ
959 5282 1124 5337 εἰκὼν
1149 5282 1567 5353 ἀπαράλλακτος
1587 5281 1773 5334 αὑτοῦ.
1797 5282 2020 5352 Ὅμοιος

442 5369 534 5428 οὖν
582 5375 702 5428 κατ’
742 5375 935 5429 οὐσίαν
993 5375 1111 5428 ἐστὶ
1148 5375 1240 5429 τοῦ
1289 5371 1521 5443 Πατρὸς,
1557 5374 1617 5426 οὐ
1667 5373 1870 5444 κτίσμα
1925 5378 2020 5430 καὶ

441 5464 668 5535 ποίημα.
711 5465 938 5535 Ἐπειδὴ
969 5464 1174 5518 τούτων
1204 5464 1354 5517 οὐδέν
1390 5464 1536 5516 ἐστιν
1575 5463 1603 5514 6
1634 5461 1842 5532 Πατὴρ,
1887 5464 2020 5534 πρὸς

441 5553 500 5608 ὃν
534 5555 628 5609 καὶ
666 5573 733 5627 με
741 5557 1052 5627 μόρφωται.

517 5729 772 5800 "Matth.
810 5747 888 5797 st,
929 5732 1021 5784 27.
1096 5730 1312 5786 "Joau.
1354 5745 1392 5793 ι,
1428 5726 1512 5781 18.
1589 5724 1808 5782 “loan.
1837 5740 1905 5789 γι,
1933 5725 2028 5796 46,

2119 4558 2234 4614 sius
2280 4558 2536 4623 Verbum,
2579 4557 2722 4626 quod
2749 4555 2970 4624 quidem
3022 4560 3108 4607 est
3149 4551 3264 4620 ipse
3323 4549 3690 4604 naturaliter:

2123 4649 2224 4702 hoc
2249 4647 2411 4701 etiam
2438 4646 2701 4701 exsistere
2722 4645 2903 4699 sciens
2935 4656 3062 4698 eunt
3087 4654 3119 4692 a
3167 4654 3273 4708 quo
3323 4637 3567 4706 procedit
3595 4633 3696 4686 Pa-

2117 4747 2280 4799 ιτθων
2314 4743 2370 4788 et
2400 4735 2452 4788 in
2483 4736 2662 4804 seipso
2691 4749 2817 4789 eum
2843 4733 3285 4794 ostendens,cum
3311 4736 3518 4780 caetera:
3540 4737 3696 4776 crea-

2115 4837 2249 4880 tura:
2280 4825 2330 4877 id
2369 4836 2627 4893 praestare
2658 4842 2762 4882 non
2792 4827 3024 4894 possint.
3057 4821 3246 4889 Neque
3291 4819 3438 4869 enim
3467 4816 3694 4868 increa-

2120 4917 2259 4971 turis
2281 4918 2548 4971 creatoris
2581 4916 2880 4970 similitudo
2914 4921 3187 4973 servatur,
3248 4921 3422 4975 neque
3474 4904 3696 4958 factoris

2120 5009 2172 5062 itt
2203 5008 2269 5061 iis
2301 5019 2418 5075 quae
2446 5006 2586 5061 facta
2623 5015 2785 5064 sunt:
2821 5004 3066 5074 nequein
3095 5001 3161 5054 iis
3183 5014 3302 5069 qua:
3335 5013 3398 5049 ex
3428 4996 3597 5049 nihilo
3630 4996 3694 5046 ad

2121 5113 2243 5154 esse
2272 5098 2514 5151 traducta
2545 5096 2760 5161 sunl,is
2807 5095 2898 5162 qui
2959 5106 3172 5160 semper
3218 5089 3515 5157 eodemque
3540 5087 3698 5140 modo

2124 5187 2362 5250 exsistit,
2402 5185 2664 5241 cernitur.
2684 5181 2940 5238 Cernitur
2969 5179 3218 5232 autemiu
3236 5175 3370 5231 Filio
3404 5192 3419 5228 :
3447 5184 3528 5227 est
3551 5173 3695 5226 enim

2123 5280 2428 5335 omnimoda
2459 5279 2629 5350 ipsius
2670 5279 2868 5343 imago.
2919 5271 3123 5326 Similis
3167 5274 3349 5341 itaque
3401 5267 3695 5322 secundum

2126 5372 2420 5426 essentiam
2446 5380 2530 5426 est
2586 5366 2757 5429 Patri,
2811 5379 2915 5417 non
2969 5379 3103 5432 opus
3147 5376 3241 5418 aut
3296 5370 3562 5416 creatura.
3612 5357 3698 5410 Si-

2125 5464 2340 5533 quidem
2370 5464 2508 5523 niltil.
2529 5465 2723 5519 horum
2754 5465 2838 5512 est
2862 5455 3042 5510 Pater.
3076 5457 3227 5528 cujus
3272 5454 3556 5522 imaginem
3616 5465 3699 5504 re-

2129 5557 2252 5610 fert.
