4078 6260
430 338 527 394 231

1426 332 1484 389 S.
1527 329 1798 388 CYRILLI
1840 324 2309 382 ALEXANDRINI
2350 324 2669 382 ARCHIEP.

3531 311 3544 321 ’
3593 322 3702 378 252

426 452 832 528 Demonstratur
871 471 961 526 per
995 454 1377 528 observationes
1421 469 1485 506 ea:
1528 467 1680 528 sacra
1715 448 1978 512 Scriptura

2109 444 2530 528 uadqeté‘tcfé
2559 445 2978 528 ὲπιτηρήσεωγ
2999 440 3318 528 γραφικῷν,
3341 441 3430 494 ὅτι
3450 441 3532 528 (ἒς
3557 440 3700 528 Θερς

491 527 701 595 petitas,
755 520 893 595 quod
935 526 1081 579 nulla
1128 534 1492 578 creaturarum
1519 520 1794 595 adoretur
1839 520 1992 595 quasi

501 594 637 664 item
667 587 695 648 ε.
715 587 953 664 quodque
975 613 1034 649 ea
1063 611 1179 663 qute
1207 594 1430 648 adorant
1460 591 1677 644 adorari
1703 599 1792 642 aut
1829 587 1994 656 glori-

492 662 647 732 ﬁcari
678 662 780 719 nun
813 662 1121 720 sustineant.

499 774 692 830 Petrus
751 775 1062 831 Cornelium
1103 776 1418 829 adorantem
1462 786 1521 826 se
1554 770 1802 841 prohibet
1837 779 1998 836 atque

425 876 595 932 arcet,
621 868 805 923 dicens
835 885 878 921 ει
901 867 978 923 Ne
997 867 1160 921 facias
1177 884 1192 933 ;
1212 881 1335 919 nam
1358 873 1411 918 et
1431 879 1530 935 ego
1546 878 1664 918 sum
1689 862 1849 916 homo
1867 862 1989 914 ⁸⁸⁸.»

424 959 660 1031 Angelus
711 960 870 1014 etiam
919 960 968 1011 in
1006 957 1325 1028 Apocalypsi
1373 954 1638 1010 Joannem
1681 954 1995 1008 adorantem

422 1066 481 1107 se
524 1054 787 1120 increpat,
836 1051 1067 1105 dicens:
1113 1069 1131 1101 ‹
1165 1051 1308 1104 Cave
1342 1064 1410 1104 ne
1462 1047 1648 1109 facias,
1701 1058 1996 1120 conservus

420 1141 561 1194 enim
595 1119 717 1194 tuus
767 1155 906 1204 sum,
957 1150 1012 1195 et
1055 1141 1282 1194 fratrum
1322 1150 1534 1194 tuorum
1585 1119 1992 1208 prophetarum,

417 1239 678 1286 eteorum
699 1233 791 1304 qui
824 1233 1323 1288 custodiuntverba
1347 1232 1469 1286 libri
1495 1231 1652 1301 hujus
1671 1231 1737 1282 97.
1765 1249 1784 1282 ι
1807 1227 1994 1282 Manoe

417 1336 632 1391 quoque
669 1330 876 1390 patrem
915 1321 1258 1390 Sampsonis,
1291 1320 1620 1375 sacrificium
1652 1317 1990 1381 offerentem,

416 1413 641 1482 angelus
675 1411 967 1480 prohibuit,
1000 1412 1226 1466 dicens:
1260 1429 1279 1462 ι
1307 1409 1362 1466 Si
1390 1411 1723 1466 sacriﬁcabis
1757 1410 1992 1473 haedum,

416 1503 644 1558 Domino
677 1501 1014 1558 saerifieabis
1047 1519 1171 1559 eum
1194 1504 1264 1557 ’⁸.
1294 1522 1312 1556 ›
1345 1503 1418 1558 De
1451 1503 1587 1558 Filio
1635 1511 1813 1556 autem
1859 1500 1994 1555 seri-

414 1604 560 1663 ptum
587 1601 710 1649 est:
747 1614 766 1647 ι
802 1595 1040 1651 Adorent
1067 1609 1189 1649 eum
1222 1609 1410 1650 omnes
1438 1595 1614 1664 angeli
1649 1593 1742 1649 Dei
1783 1593 1850 1646 ’9.
1884 1610 1902 1643 ι
1936 1589 1991 1644 lu

397 1672 546 1738 Isaia
578 1685 835 1754 scriptum
864 1695 948 1741 est
981 1704 996 1741 :
1037 1705 1056 1738 ι
1093 1683 1152 1740 in
1193 1695 1242 1742 te
1265 1686 1591 1751 adorabunt,
1618 1696 1671 1741 et
1700 1685 1753 1740 in
1791 1693 1844 1739 te
1868 1692 1991 1738 vota

411 1776 630 1832 facient.
665 1775 744 1830 Tu
778 1778 921 1831 enim
958 1793 1018 1832 es
1063 1779 1225 1842 Deus,
1260 1789 1314 1834 et
1358 1779 1703 1844 nescivimus,
1741 1777 1883 1831 Deus
1913 1774 1990 1830 ls-

412 1873 522 1927 rael
569 1872 828 1929 Servator
875 1875 915 1930 ⁸.
950 1895 968 1926 ο
1018 1875 1202 1930 Fuerit
1249 1885 1430 1928 autem
1464 1872 1834 1927 verisimiliter
1878 1871 1992 1925 haec

411 1979 513 2018 vox
556 1979 743 2019 eorum
775 1965 865 2036 qui
909 1981 972 2020 ex
1007 1966 1256 2037 gentibus
1292 1965 1469 2020 vocati
1515 1971 1660 2028 sunt,
1687 1964 1778 2035 qui
1823 1963 1987 2017 Deum

407 2056 661 2124 deinceps
688 2067 1073 2127 cognoverunt.
1113 2057 1169 2111 Si
1215 2071 1343 2112 vero
1370 2055 1562 2110 Filium
1596 2064 1990 2126 cognoscentes

405 2147 573 2201 Deum
609 2157 1002 2219 cognoverunt,
1038 2160 1092 2204 et
1114 2155 1370 2218 tanquam
1404 2150 1574 2204 Deum
1605 2149 1857 2213 adorant,
1883 2162 1988 2201 non

405 2238 568 2309 igitur
613 2250 863 2294 creatura
916 2249 1034 2306 est,
1082 2247 1163 2296 ne'
1209 2250 1398 2312 gentes
1451 2249 1758 2298 creaturam
1808 2240 1988 2311 potius

401 2342 563 2395 quam
591 2327 905 2385 Creatorem
940 2332 1118 2386 colere
1140 2331 1429 2386 videantur

1078 2529 1311 2587 ALIUD.

469 2641 720 2697 Christus
748 2641 815 2696 ad
849 2641 1143 2711 discipulos
1175 2657 1306 2698 suos
1343 2643 1411 2699 ita
1443 2642 1517 2697 ait
1553 2666 1564 2696 :
1598 2663 1616 2692 ‹
1645 2639 1757 2695 Vos
1780 2642 1984 2696 vocatis

398 2748 507 2797 me,
556 2733 836 2795 Dominus,
897 2744 950 2787 et
997 2733 1275 2804 Magister,
1303 2744 1356 2788 et
1389 2743 1536 2788 recte
1587 2735 1768 2788 dicitis
1809 2752 1822 2788 :
1861 2750 1981 2788 sum

396 2824 539 2878 enim
564 2823 604 2875 ².
643 2841 662 2876 ι
697 2821 900 2877 Deinde
927 2822 1166 2879 Thomas
1203 2824 1272 2876 ita
1303 2823 1368 2878 ad
1402 2823 1578 2893 ipsum
1616 2824 1744 2878 dicit
1773 2843 1784 2878 :
1825 2843 1843 2875 ι
1874 2824 1982 2878 De-

395 2915 577 2970 minus
625 2929 796 2979 meus,
835 2924 888 2968 et
940 2915 1079 2969 Deus
1120 2913 1344 2979 meus';
1383 2931 1402 2965 ι
1439 2929 1614 2983 neque
1646 2925 1820 2969 tamen
1855 2931 1981 2984 pro-

397 3006 590 3074 hibuit,
651 3023 719 3063 ne
769 3007 1066 3077 discipulus
1115 3006 1166 3062 id
1233 3006 1470 3074 diceret,
1526 3007 1977 3076 quemadmodum

394 3100 569 3172 angeli
614 3101 844 3156 sanctis.
893 3101 1176 3155 Psalmista
1209 3102 1372 3156 etiam
1413 3120 1426 3156 :
1465 3121 1482 3153 ι
1523 3102 1780 3154 Thrnuus
1829 3112 1974 3166 tuus,

2173 514 2356 569 οὐδὲν
2386 513 2506 567 τῶν
2541 509 2883 581 κτισμάτων
2908 509 3336 580 προσκυνεῖται
3361 526 3374 540 ·
3408 512 3548 564 οὔτε
3569 509 3698 581 μὴν

2170 579 2691 719 ῗρὲσῖυνούῧενα
2747 579 3024 651 ἀνέχεται
3093 581 3570 649 προσκυνεῖσθαι
3655 579 3693 649 ἢ

2210 672 2240 706 o
2283 672 2314 706 ο
2359 669 2527 719 ογεισ
2565 670 2645 707 αι.

2210 669 2645 722 οςοκογεισσαι.

2181 765 2239 819 ’0
2271 765 2543 837 μακάριος
2572 765 2779 836 Πέτρος
2813 763 3229 835 προσκυνοῦντα
3253 763 3344 816 τὸν
3368 760 3690 833 Κορνήλιον,

2095 857 2384 912 διακωλύει
2408 857 2610 926 λέγων·
2638 875 2656 908 ι
2684 857 2775 926 Μὴ
2806 856 2970 909 ποίει·
2993 855 3087 908 καὶ
3119 855 3227 927 γὰρ
3265 853 3379 922 ἐγὼ
3407 854 3692 924 ἅνθρωπός

2097 949 2236 1020 εἰμι.
2270 968 2287 1000 ι
2309 946 2613 1001 Ἐκὼλυσεν
2639 946 2868 1016 ἄγγελος
2886 947 3294 1018 προσκυνοῦντα
3330 946 3420 999 τὸν
3436 946 3694 1016 Ἰωάννην

2096 1043 2153 1095 ἐν
2174 1044 2239 1114 τῇ
2270 1040 2435 1096 αὐτοῦ
2453 1039 2839 1108 Ἀποκαλύψει,
2859 1038 3051 1108 λέγων’
3076 1058 3094 1091 ι
3122 1039 3266 1109 Ὅρα
3294 1040 3368 1109 μή
3404 1038 3689 1102 σύνδουλός

2098 1151 2192 1188 σου
2224 1135 2340 1205 εἰμὶ
2361 1178 2374 1200 ,
2422 1136 2517 1188 καὶ
2559 1133 2667 1186 τῶν
2707 1131 2952 1199 ἀδελφῶν
2983 1149 3076 1185 σου
3092 1131 3216 1199 ,τῶν
3248 1129 3564 1201 προφητῶν,
3597 1132 3688 1183 καὶ

2094 1225 2204 1277 τῶν
2235 1224 2617 1293 φυλασσόντων
2649 1225 2777 1288 τοὺς
2803 1224 2998 1292 λόγους
3028 1221 3122 1276 τοῦ
3174 1220 3378 1291 βιϐλίου
3421 1220 3631 1274 τούτου.
3663 1240 3681 1272 ι

2096 1316 2202 1369 Τὸν
2250 1316 2450 1370 Μανωὲ
2499 1315 2594 1368 τοῦ
2645 1315 2885 1386 Σαμψὼν
2930 1315 3024 1367 τὸν
3052 1314 3266 1384 πατέρα
3306 1312 3494 1366 θυσίαν
3523 1329 3690 1377 προσ-

2097 1409 2299 1476 άγοντα
2322 1449 2336 1473 ,
2391 1407 2704 1462 κεκώλυκεν
2759 1410 2786 1462 6
2835 1407 3064 1477 ἄγγελος
3113 1405 3319 1474 λέγων’
3375 1422 3394 1456 ι
3434 1405 3544 1458 Καὶ
3593 1405 3685 1458 ἐὰν

2096 1500 2331 1571 ποιήσῃς
2380 1499 2592 1570 ἔριφον,
2637 1499 2831 1571 Κυρίῳ
2878 1499 3126 1568 ποιήσεις
3176 1496 3360 1550 αὐτόν.
3395 1514 3414 1547 ι
3452 1495 3586 1565 Περὶ
3629 1495 3685 1548 δὲ

2094 1591 2187 1644 τοῦ
2223 1591 2350 1645 Υἱοῦ
2379 1591 2720 1662 γέγραπται·
2757 1609 2774 1642 ι
2802 1589 3348 1661 Προσκυνησάτωσαν
3376 1586 3524 1658 αὐτῷ
3545 1587 3682 1640 πάν-

2095 1701 2185 1748 τες
2213 1684 2434 1754 ἄγγελοι
2473 1683 2630 1738 Θεοῦ.
2659 1703 2678 1734 ι
2697 1685 2788 1736 Ἐν
2813 1682 2892 1754 τῷ
2918 1683 3116 1753 Ἡσαΐᾳ
3147 1681 3460 1752 γέγραπται
3491 1680 3678 1734 πάλιν·

2103 1797 2121 1829 ‹
2157 1778 2268 1831 Καὶ
2302 1779 2359 1830 ἐν
2396 1776 2480 1829 σοὶ
2513 1776 2970 1847 προσκυνήσουσι,
3002 1775 3098 1828 καὶ
3130 1775 3200 1828 ἐν·
3223 1775 3306 1828 σοὶ
3351 1773 3678 1844 προσεύξον-

2023 1833 2064 1886 Β
2091 1885 2202 1922 ται.
2251 1869 2322 1921 Σὺ
2349 1868 2460 1940 γὰρ
2489 1833 2593 1921 51.6
2617 1833 2790 1933 Θεὸς,
2810 1868 2908 1922 καὶ
2950 1833 3050 1920 οὐκ
3081 1866 3334 1937 ᾔδειμενο
3371 1833 3686 1928 όΙΘεὸςττοῦ

2104 1959 2318 2030 Ἰσραὴλ
2369 1959 2582 2030 Σωτήρ.
2617 1979 2635 2012 ι
2667 1958 2766 2029 Εἴη
2811 1957 2856 2010 δ’
2893 1957 2959 2011 ἂν
3003 1956 3228 2020 εἰκότως
3271 1956 3379 2009 τῶν
3412 1954 3473 2020 ἐξ
3514 1954 3682 2009 ἐθνῶν

2090 2053 2445 2123 κεκλημένων
2489 2054 2523 2123 ή
2567 2051 2794 2122 τοιαύτη
2847 2049 2998 2121 φωνὴ
3053 2049 3242 2104 λοιπὸν
3291 2050 3687 2118 ὲπεγνωκότων

2087 2143 2240 2200 Θεόν.
2271 2147 2333 2198 Εἰ
2379 2145 2436 2198 δὲ
2485 2144 2576 2198 τὸν
2617 2143 2743 2196 Υίὸν
2787 2142 3125 2210 ἐπιγνόντες,
3153 2141 3288 2194 Θεὸν
3339 2139 3682 2210 ἐπέγνωσαν,

2088 2238 2182 2291 καὶ
2227 2237 2303 2300 ὡς
2348 2235 2468 2307 Θεῷ
2516 2234 2937 2307 προσκυνοῦσιν,
2968 2234 3068 2287 οὐκ
3099 2233 3206 2304 ἄρα
3245 2235 3453 2304 κτίσμα
3508 2235 3676 2297 ἐστὶν,

2087 2330 2173 2384 ἵνα
2205 2331 2281 2400 μὴ
2313 2328 2476 2383 πάλι-ν
2512 2327 2775 2398 κτίσματι
2810 2324 3048 2396 λατρεύῃ
3090 2325 3160 2377 τὰ
3209 2323 3336 2396 ἔθνη
3383 2324 3539 2395 παρὰ
3591 2323 3680 2378 τὸν

2088 2422 2375 2476 κτίσαντα.

2777 2531 2982 2586 ΑΛΛΟ.

2154 2649 2316 2716 Λέγει
2375 2647 2512 2718 πρὸς
2566 2648 2692 2710 τοὺς
2762 2644 2958 2699 ἐαυτοῦ
3014 2643 3263 2715 μαθητὰς
3313 2643 3341 2695 6
3393 2643 3616 2714 Χριστός
3652 2659 3664 2671 ·

2090 2757 2109 2789 ι
2133 2739 2321 2809 ’Υμεῖς
2351 2738 2564 2791 καλεῖτέ
2595 2755 2683 2808 με,
2719 2738 2747 2790 6
2776 2737 2981 2808 Κύριος
3016 2736 3110 2788 καὶ
3143 2738 3171 2788 ὀ
3205 2735 3556 2798 Διδάσκαλος,
3577 2736 3674 2787 καὶ

2082 2830 2263 2894 καλῶς
2309 2831 2497 2899 λέγετε
2517 2848 2529 2860 ·
2559 2831 2676 2900 είμὶ
2709 2831 2840 2901 γάρ.
2872 2849 2890 2881 ι
2928 2824 3059 2881 Εἶτα
3105 2828 3255 2897 λέγει
3288 2826 3424 2897 πρὸς
3457 2826 3618 2879 αὑτὸν
3646 2827 3676 2880 6

2081 2920 2284 2989 Θωμᾶς
2305 2934 2318 2947 ⁸
2361 2938 2378 2970 ι
2403 2920 2460 2971 '0
2493 2917 2695 2988 Κύριός
2724 2935 2853 2988 μου,
2889 2918 2985 2971 καὶ
3013 2920 3042 2971 6
3069 2918 3201 2980 Θεός
3250 2934 3373 2988 μου,
3407 2935 3426 2968 ιι
3448 2915 3546 2969 καὶ
3573 2916 3677 2969 οὐκ

2080 3011 2406 3065 ἀπεκώλυσε
2436 3010 2612 3065 ταῦτα
2640 3010 2867 3078 λέγοντα
2891 3009 2982 3063 τὸν
3014 3008 3260 3080 μαθητὴν
3287 3009 3363 3072 ὡς
3383 3009 3431 3060 οἱ
3452 3007 3674 3076 ἄγγελοι

2079 3104 2204 3166 τοὺς
2228 3102 2438 3171 ἁγίους.
2454 3103 2564 3155 Καὶ
2581 3104 2610 3154 6
2633 3101 2938 3173 Ψαλμῳδός
2955 3113 2968 3128 ·
3001 3121 3017 3151 ι
3041 3101 3097 3152 '0
3123 3100 3311 3171 θρόνος
3333 3116 3449 3163 σου,
3473 3099 3501 3150 6
3519 3098 3671 3162 Θεὸς,

395 3192 558 3256 Deus,
590 3193 750 3255 Deus,
787 3193 839 3246 in
872 3191 1125 3247 saeculum
1160 3193 1340 3247 saaculi
1369 3192 1410 3246 ⁸.
1442 3211 1460 3243 ι
1503 3190 1663 3262 150
1691 3192 1756 3247 At
1789 3193 1833 3247 si
1859 3200 1976 3246 erat

2080 3194 2107 3245 6
2137 3192 2292 3258 Θεὸς,
2339 3194 2420 3255 είς
2455 3192 2547 3245 τὸν
2578 3172 2877 3246 αίῶναίτοῦ
2917 3190 3131 3254 αἰῶνος.
3163 3210 3180 3242 ι
3231 3189 3370 3243 Ἀλλ’
3405 3189 3565 3260 εἴπερ
3605 3186 3671 3261 ἦν

392 3295 645 3341 creatura
689 3285 854 3340 etiam
901 3286 1037 3354 ipse,
1074 3300 1178 3338 non
1214 3283 1410 3338 fuisset
1471 3285 1748 3348 adoratus,
1801 3299 1976 3354 neque

391 3385 616 3431 vocatus
651 3375 930 3440 Dominus,
985 3390 1161 3444 neque
1197 3375 1406 3429 tulisset
1433 3389 1758 3444 quemquam
1790 3375 1974 3428 dicen-

395 3477 500 3523 tem
541 3486 556 3522 :
594 3464 672 3521 Tu
707 3482 766 3521 es
795 3468 936 3520 Deus
969 3481 1138 3521 meus.
1172 3465 1305 3521 Cum
1342 3481 1470 3521 vero
1503 3450 1820 3520 naturaliter
1859 3466 1974 3521 haec

392 3559 484 3622 sit,
519 3557 725 3610 habens
759 3571 819 3609 ea
849 3571 968 3624 quas
999 3555 1176 3609 Patris
1209 3565 1355 3620 sunt,
1391 3565 1449 3608 ut
1485 3553 1654 3608 Filius
1699 3561 1754 3608 et
1786 3567 1971 3608 verum

392 3651 560 3717 ipsius
605 3662 848 3718 germen,
902 3647 1138 3701 admittit
1168 3647 1331 3700 etiam
1380 3662 1473 3702 eos
1502 3648 1595 3716 qui
1642 3645 1767 3700 talia
1815 3646 1881 3700 de
1915 3658 1974 3700 se

392 3741 705 3812 praedicant,
745 3751 803 3794 ut
825 3755 1011 3794 verum
1041 3740 1376 3810 profitentes.

1072 3847 1300 3905 ALIUD.

392 3962 629 4035 Objectio
669 3979 733 4019 ea:
784 3963 1112 4035 dogmatibus
1157 3963 1296 4026 Arii,
1346 3979 1462 4033 qua:
1517 3979 1712 4028 veram,
1767 3974 1823 4016 ut
1871 3965 1973 4034 ipsi

451 4034 663 4104 putant,
701 4051 917 4088 causam
951 4034 1202 4097 continet,
1238 4045 1447 4102 propter
1485 4050 1641 4103 quam
1684 4035 1856 4104 factus
1903 4035 1968 4088 sit

459 4104 654 4172 Filius,
715 4119 760 4160 et
789 4106 903 4175 ejus
925 4121 1016 4175 per
1039 4105 1238 4158 solidos
1272 4104 1604 4174 syllogismos
1638 4105 1909 4174 refutatio.

459 4286 617 4349 Cum,
651 4285 917 4354 inquiunt,
953 4285 1092 4338 Deus
1126 4282 1285 4338 vellet
1314 4293 1686 4338 creaturarum
1719 4294 1967 4340 naturam

385 4373 734 4437 constituere,
767 4387 889 4426 cum
921 4372 1010 4426 illa
1039 4372 1358 4426 immensam
1378 4372 1548 4440 ipsius
1571 4375 1679 4426 vim
1710 4389 1773 4428 ac
1799 4375 1968 4429 virtu-

389 4475 493 4518 tem
535 4478 732 4534 capere
781 4478 890 4517 non
955 4473 1160 4532 posset,
1227 4462 1461 4530 primum
1501 4465 1708 4518 creavit
1747 4464 1964 4530 Filium,

384 4570 542 4628 quem
594 4564 650 4610 ct
697 4553 934 4609 Verbum
977 4555 1294 4620 nominavit,
1352 4563 1410 4609 ut
1452 4568 1551 4621 per
1609 4554 1757 4609 ilium
1810 4558 1963 4626 quasi

383 4649 620 4704 medium
670 4648 895 4718 reliquae
941 4659 1210 4702 creatura:
1262 4655 1428 4702 tanta:
1473 4649 1692 4703 virtutis
1737 4664 1963 4717 capaces

380 4738 746 4796 efﬁcerentur.
774 4737 905 4794 Erat
923 4738 1066 4794 enim
1093 4738 1294 4808 a'lioqui
1323 4739 1613 4795 absurdum
1640 4739 1958 4796 ineffabilem

384 4836 474 4890 Dei
509 4835 760 4890 virtutem
814 4833 880 4888 ad
930 4833 1045 4889 lucc
1093 4833 1316 4889 minima
1359 4833 1667 4904 pervenire,
1712 4843 1767 4890 et
1814 4835 1959 4890 circa

379 4929 514 4984 adeo
547 4929 706 4983 exilia
735 4926 1007 4983 laborare.

894 5040 1094 5098 Salutio
1120 5042 1450 5113 objectiom's.

447 5150 504 5205 St
534 5152 787 5206 virtutem
819 5167 883 5207 ac
912 5154 1209 5220 potentiam
1238 5152 1332 5208 Dei
1361 5161 1552 5211 natura
1584 5165 1952 5212 creaturarum

378 5257 572 5311 capere
599 5253 655 5297 et
681 5243 825 5296 ferre
855 5258 958 5296 non
991 5252 1190 5310 potest,
1225 5258 1335 5312 quo
1362 5255 1524 5315 pacto
1550 5261 1670 5301 eam
1707 5249 1829 5302 tulit
1862 5248 1966 5303 Fi-'

379 5335 503 5398 lius,
530 5350 651 5390 cum
684 5335 759 5390 sit
795 5343 850 5388 et
885 5335 997 5402 ipse
1031 5342 1256 5390 creatus
1291 5334 1572 5404 factusque
1603 5352 1634 5391 e
1679 5339 1866 5404 nihilo,
1898 5352 1955 5394 ut

377 5441 473 5481 vos
527 5426 802 5482 censetis?
850 5426 956 5480 Aut
1008 5441 1116 5496 quo
1166 5439 1325 5494 pacto
1370 5429 1625 5483 sustinuit
1681 5430 1952 5501 ingentem

380 5516 524 5571 illam
553 5516 731 5572 Patris
762 5517 1161 5588 operationem,
1191 5533 1310 5573 cum
1345 5518 1436 5583 sit,
1479 5529 1537 5573 ut
1566 5521 1767 5587 dicitis,
1800 5540 1953 5580 crea-

441 5699 648 5779 ξνΑςι.
677 5699 852 5779 Lago.
996 5701 1162 5779 Apoc.
1197 5717 1319 5779 XIX;
1343 5703 1426 5756 10.
1503 5704 1744 5764 "Judic.
1781 5725 1898 5779 xm,
1933 5711 1980 5767 5.

377 5769 395 5798 ³
420 5768 574 5825 Joau.
609 5785 697 5822 xx.
728 5769 819 5821 ‘28.
897 5768 912 5797 ⁵
937 5767 1074 5823 Psal.
1110 5786 1252 5835 XLIV,
1289 5773 1338 5825 7.

2078 3283 2287 3352 κτίσμα
2341 3284 2434 3336 καὶ
2487 3283 2672 3348 αὐτὸς,
2732 3283 2831 3336 οὐκ
2884 3281 2949 3336 ἂν
2999 3281 3404 3352 προσεκυνήθη,
3453 3282 3552 3334 οὐκ
3602 3282 3670 3334 ἂν

2079 3374 2284 3444 ἐκλήθη
2334 3374 2560 3446 Κύριος,
2595 3375 2696 3427 οὐκ
2739 3373 2806 3427 ἂν
2855 3373 3117 3443 ἠνέσχετο
3149 3373 3363 3425 ἀκούων
3397 3372 3543 3434 τινὸς
3583 3371 3666 3424 λέ-

2077 3479 2302 3530 γοντος’
2336 3464 2409 3516 Σὺ
2460 3459 2512 3515 εἴ
2567 3465 2595 3516 6
2640 3462 2772 3526 Θεός
2808 3461 3170 3533 μου.Ἐπειδὴ
3213 3461 3270 3514 δὲ
3323 3463 3463 3514 κατὰ
3503 3461 3674 3529 φύσιν.

2073 3554 2248 3610 ταῦτά
2272 3557 2441 3621 ἐστιν,
2474 3555 2611 3625 ἔχων
2643 3555 2711 3609 τὰ
2743 3555 2836 3608 τοῦ
2886 3555 3098 3626 Πατρὸς
3142 3555 3218 3617 ὡς
3245 3554 3374 3618 Υἱὸς
3408 3556 3504 3608 καὶ
3534 3555 3666 3625 γινή-

2076 3665 2193 3702 σιον
2219 3647 2599 3718 γέννημα,’καὶ
2622 3647 2947 3719 ἀποδέχεται
2975 3647 3102 3712 τοὺς
3131 3647 3200 3705 τὰ
3228 3648 3455 3703 τοιαῦτα
3481 3648 3667 3716 λέγονν

2073 3757 2194 3805 τας,
2227 3739 2303 3804 ὡς
2325 3738 2730 3811 ὁμολογοῦντας,
2751 3739 2822 3793 τὸ,
2843 3740 3066 3812 ἀληθές.

2765 3857 2971 3912 ΑΛΛΟ.

2085 3970 2416 4039 Ἀντίθεσις
2460 3971 2580 4027 ἀπὸ
2628 3971 2745 4025 τῶν⁴
2795 3971 3022 4038 Ἄρείου
3071 3971 3415 4040 δογμάτων,
3464 3971 3682 4024 αἰτίαν·

2143 4042 2378 4111 ἔχουσα
2435 4043 2538 4096 τοῦ
2594 4041 2959 4109 πεποιῆσθαι
3011 4041 3118 4094 τὸν
3157 4041 3316 4111 Υιὸν,
3364 4041 3447 4107 ὡς
3494 4040 3662 4094 αὐτοὶ

2143 4109 2488 4181 κομίζουσιν
2517 4111 2738 4179 ἀληθῆ,
2785 4112 2883 4164 καὶ
2917 4112 3098 4178 λύσις
3133 4109 3355 4179 ἐφεξῆς
3377 4111 3530 4182 μετά
3567 4127 3664 4163 περ

2143 4184 2469 4251 θανότητος
2499 4180 2953 4251 συλλογισμῶν.

2437 4204 2469 4249 ς
2499 4204 2953 4249 συλλογισμων.

2141 4295 2495 4366 Βουλόμενος,
2528 4296 2717 4363 φασὶν,
2755 4295 2783 4345 6
2816 4293 2924 4346 τῶν
2952 4291 3092 4346 ὅλων
3123 4293 3253 4355 Θεὸς
3284 4293 3385 4364 τὴν
3415 4293 3524 4345 τῶν
3568 4309 3655 4358 γει

2071 4385 2248 4454 νητῶν
2297 4385 2602 4455 ὑποστῆσαι
2656 4385 2840 4454 φύσιν,
2882 4384 3004 4436 ἐπεὶ
3057 4382 3132 4454 μὴ
3182 4383 3411 4452 ἠδύνατο
3459 4384 3658 4453 χωρεῖν

2071 4473 2208 4546 αὕτη
2235 4475 2334 4544 τὴν
2358 4475 2596 4544 ἄκρατον
2626 4474 2791 4528 αὐτοῦ
2819 4472 3070 4543 δύναμιν,
3113 4472 3286 4536 κτίζει
3321 4472 3536 4540 πρῶτον
3565 4472 3658 4526 τὸν

2072 4565 2219 4632 Υίὸν,
2259 4564 2319 4618 ὃν
2353 4565 2450 4617 καὶ
2495 4565 2667 4633 Λόγον
2706 4564 3026 4634 ὠνόμασενο
3062 4563 3151 4618 ἵνα
3182 4563 3247 4617 δι’
3279 4563 3441 4618 αὑτοῦ
3489 4563 3661 4618 τᾶλλα

2068 4658 2292 4728 γένηται
2329 4657 2494 4728 μέσου
2517 4657 2814 4729 γενομένου
2846 4659 3045 4728 χωρεῖν
3079 4656 3330 4726 ἰσχύοντα
3361 4656 3460 4727 τὴν
3488 4657 3665 4709 αὐτοῦ

2069 4750 2223 4820 μόλις
2259 4749 2728 4821 δύναμιν.”Αλλως
2759 4768 2818 4803 τε
2841 4746 2910 4821 ἦν
2941 4751 3140 4803 ἄτοπον
3181 4749 3279 4820 τὴν
3330 4749 3537 4817 ἄφατον
3560 4748 3654 4800 τοῦ

2065 4841 2201 4895 Θεοῦ
2237 4842 2468 4912 δύναμιν
2502 4841 2665 4913 μέχρι
2714 4841 2822 4894 τῶν
2856 4841 3042 4904 οὕτως
3079 4840 3378 4909 ἐλαχίστων
3425 4839 3661 4908 φθάσαι,

2065 4933 2159 4987 καὶ
2194 4932 2538 5004 ἀσχολεῖσθαι
2570 4933 2666 4986 καὶ
2699 4932 2831 5002 περὶ
2850 4932 2918 4986 τά
2950 4931 3094 4985 οὓτω
3124 4932 3318 5003 μικρά.

2547 5045 2705 5117 Πρός
2743 5046 2918 5101 τοῦτο
2956 5046 3160 5112 λύσις.

2135 5160 2196 5212 Et
2227 5159 2499 5231 ἀφόρητος
2527 5155 2594 5230 ἦν
2623 5159 2658 5230 ή
2685 5158 2777 5211 τοῦ
2805 5157 2941 5212 Θεοῦ
2985 5157 3217 5229 δύναμις
3251 5158 3318 5231 τῇ
3344 5156 3454 5211 τῶν
3482 5174 3650 5229 γενη-

2059 5251 2167 5304 τῶν
2218 5251 2400 5320 φύσει,
2435 5251 2549 5315 πῶς
2595 5251 2766 5322 αὐτὴν
2815 5252 3046 5322 ήνεγκεν
3073 5251 3103 5302 6
3133 5249 3280 5315 Υἱὸς,
3311 5250 3541 5321 γενητὸς
3575 5250 3657 5306 ὢν⁴

2061 5343 2155 5397 καὶ
2181 5343 2342 5407 αὐτὸς
2373 5343 2468 5396 καὶ
2493 5341 2552 5407 ἐξ
2583 5343 2683 5396 οὐκ
2712 5341 2901 5408 ὄντων,
2931 5341 3054 5396 καθ’
3086 5342 3264 5410 ὑμᾶς
3297 5342 3422 5406 Πῶς
3449 5341 3505 5395 δέ
3542 5344 3644 5395 ὑπ-

2061 5433 2244 5502 έμεινε
2286 5435 2386 5505 τὴν
2429 5432 2667 5505 ἄκρατον
2697 5433 3030 5501 αὐτουργίαν
3060 5431 3155 5483 τοῦ
3192 5431 3401 5500 Πατρὸς
3437 5432 3646 5504 κτίσμα

2063 5527 2346 5597 ὑπάρχων,
2374 5525 2450 5591 ῶς
2476 5543 2614 5596 φατε
2634 5543 2647 5555 ⁸
2689 5524 2930 5595 ’Δνάγκη
2967 5524 3076 5596 γὰρ
3107 5523 3140 5594 ἢ
3171 5522 3360 5577 τούτου
3388 5522 3651 5594 δυνηθέν-

2059 5710 2439 5776 ΡθΡδιι1.ι(;ινι,
2479 5710 2528 5762 7.
2614 5707 2916 5772 'lsa.x1.v,
2970 5708 3052 5763 Μ.
3135 5703 3331 5757 ’Joan.
3381 5715 3503 5766 xm,
3554 5701 3638 5756 15.
