4078 6260
324 302 430 356 253

1747 298 2189 357 TllESAURUS.

3487 295 3595 351 ΞΜ

319 437 434 482 τος,
473 419 665 471 πᾶσαν
693 416 966 471 δύνασθαι
1011 417 1110 487 τὴν
1141 417 1314 470 κτίσιν
1334 435 1348 447 ο
1380 417 1413 486 ἢ
1460 419 1555 488 τῆς
1601 419 1767 488 ἄλλης
1800 419 1915 471 ἀτο-

2029 427 2143 474 tura
2161 419 2184 472 τ
2208 416 2579 473 Necessarium
2601 415 2744 471 enim
2762 423 2868 478 est,
2895 421 2954 468 ut
2981 427 3105 468 cum
3125 412 3239 482 ipse
3261 411 3404 467 illius
3424 425 3594 480 capax

323 509 522 580 νούσης
561 507 828 568 κτίσεως,
866 507 1218 560 συνασθενεῖν
1258 508 1352 561 καὶ
1399 509 1561 562 αὐτὸν
1590 509 1664 571 ὡς
1697 509 1922 576 κτιστῆς

321 601 457 654 ὄντα
495 601 742 668 φύσεως.
780 598 844 649 Ei
892 597 948 650 δὲ
995 598 1272 668 ἐχώρησεν
1305 601 1332 651 6
1367 599 1491 662 Υἱὸς
1536 599 1763 669 κτίσμα,
1799 597 1920 651 καθ’

329 693 501 762 ὑμᾶς,
531 691 799 760 ὑπάρχων
820 689 920 758 τὴν
944 688 1036 742 τοῦ
1068 690 1278 760 [ἰατρὸς
1303 689 1650 761 αὐτουργίαν,
1681 691 1922 762 χωρήσει

335 783 435 835 καὶ
467 780 649 834 τᾶλλα
675 779 969 848 κτίσματα,
997 779 1090 830 καὶ
1120 779 1344 849 περιττὴ
1373 783 1621 849 φανεῖται
1663 780 1850 834 λοιπὸν
1886 783 1921 852 ἡ

340 871 438 924 τοῦ
468 869 605 924 Υἱοῦ
651 869 857 937 γένεσις
897 869 1013 938 ἤτοι
1056 867 1293 937 ποίησις,
1325 869 1409 921 ἵνα
1448 868 1515 921 τὰ
1544 869 1676 923 ἄλλα
1706 870 1919 941 κτισθῇ,

349 963 605 1033 ἁτονήσει
639 962 694 1014 δὲ
723 961 814 1013 καὶ
843 960 903 1012 τὸ
937 959 1157 1029 ὑϐρίζον
1189 959 1430 1030 σόφισμα
1468 961 1530 1012 τὸ
1575 963 1823 1030 κρεῖττον
1865 963 1922 1014 ὲν

356 1056 654 1125 ποιήμασιν
681 1051 947 1120 ἀπονέμον
974 1048 1051 1120 τῷ
1079 1049 1224 1120 Υίῷ·
1261 1051 1356 1104 καὶ
1408 1051 1473 1103 δι’
1511 1045 1586 1104 ὧν
1636 1052 1921 1105 ὑπονοοῦσι

361 1147 539 1216 τιμᾷν,
565 1143 809 1214 ὑϐρισταὶ
862 1141 1060 1213 μᾶλλον
1105 1141 1421 1197 ἁλώσονται.
1456 1143 1528 1195 Τὸ
1557 1143 1666 1213 γὰρ
1697 1144 1835 1208 ὅλως
1865 1147 1922 1197 ὲν

363 1238 617 1306 ποιήμασι
646 1232 1170 1305 καταριθμούμενον,
1206 1233 1442 1304 γενητῆς
1472 1234 1537 1287 ἂν
1567 1235 1649 1303 είη
1680 1231 1918 1303 φύσεως,

362 1327 458 1380 κᾶν
482 1329 732 1397 ἀμέτροις
765 1327 1062 1395 ὑπεροχαῖς
1095 1323 1204 1377 τῶν
1231 1325 1404 1379 ἄλλων
1449 1323 1702 1396 φαίνηται
1737 1328 1921 1396 κρεῖτ-

356 1438 461 1472 τον.
489 1421 548 1473 Et
569 1419 625 1472 δὲ
653 1420 854 1473 ἄτοπον
883 1411 1024 1470 εἶναί
1053 1434 1182 1486 φασι
1204 1417 1265 1469 τὸ
1301 1416 1461 1488 μέχρι
1489 1417 1596 1470 τῶν
1622 1417 1922 1487 ἐλαχίστων

360 1509 552 1579 φθάσαι
573 1510 670 1581 τὴν
697 1509 915 1577 ἄφατον
925 1507 1015 1561 τοῦ
1039 1507 1172 1562 Θεοῦ
1193 1508 1444 1579 δύναμιν,
1465 1508 1921 1562 δυσωπείσθωσαν

364 1603 636 1667 ἀκούοντες
660 1603 908 1670 λέγοντος
932 1600 1026 1654 τοῦ
1047 1601 1304 1674 Χριστοῦ·
1337 1622 1355 1653 ι
1383 1603 1517 1672 Οὐχὶ
1541 1604 1634 1656 δύο
1667 1603 1920 1674 στρουθία

369 1695 617 1766 ἀσσαρίου
651 1693 924 1758 πωλεῖται,
959 1692 1054 1746 καὶ
1087 1692 1145 1745 ἓν
1179 1693 1238 1757 ἐξ
1267 1692 1446 1746 αὐτῶν
1474 1695 1534 1746 οὐ
1561 1697 1808 1748 πεσεῖται
1829 1693 1920 1746 ἐπὶ

2024 512 2115 574 sit,
2147 524 2375 580 capaces
2418 509 2578 564 etiam
2625 506 2735 562 sint
2782 503 3000 574 reliquae
3033 512 3300 558 creatura:
3340 520 3353 556 :
3404 513 3496 556 aut
3549 503 3595 556 si

2025 601 2344 658 imbecillior
2372 601 2449 657 sit
2497 608 2868 655 creaturarum
2913 604 3129 659 natura,
3161 608 3323 662 quam
3371 602 3431 647 ut
3478 595 3598 663 ejus

2023 709 2194 763 capax
2224 707 2344 749 esse
2388 693 2580 762 possit,
2609 692 2794 747 eadem
2820 687 3187 744 imbecillitate
3215 687 3378 740 etiam
3415 687 3593 755 ipsum

2023 785 2290 847 laborare,
2321 783 2518 852 quippe
2547 781 2640 852 qui
2671 789 2864 835 creata:
2892 779 2962 834 sit
2990 787 3214 832 naturae.
3247 776 3305 832 Si
3338 791 3464 831 vero
3500 775 3594 829 Fi-

2021 875 2124 930 lius
2151 889 2276 930 cum
2317 874 2389 928 sit
2418 882 2694 938 creatura,
2731 882 2788 926 ut
2821 886 2913 926 vos
2951 869 3267 940 opinamini,
3298 883 3463 938 capax
3494 867 3596 922 fuit

2020 977 2262 1036 paterna:
2282 965 2499 1020 virtutis
2521 982 2534 1018 :
2560 977 2789 1034 capaces
2812 970 2973 1016 erunt
2993 970 3046 1014 et
3068 969 3276 1014 caetera;
3297 969 3589 1024 creatum;

2021 1064 2182 1123 atque
2211 1043 2285 1109 ita
2318 1067 2720 1124 supervacanea
2758 1053 2924 1108 fuerit
2976 1053 3099 1109 Filii
3143 1055 3440 1125 generatio,
3480 1055 3596 1108 sive

2021 1145 2276 1200 formatio
2319 1145 2387 1198 ad
2439 1143 2546 1199 alia
2585 1143 2880 1199 creandum
2913 1162 2925 1198 :
2957 1153 3011 1198 et
3061 1144 3388 1199 imbecillum
3439 1144 3596 1212 plane

2021 1248 2182 1307 atque
2222 1237 2381 1292 inane
2409 1237 2513 1290 erit
2543 1234 2993 1290 contumeliosum
3042 1237 3174 1290 illud
3215 1237 3490 1291 inventum
3534 1250 3600 1290 ac

2020 1326 2296 1393 cavillum,
2343 1326 2484 1395 quod
2528 1328 2894 1396 prastantiam
2945 1327 3090 1381 inter
3130 1335 3412 1380 creaturas
3459 1326 3598 1382 Filio

2023 1420 2210 1475 tribuit
2242 1441 2254 1474 :
2287 1426 2340 1473 et
2371 1432 2436 1473 eo
2469 1419 2590 1487 ipso
2628 1433 2735 1487 quo
2782 1417 2930 1472 illum
2985 1418 3192 1472 honore
3235 1416 3447 1470 afﬁcere
3477 1430 3597 1470 sese

2022 1509 2366 1572 existimant,
2425 1508 2802 1564 contumeliosi
2865 1510 3044 1579 potius
3098 1521 3220 1563 esse
3279 1517 3590 1562 cernentur.

2023 1601 2174 1668 Quod
2225 1601 2370 1657 enim
2418 1601 2640 1655 omnino
2683 1601 2951 1655 creaturis
2999 1609 3390 1654 annumeratur
3437 1598 3595 1652 facts:

2025 1703 2230 1747 naturae
2257 1691 2328 1747 sit
2353 1700 2590 1762 oportet,
2622 1693 2830 1748 tametsi
2859 1693 3125 1745 immenso
3157 1689 3437 1744 intervallo
3471 1688 3594 1743 reli-

374 1788 467 1858 τὴν
479 1789 582 1857 γῆν
607 1787 720 1841 ἄνευ
743 1785 828 1840 τοῦ
842 1786 1062 1856 Πατρὸς
1084 1786 1236 1856 ὑμῶν
1256 1786 1350 1839 τοῦ
1374 1788 1430 1838 ὲν
1454 1789 1566 1850 τοῖς
1586 1787 1834 1857 οὐρανοῖς
1855 1805 1868 1852 ;
1897 1805 1915 1838 ι

2023 1785 2146 1854 quis
2176 1784 2522 1855 praestantius
2545 1783 2634 1838 sit.
2664 1783 2719 1838 Si
2749 1798 2877 1838 vero
2906 1783 3198 1837 absurdum
3229 1796 3347 1836 esse
3372 1788 3595 1835 censent

382 1878 488 1930 Καὶ
518 1877 688 1930 πάλιψ
709 1895 728 1929 ι
747 1876 1063 1947 Ἐκσλὲψατε
1092 1878 1172 1941 είς
1203 1878 1271 1931 τά
1294 1879 1512 1931 πετεινά
1541 1877 1632 1931 τοῦ
1663 1877 1917 1948 οὐρανοῦ,

381 1970 455 2021 ὅτι
488 1971 543 2022 οὐ
572 1970 880 2040 σπείρουσιν,
909 1969 1028 2024 οὐδὲ
1054 1969 1346 2040 θερίζουσι,
1375 1971 1470 2024 καὶ
1498 1971 1524 2022 6
1547 1970 1738 2042 Πατὴρ
1765 1970 1919 2041 ὑμῶν

370 2060 395 2109 ὁ
423 2060 647 2128 οὐράνιος
688 2060 880 2132 τρέφει
931 2061 1090 2116 αὑτά,
1123 2079 1141 2110 ›
1176 2062 1287 2114 Καὶ
1336 2063 1497 2114 πάλιν
1522 2078 1534 2092 ·
1589 2081 1607 2114 ι
1633 2063 1698 2115 Ei
1731 2063 1787 2114 δὲ
1825 2061 1920 2116 τὸν

352 2149 530 2218 χόρτον
563 2150 656 2204 τοῦ
690 2152 868 2222 ἀγροῦ
906 2153 1143 2222 σήμερον
1173 2153 1300 2207 ὅντα
1343 2157 1438 2206 καὶ
1466 2153 1651 2226 αὑριον
1687 2156 1763 2218 είς
1794 2155 1917 2207 κλί-

342 2239 495 2292 σανον
547 2241 909 2310 βαλλόμενον,
953 2243 981 2295 6
1035 2242 1167 2306 Θεὸς
1215 2243 1383 2307 οὑτως
1429 2246 1770 2315 ἀμφιέννυσι,
1800 2246 1917 2309 πῶς

329 2332 448 2401 οὐχὶ
477 2332 690 2402 μᾶλλον
718 2333 864 2402 ὑμᾶς
883 2333 1002 2392 ;›Τί
1019 2333 1059 2386 δ’
1086 2333 1149 2386 ἂν
1171 2333 1378 2402 γένοιτο
1399 2337 1590 2406 χόρτου
1616 2339 1706 2390 καὶ
1732 2356 1916 2410 στρου-

327 2420 471 2472 θίων
504 2420 917 2490 εὐτελέστερον,
936 2413 1008 2474 ὧν
1039 2421 1095 2488 ἐξ
1121 2423 1453 2494 ἀγαθὸτητος
1474 2427 1500 2477 6
1524 2425 1652 2489 Θεὸς
1677 2431 1914 2498 προνοεῖ;

325 2507 476 2564 Εἶτα
515 2511 637 2572 πῶς
666 2512 727 2563 τὸ
759 2506 892 2565 εἶναι
930 2512 1157 2582 ποιητὴς
1192 2513 1383 2568 aiax-av
1419 2515 1720 2581 ἀξιώσειεν,
1757 2513 1830 2573 ὧν
1856 2520 1914 2573 οὐ

325 2605 703 2672 παραιτεῖται
751 2603 849 2672 τὴν
899 2604 1188 2672 πρόνοιανς
1254 2604 1389 2656 Ἀλλ’
1415 2598 1557 2660 οὗτοι
1608 2607 1772 2676 τῦφον
1816 2611 1916 2663 οὐκ

327 2693 538 2756 εἰδότες
593 2695 968 2764 προσάπτουσι
1017 2694 1091 2764 τῷ
1133 2694 1270 2765 Θεῷ,
1319 2695 1561 2762 λέγοντες
1610 2699 1769 2753 αὐτὸν
1816 2700 1916 2754 οὐκ

326 2782 516 2846 ἀξιοῦν
547 2783 662 2836 τῶν
685 2783 982 2852 ἐλαχίστων
1022 2779 1163 2837 εἶναι
1199 2787 1446 2856 ποιητήν.
1477 2787 1537 2839 Εἰ
1570 2788 1744 2842 τοίνυν
1775 2789 1913 2842 πάν-

328 2895 432 2929 των
460 2877 585 2928 ἐστὶ
613 2877 863 2946 ποιητὴς,
887 2875 1078 2944 φθάνει
1101 2875 1157 2928 δὲ
1185 2876 1278 2928 καὶ
1309 2875 1468 2946 μέχρι
1489 2877 1595 2930 τῶν
1618 2878 1916 2949 ἐλαχίστων

325 2967 410 3020 διὰ
455 2966 877 3038 φιλανθρωπίαν
923 2968 1034 3030 τοῖς
1079 2967 1212 3018 πᾶσι
1264 2966 1642 3037 χωρούμενος,
1686 2969 1915 3040 περιττὴ

325 3058 429 3111 τῶν
457 3057 762 3128 αἱρετικῶν
787 3059 820 3128 ή
850 3057 1119 3128 πρόφασις
1145 3056 1232 3109 διὰ
1254 3057 1320 3109 τὰ
1354 3058 1523 3130 μικρὰ
1549 3058 1656 3112 τῶν
1680 3061 1916 3131 κτισμά-

322 3166 426 3202 των
453 3148 872 3220 προϐεϐλῆσθαι
911 3147 1180 3216 λεγόντων
1211 3147 1302 3200 τὸν
1328 3149 1476 3201 Υίόν.

2022 1876 2086 1931 ad
2116 1876 2392 1930 minimam
2423 1875 2586 1930 etiam
2618 1875 2708 1930 Dei
2736 1875 3029 1944 potentiam
3061 1887 3124 1928 ac
3147 1875 3397 1928 virtutem
3432 1885 3593 1942 pene-

2021 1976 2187 2033 trare,
2227 1967 2574 2031 erubescant,
2624 1981 2745 2022 cum
2787 1967 3062 2022 Christum
3106 1967 3278 2036 ipsum
3326 1965 3593 2019 dicentem

2020 2060 2236 2115 audiant
2266 2078 2279 2114 :
2319 2078 2337 2112 ι
2376 2059 2563 2115 Nonne
2590 2060 2696 2115 duo
2729 2060 3023 2130 passerculi
3074 2073 3196 2114 asse
3241 2065 3510 2120 va'neunt,
3541 2070 3596 2110 et

2021 2167 2156 2207 unus
2197 2167 2262 2207 ex
2311 2155 2390 2207 eis
2439 2169 2543 2207 non
2598 2154 2754 2209 cadet
2807 2154 2860 2206 iri
2917 2162 3119 2206 terram
3181 2145 3404 2219 absque‘
3434 2149 3596 2203 Patre

2019 2255 2196 2299 vestro
2226 2245 2316 2313 qui
2347 2245 2399 2299 in
2449 2245 2600 2299 cmlis
2629 2254 2713 2299 est
2739 2245 2780 2296 '.
2820 2263 2840 2296 ι
2891 2243 2957 2297 Ει
2992 2258 3182 2298 rursus
3216 2256 3232 2294 :
3272 2259 3289 2292 ι
3323 2241 3598 2310 Respicite

2016 2334 2257 2388 volatilia
2299 2334 2444 2400 cceli,
2479 2336 2622 2403 quod
2673 2349 2782 2388 non
2829 2342 3020 2389 serunt
3053 2347 3226 2400 neque
3274 2339 3507 2396 metunt,
3541 2339 3598 2383 et

2020 2425 2178 2480 Pater
2202 2435 2386 2479 vester
2407 2425 2643 2480 caelestis
2669 2425 2839 2478 nutrit
2861 2425 2949 2479 illa
2979 2425 3020 2478 ⁸.
3053 2443 3070 2474 ι
3097 2425 3164 2478 Ει
3195 2437 3411 2476 rursum
3441 2439 3456 2475 :
3493 2439 3511 2472 ι
3536 2419 3594 2476 Si

2019 2515 2200 2570 fenum
2229 2516 2343 2586 agri
2384 2516 2527 2584 quod
2559 2515 2719 2570 hodie
2743 2523 2826 2571 est
2856 2525 2907 2568 et
2934 2529 3057 2570 cras
3082 2515 3136 2569 in
3160 2514 3432 2568 clilianum
3470 2511 3596 2566 mit-

2023 2603 2170 2669 titur,
2204 2604 2346 2660 Dcus
2374 2605 2453 2660 sic
2487 2605 2668 2671 vestit,
2718 2615 2924 2674 quanto
2956 2606 3127 2676 magis
3165 2620 3259 2660 vos
3305 2603 3364 2657 ’ἲ
3398 2622 3417 2656 ι
3458 2602 3595 2670 Quid

2019 2703 2197 2748 autem
2230 2695 2352 2750 leno
2391 2705 2446 2750 et
2490 2697 2814 2767 passerculis
2856 2697 3009 2768 151
3050 2698 3206 2752 vilius
3253 2707 3356 2763 est,
3399 2698 3598 2766 quibus

2021 2787 2161 2842 Deus
2192 2803 2286 2855 pro
2312 2803 2408 2842 sua
2445 2789 2686 2844 bonitate
2723 2791 3010 2860 providet?
3047 2790 3154 2844 Aut
3185 2790 3459 2859 quomodo
3491 2803 3596 2842 non

2020 2878 2272 2949 dignetur
2291 2893 2413 2933 esse
2442 2891 2658 2934 creator
2687 2894 2897 2944 eorum,
2937 2895 3160 2946 quorum
3200 2880 3595 2948 providentiam

2019 2981 2126 3021 non
2171 2967 2468 3021 detrectat?
2514 2967 2584 3021 At
2633 2967 2723 3021 isti
2773 2967 3084 3035 ignorantes
3128 2967 3437 3032 superbiam
3488 2963 3598 3017 Deo

2020 3059 2359 3129 impingunt,
2409 3058 2652 3114 dicentes
2711 3071 2837 3112 eum
2903 3055 3183 3126 dedignari
3245 3055 3594 3109 minimorutl

1937 3138 1979 3196 Ο
2013 3163 2316 3207 creatorem
2346 3165 2492 3205 esse.
2530 3149 2586 3204 Si
2621 3163 2750 3219 ergo
2778 3147 3020 3203 omnium
3047 3159 3129 3202 est
3156 3154 3396 3208 creator,
3424 3155 3478 3198 et
3502 3159 3600 3211 pro

325 3258 415 3297 sua
452 3243 807 3313 benignitate
877 3243 1042 3294 etiam
1074 3242 1139 3294 ad
1216 3243 1435 3296 minima
1479 3254 1743 3313 permeat,
1781 3261 2077 3316 omnesque
2112 3247 2194 3302 sui
2261 3261 2488 3316 capaces
2529 3246 2677 3312 facit,
2719 3245 2896 3300 inanis
2929 3255 3010 3301 est
3052 3243 3432 3300 haereticorum
3468 3256 3596 3312 pro~

325 3336 520 3405 positio
564 3333 887 3398 dicentium,
914 3341 1136 3402 propter
1174 3333 1406 3388 minores
1432 3346 1712 3392 creaturas
1735 3342 2053 3407 productum
2081 3353 2203 3394 esse
2225 3338 2444 3398 Filium.

325 3453 446 3507 Ἔτι
472 3453 578 3517 εις
607 3449 674 3503 τὸ
731 3468 750 3501 ι
781 3449 994 3514 Κύριος
1255 3465 1332 3519 με
1357 3465 1370 3479 ·
1403 3469 1422 3502 ι
1466 3451 1555 3504 ὅτι
1589 3454 1661 3508 οὐ
1692 3455 1914 3524 κτίσμα

1177 3541 1238 3574 ‘C.
1601 3569 1610 3574 .

1177 3541 1238 3586 ,ς,

383 3634 448 3687 Εἰ
481 3631 620 3687 καθ’
651 3632 816 3701 ὑμᾶς,
845 3626 890 3686 ὦ
921 3632 1198 3703 θεομάχοι,
1221 3633 1308 3686 διὰ
1336 3633 1396 3686 τὸ
1433 3635 1506 3705 μὴ
1532 3634 1788 3690 δύνασθαι
1813 3637 1912 3708 τὴν

317 3725 423 3777 τῶν
449 3722 710 3792 γενητῶν
740 3723 901 3791 φύσιν
929 3721 1177 3792 χωρῆσαι
1197 3722 1293 3793 τὴν
1316 3724 1553 3793 ἄκρατον
1581 3726 1913 3797 αὐτουργίαν

317 3812 412 3866 τοῦ
447 3811 597 3865 Θεοῦ
629 3811 724 3864 καὶ
751 3811 988 3881 Πατρὸς,
1023 3811 1244 3883 μεσίτου
1275 3813 1432 3884 χρεία
1461 3813 1672 3883 γέγονε,
1706 3817 1800 3869 καὶ
1823 3817 1912 3870 οὑ-

317 3923 428 3968 τως
452 3905 644 3957 ἔκτισε
672 3904 761 3957 τὸν
786 3904 916 3957 Υἱὸν
937 3905 965 3957 6
995 3904 1202 3975 Πατὴρ,
1224 3904 1340 3968 πῶς
1369 3907 1396 3959 6
1417 3905 1540 3966 Υἱὸς
1567 3907 1791 3978 γενητὸς
1812 3907 1911 3976 ὢν,

317 3997 443 4052 καθ’
475 3997 654 4067 ὑμᾶς,
697 3995 944 4066 ἐχώρησε
978 3994 1072 4048 τοῦ
1119 3996 1331 4068 [ἰατρὸς
1359 3996 1456 4068 τὴν
1491 3997 1756 4068 δύναμιν;
1793 4001 1911 4053 Ἀν-

313 4089 462 4157 ἀγκη
514 4087 632 4156 γὰρ
672 4085 767 4139 καὶ
812 4083 962 4156 αὑτῷ
1007 4083 1190 4138 δοῦναι
1221 4085 1312 4138 τὸν
1354 4085 1737 4155 μεσιτεύοντα·
1773 4088 1912 4144 ἀλλὰ

313 4181 604 4240 κάκεῖνος,
637 4177 688 4228 εί
736 4176 968 4246 ὑπάρχοι
996 4175 1243 4248 γενητὸς,
1277 4177 1450 4229 δεῖται
1482 4177 1644 4230 πάλιν
1677 4179 1770 4232 τοῦ
1812 4197 1905 4249 με·

313 4267 662 4330 σιτεύοντος,
694 4267 792 4320 καὶ
835 4265 1005 4330 οὑτως
1033 4269 1112 4330 είς
1141 4268 1368 4338 ἄπειρον
1413 4271 1653 4338 μεσιτῶν
1694 4271 1849 4342 ὄχλον
1882 4272 1911 4323 ὁ

311 4361 482 4430 λόγος
515 4359 837 4428 ἐκϐήσεται.
864 4357 1076 4415 Εἰκαίον
1101 4355 1192 4414 οῦν
1224 4361 1332 4432 ἄρα
1358 4361 1419 4415 τὸ
1450 4363 1579 4434 περὶ
1605 4365 1793 4418 τούτου
1822 4365 1910 4419 σό-

2023 3451 2090 3508 In
2119 3453 2275 3523 illud,
2311 3472 2332 3508 ι
2360 3454 2497 3510 Deus
2526 3456 2772 3526 formarit
2820 3471 2898 3507 me
2921 3453 2941 3482 ³
2989 3471 3002 3508 :
3037 3471 3054 3505 ι
3091 3453 3228 3522 quod
3283 3449 3450 3504 Filius
3493 3466 3595 3505 non

2633 3528 2699 3579 sit
2731 3534 2992 3579 creatura.

2092 3637 2149 3694 Si
2180 3639 2332 3708 juxta
2364 3647 2624 3703 vestram,
2665 3637 2759 3693 Dei
2801 3639 3008 3704 hostes,
3045 3636 3355 3706 opinionem
3391 3634 3597 3690 idcirco

2017 3748 2152 3804 opus
2179 3733 2280 3787 fuit
2310 3733 2632 3798 mediatore,
2674 3732 2799 3800 quia
2843 3740 3215 3786 creaturarum
3255 3739 3448 3783 natura
3491 3728 3596 3781 im-

2017 3837 2255 3879 mensam
2278 3821 2371 3878 Dei
2403 3823 2656 3877 virtutem
2677 3835 2871 3890 capere
2895 3821 2947 3874 in
2971 3834 3031 3874 se
3054 3833 3159 3872 non
3182 3825 3412 3886 poterat,
3450 3817 3597 3869 ideo-

2018 3929 2122 3983 que
2143 3912 2303 3969 Pater
2333 3913 2530 3968 Filium
2571 3912 2774 3966 creavit
2807 3930 2821 3965 :
2860 3925 2965 3978 quo
2995 3919 3154 3978 pacto
3190 3907 3376 3970 Filius,
3415 3904 3504 3972 qui
3540 3912 3598 3959 ut

2016 4018 2111 4060 vos
2142 4005 2343 4070 dicitis,
2376 4012 2591 4057 creatus
2623 4010 2729 4066 est,
2756 4001 2848 4055 Dei
2879 4003 3135 4053 virtutem
3164 4010 3358 4063 capere
3389 3993 3598 4064 potuit?

2017 4093 2250 4150 Necesse
2283 4093 2427 4147 enim
2463 4092 2626 4148 fuerit
2651 4092 2816 4144 etiam
2847 4091 2920 4145 illi
2966 4090 3322 4144 mediatorem
3359 4087 3594 4158 aliquem

2015 4187 2145 4244 dare
2181 4205 2194 4241 :
2252 4193 2510 4240 cmterum
2564 4184 2729 4238 etiam
2773 4182 2881 4246 ille,
2932 4182 2975 4237 si
3012 4195 3226 4236 creatus
3256 4189 3359 4247 est,
3394 4180 3596 4250 indiget

2017 4278 2346 4340 mediatore;
2377 4285 2542 4345 atque
2568 4275 2641 4329 ita
2671 4273 2827 4329 turba
2853 4274 3212 4330 mediatorum
3237 4272 3289 4327 in
3326 4273 3594 4328 inﬁnitum

2017 4379 2244 4424 crescet.
2296 4366 2571 4423 Frivulum
2602 4368 2785 4437 itaque
2811 4378 2895 4422 est
2935 4375 3174 4421 vestrum
3201 4378 3593 4433 commentum,

311 4471 531 4526 φισμα,
566 4453 748 4506 πᾶσαν
774 4451 907 4522 ὁμοῦ
930 4452 1028 4522 τὴν
1057 4453 1423 4523 δημιουργίαν
1448 4455 1769 4528 ἀνατρέπον.
1798 4460 1913 4529 Οὐχ

2017 4460 2320 4515 universam
2362 4462 2523 4516 simul
2565 4463 2894 4517 creationem
2936 4461 3281 4515 subvertens.
3314 4460 3445 4514 Nam
3487 4475 3592 4514 non

313 4545 722 4618 εὑρισκομένου
753 4546 880 4617 γὰρ,
926 4545 1125 4616 μᾶλλον
1168 4546 1224 4599 δὲ
1271 4545 1346 4618 μὴ
1390 4545 1720 4621 ζητουμένου
1752 4569 1904 4623 μεσι-

314 4638 602 4700 τεύοντος,
629 4637 728 4689 οὐκ
753 4636 817 4690 ἂν
845 4636 1052 4709 ὑπέστη
1087 4636 1156 4693 τὰ
1185 4641 1400 4710 γενητά.

582 4747 705 4825 Teir
730 4748 1447 4825 _dp6066{wr_.18rdrftcgr'
1495 4756 1562 4825 Et
1607 4756 1835 4825 κτίσμα’
1872 4759 1906 4809 ό

387 4819 550 4894 Ῑῇιρς,
569 4817 844 4894 πῶς-*ἔχει
867 4819 1019 4894 supra
1039 4817 1228 4894 φύσιὴ
1246 4819 1312 4873 τὸ
1339 4819 1489 4876 εἶναι
1512 4817 1907 4894 δημιουργύω

392 4892 483 4963 Qu)
513 4893 624 4956 γὰρ
662 4887 817 4963 lator
846 4887 967 4963 τῶν
1002 4887 1338 4963 κτισμάτων
1367 4894 1544 4947 τοῦτό
1676 4887 1908 4963 dirimit?-

387 4959 691 5033 ήνςεγκαν-
710 4961 764 5033 οξ
813 4959 1093 5033 αἱρεζιέιώ
1133 4961 1206 5013 τὰ
1234 4959 1700 5033 ὑποτεταγμένα,
1724 4959 1812 5017 ὧν
1849 4967 1907 5018 αι

390 5030 614 5094 λύσεις
641 5028 802 5082 εἰσιν
825 5027 1068 5098 ἐφεξῆς.

548 5145 957 5214 Ἀνθυποφορὰ
992 5145 1072 5211 ὼς
1107 5145 1176 5200 ἐκ
1213 5145 1331 5202 τῶν
1367 5148 1696 5215 αίρετικῶν.

395 5256 641 5326 Κτίσμα,
667 5257 853 5327 φασὶν,
886 5257 1036 5312 ἔστιν
1063 5260 1091 5312 6
1119 5259 1268 5324 Υἱὸς,
1296 5265 1391 5313 καὶ
1419 5259 1527 5312 τῶν
1555 5260 1798 5330 γενητῶν
1833 5255 1908 5324 εἷς

323 5351 561 5421 ὑπάρχει
580 5369 594 5382 ο
634 5352 697 5405 τὸ
729 5352 787 5406 δὲ
819 5352 1026 5416 κτίζειν
1056 5353 1130 5416 ὡς
1158 5352 1310 5423 παρὰ
1353 5351 1671 5405 διδασκάλου
1723 5351 1909 5421 μαθὼν

321 5441 354 5510 ἢ
389 5442 655 5512 τεχνίτου,
688 5443 1008 5513 ὑπηρέτησε
1038 5445 1172 5515 πρὸς
1206 5445 1304 5515 τὴν
1337 5443 1446 5496 τῶν
1495 5441 1669 5511 ἔργων
1721 5444 1908 5512 χρείαν

321 5532 400 5602 τῷ
423 5533 705 5601 διδάξαντι
737 5533 883 5604 Θεῷ.

1468 5711 1486 5741 ⁷
1513 5710 1641 5766 Ibid.
1675 5711 1761 5764 50.

385 5714 614 5769 'Mallit.
662 5732 714 5775 Χ,
749 5714 843 5766 ‘29.
927 5710 1146 5766 “Manlii.
1188 5728 1233 5764 \‘l
1299 5712 1386 5764 26.

2015 4552 2235 4607 invento
2263 4561 2356 4609 aut
2395 4555 2574 4624 potius
2611 4569 2716 4609 non
2761 4555 2986 4625 quaesito
3039 4554 3355 4620 mediatore,
3409 4562 3594 4607 creata

2015 4659 2118 4699 nou
2145 4646 2523 4700 substiterunt.

2015 4757 2244 4811 ALIUD.
2266 4757 2396 4812 Cum
2415 4758 2691 4812 orthodoxi
2712 4761 2924 4814 dicunt:
2950 4751 3202 4811 Si'Filius
3232 4765 3306 4808 est
3330 4762 3593 4815 creatura,

2087 4844 2187 4896 quo
2214 4837 2366 4894 pacto
2389 4828 2483 4881 hoc
2512 4830 2558 4881 ei
2586 4831 2830 4883 naturale
2847 4839 2946 4890 est,
2981 4835 3038 4878 ut
3062 4830 3128 4879 sit
3157 4835 3366 4896 creator
3384 4825 3408 4874 .’
3430 4837 3591 4888 neque

2089 4893 2227 4948 enim
2262 4908 2626 4951 creaturarum
2665 4902 2938 4965 praprium
2975 4905 3093 4958 est;
3137 4893 3375 4965 lueretici
3410 4901 3594 4965 contra

2083 4965 2335 5036 objiciunt
2366 4983 2482 5035 qua:
2514 4962 2826 5036 sequuntur,
2867 4980 3090 5035 quorum
3123 4963 3412 5017 solutiones
3440 4962 3592 5015 etiam

2091 5039 2157 5086 ad
2153 5034 2183 5104 j
2189 5034 2428 5088 icicntu'r.

2475 5145 2712 5214 Objectio
2748 5141 3138 5198 haereticorum.

2085 5263 2273 5327 Filius,
2309 5260 2580 5330 inquiunt,
2606 5266 2855 5313 creatura
2896 5267 3142 5324 unusque
3175 5264 3345 5308 estex
3381 5255 3449 5308 iis
3475 5270 3594 5323 qum

2012 5356 2151 5409 facta
2182 5365 2308 5408 sunt
2343 5371 2354 5406 :
2389 5350 2607 5406 creandi
2645 5363 2772 5404 vero
2808 5342 3121 5401 facultatem
3147 5363 3176 5400 a
3208 5343 3466 5410 magistro
3501 5355 3594 5397 aut

2010 5448 2220 5502 artitice
2245 5445 2454 5510 didicit,
2482 5451 2535 5497 et
2568 5442 2674 5496 Deo
2700 5442 2790 5510 qui
2819 5439 2999 5507 ipsum
3029 5440 3232 5503 docuit,
3267 5434 3320 5488 in
3345 5435 3594 5502 Operibus

2010 5538 2124 5590 suis
2158 5533 2508 5590 ministravit.

1845 5710 1861 5734 ⁸
1888 5707 2041 5765 Prov.
2081 5715 2318 5780 “11,22.
