4078 6260
463 310 568 368 25S

925 429 1228 489 Solutiones
1254 432 1578 504 objectiom‘s.

539 539 596 595 Si
633 542 894 614 quidquid
942 561 1048 602 non
1096 545 1414 600 naturaliter
1460 543 1618 598 alicui
1669 542 1891 596 insitum
1939 548 2043 606 est,

466 633 562 686 sed
601 643 809 689 tantum
839 637 1208 692 accidentarie
1239 636 1402 700 inest,
1443 643 1498 690 et
1526 631 1926 705 quodammodo
1952 645 2046 684 ac-

468 723 728 789 quisitum
757 727 864 791 "est,
897 727 1012 783 ﬁeri
1045 736 1219 798 potest
1250 735 1313 782 ut
1352 725 1646 798 aliquando
1685 739 1793 778 non
1836 723 2048 777 accidat

471 813 568 883 (ea
604 816 746 869 enim
792 827 874 872 est
934 818 1294 873 accidentium
1340 816 1571 888 natura)
1615 815 1866 871 accidens
1916 813 2046 868 illud

469 915 566 969 per
592 907 732 972 quod
762 904 930 960 Filius
959 915 1172 962 creator
1209 914 1313 971 est,
1343 906 1629 975 aliquando
1663 906 1715 960 in
1747 919 1812 960 eo
1850 917 2048 958 evane-

469 1009 624 1050 scere
668 995 886 1064 poterit.
938 999 1116 1069 Atque
1158 999 1228 1052 ita
1273 997 1532 1068 dignitate
1581 1012 1676 1051 sua
1724 995 2046 1065 privabitur,

469 1085 724 1142 amittens
767 1087 819 1142 id
865 1089 1010 1158 quod
1047 1087 1332 1143 didicerat.
1383 1086 1514 1142 Nam
1546 1087 1592 1141 is
1633 1087 1725 1155 qui
1759 1085 2049 1154 aliquando

467 1175 610 1241 quod
647 1175 926 1232 nesciebat
959 1176 1171 1245 didicit,
1209 1186 1387 1246 potest
1419 1176 1583 1232 etiam
1620 1176 1854 1246 ejusdem
1907 1175 2048 1232 obli-

464 1263 618 1318 visci.

1140 1380 1370 1437 ALIUD.

537 1491 829 1548 Creaturas
855 1509 884 1550 a
911 1493 1080 1551 nihilo
1103 1496 1169 1551 ad
1191 1511 1312 1553 esse
1337 1496 1640 1560 traducere,
1670 1509 1775 1549 non
1808 1503 1893 1550 est
1914 1510 2052 1564 opus

469 1585 624 1651 artis,
674 1587 770 1640 sed
825 1587 1102 1645 facultatis
1153 1591 1270 1646 sive
1312 1591 1569 1660 potentia:
1621 1589 1890 1644 creativae.
1945 1591 2051 1645 Ars

470 1676 616 1730 enim
651 1692 710 1732 ea
754 1693 872 1747 quae
912 1681 1183 1736 exsistunt
1225 1681 1278 1736 in
1317 1680 1460 1736 aliud
1489 1681 1618 1751 quid
1651 1690 1867 1736 mutat:
1899 1697 2050 1736 crea-

1473 315 1531 372 S.
1575 311 1842 370 CYRILLI
1882 308 2352 366 ALEXANDRINI
2391 311 2715 370 ARCHIEP.

3630 318 3734 375 256

2699 430 2891 496 Λύσις
2925 429 3167 501 ἐφεξῆς.

2221 543 2281 595 Ei
2314 544 2420 596 πᾶν
2450 541 2586 614 ὅπερ
2615 545 2679 598 ἄν
2707 562 2812 598 τινι
2845 545 3090 614 φαίνοιτο
3118 541 3482 614 συμϐεϐηκὸς,
3510 540 3604 595 καὶ
3631 543 3732 596 οὐκ

2147 633 2204 685 ὲν
2250 635 2318 704 τῇ
2364 633 2523 703 φύσει
2571 634 2864 704 κείμενον..
2883 635 3177 706 ἐπικτηθὲν
3201 633 3259 686 δέ
3285 651 3402 696 πως
3435 631 3580 686 κατά
3609 649 3731 686 τινα

2147 723 2366 793 τρόπον,
2393 727 2552 778 τοῦτο
2581 726 2676 778 καὶ
2708 727 3096 797 ἀποσυμὸῆναι
3143 725 3364 778 δύναταί
3401 742 3552 789 ποτε,
3587 724 3731 778 οὕτω

2149 815 2365 885 φύσεως
2397 816 2610 887 ἔχοντος
2637 819 2728 872 ἀεὶ
2755 817 2850 870 τοῦ
2883 818 3310 888 συμϐεϐηκότος,
3341 817 3732 888 ἀποσυμὸήσε-

2147 906 2236 961 ταί
2263 924 2392 962 ποτε
2420 907 2512 962 τοῦ
2531 908 2659 962 Υίοῦ
2691 908 2750 962 τὸ
2777 907 2916 962 εἶναι
2941 908 3290 980 δημιουργόν.
3319 909 3427 962 Kal
3454 909 3606 961 ἔσται
3635 909 3732 962 τοῦ

2149 994 2459 1066 ἀξιώματος
2505 997 2730 1069 ἔρημος.
2763 997 3051 1052 anesum
3102 999 3238 1070 ὅπερ
3284 999 3588 1069 ἕμαθεν.ὐ
3623 1000 3732 1071 γὰρ

2149 1083 2285 1148 ὅλως
2311 1087 2374 1137 ὲκ
2397 1085 2491 1138 τοῦ
2534 1086 2610 1158 μὴ
2637 1085 2834 1140 εἰδέναι
2853 1103 2908 1138 τι
2942 1087 3076 1157 πρὸς
3106 1087 3166 1140 τὸ
3195 1088 3393 1143 εἰδέναι
3441 1087 3730 1159 κεκλημέ-

2149 1191 2258 1241 νος,
2290 1173 2503 1240 δέξεταί
2527 1193 2660 1228 ποτε
2695 1177 2789 1230 καὶ
2821 1177 2920 1247 τῆς
2949 1175 3118 1248 λήθης
3157 1175 3218 1229 τὸ
3253 1177 3444 1242 πάθος.

2834 1378 3019 1432 ΑΛΛΟ

2223 1486 2298 1540 Τὸ
2321 1487 2388 1540 ὲκ
2416 1486 2510 1540 τοῦ
2542 1486 2618 1558 μὴ
2646 1485 2797 1552 ὄντος
2827 1488 2913 1552 εἰς
2939 1488 3000 1542 τὸ
3034 1482 3176 1543 εἶναι
3210 1490 3481 1563 παράγειν
3510 1491 3582 1545 τά
3614 1493 3732 1546 κτί-

2152 1593 2354 1646 σματα,
2384 1578 2446 1631 οὐ
2491 1580 2689 1650 τέχνης
2735 1580 2894 1651 ἔργον
2940 1582 3108 1648 ἐστὶν,
3138 1581 3275 1635 ἀλλὰ
3323 1583 3606 1654 δυνάμεως
3637 1585 3735 1655 δη⁴

2155 1671 2506 1740 μιουργικῆς.
2535 1670 2711 1743 Τέχνη
2743 1672 2842 1742 μὲν
2873 1672 2985 1744 γάρ
3024 1672 3095 1726 τὰ
3127 1673 3256 1727 ὅντα
3286 1674 3421 1745 πρὸς
3465 1675 3649 1747 ἕτερόν
3680 1692 3736 1730 τι

470 1765 576 1818 trix
612 1774 792 1821 autem
833 1767 1082 1835 facultas,
1113 1784 1175 1824 ea
1221 1785 1342 1837 quae
1385 1785 1490 1826 non
1520 1771 1793 1826 exsistunt
1835 1771 1961 1826 facit
1991 1780 2050 1826 ut

2156 1763 2585 1832 μετασκευάζει·
2613 1763 2976 1836 δημιουργικὴ
3004 1765 3060 1818 δὲ
3103 1765 3334 1837 δύναμις
3362 1766 3431 1821 τὰ
3481 1767 3554 1839 μὴ
3604 1769 3740 1822 ὄντα

468 1857 759 1914 exsistant.
793 1858 849 1914 Si
880 1875 1011 1932 ergo
1045 1863 1113 1916 ab
1143 1870 1262 1918 arte
1291 1861 1448 1932 152
1482 1871 1575 1916 aut
1604 1863 1848 1918 doctrina
1880 1872 2058 1933 potest

467 1962 590 2002 esse
611 1959 827 2006 creator
851 1951 1040 2018 Filius,
1071 1952 1292 2008 videant
1325 1955 1456 2023 quid
1503 1952 1570 2009 de
1608 1953 1770 2010 Patre
1809 1964 2058 2010 statuere

468 2039 654 2104 velint,
692 2040 736 2096 si
782 2041 907 2112 quis
945 2043 1108 2099 etiam
1142 2042 1211 2099 de
1261 2044 1353 2100 illo
1385 2045 1501 2099 haec
1551 2044 1720 2100 dicat.
1771 2047 1841 2099 At
1886 2046 2053 2113 dices,

470 2126 684 2184 Patrem
718 2133 935 2202 quidem
963 2144 1158 2188 natura
1193 2148 1334 2200 esse,
1364 2134 1560 2189 Filium
1595 2150 1724 2190 vero
1757 2134 2052 2192 edoctum:

471 2219 584 2274 fieri
621 2222 803 2292 itaque
829 2234 1007 2292 potest
1043 2234 1102 2281 ut
1131 2225 1252 2295 quis
1277 2235 1646 2296 consequatur
1682 2227 1926 2282 doctrina
1957 2242 2058 2282 na-

470 2313 698 2368 turalem
770 2318 1139 2386 operationem
1206 2319 1324 2385 Dei,
1360 2327 1526 2387 utque
1578 2319 1804 2374 edoctus
1845 2335 2053 2388 creare,

469 2399 608 2454 idem
640 2404 961 2460 naturaliter
995 2406 1069 2460 sit
1091 2406 1235 2476 quod
1265 2407 1401 2476 ipse.
1425 2406 1639 2461 Nullum
1675 2407 1838 2479 igitur
1862 2409 2057 2464 discri-

469 2507 590 2547 men
639 2495 743 2549 erit
793 2496 935 2551 inter
993 2497 1156 2552 Deum
1199 2507 1256 2554 et
1312 2509 1642 2564 creaturam,
1697 2510 2056 2570 praeterquam

469 2583 709 2639 scientiae
761 2587 1057 2658 disparitas
1105 2608 1119 2642 :
1173 2601 1369 2645 natura
1425 2600 1602 2645 autem
1657 2593 1724 2646 ab
1780 2593 1896 2662 ipso
1949 2609 2054 2648 non

469 2671 803 2740 differemus,
836 2677 928 2730 sed
964 2677 1076 2733 sola
1108 2672 1336 2734 scientia
1366 2679 1654 2735 inferiores
1684 2680 1776 2736 illo
1805 2683 2013 2738 erimus
2038 2701 2052 2739 :

471 2777 593 2832 quae
621 2767 708 2820 ubi
741 2767 949 2837 adjecta
985 2771 1140 2827 nobis
1179 2771 1364 2839 fuerit,
1397 2775 1604 2828 erimus
1639 2789 1830 2829 omnes
1863 2784 2056 2832 natura

471 2857 566 2913 dii.
606 2859 887 2926 Quomodo
923 2863 1090 2934 igitur
1123 2879 1262 2920 unus
1304 2873 1389 2920 est
1431 2865 1595 2930 Deus,
1637 2866 1685 2920 si
1740 2881 1836 2937 per
1874 2867 2054 2933 solam

471 2950 774 3008 doctrinam
797 2968 957 3022 quam
996 2957 1408 3026 consequimur,
1442 2955 1516 3010 dii
1563 2954 1870 3012 efﬁcimur?
1913 2960 1982 3012 At
2007 2961 2056 3016 si

470 3041 588 3112 ipsa
632 3058 692 3099 se
735 3045 926 3100 harum
979 3047 1458 3105 ratiocinationum
1509 3047 1822 3104 absurditas
1857 3052 2050 3120 prodit,

468 3136 792 3192 naturaliter
825 3138 1010 3206 itaque
1045 3148 1262 3195 creator
1299 3148 1385 3194 est
1429 3137 1633 3204 Filius,
1687 3153 1792 3195 non
1826 3156 1923 3212 per
1950 3143 2048 3200 do-

469 3228 726 3296 ctrinam,
755 3238 812 3285 ut
841 3247 938 3287 vos
971 3234 1294 3304 opinamini.

1150 3367 1379 3428 ALIUD.

540 3470 700 3528 Aliud
735 3474 1011 3544 quidpiam
1041 3488 1125 3533 est
1154 3481 1441 3551 sapientia,
1483 3484 1628 3541 aliud
1668 3487 1887 3557 sapiens
1918 3507 1932 3544 ι
1968 3503 2057 3544 sa-

471 3565 673 3635 pientia
705 3567 849 3621 enim
881 3579 966 3624 est
990 3585 1077 3626 res
1110 3587 1231 3642 quae
1259 3589 1450 3644 sapere
1474 3576 1631 3645 facit;
1685 3581 1902 3650 sapiens
1929 3597 2056 3638 vero

470 3659 564 3727 qui
603 3673 718 3713 rem
748 3674 868 3730 qua:
904 3677 1098 3732 sapere
1130 3663 1284 3734 facit,
1329 3667 1575 3738 suscipit.
1621 3667 1678 3725 Si
1719 3686 1849 3744 ergo
1885 3672 2058 3728 Filius

470 3750 713 3821 seipsum
769 3755 1096 3820 sapientiam
1146 3772 1271 3814 esse
1321 3759 1474 3825 dicit,
1527 3763 1796 3831 quomodo
1841 3765 2056 3835 sapiens

469 3842 697 3902 effectus
739 3847 862 3902 est?
917 3847 1054 3904 Nam
1103 3849 1149 3905 si
1197 3851 1420 3907 omnino
1463 3852 1715 3909 doctrina
1755 3853 2056 3926 indigebat,

469 3950 577 3991 non
603 3945 722 3992 erat
748 3939 1037 4009 sapientia.
1069 3939 1135 3996 Et
1157 3941 1204 3998 si
1228 3943 1494 4013 sapientia
1521 3944 1876 4002 accidentalis
1902 3946 1956 4003 in
1987 3963 2054 4005 eo

469 4039 570 4096 est,
607 4032 809 4100 poterit
851 4032 1142 4104 aliquando
1173 4035 1299 4094 talis
1335 4051 1440 4094 non
1473 4052 1620 4103 esse,
1663 4051 1788 4095 cum
1825 4039 1881 4094 id
1909 4041 2054 4110 quod

468 4122 665 4177 accidit
703 4125 875 4193 possit
924 4125 1087 4181 etiam
1129 4142 1236 4183 non
1264 4129 1531 4186 accidere.
1567 4129 1833 4197 Quidnam
1889 4131 2056 4204 igitur

467 4223 587 4266 erat
610 4222 738 4268 ante
757 4215 900 4270 hoc?
926 4218 1192 4287 sapientia
1217 4221 1361 4276 enim
1392 4237 1498 4276 non
1524 4231 1664 4288 erat,
1693 4239 1815 4278 cum
1839 4227 2053 4295 sapien-

471 4301 546 4355 tia
574 4303 859 4373 indigeret.
895 4305 961 4360 At
999 4322 1216 4378 semper
1243 4310 1344 4365 fuit
1387 4313 1651 4381 sapientia
1690 4313 1884 4369 Filius.
1937 4315 2050 4372 iloc

468 4393 614 4447 enim
657 4407 811 4448 sacra
849 4393 1130 4467 Scriptura
1157 4399 1222 4454 de
1257 4401 1371 4470 ipso
1395 4403 1674 4470 praedicat.
1704 4404 1914 4460 Vanum
1949 4408 2052 4461 ita-

469 4500 576 4554 que
607 4495 663 4541 et
689 4486 981 4544 absurdum
1017 4498 1102 4546 est
1138 4491 1340 4560 dicere,
1386 4491 1526 4549 Filio
1557 4493 1762 4566 aliquid
1796 4496 2047 4553 doctrina

467 4579 752 4636 accidisse.

1141 4697 1366 4757 ALIUD.

539 4784 600 4863 Si
625 4807 852 4866 facultas
877 4809 1101 4867 creandi
1134 4810 1272 4869 Filio
1313 4828 1412 4884 per
1437 4812 1743 4873 doctrinam
1788 4816 2041 4886 accessit,

463 4909 629 4969 atquo
677 4901 750 4955 ita
781 4900 954 4958 factus
974 4913 1056 4958 est
1071 4914 1287 4960 creator
1311 4906 1504 4974 Filius,
1533 4908 1744 4966 invidiae
1775 4910 1906 4966 vitio
1939 4909 2043 4965 Pa-

465 4998 604 5044 trem
633 5000 890 5058 onerant,
936 4993 980 5048 si
1021 5009 1146 5049 cum
1178 4995 1380 5054 multos
1406 4998 1603 5056 docere
1634 5009 1843 5072 posset,
1876 5016 2044 5056 unum

2157 1854 2294 1924 πρὸς
2326 1855 2387 1907 τὸ
2419 1852 2560 1909 εἶναι
2591 1856 2764 1914 καλεῖ.
2801 1857 2866 1912 Et
2903 1856 3086 1912 τοίνυν
3116 1858 3226 1912 άπὸ
3249 1857 3443 1929 τέχνης
3488 1861 3584 1912 καὶ
3633 1877 3738 1930 μα-

2156 1945 2364 2018 θήσεως
2407 1943 2547 2003 εἶναι
2579 1949 2803 2003 δύναται
2847 1948 3178 2020 δημιουργὸς
3211 1952 3239 2004 6
3267 1950 3412 2016 Υἱὸς,
3448 1951 3739 2021 ὁράτωσαν

2155 2036 2208 2088 τί
2237 2054 2368 2090 ποτε
2396 2037 2502 2109 ἄρα
2533 2040 2628 2091 καὶ
2661 2039 2789 2110 περὶ
2819 2039 2914 2092 τοῦ
2945 2038 3160 2112 Πατρὸς
3185 2038 3424 2111 ἐροῦσιν,
3459 2039 3515 2093 εἰ
3536 2057 3622 2104 τις
3645 2043 3741 2096 καὶ

2157 2131 2242 2182 ἐπ’
2269 2130 2434 2183 αὑτοῦ
2473 2129 2646 2184 ταῦτα
2674 2130 2854 2199 λέγοιο
2905 2131 3044 2186 Ἀλλ’
3070 2134 3234 2203 ἐρεῖς.
3261 2132 3344 2187 ὅτι
3381 2132 3544 2201 φύσει
3579 2133 3679 2204 μὲν
3714 2137 3742 2188 ὁ

2157 2219 2366 2291 Πατὴρ,
2393 2220 2638 2285 διδακτὸς
2683 2220 2739 2274 δὲ
2789 2220 2992 2284 ὁΥἱός.
3040 2221 3288 2287 Ἔξεστιν
3335 2217 3429 2274 οὖν
3474 2221 3742 2286 διδακτῶς

2158 2311 2461 2382 κτήσασθαί
2494 2329 2614 2365 τινα
2642 2310 2740 2382 τὴν
2764 2311 3000 2382 φυσικὴν
3031 2311 3312 2384 ἐνέργειαν
3335 2311 3430 2366 τοῦ
3457 2311 3618 2376 Θεοῦ,
3647 2313 3746 2366 καὶ

2159 2401 2400 2472 μαθόντα
2421 2401 2628 2466 κτίζειν
2651 2403 2904 2472 γενέσθαι
2928 2403 3088 2457 τοῦτο
3108 2405 3246 2475 ὅπερ
3271 2405 3388 2457 ἐστὶ
3412 2403 3556 2458 κατὰ
3578 2405 3741 2474 φύσιν

2157 2496 2338 2560 αὑτός.
2363 2495 2533 2550 Οὐδὲν
2554 2491 2646 2550 οὖν
2669 2496 2780 2568 ἄρα
2803 2497 2865 2550 τὸ
2887 2497 3088 2569 μεταξὺ
3118 2497 3252 2551 Θεοῦ
3278 2499 3371 2551 καὶ
3397 2498 3733 2568 κτισμάτων,

2156 2587 2204 2639 εἰ
2236 2586 2312 2658 μὴ
2343 2587 2544 2655 γνῶσις
2580 2588 2830 2660 περιττὴ,
2864 2588 2960 2643 καὶ
2993 2589 3153 2658 φύσει
3185 2590 3284 2660 μὲν
3319 2590 3456 2661 πρὸς
3481 2589 3641 2642 αὑτὸν
3671 2589 3730 2641 οὐ

2155 2678 2485 2751 διῃρήμεθα,
2524 2679 2660 2751 μόνῃ
2687 2679 2743 2734 δὲ
2776 2681 2844 2751 τῇ
2878 2679 3078 2749 γνώσει
3108 2675 3408 2753 λειπόμεθα
3427 2699 3440 2712 ·
3469 2676 3536 2752 ἦς
3567 2697 3736 2752 προσ-

2155 2769 2427 2839 τεθείσης,
2464 2770 2702 2842 ἐσόμεθα
2732 2772 2932 2837 πάντες
2975 2772 3117 2827 κατὰ
3148 2773 3307 2842 φύσιν
3334 2772 3467 2827 θεοί.
3491 2771 3617 2837 Πῶς
3645 2771 3737 2826 οὖν

2156 2858 2236 2927 εἷς
2268 2863 2420 2928 Θεὸς,
2454 2864 2504 2916 εί
2551 2864 2610 2917 ὲν
2659 2865 2806 2936 μόνῳ
2843 2865 2923 2936 τῷ
2972 2865 3165 2936 μαθεῖν
3194 2869 3374 2920 κεῖται
3395 2866 3456 2920 τὸ
3481 2866 3738 2935 γενέσθαι

2157 2955 2343 3022 θεούς;
2376 2957 2439 3010 Et
2467 2956 2524 3010 δὲ
2553 2957 2721 3029 πολλή
2751 2957 2834 3023 τίς
2876 2959 3024 3013 ἐστιν
3065 2961 3124 3014 ὲν
3153 2959 3362 3024 τούτοις
3387 2962 3420 3032 ἡ
3450 2959 3561 3013 τῶν
3589 2959 3738 3028 λογι-

2159 3047 2311 3120 σμῶν
2357 3049 2574 3115 ἀτοπία,
2603 3051 2849 3120 φυσικῶς
2899 3051 3009 3124 ἄρα
3055 3051 3387 3125 δημιουργὸς
3428 3055 3458 3107 6
3495 3052 3646 3119 Υἱὸς,
3675 3048 3746 3108 οὐ.

2156 3141 2442 3209 διδακτῶς,
2473 3142 2592 3196 καθ’
2629 3144 2794 3214 ὑμᾶς.
3128 3135 3148 3152 ’

2844 3369 3048 3424 ΑΛΔΟ.

2226 3481 2452 3554 Ἕτερόν
2480 3482 2533 3536 τί
2559 3483 2675 3536 ἐστι
2706 3481 2890 3551 σοφία,
2919 3481 3012 3536 καὶ
3039 3480 3225 3553 ἕτερον
3262 3481 3291 3534 6
3337 3479 3498 3550 σοφός
3519 3493 3534 3510 ⁶
3567 3479 3602 3552 ἡ
3637 3479 3735 3552 μὲν

2155 3573 2267 3644 γάρ
2302 3574 2465 3643 σοφία
2507 3573 2637 3628 αὐτὸ
2685 3571 2747 3626 τὸ
2797 3574 3030 3644 πρᾶγμα
3080 3572 3141 3628 τὸ
3189 3571 3388 3643 σοφοῦν
3421 3575 3591 3636 ἐστιν,
3624 3574 3653 3627 6
3680 3573 3739 3625 δὲ

2157 3665 2321 3735 σοφὸς
2369 3668 2398 3720 ὁ
2450 3665 2544 3719 τοῦ
2581 3665 2872 3734 σοφοῦντος
2904 3665 3172 3730 δεκτικός.
3202 3666 3265 3718 Ei
3315 3666 3498 3720 τοίνυν
3545 3666 3740 3734 σοφίαν

2155 3757 2346 3811 ἑαυτὸν
2371 3753 2510 3812 εἷναί
2529 3774 2692 3828 φησιν
2715 3758 2743 3809 6
2761 3757 2908 3824 Υἱὸς,
2927 3757 3043 3822 πῶς
3069 3755 3361 3827 ἑσοφοῦτο;
3386 3759 3450 3811 Εί
3473 3756 3584 3830 γὰρ
3605 3757 3750 3821 ὅλως

2153 3849 2323 3904 ὲδεῖτο
2365 3849 2672 3921 μαθήσεως,
2700 3850 2801 3903 οὐκ
2828 3845 2896 3920 ἦν
2926 3850 3109 3918 σοφία.
3144 3850 3254 3904 Kal.
3293 3851 3342 3903 ei
3392 3849 3741 3922 συμσέὁηκεν

2154 3940 2303 4012 αὐτῷ
2329 3941 2390 3994 τὸ
2417 3941 2598 4012 σοφὸν,
2623 3940 2777 3996 ἔσται
2811 3941 2944 3995 ποτὲ
2971 3943 3065 3996 καὶ
3089 3942 3151 3996 οὐ
3179 3940 3440 4008 τοιοῦτος,
3471 3941 3568 3995 τοῦ
3597 3958 3737 4013 συμ-

2153 4032 2449 4104 ϐεϐηκότος
2502 4034 2594 4086 καὶ
2645 4033 3032 4106 ἀποσυμϐἦναι
3073 4032 3393 4104 δυναμένου.
3428 4032 3495 4087 Τί
3537 4031 3632 4088 οὖν
3669 4031 3738 4107 ἦν

2153 4125 2260 4196 ἄρα
2317 4125 2422 4198 πρὸ
2467 4123 2697 4192 τούτους
2751 4124 2914 4196 σοφία
2960 4125 3068 4198 γάρ
3117 4125 3218 4180 οὐκ
3274 4119 3365 4198 ἦν,
3415 4124 3736 4196 λειπόμενος

2154 4219 2489 4290 φρονήσεως.
2506 4217 2646 4271 Ἀλλ’
2689 4212 2758 4290 ἦν
2808 4217 2896 4271 ἀεὶ
2941 4217 3104 4288 σοφία
3152 4219 3182 4271 6
3224 4218 3374 4282 Υἱός.
3407 4217 3577 4272 Τοῦτο
3629 4220 3738 4290 γάρ

2153 4308 2514 4380 κηρύττουσιν
2539 4311 2596 4363 αἱ
2626 4308 2766 4363 θεῖαι
2799 4308 3036 4381 Γραφαι.
3073 4309 3474 4381 Διεψευσμένον
3500 4310 3607 4381 ἄρα
3635 4311 3734 4363 καὶ

2152 4399 2365 4470 ἀμαθὲς
2411 4401 2474 4454 τὸ
2517 4401 2581 4455 ὲκ
2632 4395 2923 4474 μαθήσεώς
2975 4419 3025 4457 τι
3074 4403 3502 4474 προσγεγονέναι
3555 4403 3736 4472 λέγειν

2153 4491 2320 4564 αὐτῷ.

2843 4698 3047 4752 ΑΛΛΟ.

2225 4807 2288 4863 Εἰ
2311 4806 2556 4863 διδακτόν
2580 4809 2694 4863 ἐστι
2720 4811 2782 4864 τὸ
2803 4809 3064 4866 δύνασθαι
3082 4812 3457 4884 δημιουργεῖν,
3476 4815 3571 4869 καὶ
3591 4815 3749 4872 οὕτωΔ

2149 4897 2339 4968 γέγονε
2379 4898 2713 4970 δημιουργὸς
2756 4902 2785 4955 ὁ
2809 4901 2959 4968 Υἱὸς,
2988 4903 3185 4972 φθόνου
3238 4904 3412 4968 πάθος
3452 4907 3734 4977 εἰσάγουσι

2145 4991 2368 5061 γεγονὸς
2396 4993 2532 5064 πρὸς
2563 4993 2656 5046 τὸν
2681 4993 2922 5067 Πατέρα,
2949 4996 3004 5048 ei
3022 5012 3087 5066 γε
3122 4995 3349 5060 πολλοὺς
3391 4998 3598 5064 διδάξαι
3639 5000 3731 5053 δυ-

463 5088 674 5136 tantum
712 5083 918 5140 docuit.
960 5083 1100 5152 Quid
1142 5087 1288 5143 enim
1328 5091 1622 5156 nocuisset,
1661 5092 1857 5150 multos
1896 5095 2043 5150 circa

2152 5084 2395 5156 νάμενος,
2424 5085 2522 5138 ἕνα
2553 5084 2716 5155 μόνον
2745 5085 2977 5152 ἐδίδαξε.
3011 5086 3076 5140 Τί
3123 5087 3234 5158 γάρ
3279 5087 3468 5142 ἐλύπει
3504 5090 3732 5155 πολλοὺς

463 5169 641 5237 ipsum
666 5183 943 5231 creatores
970 5176 1203 5247 versari,
1235 5179 1690 5249 quemadmodum
1722 5182 1922 5239 mullos
1949 5200 2042 5239 ar-

465 5263 758 5333 changelos
797 5276 962 5338 atque
989 5271 1209 5341 angelos
1262 5272 1464 5328 habet?
1518 5273 1673 5330 Nunc
1725 5290 1857 5331 vero
1899 5275 2048 5333 solus

464 5354 636 5412 Filius
663 5369 925 5428 operatur
969 5375 1092 5431 qua:
1138 5361 1326 5420 Pater.
1375 5363 1710 5420 Naturaliter
1758 5367 1946 5437 itaque
1993 5369 2044 5424 ei

467 5447 652 5515 insita,
683 5465 789 5507 non
825 5453 1070 5509 doctrina
1111 5456 1376 5527 acquisita
1411 5465 1496 5513 est
1522 5457 1745 5513 creandi
1788 5458 2042 5527 facultas,

2149 5179 2278 5252 περὶ
2305 5178 2468 5232 αὐτὸν
2493 5173 2632 5232 εἶναι
2652 5179 3038 5252 δημιουργοὺς,
3057 5180 3249 5254 ὥσπερ
3274 5177 3368 5236 06v
3389 5184 3482 5238 καὶ
3504 5184 3733 5249 πολλοὺς

2147 5270 2522 5342 ἁρχαγγέλους
2549 5273 2644 5325 καὶ
2671 5272 2935 5340 ἀγγέλους
2964 5273 3106 5344 ἔχεις
3140 5273 3256 5328 Νῦν
3281 5275 3339 5329 δὲ
3373 5276 3533 5346 μόνος
3555 5278 3582 5329 6
3605 5277 3732 5341 Υἱὸς

2146 5365 2216 5420 τὰ
2256 5364 2353 5419 τοῦ
2399 5365 2612 5438 Πατρὸς
2659 5366 2976 5437 ἐργάζεται.
3003 5369 3237 5422 Φυσικὸν
3266 5367 3362 5422 οὖν
3395 5369 3505 5441 ἄρα
3547 5370 3643 5423 atat
3669 5369 3731 5423 οὐ

2146 5457 2393 5511 διδακτδν
2436 5459 2495 5510 ὲν
2543 5456 2693 5527 αὐτῷ
2732 5457 2795 5512 τὸ
2840 5458 3216 5530 δημιουργεῖν,
3245 5461 3333 5515 ἵνα
3382 5462 3478 5515 καὶ
3534 5461 3730 5530 φθόνου

467 5553 537 5594 ne
565 5539 726 5594 Pater
758 5543 959 5598 invidia
1015 5545 1295 5604 laborasse
1333 5558 1626 5605 censeatur
1658 5569 1670 5604 :
1711 5552 1910 5622 quippe
1949 5552 2046 5622 qui

2152 5550 2407 5620 φαίνηται
2433 5550 2693 5620 κρείττων
2718 5553 2746 5604 6
2778 5553 2988 5624 Πατὴρ,
3011 5554 3070 5606 οὑ
3099 5553 3318 5619 διδάξας
3349 5553 3568 5625 μᾶλλον,
3593 5554 3730 5608 ἀλλὰ

467 5646 575 5687 non
607 5632 812 5700 docuit,
851 5637 946 5690 sed
979 5650 1046 5690 ex
1083 5652 1141 5692 se
1183 5639 1367 5708 genuit
1399 5657 1562 5696 unum
1595 5651 1918 5710 creatorem,
1947 5659 2046 5715 per

2152 5645 2418 5714 γεννήσας
2461 5644 2518 5710 ἐξ
2552 5645 2746 5699 ἑαυτοῦ
2794 5646 2884 5700 τὸν
2930 5647 3023 5702 ἕνα
3067 5647 3418 5720 δημιουργὸν,
3447 5647 3517 5701 δι’
3548 5641 3609 5700 06
3661 5648 3729 5702 τὰ

465 5740 626 5795 quem
656 5726 834 5781 omnia
864 5739 1135 5797 operatur.
1543 5730 1547 5734 ’

2157 5736 2332 5790 πάντα
2359 5736 2669 5804 ἐργάζεται.
