4078 6260
313 365 419 426 237

568 483 786 551 ΔΛΑΟ,
828 483 1088 539 πιθανὸν
1123 483 1268 551 ἕχον
1307 483 1372 534 τὸ
1410 483 1642 555 σχῆμα.

382 597 451 654 Ei.
478 599 568 654 διὰ
591 599 780 666 τοῦτο,
799 600 926 655 καθ’
948 601 1114 670 ὑμᾶς,
1139 600 1230 652 τὸν
1247 600 1376 654 Υἱδν
1404 601 1616 656 ἔκτισεν
1643 605 1671 657 6
1695 603 1908 675 Πατὴρ,

318 695 407 748 ἵνα
432 695 536 764 τῆς
564 695 804 765 γενητῆς
849 694 1067 762 φύσεως
1095 695 1293 766 εὑρεθῇ
1326 697 1574 767 ποιητὴς,
1616 697 1783 768 ἐχρῆν
1814 698 1914 750 αὖ·

324 786 418 840 τὸν
453 786 696 856 ἀργῆσαι
728 785 910 838 λοιπὸν
940 785 1088 850 ἅπαξ
1133 785 1230 840 τοῦ
1260 787 1392 840 Υἱοῦ
1424 787 1740 858 γενομένου.
1784 787 1910 853 Πῶς

332 876 427 934 οὖν
463 876 754 949 ἐργάζεται
783 877 872 930 καὶ
913 879 1051 947 μετὰ
1095 877 1186 931 τὸν
1218 879 1382 945 Υίόν;
1417 880 1601 944 Ἀὐτὸς
1647 880 1757 953 γάρ
1807 897 1911 933 που

339 969 501 1025 τοῦτό
534 987 694 1040 φησιν
719 967 745 1021 6
767 969 958 1038 Σωτήρ
984 987 996 999 ο
1037 989 1056 1020 ι
1078 972 1135 1022 '0
1164 971 1356 1042 Πατήρ
1397 989 1500 1042 μου
1533 972 1638 1035 ἕως
1667 971 1792 1044 ἄρτι
1819 973 1910 1042 ὲρ-

347 1062 590 1132 γάζεται,
621 1061 767 1130 κάγὼ
789 1059 1114 1132 ἐργάζομαι.
1141 1081 1160 1113 I
1187 1063 1251 1116 Εί
1281 1063 1457 1117 τοίνυν
1487 1063 1780 1134 ἐργάζεται
1816 1064 1914 1117 καὶ

357 1153 491 1225 μετὰ
537 1154 623 1206 τὸν
652 1153 789 1216 Υξὸν,
817 1149 1071 1222 περιττὸς
1117 1150 1184 1206 ἂν
1236 1151 1324 1222 εἴη
1369 1153 1493 1206 καθ’
1520 1153 1662 1223 ὑμᾶς
1703 1154 1732 1206 6
1760 1153 1910 1216 Υἱός.

368 1243 685 1298 ’Δλλάτοῦτο
716 1244 918 1297 ἄτοπον
949 1246 1166 1314 φρονεῖν
1202 1261 1264 1298 τε
1292 1245 1389 1298 καὶ
1419 1245 1621 1313 λέγειν.
1652 1245 1768 1298 Οὐκ
1799 1244 1909 1316 ἄρα

353 1336 589 1408 παρήχθη
620 1337 755 1407 πρὸς
769 1336 833 1390 τὸ
857 1332 994 1390 εἶναι
1020 1337 1248 1410 γενητὸς
1273 1337 1464 1401 ὀΥίὸς,
1484 1337 1572 1392 ἵνα
1596 1336 1704 1390 τῶν
1732 1336 1908 1391 ἄλλων

347 1429 556 1499 γένηται
604 1427 856 1499 ποιητὴς,
886 1428 1000 1483 ἀλλ’
1025 1431 1090 1482 ἐκ
1138 1432 1239 1500 τῆς
1285 1429 1526 1500 άρῤήτου
1569 1429 1663 1483 τοῦ
1694 1429 1910 1500 Πατρὸς

345 1520 517 1584 οὐσίας
567 1519 866 1592 προελθὼν,
921 1521 996 1584 ὡς
1019 1520 1167 1585 Υἱὸς,
1202 1521 1381 1575 πάντα
1430 1521 1497 1575 τά
1549 1519 1644 1575 τοῦ
1694 1522 1908 1592 Πατρὸς

354 1614 478 1685 μετὰ
501 1613 590 1667 τοῦ
612 1613 826 1685 Πατρὸς
848 1613 1166 1685 ἐργάζεται,
1193 1612 1439 1681 φυσικῶς
1463 1611 1724 1684 ὑπάρχων
1750 1612 1878 1666 τοῦθ
1894 1613 1908 1634 ’

353 1709 475 1778 ὅπερ
521 1705 649 1775 ἐστὶ,
679 1705 816 1770 Θεὸς
864 1705 1128 1776 δηλονότι,
1167 1705 1263 1760 καὶ
1313 1705 1404 1760 διὰ
1451 1704 1609 1760 τοῦτο
1648 1704 1909 1776 δημιουρ-

363 1801 468 1867 γᾶς.

1009 1913 1213 1968 ΑΛΛΟ.

431 2029 487 2080 Ei
527 2027 593 2099 τῷ
633 2028 762 2100 θείῳ
813 2025 1137 2100 βουλήματι,
1174 2027 1316 2082 κατά
1347 2028 1444 2099 τὴν
1479 2026 1628 2081 θείαν
1657 2025 1906 2097 Γραφὴν,

355 2117 655 2190 ἀνθέστηκεν
707 2119 911 2182 οὐδεὶς,
940 2119 1050 2172 ἀλλ’
1087 2119 1308 2190 ἐξαρκεῖ
1356 2118 1515 2173 τοῦτο
1567 2117 1663 2172 καὶ
1721 2117 1909 2189 μόνον,

344 2208 462 2279 πρὸς
486 2210 584 2283 τὴν
609 2211 720 2265 τῶν
764 2210 902 2264 ὅλων
939 2210 1224 2263 σύστασινο
1263 2211 1381 2281 ἅμα
1424 2211 1532 2282 γὰρ
1567 2209 1798 2281 ἠθέλησέ
1831 2226 1905 2275 τι,

333 2303 676 2372 παραχρῆμα
710 2302 950 2369 γίνεται,
983 2301 1128 2354 κατὰ
1170 2301 1261 2356 τὸν
1308 2301 1534 2370 λέγοντα
1562 2297 1868 2371 Ψαλμῳδόν
1890 2316 1903 2330 ⁸

327 2407 346 2441 ι
384 2392 590 2445 Πάντα
611 2393 716 2444 ὅσα
749 2389 1016 2462 ἠθέλησεν
1041 2391 1283 2462 ἐποίησε,
1320 2410 1338 2442 ι
1373 2391 1457 2455 τίς
1481 2387 1548 2464 ἦν
1573 2393 1605 2463 ἡ
1634 2391 1727 2444 τοῦ
1755 2408 1907 2462 μεσι-

318 2481 589 2545 τεύοντος
621 2481 816 2553 χρεία;
849 2481 1130 2552 Περιττῶς
1154 2484 1262 2553 ἄρα
1288 2485 1506 2552 γέγονεν
1543 2487 1571 2538 6
1598 2485 1734 2547 Υἱός.
1756 2484 1908 2538 Ἀλλὰ

315 2573 490 2627 τοῦτο
539 2574 721 2643 λέγειν
763 2574 869 2630 τῶν
907 2575 1294 2629 ἀτοπωτάτων.
1327 2577 1499 2641 Αὐτὸς
1545 2577 1651 2648 ἄρα
1693 2578 1837 2629 ἐστὶν
1875 2577 1906 2646 ἡ

319 2666 577 2729 ὲνούσιος
621 2667 717 2722 καὶ
753 2665 903 2730 ζῶσα
943 2666 1038 2720 τοῦ
1082 2667 1293 2738 Πατρός
1339 2667 1607 2738 βούλησις,
1635 2667 1702 2721 δι’
1736 2661 1801 2739 ἧς
1841 2668 1906 2722 τά

321 2756 503 2809 πάντα
535 2754 676 2826 πρὸς
703 2756 764 2809 τὸ
795 2751 935 2810 εἶναι
963 2757 1136 2811 καλεῖ.
1165 2753 1298 2812 Εἶτα
1345 2758 1462 2822 πῶς
1505 2759 1641 2832 αὕτη
1677 2760 1906 2832 πεποίη-

321 2862 439 2912 ται;
483 2844 615 2909 Πῶς
640 2846 696 2900 δὲ
719 2846 854 2911 ὅλως
888 2847 989 2901 οὐκ
1017 2843 1086 2918 ἦν
1118 2849 1342 2904 ἐκείνων
1374 2850 1584 2918 είπεῖν;

823 3045 1028 3113 AAAO,
1069 3046 1168 3100 καὶ
1203 3045 1398 3116 δριμύ.

1717 363 2161 423 τιιΕεΑυιιυε.

3489 379 3596 436 εειε

2369 484 2594 548 ALIUD,
2628 497 2686 540 ut
2717 487 2922 541 videtur
2954 491 3242 558 probabile.

2088 597 2146 651 Si
2203 608 2508 666 propterea,
2545 609 2600 652 ut
2635 614 2731 656 vos
2774 603 3094 672 opinamini,
3139 604 3337 660 Filium
3389 610 3597 664 creavit

2013 688 2197 753 Pater,
2250 700 2307 743 ut
2353 698 2553 744 creatae
2611 702 2822 746 natura
2869 693 3041 748 factor
3073 708 3196 749 esse
3243 706 3592 765 cerneretur,

2015 783 2382 836 necessarium
2413 783 2641 838 omnino
2677 794 2761 839 est
2800 795 2858 839 ut
2891 795 3075 840 creato
3107 784 3245 840 Filio
3277 791 3591 845 cessaverit.

2013 872 2296 940 Quomodo
2336 874 2501 944 igitur
2540 885 2798 945 operatur
2841 887 2964 947 post
3007 877 3241 934 Filium?
3286 878 3404 950 Ipso
3448 881 3592 936 enim

2013 962 2277 1019 Servator
2300 964 2406 1021 hoc
2443 968 2520 1020 ait
2548 984 2563 1022 :
2605 986 2623 1018 r
2653 965 2818 1024 Pater
2853 985 3004 1026 meus
3033 985 3202 1042 usque
3236 987 3378 1028 nunc
3401 988 3594 1044 opera-

2012 1061 2120 1119 tur,
2165 1063 2221 1110 et
2251 1070 2354 1127 ego
2381 1071 2580 1126 operor
2600 1059 2644 1113 ⁹.
2674 1078 2693 1112 ι
2735 1058 2791 1116 Si
2825 1076 2953 1133 ergo
2979 1073 3233 1133 Operatur
3273 1065 3434 1120 etiam
3473 1076 3595 1136 post

2010 1144 2225 1208 Filium,
2259 1161 2700 1217 supervacaneus
2735 1152 2904 1222 igitur
2933 1153 3123 1220 fuerit,
3154 1155 3450 1210 secundum
3480 1172 3592 1222 vos,

2009 1234 2198 1294 Filius.
2232 1235 2500 1293 Ceterum
2531 1239 2635 1294 hoc
2661 1249 2716 1296 et
2759 1242 2909 1298 dictu
2949 1255 3005 1298 et
3042 1244 3278 1312 cogitatu
3307 1247 3594 1302 absurdum

2008 1339 2113 1387 est.
2142 1329 2258 1386 Non
2287 1340 2370 1387 est
2394 1345 2524 1402 ergo
2552 1342 2772 1390 creatus
2805 1334 2996 1400 Filius,
3032 1345 3092 1392 ut
3124 1338 3237 1407 ipse
3263 1340 3592 1409 reliquoru

2014 1422 2172 1494 153
2195 1429 2411 1478 creator
2434 1422 2588 1478 ﬂeret
2617 1441 2631 1477 :
2657 1424 2752 1480 sed
2775 1440 2841 1480 ex
2872 1425 3128 1482 ineiiabili
3158 1427 3334 1484 Patris
3360 1431 3596 1485 essentia

2008 1511 2330 1582 procedens,
2362 1519 2422 1567 ut
2470 1511 2664 1578 Filius,
2715 1516 2896 1569 omnia
2945 1532 3064 1587 quae
3105 1517 3284 1574 Patria
3312 1530 3594 1577 suntcum

2007 1601 2170 1658 Patre
2211 1612 2492 1674 operatur,
2539 1604 2862 1662 naturaliter
2893 1607 2945 1663 id
2988 1609 3255 1666 exsistens
3303 1614 3447 1680 quod
3487 1620 3592 1675 est,

2009 1695 2268 1751 nimirum
2289 1695 2465 1761 Deus,
2485 1711 2548 1752 ac
2575 1707 2865 1768 propterea
2897 1710 3132 1757 creator.

2695 1895 2922 1953 ALIUD.

2082 2009 2140 2066 Si
2169 2013 2430 2068 voluntati
2463 2012 2693 2080 divinae,
2727 2024 2786 2069 ut
2828 2014 3107 2085 Scriptura
3154 2031 3305 2071 sacra
3339 2025 3590 2078 testatur,

2013 2117 2172 2158 nemo
2199 2105 2422 2172 restitit,
2480 2107 2575 2161 sed
2607 2106 2713 2162 hoc
2741 2117 2794 2161 et
2823 2109 3040 2176 quidem
3072 2109 3246 2163 solum
3278 2091 3592 2164 .umcn'ad

2012 2194 2389 2251 universorum
2434 2199 2898 2262 constitutionem,
2933 2201 3091 2253 simul
3127 2201 3270 2255 enim
3303 2211 3463 2271 atque
3494 2217 3590 2254 vo-

2013 2286 2129 2351 luit,
2157 2290 2439 2346 confestim
2475 2291 2613 2346 facta
2647 2302 2794 2356 sunt,
2837 2295 2986 2360 juxta
3027 2293 3328 2348 Psaltnislte
3360 2311 3544 2347 vocem
3579 2313 3589 2348 :

2017 2400 2034 2433 ι
2068 2381 2262 2438 Omnia
2291 2398 2628 2453 quacunque
2645 2385 2834 2447 voluit,
2861 2386 2986 2439 fecit
3012 2388 3084 2450 '°;
3115 2387 3272 2456 tquis
3299 2387 3462 2454 igitur
3478 2396 3595 2440 erat

2010 2491 2142 2532 usus
2175 2475 2534 2531 mediatoris?
2564 2475 2787 2531 Frustra
2817 2493 2948 2546 ergo
2980 2477 3152 2532 factus
3179 2487 3263 2532 est
3289 2476 3458 2531 Filius
3490 2495 3504 2532 :
3540 2491 3595 2531 at

2010 2565 2114 2621 hoc
2146 2564 2594 2620 absurdissimum
2621 2566 2764 2621 dictu
2791 2578 2895 2620 est.
2933 2567 3050 2637 Ipse
3082 2567 3244 2639 igitur
3281 2579 3359 2622 est
3393 2567 3594 2622 inexsi-

2010 2666 2157 2712 stens
2185 2671 2248 2712 ac
2289 2657 2412 2710 viva
2460 2655 2639 2711 Patris
2668 2656 2939 2719 voluntas,
2981 2672 3074 2726 per
3103 2673 3262 2726 quam
3293 2657 3475 2710 omnia
3525 2656 3591 2710 ad

2009 2764 2128 2804 esse
2159 2749 2418 2804 traducit.
2452 2748 2736 2815 Quomodo
2770 2752 2950 2824 itaque
2994 2751 3104 2804 Iure
3136 2750 3248 2820 ipsa
3295 2749 3436 2803 facta
3468 2759 3547 2801 est
3569 2749 3595 2799 τ

2009 2841 2116 2894 Αυι
2161 2839 2433 2910 quomodo
2479 2843 2530 2895 In
2576 2842 2891 2897 universum
2941 2857 3046 2896 non
3092 2851 3230 2904 erat,
3276 2849 3332 2892 ut
3377 2839 3464 2894 isti
3497 2854 3592 2893 γο-

2010 2932 2167 2987 lunt?

2461 3043 2695 3115 ALIUD,
2726 3046 2881 3113 idque
2909 3056 3142 3114 acutum.

386 3155 447 3208 Εί
494 3154 594 3208 διὰ
641 3154 801 3208 τοῦτό
850 3172 1014 3226 φασιν
1063 3156 1307 3212 ἐκτίσθαι
1352 3158 1443 3213 τὸν
1475 3159 1623 3227 Υίὸν,
1659 3164 1728 3216 ἵν’
1757 3166 1906 3236 ἡμᾶς

2082 3158 2138 3213 Si
2174 3169 2458 3228 propterea
2495 3168 2738 3213 creatum
2787 3173 2905 3214 esse
2943 3157 3141 3213 Filium
3175 3156 3380 3225 dicunt,
3409 3168 3465 3214 ut
3499 3176 3597 3217 uos

319 3247 702 3318 δημιουργήσῃ
737 3247 871 3311 Θεὸς
895 3247 964 3301 δι’
992 3248 1181 3313 αὐτοῦ,
1212 3252 1490 3321 ὁράτωσαν
1521 3256 1600 3318 είς
1626 3256 1757 3327 ὅσην
1785 3258 1909 3311 ἀσέ-

320 3337 467 3390 ϐειαν
496 3337 695 3400 αὐτοῖς
723 3339 751 3390 6
782 3337 939 3407 λόγος
970 3340 1285 3411 ἐκϐήσεται.
1321 3345 1570 3399 Φαίνεται
1604 3347 1714 3419 γάρ
1747 3349 1909 3414 αὐτὸς

318 3430 378 3482 δι’
400 3432 566 3501 ἡμᾶς
594 3429 856 3500 γεγονὼς,
880 3431 976 3484 καὶ
1000 3433 1096 3502 οὐχ
1129 3435 1290 3504 ἡμεῖς
1319 3433 1387 3489 δι’
1409 3438 1592 3491 αὐτόν.
1618 3439 1726 3491 Καὶ
1748 3441 1910 3510 ἡμεῖς

319 3520 411 3591 μὲν
455 3521 703 3592 ποίημα,
754 3522 916 3586 αὐτὸς
966 3523 1022 3576 δὲ
1071 3527 1341 3596 ποιήσεως
1394 3528 1642 3599 ὕργανον.
1697 3532 1908 3586 Οὐκοῦν

317 3613 661 3683 ὁμολογείτω
709 3613 808 3684 μὲν
857 3615 1020 3678 αὐτὸς
1055 3618 1149 3670 καὶ
1188 3617 1349 3689 χάριν
1378 3623 1533 3690 ἡμῖν’
1563 3622 1766 3694 ὑπέστη
1800 3624 1908 3696 γὰρ

278 3756 286 3765 _
315 3703 377 3755 δι’
401 3705 790 3776 ἡμᾶς.⁹Εσται
816 3706 872 3760 δὲ
894 3706 1051 3777 ἡμῶν
1084 3708 1181 3762 καὶ
1206 3709 1351 3775 δόξα,
1383 3711 1574 3784 ὥσπερ
1594 3716 1688 3767 καὶ
1712 3718 1743 3786 ἡ
1770 3716 1907 3788 γυνὴ

316 3796 406 3849 τοῦ
442 3797 668 3868 ἀνδρόςο
709 3818 728 3850 ι
751 3798 816 3852 Ἡ
839 3798 946 3870 γὰρ
971 3801 1132 3871 γυνὴ,
1165 3804 1317 3873 φησι,
1341 3803 1465 3868 δόξα
1495 3805 1688 3876 ἀνδρός
1721 3810 1856 3860 ἐστι·
1884 3828 1903 3860 ι

318 3889 412 3941 καὶ
443 3889 668 3958 γείτονα
694 3888 876 3960 τίθησι
907 3891 1004 3962 τὴν
1033 3893 1234 3960 αἰτίαν,
1261 3893 1453 3962 λέγων·
1486 3916 1503 3948 ι
1534 3898 1607 3950 Οὐ
1630 3898 1906 3968 γὰρὲκτί-

321 3979 419 4050 σθη
451 3980 602 4051 ἀνὴρ
630 3979 721 4035 διὰ
765 3981 864 4053 τὴν
909 3987 1160 4051 γυναῖκα,
1209 3986 1344 4040 ἀλλὰ
1384 3988 1522 4059 γυνὴ
1565 3990 1654 4043 διὰ
1687 3991 1779 4044 τὸν
1811 3993 1907 4046 άν-

317 4070 435 4141 δρα.
469 4091 488 4123 ι
546 4073 613 4125 El
661 4072 844 4126 τοίνυν
891 4074 958 4127 δι’
994 4075 1144 4146 ἡμᾶς
1173 4076 1396 4144 γέγονεν
1430 4081 1460 4132 ό
1486 4079 1632 4146 Υίὸς,
1665 4083 1760 4134 καὶ
1810 4084 1908 4152 οὐχ

316 4163 475 4233 ἡμεῖς
505 4163 581 4216 δι’
617 4164 804 4229 αὐτὸν,
832 4165 1071 4237 ἐσόμεθα
1101 4169 1319 4234 πάντως
1362 4170 1528 4224 αὑτοῦ
1557 4171 1904 4245 τελειότεροι,

316 4253 508 4328 ὥσπερ
563 4251 663 4310 οὖν
714 4257 808 4310 καὶ
851 4258 1020 4330 Ἀδὰμ
1051 4260 1152 4332 τῆς
1191 4264 1450 4328 γυναικὸς
1502 4263 1600 4334 τῆς
1646 4263 1715 4316 δι’
1747 4266 1909 4320 αὐτὸν

314 4347 651 4417 γενομένης.
670 4345 829 4400 Ἀλλὰ
850 4349 1005 4403 τοῦτο
1024 4350 1228 4405 ἄτοπον
1245 4369 1260 4384 ο
1282 4352 1385 4405 οὐκ
1404 4353 1510 4425 ἄρα
1532 4355 1736 4426 κτίσμα
1760 4357 1907 4412 ἐστὶν

285 4439 344 4490 '6
375 4439 532 4504 Υἱὸς,
567 4438 690 4492 οὐδὲ
723 4439 912 4510 γέγονε
957 4441 1024 4496 δι’
1060 4443 1210 4515 ἡμᾶς
1237 4460 1244 4468 ·
1281 4444 1417 4500 ἀλλὰ
1449 4447 1608 4516 φύσει
1637 4448 1767 4515 Θεὸς
1800 4451 1903 4504 ὐπ-

2012 3248 2155 3305 Dcus
2178 3265 2276 3320 per
2303 3250 2474 3318 ipsum
2509 3259 2743 3315 crearet,
2779 3251 2998 3306 rideant
3027 3252 3080 3308 in
3117 3260 3370 3324 quantam
3407 3252 3595 3323 impie-

2011 3353 2174 3396 tatem
2225 3341 2498 3395 labantur.
2533 3339 2758 3396 Videtur
2799 3344 2942 3398 enim
2975 3346 3077 3399 hoc
3120 3355 3281 3416 pacto
3325 3344 3440 3414 ipse
3471 3361 3594 3416 pro-

2010 3443 2130 3502 pter
2155 3450 2272 3496 nos,
2313 3449 2417 3488 non
2452 3449 2581 3489 vero
2608 3450 2707 3490 nos
2735 3445 2957 3506 pr0pter
2993 3437 3167 3508 ipsum
3200 3438 3328 3493 facti
3357 3455 3496 3497 esse.
3531 3441 3594 3495 Et

2011 3540 2108 3580 nos
2151 3527 2366 3594 quidem
2416 3540 2572 3595 opus,
2606 3527 2721 3597 ipse
2764 3541 2890 3582 vero
2919 3529 3101 3598 operis
3146 3531 3588 3590 instrumentum.

2010 3614 2121 3669 lloc
2148 3615 2314 3682 igitur
2335 3615 2489 3672 nobis
2515 3623 2798 3685 acceptum
2822 3616 2979 3682 ierat,
3005 3619 3147 3688 quod
3175 3621 3243 3675 sit
3267 3623 3594 3678 constitutus

2011 3716 2236 3776 propter
2268 3721 2386 3762 nos.
2436 3705 2662 3776 Eritque
2708 3709 2824 3779 ipse
2861 3711 3031 3778 gloria
3074 3723 3283 3777 nostra,
3328 3715 3591 3782 quemad-

2010 3800 2226 3853 modum
2256 3799 2449 3856 mulier
2477 3811 2558 3857 est
2587 3801 2711 3856 viri.
2746 3821 2763 3853 ι
2795 3800 2986 3858 Mulier
3017 3805 3184 3868 enim,
3229 3814 3288 3858 ut
3333 3806 3409 3859 ait
3445 3803 3592 3860 Scri-

2009 3901 2186 3960 ptura,
2219 3890 2385 3960 gloria
2423 3891 2520 3944 viri
2553 3899 2635 3946 est
2663 3890 2730 3955 “,
2763 3909 2781 3942 ι
2819 3905 3151 3961 causamque
3192 3893 3339 3945 addit
3366 3894 3590 3947 dicens:

2015 3999 2033 4031 ι
2066 3981 2180 4035 NOII
2227 3983 2370 4035 enim
2404 3983 2484 4035 vir
2516 3990 2732 4036 creatus
2764 3993 2847 4035 est
2893 3993 3115 4049 propter
3148 3979 3450 4048 mulierem,
3498 3990 3591 4040 sed
3701 4009 3705 4012 ·

2010 4072 2200 4126 mulier
2226 4083 2443 4141 propter
2473 4075 2648 4125 virum
2676 4072 2740 4124 η.
2768 4089 2786 4122 ι
2828 4070 2881 4123 Si
2915 4086 3044 4139 ergo
3067 4080 3280 4140 propter
3309 4089 3404 4127 nos
3435 4090 3588 4129 crea~

2009 4171 2095 4218 tus
2115 4173 2200 4219 est
2219 4162 2408 4226 Filius,
2437 4178 2541 4217 non
2568 4172 2748 4216 autem
2775 4175 2874 4215 nos
2894 4170 3116 4231 propter
3146 4163 3320 4232 ipsum
3346 4178 3360 4218 :
3390 4166 3592 4224 erimus

2009 4254 2250 4322 profecto
2311 4268 2410 4308 nos
2480 4251 2569 4306 illo
2628 4253 3080 4321 praestantiores,
3139 4256 3590 4322 quemadmodum

2007 4344 2176 4400 Adam
2210 4344 2434 4399 muliere
2464 4353 2684 4415 propter
2709 4345 2883 4415 ipsum
2922 4343 3082 4400 facta.
3117 4344 3224 4400 Sed
3257 4344 3356 4402 hoc
3397 4347 3589 4402 absur-

2008 4437 2134 4490 dum
2162 4448 2266 4492 est.
2295 4435 2461 4493 Filius
2496 4437 2675 4506 itaque
2700 4449 2952 4492 creatura
2980 4453 3084 4492 non
3115 4445 3217 4504 est,
3253 4454 3428 4509 neque
3461 4455 3588 4510 pro-

319 4529 534 4600 ἅρχων,
570 4531 645 4594 ὡς
675 4532 702 4584 6
731 4532 942 4605 Πατὴρ,
972 4537 1040 4607 τῇ
1073 4535 1251 4606 οίκείᾳ
1272 4536 1498 4609 δυνάμει
1531 4539 1625 4594 καὶ
1650 4542 1799 4614 ἡμᾶς
1825 4543 1906 4608 είς

2010 4536 2129 4597 pter
2159 4543 2258 4583 nos
2291 4530 2463 4585 factus
2503 4538 2585 4584 est
2630 4548 2644 4585 :
2687 4529 2781 4586 sed
2825 4546 2947 4585 cum
2979 4529 3049 4585 sit
3079 4531 3402 4586 naturaliter
3429 4531 3584 4594 Deus,

319 4620 382 4674 τὸ
419 4619 564 4675 εἶναι
595 4623 941 4695 παρήγαγεν.

821 4824 1032 4891 ΔΛΛΟ,
1073 4829 1173 4881 καί
1211 4827 1406 4898 δριμύ.

393 4931 457 4986 Et
480 4933 706 5002 γέγονεν
726 4935 754 4987 ὁ
779 4935 909 5000 Υἱὸς
926 4936 993 4991 δι’
1016 4939 1183 5010 ἡμᾶς,
1214 4940 1466 5013 καθάπερ
1493 4943 1692 4995 ἐκεῖνοί
1716 4959 1902 5010 φασιν,

326 5025 421 5078 οὐκ
472 5025 622 5081 ἔστιν
670 5027 793 5080 οὐδὲ
840 5028 1060 5099 πρῶτος
1106 5031 1262 5102 ήμῶν
1311 5034 1464 5104 παρὰ
1512 5033 1666 5104 Θεῷ·
1706 5035 1768 5088 οὐ
1795 5035 1904 5107 γάρ

327 5115 532 5167 ἐκεῖνον
576 5115 716 5186 ἔχων
753 5120 835 5181 είς
864 5118 1008 5184 νοῦν,
1046 5121 1192 5192 ἡμᾶς
1225 5123 1452 5196 ὕστερον
1503 5126 1792 5197 ἐργάζεται
1828 5127 1907 5181 δι’

327 5205 515 5269 αὐτὸν,
547 5207 684 5261 ἀλλὰ
723 5210 792 5262 τὰ
841 5213 971 5282 περὶ
1000 5213 1156 5284 ἡμῶν
1187 5215 1466 5285 ἐννοήσας,
1500 5216 1706 5271 ἐκεῖνον
1738 5218 1904 5288 ἐργά-

327 5293 482 5358 ζεται
510 5297 577 5350 δι’
603 5300 772 5370 ἡμᾶς.

1013 5416 1222 5473 ΑΛΛΟ.

397 5523 460 5576 Εἰ
509 5523 576 5578 δι’
607 5527 761 5596 ἡμᾶς
809 5526 992 5583 ἔκτισε
1029 5532 1120 5586 τὸν
1147 5531 1273 5585 Υίὸν
1298 5535 1325 5586 6
1355 5534 1566 5604 Πατὴρ,
1599 5532 1660 5586 οὐ
1693 5534 1907 5600 πάντως

224 5613 231 5622 ’
325 5612 387 5665 ἐκ
414 5618 791 5688 προαιρέσεως
825 5621 982 5676 τοῦτο
1028 5627 1189 5690 ποιεῖ,
1219 5625 1335 5678 ἀλλ’
1363 5626 1529 5690 ὡς·ὲξ
1560 5627 1802 5696 ἀνάγκης
1831 5629 1908 5684 δι’

394 5793 415 5822 ⁹
439 5791 593 5851 Ῑοηη.
633 5813 686 5863 v,
727 5800 815 5854 I7.
897 5803 940 5833 ¹⁹
972 5802 1114 5858 Psal.
1147 5820 1300 5868 CXIII,
1328 5805 1380 5858 ὖ.
1462 5807 1503 5836 ¹¹
1533 5807 1548 5858 I
1574 5806 1699 5861 Cor.
1737 5823 1812 5870 st,
1844 5811 1894 5864 7.

2008 4621 2150 4675 sicut
2183 4619 2366 4688 Pater,
2397 4623 2619 4693 propria
2671 4637 2766 4678 sua
2808 4624 3020 4677 virtute
3043 4623 3204 4678 etiam
3241 4639 3337 4680 nos
3367 4624 3433 4679 ad
3470 4638 3591 4678 esse

2005 4710 2263 4765 traduxit.

2449 4850 2681 4916 ALIUD,
2710 4853 2868 4908 etiam
2897 4865 3131 4909 acutum.

2084 4956 2140 5012 Si
2167 4956 2337 5014 Filius
2359 4971 2582 5030 propter
2612 4976 2710 5015 nos
2741 4962 2917 5018 factus
2942 4972 3047 5023 est,
3072 4973 3130 5016 ut
3157 4963 3228 5018 illi
3254 4965 3458 5030 dicunt,
3485 4984 3586 5021 non

2012 5049 2116 5104 erit
2146 5048 2234 5102 ille
2262 5050 2469 5116 primus
2515 5059 2757 5104 nostrum
2795 5052 2936 5119 apud
2972 5052 3138 5105 Deum
3183 5071 3196 5107 :
3244 5069 3417 5123 neque
3442 5057 3586 5111 enim

2011 5139 2163 5194 illum
2203 5148 2382 5193 mente
2412 5139 2744 5208 concipiens,
2797 5154 2895 5193 nos
2925 5147 3110 5208 postea
3155 5153 3374 5212 propter
3414 5146 3586 5213 ipsum

2011 5230 2236 5296 creavit,
2289 5229 2383 5285 sed
2435 5230 2500 5284 de
2549 5237 2734 5286 nostra
2795 5232 3072 5288 creatione
3121 5234 3388 5305 cogitans.
3443 5237 3586 5290 illum

1957 5354 1963 5359 -
2003 5328 2224 5391 propter
2252 5337 2353 5378 nos
2377 5321 2604 5378 creavit.

2687 5435 2916 5494 ALIUD.

2079 5546 2138 5602 Si
2173 5548 2332 5604 Pater
2353 5547 2548 5602 Filium
2574 5556 2757 5604 nostra
2788 5565 2950 5605 causa
2975 5553 3200 5618 creavit,
3231 5567 3335 5606 non
3365 5555 3587 5609 omnino

2007 5654 2072 5694 ex
2107 5642 2383 5698 voluntate
2433 5640 2538 5695 hoc
2577 5638 2706 5693 fecit
2773 5644 2867 5698 sed
2898 5658 2961 5697 ex
3009 5648 3338 5703 necessitate
3369 5655 3589 5715 propter

1981 5815 2020 5845 ¹²
2051 5813 2180 5871 Ιιιῑςι.
2218 5820 2272 5871 9.
