4078 6260
480 373 589 430 259

1472 366 1528 420 S.
1572 363 1846 419 CYIIILIJ
1888 361 2352 417 ALEXANDRINI
2395 363 2710 418 AlitilllEl".

3631 356 3737 416 960

484 507 605 568 nos.
655 489 767 543 Non
812 487 976 557 igitur
1011 485 1232 538 omnino
1276 484 1449 539 lactus
1491 485 1682 539 fuisset
1728 485 1919 548 Filius,
1962 484 2058 538 nisi

2169 489 2335 557 ἡμᾶς.
2365 488 2477 540 Οὐκ
2505 488 2570 540 ἂν
2602 483 2693 540 οὖν
2727 485 2816 539 ὃλιι
2839 504 2860 548 ς
2886 488 2912 538 6
2939 485 3061 548 Υἱὸς
3087 483 3290 555 ὑπέστη
3316 486 3414 554 τῆς
3450 483 3570 538 καθ’
3591 485 3738 554 ἡμᾶς

484 583 656 639 nostri
684 596 846 636 causa
874 597 887 643 ;
925 580 1020 633 sed
1052 593 1224 646 neque
1253 577 1420 629 voluit
1445 576 1661 644 quidem
1689 576 1845 630 Pater
1867 589 2059 630 creare

487 675 704 738 Filium,
730 674 822 728 sed
850 671 1149 725 necessitas
1183 670 1296 737 ipsa
1329 669 1501 732 illum,
1528 677 1586 722 ut
1620 669 1800 736 vellet,
1836 668 2011 737 coegit
2043 685 2055 720 :

486 778 653 837 atque
686 766 760 820 ita
792 779 856 819 ex
895 764 1115 817 illorum
1153 759 1316 830 154
1343 760 1618 826 Opinione,
1649 761 1789 814 Deus
1821 759 1935 827 ipse
1967 773 2063 814 ne-

487 858 730 915 cessitati
784 854 1063 924 subjectus
1113 851 1233 905 l’uit.
1276 850 1534 922 Apagesis
1569 852 1726 906 istam
1771 850 2060 905 ratiocina-

490 950 650 1008 tionis
678 943 1098 1003 absurditatem!

1151 1051 1381 1109 ALIUD.

556 1151 616 1205 Si
647 1159 869 1221 propter
899 1163 1000 1204 nos
1044 1145 1240 1202 Filium
1291 1147 1499 1202 creavit
1539 1145 1733 1210 Pater,
1779 1159 1902 1200 cum
1949 1144 2060 1216 jam

483 1244 684 1298 factum
714 1243 782 1296 sit
807 1251 968 1310 atque
994 1239 1305 1295 absolutum
1329 1254 1463 1309 opus
1486 1238 1640 1306 cujus
1666 1253 1828 1293 causa
1850 1246 2063 1292 creatus

482 1345 588 1400 est,
627 1345 1063 1402 supervacaneus
1100 1330 1356 1398 deinceps
1395 1339 1480 1385 est
1509 1328 1700 1392 Filius,
1751 1337 1935 1397 utpote
1958 1328 2062 1383 “in-

483 1433 846 1481 strumenlum
886 1422 1031 1477 illius
1067 1421 1249 1491 Operis
1277 1421 1389 1491 jam
1423 1421 1676 1486 absoluti,
1713 1419 1867 1488 cujus
1900 1433 2062 1474 causa

485 1517 662 1572 factus
688 1522 825 1570 erat.

874 1603 992 1658 Atta
1021 1604 1313 1674 probabilia
1343 1603 1692 1657 theoremata.

558 1696 616 1752 Si
667 1695 828 1750 Pater
876 1705 1097 1765 propter
1149 1709 1250 1749 nos
1285 1693 1481 1754 Filium
1531 1694 1754 1756 creavit,
1792 1695 1857 1748 de
1905 1694 2062 1748 nobis

484 1789 675 1858 primis
707 1786 1047 1841 deliberavit.
1084 1785 1140 1839 Si
1175 1799 1305 1840 vero
1325 1785 1440 1853 ejus
1462 1786 1782 1839 deliberatio
1801 1785 1943 1838 circa
1967 1799 2062 1838 nos

487 1877 690 1947 primos
717 1886 929 1928 versata
960 1883 1064 1940 est,
1101 1875 1454 1942 quamobrem
1509 1873 1596 1926 ille
1627 1885 1751 1927 ante
1791 1889 1886 1926 nos
1917 1886 2062 1925 crea-

488 1977 595 2033 tur,
630 1967 721 2037 qui
755 1967 807 2021 in
854 1965 1085 2021 consilio
1124 1974 1180 2018 et
1227 1965 1617 2018 deliberatione
1651 1975 1769 2017 erat
1802 1962 2066 2016 ultimus?

484 2059 592 2113 Aut
621 2073 740 2122 cur,
777 2072 899 2112 cum
929 2057 1078 2112 illum
1109 2056 1342 2126 primum
1369 2056 1592 2120 creavit,
1625 2069 1729 2108 non
1764 2054 1925 2107 etiam
1955 2054 2065 2122 pri-

487 2167 576 2205 mo
602 2151 669 2206 de
706 2150 799 2205 illo
837 2145 1194 2204 deliberavit?
1226 2163 1396 2217 quare
1426 2148 1591 2202 etiam
1637 2162 1760 2201 cum
1811 2146 1877 2200 de
1911 2145 2066 2201 nobis

484 2243 717 2310 primum
746 2240 1021 2311 cogitarit,
1050 2238 1200 2294 illum
1229 2238 1445 2308 quidem
1479 2237 1674 2292 Filium
1702 2248 1754 2290 et
1797 2237 2063 2290 bmredem

482 2342 664 2396 vocat,
699 2345 798 2386 nos
831 2338 1010 2385 autem
1053 2343 1262 2392 servos,
1306 2339 1360 2382 et
1392 2328 1759 2383 ha:reditatem
1807 2327 1950 2381 illius
1974 2329 2066 2397 qui

483 2433 705 2494 propter
735 2437 834 2477 nos
867 2421 1044 2477 factus
1071 2433 1153 2476 εει
1171 2420 1196 2474 ?
1217 2420 1512 2488 Oportebat
1535 2419 1679 2475 enim
1711 2435 1740 2474 e
1765 2421 2061 2486 contrario,

483 2529 583 2568 nos
607 2514 822 2584 quidem
879 2512 1017 2568 ﬁlios
1065 2521 1120 2567 et
1166 2513 1412 2568 baeredes
1454 2526 1597 2578 esse,
1651 2511 2065 2565 instrumentum

485 2619 616 2658 vero
657 2615 858 2658 nostra
891 2602 1136 2668 farturae,
1173 2605 1316 2671 quod
1351 2617 1563 2671 quoque
1593 2612 1813 2669 propter
1843 2618 1942 2657 nos
1987 2603 2067 2658 fa-

483 2704 629 2748 ctum
649 2705 754 2758 est,
775 2709 987 2748 servum
1014 2708 1134 2747 esse
1165 2693 1426 2761 nobisque
1453 2694 1788 2748 inferiorem.
1813 2691 2068 2749 Facessat

481 2784 718 2839 absurda
746 2782 1006 2852 ejusmodi
1051 2783 1223 2841 ratio!

765 2893 1041 2965 Expositio
1073 2908 1223 2952 recta:
1252 2899 1526 2952 sententia:
1549 2907 1598 2950 et
1634 2897 1782 2967 ﬁdei.

555 3008 730 3065 Filius
765 3023 1108 3078 nequaquam
1144 3019 1366 3079 propter
1395 3024 1492 3065 nos
1525 3009 1702 3065 factus
1740 3019 1842 3077 est,
1874 3012 1965 3065 sed
1999 3026 2066 3066 ne

2163 577 2407 647 ἀπούσης
2442 580 2637 642 αἰτίας,
2676 580 2770 632 xui
2821 579 2960 647 τάχα
3010 577 3129 630 οὐδὲ
3190 577 3396 640 κτίζειν
3444 576 3602 644 ἡθελε
3647 578 3740 629 τδν

2163 670 2290 723 Υίὸν
2311 672 2338 723 6
2361 671 2568 740 Πατὴρ,
2597 669 2730 724 ἀλλὰ
2756 670 2910 738 μόλις
2934 667 3097 722 αὑτὸν
3124 669 3201 729 εἰς
3233 667 3293 719 τὸ
3323 666 3579 736 ἐθελῆσαι
3603 684 3742 736 προ-

2163 763 2368 833 ήγαγεν
2403 763 2435 830 ἡ
2465 762 2646 832 χρεία,
2691 761 2787 814 xui
2821 760 3032 828 γέγονε,
3061 757 3182 811 κατ’
3216 757 3479 823 ἐκείνους,
3512 759 3604 810 xui
3636 758 3736 810 ὑπὶ

2163 852 2406 922 ἀνάγκην
2431 852 2580 916 Θεός.
2615 850 2787 920 Φεῦγε
2815 850 2910 905 τοῦ
2934 850 3093 919 λόγου
3122 849 3222 920 τὴν
3251 847 3500 902 ἀτοπίαν.

2847 1050 3050 1105 ΛΛΛΟ.

2235 1144 2296 1196 Ei
2330 1143 2396 1196 δι’
2421 1143 2566 1214 ἡμᾶς
2605 1141 2785 1195 ἔκτισε
2804 1143 2894 1196 τὸν
2913 1142 3040 1195 Υἱὸν
3063 1143 3092 1194 6
3117 1140 3328 1211 Πατὴρ,
3351 1139 3544 1208 γέγονε
3570 1138 3626 1191 δὲ
3655 1156 3745 1201 και

2164 1235 2522 1307 πεπλήρωται
2549 1234 2607 1288 τὸ
2633 1234 2792 1306 ἔργον
2815 1234 2882 1288 δι’
2913 1235 2941 1288 ὃ
2966 1234 3060 1288 xui
3091 1232 3337 1302 ἐκτίσθη,
3362 1229 3748 1301 περιττὸς-λοι.-

2163 1329 2264 1380 πὸν
2297 1330 2326 1381 ὁ
2353 1327 2589 1391 Υἱὸς,ὡς
2619 1327 2852 1399 ὄργανον
2871 1327 2970 1398 τῆς
2991 1327 3058 1381 δι’
3079 1327 3146 1397 ἢν
3171 1325 3536 1396 προϐέόληται
3557 1323 3740 1393 χρείας

2164 1419 2492 1472 ἁποτελεσθε
2503 1419 2518 1470 ί
2525 1436 2641 1490 σης.

2532 1602 2664 1655 Ἀλ.
2677 1617 2726 1652 .a
2761 1600 2983 1655 πιθανὰ
3017 1597 3384 1666 θεωρήματα.

2237 1694 2300 1746 Εἰ
2345 1693 2413 1746 δι’
2448 1694 2596 1764 ἡμᾶς
2641 1691 2823 1746 ἔκτισε
2855 1691 2946 1744 τὸν
2979 1691 3107 1743 Υίὺν
3139 1691 3168 1742 6
3195 1688 3404 1758 Πατὴρ,
3435 1687 3562 1757 περὶ
3591 1685 3740 1757 πρώι

2164 1803 2272 1838 των
2303 1785 2459 1856 ἡμῶν
2492 1784 2857 1854 βεϐούλευται.
2908 1783 2971 1836 Ei
3014 1783 3071 1837 δὲ
3101 1781 3228 1854 περὶ
3257 1780 3489 1853 πρώτων
3520 1778 3679 1850 ἡμῶν
3708 1781 3740 1849 ἡ

2171 1873 2362 1942 σκέψις
2387 1873 2643 1941 ἐγγέγονε
2675 1873 2753 1943 τῷ
2783 1873 2979 1942 Πατρὶ,
3013 1872 3156 1925 διατί
3197 1871 3304 1942 πρὸ
3343 1869 3503 1942 ήμῶν
3539 1870 3742 1932 ἐκεῖνος

2168 1966 2410 2029 κτίζεται
2447 1965 2475 2016 ό
2513 1965 2568 2017 ὲν
2615 1964 2830 2034 βουλαῖς
2874 1965 3222 2029 τελευταῖος;
3259 1963 3411 2016 Διατί
3443 1961 3500 2014 δὲ
3533 1963 3741 2032 πρῶτον

2166 2055 2326 2108 αὐτὸν
2361 2054 2572 2121 κτίσας,
2606 2055 2666 2109 οὐ
2699 2056 2827 2127 περὶ
2857 2055 3073 2128 πρώτου
3105 2056 3198 2108 xui
3228 2053 3576 2120 ἐϐουλεύετος
3606 2054 3742 2107 διατί

2164 2143 2222 2197 δὲ
2258 2145 2420 2198 πάλιν
2449 2144 2699 2215 πρώτους
2725 2145 2870 2216 ἡμᾶς
2911 2144 3050 2214 έχων
3079 2147 3136 2197 ἐν
3167 2144 3376 2213 σκέψει,
3411 2145 3619 2196 ἐκεῖνον
3649 2145 3742 2213 μὲν

2167 2237 2294 2288 Tib?
2323 2237 2416 2289 xui
2448 2235 2786 2307 κληρονόμον
2819 2234 3103 2298 ἀποκαλεῖ,
3140 2234 3288 2305 ἡμᾶς
3310 2233 3366 2287 δὲ
3403 2232 3626 2296 δούλους
3654 2234 3742 2285 xui

2165 2328 2364 2398 κλῆρον
2391 2327 2484 2380 τοῦ
2531 2329 2596 2380 δι’
2628 2328 2777 2397 ἡμᾶς
2817 2326 3150 2397 γενομένους
3183 2318 3484 2396 Ἐδει’γὰρ
3529 2327 3592 2378 ὲκ
3638 2325 3743 2377 τῶν

2164 2419 2444 2483 ἐναντίων,
2478 2419 2626 2489 ἡμᾶς
2663 2419 2759 2489 μὲν
2788 2418 2951 2482 Υἱοὺς
3001 2419 3095 2472 xui
3144 2417 3512 2488 κληρονόμους
3565 2416 3742 2487 ὑπάρ-

2165 2527 2308 2579 χειν⁸
2344 2511 2402 2563 τὸ
2425 2510 2478 2564 δὲ
2509 2514 2607 2579 τῆς
2634 2511 2904 2576 ποιήσεως
2931 2510 3086 2580 ἡμῶν
3110 2509 3360 2580 ὄργανον,
3382 2507 3410 2560 ὃ
3438 2508 3532 2560 xui
3555 2508 3738 2576 γέγονε

2163 2603 2229 2656 δι’
2255 2605 2421 2674 ἡμᾶς,
2456 2604 2642 2656 δοῦλον
2690 2600 2828 2658 εἶναι
2873 2605 2966 2657 xui
3013 2603 3391 2660 ὑποκείμενον.
3421 2599 3590 2670 Φεῦγε
3643 2599 3736 2652 τοῦ

2165 2695 2321 2765 λόγου
2350 2696 2448 2767 τὴν
2479 2696 2726 2750 ἀτοπίαν.

2333 2894 2648 2967 Ἐεήγησις
2688 2896 2908 2951 λοιπὸν
2941 2893 3054 2965 τῆς
3091 2895 3274 2967 ὀρθῆς
3311 2896 3590 2963 πίστεως.

2235 3012 2308 3065 Οὐ
2361 3011 2426 3063 δι’
2456 3011 2602 3081 ἡμᾶς
2651 3010 2874 3080 γέγονεν
2921 3010 2949 3062 6
3004 3010 3163 3077 Υἱὸς,
3206 3010 3322 3064 ἀλλ’
3351 3011 3472 3064 οὐδὲ
3521 3012 3744 3080 γέγονεν

483 3104 658 3158 factus
690 3101 906 3172 quidem
946 3101 1172 3157 omnino
1219 3112 1326 3156 est.
1372 3099 1508 3156 Nam
1540 3101 1754 3156 etiamsi
1784 3109 2058 3156 creaturas

2163 3103 2318 3167 ὅλως.
2345 3103 2456 3158 Καὶ
2486 3104 2597 3174 γὰρ
2627 3103 2720 3158 καὶ
2751 3103 2798 3155 εί
2830 3103 2906 3173 μὴ
2936 3101 3093 3168 δόξαν
3120 3101 3187 3175 ἦν
3213 3103 3290 3175 τῷ
3317 3104 3491 3174 Πατρὶ
3521 3108 3745 3175 ποιῆσαι

481 3196 781 3267 producere
805 3193 966 3248 Pater
999 3192 1264 3248 noluisset
1288 3232 1304 3258 ,
1347 3211 1365 3244 ι
1399 3202 1517 3248 erat
1559 3191 1797 3248 Verbum
1840 3193 1893 3246 in
1925 3193 2057 3261 ipso,

2164 3196 2233 3248 τὰ
2279 3193 2500 3267 γενητὰ,
2553 3213 2571 3247 ι
2599 3189 2666 3266 ἦν
2709 3196 2738 3248 ό
2783 3194 2953 3263 Λόγος
3001 3197 3058 3248 ὲν
3104 3174 3274 3267 αὖτῷ,
3303 3195 3396 3249 xui
3447 3196 3579 3262 Θεὸς
3618 3174 3685 3268 ἦν
3718 3201 3745 3252 6

481 3294 537 3339 et
581 3282 721 3342 Deus
759 3293 878 3337 erat
913 3282 1143 3338 Verbum
1169 3322 1184 3347 ,
1225 3299 1245 3332 ι
1293 3281 1746 3351 quemadmodum
1800 3283 2058 3352 scriptum

2166 3288 2355 3355 Λόγος,
2389 3307 2408 3339 ι
2449 3287 2522 3350 ὡς
2553 3287 2884 3356 γέγραπται.
2921 3286 3001 3339 Τὰ
3033 3287 3132 3357 μέν
3164 3305 3245 3340 τοι
3279 3287 3575 3358 κτιζόμενα
3606 3289 3740 3342 πάν-

479 3384 566 3431 est
589 3375 653 3428 ¹³.
673 3376 745 3429 Ea
767 3384 1080 3443 tamenquae
1104 3383 1291 3428 creata
1325 3385 1472 3438 sunt,
1506 3375 1729 3429 omnino
1766 3391 1858 3442 per
1888 3377 2058 3445 ipsum

2163 3397 2270 3443 τως
2302 3379 2409 3432 ἔδει
2452 3377 2703 3448 γενέσθαι
2744 3378 2812 3431 δι’
2840 3378 3244 3448 αὐτοῦ.”ονπερ
3276 3379 3384 3448 γὰρ
3419 3379 3616 3450 τρόπον
3640 3379 3738 3432 οὐκ

483 3465 599 3521 lleri
628 3465 935 3534 oportebat.
971 3462 1109 3518 Nam
1137 3464 1280 3520 sicut
1321 3465 1502 3519 lumen
1553 3465 1708 3520 aliter
1757 3466 2064 3521 illuminare

483 3569 590 3612 tron
641 3565 840 3628 potest,
875 3557 973 3611 nisi
1017 3571 1110 3626 per
1138 3572 1294 3612 suum
1345 3556 1688 3627 Splendorem
1742 3577 1756 3612 :
1804 3557 1879 3612 ita
1931 3557 2063 3612 nihil

479 3659 666 3704 chrum
711 3663 832 3720 qua!
905 3658 1030 3704 sunt
1077 3661 1331 3720 operatur
1372 3646 1556 3715 Pater,
1609 3649 1710 3702 nisi
1764 3663 1858 3718 per
1904 3664 2059 3702 suum

486 3742 744 3797 Verbum.
773 3758 793 3794 ‹
817 3740 1009 3797 Omnia
1033 3741 1200 3804 enim,
1230 3740 1403 3810 inquit
1431 3739 1730 3809 Scriptura.
1762 3754 1855 3809 per
1888 3740 2060 3809 ipsum

481 3833 620 3888 facta
655 3842 800 3899 sunt,
821 3841 877 3888 et
903 3833 1020 3888 sine
1047 3831 1164 3902 ipso
1193 3831 1393 3886 factum
1420 3842 1502 3886 est
1533 3830 1663 3884 nihil
1690 3832 1752 3885 “.
1783 3849 1802 3883 ι
1835 3831 2061 3898 Idcirco,

477 3937 532 3982 et
563 3926 808 3992 dextera,
843 3936 896 3980 et
924 3924 1214 3979 brachium
1253 3923 1349 3978 Dei
1395 3932 1636 3978 vocatur.
1684 3920 1875 3978 Omnia
1917 3924 2060 3978 enim

476 4031 572 4086 per
601 4017 796 4086 ipsum,
826 4013 988 4069 veluti
1022 4028 1118 4084 per
1155 4027 1392 4079 manum,
1429 4021 1706 4082 operatur.

477 4130 781 4188 Observatio
816 4129 1060 4200 quadam
1105 4125 1604 4249 sacrlterScripturw
1644 4125 1864 4194 pulchra
1905 4137 2060 4198 atque

1181 4215 1214 4249 Il
1243 4215 1260 4249 ι
1287 4213 1350 4249 ιε.

1181 4208 1350 4252 utilis.

545 4311 690 4365 Dixit
706 4309 1056 4378 Deus,inquit
1073 4308 1352 4378 Scriptura
1367 4306 1431 4339 ¹⁶⁴
1459 4322 1474 4361 :
1498 4306 1746 4372 Fiatlnx,
1769 4309 1859 4363 liat
1877 4308 2058 4365 ﬁrma-

477 4413 740 4465 mentum,
778 4399 909 4454 ﬁant
942 4399 1272 4454 luminaria:
1309 4407 1362 4452 et
1389 4397 1586 4452 factum
1620 4408 1704 4453 est
1737 4399 1832 4453 ita.
1869 4402 2052 4457 Dixit:

2166 3470 2232 3522 ἂν
2267 3470 2469 3541 ἑτέρως
2499 3469 2729 3538 φωτίσαι
2753 3469 2814 3522 τὸ
2843 3469 2976 3538 φῶς,
3005 3470 3053 3522 εί
3081 3468 3262 3540 μὴδιὰ
3288 3468 3383 3522 τοῦ
3413 3470 3538 3522 ἰδίου
3565 3471 3742 3522 ἀπαυ-

2165 3563 2467 3631 γάσματοςο
2493 3552 2666 3622 οὕτως
2683 3560 2782 3613 οὐκ
2813 3560 2876 3614 ἄν
2903 3578 2957 3613 τι
2983 3560 3090 3613 τῶν
3114 3561 3284 3617 ὄντων
3309 3561 3599 3632 ἐργάσαιτο
3622 3562 3738 3614 Πα-

2163 3653 2289 3725 τὴρ,
2347 3653 2396 3705 εί
2447 3652 2521 3722 μὴ
2560 3651 2650 3704 διὰ
2676 3650 2772 3704 τοῦ
2816 3652 3018 3704 οἰκείου
3048 3653 3244 3722 Λόγου.
3301 3670 3318 3703 ι
3377 3652 3564 3706 Πάντα
3609 3653 3740 3725 γὰρ,

2164 3744 2318 3815 φησὶ,
2378 3741 2444 3794 δι’
2504 3740 2666 3794 αὐτοῦ
2721 3742 2958 3810 ἐγένετο,
2992 3742 3084 3796 xui
3116 3743 3286 3814 χωρὶς
3312 3743 3478 3797 αὐτοῦ
3523 3745 3741 3813 ἐγένετο

2161 3833 2282 3886 οὐδὲ
2307 3832 2385 3886 ἓν.
2413 3851 2432 3882 ι
2465 3831 2563 3884 Διὰ
2590 3829 2748 3884 τοῦτο
2772 3831 2866 3885 xui
2898 3851 2917 3883 ι
2942 3830 3092 3897 δεξιὰ
3117 3833 3211 3886 xui
3243 3832 3483 3905 βραχίων
3504 3852 3522 3885 ι
3549 3835 3740 3905 όνομάη

2163 3927 2314 3991 ζεται
2354 3923 2513 3978 Θεοῦ.
2541 3924 2724 3978 Πάντα
2747 3923 2854 3996 γὰρ
2879 3922 2945 3976 δι’
2970 3923 3158 3991 αὑτοῦ,
3191 3923 3267 3988 ὡς
3294 3924 3380 3977 διὰ
3410 3923 3614 3994 χειρὸς,
3647 3926 3738 3996 ὲρ-

2162 4016 2401 4086 γάζεται.

2210 4127 2588 4197 Ἐπιτήρησις
2619 4127 2737 4184 ἀπὸ
2769 4125 2876 4194 τῆς
2904 4127 3068 4197 θείας
3098 4125 3367 4197 Γραερῆς,
3400 4125 3560 4194 καλὴ
3601 4126 3701 4180 καὶ

2780 4196 3119 4268 ἐπωφελής.

2231 4310 2388 4380 Eine,
2439 4311 2622 4384 φησὶν,
2666 4313 2694 4364 ό
2745 4309 2896 4374 Θεός·
2949 4311 3237 4382 Γενηθήτω
3285 4310 3422 4379 φῶς,
3447 4308 3733 4380 γενηθήτω

2163 4406 2479 4478 στερέωμα,
2533 4389 2935 4473 γενηθήτωσαν
2990 4403 3316 4473 φωστῆρες⁹
3368 4403 3467 4456 xui'
3516 4401 3737 4470 ἐγένετο

473 4494 758 4550 Faciamus
785 4492 1056 4546 hominem
1093 4509 1106 4546 :
1143 4503 1195 4546 et
1237 4491 1364 4545 fecit
1398 4491 1537 4546 Deus
1559 4491 1855 4548 hominem.
1901 4494 1971 4548 At
2001 4495 2054 4548 in

2161 4500 2353 4561 οὕτως.
2401 4493 2557 4550 Εἷπε·
2592 4497 2916 4565 Ποιήσωμεν
2943 4493 3228 4565 ἄνθρωπον
3247 4510 3262 4528 ο
3293 4493 3386 4547 xui
3413 4493 3669 4564 εποίησεν
3708 4494 3735 4544 ὁ

475 4585 559 4641 bis
585 4584 838 4639 omnibus
867 4597 1132 4652 nusquam
1160 4589 1250 4643 est
1277 4581 1465 4637 videre
1493 4580 1691 4636 Filium
1719 4583 1915 4654 alloqui
1946 4584 2048 4639 Pa~

474 4689 634 4742 trem,
667 4677 821 4746 quasi
853 4674 1121 4731 volentem
1151 4675 1361 4729 discere
1403 4673 1708 4742 qualianam
1739 4689 1859 4730 esse
1886 4692 2047 4744 opor-

472 4780 549 4826 tet
577 4786 697 4841 qua:
730 4770 964 4825 creando
997 4777 1177 4833 erant,
1222 4767 1316 4822 sed
1353 4782 1457 4823 vox
1511 4769 1626 4838 ipsa
1680 4765 1814 4838 opus
1841 4778 1924 4823 est
1955 4787 1968 4823 :
2001 4769 2044 4824 si

471 4877 649 4917 autem
681 4860 859 4917 Verbo
889 4874 1052 4930 opera
1091 4859 1222 4913 tiunt
1268 4858 1424 4926 juxta
1461 4859 1789 4914 voluntatem
1841 4859 2043 4924 Patris,

475 4952 706 5008 Verbum
742 4955 927 5023 itaque
955 4961 1041 5008 est
1082 4951 1332 5006 voluntas
1363 4950 1542 5005 Patris
1581 4956 1766 5005 vivens
1809 4961 1969 5020 atque
1999 4951 2049 5007 ei

472 5048 818 5112 inexsistens,
841 5061 961 5117 qua!
985 5043 1146 5101 simul
1177 5045 1232 5098 in
1258 5044 1374 5114 ipso
1400 5053 1503 5108 est,
1523 5053 1576 5098 et
1604 5043 1841 5098 vicissim
1871 5045 2046 5112 ipsum

469 5137 522 5190 in
559 5152 617 5190 se
650 5138 714 5190 Im
723 5138 830 5191 bet.

474 5250 629 5322 155
661 5248 779 5322 Atia
829 5248 1140 5322 obseruatio,
1185 5261 1250 5298 ex
1299 5261 1402 5322 qua
1456 5244 1705 5322 discimus
1755 5241 2046 5322 angelis-et

539 5311 734 5375 ἷιῆιιτίε
770 5319 1030 5385 prophetis
1067 5316 1498 5385 consuetudinem
1522 5329 1632 5365 esse
1653 5313 1822 5385 jussis
1864 5329 1899 5385 a_
1938 5311 2046 5362 Deo

540 5393 700 5444 etiam
725 5381 1160 5456 interrogationes
1193 5384 1465 5456 proferre,
1483 5381 1851 5450 ignorantibus
1882 5381 2045 5456 inter-

534 5463 657 5512 dum
699 5462 751 5512 id
781 5451 933 5528 quod'
951 5457 1165 5524 jussum
1196 5451 1303 5508 est.
1348 5451 1571 5506 Verbum
1613 5460 1788 5504 autem
1831 5466 1932 5503 non
1968 5451 2044 5503 ita

539 5530 711 5599 facere
742 5531 1018 5595 reperitur.

538 5641 679 5696 Deus
692 5641 938 5710 promisit
959 5639 1190 5693 Abraha:
1210 5636 1408 5704 lilium,
1430 5643 1483 5691 et
1502 5635 1617 5705 ipse
1634 5635 1904 5704 interroga
1928 5632 2004 5687 vit
2025 5650 2040 5685 :

543 5801 584 5830 ”
610 5796 764 5852 Joan.
800 5809 842 5859 I,
877 5796 925 5848 l.
1007 5793 1048 5824 “
1072 5791 1203 5850 Ibid.
1277 5793 1339 5823 “‘
1363 5791 1501 5848 Gen.
1541 5809 1582 5846 ι.

2153 4590 2285 4651 Θεὸς
2322 4587 2411 4640 τὸν
2441 4586 2745 4657 ἄνθρωπον.
2767 4582 2903 4636 Ἀλλ’
2937 4584 2994 4635 ὲν
3019 4582 3230 4645 τούτοις
3265 4582 3467 4636 ἅπασιν
3495 4581 3733 4652 οὐδαμοῦ

2154 4680 2405 4750 φαίνεται
2435 4678 2592 4746 λόγος
2622 4677 2697 4740 ὼς
2727 4675 2784 4743 ἐξ
2815 4674 2944 4729 Υἱοῦ
2984 4675 3119 4746 πρὸς
3149 4674 3240 4729 τὸν
3271 4673 3490 4744 Πατέρα
3526 4675 3732 4744 μανθά-

2151 4787 2261 4822 νειν
2291 4768 2566 4831 ἐθέλοντος
2592 4767 2753 4820 ὁποῖά
2773 4784 2894 4822 τινα
2915 4765 3021 4836 χρὴ
3045 4764 3298 4834 γενέσθαι
3325 4763 3391 4816 τὰ
3413 4763 3725 4835 κτιζόμεναο

2151 4860 2266 4913 ἀλλ’
2293 4862 2325 4930 ἡ
2357 4858 2506 4930 φωνὴ
2553 4858 2615 4911 τὸ
2660 4858 2818 4929 ἔργον
2847 4858 3077 4925 γίνεται,
3111 4856 3173 4908 Et
3213 4855 3271 4908 δὲ
3316 4854 3459 4925 λόγῳ
3491 4853 3557 4906 τὰ
3592 4852 3728 4925 ἔργα

2147 4951 2355 5018 γίνεται
2387 4950 2528 5006 κατά
2574 4948 2672 5020 τὴν
2723 4948 2918 5019 βουλὴν
2963 4947 3058 5000 τοῦ
3098 4947 3332 5018 Πατρὸς,
3362 4945 3389 4997 ό
3420 4944 3587 5012 Λόγος
3620 4945 3727 5015 ἄρα

2147 5041 2294 5095 ἐστὶν
2324 5045 2357 5112 ἡ
2391 5041 2554 5112 βουλὴ
2570 5039 2673 5093 ’τοῦ
2703 5039 2916 5110 Πατρὸς
2943 5041 2974 5109 ἡ
3003 5038 3152 5104 ζῶσα
3182 5040 3274 5090 xui
3300 5037 3559 5099 ἐνούσιος,
3583 5036 3723 5105 αὐτή

2145 5148 2203 5183 τε
2232 5127 2368 5186 οὖσα
2401 5133 2460 5184 ὲν
2494 5130 2690 5203 Πατρὶ,
2720 5130 2815 5184 καὶ
2848 5130 3046 5200 ἔχουσα
3081 5129 3243 5182 αὑτὸν
3271 5130 3328 5181 ὲν
3353 5128 3486 5198 αὐτῇ

2157 5241 2535 5310 Ἐπιτήρησις
2576 5242 2811 5311 ὁμοίως,
2839 5241 2909 5306 ἐξ
2953 5236 3028 5312 ἧς
3059 5240 3460 5312 μανθᾴνομεν
3490 5237 3578 5312 ὅτι
3614 5239 3725 5312 -καὶ

2213 5309 2491 5380 ἀγγέλοις
2519 5309 2619 5365 xui
2655 5312 2847 5380 ἁγίοις
2870 5309 3203 5380 προφήταις
3237 5310 3373 5375 ἔθος
3400 5309 3572 5380 ἐστὶν
3599 5310 3729 5380 ἐπι-

2220 5379 2622 5447 ταττομένοις,
2642 5379 2802 5446 nupti
2821 5379 2997 5446 Θεοῦ,
3017 5381 3112 5434 καὶ
3133 5381 3456 5448 ἐρωτήσεις
3470 5379 3728 5447 ἀγνοοῦ-

2215 5468 2320 5504 σιν
2355 5451 2481 5505 ἔσθ’
2512 5451 2609 5504 ὅτε
2635 5450 2697 5503 τὸ
2727 5452 3208 5518 ἐπιταττόμενον.
3249 5451 3312 5502 '0
3339 5448 3408 5501 δὲ
3444 5450 3550 5501 τοῦ
3576 5448 3725 5500 Θεοῦ

2214 5521 2404 5590 Λόγος
2437 5524 2549 5591 οὐχ
2581 5521 2768 5586 οὕτως
2812 5519 3049 5589 ἐδείχθη
3090 5518 3296 5574 ποιῶν.

2213 5633 2304 5703 Τῷ
2351 5634 2600 5707 Ἀϐραὰμ
2629 5637 2742 5691 υἱὸν
2769 5637 3137 5708 ἐπηγγέλλετο
3170 5639 3198 5691 ό
3236 5635 3388 5699 Θεὸς,
3437 5632 3530 5686 xui
3561 5631 3728 5696 αὐτὸς
