4078 6260
329 342 418 396 εει

1711 355 2156 414 TIIESAURUS.

3477 355 3588 412 262

331 473 546 542 ἔφασκε·
593 491 612 525 ι
641 475 804 530 Κατὰ
833 477 888 530 τί
912 476 1196 547 γνώσομαι
1232 475 1426 542 τοῦτος
1461 497 1480 528 ι
1534 477 1920 530 ’Λπεστὲλλετο

2032 505 2050 536 t
2076 482 2194 548 Quo
2219 481 2374 548 signo
2401 489 2722 548 cognoscam
2761 474 2864 530 hoc
2889 473 2970 528 "1’
2993 491 3012 525 ι
3049 469 3366 528 Mittebatur
3385 471 3582 538 Moses,

331 563 527 635 Mincii;
577 567 672 620 καί
718 583 894 637 φησιν
915 583 930 596 ·
961 585 980 618 t
1017 566 1142 620 Ἐὰν
1167 567 1484 638 ὲρωτήσωσί
1531 583 1622 638 με,
1653 568 1717 619 Τί
1741 567 1914 637 ὄνομα

333 653 514 726 αὺτῷς
549 659 602 711 τί
623 657 734 731 ἐρῶ
765 657 908 728 πρὸς
935 655 1167 721 αὐτούςς
1195 676 1214 710 ι
1246 659 1356 712 Καὶ
1397 661 1424 712 ὁ
1451 657 1682 726 ἄγγελος
1713 658 1772 712 δὲ
1796 660 1824 710 ὁ
1855 661 1914 710 ὲν

343 749 418 820 τῷ
443 749 685 821 Ζαχαρία
709 746 948 820 διηρώτα
991 746 1146 810 Θεὸν,
1180 747 1390 815 λέγων’
1435 767 1452 800 ι
1503 749 1676 818 Κύριε
1717 765 1914 802 παντο-

351 839 590 910 κράτωρ,
611 838 716 900 ἓως
741 838 878 900 τίνος
899 837 960 890 οὐ
984 837 1060 909 μὴ
1081 839 1310 910 ἐλεήσῃς
1333 838 1434 910 τὴν
1471 838 1822 910 Ἰερουσαλήμ
1843 855 1858 904 ;
1889 855 1908 888 ι

359 929 467 982 Καὶ
499 928 652 982 πάλιν
671 927 936 996 ἐκδέχεται
968 929 1127 999 ἄχρις
1161 928 1226 982 ἂν
1257 928 1465 998 ἀκούσῃ
1499 927 1689 996 λόγους
1715 929 1916 992 καλοὺς

365 1023 458 1076 καὶ
506 1019 944 1092 παρακλητικούς.
995 1021 1103 1073 Καὶ
1156 1021 1186 1072 ό
1251 1019 1566 1090 Ἀσὸακοὺμ
1605 1019 1662 1074 δέ
1714 1037 1910 1088 φησιν·

377 1133 395 1165 t
446 1115 560 1167 Ἐπὶ
585 1113 678 1181 τῆς
716 1109 960 1180 φυλακῆς
988 1127 1092 1181 μου
1135 1112 1424 1182 στήσομαι,
1461 1112 1555 1164 καὶ
1582 1109 1914 1181 ἐπιϐήσομαι

367 1205 459 1259 ἐπὶ
485 1203 692 1272 πέτραν,
724 1201 816 1252 καὶ
847 1200 1248 1252 ἁποσκοπεύσω
1288 1199 1382 1252 τοῦ
1416 1200 1544 1252 ἰδεῖν
1591 1199 1644 1250 τί
1689 1197 1916 1269 λαλήσει

374 1297 426 1348 ἐν
443 1294 552 1364 ἐμοὶ
575 1295 602 1345 ὁ
623 1291 773 1354 Θεός.
817 1310 836 1342 ι
872 1291 1056 1344 Ταῦτα
1077 1291 1184 1360 γὰρ
1208 1291 1282 1354 ὼς
1309 1291 1470 1344 δοῦλα
1491 1291 1585 1344 καὶ
1609 1291 1914 1360 ποιήματα,

367 1386 450 1439 καὶ
487 1387 576 1454 τῆς
621 1382 718 1436 τοῦ
769 1382 928 1452 λόγου
975 1382 1252 1452 μεσιτείας
1293 1383 1542 1452 δεόμενα,
1586 1381 1738 1451 ἠξίου
1784 1382 1914 1451 παρ’

364 1475 507 1528 αὑτοῦ
551 1474 898 1528 διδάσκεσθαι
941 1476 1042 1543 τὴν
1093 1473 1292 1544 βουλὴν
1329 1474 1424 1528 τοῦ
1465 1474 1699 1544 Πατρός.
1749 1475 1806 1528 Ὀ
1857 1473 1916 1526 δὲ

365 1568 474 1632 Υἱὸς
499 1567 788 1638 μανθάνειν
815 1566 916 1618 οὐκ
947 1565 1195 1635 ἐπιζητεῖ
1241 1565 1412 1632 Λόγος
1454 1565 1544 1618 ὣν.
1571 1564 1667 1618 τοῦ
1705 1564 1914 1635 Πατρός

367 1661 446 1714 καὶ
479 1659 712 1722 svo-55:0;
749 1657 1026 1728 βούλησις.
1059 1659 1172 1710 Οὐκ
1213 1657 1322 1727 ἄρα
1349 1657 1416 1710 ἐκ
1465 1656 1762 1727 μαθήσεως
1803 1655 1916 1725 ἔχει

375 1755 421 1808 τὺ
445 1751 564 1806 εἶναι
593 1750 952 1822 δημιουργὸς,
985 1749 1100 1803 ἀλλ’
1133 1749 1406 1811 odorum;
1435 1765 1494 1802 τε
1525 1749 1618 1802 καὶ
1646 1748 1910 1816 φυσικῶς.

2015 585 2070 630 et
2085 573 2228 628 dixit
2249 571 2324 626 ¹⁶ι
2351 588 2370 620 ι
2397 569 2458 624 Si
2473 569 2808 638 interrogant
2833 579 2920 620 me
2941 581 2956 618 :
2977 563 3132 630 Quod
3153 571 3236 618 est
3255 577 3450 618 nomen
3469 563 3588 634 eius

2015 667 2106 736 qui
2157 674 2210 719 te
2274 659 2464 716 misit?
2517 661 2646 730 quid
2689 659 2864 714 dicam
2915 657 3028 712 eis?
3073 673 3094 706 ι
3139 653 3380 722 Angelus
3419 655 3584 708 etiam

2013 757 2154 828 apud
2205 752 2526 808 Zachariam
2575 765 2606 806 a
2645 749 2758 806 Deo
2809 749 3106 818 qurerebat,
3155 747 3386 802 dicens:
3425 763 3444 795 ι
3475 744 3586 799 Do-

2015 851 2164 906 mine
2205 845 2574 916 omnipotens,
2611 855 2890 916 usqueun
2929 857 3036 896 non
3063 837 3408 896 misereberis
3431 834 3586 890 Jeru-

2014 943 2182 996 salem
2217 935 2304 990 "‘l
2335 951 2354 986 ι
2389 933 2456 988 Ει
2487 933 2840 1002 exspectabat
2865 945 3142 1001 quousque
3171 929 3332 984 verba
3365 929 3512 984 bona
3531 935 3586 980 et

2014 1027 2378 1087 consolatoria
2429 1025 2682 1080 audiret.
2743 1021 2812 1078 Et
2873 1021 3128 1078 Hahaeuc
3181 1021 3356 1090 inquit
3403 1037 3422 1076 :
3475 1038 3494 1070 t
3527 1019 3584 1074 in

2015 1137 2130 1178 mea
2165 1119 2414 1176 custodia
2449 1116 2630 1182 stabo,
2659 1123 2716 1170 et
2735 1115 3028 1170 ascendam
3047 1113 3098 1169 in
3125 1123 3356 1184 petram,
3377 1121 3432 1168 et
3457 1125 3586 1166 con-

2013 1211 2264 1268 siderabo
2302 1209 2432 1280 quid
2481 1208 2736 1278 loquatur
2785 1207 2838 1260 in
2889 1219 2976 1260 me
3023 1203 3252 1260 Deus".
3283 1221 3304 1256 ι
3349 1203 3412 1258 lli
3443 1203 3586 1258 enim

2013 1317 2202 1360 omnes
2229 1311 2290 1356 ut
2321 1299 2464 1356 servi
2507 1311 2562 1354 et
2593 1307 2882 1361 creatum,
2921 1296 3074 1352 verbi
3119 1295 3472 1350 meditatione
3511 1295 3590 1348 in-

2017 1397 2292 1466 digentes,
2321 1391 2654 1448 voluntatem
2707 1399 2760 1444 et
2821 1387 3108 1442 consilium
3167 1385 3346 1440 Patris
3399 1385 3468 1440 ab
3525 1399 3590 1438 eo

2015 1487 2230 1542 discere
2263 1484 2574 1554 cupiebant.
2605 1481 2774 1536 Filius
2805 1493 2932 1534 vero
2965 1493 3088 1534 cum
3121 1477 3194 1534 sit
3223 1475 3452 1530 Verbum
3481 1475 3588 1530 Pa-

2017 1577 2138 1642 tris,
2155 1586 2212 1632 et
2235 1573 2492 1630 voluntas
2507 1571 2608 1642 ipsi
2629 1571 2980 1636 inexsistens,
3013 1581 3116 1622 non
3137 1567 3332 1636 quierit
3356 1565 3586 1620 discere.

2015 1667 2134 1724 Non
2161 1669 2326 1738 igitur
2357 1681 2456 1736 per
2479 1663 2782 1720 doctrinam
2819 1663 2918 1716 hoc
2951 1667 3270 1715 consecutus
3303 1667 3388 1712 est
3419 1667 3472 1712 ut
3515 1657 3590 1712 sit

2017 1769 2254 1826 creator,
2299 1759 2394 1814 sed
2425 1756 2790 1814 essentialiter
2823 1761 2877 1808 et
2921 1751 3236 1806 naturaliter
3267 1751 3370 1806 hoc
3405 1749 3588 1804 habet.

382 1866 490 1918 Ἔτι
512 1867 586 1936 εἰς
609 1863 692 1926 τὸ,
728 1881 748 1913 t
782 1863 1014 1936 K15p¢0¢_
1045 1861 1248 1916 ἐκτισέ
1273 1877 1350 1936 με
1381 1860 1581 1936 ἀρχὴῂ
1611 1857 1782 1936 όὸξῶζ
1805 1861 1912 1936 αὐτ

2023 1874 2208 1928 Adhuc
2239 1873 2296 1926 in
2341 1871 2496 1936 illud,
2533 1889 2552 1920 t
2587 1867 3070 1936 Dominuswcretwit
3115 1881 3194 1918 me
3233 1865 3442 1916 initium
3481 1863 3590 1916 ria-

445 1934 548 1988 τοῦ.
567 1927 600 1986 ἰ
629 1936 758 1986 Ὀτι
803 1927 881 1986 οὗ
919 1933 1138 2000 κτίσμα
1171 1935 1204 1985 ό
1236 1927 1386 1997 Υἱὸς,
1416 1927 1594 1986 diua
1623 1927 1704 1994 τῷ
1733 1928 1916 1996 "arpi

417 2005 734 2069 ,συναΐὰοᾳ
788 2004 987 2068 ὀπως
1019 2001 1084 2054 δὲ
1129 2001 1245 2070 χρὴ
1285 2001 1449 2054 νοεῖν
1485 2003 1572 2062 τὸ,
1602 2019 1646 2070 At
1695 2001 1916 2070 Κύριος

430 2073 604 2128 ἔκτισέ
625 2067 703 2142 μέ
729 2073 930 2141 ἀρχὴν
957 2067 1112 2126 ὁδῶν
1130 2067 1352 2134 αὐτοῦ,
1397 2091 1416 2123 ι
1461 2067 1671 2124 ἐκτῶν
1688 2068 1916 2138 ἐφεξῆς

421 2143 696 2212 κειμένων
725 2145 1026 2210 εἰσόμεθα.

409 2255 634 2325 Πρῶτον
664 2256 766 2326 μὲν
795 2257 970 2308 ἐκεῖνο
1001 2255 1108 2323 χρὴ
1136 2254 1341 2321 λέγειν,
1386 2255 1466 2306 ὅτι
1494 2255 1562 2306 τὰ
1607 2269 1914 2322 παροιμιω-

341 2345 436 2410 δὼς
496 2347 781 2417 λεγόμενα
839 2345 984 2398 δοκεῖ
1045 2343 1142 2414 μέν
1202 2362 1254 2396 τι
1305 2345 1584 2413 σημαίνειν
1643 2345 1779 2396 κατὰ
1827 2345 1917 2396 τὸν

337 2437 646 2505 πρόχειρον
675 2433 820 2500 νοῦν,
851 2433 960 2504 ἔχει
989 2433 1043 2486 δὲ
1077 2433 1174 2502 οὐχ
1205 2433 1377 2496 οὕτως
1417 2435 1490 2496 ὡς
1534 2435 1766 2503 λέγεται,
1809 2435 1916 2488 ἀλλ’

336 2526 550 2594 ἑτέραν
592 2525 770 2578 ὠδίνει
814 2525 1066 2579 διάνοιαν.
1103 2526 1212 2578 Καὶ
1245 2525 1376 2592 γοῦν
1420 2525 1654 2594 ἔφασκεν
1678 2529 1704 2578 ό
1735 2527 1916 2598 Σωτὴρ

333 2615 482 2685 πρὸς
512 2618 646 2688 τοὺς
683 2615 880 2670 ἑαυτοῦ
912 2617 1156 2687 μαθητάς
1178 2631 1194 2646 ο
1227 2635 1243 2666 t
1282 2615 1461 2670 Ταῦτα
1503 2619 1560 2669 ὲν
1605 2618 1918 2688 παροιμίαις

337 2707 619 2780 λελάληκα
645 2709 774 2780 ὑμῖν
794 2725 807 2738 ο
837 2709 1050 2780 ἔρχεται
1083 2707 1137 2762 δὲ
1166 2707 1282 2779 ῶρα
1309 2708 1396 2762 ὅτε
1439 2709 1619 2762 οὐκέτι
1644 2709 1700 2760 ἐν
1726 2727 1918 2779 παροι-

339 2802 492 2871 μίαις
525 2799 746 2870 λαλήσω
775 2800 922 2870 ὑμῖν,
951 2799 1086 2853 ἀλλὰ
1115 2801 1418 2872 παρρησίᾳ,
1451 2819 1468 2851 ι
1500 2799 1574 2863 ὡς
1599 2801 1697 2869 τῆς
1727 2818 1918 2871 παροι-

339 2892 466 2962 μίας
499 2892 603 2944 οὐκ
634 2890 862 2962 ἐχούσης
886 2891 983 2962 τήν
1011 2891 1344 2964 παρρησίαν.
1379 2892 1452 2944 Τὸ
1479 2891 1656 2944 τοίνυν
1687 2911 1703 2944 t
1736 2891 1918 2946 ἐκτισέ

339 2999 424 3051 με,
461 3001 479 3032 s
538 2982 572 3052 ἡ
623 2981 786 3051 σοφία
840 2982 1170 3052 γυμνότερον
1215 2981 1470 3050 λέγουσα,
1521 2983 1702 3052 τίθησι
1755 2984 1918 3036 πάλιν

339 3073 592 3143 τοιαύτην
617 3073 742 3126 τινὰ
773 3073 958 3143 φωνήν
978 3089 992 3103 ”
1020 3092 1038 3124 ι
1079 3073 1146 3128 Ἢ
1180 3072 1342 3142 σοφία
1371 3073 1720 3144 ᾠκοδόμησεν
1750 3075 1915 3144 ἑαυτῇ

2089 1959 2206 1998 rum
2241 1941 2546 1996 sitarum".
2583 1957 2600 1990 ι
2641 1939 2793 2004 Quod
2837 1935 3010 1990 Filius
3055 1951 3156 1988 non
3205 1937 3272 1988 sit
3323 1947 3588 1996 creatura,

2089 2015 2180 2068 sed
2215 2013 2514 2066 coritternus
2557 2009 2732 2064 Patri.
2779 2007 3051 2072 Quomodo
3091 2017 3266 2058 autem
3305 2005 3592 2072 intelligere

2093 2093 2326 2150 oporteat
2359 2079 2520 2144 illud,
2555 2098 2572 2130 t
2607 2077 2865 2130 Dominus
2893 2077 3084 2150 crearit
3121 2091 3200 2150 nte
3237 2075 3442 2150 initium
3483 2073 3590 2125 ria-

2089 2145 2208 2206 rttnt
2236 2167 2475 2214 auarum,
2507 2169 2526 2202 ι
2571 2165 2636 2202 ex
2665 2147 3102 2214 consequentibus
3139 2145 3480 2212 intelligetur.

2093 2261 2334 2316 Primum
2365 2261 2495 2314 illud
2527 2259 2812 2314 dicendum
2844 2269 2946 2322 est,
2981 2259 3198 2326 quando
3220 2271 3336 2326 quae
3369 2271 3588 2326 prover-

2023 2353 2240 2408 bialiter
2278 2352 2552 2412 dicuntur,
2601 2349 2846 2402 videntur
2891 2345 3200 2414 signiﬁcare
3245 2343 3446 2412 aliquid
3501 2357 3588 2396 se-

2021 2444 2258 2500 cundum
2285 2441 2504 2497 obvium
2536 2454 2750 2495 sensum
2779 2457 2790 2492 :
2819 2453 2924 2492 non
2957 2445 3135 2490 tamen
3161 2435 3232 2488 ita
3259 2445 3320 2488 ut
3347 2433 3596 2488 dicuntur

2024 2551 2144 2591 sese
2173 2535 2394 2600 habent,
2432 2533 2707 2600 aliumque
2741 2531 3076 2586 reconditum
3113 2543 3328 2582 sensum
3373 2527 3592 2580 habent.

2023 2621 2228 2677 Idcirco
2263 2623 2521 2676 Servator
2547 2620 2612 2674 ad
2649 2619 2940 2690 discipulos
2971 2633 3096 2674 suos
3126 2618 3262 2672 dixit
3293 2635 3304 2672 :
3340 2637 3358 2670 t
3391 2615 3512 2672 IIwc
3542 2617 3592 2670 in

2025 2714 2291 2783 parabolis
2315 2713 2532 2768 locutus
2559 2727 2676 2767 sum
2710 2711 2884 2776 vobis,
2906 2709 2998 2764 sed
3023 2712 3196 2764 veniet
3229 2711 3356 2764 hora
3381 2709 3598 2778 quando

2027 2820 2132 2859 non
2185 2805 2239 2857 in
2281 2801 2584 2870 proverbiis
2633 2799 2824 2869 loquar
2867 2799 3056 2862 vobis,
3105 2800 3198 2853 sed
3259 2799 3436 2868 palam
3461 2797 3538 2864 ‘°;
3573 2817 3590 2850 ι

2025 2897 2226 2968 quippe
2262 2893 2408 2964 quod
2441 2895 2492 2946 in
2516 2893 2826 2962 proverbiis
2853 2905 2940 2946 res
2963 2891 3078 2958 ipsa
3107 2905 3210 2944 non
3243 2891 3415 2959 palam
3443 2905 3598 2960 aper-

2029 2999 2190 3058 teque
2233 2987 2552 3074 explice‘tur.
2606 2983 2740 3038 Cum
2777 2983 2962 3051 itaque
3011 2983 3207 3036 nudius
3246 2983 3468 3038 dixisset
3501 2983 3600 3036 Sa-

2027 3081 2250 3151 pientia,
2293 3097 2312 3130 ι
2342 3073 2550 3132 creavit
2585 3091 2690 3142 me,
2721 3093 2740 3128 ι
2779 3073 3040 3144 ejusmodi
3081 3075 3352 3144 quidpiam
3400 3075 3548 3128 addit
3581 3095 3594 3131 :

337 3161 500 3220 οἷκον.
557 3184 578 3217 s
627 3163 693 3217 Εί
722 3165 902 3218 τοίνυν
955 3165 988 3234 ή
1034 3165 1195 3232 σοφία
1250 3165 1347 3235 μὲν
1397 3163 1542 3218 ἔστιν
1573 3169 1603 3219 ό
1641 3165 1735 3220 τοῦ
1784 3165 1918 3218 Θεοῦ

2029 3193 2048 3227 t
2080 3171 2354 3243 Sapientia
2381 3169 2666 3224 aediﬁcavit
2711 3167 2812 3224 sibi
2845 3169 3062 3222 domum
3087 3167 3150 3222 ".
3187 3185 3204 3218 ι
3237 3167 3291 3222 Si
3339 3181 3466 3238 ergo
3497 3167 3598 3224 Sa-

336 3257 522 3325 Λόγος,
557 3258 728 3327 ἑαυτῇ
763 3255 818 3309 δὲ
849 3256 942 3308 τὸν
969 3253 1116 3308 οἶκον
1155 3258 1446 3328 οἰκοδομεῖ,
1472 3257 1574 3310 ποῦ
1602 3258 1662 3310 τὸ
1693 3277 1710 3308 t
1741 3257 1923 3310 ἕκτισέ

337 3365 398 3420 με
447 3367 467 3400 ι
513 3349 789 3419 χωρήσει,
839 3347 1084 3412 πιθανῶς
1126 3349 1404 3421 ζητητέον.
1465 3349 1624 3404 Ἐστι
1675 3349 1858 3402 τοίνυν
1897 3351 1924 3403 ό

337 3439 486 3494 τοῦτο
509 3439 698 3508 λέγων
729 3441 986 3511 Χριστὸς,
1020 3441 1094 3504 ὡς
1121 3441 1218 3512 ήδη
1255 3441 1468 3514 τεχθεὶς
1507 3443 1601 3496 καί¹
1633 3443 1924 3512 γενόμενος

333 3531 660 3603 ἄνθρωπος·
698 3531 784 3600 ἐφ’
811 3525 873 3585 οὗ
919 3532 1000 3599 τὸ,
1047 3551 1066 3584 t
1105 3532 1286 3586 ἔκτισέ
1335 3551 1426 3604 με,
1469 3553 1486 3586 ι
1525 3533 1924 3606 ἀδυσφημήτως

335 3625 604 3686 κείσεται,
635 3621 772 3677 καθὸ
801 3623 1106 3694 ἄνθρωπος.
1131 3625 1328 3693 Γέγονε
1351 3625 1408 3678 δὲ
1433 3626 1532 3696 τῆς
1563 3626 1755 3696 σοφίας
1779 3623 1926 3691 οἶκος

335 3717 420 3767 ὑπ’
481 3715 668 3786 αὐτῆς
739 3718 1248 3788 κατεσκευασμένος
1305 3719 1368 3771 τὸ
1434 3720 1593 3790 σῶμα
1647 3719 1806 3773 τοῦτο
1866 3719 1926 3774 τὸ

337 3805 510 3858 κοινὸν
561 3805 628 3856 τὺ
658 3805 723 3858 ὲκ
766 3807 866 3876 τῆς
901 3807 1062 3874 ἁγίας
1094 3807 1372 3880 Παρθένου
1412 3809 1622 3880 τεχθὲν,
1665 3813 1722 3864 ὲν
1746 3803 1790 3878 ᾧ
1833 3811 1923 3864 εὐ-

337 3895 532 3968 δόκησε
577 3899 907 3968 κατοικῆσαι
955 3900 1064 3952 πᾶν
1117 3899 1176 3952 τὸ
1229 3899 1506 3971 πλήρωμα
1542 3903 1639 3972 τῆς
1675 3901 1928 3972 θεότητος

337 3985 702 4056 σωματικῶς,
737 3985 879 4038 κατὰ
921 3985 1022 4058 τὴν
1065 3985 1162 4041 τοῦ
1211 3989 1426 4042 Παύλου
1480 3989 1686 4058 φωνήν.
1717 3989 1928 4042 Οὐκοῦν

335 4077 643 4150 ἐπειδήπερ
674 4079 704 4130 ὁ
733 4076 908 4145 Λόγος
938 4077 1078 4149 σὰρξ
1111 4078 1350 4146 ἐγένετο,
1389 4078 1574 4149 τίθησι
1609 4079 1736 4149 περὶ
1762 4077 1926 4134 αὑτοῦ

335 4171 411 4236 τὸ,
451 4191 472 4225 t
501 4171 694 4226 ἔκτισέ
729 4189 817 4242 με,
857 4191 878 4225 ι
915 4174 949 4244 ἡ
976 4173 1096 4227 θεία
1125 4175 1341 4246 Γραφή,
1374 4175 1514 4228 καθὸ
1540 4175 1730 4244 γέγονε
1759 4176 1924 4240 σάοξ·

333 4265 430 4318 καὶ
465 4263 654 4328 οὕτως
686 4265 920 4318 νοεῖσθαι
951 4265 1059 4337 χρὴ
1089 4265 1152 4319 τὸ
1182 4265 1494 4337 λεγόμενον.

339 4420 556 4494 ΑΛΛΟ,
592 4418 736 4494 ,Ὅτι
770 4417 858 4494 τό.
903 4437 922 4472 t
967 4423 1170 4494 ἔκτισε
1203 4438 1300 4490 με,
1356 4440 1374 4473 ι
1414 4423 1606 4492 μόνον
1633 4427 1922 4494 κείμενον,

2027 3263 2227 3334 pientia
2273 3271 2354 3314 est
2385 3257 2620 3314 Verbum
2661 3257 2774 3325 Dei,
2817 3259 3152 3330 mdilicatque
3199 3259 3298 3314 sibi
3353 3259 3452 3328 ipsi
3499 3263 3598 3316 do-

2026 3369 2197 3416 mum,
2227 3367 2460 3421 quonam
2499 3351 2650 3414 illud,
2686 3369 2704 3402 t
2735 3349 2940 3406 creavit
2972 3366 3076 3418 me,
3116 3370 3134 3403 ι
3171 3353 3452 3422 pertineat,
3484 3371 3598 3410 me-

2028 3448 2133 3502 rito
2155 3445 2324 3516 quaeri
2351 3451 2548 3514 potest.
2573 3441 2824 3498 Christus
2859 3444 3041 3515 itaque
3078 3455 3158 3500 est
3190 3446 3280 3516 qui
3317 3448 3418 3502 hoc
3443 3449 3597 3514 dicit,

2027 3547 2212 3606 utpote
2233 3537 2342 3606 jam
2369 3547 2526 3592 natus
2557 3545 2610 3591 et
2638 3535 2798 3592 homo
2827 3535 3002 3590 factus
3030 3555 3042 3590 :
3074 3538 3140 3590 de
3171 3552 3276 3606 quo
3303 3547 3358 3592 ut
3385 3540 3600 3594 homine

2027 3629 2180 3694 illud,
2209 3648 2227 3681 ι
2259 3630 2468 3686 creavit
2497 3643 2601 3696 me,
2631 3649 2652 3682 ι
2685 3629 2820 3684 citra
2855 3628 3241 3698 blasphemiam
3272 3631 3375 3685 dici
3401 3641 3598 3700 potest.

2026 3722 2190 3778 Facta
2231 3733 2316 3779 est
2357 3731 2538 3778 autem
2566 3723 2758 3777 domus
2793 3721 3073 3790 sapientia
3114 3733 3142 3771 a
3189 3734 3246 3774 se
3291 3731 3600 3776 constructa

2027 3829 2311 3870 commune
2351 3813 2452 3870 hoc
2483 3829 2680 3884 corpus
2719 3827 2784 3867 ex
2821 3821 3006 3865 sancta
3041 3809 3262 3878 Virgine
3299 3819 3500 3872 natum,
3546 3811 3599 3862 in

2027 3921 2134 3976 quo
2163 3905 2381 3976 dignata
2415 3915 2502 3960 est
2531 3905 2782 3959 habitare
2813 3903 2972 3972 156
2995 3901 3269 3970 plenitudo
3305 3901 3602 3953 divinitatis

2027 3999 2404 4068 corporaliter,
2443 3995 2596 4064 juxta
2636 3993 2783 4048 Pauli
2809 4007 2992 4046 vocem
3017 3991 3104 4044 “‘.
3125 3989 3257 4044 Cum
3285 3990 3450 4057 igitur
3471 3987 3602 4042 Ver-

2029 4089 2151 4142 bum
2193 4101 2321 4140 caro
2359 4086 2558 4139 factum
2597 4083 2688 4146 sit,
2726 4081 2791 4134 de
2827 4081 2942 4147 ipso
2974 4078 3104 4132 dicit
3131 4093 3284 4132 sacra
3323 4077 3600 4146 Scriptura

2029 4179 2176 4232 illud.
2227 4195 2244 4228 t
2291 4175 2494 4230 creavit
2539 4188 2645 4234 me,
2682 4191 2700 4223 ι
2747 4177 3015 4239 quatenus
3073 4168 3248 4225 factus
3297 4179 3378 4226 est
3425 4185 3552 4226 caro
3583 4211 3598 4227 .

2029 4271 2211 4339 itaque
2242 4267 2340 4320 hoc
2376 4265 2576 4320 dictum
2620 4261 2843 4332 intelligi
2873 4260 3054 4318 debet.

2029 4429 2260 4492 ALIUD,
2297 4427 2449 4492 Quod
2495 4427 2591 4479 hoc
2645 4423 2812 4478 solum
2853 4424 3101 4491 positum,
3149 4440 3168 4473 t
3207 4423 3397 4475 crearit
3443 4439 3542 4488 in»,
3577 4443 3596 4475 ι

411 4491 488 4542 οὐ
521 4489 760 4576 adt;th
781 4489 894 4556 τὴν
921 4492 1118 4570 αἰτίας
1143 4489 1442 4576 σῃμιιίξίεὶ,
1477 4495 1636 4548 ἀλλὰ
1664 4489 1778 4562 τήν
1805 4489 1920 4554 ἀπό

2099 4517 2202 4554 non
2233 4489 2283 4552 in
2306 4489 2612 4576 uniuersum
2639 4489 2861 4548 causam
2886 4493 3167 4576 signiﬁcat.
3195 4496 3294 4575 sed
3327 4510 3391 4576 ex
3424 4493 3602 4576 aliqua

412 4575 586 4622 τινος
607 4558 734 4633 ἤτοι
763 4559 1204 4633 κατασκευῆς-ᾔ
1225 4558 1574 4630 ﬁgis-Isz
1603 4570 1688 4632 εἷς
1721 4558 1834 4633 ἔτει,
1854 4571 1924 4622 ίν

413 4645 470 4678 τι
503 4628 1107 4701 μετάστασιν.”Εστω
1135 4629 1222 4690 δὲ,
1251 4633 1302 4683 εὶ
1326 4628 1562 4700 βούλει,
1589 4628 1678 4701 τὸ,
1712 4655 1730 4688 t
1772 4628 1926 4692 sim.

414 4713 556 4760 σεν,
591 4717 612 4749 ι
645 4697 996 4767 ἀδιορίστως
1036 4700 1136 4752 ἐπὶ
1165 4702 1440 4768 Χριστοῦ.

423 4831 443 4863 t
489 4810 699 4884 Κύριος
735 4811 917 4864 ἐκτισέ
955 4829 1020 4883 με
1060 4813 1234 4884 ἀρχὴν
1271 4815 1406 4868 ὁδῶν
1446 4817 1610 4871 αὐτοῦ
1635 4835 1648 4848 ·
1689 4837 1708 4870 ι
1755 4823 1808 4873 ετ
1841 4839 1925 4886 τις

345 4905 600 4977 ἀκριϐῶς
638 4905 815 4960 ἐθέλοι
859 4907 922 4959 τὸ
959 4906 1340 4977 γεγραμμένον
1380 4911 1540 4976 νοεῖν,
1585 4911 1805 4983 εὒρήσει
1843 4914 1924 4978 τὺ,

352 5014 370 5046 ι
409 4995 652 5059 ἔκτισεν,
694 5015 714 5048 ι
753 4995 944 5050 ἐνθάδε
969 4997 1028 5049 οὐ
1059 4995 1152 5049 τοῦ
1179 4999 1352 5066 Λόγου
1391 5002 1488 5070 τὴν
1516 5003 1704 5055 οὐσίαν
1735 5007 1931 5074 σημαῖ-

345 5101 437 5138 νον
483 5084 562 5148 ὡς
601 5086 998 5157 πεποιημένην,
1028 5085 1144 5138 ἀλλ’
1175 5087 1368 5157 ἑτέραν
1397 5089 1521 5143 τινὰ
1567 5091 1802 5145 διάνοιαν
1843 5093 1932 5162 ὀρ-

352 5177 473 5242 Θήν.
516 5177 748 5246 Λέγεται
803 5177 914 5249 γὰρ
960 5176 1240 5242 κτίζεσθαι
1290 5179 1387 5232 καὶ
1423 5179 1492 5233 τὰ
1543 5180 1670 5234 ὄντα
1707 5199 1764 5234 τε
1808 5183 1930 5252 ἤδη,

345 5269 446 5322 καὶ
493 5269 562 5321 τὰ
615 5270 782 5340 μήπω
831 5269 1122 5340 γενόμενα.
1160 5269 1234 5322 Τὸ
1270 5269 1326 5322 δὲ
1367 5270 1612 5341 ὑπάρχον
1655 5272 1779 5342 ἤδη,
1814 5273 1932 5338 πῶς

344 5359 414 5412 ἂν
456 5359 668 5429 λέγοιτο
702 5360 1004 5425 κτίζεσθαι,
1035 5359 1131 5414 καὶ
1165 5359 1339 5432 ἀρχὴν
1383 5361 1574 5433 ἑτέραν
1607 5362 1921 5431 λαμϐάνειν,

345 5451 646 5505 ἀκόλουθον
675 5453 822 5506 ίδεῖν.
879 5452 1002 5504 Ἐπὶ
1039 5451 1138 5521 μὲν
1176 5451 1284 5522 γὰρ
1312 5450 1419 5504 τῶν
1448 5451 1600 5506 οὔπω
1629 5453 1926 5521 γεγονότων

345 5546 394 5596 εἰ
425 5544 611 5614 τεθείη
653 5545 737 5607 τὸ,
789 5563 806 5595 t
859 5543 1094 5610 ἔκτισεν,
1157 5563 1176 5596 ι
1215 5543 1449 5612 εὐλόγως
1490 5545 1556 5599 ἂν
1594 5546 1692 5616 τὴν
1737 5547 1801 5599 ὲκ
1833 5548 1925 5600 τοῦ

429 5723 474 5754 ’⁸
498 5721 636 5776 Gen.
671 5737 760 5784 xv,
799 5723 853 5777 8.

351 5791 438 5843 23.
517 5792 560 5824 ¹¹
591 5792 754 5848 I'rov.
790 5807 866 5860 ix,
901 5793 948 5846 i.
1020 5793 1086 5823 ¹¹⁹
1120 5791 1336 5850 Coloss.
1362 5807 1420 5858 ιι,
1451 5794 1498 5846 9.

957 5723 1001 5753 ¹⁶
1026 5722 1194 5776 Exod.
1233 5738 1312 5788 ill,
1355 5723 1440 5776 15.
1516 5717 1552 5746 ¹⁷
1587 5721 1812 5784 Zachar.
1849 5737 1887 5786 ι,
1926 5724 2010 5778 1‘2.

2106 4571 2477 4624 constitutione
2529 4565 2606 4619 re!
2657 4580 2710 4616 re
2747 4564 3144 4616 translationem
3187 4565 3241 4616 in
3285 4565 3468 4616 alium.
3522 4563 3602 4618 Stt

2103 4655 2245 4700 rero,
2278 4641 2322 4690 si
2355 4639 2512 4699 voles,
2557 4635 2712 4698 illud,
2749 4651 2767 4684 t
2799 4635 2991 4686 creavit
3015 4649 3114 4696 me,
3153 4651 3171 4684 ι
3224 4635 3496 4702 indeﬁnite
3539 4635 3602 4685 de

2103 4708 2320 4763 Christo
2349 4709 2565 4760 dictum.

2110 4835 2128 4869 t
2161 4819 2418 4872 Dominus
2447 4815 2655 4871 creavit
2699 4829 2784 4869 me
2809 4813 3022 4868 initium
3055 4813 3264 4866 viarum
3295 4825 3544 4874 suarum,
3580 4829 3600 4861 ι

2033 4909 2076 4963 si
2101 4907 2222 4976 quis
2243 4915 2434 4961 exacte
2459 4905 2762 4974 intelligere
2791 4903 2941 4968 velit,
2973 4901 3236 4964 inveniet,
3272 4917 3290 4950 t
3323 4902 3546 4964 creavit,
3580 4920 3598 4951 ι

2031 4998 2121 5052 hic
2149 5009 2254 5050 non
2283 4995 2444 5050 Verbi
2471 4995 2761 5050 essentiam
2797 4991 3124 5062 signiﬁcare,
3159 4999 3217 5043 ut
3253 4988 3468 5056 lactant,
3512 4993 3604 5046 sed

2030 5087 2195 5142 alium
2249 5085 2536 5156 quemdam
2585 5093 2794 5138 rectum
2848 5094 3092 5136 sensum.
3148 5079 3408 5133 Dicuntur
3460 5083 3602 5137 enim

2030 5179 2228 5242 creari,
2264 5187 2316 5232 et
2347 5191 2465 5248 quis
2491 5176 2602 5244 jam
2633 5174 2922 5234 exsistunt,
2962 5179 3017 5224 et
3044 5185 3162 5240 qutte
3191 5171 3426 5225 nondum
3465 5173 3603 5228 facta

2030 5279 2176 5328 sunt.
2230 5268 2284 5324 Id
2315 5283 2444 5322 vero
2469 5263 2610 5337 quod
2652 5263 2766 5334 jam
2813 5260 3046 5324 exsistit,
3091 5261 3360 5330 quomodo
3397 5263 3608 5316 dicatur

2030 5362 2230 5430 creari,
2285 5361 2537 5428 aliudque
2587 5356 2802 5412 initium
2855 5352 3117 5418 nancisci,
3159 5353 3450 5408 videndum
3500 5369 3602 5408 est.

2031 5454 2166 5508 Nam
2215 5453 2259 5508 si
2309 5452 2375 5506 de
2413 5443 2490 5504 iis
2535 5463 2658 5518 quae
2713 5445 2950 5499 nondum
3003 5443 3142 5498 l'acla
3195 5452 3321 5496 sunt
3371 5443 3602 5507 dicatur,

2040 5567 2057 5600 t
2085 5546 2312 5612 creavit,
2347 5564 2365 5596 ι
2406 5557 2467 5597 ea
2512 5556 2634 5596 cum
2679 5545 2839 5591 antea
2874 5551 2978 5591 non
3006 5543 3212 5602 essent,
3241 5535 3352 5603 jam
3390 5536 3454 5590 ad
3486 5550 3607 5590 esse

2647 5713 2689 5742 η
2719 5710 2874 5764 Prov.
2909 5727 3024 5776 vm,
3061 5710 3148 5762 ‘20.
3228 5711 3271 5740 ²⁰
3301 5706 3455 5762 Joan.
3493 5717 3605 5766 xw;

2104 5725 2144 5754 ¹⁸
2173 5724 2371 5777 Ilubac.
2405 5733 2464 5780 ιι,
2499 5717 2549 5768 1.
