4078 6260
450 381 558 438 265

1475 374 1532 428 s.
1576 369 1846 426 eruum
1889 350 2363 421 ALEXAaDntNt
2405 363 2747 421 anetum);

3617 360 3724 421 τοι

451 499 696 557 traducta
745 496 1126 567 sigiiiﬁcanwr
1160 513 1174 549 :
1203 496 1272 550 de
1307 496 1374 549 iis
1411 507 1541 548 vero
1569 506 1692 560 quae
1729 489 1843 557 jam
1878 491 2025 542 exsi-

2135 488 2210 560 μὴ
2243 488 2396 552 ὄντος
2436 491 2515 551 εἰς
2553 489 2615 540 τὺ
2648 484 2790 540 εἶναι
2827 491 3084 556 σημαίνοι
3127 489 3468 556 παραγωγὴν
3491 503 3502 517 ·
3538 487 3633 538 ἐπί
3668 488 3725 542 δέ

448 600 620 654 stunt,
661 603 836 659 neque
874 587 1171 655 creatione,
1215 594 1276 641 ut
1314 587 1444 652 sint,
1472 584 1742 654 indigem,
1775 597 1882 636 non
1918 581 2030 651 jam

447 695 638 739 creare
673 671 966 736 essentiam
1006 678 1298 748 signiﬁcat,
1329 676 1423 732 sed
1465 689 1534 731 ex
1574 674 1682 748 alio
1711 677 1944 743 quodam
1977 673 2030 726 in

448 774 596 829 aliud
630 773 1062 829 translationem.
1097 770 1170 825 Ut
1211 785 1333 826 eum
1365 769 1532 823 David
1565 755 1696 822 dicit
1725 784 1738 820 :
1779 783 1798 815 ι
1834 765 1897 819 Ει
1939 778 2033 834 po-

446 866 607 935 pulus
632 865 725 936 qui
761 865 1036 920 creabitur
1074 862 1320 917 laudabit
1349 860 1635 916 Dominum
1657 859 1726 911 ²¹.
1763 878 1783 910 ι
1814 856 1883 912 Et
1909 871 2032 911 rur-

447 973 540 1014 sus
569 975 583 1013 :
618 975 638 1009 ι
668 957 774 1012 Cor
804 956 1059 1010 mundum
1084 967 1210 1010 crea
1236 953 1293 1007 in
1330 967 1446 1018 me,
1476 951 1624 1014 Deus
1645 948 1716 1004 ³³.
1753 968 1772 1003 ι
1803 948 1868 1003 Ει
1891 946 2032 1003 Pau-

449 1050 532 1105 lus
574 1048 769 1104 alicubi
806 1048 871 1102 de
919 1046 1140 1102 Christo
1185 1046 1310 1100 ait:
1346 1063 1365 1096 ι
1397 1041 1598 1114 Legem
1653 1042 2030 1097 mandatorum

447 1141 679 1196 decretis
727 1153 1019 1204 evacuans,
1066 1146 1128 1192 ut
1175 1139 1312 1192 duos
1354 1144 1508 1192 creet
1559 1136 1611 1188 in
1651 1135 1833 1202 seipso
1866 1147 2030 1187 unum

445 1245 641 1285 novum
686 1231 959 1284 hominem
980 1229 1049 1283 “.
1081 1245 1100 1279 ι
1138 1227 1203 1282 Et
1228 1222 1454 1282 rursum
1491 1243 1503 1280 :
1539 1242 1558 1276 ι
1595 1222 1897 1280 Induamini
1928 1236 2032 1276 no-

442 1338 567 1377 vum
593 1323 872 1376 hominem
902 1329 1146 1375 creatum
1176 1318 1477 1375 secundum
1511 1316 1679 1371 Deum
1740 1315 1792 1370 in
1823 1313 2032 1384 justitia

441 1422 498 1470 et
537 1413 829 1470 sanctitate
865 1413 1112 1467 veritatis
1133 1411 1200 1467 “.
1233 1429 1254 1463 ο
1293 1396 1455 1465 Certe
1498 1408 1669 1463 David
1721 1422 1827 1464 non
1860 1421 2033 1476 papu-

442 1505 554 1559 lum
581 1503 870 1573 quemdam
905 1502 1200 1556 secundum
1222 1499 1518 1556 essentiam
1547 1499 1842 1553 creandum
1870 1496 2035 1567 signi-

443 1595 646 1656 ﬁcavit,
685 1593 779 1648 sed
817 1609 884 1648 ex
911 1607 1098 1648 errore
1131 1591 1200 1648 ad
1243 1591 1606 1662 cognitionem
1653 1590 1746 1644 Dei
1791 1589 2032 1645 transla-

444 1695 578 1740 tum.
606 1684 793 1754 Neque
827 1685 990 1738 etiam
1035 1681 1184 1738 aliud
1222 1691 1418 1752 praeter
1458 1682 1510 1737 id
1537 1681 1682 1751 quod
1718 1681 1904 1745 habet,
1934 1693 2032 1735 cor

442 1775 615 1830 creari
661 1776 712 1829 in
757 1788 818 1830 se
846 1774 1002 1843 petit,
1033 1771 1129 1828 sed
1185 1772 1253 1828 ad
1301 1772 1595 1843 puritatem
1635 1771 1817 1826 cordis
1850 1780 2030 1826 trans-

444 1866 571 1920 ferri
603 1866 772 1934 cupit.
806 1864 1258 1934 Sapientissimus
1295 1871 1476 1920 autem
1506 1863 1729 1928 Paulus,
1761 1877 1867 1918 non
1891 1862 2028 1919 duos

444 1957 692 2010 homines
723 1957 774 2010 in
800 1957 1067 2011 unitatem
1096 1955 1400 2010 naturalem
1427 1969 1522 2024 per
1547 1954 1827 2010 Christum
1853 1955 2029 2010 creari

441 2047 594 2111 dicit,
635 2047 708 2101 ita
742 2056 801 2102 ut
840 2047 1140 2103 exsistendi
1182 2046 1510 2118 principium
1553 2047 1891 2116 acciperent,
1934 2047 2030 2102 sed

442 2139 698 2209 p0pulum
731 2138 1087 2195 lsraeliticum
1125 2151 1181 2194 et
1223 2148 1412 2210 gentes
1456 2140 1509 2194 in
1543 2140 1838 2194 novitatem
1880 2154 2031 2192 men-

444 2231 514 2286 tis
572 2231 849 2286 traductos
905 2230 1060 2296 dicit,
1118 2239 1281 2301 atque
1329 2231 1449 2286 illos
1505 2231 1725 2300 quidem
1789 2245 1818 2284 a
1874 2229 2028 2300 legali

439 2323 615 2388 cultu,
675 2321 774 2378 hos
807 2337 936 2377 vero
966 2323 1035 2377 ab
1064 2322 1265 2378 usitato
1301 2331 1357 2377 et
1391 2321 1647 2376 familiari
1681 2321 1814 2391 ipsis
1841 2335 2030 2378 errore

440 2416 723 2470 abductos.
774 2413 841 2468 Et
890 2428 1085 2469 rursus
1129 2427 1321 2469 omnes
1376 2413 1523 2470 indui
1551 2412 1708 2484 jubet
1755 2414 2028 2469 hominem

441 2521 658 2574 novum,
683 2506 774 2577 qui
807 2508 1102 2561 secundum
1131 2504 1302 2561 Deum
1329 2515 1548 2563 creatus
1576 2517 1681 2562 est.
1717 2507 1883 2577 Atqui
1913 2520 2031 2561 ma-

442 2599 696 2654 nifestum
751 2608 853 2663 est,
889 2597 1039 2652 illum
1075 2612 1184 2653 non
1233 2598 1509 2654 hominem
1559 2598 1797 2669 aliquem
1832 2613 2028 2655 secun-

441 2693 566 2746 dum
612 2691 908 2746 essentiam
961 2691 1163 2748 factum
1218 2690 1551 2760 signiﬁcare,
1598 2705 1758 2760 quem
1807 2690 2028 2746 induere

439 2789 714 2846 oporteat,
765 2783 858 2836 sed
909 2783 1081 2836 vitam
1109 2780 1263 2850 juxta
1305 2780 1522 2836 virtutis
1571 2795 1820 2837 normam
1873 2781 2028 2837 insti-

441 2874 544 2940 tui,
590 2883 645 2928 et
702 2872 1036 2928 voluntatem
1088 2872 1384 2928 instaurari
1434 2882 1598 2942 atque
1643 2873 1912 2928 innovari.
1967 2872 2024 2928 Si

440 2979 571 3034 ergo
602 2965 780 3020 creari
816 2979 920 3018 non
953 2977 1166 3032 semper
1196 2962 1354 3034 157
1397 2965 1688 3018 essentiam
1723 2963 2024 3034 signiﬁcat,

441 3072 604 3125 quam
639 3057 903 3111 rationem
948 3055 1133 3123 habet,
1174 3063 1270 3110 aut
1336 3055 1610 3125 quomodo
1653 3070 1759 3110 non
1804 3055 2024 3111 stultum

441 3144 638 3209 fuerit,
694 3147 760 3201 de
821 3147 888 3201 iis
923 3147 1142 3215 quidem
1199 3149 1294 3218 qui
1344 3161 1535 3204 revera
1589 3157 1852 3204 creaturae
1898 3158 2022 3204 sunt

442 3247 589 3291 recte
619 3236 670 3290 id
706 3239 850 3304 quod
882 3239 1143 3306 scriptum
1178 3247 1264 3293 est
1289 3241 1558 3309 accipere,
1601 3240 1670 3296 de
1703 3238 1884 3296 Verbo
1914 3255 2025 3295 au-

444 3335 550 3381 tem
592 3325 707 3393 Dei,
745 3328 797 3379 in
827 3340 935 3394 quo
967 3327 1238 3397 praecipue
1277 3329 1331 3384 id
1358 3328 1637 3384 observari
1681 3338 1916 3399 oportet,
1950 3332 2027 3386 si-

442 3423 614 3477 nistre
667 3423 768 3476 hoc
800 3422 1188 3490 interpretari?
1225 3442 1243 3475 ι
1286 3423 1544 3479 Dominus
1590 3425 1774 3492 enim,
1815 3425 2026 3496 inquit,

441 3515 652 3569 creavit
687 3530 791 3582 me,
823 3534 841 3567 ι
881 3511 1058 3586 neque
1088 3515 1140 3570 in
1172 3516 1277 3572 hoc
1310 3517 1498 3583 verbo,
1525 3537 1543 3569 ι
1576 3518 1802 3586 creavit,
1843 3536 1862 3572 ι
1896 3519 2028 3574 dicti

445 3607 556 3659 vim
586 3605 884 3672 sistit,.sed
930 3605 1102 3673 addit,
1160 3626 1180 3658 ι
1210 3607 1422 3663 initium
1455 3608 1664 3663 viarum
1706 3624 1926 3665 suarum
1971 3609 2027 3664 in

441 3711 606 3764 opera
633 3697 750 3765 ejus
783 3714 800 3748 ο
844 3695 1074 3763 creavit,
1107 3706 1164 3752 et
1195 3711 1302 3753 non
1327 3698 1398 3753 ad
1429 3713 1552 3754 esse
1583 3699 1898 3766 traducens,
1932 3701 2029 3755 sed

443 3787 654 3844 creavit
683 3787 895 3843 initium
923 3789 1128 3844 viarum
1157 3804 1376 3845 suarum
1412 3791 1466 3844 in
1493 3805 1657 3861 opera
1687 3790 1835 3859 ejus;
1883 3793 2027 3862 quod

444 3878 519 3931 ita
573 3877 845 3950 intelliges
879 3895 893 3933 :
923 3879 1046 3935 Vita
1098 3879 1291 3952 legalis
1347 3880 1604 3936 aJudazis
1651 3883 1948 3949 colebatur,
1995 3897 2027 3938 a

443 3969 694 4039 gentibus
725 3984 853 4025 vero
895 3970 1003 4024 vita
1051 3971 1345 4027 secundum
1381 3971 1649 4041 justitiam
1686 3974 1836 4028 nullo
1870 3976 2028 4030 modo

444 4061 894 4130 cognoscebatur.
931 4059 1164 4117 Verbum
1206 4063 1390 4133 itaque
1414 4063 1508 4119 Dei
1545 4063 1748 4120 factum
1775 4073 1880 4131 est,
1912 4065 2028 4122 sive

444 4163 685 4224 creatum
730 4161 834 4218 est,
881 4168 1032 4220 caro,
1069 4156 1172 4210 hoc
1216 4166 1300 4211 est
1328 4157 1525 4227 ,homo,
1563 4166 1621 4213 ut
1666 4158 2027 4226 initiumvta-

445 4257 565 4295 rum
597 4243 804 4296 Domini
842 4253 898 4298 et
932 4259 1156 4314 operum
1185 4247 1305 4316 ejus
1328 4251 1583 4304 omnibus
1611 4251 1936 4305 inveniatur.
1967 4248 2025 4305 lu

448 4333 624 4400 primo
671 4333 817 4386 enim
863 4333 1084 4389 Christo
1124 4339 1436 4406 evangelica
1480 4342 1589 4394 vita
1635 4341 1851 4397 eﬂ‘ulsit.
1899 4341 2028 4398 Vizs

447 4431 628 4476 autem
679 4432 734 4476 et
767 4438 930 4492 opera
970 4425 1206 4493 Domini,
1253 4429 1380 4496 quid
1430 4430 1575 4485 aliud
1625 4446 1746 4488 esse
1799 4447 2026 4488 censea-

2132 579 2240 631 τῶν
2271 577 2439 632 ὄντων
2469 578 2568 648 ἤδη
2607 578 2704 631 καὶ.
2735 576 2844 629 τῶν
2875 575 3154 639 κτίζεσθαι
3193 576 3335 630 κατὰ
3360 573 3421 628 τὸ
3465 569 3608 627 εἶναι
3650 589 3726 646 μη

2132 669 2421 740 δεομένων,
2459 667 2646 722 οὐκέτι
2677 668 2779 740 τὴν
2817 664 3005 722 οὐσίαν
3040 668 3317 738 σημαίνει,
3355 665 3492 722 ἀλλὰ
3528 667 3630 737 τὴν
3664 669 3726 721 ἐκ

2133 777 2278 825 τινος
2317 760 2504 831 ἐτέρου
2549 761 2684 833 πρὸς
2720 759 2906 832 ἕτερόν
2950 777 3006 814 τι
3061 760 3416 831 μετάστασιν.
3465 760 3556 824 Ὦς
3597 762 3726 815 ὅταν

2133 854 2268 925 λέγῃ
2309 854 2523 919 Δαΰίδθλ
2552 874 2569 906 ι
2615 854 2724 907 Kal
2769 852 2897 918 λαὸς
2926 853 2954 905 ό
2988 852 3332 924 κτιζόμενος,
3387 852 3594 907 αἰνέσει
3636 853 3727 906 τὸν

2133 946 2360 1019 Κύριον.
2405 965 2423 998 ι
2462 947 2576 1000 Καὶ
2615 945 2812 1000 πάλιν·
2870 964 2889 997 ‹
2943 946 3192 1018 Καρδίαν
3239 945 3492 1016 καθαρὰν
3539 946 3726 998 κτίσον

2133 1041 2192 1094 ὲν
2226 1039 2372 1111 ἐμοὶ,
2401 1041 2430 1093 ό
2462 1037 2618 1103 Θεός.
2646 1057 2666 1092 ιι
2700 1039 2758 1092 Ὁ
2787 1037 2845 1092 δὲ
2881 1037 3094 1103 Παῦλός
3121 1038 3255 1110 φησί
3291 1055 3394 1091 που
3427 1038 3559 1108 περὶ
3600 1039 3729 1109 X9:-

2135 1131 2260 1186 στοῦ
2283 1149 2298 1167 ο
2331 1150 2350 1182 ι
2387 1130 2493 1186 Τὸν
2517 1131 2682 1201 νόμον
2697 1130 2806 1185 τῶν
2834 1130 3062 1184 ἐντολῶν
3091 1133 3148 1183 ἐν
3176 1130 3412 1201 δόγμασι
3440 1132 3726 1200 καταργή-

2134 1237 2254 1290 σας,
2289 1223 2376 1278 ἵνα
2424 1224 2556 1287 τοὺς
2607 1222 2702 1277 δύο
2740 1222 2901 1294 κτίσῃ
2950 1222 3009 1275 ἐν
3055 1221 3234 1292 ἐαυτῷ
3278 1224 3358 1286 είς
3405 1221 3501 1275 ἕνα
3534 1221 3724 1274 καινὸν

2132 1316 2439 1385 ἄνθρωπον.
2502 1332 2523 1366 ι
2578 1315 2691 1368 Καὶ
2740 1314 2938 1368 πάλιν·
2995 1332 3015 1366 ι
3087 1313 3414 1367 Ἐνδύσασθε
3463 1313 3556 1365 τὸν
3605 1314 3722 1365 νέον

2131 1407 2421 1478 ἄνθρωπον
2468 1407 2561 1460 τὸν
2615 1407 2759 1460 κατὰ
2796 1406 2931 1460 Θεὸν
2976 1405 3267 1459 κτισθέντα
3301 1407 3357 1458 ἐν
3403 1404 3717 1475 δικαιοσύνῃ

2131 1502 2227 1555 καὶ
2262 1499 2502 1571 ὁσιότητι
2557 1499 2660 1569 τῆς
2710 1499 2988 1570 ἀληθείας.
3029 1517 3048 1549 ι
3087 1497 3199 1552 Καὶ
3234 1498 3296 1551 οὐ
3335 1499 3398 1568 δή
3455 1516 3556 1550 που
3592 1497 3719 1549 λαὸν

2134 1591 2234 1661 μέν
2258 1608 2382 1644 τινα
2410 1591 2532 1643 κατ’
2557 1589 2746 1644 οὐσίαν
2772 1587 3089 1660 κτιζόμενον
3125 1588 3421 1659 ἐσήμαινεν
3454 1589 3482 1640 ό
3520 1587 3714 1640 Δαΰίδι

2131 1682 2267 1737 ἀλλὰ
2317 1679 2408 1736 τὸν
2457 1683 2522 1737 ἐκ
2569 1681 2780 1752 πλάνης
2811 1682 2892 1744 είς
2925 1680 3222 1748 ἐπίγνωσιν
3253 1678 3389 1732 Θεοῦ
3429 1676 3718 1749 μετατιθέ-

2136 1792 2298 1846 μενον
2330 1775 2501 1843 λέγει.
2549 1773 2639 1826 Ἐν
2673 1771 2853 1844 ἑαυτῷ
2899 1770 2956 1826 δὲ
3007 1771 3291 1836 κτίζεσθαι
3338 1773 3566 1842 καρδίαν
3620 1772 3716 1840 οὐχ

2131 1867 2328 1936 ἑτέραν
2383 1865 2514 1936 παρ’
2550 1865 2618 1935 ἦν
2664 1857 2809 1934 εἶχεν
2857 1861 3031 1932 ἠξίου,
3074 1861 3190 1914 ἀλλ’
3238 1863 3319 1924 είς
3366 1861 3716 1930 καθαρότητα

2131 1958 2302 2029 αὐτὴν
2338 1954 2751 2028 μεταποιεῖσθαι
2800 1954 3120 2027 παρεκάλει.
3174 1953 3234 2006 ’0
3280 1953 3336 2006 δέ
3374 1969 3438 2020 γε
3473 1951 3716 2021 σοφώτα-

2131 2064 2224 2112 τος
2270 2048 2506 2112 Παῦλος,
2558 2047 2618 2100 οὐ
2660 2045 2754 2099 δύο
2789 2046 2939 2108 τινας
2976 2045 3296 2116 ἀνθρώπους
3359 2045 3440 2108 είς
3486 2044 3714 2115 ἑνότητα

2132 2141 2367 2212 φυσικὴν
2400 2137 2785 2203 ἀνακτίςεσθαι
2831 2137 2978 2205 λέγει
3011 2138 3098 2192 διὰ
3132 2137 3394 2209 Χριστοῦ,
3430 2136 3507 2201 ὡς
3541 2135 3714 2208 ἀρχὴν

2130 2233 2223 2288 τοῦ
2261 2227 2401 2287 εἶναι
2428 2230 2802 2302 λαμῦάνοντας
2825 2245 2839 2256 ·
2870 2229 3008 2283 ἀλλὰ
3031 2229 3159 2293 τούς
3187 2247 3246 2281 τε
3275 2230 3333 2294 ἐξ
3372 2227 3594 2299 Ἰσραὴλ
3622 2229 3715 2280 καὶ

2130 2325 2258 2388 τοὺς
2287 2321 2347 2388 ἐξ
2372 2322 2541 2376 ἐθνῶν
2575 2321 2656 2382 είς
2684 2319 2982 2390 καινότητα
3010 2317 3238 2390 γνώμης
3275 2316 3712 2389 μεταποιηθήσε-

2135 2414 2258 2468 σθαι
2289 2413 2472 2483 λέγει’
2513 2412 2640 2477 τοὺς
2673 2414 2772 2482 μὲν
2809 2413 2952 2466 κατὰ
2985 2411 3147 2481 νόμον
3180 2411 3456 2482 λατρείας,
3499 2415 3628 2478 τοὺς
3658 2414 3712 2467 δὲ

2130 2508 2230 2577 τῆς
2278 2504 2578 2576 συντρόφου
2619 2504 2832 2576 πλάνης
2875 2503 3323 2572 ἐπιλαθομένους.
3383 2505 3496 2558 Καὶ
3550 2505 3711 2559 πάλιν

2132 2597 2458 2652 ἐνδύσασθαι
2492 2600 2658 2651 πᾶσιν
2687 2597 2821 2668 ἡμῖν
2849 2595 3126 2648 ἐπιτάττει
3155 2596 3248 2649 τὸν
3290 2596 3474 2650 καινὸν
3503 2597 3707 2668 ἄνθρω-

2132 2707 2234 2743 πον
2264 2691 2356 2742 τὸν
2393 2687 2534 2742 κατὰ
2563 2688 2695 2741 Θεὸν
2733 2685 3044 2741 κτισθέντα.
3083 2687 3191 2741 Καὶ
3237 2686 3395 2757 δῆλόν
3443 2688 3588 2740 ἐστιν
3633 2687 3708 2752 ὡς

2128 2783 2230 2836 οὐκ
2277 2781 2562 2854 ἄνθρωπόν
2603 2799 2725 2836 τινα
2761 2783 2880 2835 κατ’
2914 2779 3102 2834 οὐσίαν
3136 2769 3397 2848 γεγονότα
3433 2780 3710 2850 σημαίνει,

2127 2872 2189 2928 ὃν
2223 2873 2548 2928 ἐνδύσασθαι
2581 2873 2707 2944 χρὴ,
2746 2873 2882 2927 ἀλλὰ
2928 2873 3018 2924 τὸν
3051 2873 3171 2925 κατ’
3208 2870 3409 2944 ἀρετὴν
3455 2871 3570 2941 βίον
3618 2871 3716 2925 καὶ

2126 2967 2219 3020 τὸν
2272 2965 2373 3035 τῆς
2428 2965 2802 3038 προαιρέσεως
2840 2965 3252 3035 ἁνακαινισμόν.
3307 2965 3370 3018 Et
3427 2963 3606 3017 τοίνυν
3655 2957 3715 3017 τὸ

2129 3055 2412 3122 κτίζεσθαι
2446 3055 2506 3108 οὑ
2540 3054 2759 3118 πάντως
2787 3053 2885 3122 τὴν
2913 3055 3102 3108 οὐσίαν
3127 3053 3296 3124 δηλοῖ,
3324 3057 3475 3108 ποῖον
3510 3054 3577 3108 ἂν
3603 3053 3715 3126 ἔχοι

2131 3150 2310 3218 λόγον,
2343 3147 2376 3219 ἢ
2417 3147 2535 3210 πῶς
2575 3147 2674 3200 οὐκ
2719 3146 2944 3217 ἀνόητον
2986 3149 3080 3200 ἐπὶ
3120 3147 3217 3217 μὲν
3249 3146 3358 3200 τῶν
3388 3147 3558 3210 ὅντως
3599 3165 3714 3201 κτιδ

2139 3241 2365 3312 σμάτων
2397 3238 2575 3312 ὀρθῶς
2612 3239 2672 3292 τὸ
2704 3239 3090 3311 γεγραμμένον
3137 3239 3474 3310 ἐκδέχεσθαι,
3512 3239 3605 3292 ἐπὶ
3657 3240 3712 3294 δὲ

2127 3332 2222 3387 τοῦ
2264 3331 2399 3387 Θεοῦ
2430 3332 2626 3400 Λόγον,
2674 3331 2759 3400 ἐφ’
2791 3325 2834 3400 ᾧ
2863 3331 2928 3402 δὴ
2965 3331 3200 3401 μάλιστα
3237 3332 3398 3385 τοῦτο
3443 3333 3708 3402 φυλάττε-

2130 3426 2252 3480 σθαι
2273 3426 2400 3498 χρὴ,
2422 3423 2600 3496 σαθρὰ
2623 3423 2877 3486 νοοῦντας
2903 3422 3275 3494 εὑρίσκεσθαι;
3298 3443 3315 3474 ι
3342 3422 3543 3494 Κύριος
3576 3422 3706 3492 γὰρ,

2129 3519 2315 3590 φησὶν,
2342 3518 2526 3572 ἔκτισέ
2557 3534 2624 3588 με
2647 3533 2659 3544 ·
2691 3536 2707 3568 ι
2743 3516 2838 3568 καὶ
2858 3514 2920 3568 οὐ
2951 3516 3113 3586 μέχρι
3137 3513 3253 3578 τοῦ,
3285 3533 3304 3565 ι
3344 3515 3525 3569 έκτισέ
3558 3531 3646 3585 με,
3682 3526 3704 3567 9‘

2128 3609 2222 3665 τοῦ
2252 3610 2411 3679 λόγου
2460 3609 2560 3679 τὴν
2591 3608 2823 3677 δύναμιν
2868 3606 3103 3677 ἵστησιν,
3147 3606 3285 3659 ἀλλὰ
3333 3605 3712 3677 προστίθησιν,

2127 3704 2210 3756 ὅτι
2251 3720 2269 3754 ι
2304 3701 2482 3773 ἀρχὴν
2512 3701 2648 3754 ὁδῶν
2669 3698 2834 3754 αὑτοῦ
2866 3718 2885 3752 ι
2921 3701 3001 3762 εἰς
3028 3698 3165 3769 ἔργα
3191 3699 3356 3753 αὐτοῦ
3385 3699 3589 3763 ἔκτισε,
3619 3698 3712 3752 καὶ

2128 3795 2230 3848 οὐκ
2270 3795 2352 3857 είς
2393 3794 2455 3846 τὸ
2510 3789 2649 3847 εἶναι
2699 3789 3062 3864 παραγαγὼν,
3110 3790 3224 3845 ἀλλ’
3272 3790 3484 3845 ἔκτισεν
3538 3790 3714 3861 ἀρχὴν

2127 3885 2263 3941 ὁδῶν
2300 3883 2464 3938 αὐτοῦ
2495 3885 2574 3948 είς
2603 3883 2742 3954 ἔργα
2783 3882 2949 3936 αὐτοῦ
2972 3897 2985 3912 °
3025 3883 3160 3954 ὅπερ
3195 3881 3338 3936 οὕτω
3366 3884 3602 3954 νοήσεις.
3651 3883 3714 3935 Ἦ

2129 3978 2274 4034 κατὰ
2310 3977 2473 4048 νόμον
2505 3975 2751 4030 πολιτεία
2787 3974 3078 4046 ἐτετίμητο
3103 3975 3202 4045 μὲν
3232 3973 3383 4046 παρὰ
3419 3977 3532 4039 τοῖς
3585 3973 3712 4027 Ἰον-

2129 4071 2318 4137 δαίοις,
2349 4069 2504 4141 παρὰ
2539 4069 2596 4123 δὲ
2632 4071 2744 4132 τοῖς
2794 4067 3003 4121 ἔθνεσιν
3044 4067 3153 4121 οὐδ’
3186 4067 3322 4130 ὅλως
3370 4069 3397 4122 ό
3447 4068 3590 4121 κατὰ
3633 4067 3716 4122 δια⁸

2129 4163 2427 4235 καιοσύνην
2454 4162 2567 4233 βίος
2592 4158 2942 4230 ἐγινώσκετο.
2971 4158 3165 4228 Γέγονε
3195 4160 3397 4226 τοίνυν,
3429 4159 3550 4230 ἢτοι
3571 4159 3716 4212 ἐκτίε

2134 4256 2257 4327 σθην
2297 4253 2435 4327 σὰρξ
2474 4254 2504 4306 ὁ
2535 4253 2629 4306 τοῦ
2669 4251 2803 4306 ε’)εοῦ
2847 4251 3040 4320 Λόγος,
3077 4250 3356 4304 τουτέστιν
3401 4249 3710 4320 ἄνθρωπος,

2129 4347 2220 4399 ἵνα
2249 4345 2344 4400 καὶ
2368 4344 2511 4416 ἁρχὴ
2543 4343 2652 4397 τῶν
2685 4342 2821 4397 ὁδῶν
2853 4342 2946 4395 τοῦ
2988 4341 3195 4412 Κυρίου
3245 4343 3338 4394 καὶ
3380 4341 3488 4395 τῶν
3533 4341 3711 4411 ἔργων

2132 4437 2297 4493 αὐτοῦ
2356 4437 2524 4489 πᾶσιν
2577 4434 2798 4505 εὑρεθῇ.
2853 4434 2941 4488 Ἐν
3001 4434 3109 4504 γὰρ
3166 4433 3366 4504 πρώτῳ
3414 4432 3636 4504 Χριστῷ
3682 4433 3712 4485 ὁ

447 4527 590 4575 mus,
636 4527 798 4582 quam
843 4526 1113 4586 praecepta
1157 4520 1306 4586 ejus?
1335 4535 1457 4590 quae.
1501 4529 1822 4591 praestantes
1863 4533 2028 4594 atque

2138 4528 2490 4599 εύαγγελικδς
2517 4526 2793 4598 ἀνέλαμψε
2825 4526 2958 4597 βίος.
3010 4526 3197 4590 Ὁδοὺς
3221 4525 3279 4579 δὲ
3313 4526 3407 4580 καὶ
3444 4525 3582 4599 ἔργα
3605 4526 3710 4580 Κυ-

445 4613 808 4678 exsequentes
845 4606 1011 4661 veluti
1058 4607 1244 4665 multis
1283 4624 1346 4665 ac
1371 4611 1541 4667 variis
1589 4612 1693 4668 viis
1737 4612 1806 4667 ad
1851 4614 2026 4682 ipsum

2138 4623 2277 4697 ρίου,
2311 4621 2364 4674 τί
2393 4619 2499 4691 χρὴ
2524 4620 2665 4672 νοεῖν
2691 4618 2894 4689 ἕτερον,
2926 4618 2960 4689 ἢ
2993 4618 3209 4680 πάντως
3237 4616 3340 4680 τὰς
3369 4617 3591 4679 ἐντολὰς
3619 4617 3705 4668 αὐ·

447 4695 812 4764 procedimus.
855 4698 1008 4763 Quod
1053 4713 1183 4754 vero
1216 4714 1386 4771 opera
1424 4702 1684 4758 eximiam
1731 4714 1784 4757 et
1820 4713 2024 4760 rectam

445 4784 612 4841 vitam
641 4787 975 4857 signiﬁcent,
1000 4802 1054 4845 et
1079 4801 1359 4863 praecepta
1391 4793 1508 4859 Dei,
1547 4795 1668 4849 audi
1705 4796 1832 4865 quid
1870 4811 2026 4851 sacra

447 4878 727 4950 Scriptura
765 4881 912 4937 dicat
943 4901 956 4937 :
991 4901 1010 4936 ι
1047 4881 1136 4938 ναι
1172 4885 1264 4956 qui
1301 4885 1508 4941 faciunt
1533 4901 1695 4957 Opera
1727 4888 1818 4942 Dei
1851 4889 2023 4960 negli-

447 4983 634 5042 genter
655 4973 746 5030 "‘.
786 4992 806 5028 ι
850 4975 1049 5032 Beatus
1088 4987 1267 5034 autem
1299 4977 1466 5034 David
1501 4989 1766 5050 praecepta
1809 4980 1904 5037 Dei
1933 4998 2028 5052 ap-

446 5065 652 5134 pellans
697 5069 835 5137 vias,
889 5071 962 5125 ita
1008 5073 1320 5128 exclamat:
1357 5092 1378 5125 ι
1411 5073 1540 5129 Vias
1588 5083 1730 5139 tuas,
1781 5076 2026 5144 Domine,

449 5171 606 5218 notas
647 5163 730 5217 {ac
760 5165 915 5233 mihi,
951 5175 1005 5222 et
1034 5167 1264 5223 semitas
1288 5177 1408 5224 tuas
1434 5169 1567 5224 doce
1600 5172 1768 5225 me“.
1804 5189 1822 5220 ι

2135 4714 2269 4778 τοῦ;
2323 4712 2502 4784 ἇσπερ
2552 4711 2923 4774 ἐπιτελοῦντες
2967 4711 3061 4764 καὶ
3106 4709 3484 4780 ἐργαζόμενοι,
3524 4708 3711 4778 ὥσπερ

2134 4807 2224 4861 διὰ
2251 4804 2462 4859 πολλῶν
2486 4805 2581 4859 καὶ
2600 4803 2850 4875 ποικίλης
2881 4801 3000 4857 ὁδοῦ
3030 4801 3316 4874 βαδίζομεν
3355 4800 3492 4872 πρὸς
3525 4800 3708 4853 αὐτόν.

2139 4899 2260 4952 Ὅτι
2307 4897 2365 4952 δὲ
2411 4896 2481 4951 τὰ
2511 4896 2648 4967 ἔργα
2686 4894 2778 4948 τὸν
2821 4893 3101 4964 ἐξαίρετον
3141 4893 3392 4965 σημαίνει
3433 4892 3570 4962 βίον,
3621 4891 3712 4944 καὶ

2134 4990 2204 5045 τὰ
2236 4989 2636 5062 προστάγματα
2675 4986 2769 5042 τοῦ
2818 4985 2978 5052 Θεοῦ,
3026 4985 3190 5040 ἄκουε
3238 4985 3290 5038 τί
3324 5000 3486 5053 φησιν
3519 4985 3552 5053 ἡ
3596 4983 3712 5035 θεία

2136 5084 2358 5156 Γραφή”
2399 5100 2418 5134 ι
2467 5081 2604 5135 Οὐαὶ
2631 5081 2681 5134 οί
2727 5078 3010 5142 ποιοῦντες
3056 5077 3125 5131 τὰ
3162 5075 3298 5148 ἔργα
3333 5073 3536 5143 Κυρίου
3573 5073 3710 5142 ἀμε-

2134 5176 2264 5241 λῶς.
2303 5195 2322 5228 ι
2369 5175 2430 5229 'U
2461 5173 2519 5227 δέ
2555 5173 2823 5244 μακάριος
2850 5170 3036 5235 Δαϐὶδ,
3075 5169 3225 5234 ὁδοὺς
3256 5163 3394 5221 εῖναι
3419 5166 3592 5234 λέγων
3615 5164 3711 5226 τὰς

447 5251 683 5320 ἐντολὰς,
724 5257 1155 5330 ἀναφθέγγεταιο
1205 5280 1226 5314 ι
1288 5262 1402 5326 Τὰς
1445 5261 1597 5326 ὁδούς
1651 5279 1766 5327 σου,
1821 5267 2022 5339 Κύριε,
2057 5268 2323 5342 γνώρισόν
2389 5284 2501 5338 μοι,
2551 5267 2645 5321 καὶ
2685 5266 2784 5329 τὰς
2823 5263 3046 5335 τρίϐους
3074 5279 3167 5315 σου
3199 5261 3408 5326 δίδαξόν
3452 5277 3540 5331 με·
3585 5278 3601 5309 ⁵
3665 5341 3668 5344 ξ

1047 5393 1198 5451 Idem
1243 5395 1418 5450 aliter.

523 5545 544 5579 ι
575 5530 836 5588 Dominus
863 5535 1069 5590 creavit
1103 5550 1190 5590 me
1216 5534 1427 5590 initium
1462 5534 1673 5587 viarum
1709 5548 1935 5589 suarum
1963 5535 2020 5590 in

447 5634 614 5691 opera
661 5623 851 5694 ipsius.
880 5645 900 5679 ι
953 5626 1188 5682 Verbum
1228 5627 1350 5694 hoc,
1395 5644 1415 5678 ι
1446 5626 1677 5693 creavit,
1712 5645 1732 5679 ι
1785 5643 1890 5684 non
1938 5643 2026 5685 es,

516 5783 562 5815 ²¹
582 5782 724 5911 Ρῗιι.
752 5797 829 5851 CI,
862 5781 946 5837 19.
1020 5779 1226 5838 "Psal.
1249 5798 1302 5850 L,
1328 5781 1411 5836 l2.
1484 5782 1530 5814 ”
1552 5780 1743 5854 Ephes.
1775 5797 1834 5847 ll,
1862 5781 1947 5836 l5.

516 5873 596 5911 .tv.
663 5897 675 5911 .

448 5871 596 5923 xxrv,
623 5871 675 5912 4.

2098 5781 2143 5815 ’⁸
2191 5781 2386 5854 Ephes.
2437 5799 2513 5849 tv,
2565 5783 2658 5839 21.

2647 5399 2880 5464 Ἄλλως
2918 5399 2982 5451 τὸ
3015 5397 3180 5454 αὐτό.

2213 5559 2232 5592 ι
2279 5537 2483 5610 Κύριος
2528 5537 2711 5592 ἕκτισέ
2765 5553 2831 5608 με
2869 5535 3043 5608 ἀρχὴν
3085 5533 3220 5586 ὁδῶν
3257 5530 3422 5586 αὐτοῦ
3463 5531 3541 5592 είς
3579 5527 3708 5600 ἔργα

2135 5626 2322 5682 αὐτοῦ.
2372 5648 2391 5682 ι
2431 5629 2526 5693 Τὸ,
2576 5647 2594 5677 ι
2646 5628 2878 5694 ἐκτισεῆ
2923 5647 2942 5679 ›
2985 5627 3044 5679 ού
3093 5624 3234 5680 κατὰ
3265 5625 3362 5694 τῆς
3403 5621 3590 5683 οὐσίας
3619 5619 3710 5671 τοῦ

2764 5783 2832 5816 ³⁸·
2870 5781 3069 5840 Jercm.
3107 5795 3294 5851 nvm,
3328 5779 3413 5835 10.
3489 5777 3535 5808 ’⁸
3561 5776 3705 5832 Psal.
