4078 6260
242 5184 250 5224 ί

305 351 408 410 265

1683 347 2128 410 TllESAUliUS.

3457 357 3562 414 ἱϐϐ

307 473 472 542 Λόγου
495 468 682 524 θετέον
706 484 720 498 ·
751 469 1038 540 δύσφημον
1077 469 1182 540 γὰρ
1211 469 1376 534 ὅντως
1409 470 1504 523 καὶ
1545 471 1758 534 ἀσεϐὲς,
1791 473 1877 525 τὸν

1987 473 2218 527 sentiam
2265 471 2428 527 Verbi
2475 470 2742 542 signiﬁcat
2781 489 2794 524 :
2835 467 3210 541 blasphemnm
3261 473 3404 528 enim
3463 479 3562 528 im-

309 564 390 615 άεὶ
415 563 510 612 καὶ
551 557 820 620 ὡσαύτως
867 557 996 611 ὄντα
1047 560 1185 627 μετὰ
1227 560 1456 629 Πατρὸς,
1498 559 1592 612 νῦν
1641 559 1884 614 ἐκτίσθαι

311 656 508 722 λέγειν.
557 653 792 721 Νοὴσεις
845 651 902 702 δὲ
947 649 1092 703 οὕτω
1137 650 1539 722 πιθανώτερον·
1589 671 1608 702 ι
1660 651 1884 706 Ἐκτισὲ

322 764 408 818 με,
435 745 616 814 φησὶν,
647 741 818 812 ἀρχὴν
845 740 982 794 ὁδῶν
1011 741 1198 798 αὐτοῦ.
1239 761 1260 794 ι
1307 743 1490 805 Ὁδοὺς
1520 742 1706 798 ἐνθάδε
1728 744 1883 812 φησὶ,

322 839 412 890 τόν
437 853 498 888 τε
526 833 816 903 νομοθέτην
844 833 1048 885 Ιίιὶωσέα
1084 834 1180 885 καὶ
1200 834 1325 894 τοὺς
1350 835 1652 904 προφήτας,
1683 836 1768 900 ἐφ’
1796 833 1888 896 οὓς

331 927 472 996 ἁρχὴ
497 941 578 986 τις
607 923 788 992 ὥσπερ
819 923 910 974 καὶ
942 921 1158 985 ἐξουσία
1189 923 1446 976 τέτακται
1483 923 1742 994 Χριστός·
1787 941 1888 992 με-

335 1015 675 1080 τασκευάζων
716 1016 792 1076 είς
834 1013 934 1081 τὴν
963 1014 1074 1066 τῶν
1111 1013 1478 1081 εὐαγγελικῶν
1519 1015 1887 1084 κηρυγμάτων

343 1108 620 1176 καινότητα
671 1105 732 1158 τά
777 1105 912 1176 παρ’
965 1106 1188 1158 ἐκείνων
1233 1105 1532 1175 εἰρημένα,
1583 1107 1678 1159 καὶ
1731 1104 1890 1158 τοῦτο

347 1197 750 1265 ὲξουσιαστικῶς.
797 1197 856 1250 '0
884 1197 982 1266 μὲν
1003 1197 1114 1266 γὰρ
1137 1197 1300 1265 νόμος
1331 1197 1496 1266 φησίν
1519 1213 1532 1226 ·
1574 1213 1594 1247 ι
1631 1198 1706 1250 Οὐ
1752 1213 1884 1268 πορ-

349 1291 556 1352 νεὺσεις.
569 1309 586 1342 ›
614 1293 641 1342 ὁ
659 1290 716 1342 δὲ
737 1289 996 1357 Χριστός·
1025 1307 1046 1340 ι
1067 1288 1210 1356 Ἐγὼ
1229 1289 1286 1341 δὲ
1305 1288 1448 1357 λέγω
1467 1289 1616 1358 ὑμῖν
1635 1287 1748 1341 Οὔκ
1764 1290 1887 1339 ἐπι-

343 1383 600 1451 θυμήσεις.
641 1398 660 1429 ι
681 1379 869 1442 ὀδοὺς
896 1377 954 1431 δὲ
978 1378 1104 1442 τοὺς
1131 1379 1315 1446 ἁγίους
1345 1378 1600 1432 ἐκάλεσεν
1627 1377 1702 1440 ὡς
1721 1378 1886 1430 δυνα-

340 1474 515 1542 μένους
559 1471 856 1540 ἀποφέρειν
897 1469 984 1524 διὰ
1035 1470 1318 1533 νουθεσίας
1361 1469 1498 1540 πρὸς
1533 1469 1688 1524 Θεὸν.
1730 1467 1890 1520 Οὕτω

337 1567 531 1634 νοήσεις
557 1565 616 1617 τὸ
643 1563 798 1634 παρᾶ
822 1561 902 1632 τῷ
945 1562 1182 1633 Ἱερεμίᾳ
1209 1562 1496 1632 κείμενονσ
1537 1580 1568 1612 ι-
1595 1562 1766 1630 Στῆτε
1797 1562 1888 1612 ἐπὶ

337 1658 442 1718 ταῖς
476 1655 620 1716 ὁδοῖς,
649 1654 744 1706 καὶ
779 1653 1086 1724 ἐρωτήσετε
1127 1653 1347 1722 τρίϐους
1375 1651 1582 1724 Κυρίου
1615 1653 1884 1714 αἰωνίους,

343 1747 424 1799 καὶ
454 1745 634 1815 μάθετε
669 1745 802 1798 ποία
833 1729 982 1797 ἐστὶν
1009 1747 1044 1814 ή
1075 1745 1190 1808 ὁδὸς
1219 1747 1252 1814 ἡ
1277 1744 1478 1815 ἀγαθὴ,
1513 1745 1607 1800 καὶ
1641 1743 1886 1813 βαδίζετε

1987 565 2244 633 piumque
2295 565 2398 618 hoc
2453 573 2622 626 esset,
2673 579 2794 618 eum
2859 565 2948 632 qui
2997 580 3214 633 semper
3261 568 3560 636 eodemque

1987 659 2146 708 modo
2175 669 2294 708 cum
2327 655 2490 710 Patre
2524 655 2760 716 exsistit,
2799 665 3044 708 creatum
3081 656 3280 708 dicere.
3321 655 3395 707 lla
3433 671 3562 712 vero

1986 745 2199 798 facilius
2255 746 2564 816 intelliges:
2605 764 2624 796 ι
2655 745 2872 798 Creavit
2923 761 3030 806 me,
3087 746 3285 812 inquit,
3345 747 3558 800 initium

1986 839 2196 888 viarum
2243 851 2488 890 suarum.
2525 856 2544 887 ι
2601 837 2726 891 Vias
2773 839 2860 890 hic
2909 839 3148 890 nominat
3193 837 3558 906 legislaturem

1987 925 2166 980 Mosen
2197 936 2251 980 et
2289 929 2608 996 prophetas,
2645 927 2840 997 quibus
2867 929 3010 982 velut
3043 929 3362 996 principium
3387 929 3560 996 quod-

1987 1018 2108 1070 dam
2140 1029 2203 1070 ac
2232 1028 2392 1084 caput
2425 1027 2482 1072 et
2525 1029 2764 1086 potestas
2808 1019 3134 1074 constitutus
3167 1027 3248 1074 est
3279 1019 3556 1082 Christus;

1985 1121 2102 1174 quae
2129 1108 2196 1160 ab
2226 1107 2334 1162 illis
2363 1109 2508 1162 dicta
2543 1119 2671 1162 sunt
2709 1109 2774 1162 ad
2809 1111 3136 1178 evangelicae
3165 1111 3562 1178 praedicationis

1987 1198 2279 1252 novitatem
2297 1200 2606 1261 traducens,
2627 1201 2784 1267 idque
2800 1215 2926 1254 cum
2945 1203 3276 1270 proprietate
3293 1201 3558 1256 absoluta.

1991 1288 2096 1342 Lex
2141 1291 2285 1343 enim
2333 1289 2465 1344 dicit
2496 1307 2510 1344 :
2547 1309 2566 1339 ε
2597 1289 2712 1344 Non
2757 1293 3124 1346 mtechaberis
3145 1293 3224 1358 ";
3259 1311 3276 1343 ι
3313 1293 3566 1346 Christus

1987 1393 2152 1434 vero:
2183 1397 2202 1432 ι
2227 1379 2338 1450 Ego
2357 1391 2536 1434 autem
2567 1375 2690 1436 dico
2715 1385 2866 1434 vobis
2893 1395 2910 1435 :
2932 1381 3046 1434 Non
3083 1383 3436 1451 concupisces
3455 1383 3556 1435 ³⁸.»

1989 1469 2116 1524 Vias
2147 1482 2328 1525 autem
2355 1459 2578 1526 sanctos
2609 1473 2838 1536 vocavit,
2881 1473 3080 1542 quippe
3111 1473 3202 1542 qui
3230 1473 3346 1526 suis
3374 1473 3560 1525 admo-

1993 1561 2288 1616 nitionibus
2333 1564 2398 1616 ad
2451 1564 2618 1618 Deum
2669 1565 2868 1618 ducere
2901 1565 3128 1632 possint.
3179 1563 3252 1616 Ita
3287 1563 3558 1630 intelliges

1989 1651 2118 1704 illud
2155 1649 2403 1706 Jcremia:
2451 1655 2649 1708 dictum
2679 1671 2690 1705 :
2721 1671 2738 1704 ι
2775 1653 2930 1708 State
2979 1653 3032 1708 in
3081 1653 3206 1717 viis,
3242 1661 3296 1706 et
3333 1653 3560 1722 quatrite

1987 1745 2214 1798 semitas
2255 1747 2464 1800 Domini
2515 1749 2898 1816 sempiternas,
2949 1759 3004 1802 et
3047 1747 3238 1802 discite
3279 1745 3456 1814 qualis
3487 1745 3560 1798 sit

353 1839 400 1890 ἒν
421 1839 560 1908 arb-.11,
583 1839 668 1890 καὶ
692 1838 960 1908 εὑρήσετε
990 1837 1254 1906 ἁγνισμὸν
1283 1839 1400 1900 ταῖς
1425 1837 1624 1906 ψυχαῖς
1655 1835 1829 1905 ὑμῶν.
1861 1854 1877 1884 ι

1994 1837 2074 1888 via
2120 1836 2238 1904 ejus
2270 1837 2428 1898 bona,
2471 1845 2526 1890 et
2577 1837 2850 1894 ambulate
2905 1839 2956 1892 in
2989 1839 3126 1908 ipsa,
3173 1847 3228 1892 et
3273 1837 3560 1890 invenietis

362 1931 454 1981 Καὶ
485 1929 581 1981 ἐστι
605 1929 753 2000 δῆλον
795 1929 872 1992 ὡς
912 1929 970 1980 οὐ
1016 1929 1142 1998 περὶ
1189 1929 1394 1981 τούτων
1437 1929 1572 1999 φησὶ
1608 1927 1716 1979 τῶν
1745 1925 1884 1978 ὁδῶν

357 2022 446 2072 τῶν
479 2023 596 2073 κατὰ
643 2021 942 2090 συνήθειαν
991 2020 1316 2091 νοουμένων.
1371 2019 1492 2082 Πῶς
1533 2018 1642 2089 γὰρ
1687 2019 1754 2072 ἄν
1798 2033 1884 2079 τις

344 2113 480 2174 αὐτάς
505 2116 838 2185 ἐρωτήσειε-ις
879 2114 1001 2176 Πῶς
1027 2115 1085 2166 δὲ
1117 2114 1248 2184 παρ’
1281 2112 1502 2164 ἐκείνων
1532 2111 1838 2181 μαθήσεται
1865 2126 1879 2174 ;

330 2203 382 2253 ΕΞ
403 2203 452 2254 δέ
478 2222 562 2266 τις
595 2207 690 2256 sui.
719 2205 848 2267 τοὺς
879 2205 1064 2271 ἁγίους
1095 2205 1292 2271 ἀγάγοι
1329 2204 1420 2256 τον
1447 2203 1624 2270 λόγον,
1657 2201 1882 2271 εὑρήσει

318 2293 368 2344 τὸ
411 2297 476 2347 ἐκ
521 2297 619 2348 τοῦ
670 2297 944 2365 νοήματος
987 2296 1277 2365 χρήσιμον.
1329 2295 1392 2346 Εἰ
1433 2293 1540 2364 γάρ
1575 2310 1656 2356 τις
1696 2292 1882 2361 ὥσπερ

309 2385 442 2436 τισὶν
478 2387 710 2448 etB-elate,
753 2389 868 2447 τοῖς
916 2386 1090 2453 ἁγίοις
1134 2376 1438 2456 προφήταις
1479 2387 1766 2453 ἐπιστήσαι
1793 2385 1883 2436 τὸν

301 2475 458 2540 νοῦν,
484 2477 568 2544 μὴ
596 2476 1050 2547 παρατρεχόντως
1075 2477 1256 2539 αὐτοῖς
1274 2475 1496 2546 ὁμιλῶν,
1531 2476 1646 2529 ἀλλ’
1681 2475 1884 2542 ἐξάγων

299 2567 566 2637 ἀκριϐῶς
604 2567 712 2620 τῶν
753 2569 1151 2639 γεγραμμένων
1189 2570 1246 2620 ἐν
1291 2570 1470 2631 αὐτοῖς
1501 2569 1598 2640 τὴν
1624 2567 1876 2628 διάνοιαν,

305 2661 621 2730 μαθήσεται
668 2661 768 2729 τὴν
815 2661 930 2714 ὁδὸν
963 2663 1058 2730 τὴν
1087 2659 1316 2730 ἀγαθὴν,
1351 2663 1616 2724 τουτέστι,
1657 2661 1750 2712 τὸν
1795 2661 1878 2712 λέ-

303 2767 464 2819 γοντα
497 2752 738 2820 Χριστόν
762 2768 806 2803 ἰ
851 2752 990 2821 Ἐγώ
1021 2754 1136 2822 εἰμι
1174 2753 1205 2823 ἡ
1231 2753 1399 2815 ὁδός.»
1425 2752 1504 2804 Δι’
1525 2753 1694 2822 αὐτῆς
1727 2753 1878 2822 άγνι⁹

307 2844 568 2914 σθήσεται
617 2845 725 2899 τῶν
774 2845 1058 2916 ἁμαρτιῶν
1107 2845 1206 2916 τὴν
1259 2846 1451 2914 ἄφεσιν
1499 2845 1874 2918 κακιζόμενος.

308 2935 565 2988 Ἕκτισεν
613 2933 710 2987 οῦν
767 2953 855 3006 με,
895 2937 1050 3007 φησὶ,
1100 2937 1378 3004 τουτέστι,
1432 2938 1734 3009 πεποίηκεν
1783 2939 1880 2991 ἐπὶ

308 3027 464 3096 νόμον
516 3027 614 3079 καὶ
668 3028 952 3098 προφήτας
995 3028 1170 3098 ἀρχὴν
1218 3029 1338 3097 ἢτοι
1389 3028 1660 3096 ἐξουσίαν,
1707 3027 1768 3080 οὐ
1809 3029 1876 3081 τὰ

307 3117 525 3169 ἐκείνων
567 3117 784 3180 πάντως
829 3116 1060 3169 ἱστῶντα
1105 3119 1328 3187 ῥήματα
1373 3118 1598 3182 τυπικὰ,
1652 3118 1764 3170 ἀλλ’
1796 3121 1878 3180 είς

306 3209 430 3278 ἔργα
481 3207 656 3259 αὑτοῦ
703 3206 1098 3277 νομοθετοῦντα
1145 3207 1215 3260 τὰ
1264 3207 1658 3276 βελτίονα.⁹’οτι
1687 3208 1744 3260 δὲ
1793 3209 1876 3272 τὸ,

313 3318 328 3348 ι
363 3299 606 3358 ἔκτισεν,
645 3318 663 3349 ο
698 3299 760 3351 οὐ
791 3299 1008 3362 πάντως
1035 3298 1134 3368 τὴν
1153 3299 1336 3350 οὐσίαν
1363 3299 1530 3367 δηλοῖ,
1564 3299 1879 3370 ἀρκούντως

305 3393 394 3462 ἠδη
431 3393 792 3464 προείρηται.

811 3569 1044 3634 Ἄλλως
1073 3569 1140 3622 τὸ
1177 3571 1344 3624 αὐτό.

371 3721 388 3752 ‹
433 3702 649 3772 Κύριος
703 3699 884 3754 ἔκτισὲ
935 3719 1024 3773 με,
1064 3721 1084 3754 ›
1118 3704 1299 3772 ὅμοιον
1343 3703 1530 3775 ὥσπερ
1581 3704 1646 3757 ἂν
1689 3705 1738 3758 εί
1782 3704 1876 3757 καὶ

297 3788 473 3858 λέγοι⁸
521 3793 588 3843 Ὀ
643 3792 830 3864 Πατήρ
867 3809 956 3863 μοι
1007 3793 1164 3864 σῶμα
1213 3796 1595 3864 κατηρτίσατο,
1637 3797 1731 3848 καὶ
1763 3791 1876 3848 οἷον

296 3883 590 3952 ἄνθρωπόν
615 3900 681 3952 με
707 3883 920 3936 ἔκτισεν
955 3884 1094 3954 ὑπὲρ
1125 3888 1222 3955 τῆς
1248 3885 1550 3957 ἀνθρώπων
1579 3887 1871 3956 σωτηρίας.

298 3973 506 4045 Ὠσπερ
555 3977 664 4044 γάρ
703 3975 950 4028 Ἰωάννου
1003 3977 1101 4046 μὲν
1144 3975 1427 4044 λέγοντος·
1486 3997 1504 4028 t
1587 3979 1644 4030 '0
1703 3981 1872 4046 Λόγος

296 4068 428 4140 σὰρξ
459 4069 706 4137 ἐγένετο,
741 4087 758 4118 ι
788 4067 998 4126 Παύλου
1028 4069 1085 4120 δὲ
1113 4070 1414 4138 γράφοντος
1443 4087 1506 4121 πε
1519 4070 1571 4140 pi.
1605 4071 1870 4142 Χριστοῦ·

297 4181 314 4212 ι
358 4163 480 4216 Ὀτι
523 4161 754 4229 γέγονεν
799 4160 940 4230 ὑπὲρ
981 4160 1136 4230 ἡμῶν
1181 4162 1416 4228 κατάρα,
1469 4180 1486 4210 t
1525 4161 1619 4213 καὶ
1671 4162 1872 4214 πάλιν·

299 4273 316 4304 ι
357 4255 460 4306 Τὸν
493 4253 576 4324 μὴ
623 4252 820 4320 γνόντα
851 4253 1147 4321 ἁμαρτίαν,
1198 4251 1339 4321 ὑπὲρ
1390 4253 1548 4322 ἡμῶν
1599 4255 1874 4324 ἁμαρτίαν

289 4346 571 4415 ἐποίησεν,
615 4361 632 4393 ι
667 4342 789 4394 οὗτε
820 4343 907 4395 τὸν
939 4341 1110 4410 Λόγον
1159 4344 1240 4405 είς
1289 4343 1467 4414 σάρκα
1501 4345 1872 4416 μεταπεποιῆ⁴

291 4434 414 4488 σθαι
454 4433 812 4502 πιστεύομεν,
861 4433 983 4486 οὔτε
1021 4435 1128 4504 μὴν
1169 4433 1302 4486 αὐτὸ
1337 4435 1582 4507 κατάραν
1626 4435 1657 4505 ἢ
1691 4438 1870 4508 ἀμαρ-

285 4527 412 4578 τίαν
437 4526 616 4586 ὅντως
659 4525 838 4593 φαμὲν
869 4527 1121 4592 γενέσθαι
1158 4526 1410 4596 Χριστὸν,
1442 4529 1575 4592 ἀλλ’,
1612 4528 1752 4583 οὕτω
1778 4529 1865 4581 λε-

286 4615 500 4684 γούσης
549 4615 648 4685 τῆς
695 4615 844 4677 θείας
895 4616 1142 4685 Γραφῆς,
1201 4617 1426 4686 νοοῦμεν
1479 4619 1734 4682 εὐσεϐῶς·
1771 4621 1863 4672 τὸν

1983 4614 2251 4684 Scriptura
2310 4617 2380 4667 ita
2434 4617 2702 4682 loquatur,
2764 4616 2848 4682 pie
2903 4601 3251 4683 intelligimus
3296 4635 3306 4668 :

287 4709 451 4760 αὑτὸν
474 4707 540 4777 δὴ
571 4707 791 4776 τρόπον,
822 4709 869 4758 εἰ
899 4707 1043 4774 λέγοι
1092 4708 1220 4776 περὶ
1248 4707 1441 4761 ἑαυτοῦ
1487 4709 1566 4773 τὸ,
1605 4710 1864 4763 «Ἔκτισέ

291 4815 376 4867 με,
405 4818 422 4849 ι
455 4801 484 4852 ὀ
503 4797 600 4851 τοῦ
617 4797 754 4850 Θεοῦ
777 4797 970 4865 Λόγος,
988 4798 1110 4850 ἀντὶ
1143 4797 1259 4862 τοῦ,
1283 4799 1596 4871 Ἄνθρωπον
1617 4803 1858 4871 ἐποίησε,

287 4889 527 4958 νοητέον,
559 4888 656 4940 καὶ
689 4888 764 4958 μὴ
791 4887 932 4940 κατὰ
956 4889 1055 4958 τῆς
1081 4887 1268 4950 οὐσίας
1296 4889 1457 4941 αὐτοῦ
1489 4891 1546 4942 τὸ
1573 4892 1862 4961 είρημένον

289 4979 659 5051 ἑκδεχὼμεθα.

483 5111 688 5174 ΛΛΛΟ,
725 5109 813 5163 ὅτι
845 5113 915 5164 οὑ
947 5111 1170 5180 κτίσμα
1200 5114 1232 5166 ό
1273 5112 1417 5175 Θεὸς
1446 5111 1653 5178 Λόγος.

354 5243 418 5296 Ei
459 5241 704 5312 γέννημά
750 5243 867 5294 ἐστι
908 5241 1000 5294 τοῦ
1035 5243 1248 5312 Πατρδς
1289 5245 1317 5294 ὁ
1361 5241 1453 5294 τοῦ
1499 5241 1633 5294 Θεοῦ
1669 5241 1859 5307 Λόγος,

279 5333 374 5384 καὶ
404 5330 549 5384 οὕτω
587 5332 834 5386 καλεῖται
861 5333 1009 5404 παρὰ
1033 5336 1096 5403 τῇ
1133 5333 1251 5404 θεία
1281 5333 1492 5403 Γραφῇ.
1527 5330 1644 5392 πῶς
1678 5330 1743 5382 ἂν
1773 5333 1857 5400 εἴη

282 5426 372 5476 καὶ
420 5425 660 5494 κτίσμα;
710 5425 949 5494 ’Λνάγκη
982 5427 1090 5496 γάρ
1137 5426 1295 5478 αὐτὸν
1341 5425 1489 5476 δυοῖν
1522 5421 1661 5475 εἶναι
1706 5421 1860 5472 θάτε-

283 5531 402 5582 ρον·
439 5515 472 5584 ἢ
501 5515 611 5585 γὰρ
645 5515 890 5584 γέννημα
929 5517 1212 5586 ὑπάρχων,
1240 5515 1300 5566 τὸ
1329 5511 1466 5566 εἶναι
1510 5514 1716 5580 κτίσμα
1746 5511 1859 5562 δια-

347 5696 392 5725 ²⁷
433 5695 600 5748 Exod.
639 5713 730 5750 xx.
779 5697 863 5748 ll.
941 5697 984 5725 ’⁸
1015 5695 1200 5747 Matth.
1233 5709 1286 5756 ν,
1345 5693 1433 5744 9.8.

285 5781 360 5829 Itt,
392 5768 476 5819 I3.
573 5767 616 5797 ⁸³
659 5766 696 5818 ll
730 5765 856 5818 Cur.
901 5783 951 5826 ν,
982 5766 1070 5818 ΞΕ.

515 5861 790 5919 Parum.
843 5859 956 5916 Gtt.
1010 5858 1228 5915 LXXV.

1548 5695 1589 5723 '9
1626 5689 1825 5746 .lerctn.
1868 5709 1937 5751 τι,
1977 5693 2057 5745 ιθ.

1997 1930 2314 1982 munditiam
2361 1929 2648 1984 animabus
2673 1929 2958 1984 vestris".
2993 1947 3012 1979 ι
3051 1926 3392 1982 Manifestum
3429 1939 3558 1976 vero

1991 2031 2078 2074 est
2123 2035 2246 2074 eum
2277 2037 2380 2076 nou
2415 2023 2482 2075 de
2517 2023 2616 2074 viis
2645 2021 2852 2091 vulgari
2877 2021 3270 2090 signiﬁcatione
3299 2019 3370 2072 ita
3397 2017 3558 2072 diCtis

1993 2115 2158 2181 loqui.
2212 2115 2492 2180 Quomodo
2533 2115 2678 2166 enim
2731 2113 2998 2182 quiSpiam
3053 2111 3172 2166 illas
3219 2109 3560 2180 interroget?

1990 2206 2096 2257 Aut
2125 2209 2394 2274 quomodo
2433 2207 2502 2258 ab
2532 2205 2598 2258 iis
2625 2205 2840 2260 discat?
2875 2203 2930 2257 Si
2971 2205 3092 2272 quis
3125 2215 3304 2256 autem
3353 2215 3560 2254 sermo-

1989 2313 2110 2351 nem
2157 2301 2224 2350 ad
2267 2305 2488 2350 sanctos
2511 2297 2734 2358 referat,
2767 2295 3226 2366 1588eutentia:
3271 2293 3558 2346 utilitatem

1989 2390 2270 2458 percipiet.
2309 2389 2440 2442 Nam
2486 2390 2529 2443 si
2559 2390 2710 2458 quis,
2745 2401 3000 2458 tanquam
3049 2388 3151 2440 viis
3203 2386 3554 2454 quibusdam,

1987 2483 2188 2534 sanctis
2221 2483 2498 2551 prophetis
2523 2491 2758 2535 mentem
2795 2481 3052 2547 applicet,
3081 2493 3186 2534 non
3214 2479 3406 2532 leviter
3439 2479 3560 2532 illos

1987 2587 2336 2638 percurrens,
2359 2574 2452 2628 sed
2483 2583 2734 2628 accurate
2755 2573 2970 2624 illorntu
2991 2573 3310 2636 sententiam
3333 2585 3556 2632 eruens,

1987 2665 2156 2720 discet
2193 2665 2332 2718 viam
2383 2669 2596 2730 bonam,
2637 2665 2738 2718 hoc
2787 2675 2890 2728 est,
2925 2665 3198 2718 Christum
3237 2663 3504 2718 dicentem
3539 2681 3552 2716 :

1994 2755 2136 2823 «Ego
2152 2771 2270 2810 sum
2295 2757 2380 2809 via
2401 2756 2500 2820 “,t
2525 2771 2618 2824 per
2637 2758 2774 2810 hanc
2793 2757 3156 2818 mandabitur,
3179 2756 3552 2810 remissionem

1987 2855 2336 2914 peccatorum
2366 2861 2730 2916 coosequens.
2773 2847 2990 2901 Crcavit
3019 2847 3182 2916 igitur
3218 2863 3324 2907 mc,
3355 2847 3552 2914 inquit,

1989 2937 2089 2991 hoc
2130 2947 2236 3004 est,
2275 2941 2556 2991 constituit
2586 2952 2672 2990 me
2701 2939 3058 3006 principatum
3109 2947 3269 3006 atque
3300 2939 3552 3006 pietatem

1988 3029 2276 3082 habentem
2325 3045 2488 3098 super
2519 3031 2690 3098 legem
2727 3037 2780 3082 et
2825 3029 3139 3098 prophetas,
3189 3043 3294 3081 non
3341 3029 3554 3082 illorum

1987 3122 2128 3175 dicta
2167 3122 2344 3190 typica
2381 3122 2434 3174 in
2467 3122 2778 3174 universum
2806 3127 3156 3182 statuentem,
3187 3119 3280 3172 sed
3315 3119 3366 3172 in
3391 3133 3554 3188 opera

1987 3212 2157 3278 ipsius
2193 3211 2414 3264 meliora
2447 3212 2618 3281 legent
2674 3211 3108 3266 transferentem.
3143 3211 3294 3278 Quod
3325 3225 3450 3264 vero
3494 3213 3552 3264 il-

1985 3301 2096 3363 Ind,
2149 3320 2167 3352 ι
2199 3302 2424 3368 creavit,
2460 3319 2478 3352 ι
2509 3317 2616 3354 non
2665 3302 2888 3356 omnino
2919 3301 3212 3356 essentiam
3259 3301 3552 3370 signiticet,

1982 3393 2192 3448 abunde
2229 3394 2364 3448 satis
2390 3404 2546 3449 antea
2579 3393 2780 3448 dictum
2809 3403 2910 3448 est.

2577 3567 2728 3623 Idem
2779 3567 2954 3624 aliter.

2053 3721 2072 3754 ι
2107 3701 2363 3759 Dominus
2391 3704 2596 3759 creavit
2631 3719 2736 3770 me,
2773 3722 2792 3756 ι
2827 3703 3051 3774 perinde
3076 3715 3157 3760 est
3192 3719 3255 3758 ac
3286 3705 3329 3760 si
3359 3707 3502 3760 dicat
3531 3725 3544 3759 ε

1981 3794 2140 3849 Pater
2183 3795 2314 3849 mihi
2355 3809 2552 3866 corpus
2600 3798 2901 3856 constituit,
2955 3805 3007 3848 et
3054 3797 3220 3850 veluti
3273 3797 3548 3849 hominem

1980 3902 2063 3939 me
2103 3889 2338 3948 creavit,
2373 3902 2470 3956 pro
2522 3887 2696 3940 salute
2740 3889 3038 3940 hominum.
3081 3888 3547 3952 Quemadmodum

1977 3980 2120 4032 enim
2171 3995 2292 4033 cum
2340 3977 2578 4032 Joannes
2622 3979 2792 4030 dicit:
2827 3997 2844 4028 ι
2879 3977 3112 4030 Verbum
3170 3991 3300 4029 caro
3348 3977 3545 4028 factum

1976 4071 2152 4134 est";
2201 4088 2218 4120 ι
2291 4082 2346 4122 et
2393 4069 2596 4121 Paulus
2643 4069 2708 4120 de
2772 4068 2988 4121 Christo
3038 4085 3052 4120 :
3107 4085 3124 4116 ι
3167 4067 3317 4132 Quod
3374 4067 3548 4120 lactus

1974 4172 2058 4214 est
2101 4175 2200 4230 pro
2259 4160 2412 4212 nobis
2463 4157 2770 4211 maledictio
2791 4159 2872 4221 ³¹;
2905 4177 2923 4208 ι
2983 4167 3038 4211 ct
3091 4172 3322 4213 rursus:
3358 4177 3376 4204 ι
3411 4159 3542 4212 Eum

1975 4252 2065 4318 qui
2117 4267 2223 4304 non
2279 4251 2426 4302 novit
2478 4258 2778 4318 peccatum.
2829 4264 2926 4318 pro
2969 4249 3120 4303 nobis
3153 4259 3431 4318 peccatum
3463 4249 3544 4304 fe-

1974 4343 2148 4404 cit”;
2182 4363 2200 4395 ι
2240 4356 2412 4411 neque
2455 4343 2683 4395 Verbum
2738 4343 2791 4396 in
2847 4357 3064 4396 carnem
3119 4351 3380 4396 mutatum
3423 4359 3544 4398 esse

1976 4436 2286 4498 credimus,
2338 4449 2512 4503 neque
2557 4433 2829 4489 Christum
2886 4436 3056 4504 ipsam
3109 4436 3540 4492 maledictionem

1974 4535 2066 4579 attt
2097 4537 2369 4593 peccatum
2415 4540 2597 4579 revera
2631 4525 2828 4578 factum
2859 4525 3044 4588 fuisse,
3103 4527 3196 4577 sed
3230 4541 3350 4578 cum
3385 4541 3538 4580 sat-ra

3351 4618 3538 4668 eadem

1975 4706 2180 4758 ratione
2221 4707 2265 4758 si
2323 4707 2448 4758 dicit
2497 4708 2560 4760 de
2615 4708 2791 4775 seipso
2841 4706 3071 4760 Verbum
3123 4708 3238 4769 Dei,
3275 4725 3292 4756 ι
3323 4706 3542 4758 ϐιρδς-ῆι

1975 4811 2080 4858 me,
2115 4815 2132 4844 ι
2170 4797 2240 4848 ita
2271 4796 2670 4863 intelligendum
2700 4807 2802 4859 est,
2835 4796 3115 4851 llominom
3155 4812 3238 4848 me
3259 4798 3404 4854 fecit,
3431 4811 3537 4847 non

1973 4899 2100 4936 vero
2127 4884 2194 4936 de
2228 4887 2460 4937 essentia
2499 4886 2663 4952 ipsius
2696 4887 2897 4938 dictum
2943 4888 3403 4952 interpretandum
3433 4894 3537 4936 est.

2077 5102 2305 5165 ALIUD,
2346 5105 2483 5173 quod
2534 5104 2752 5157 Verbum
2792 5104 2882 5154 Dei
2914 5119 3014 5153 non
3057 5104 3122 5152 sit
3167 5111 3428 5157 creatura.

2042 5240 2095 5293 Si
2129 5239 2364 5293 Verbum
2422 5237 2509 5290 Dei
2557 5247 2637 5291 est
2666 5237 2909 5306 genimcn
2961 5235 3154 5298 Patris.
3209 5246 3370 5304 atque
3403 5239 3472 5291 ita
3505 5255 3534 5292 a

1968 5333 2144 5384 divina
2178 5333 2453 5398 Scriptura
2494 5342 2735 5396 vocatur,
2769 5329 3036 5399 quomodo
3067 5330 3136 5382 sit
3168 5340 3222 5383 et
3250 5332 3537 5383 creatura?

1971 5423 2198 5476 Necesse
2231 5424 2372 5474 extim
2407 5434 2480 5476 est
2514 5424 2683 5490 ipsum
2717 5437 2747 5476 e
2771 5423 2976 5476 duobus
3009 5423 3092 5478 his
3129 5425 3355 5476 alterum
3389 5438 3531 5477 esse.

1968 5515 2072 5564 Aut
2118 5514 2285 5572 enim,
2326 5529 2444 5564 cum
2496 5515 2562 5564 sit
2607 5511 2818 5579 genitus
2851 5527 2877 5562 a
2915 5511 3096 5578 Patre,
3131 5521 3378 5566 creatura
3428 5529 3532 5566 non

3282 5684 3326 5716 ³⁵
3357 5684 3534 5740 Galat.

2163 5693 2203 5720 ³ο
2244 5690 2394 5742 Jttalt.
2439 5705 2549 5748 τιν,
2582 5689 2631 5740 (ἶ.
2739 5691 2776 5720 ³¹
2815 5690 2967 5744 Joun.
3013 5709 3049 5754 ι,
3087 5688 3173 5742 14.

3142 5844 3181 5900 9
