4078 6260
497 363 597 416 ‘26?

1498 362 1560 418 S.
1609 359 1888 415 CYRILLl
1932 358 2404 416 ALEXANDRINI
2445 361 2764 417 ARCHIEP.

3664 355 3770 410 ’268

495 482 602 535 erit
631 504 642 538 :
677 494 766 538 aut
807 499 849 538 Si
882 497 1020 551 opus
1055 491 1110 537 et
1154 490 1402 537 creatura
1449 481 1734 548 est,'juttta
1769 496 1888 544 vos.
1923 482 2069 551 geni-

2182 483 2464 550 φεύξεται,
2496 485 2528 554 ἢ
2559 487 2771 555 ποίημα
2816 484 2910 536 καὶ
2947 483 3150 551 κτίσμα
3182 479 3304 531 καθ’
3346 477 3490 546 ὑμᾶς
3536 474 3632 538 ὧν,
3666 477 3768 528 οὐκ

495 586 582 632 tus
629 592 656 630 a
709 575 867 629 Patre
922 589 1028 628 non
1082 575 1207 629 erit.
1258 573 1426 629 Nemo
1464 573 1617 626 ‘euim
1667 587 1900 640 unquam
1946 588 2082 642 opus

493 682 647 722 Suum
691 665 942 736 geniuten
971 675 1025 721 et
1054 666 1241 719 ‘lilium
1285 675 1458 718 vocat.
1492 663 1624 717 Cum
1665 678 1798 718 wro
1833 664 2078 734 genituen

494 761 586 822 sit,
623 759 791 813 Filius
819 775 949 829 ergo
978 767 1031 814 et
1072 772 1176 812 non
1209 767 1457 813 creatura
1494 756 1826 811 censebitur.

799 867 1023 931 ALIUD,
1063 869 1117 921 in
1157 863 1392 920 eamdem
1434 869 1769 922 sententiam.

565 980 730 1035 Sacra
763 980 1044 1050 Scriptura
1089 989 1248 1035 vocat
1279 981 1514 1037 Verbum
1555 982 1670 1045 Dei,
1709 981 2075 1052 Uuigenitum.

491 1071 547 1127 Si
583 1087 712 1141 ergo
761 1071 860 1126 hoc
907 1083 1010 1136 est,
1061 1073 1336 1141 quomodo
1368 1075 1582 1127 censeri
1641 1073 1812 1139 possit
1861 1081 2076 1129 creatus

489 1179 612 1218 esse
660 1165 958 1218 secundum
1007 1165 1298 1219 essentiam
1350 1163 1404 1217 in
1458 1165 1780 1234 principium
1825 1165 2074 1230 aliorum,

489 1268 627 1323 quos
662 1265 851 1309 auctor
887 1253 1310 1309 Proverbiorum
1340 1265 1498 1310 vocat
1525 1255 1677 1310 vias?
1708 1257 1838 1310 Nam
1879 1256 1924 1311 si
1954 1272 2074 1311 om-

491 1345 620 1400 nino
667 1346 790 1400 aliis
843 1353 1259 1409 annumeratur,
1310 1357 1470 1416 atque
1519 1347 1824 1417 aliquorum
1875 1348 2075 1417 princi-

491 1439 637 1508 pium
669 1448 776 1504 est,
822 1449 972 1492 certe
1003 1451 1128 1506 pars
1171 1438 1336 1493 totius
1367 1438 1613 1508 corporis
1651 1439 1832 1504 fuerit,
1865 1448 1920 1494 et
1967 1455 2073 1494 non

488 1528 594 1582 erit
627 1529 962 1596 unigenitus,
1007 1545 1129 1583 cum
1168 1528 1368 1584 multos
1393 1539 1655 1599 pra-terea
1694 1532 1891 1586 habeat
1938 1547 2072 1599 quo-

493 1633 612 1672 rum
647 1619 968 1688 principium
999 1629 1241 1674 creatum
1272 1633 1332 1673 se
1362 1634 1484 1674 esse
1515 1619 1666 1675 dicit.
1695 1620 1754 1675 Si
1781 1621 1923 1675 enim
1960 1622 2070 1690 pri-

491 1727 610 1779 mus
638 1713 868 1766 aliorum
900 1722 1005 1778 est,
1040 1728 1143 1766 non
1169 1712 1274 1766 erit
1307 1713 1512 1768 idcirco
1541 1714 1708 1769 solus.
1739 1713 2070 1782 Principium

487 1804 630 1858 enim
665 1803 912 1872 alicujus,
945 1803 1157 1858 tametsi
1200 1804 1264 1856 iis
1285 1818 1402 1871 quae
1432 1815 1553 1872 post
1579 1805 1752 1873 ipsqu
1779 1813 1906 1860 sunt
1934 1814 2072 1858 tem-

492 1911 620 1963 pore
649 1880 802 1964 prius
837 1895 930 1958 sit,
992 1893 1153 1964 159
1182 1896 1286 1950 erit
1315 1905 1489 1950 tamen
1518 1912 1583 1950 ex
1607 1911 1794 1950 eorum
1822 1911 2070 1958 numero,

489 1996 651 2056 atque
683 1987 815 2041 adeo
849 1987 978 2055 ipsis
1012 1998 1322 2058 cognatum.
1375 1989 1532 2056 Atqui
1567 1987 1754 2042 Ruben
1789 1988 1960 2043 lactus
1990 1996 2074 2042 est

493 2078 1080 2148 principium-ﬁliorum
1111 2077 1303 2144 Jacob,
1337 2080 1430 2135 sed
1467 2096 1570 2133 non
1597 2080 1797 2134 idcirco
1828 2081 2072 2150 unigeni-

489 2182 597 2234 tus,
639 2186 812 2240 neque
847 2171 914 2224 :Il)
965 2185 1153 2224 eorum
1195 2171 1288 2240 qui
1337 2171 1669 2240 posteriores
1712 2181 1890 2236 erant,
1940 2173 2071 2227 sub-

485 2262 690 2315 stantia
731 2262 962 2315 alienus.
993 2262 1048 2316 Si
1084 2276 1214 2330 ergo
1247 2261 1476 2317 Verbum
1513 2263 1833 2330 principium
1858 2264 2069 2332 aliquo-

488 2369 604 2407 rum
651 2366 895 2408 creatum
950 2362 1055 2414 est,
1107 2367 1280 2421 neque
1328 2352 1639 2422 unigenitus
1681 2351 1861 2418 fuerit,
1897 2367 2071 2422 neque

489 2447 700 2499 ratione
741 2457 946 2499 natura:
994 2448 1060 2497 ali
1093 2445 1160 2499 iis
1204 2460 1435 2514 quormu
1492 2454 1576 2500 est
1622 2443 1942 2515 principium
1989 2445 2072 2500 di-

491 2553 701 2600 versus,
731 2547 894 2606 atque
929 2539 999 2589 ita
1029 2537 1296 2591 creaturis
1325 2536 1796 2593 annumerabitur.
1834 2537 1898 2590 Et
1923 2553 2070 2591 meu-

490 2631 652 2683 tietur
679 2627 1097 2695 quidemrl’atcr
1134 2627 1324 2680 Filium
1360 2629 1537 2698 ipsum
1569 2644 1798 2695 vocans;
1845 2630 2070 2684 mentie-

491 2730 578 2770 tur
632 2722 796 2772 etiam
853 2719 1045 2771 lieatus
1095 2717 1334 2772 Joannes
1382 2720 1608 2773 dicens:
1645 2737 1663 2770 ι
1700 2719 1754 2773 lu
1808 2721 2071 2790 principio

489 2820 608 2865 erat
643 2810 969 2864 Verbum“.
1025 2831 1042 2862 ι
1078 2809 1358 2876 Quomodo
1404 2811 1547 2865 enim
1587 2821 1726 2876 erat,
1776 2812 1822 2866 si
1869 2812 2068 2868 factum

489 2903 612 2958 est?
656 2904 760 2956 Aut
791 2904 1061 2970 quomodo
1103 2901 1244 2956 Deus
1290 2911 1408 2956 erat
1439 2901 1694 2968 Verbum,
1746 2904 1789 2958 si
1825 2915 2067 2959 creatum

487 2994 608 3048 est?
640 2993 745 3047 Aut
774 2994 1048 3063 quomodo
1079 2993 1149 3047 sit
1191 2995 1477 3056 Dominus,
1515 2995 1604 3062 qui
1637 3011 1738 3048 una
1771 3011 1892 3050 cum
1944 2995 2066 3050 aliis

487 3098 764 3144 ιιικτνιιε
809 3087 982 3142 lactus
1015 3099 1097 3140 est
1146 3095 1200 3140 et
1252 3102 1378 3156 pars
1413 3088 1682 3142 universa:
1739 3088 2070 3143 creationis?

489 3181 594 3234 Sed
635 3181 740 3234 liec
769 3180 1062 3232 absurdum
1103 3185 1208 3232 est.
1239 3176 1370 3230 Illud
1397 3177 1596 3248 itaque,
1640 3198 1658 3231 ι
1690 3181 1915 3240 creavit,
1945 3199 1962 3232 ο
1997 3183 2061 3234 ad
2096 3209 2142 3269 Β

487 3273 782 3328 essentiam
816 3271 1154 3325 referendum
1190 3283 1295 3322 non
1328 3280 1433 3324 est.

1161 3361 1392 3418 ALIUD.

559 3477 639 3538 Si,
683 3490 778 3545 per
818 3491 932 3539 vos,
973 3476 1140 3532 Filius
1188 3479 1483 3532 secundum
1515 3481 1805 3534 cssentiun
1851 3492 2067 3536 creatus

470 3578 590 3634 "est,
625 3568 948 3638 principium
999 3569 1325 3636 reliquorum
1375 3571 1666 3634 exsisteus,
1702 3582 1756 3624 ut
1805 3575 2065 3642 scriptum

486 3673 592 3730 est,
630 3663 902 3734 quomodo
951 3662 1207 3731 pneditus
1254 3671 1338 3715 est
1395 3661 1646 3716 facultate
1690 3664 1934 3730 creandi,
1975 3675 2066 3717 aut

487 3755 759 3824 quomodo
781 3753 1021 3807 aliorum
1052 3762 1266 3806 creator
1307 3752 1482 3805 rat-tus
1505 3754 1628 3806 est?
1655 3752 1887 3810 Necesse
1922 3755 2066 3808 enim

489 3857 595 3910 est,
647 3852 706 3899 ut
755 3846 804 3899 id
855 3845 997 3914 quod
1047 3843 1276 3912 alicujus
1307 3843 1633 3916 principium
1670 3855 1775 3912 est,
1825 3846 2065 3916 ejusdem

485 3937 802 3993 substantia:
849 3936 920 3992 sit
971 3952 1094 3991 cmn
1144 3947 1255 3991 toto
1297 3937 1449 4006 cujus
1489 3937 1813 4008 principium
1858 3948 1960 3993 est.
2009 3937 2067 3994 Si

483 4043 614 4098 ergo
663 4028 852 4091 Filius,
911 4043 1032 4081 cum
1084 4027 1156 4082 sit
1195 4038 1468 4092 creatura,
1506 4030 1724 4084 creandi
1757 4028 2066 4086 facultatem

485 4119 668 4181 habet,
718 4118 995 4171 habebunt
1029 4118 1129 4171 hoc
1176 4125 1230 4173 et
1275 4119 1494 4188 reliqute
1535 4128 1820 4183 creaturae,
1853 4119 2064 4175 tametsi

486 4225 583 4276 per
612 4207 804 4260 Filium
842 4208 997 4262 facta:
1035 4210 1166 4274 sint,
1216 4220 1271 4264 ct
1313 4222 1505 4266 natura
1538 4212 1802 4267 crcatrice
1830 4214 2067 4282 pranlita:

483 4307 665 4353 erunt.
713 4297 856 4351 Nihil
893 4299 1073 4368 itaque
1117 4299 1348 4366 amplius
1395 4303 1500 4355 erit
1548 4302 1602 4355 in
1651 4302 1760 4356 Deo
1811 4319 1975 4371 quant
2009 4303 2061 4356 in

485 4388 774 4444 creaturis.
819 4388 877 4442 Si
915 4403 1044 4443 vero
1083 4405 1188 4443 non
1228 4399 1322 4442 est
1365 4391 1684 4460 principium
1737 4393 2065 4461 reliquarum

482 4489 884 4542 creaturarmu,
917 4489 974 4533 ut
1005 4490 1255 4535 creatura
1305 4482 1469 4536 etiam
1502 4484 1613 4552 ipse
1643 4501 1656 4536 :
1688 4482 1856 4539 Filius
1888 4485 2067 4555 itaque

483 4582 568 4627 est
595 4571 925 4643 unigenitus.

665 4684 900 4749 ALIUD,
942 4701 1038 4754 per
1081 4685 1434 4740 reductionem
1471 4688 1542 4740 ad
1577 4688 1886 4742 absurdum.

559 4821 579 4855 ι
609 4801 869 4856 Dominus
893 4800 1102 4854 creavit
1127 4815 1213 4854 tne
1245 4801 1568 4871 principium
1602 4803 1813 4855 viarum
1844 4816 2062 4857 suarum

484 4898 537 4951 iu
569 4911 734 4966 Opera
776 4894 968 4964 ipsius.
1005 4912 1023 4945 ι
1066 4893 1121 4948 Si
1164 4894 1284 4963 quis
1314 4895 1704 4950 couteutiosius
1742 4896 1944 4950 dictum
1979 4897 2062 4949 in-

484 4989 706 5056 quirere
752 4987 901 5052 t'elit,
948 4987 1219 5040 malitiose
1264 4985 1409 5042 dicet
1441 5005 1454 5041 :
1485 4985 1542 5042 Si
1588 4987 1797 5056 primus
1845 4998 2064 5043 creatus

484 5090 590 5142 est,
651 5077 934 5147 factusque
979 5089 1065 5133 est
1107 5077 1456 5148 principium,
1503 5089 1561 5132 ut
1606 5094 1703 5134 vos
1745 5081 2067 5148 Opinamini,

484 5168 759 5237 quomodo
789 5167 842 5220 iu
874 5182 1037 5237 opera
1077 5167 1329 5223 creatur?
1373 5165 1486 5224 Non
1517 5167 1660 5224 enim
1691 5169 1828 5224 dixit
1855 5187 1870 5224 :
1903 5170 2069 5225 Crea-

485 5261 563 5314 vit
598 5273 684 5314 me
720 5257 998 5321 Dominus,
1047 5273 1106 5313 ut
1141 5259 1334 5314 faciam
1379 5277 1543 5331 Opera
1585 5261 1778 5331 ipsius,
1816 5263 1934 5328 sed,
1957 5280 1978 5314 ‹
2011 5263 2062 5316 iu

483 5365 648 5420 opera
676 5348 866 5420 ipsius.
898 5369 918 5401 ι
951 5348 1086 5403 Nam
1120 5352 1274 5419 quasi
1301 5352 1414 5422 jam
1446 5355 1758 5409 constitutis
1785 5355 2058 5424 operibus,

484 5455 724 5498 creatum
765 5458 826 5498 se
856 5443 986 5498 dicit
1033 5443 1085 5496 in
1135 5458 1220 5499 ea.
1265 5444 1417 5511 Quod
1455 5447 1499 5499 si
1536 5448 1605 5500 ita
1640 5460 1746 5512 est,
1792 5449 2062 5517 quomodo

483 5535 663 5588 adhuc
708 5533 914 5603 primus
962 5545 1068 5599 est,
1103 5537 1372 5590 secundus
1419 5547 1538 5606 post
1574 5539 1659 5591 illa
1711 5537 1922 5593 lactus?
1955 5541 2062 5595 Aut

483 5623 759 5694 qu0m0do
787 5626 857 5678 sit
891 5626 1214 5695 principium
1253 5627 1501 5693 aliorum,
1536 5629 1624 5698 qui
1655 5640 1854 5698 postea
1881 5631 2055 5687 factus

553 5777 598 5810 ³⁸
635 5772 789 5833 Joan.
825 5791 864 5846 ι,
903 5779 953 5834 1.

2188 575 2254 630 ἂν
2309 576 2395 646 είη
2456 576 2720 646 γέννημα.
2773 574 2960 638 Οὐδεὶς
3007 573 3115 644 γὰρ
3174 571 3390 624 πώποτε
3448 569 3509 621 τὸ
3569 567 3770 622 ἑαυτοῦ

2187 669 2401 739 ποίημα.
2431 669 2677 739 γέννημα
2709 667 2802 720 καὶ
2834 666 2946 719 υἱὸν
2980 663 3260 718 ἀποκαλεῖ.
3310 660 3528 730 Ἐπειδὴ
3556 661 3612 713 δὲ
3644 659 3769 728 γέν-

2186 762 2335 831 νημά
2365 763 2532 822 ἐστιν,
2570 759 2697 824 Υίὸς
2732 760 2840 829 ἄρα
2874 758 2968 811 καὶ
2997 759 3058 810 οὐ
3098 756 3312 826 ποίημα
3344 753 3694 823 νοηθήσεται.

2665 874 2861 938 ΑΛΛΟ,
2901 873 2990 937 εἰς
3021 870 3085 924 τὸ
3120 871 3287 923 αὑτό.

2255 987 2532 1054 Μονογενῆ
2584 985 2671 1038 τὸν
2718 985 2813 1036 τοῦ
2864 983 2999 1037 Θεοῦ
3051 983 3223 1048 Λόγον
3265 982 3320 1035 αἱ
3359 979 3499 1033 θεῖαι
3540 975 3776 1032 καλοῦσι

2183 1079 2419 1151 Γραφαί.
2457 1079 2519 1131 Ei
2548 1077 2730 1130 τοίνυν
2759 1075 2917 1129 τοῦτό
2959 1076 3094 1141 ἐστι,
3133 1072 3252 1134 πῶς
3292 1071 3356 1126 ἂν
3384 1071 3556 1123 νοοῖτο
3584 1068 3764 1120 κτίσε-

2184 1171 2308 1225 σθαι
2343 1172 2463 1225 κατ’
2488 1169 2677 1224 οὐσίαν
2705 1170 2785 1232 είς
2816 1167 3021 1238 ἑτέρων
3052 1165 3225 1236 ἀρχὴν
3244 1205 3259 1226 ,
3292 1163 3359 1226 ἃς
3383 1163 3537 1224 ὁδοὺς
3570 1159 3762 1214 ἐκάλε-

2184 1282 2276 1318 σεν
2305 1266 2334 1317 6
2368 1263 2814 1335 Παροιμιαστής;
2853 1260 2914 1312 Ei
2949 1257 3056 1330 γὰρ
3091 1257 3226 1320 ὅλως
3255 1255 3463 1326 ἑτέροις
3510 1251 3773 1306 συντέται

2181 1373 2308 1408 κται
2339 1353 2432 1408 καί
2465 1351 2628 1406 τινών
2657 1353 2804 1403 ἐστιν
2832 1348 2996 1421 ἀρχὴ,
3035 1347 3199 1419 μέρος
3230 1345 3295 1399 ἂν
3329 1346 3416 1414 εἴη
3449 1343 3540 1396 τοῦ
3563 1341 3771 1403 παντὸς

2183 1449 2454 1518 σώματος,
2499 1445 2593 1498 καὶ
2623 1445 2723 1497 οὐκ
2755 1442 2911 1496 ἔσται
2945 1441 3261 1511 μονογενὴς,
3304 1439 3332 1490 6
3362 1437 3590 1499 πολλοὺς
3625 1436 3770 1504 ἔχων

2178 1540 2322 1607 τοὺς,
2345 1535 2568 1607 ἐφεξῆς,
2602 1528 2677 1589 ὧν
2708 1531 3041 1586 ὲαυτὺν⁹καὶ
3084 1529 3258 1601 ἀρχὴν
3283 1527 3530 1581 ὲκτίσθαι
3574 1527 3764 1595 φησίν.

2180 1633 2242 1684 Εἰ
2291 1631 2396 1701 γὰρ
2445 1628 2541 1681 καὶ
2589 1625 2806 1696 πρῶτος
2834 1622 3060 1692 ἐκτίσθη
3108 1621 3217 1674 τῶν
3261 1620 3456 1682 ἄλλων,
3513 1618 3629 1672 ἀλλ’
3661 1618 3768 1670 οὐκ

2179 1720 2331 1772 ἔσται
2356 1717 2442 1770 διὰ
2479 1715 2638 1770 τοῦτο
2669 1714 2847 1784 μόνος.
2885 1713 2949 1764 Ἢ
2982 1710 3091 1782 γάρ
3130 1725 3270 1772 τινος
3297 1706 3462 1779 ἀρχὴ,
3494 1706 3597 1759 κᾶν
3622 1722 3763 1775 προ·

2179 1811 2376 1883 τερεύῃ
2405 1809 2512 1864 τῶν
2545 1807 2662 1878 μεθ’
2691 1804 2890 1876 ἑαυτὴν
2918 1804 3004 1856 διὰ
3032 1802 3123 1854 τὸν
3154 1801 3363 1872 χρόνον,
3403 1800 3556 1852 ἔσται
3599 1795 3766 1851 πάλιν

2178 1906 2358 1966 αὐτοῖς
2393 1900 2707 1971 ἐναρίθμιος
2752 1914 2812 1950 τε
2861 1895 2953 1950 καὶ
2985 1894 3274 1962 συγγενής.
3327 1891 3524 1959 Γέγονε
3574 1888 3702 1957 γοῦν
3732 1889 3764 1940 6

2188 1993 2414 2064 'Pou6‘tp.
2443 1991 2586 2063 ἀρχὴ
2611 1990 2816 2043 τέκνων
2857 1985 3074 2054 Ἰακὼϐ,
3112 1985 3226 2039 ἀλλ’
3254 1984 3316 2038 οὐ
3357 1982 3444 2036 διὰ
3480 1981 3641 2034 τοῦτο
3669 1999 3761 2052 po-

2174 2087 2420 2157 νογενὴς,
2448 2085 2566 2138 οὐδὲ
2598 2084 2696 2153 τῆς
2729 2081 2837 2134 τῶν
2867 2079 2985 2151 μεθ’
3015 2079 3206 2132 ἑαυτὸν
3237 2077 3427 2139 οὐσίας
3455 2074 3756 2143 ἀλλότριος.

2175 2181 2238 2236 Εί
2281 2180 2462 2235 τοίνυν
2490 2177 2632 2250 ἀρχή
2676 2191 2837 2228 τινων
2874 2175 2904 2226 6
2936 2173 3106 2240 Λόγος
3155 2169 3402 2239 ἐκτίσθη.
3433 2165 3546 2220 οὔτ’
3578 2166 3642 2218 ἂν
3675 2165 3757 2234 εἴη

2176 2272 2489 2347 μονογενὴς,
2538 2269 2662 2323 οὒτε
2715 2267 2820 2338 μὴν
2868 2265 3006 2319 κατὰ
3057 2265 3149 2316 τὸν
3193 2264 3290 2334 τῆς
3336 2260 3552 2329 φύσεως
3601 2258 3758 2325 λόγον

2171 2367 2398 2422 ἐκείνων
2427 2361 2840 2431 ἀπεξενωμένος
2869 2353 2942 2412 ὧν
2973 2359 3122 2410 ἐστιν
3155 2355 3318 2426 ἀρχὴ,
3365 2353 3509 2406 οὕτω
3547 2370 3608 2405 τε
3649 2355 3761 2413 τοῖς

2172 2461 2436 2531 κτίσμασι
2468 2454 2920 2526 συνταχθήσεται.
2958 2451 3068 2506 Καὶ
3091 2449 3351 2520 ψεύσεται
3386 2447 3483 2517 μὲν
3509 2447 3538 2498 6
3569 2445 3760 2514 Πατὴρ

2173 2553 2300 2605 Υίὺν
2334 2551 2497 2604 αὐτὸν
2533 2545 2825 2601 ἀποκαλῶν
2847 2562 2861 2577 ⁸
2895 2544 3155 2613 ψεύσεται
3187 2540 3244 2594 δὲ
3286 2539 3380 2592 καί⁵
3411 2540 3439 2591 6
3484 2536 3756 2606 μακάριος

2185 2644 2458 2712 Ἰωάννης,
2499 2641 2708 2709 λέγων·
2759 2658 2776 2690 ι
2832 2640 2920 2691 Ἑν
2959 2638 3100 2707 ἀρχῇ
3140 2631 3209 2706 ἦν
3257 2636 3284 2687 6
3319 2632 3509 2701 Λόγος.
3559 2647 3577 2681 ι
3625 2627 3754 2690 Πῶς

2172 2736 2279 2806 γὰρ
2310 2730 2400 2804 ἦν,
2429 2735 2478 2786 εί
2508 2732 2734 2801 γέγονε;
2771 2729 2897 2793 Πῶς
2925 2729 2982 2783 δὲ
3014 2728 3145 2791 Θεὸς
3172 2723 3239 2798 ἦν
3267 2727 3294 2778 6
3327 2725 3519 2792 Λόγος,
3559 2724 3608 2774 εἰ
3635 2721 3755 2774 κτί-

2172 2823 2356 2890 (erat;
2395 2823 2518 2887 Πῶς
2553 2822 2596 2876 δ’
2625 2822 2691 2876 ἂν
2729 2822 2812 2890 εἴη
2847 2821 2940 2874 καὶ
2975 2818 3176 2884 Κύριος
3204 2818 3232 2869 6
3265 2819 3402 2887 μετὰ
3434 2814 3546 2867 τῶν
3580 2812 3758 2868 ἄλλων

2169 2918 2246 2982 ὡς
2283 2916 2468 2980 δοῦλος
2513 2914 2904 2984 πεποιημένος,
2952 2913 3044 2965 καὶ
3098 2909 3264 2980 μέρος
3306 2907 3382 2961 ὢν
3429 2908 3527 2977 τῆς
3575 2905 3756 2972 πάσης

2172 3010 2439 3072 κτίσεως;
2487 3004 2646 3060 Ἀλλὰ
2688 3003 2847 3058 τοῦτο
2877 3004 3110 3058 ἄτοπον·
3143 3002 3204 3055 τὸ
3253 3020 3269 3052 ι
3313 2999 3526 3052 ἔκτισεν
3581 3017 3598 3048 ι
3648 2996 3756 3067 ἀρα

2172 3102 2315 3157 κατὰ
2344 3100 2443 3168 τῆς
2485 3099 2670 3163 οὐσίας
2699 3097 2759 3149 οὐ
2796 3096 3056 3149 κείσεται.

2859 3368 3058 3421 ΑΛΛΟ.
3753 3413 3757 3416 .

2244 3487 2306 3540 El
2336 3487 2452 3539 κατ’
2491 3483 2677 3536 οὐσίαν
2709 3480 2956 3549 ἐκτίσθη,
3012 3476 3132 3530 καθ’
3165 3477 3330 3545 ὑμᾶς,
3369 3475 3397 3526 6
3444 3472 3568 3533 Υἱὸς
3603 3469 3749 3540 ἀρχὴ

2171 3578 2280 3632 τῶν
2310 3576 2506 3646 ἑφεξῆς
2547 3574 2828 3643 ὑπάρχων,
2869 3571 2944 3632 ὡς
2995 3569 3327 3638 γέγραπταί,
3374 3565 3490 3627 πῶς
3537 3563 3647 3634 ἔχει
3691 3563 3754 3613 τ’)

2171 3669 2430 3724 δύνασθαι
2469 3666 2844 3736 δημιουργεῖν,
2896 3663 3013 3727 πῶς
3064 3663 3120 3714 δὲ
3173 3661 3281 3714 τῶν
3330 3659 3506 3711 ἄλλων
3562 3657 3754 3725 γέγονε

2175 3763 2440 3833 ποιητής;
2499 3757 2737 3826 Ἀνάγκη
2773 3757 2881 3826 γὰρ
2925 3757 3024 3825 τήν
3071 3771 3214 3816 τινος
3261 3751 3617 3820 ὑπάρχουσαν
3654 3748 3754 3814 ἀρ·

2172 3831 2300 3926 χὴν.
2323 3831 2423 3921 τῆς
2458 3849 2626 3918 αὐτῆς
2659 3845 2849 3908 οὐσίας
2895 3841 3029 3897 εἶναι
3061 3841 3137 3910 τῷ
3172 3840 3351 3903 παντὶ,
3381 3831 3442 3890 οὗ
3477 3834 3574 3889 καὶ
3608 3833 3755 3885 ἔστιν

2171 3945 2336 4016 ἀρχή.
2372 3941 2436 3994 Εἰ
2465 3939 2642 3994 τοίνυν
2673 3938 2879 4007 κτίσμα
2903 3935 2983 3989 ὢν
3012 3938 3040 3987 6
3067 3933 3195 3996 Υἱὸς
3236 3932 3347 4001 ἔχει
3394 3927 3490 3981 καὶ
3525 3926 3756 3994 δύναμιν

2170 4035 2592 4108 δημιουργικὴν,
2638 4033 2750 4097 ’ἐξει
2789 4031 2946 4084 τοῦτο
2976 4030 3068 4082 καὶ
3096 4029 3164 4080 τὰ
3193 4026 3327 4080 ἄλλα
3359 4024 3658 4093 κτίσματα,
3702 4019 3753 4070 εί

2171 4127 2266 4183 καὶ
2294 4128 2486 4197 γέγονε
2514 4126 2579 4178 δι’
2615 4124 2764 4188 Υἱοῦ,
2795 4124 2887 4177 καὶ
2913 4108 3246 4188 αὐτέίφύσιν
3273 4117 3468 4187 ἔχοντα
3485 4114 3750 4183 δημιουρ-

2171 4221 2356 4292 γικήν.
2391 4218 2558 4272 Οὐδὲν
2580 4214 2673 4270 οὖν
2700 4218 2758 4269 ἐν
2784 4213 2903 4284 Θεῷ
2923 4213 2985 4265 τὸ
3009 4212 3167 4264 πλέον
3197 4208 3353 4279 παρὰ
3368 4206 3435 4258 τὰ
3452 4204 3749 4292 κτίσματα.

2171 4290 2304 4363 Είδέ
2325 4309 2426 4362 οὐκ
2450 4306 2596 4359 ἐστιν
2629 4303 2770 4376 ἀρχὴ
2796 4305 2901 4356 τῶν
2914 4301 3087 4356 ἄλλων
3115 4297 3431 4368 κτισμάτων
3451 4293 3525 4354 ὡς
3542 4290 3751 4357 ποίημα

2172 4402 2267 4454 καὶ
2299 4399 2460 4462 αὐτός
2482 4416 2495 4429 ·
2528 4398 2656 4461 Υἱὸς
2686 4397 2796 4467 ἄρα
2827 4396 2919 4448 καὶ
2945 4392 3246 4463 μονογενής
3287 4390 3453 4440 ἐστιν.

2170 4691 2382 4754 ΑΛΛυ,
2429 4688 2496 4741 τὸ
2533 4687 2679 4742 αὐτὸ
2722 4685 2822 4740 διὰ
2864 4685 2975 4754 τῆς
3019 4688 3105 4750 εἰς
3139 4683 3366 4737 ἄτοπον
3397 4676 3752 4748 ἀπαγωγῆς.

2249 4820 2267 4853 ι
2315 4801 2519 4872 Κύριος
2569 4800 2752 4855 ἔκτισε
2805 4818 2870 4872 με
2911 4798 3088 4870 ἀρχὴν
3133 4797 3268 4851 ὁδῶν
3298 4794 3463 4849 αὐτοῦ
3504 4796 3584 4857 είς
3618 4792 3754 4862 ἔργα

2168 4894 2359 4946 αὐτοῦ.
2411 4912 2430 4944 ι
2483 4893 2548 4946 Εἰ
2585 4910 2669 4955 τις
2704 4892 3137 4960 φιλονεικότερον
3179 4887 3454 4953 ἐξετάζειν
3498 4885 3753 4955 ἐθελήσαι

2168 4987 2229 5039 τὺ
2253 4985 2565 5056 εἰρημένον,
2602 4985 2958 5052 κακοτρόπως
2981 4986 3098 5051 ἐρεῖ
3118 5000 3129 5012 ·
3162 4983 3224 5034 Ei
3258 4981 3475 5048 πρῶτος
3501 4979 3750 5046 ἐκτίσθη,

2165 5079 2260 5130 «καὶ
2291 5076 2434 5147 ἁρχὴ
2465 5075 2653 5143 γέγονε
2698 5073 2817 5128 καθ’
2862 5075 3025 5143 ὑμᾶς,
3065 5071 3184 5134 πῶς
3223 5072 3305 5134 είς
3348 5073 3416 5124 τὰ
3453 5069 3594 5138 ἔργα
3637 5068 3754 5120 κτί-

2169 5168 2357 5233 (atat;
2408 5168 2483 5220 Οὐ
2533 5167 2642 5237 γὰρ
2693 5167 2942 5236 εἴρηκεν·
2999 5163 3221 5216 Ἔκτισὲ
3269 5179 3337 5232 με
3394 5160 3618 5231 Κύριοῖ,
3666 5160 3753 5212 ἵνα

2172 5262 2383 5329 ποιήσω
2439 5257 2508 5311 τὰ
2557 5258 2693 5329 ἔργα
2740 5255 2926 5318 αὐτοῦ,
2976 5256 3090 5308 ἀλλ’
3125 5274 3142 5304 ι
3190 5256 3270 5316 εἰς
3323 5253 3460 5324 ἔργα
3504 5250 3691 5304 αὐτοῦ.
3727 5269 3746 5300 ι

2182 5350 2269 5413 Ὠς
2310 5350 2418 5420 γὰρ
2461 5350 2563 5420 ἢδη
2610 5346 2959 5402 συνεστώτων
2991 5347 3098 5400 τῶν
3140 5347 3338 5418 ἔργων,
3374 5343 3622 5398 ἐκτίσθαι
3651 5357 3752 5409 φη-

2173 5444 2257 5498 σὶν
2288 5445 2366 5507 είς
2403 5442 2561 5497 αὐτά.
2599 5442 2662 5493 Εἰ
2694 5439 2751 5492 δὲ
2797 5441 2974 5504 τοῦτο,
3007 5440 3125 5502 πῶς
3165 5438 3246 5490 ἔτι
3281 5435 3494 5506 πρῶτος
3540 5436 3684 5486 ἐστιν
3723 5434 3753 5485 6

2171 5537 2290 5608 μετ’
2335 5537 2518 5589 ἐκεῖνα
2565 5533 2845 5604 δεύτεροςς
2896 5532 3020 5595 Πῶς
3065 5532 3110 5585 δ’
3160 5531 3227 5584 ἂν
3281 5529 3368 5600 εἴη
3417 5528 3528 5580 τῶν
3575 5525 3751 5580 ἄλλων

2167 5631 2311 5702 ἁρχὴ
2339 5632 2366 5683 6
2401 5631 2484 5681 ἐπ’
2517 5629 2701 5691 αὐτοῖς
2749 5628 3151 5702 γεγενημένος;
3201 5624 3322 5686 Πῶς
3361 5623 3417 5675 δὲ
3462 5621 3644 5675 πάντα
3683 5618 3752 5673 δι’
