4078 6260
406 306 410 310 ’
466 314 571 370 279

1533 329 1593 380 S.
1635 325 1906 381 CYRILLI
1945 327 2414 386 ALEXANDRINI
2454 332 2771 389 ARClllEP.

3607 333 3710 390 280

464 433 926 499 Quemadmodum
956 438 1118 509 igitur
1145 456 1415 503 nos,.cutu
1452 441 1683 499 Verbum
1715 446 1808 500 Dei
1843 449 1898 502 in
1929 466 2016 503 not

2135 452 2422 522 δεχόμεθα,
2472 455 2538 507 δι’
2575 456 2734 508 αὑτὸν
2779 459 2886 508 υἱοὶ
2920 455 3231 524 καλούμεθα
3265 454 3357 507 τοῦ
3383 453 3544 515 Θεοῦ,
3571 455 3710 508 κατά

465 526 547 579 liis
587 526 943 594 suscipimus,
989 544 1084 599 per
1130 531 1304 600 ipsum
1356 547 1616 588 vocamur
1665 535 1762 590 ﬁlii
1818 538 1911 592 Dei
1966 539 2034 604 ⁸⁷,

462 630 586 668 cum
619 627 809 669 natura
831 617 1002 672 simus
1030 629 1319 684 creaturae,
1354 621 1426 674 ita
1453 621 1616 676 etiam
1651 624 1788 692 ipse,
1819 630 2038 696 quando

463 722 681 761 Ctll‘lleln
713 718 952 764 ηοειωιιι
979 711 1230 772 assumit,
1258 721 1486 766 vocatur
1512 723 1766 768 creatura
1796 729 1851 770 et
1877 733 2036 786 opus,

463 809 584 848 cum
619 809 810 852 natura
854 799 926 853 sil
966 799 1159 854 Filius.
1193 801 1260 856 Et
1293 818 1484 858 rursus
1519 820 1534 855 :
1566 807 1709 860 sicut
1743 806 1886 863 Deus
1914 826 2034 864 Clllll

461 885 533 939 sit
566 897 752 942 noster
794 899 1030 954 creator,
1078 889 1242 946 Pater
1276 893 1407 948 item
1455 904 1643 950 noster
1669 936 1685 961 ,
1742 899 1822 954 sic
1873 901 2035 955 etiam

463 994 586 1032 cum
617 979 775 1035 Verbi
811 980 900 1036 Dei
932 982 1093 1037 Pater
1150 986 1445 1039 secundum
1501 999 1745 1042 naturam
1787 991 2034 1057 exsistat,

459 1072 575 1139 ejus
599 1087 816 1140 quoque
849 1083 1064 1128 creator
1111 1075 1384 1143 efﬁcitur;
1429 1093 1554 1132 cum
1610 1080 1862 1135 nimirum
1909 1097 2037 1152 pro-

461 1176 578 1230 pter
604 1180 702 1219 nos
733 1166 1016 1220 ﬁtsimilis
1069 1168 1356 1223 creaturis.
1410 1169 1466 1224 Si
1519 1186 1650 1240 ergo
1699 1188 1796 1228 nos
1841 1186 2032 1230 natura

460 1253 552 1308 ﬁlii
602 1270 809 1322 sumus,
868 1258 974 1311 erit
1021 1259 1186 1312 etiam
1251 1260 1364 1328 ipse
1429 1263 1746 1318 naturaliter
1782 1277 2032 1322 creatura

456 1355 511 1400 et
548 1362 704 1415 opus.
739 1349 811 1402 At
837 1363 967 1403 vero
1011 1349 1056 1403 si
1092 1365 1188 1405 nos
1235 1351 1592 1420 dispositione
1629 1364 1685 1410 et
1728 1359 1903 1427 gratia
1935 1374 2029 1414 vo-

455 1451 644 1490 camur
684 1439 802 1502 ﬁlii,
855 1441 959 1494 erit
988 1442 1154 1495 etiam
1185 1442 1300 1511 ipse
1335 1443 1688 1513 dispositione
1729 1460 1983 1504 creatura
2017 1493 2028 1510 .

458 1529 758 1583 naturalem
800 1533 1297 1602 suamdignitatem
1327 1536 1398 1592 ob
1447 1537 1877 1595 incarnationem
1922 1561 2034 1598 non.

457 1619 738 1675 amittens.

447 1729 711 1814 ALIUD”.
739 1750 867 1814 ,τιαο
917 1736 1186 1814 perspicue
1233 1741 1534 1814 ostenditur
1576 1759 1678 1809 quo
1726 1757 1879 1810 pauo
1944 1750 2028 1814 pie

2141 538 2303 605 φύσιν
2329 539 2482 604 ὄντες
2501 544 2804 612 ποιήματα,
2834 542 2978 596 οὕτω
3008 544 3102 596 καὶ
3131 542 3294 606 αὐτὸς
3314 544 3399 620 ὅτε
3431 543 3528 612 τὴν
3557 543 3710 612 ἡμῶν

2142 631 2320 702 σάρκα
2345 632 2632 702 λαμϐάνει,
2666 635 2874 704 κτίσμα
2895 634 3143 688 καλεῖται
3175 636 3270 687 καὶ
3304 634 3539 702 ποίημα,
3575 636 3711 688 κατά

2139 716 2299 787 φύσιν
2322 723 2582 794 ὑπάρχων
2610 724 2757 787 Υίός.
2791 725 2901 777 Καὶ
2931 725 3113 784 πάλιν.
3141 724 3330 794 ὥσπερ
3361 722 3518 792 ἡμῶν
3553 739 3711 792 ποιη-

2137 813 2237 882 τὴς
2266 812 2342 866 ὢν
2363 815 2392 866 6
2422 814 2554 877 Θεὸς
2584 814 2793 882 γίνεται
2826 816 2914 868 καί
2942 815 3156 885 Πατὴρ,
3186 804 3328 867 οὕτω
3347 813 3551 866 καὶτοῦ
3575 812 3712 866 Θεοῦ

2137 906 2311 971 Λόγου
2346 905 2534 976 Πατὴρ
2572 907 2714 959 κατά
2747 906 2909 974 φύσιν
2944 906 3204 975 ὑπάρχων
3233 906 3442 974 γίνεται
3472 906 3568 958 καὶ
3596 905 3715 958 κτί-

2139 1013 2290 1065 στης,
2334 998 2422 1050 ὅτε
2449 997 2517 1050 δι’
2565 1000 2712 1068 ἡμᾶς
2759 998 3095 1067 ἐξομοιοῦται
3133 1000 3244 1060 τοῖς
3284 997 3601 1067 κτίσμασιν.
3653 995 3716 1049 Ei

2139 1087 2238 1156 μὲν
2267 1084 2362 1141 οὖν
2395 1089 2554 1158 ἡμεῖς
2584 1088 2729 1142 κατά
2758 1090 2920 1158 φύσιν
2960 1090 3127 1158 ἐσμὲν
3152 1089 3279 1153 υἱοὶ,
3307 1088 3462 1141 ἔσται
3501 1088 3596 1140 καὶ
3618 1088 3718 1140 αύ-

2134 1176 2225 1239 τὺς
2255 1177 2394 1230 κατὰ
2424 1177 2586 1244 φύσιν
2617 1178 2824 1248 κτίσμα
2851 1178 2945 1230 καὶ
2978 1177 3210 1246 ποίημα.
3260 1177 3324 1228 Ei
3351 1175 3409 1229 δὲ
3439 1174 3718 1246 ήμεῖςθέ-

2137 1283 2221 1319 σει
2266 1268 2357 1320 καὶ
2400 1268 2582 1337 χάριτι
2630 1269 2766 1340 πρὸς
2805 1269 3028 1336 υἱότητα
3063 1267 3398 1336 καλούμεθα,
3427 1267 3521 1321 καὶ
3553 1266 3719 1330 αὐτὸς

2135 1358 2281 1410 θέσει
2323 1359 2528 1428 κτίσμα
2579 1359 2667 1412 διὰ
2700 1360 2797 1429 τὴν
2846 1359 2969 1412 καθ’
2997 1361 3141 1428 ὑμᾶς
3175 1357 3514 1428 οἰκονομίαν,
3551 1358 3617 1412 τὸ
3657 1359 3718 1410 ὲκ

2091 1485 2106 1506 ,
2134 1447 2347 1517 φύσεως
2383 1450 2485 1502 οὐκ
2513 1448 2798 1502 ἀπολλύων
2829 1449 3066 1520 ἀξίωμα.

2131 1734 2336 1792 ΛΛΛΟ,
2369 1732 2730 1786 διδασκαλία
2763 1733 2988 1800 σαφὴς,
3016 1733 3175 1799 ὅπως
3203 1734 3318 1801 χρὴ
3353 1734 3519 1786 νοεῖν
3537 1738 3723 1788 εὐσε-

526 1802 750 1882 intelligi
772 1801 1006 1884 oporteat
1047 1807 1198 1868 illud,
1232 1825 1250 1858 ι
1279 1807 1532 1866 Dominus
1559 1801 1751 1868 creavit
1771 1830 1849 1868 me
1875 1801 2016 1886 priu-

2201 1801 2317 1882 ϐῶξ¹
2347 1803 2444 1865 τὸ,
2493 1822 2511 1854 ι
2553 1805 2766 1870 Κύριος
2805 1801 3010 1856 ἐκτισέ
3047 1819 3124 1870 με
3168 1805 3368 1873 ἀρχὴν
3417 1805 3576 1858 ὁδῶν
3605 1807 3723 1860 αὐ-

526 1872 724 1939 cipinm
751 1874 953 1926 viarum
984 1891 1228 1930 auarum.
1276 1896 1297 1929 ι

521 2009 691 2062 Adam
723 2009 930 2078 primus
963 2011 1122 2066 horno
1149 2012 1321 2070 factus
1359 2025 1462 2080 est,
1490 2017 1723 2088 dataque
1757 2019 1830 2072 illi
1879 2033 1961 2074 est
1994 2037 2023 2075 a

449 2099 562 2156 Deo
594 2100 678 2155 via
710 2101 900 2157 salutis
936 2119 1136 2172 :quam
1162 2107 1402 2174 quidem,
1430 2108 1670 2163 divinum
1707 2114 2022 2166 mandatum

449 2203 849 2262 transgressus,
889 2195 1094 2261 auiisit,
1150 2197 1441 2267 lapsusque
1489 2209 1574 2254 est
1618 2200 1670 2254 in
1719 2201 2025 2267 interitum,

446 2285 761 2352 provolutus
811 2287 868 2340 in
923 2298 1247 2354 peccatum,
1321 2291 1603 2346 descendit
1649 2293 1701 2346 in
1760 2303 2017 2348 mortem.

444 2373 618 2428 A-liam
649 2375 813 2444 igitur
852 2376 997 2430 viam
1047 2379 1201 2432 nobis
1257 2384 1662 2448 praetnonstrari
1701 2400 1836 2452 opus
1873 2394 2016 2449 erat,

443 2481 550 2531 qua
574 2467 639 2519 ad
662 2465 944 2534 pristinum
976 2475 1177 2522 statum
1206 2470 1722 2526 conscenderemus.
1757 2471 1855 2526 Cui
1894 2475 2020 2543 qni-

442 2557 562 2607 detn
585 2558 1060 2624 prmtuonstrandte
1077 2574 1198 2612 cum
1231 2559 1408 2614 nullus
1433 2561 1710 2614 hominum
1735 2576 1830 2630 par
1853 2573 2018 2626 esset.

448 2647 608 2716 166
635 2647 808 2715 ipsum
855 2647 1098 2702 Verbum
1128 2649 1218 2703 Dei
1247 2689 1262 2712 ,
1301 2668 1420 2703 eum
1457 2653 1526 2706 sit
1568 2663 1758 2706 natura
1815 2654 2019 2709 increa-

446 2745 582 2798 ttttn,
620 2748 842 2805 propter
872 2753 973 2793 nos
1006 2747 1228 2792 creatur
1265 2740 1423 2794 homo
1452 2781 1468 2804 ,
1521 2742 1796 2798 voluntate
1840 2744 2018 2801 Patris

442 2843 661 2880 carnem
695 2838 933 2882 nostram
970 2845 1274 2894 assumens,
1315 2842 1395 2898 ut,
1427 2836 1879 2902 quemadmodum
1937 2838 2017 2890 in-

441 2919 561 2987 quit
621 2919 816 2976 Paulus
851 2920 919 2984 ⁸⁸,
985 2923 1124 2976 viam
1201 2923 1352 2978 nobis
1403 2924 1668 2980 instauret
1745 2937 2014 2982 recentem

373 3045 378 3050 -
442 3025 503 3064 ac
545 3023 876 3076 manentem,
916 3028 1192 3083 operaque
1250 3014 1430 3070 Patris
1479 3017 1745 3086 impleat,
1790 3033 2017 3087 corpore

2199 1873 2325 1926 τοῦ.
2371 1893 2390 1924 ι

2198 2000 2424 2070 Γέγονεν
2446 2005 2474 2055 ὁ
2506 2002 2724 2076 πρῶτος
2753 2002 3038 2073 ἄνθρωπος
3064 2003 3258 2073 Ἀδὰμ,
3296 2005 3391 2057 καὶ
3418 2005 3538 2068 ὁδὸς
3559 2004 3724 2076 αὑτῷ

2127 2094 2398 2164 σωτηρίας
2427 2093 2636 2147 δέδοται
2675 2075 2824 2162 παρὰ
2866 2094 3022 2148 Θεοῦ.
3059 2094 3277 2164 Ταύτην
3310 2094 3584 2161 ἀπώλεσε,
3611 2075 3723 2167 τὴν

2125 2184 2276 2237 θείαν
2305 2184 2526 2254 ἐντολὴν
2549 2185 2974 2257 παραϐεϐηκὼς,
3025 2187 3311 2240 πέπτωκεν
3352 2189 3432 2250 είς
3477 2186 3720 2258 φθορὰν,

2123 2275 2328 2346 ἠνέχθη
2367 2278 2504 2347 πρὸς
2551 2277 2848 2347 ἁμαρτίαν,
2896 2278 3273 2349 καταϐέϐηκεν
3319 2281 3400 2342 είς
3454 2279 3716 2333 θάνατον.

2127 2369 2275 2422 Ἐδει
2300 2369 2460 2422 πάλιν
2481 2371 2615 2438 ἡμῖν
2639 2370 2758 2423 ὁδὸν
2785 2370 2979 2440 ἑτέραν
3006 2369 3408 2442 ἀναδειχθῆναι,
3430 2370 3495 2424 δι’
3520 2366 3594 2443 ἧς
3615 2373 3716 2442 τὴν

2123 2460 2358 2530 ἀρχαίαν
2401 2461 2739 2514 κατάστασιν
2792 2463 3008 2530 ἐκείνην
3048 2462 3316 2532 ἀναϐῆναι
3342 2463 3710 2532 δυνησόμεθα.

2135 2548 2351 2618 Ἐπειδὴ
2399 2549 2458 2603 δὲ
2493 2548 2797 2619 ἀνθρώπων
2847 2551 3022 2613 οὐδεὶς
3071 2551 3253 2613 ἱκανὸς
3305 2551 3382 2604 ὢν
3435 2553 3517 2615 είς
3549 2552 3710 2606 τοῦτο

2123 2643 2500 2710 κατεφαίνετο,
2532 2633 2846 2711 ἀναγκαίως
2890 2644 3053 2706 αὐτὸς
3107 2646 3135 2698 ό
3184 2645 3564 2717 φιλάνθρωπος
3607 2648 3708 2699 τοῦ

2121 2733 2258 2786 Θεοῦ
2288 2735 2480 2801 Λόγος,
2523 2735 2778 2798 ἀκτιστος
2809 2735 2886 2787 ὢν
2913 2735 3012 2806 τὴν
3048 2737 3231 2806 φύσιν,
3267 2738 3554 2807 ἄνθρωπος
3590 2738 3712 2791 κτί-

2120 2827 2273 2890 ζεται
2299 2826 2365 2878 δι’
2386 2827 2552 2897 ἡμᾶς,
2581 2825 2831 2895 βουλήσει
2860 2826 2956 2879 τοῦ
2982 2828 3194 2897 Πατρός
3223 2828 3320 2896 τὴν
3344 2829 3501 2899 ἡμῶν
3525 2831 3712 2897 σάρκα

2121 2918 2586 2990 περιϐαλόμενος·
2624 2918 2730 2983 ἵνα,
2763 2918 3014 2989 καθάπερ
3051 2922 3080 2972 6
3115 2919 3323 2983 Παῦλός
3357 2937 3543 2988 φησιν,
3583 2922 3710 2975 ὁδον

2118 3015 2251 3081 ἡμῖν
2288 3011 2572 3081 ἐγκαινίσῃ
2609 3009 2923 3080 πρόσφατον
2955 3012 3048 3064 καὶ
3088 3012 3388 3080 μένουσαν,
3428 3014 3520 3065 καὶ
3557 3012 3710 3083 πληο

439 3103 658 3173 qnidem
716 3117 900 3160 nostro
936 3107 1002 3159 ad
1049 3106 1511 3175 incorruptionem
1563 3108 1859 3164 reformato
1889 3153 1903 3174 ,
1965 3120 2016 3165 et

2122 3103 2272 3174 ρώση
2298 3103 2366 3156 τὰ
2393 3101 2531 3172 ἔργα
2563 3100 2659 3154 τοῦ
2694 3101 2928 3171 Πατρός,
2962 3102 3204 3156 ἀνανεῶν
3242 3103 3339 3172 μὲν
3375 3104 3454 3165 είς
3485 3101 3708 3175 ἀφθαρ“

445 3205 622 3247 morte
650 3236 664 3259 ,
696 3209 816 3263 qua:
866 3210 964 3262 per
1009 3207 1288 3264 peccatum
1346 3198 1629 3266 imperium
1679 3200 2012 3267 obtinuerat,

441 3283 676 3348 Sublata,
713 3283 938 3352 ipsoque
979 3295 1202 3351 peccato
1227 3287 1593 3340 condemnato
1620 3328 1633 3349 ,
1696 3290 2015 3359 cazterisqne

441 3372 602 3426 bonis
655 3387 777 3440 qua!
831 3374 1096 3440 contulit,
1143 3390 1238 3443 per
1284 3376 1458 3444 ipsum
1506 3389 1712 3431 natura:
1768 3380 2015 3436 humana:

440 3462 719 3532 prtestitis.
758 3461 813 3516 Si
848 3480 976 3533 ergo
1006 3465 1180 3520 factus
1209 3475 1287 3520 est
1322 3468 1482 3521 homo
1507 3510 1520 3530 ,
1571 3479 1625 3521 ut
1656 3471 1815 3526 nobis
1847 3472 2012 3525 etiam

441 3557 703 3610 bonorum
750 3558 833 3610 via
890 3559 1016 3622 ﬁat,
1065 3574 1236 3628 eaque
1279 3576 1442 3630 opera
1484 3565 1771 3632 perﬁciat,
1818 3579 1938 3634 qua:
1983 3581 2011 3619 a

440 3649 599 3704 Patre
639 3666 734 3718 per
767 3650 940 3719 ipsum
976 3651 1132 3716 ﬁunt,
1159 3655 1352 3706 merito
1386 3664 1533 3708 certe
1561 3655 1738 3709 dicat:
1775 3675 1792 3707 ι
1828 3657 2011 3710 Domi-

440 3759 538 3796 nus
571 3743 775 3797 creavit
805 3759 888 3796 me
918 3743 1242 3812 principium
1266 3744 1472 3798 viarum
1497 3761 1718 3822 suarn‘m
1754 3748 1805 3800 in
1844 3763 2011 3816 opera

436 3834 627 3903 ipsius.
667 3853 686 3886 ι
721 3833 986 3902 Deinceps
1015 3849 1144 3888 vero
1184 3850 1403 3900 rursus,
1452 3837 1821 3892 exsistentiam
1857 3853 2010 3892 suam

434 3936 561 3980 ante
591 3926 773 3980 omnia
796 3927 990 3980 saecula
1022 3927 1359 3996 signiﬁcans,
1389 3927 1463 3980 ait
1499 3944 1511 3979 :
1565 3946 1582 3978 ι
1625 3929 1769 3982 Ante
1809 3930 2008 3983 saecula

435 4016 679 4072 fundavit
730 4034 832 4072 me.
881 4037 900 4070 ι
956 4017 1011 4072 Si
1054 4034 1187 4072 vero
1227 4029 1283 4073 et
1330 4018 1602 4089 gignitur,
1655 4031 1708 4074 et
1751 4031 2008 4086 creatur,

436 4117 730 4178 utrumque
760 4113 1016 4165 decenter
1063 4100 1560 4179 convenienterque
1615 4112 1728 4168 ﬁeri
1769 4113 2004 4168 dicatur.

435 4199 685 4268 Gignitur
719 4201 862 4254 enim
917 4211 973 4268 ut
1034 4200 1266 4255 Verbum
1320 4217 1382 4256 ex
1428 4201 1586 4256 Patre
1644 4212 1769 4258 ante
1817 4205 2008 4258 saecula

441 4290 786 4356 productum,
819 4300 877 4342 ut
917 4291 1143 4358 ipsemet
1193 4301 1460 4346 testatur:
1499 4303 1715 4345 creatur
1739 4308 1868 4346 vero
1896 4336 1910 4356 ,
1952 4306 2011 4346 nt

439 4382 623 4443 homo,
671 4379 887 4446 quando
937 4390 1157 4449 propter
1199 4395 1298 4435 nos
1349 4380 1522 4434 tactus
1566 4391 1650 4435 est
1697 4396 1824 4436 caro
1868 4400 1881 4435 :
1935 4387 2008 4439 ita

435 4469 514 4523 ait
544 4469 874 4538 evangelista
908 4471 975 4524 ”.

1101 4587 1331 4643 ALIUD.

505 4715 788 4770 Psalmista
816 4715 1013 4770 alicubi
1043 4717 1107 4769 de
1151 4717 1324 4771 Verbo
1357 4716 1448 4770 Dei
1473 4717 1544 4770 ita
1593 4719 1666 4771 ait
1694 4738 1705 4773 :
1738 4737 1758 4769 ι
1787 4720 1886 4786 Qui
1923 4731 2006 4774 est

433 4819 559 4861 ante
583 4809 777 4862 saacula
814 4809 878 4860 "°.
923 4828 939 4860 ι
991 4807 1044 4862 Si
1073 4825 1202 4880 ergo
1238 4809 1410 4864 Filius
1440 4818 1567 4863 ante
1596 4812 1798 4865 saacula
1847 4813 2002 4868 exsi-

433 4901 545 4965 stit,
573 4909 813 4954 creatmn
857 4915 984 4955 vero
1020 4899 1158 4956 dicit
1207 4916 1267 4957 se
1317 4916 1438 4956 esse
1471 4902 1528 4954 in
1557 4917 1728 4972 opera
1773 4905 1951 4960 Patris
1982 4921 1993 4953 :

439 4993 798 5044 necessarium
855 4991 1012 5059 plane
1065 4999 1154 5044 est
1213 4991 1526 5046 constitutis
1568 4991 1682 5061 jam
1745 4994 2002 5059 cperilms

430 5083 577 5135 illum
611 5093 848 5137 creatum
881 5084 1069 5138 fuisse.
1104 5084 1394 5154 Postquam
1421 5086 1566 5138 enim
1625 5095 1889 5138 creaturae
1934 5085 2004 5138 ad

367 5187 379 5196 ‘
430 5190 550 5228 esse
583 5175 843 5230 traducta:
870 5189 1076 5240 essent,
1107 5178 1415 5231 novissimis
1455 5177 1789 5244 temporibus
1839 5176 2006 5229 homo

431 5264 606 5320 factus
627 5277 882 5334 est:quo
921 5268 1136 5336 quidem
1171 5279 1412 5332 tempore
1463 5269 1853 5322 convenienter
1901 5282 1998 5334 op-

433 5366 763 5426 portuneque
793 5357 924 5430 dicit
955 5397 969 5418 ,
1007 5375 1026 5407 ι
1072 5357 1327 5412 Dominus
1377 5361 1581 5413 creavit
1633 5376 1736 5412 me.
1793 5377 1811 5407 ι
1851 5359 1998 5424 Quo-

432 5449 588 5499 modo
623 5447 786 5510 igitur
830 5449 1000 5514 possit
1067 5464 1189 5503 esse
1245 5465 1432 5503 eorum
1487 5459 1738 5513 creator,
1781 5450 1824 5502 si
1877 5459 1999 5517 post

395 5536 518 5588 «ﬁla
560 5549 773 5590 creatus
801 5548 883 5591 est
915 5539 938 5590 *ί
981 5537 1036 5594 Si
1068 5550 1250 5595 autem
1289 5551 1416 5594 ante
1441 5555 1604 5608 opera
1632 5549 1714 5594 est
1756 5537 1992 5594 Verbum

496 5715 538 5745 ⁶⁷
563 5714 582 5769 l
607 5711 764 5767 Joan.
809 5729 890 5774 ιιι.
927 5717 972 5768 1.

2029 4518 2087 4548 δὲ

1056 5717 1098 5747 ⁸⁸
1142 5716 1370 5774 Philitm.
1413 5734 1493 5776 tn.
1524 5719 1583 5772 2|
1620 5735 1634 5775 :
1678 5717 1837 5772 llebr.
1874 5733 1932 5776 ιι,
1970 5715 2065 5776 l-i;
2110 5730 2162 5776 κ,
2197 5715 2284 5770 :20.

2121 3196 2241 3249 σίαν
2267 3195 2329 3248 τὸ
2355 3194 2535 3264 σῶμα,
2575 3192 2666 3245 τὸν
2691 3192 2735 3245 δ’
2764 3192 2823 3258 ἐξ
2849 3193 3124 3264 ἁμαρτίας
3153 3196 3504 3265 κρατήσαντα
3535 3194 3710 3248 θάναο

2114 3302 2206 3338 τον
2236 3284 2503 3355 ἀναιρῶν,
2540 3283 2635 3337 καὶ
2674 3283 2845 3353 αὐτὴν
2881 3283 3227 3354 κατακρίνων
3255 3283 3354 3352 τὴν
3399 3285 3704 3354 ἁμαρτίαν,

2117 3377 2211 3429 καὶ
2229 3377 2296 3429 τὰ
2324 3375 2459 3430 ἄλλα
2485 3376 2660 3428 πάντα
2679 3374 2845 3427 ποιῶν
2861 3376 2963 3429 ὅσα
2985 3377 3050 3444 τῇ
3082 3376 3240 3443 φύσει
3271 3377 3495 3444 γέγονεν
3515 3377 3706 3444 ἀγαθὰ

2115 3468 2180 3520 δι’
2216 3466 2403 3520 αὐτοῦ.
2430 3468 2493 3520 Ei
2518 3467 2697 3520 τοίνυν
2729 3466 2955 3534 γέγονεν
2986 3467 3268 3538 ἄνθρωπος
3289 3509 3303 3529 ,
3333 3469 3419 3520 ἴνα
3457 3469 3550 3520 καὶ
3578 3469 3706 3531 ὁδὸς

2117 3560 2246 3627 ἡμῖν
2281 3559 2505 3626 γένηται
2542 3557 2652 3610 τῶν
2680 3558 2918 3626 ἀγαθῶν,
2948 3560 3041 3612 καὶ
3069 3560 3138 3611 τὰ
3171 3559 3306 3628 ἔργα
3349 3559 3520 3612 ταῦτα
3559 3559 3709 3628 πλη-

2118 3647 2340 3718 ρώσῃ,ἃ
2368 3648 2432 3718 δὴ
2467 3647 2620 3718 παρά
2645 3648 2860 3719 Πατρὺς
2883 3648 2949 3702 δι’
2977 3649 3142 3703 αὑτοῦ
3171 3651 3382 3718 γίνεται
3407 3689 3422 3711 ,
3470 3650 3709 3712 εἰκότως

2115 3739 2182 3792 ἂν
2209 3739 2356 3805 λέγοι
2377 3754 2388 3765 '
2426 3757 2443 3790 ι
2477 3737 2680 3809 Κύριος
2708 3737 2890 3793 ἔκτισέ
2916 3757 2985 3810 με
3011 3740 3187 3810 ἀρχὴν
3220 3740 3352 3792 ὁδῶν
3401 3740 3565 3792 αὑτοῦ
3616 3742 3707 3803 είς

2114 3830 2249 3900 ἔργα
2272 3829 2452 3882 αὐτοῦ.
2492 3848 2510 3880 ι
2559 3829 2719 3899 Ἑξῆς
2748 3831 2802 3883 δὲ
2834 3831 2996 3885 πάλιν
3023 3830 3120 3901 τὴν
3163 3830 3490 3901 πφαιώνιον
3514 3830 3706 3901 ὓπαρ-

2114 3923 2195 3988 ξιν
2229 3920 2422 3975 ἑαυτοῦ
2441 3922 2746 3992 σημαίνω-ν,
2774 3923 2905 3993 φησί
2929 3942 2940 3954 ·
2965 3943 2982 3974 ι
3009 3923 3121 3995 Πρὸ
3150 3924 3244 3976 τοῦ
3275 3923 3470 3985 αἰῶνος
3495 3921 3703 3986 ἐθεμε-

2113 4015 2276 4069 λίωσέ
2315 4033 2403 4084 με.
2440 4035 2458 4068 ›
2491 4017 2553 4068 Ei
2588 4015 2646 4068 δὲ
2678 4017 2772 4069 καὶ
2805 4017 3057 4084 γεννᾶται
3079 4017 3173 4068 καὶ
3208 4016 3468 4080 κτίζεται,
3506 4017 3700 4085 ἀμφο-

2112 4108 2291 4176 τέροις
2327 4107 2598 4160 ἀποδώσει
2653 4107 2714 4160 τὸ
2759 4108 2985 4176 πρέπον.
3038 4107 3298 4160 Γεννᾶται
3329 4108 3426 4176 μὲν
3473 4105 3582 4175 γάρ
3615 4104 3704 4168 ὼς

2114 4199 2284 4266 Λόγος
2312 4197 2462 4266 παρὰ
2487 4198 2698 4267 Πατρός
2723 4198 2835 4266 προ
2859 4197 2966 4249 τῶν
2989 4197 3224 4261 αἰώνων,
3248 4197 3499 4267 καθάπερ
3529 4197 3702 4266 φησι,

2111 4290 2357 4353 κτίζεται
2384 4289 2439 4341 δὲ
2473 4290 2548 4351 ὡς
2574 4288 2880 4359 ἄνθρωπος,
2914 4289 3002 4341 ὅτε
3035 4288 3103 4340 δι’
3133 4290 3280 4359 ἡμᾶς
3305 4289 3497 4356 γέγονε
3522 4288 3697 4358 σάρξο

2110 4377 2284 4439 οὕτως
2316 4377 2479 4448 φησὶν
2509 4379 2536 4430 6
2567 4377 2980 4446 εύαγγελιστής.

2796 4579 2998 4630 ΛΛΛΟ.

2183 4704 2319 4772 Φησί
2348 4721 2446 4755 που
2480 4704 2605 4774 περὶ
2635 4683 2888 4756 τοῖίΘεοῦ
2921 4704 3092 4771 Λόγου
3118 4705 3308 4758 Δαϐίδο
3357 4724 3375 4755 ι
3423 4705 3482 4757 Ὀ
3509 4704 3698 4774 ὑπάρ-

2109 4814 2218 4867 χων
2246 4795 2350 4866 πρὸ
2371 4795 2480 4848 τῶν
2508 4795 2740 4848 αἰώνων.
2775 4813 2792 4846 ι
2826 4796 2885 4847 El
2910 4797 3088 4847 τοίνυν
3114 4798 3142 4849 6
3168 4797 3266 4865 μὲν
3297 4796 3421 4858 Υἱὸς
3446 4794 3554 4866 πρὸ
3575 4795 3696 4848 τῶν

2108 4889 2317 4942 αἰώνων
2341 4888 2595 4956 ὑπάρχει,
2630 4886 2906 4950 κτίζεσθαι
2946 4887 3003 4940 δέ
3043 4905 3206 4958 φησιν
3251 4888 3444 4941 ἑαυτὸν
3483 4889 3562 4949 είς
3609 4887 3697 4938 τὰ

2111 4981 2247 5052 ἔργα
2272 4981 2364 5033 τοῦ
2396 4980 2625 5049 Πατρὸς,
2654 4980 2866 5050 ἀνάγκη
2900 4983 3048 5035 πᾶσα
3075 4980 3424 5034 συνεστώτων
3454 4980 3550 5048 ἤδη
3573 4977 3696 5029 τῶν

2109 5075 2282 5143 ἔργων
2307 5073 2580 5138 κτίζεσθαι
2609 5076 2747 5126 νοεῖν
2769 5073 2948 5126 αὐτόν.
2973 5073 3125 5126 Μετὰ
3152 5073 3262 5142 γάρ
3286 5073 3385 5142 τὴν
3400 5071 3507 5123 τῶν
3529 5087 3695 5139 ποιη-

2112 5166 2297 5235 μάτων
2329 5167 2408 5227 είς
2440 5167 2500 5217 τὸ
2536 5159 2675 5218 εἶναι
2701 5164 2956 5234 πάροδον,
2982 5167 3039 5216 ὲν
3066 5165 3395 5226 τελευταίοις
3430 5162 3526 5215 τοῦ
3548 5159 3693 5214 αἰῶ-

2104 5274 2193 5319 νος
2227 5259 2436 5325 καιροῖς
2470 5256 2690 5327 γέγονεν
2717 5255 3020 5323 ἄνθρωπος,
3055 5254 3142 5306 ὅτε
3186 5253 3250 5323 δὴ
3275 5253 3592 5323 πρεπόντως
3614 5267 3693 5301 τε

2105 5351 2198 5402 καὶ
2227 5349 2344 5400 λίαν
2377 5347 2646 5418 εὐκαίρως
2669 5346 2751 5409 τὸ,
2782 5365 2799 5395 ι
2842 5346 3023 5398 ἔκτισέ
3063 5362 3151 5416 με,
3194 5366 3212 5397 ι
3252 5347 3406 5415 φησί.
3438 5344 3560 5406 Πῶς
3580 5336 3692 5394 οὖν

2103 5441 2262 5503 αὐτὸς
2296 5441 2363 5493 ἂν
2398 5439 2616 5508 ὑπάρχῃ
2650 5437 2854 5489 τούτων
2883 5440 2910 5490 ὁ
2952 5437 3182 5506 ποιητὴς
3207 5476 3222 5498 ,
3254 5437 3302 5488 εί
3331 5436 3448 5504 μετ’
3491 5434 3692 5486 ἐκεῖνα.

2103 5533 2376 5596 attigerat;
2408 5532 2468 5584 Εἰ
2495 5530 2551 5582 δὲ
2577 5528 2807 5604 πρὸ-τῶν
2840 5529 3014 5602 ἔργων
3049 5529 3196 5583 ἐστὶν
3227 5529 3256 5581 ό
3281 5526 3483 5579 τούτων
3516 5539 3692 5594 nom--

2365 5715 2405 5745 ⁸⁵
2439 5712 2589 5767 Joan.
2627 5727 2664 5774 ι,
2705 5712 2784 5767 Η.
2865 5712 2908 5742 ⁷ο
2937 5710 3078 5766 Psal.
3110 5721 3300 5771 tum,
3336 5705 3416 5759 12.
