4078 6260
337 353 430 408 ‘23!

1703 347 2142 407 THESAURUS.

3479 363 3586 418 28‘!

335 481 428 548 τὴς
461 473 550 528 τοῦ
579 473 720 526 Θεοῦ
751 474 950 541 Λόγος,
1001 473 1240 536 κτίζεται
1278 473 1334 524 δὲ
1383 475 1464 535 είς
1513 473 1675 536 αὐτὰ,
1721 472 1782 526 οὔ
1809 473 1893 542 τῆς

2017 474 2110 528 Dei
2145 475 2284 543 quod
2316 473 2403 527 illa
2447 475 2648 529 creavit
2684 517 2700 541 ,
2757 485 2976 530 rreatur
3001 491 3129 530 vero
3175 477 3226 531 in
3265 479 3354 533 itm
3391 497 3404 532 :
3439 491 3586 536 certe

337 567 513 630 οὐσίας
541 564 710 619 αὐτοῦ
733 565 1032 634 δηλωτικὸν
1061 565 1128 618 ἂν
1147 565 1232 634 εἴη
1261 564 1324 616 τὸ
1353 585 1370 616 ι
1401 564 1584 618 ἔκτισε
1604 581 1618 594 ·
1651 583 1684 616 »ι
1705 565 1906 634 σημαί-

336 677 410 714 νει
435 659 480 713 δ’
506 659 571 712 ἂν
586 658 814 720 εἰκότως
839 657 942 726 τὴν
964 657 1118 708 ὲνανθ
1129 655 1372 726 ρώπησιν
1389 657 1477 708 ὅτε
1501 655 1636 725 πρὸς
1666 655 1902 724 ἐπανόρ-

338 752 496 804 θωσιν
525 749 638 802 τῶν
685 749 860 818 ἔργων
889 747 982 800 τοῦ
1021 747 1228 818 [ἰατρὸς
1251 748 1442 816 γέγονε
1473 746 1633 817 σάρξ.
1677 747 1788 800 Καὶ
1817 745 1906 798 διὰ

337 843 492 898 τοῦτο
529 858 696 913 φησι·
733 859 750 891 ι
785 839 990 910 Κύριος
1041 839 1220 892 ἐκτισὲ
1255 857 1320 910 με
1362 841 1536 912 ἀρχὴν
1567 839 1703 894 ὁδῶν
1737 837 1904 894 αὐτοῦ

343 939 418 1000 εἰς
443 937 578 1006 ἔργα
605 932 789 988 αὐτοῦ.

750 1043 954 1106 AAAO,
982 1043 1064 1108 ὡς
1098 1041 1170 1095 ἐν
1204 1041 1477 1111 ἐπιτομῇ.

426 1160 688 1216 Ἐκτίσθαι
711 1159 872 1228 φησιν
898 1157 1089 1212 ἑαυτὸν
1115 1159 1196 1220 είς
1220 1155 1394 1228 ἀρχὴν
1411 1155 1562 1210 ὁδῶν.
1597 1157 1708 1210 Καὶ
1733 1157 1901 1210 ποίων

347 1247 470 1322 ἆρα,
502 1249 711 1320 μαθήσῃ
741 1248 830 1302 διὰ
856 1247 966 1300 τῶν
995 1245 1210 1318 ἐφεξῆς.
1243 1247 1470 1316 Πρῶτον
1514 1247 1612 1316 μὲν
1643 1247 1746 1308 τὰς
1769 1247 1901 1317 ἀρε-

345 1346 440 1407 τὰς
466 1341 942 1412 ἐξαριθμούμενος,
971 1339 1037 1404 ἃς
1069 1339 1284 1410 πρῶτος
1313 1341 1544 1410 ποιήσας
1574 1339 1777 1404 ἐδίδαξε
1808 1340 1902 1392 καὶ

345 1437 496 1506 ἡμᾶς·
518 1432 764 1486 ιΓίνεσθε
793 1432 922 1502 γὰρ,
959 1432 1144 1502 φησιν,
1173 1432 1568 1502 οἰκτίρμονες-ι
1591 1431 1704 1494 καὶ,
1733 1451 1752 1482 ι
1775 1430 1900 1484 Ἐάν

347 1528 418 1591 τίς
453 1543 506 1580 σε
535 1525 738 1596 ῥαπίσῃ
765 1526 845 1588 εἰς
883 1524 982 1594 τὴν
1012 1523 1190 1588 δεξιὰν
1221 1524 1466 1592 σιαγόνα,
1497 1521 1724 1592 στρέψον
1751 1521 1900 1591 αὐτῴ

347 1619 432 1671 καὶ
449 1616 539 1688 τὴν
563 1617 748 1686 ἄλλην.
783 1616 914 1669 Ἀπὸ
931 1615 1024 1668 τοῦ
1050 1614 1298 1687 αἴροντος
1326 1615 1394 1669 τὰ
1414 1615 1502 1681 σὰ,
1527 1615 1602 1685 μὴ
1622 1614 1858 1667 ἀπαίτει.
1875 1634 1892 1663 ι

349 1737 411 1748 -
437 1725 452 1756 ι
493 1707 546 1759 '0
571 1708 732 1778 νόμος
761 1706 957 1776 φησίν·
999 1709 1072 1759 Οὐ
1123 1706 1454 1777 μοιχεύσεις.
1501 1704 1644 1774 Ἐγὼ
1677 1705 1732 1758 δὲ
1759 1705 1900 1772 λέγω

355 1801 504 1868 ὑμῖν·
534 1799 636 1852 Οὐκ
663 1799 1029 1869 ἐπιθυμήσεις
1054 1840 1070 1864 ,
1109 1819 1128 1850 ι
1165 1800 1261 1851 καὶ
1293 1801 1392 1851 ὅσα
1424 1797 1556 1868 πρὸς
1590 1797 1800 1860 τούτοις
1843 1799 1900 1850 ἐν

361 1894 462 1953 τοῖς
484 1890 824 1958 εὖαγγελικοίς
861 1893 1036 1942 κεῖται
1071 1889 1406 1960 κηρύγμασι.
1445 1889 1628 1944 Ταῦτα
1665 1890 1774 1960 γὰρ
1799 1890 1900 1959 ᾕρ-

363 1981 480 2046 ξατο
499 1983 583 2050 μὲν
607 1984 662 2033 ἐν
717 1979 926 2051 πρώτῳ
957 1981 1204 2050 Χριστῷ,
1262 1981 1448 2052 τρέχει
1483 1980 1540 2032 δὲ
1579 1979 1780 2050 ἐφεξῆς
1821 1981 1900 2042 εἰς

361 2071 493 2140 ἡμᾶς.
533 2071 622 2126 Διὰ
651 2071 814 2125 τοῦτό
863 2089 1052 2140 φησιν·
1086 2093 1102 2122 ι
1147 2071 1292 2140 Ἐγώ
1321 2074 1436 2140 εἰμι
1467 2073 1498 2142 ἡ
1535 2070 1672 2142 θύρα
1698 2111 1712 2134 ,
1759 2070 1901 2137 Ἐγώ

343 2161 439 2230 εἰμι
469 2164 500 2231 ή
531 2163 667 2225 ὁδός.
713 2183 730 2213 ι
779 2163 950 2233 Ἀρχὴ
989 2163 1276 2232 τοιγαροῦν
1319 2163 1428 2216 τῶν
1473 2162 1730 2216 τοιούτων
1765 2163 1900 2231 ἡμῖν

331 2250 498 2320 ἔργων
531 2253 848 2323 γενόμενος,
877 2255 964 2306 ὅτε
989 2254 1074 2307 διὰ
1105 2254 1265 2306 τοῦτο
1285 2253 1382 2324 τὴν
1409 2255 1562 2324 ἡμῶν
1592 2255 1770 2324 σάρκα
1799 2270 1898 2306 πε-

317 2343 630 2410 ριεϐάλετο,
667 2345 765 2396 καὶ
797 2345 1019 2411 γέγονεν
1042 2343 1136 2396 ἄνθ
1149 2361 1346 2415 ρωπος,
1381 2346 1600 2406 εἰκότως
1631 2346 1694 2398 ἂν
1716 2345 1898 2412 λέγοι·

320 2452 340 2482 ι
367 2432 586 2504 Κύριος
608 2433 790 2486 ἐκτισέ
816 2451 884 2503 με
905 2435 1079 2506 ἀρχὴν
1101 2435 1234 2488 ὁδῶν
1247 2434 1414 2488 αὐτοῦ
1439 2436 1514 2499 εἰς
1531 2434 1663 2506 ἔργα
1683 2436 1862 2489 αὐτοῦ.
1877 2456 1894 2488 ι

315 2521 432 2574 Τὸν
460 2523 628 2575 αὑτὸν
660 2523 716 2575 δὲ
740 2524 930 2578 τοῦτον
959 2525 1292 2596 ὲφαρμόσεις
1321 2527 1473 2593 λόγον
1503 2529 1594 2580 καὶ
1623 2529 1686 2598 τῇ
1723 2529 1786 2580 ἐκ
1819 2546 1900 2580 νε-

311 2611 471 2681 κρῶν
513 2615 829 2678 ἀναστάσει,
869 2619 962 2669 καὶ
997 2620 1060 2688 τῇ
1101 2619 1178 2680 εἰς
1211 2617 1522 2689 ἀφθαρσίαν
1563 2620 1664 2688 τῆς
1698 2621 1898 2690 σαρκὸς

313 2702 617 2776 μεταϐολῇ,
648 2707 742 2759 καὶ
771 2710 832 2778 τῇ
866 2707 1036 2778 ἀνόδῳ
1058 2713 1121 2780 τῇ
1149 2713 1230 2772 εἰς
1250 2711 1528 2778 οὐρανούς.
1559 2713 1666 2764 Καὶ
1689 2712 1896 2766 τούτων

309 2795 422 2868 γὰρ
451 2797 582 2868 ἡμῖν
609 2797 836 2866 γέπςυνεν
862 2799 1028 2870 ἀρχὴ,
1067 2803 1156 2854 καὶ
1187 2801 1272 2854 διὰ
1297 2801 1468 2856 ταῦτα
1489 2803 1750 2867 κτίζεται.

999 3090 1202 3144 ΑΛΛΟ.
1281 3115 1290 3122 ~

388 3193 660 3251 Ἀπέθανε
688 3196 754 3250 δι’
783 3199 931 3268 ἡμᾶς
964 3200 1062 3253 καὶ
1091 3201 1230 3272 ὑπὲρ
1259 3203 1418 3272 ἡμῶν
1445 3207 1473 3258 ό
1501 3205 1894 3275 Χριστός.Ὤσ-

309 3304 410 3359 περ
440 3283 540 3342 οὖν
565 3289 890 3360 τεθνηκότος
917 3291 1014 3346 τοῦ
1043 3291 1294 3362 σώματος
1311 3295 1472 3360 αὐτὸς
1491 3297 1650 3352 τοῦτο
1672 3300 1892 3368 λέγεται

308 3381 531 3441 παθεῖν,
569 3381 744 3434 καίτοι
777 3382 876 3453 τὴν
907 3383 1071 3453 φύσιν
1116 3385 1380 3452 ἀθάνατος
1409 3389 1505 3451 ὢν,
1539 3389 1682 3444 οὕτω
1715 3393 1892 3458 κτιζο-

307 3472 470 3540 μένου
505 3471 602 3524 τοῦ
647 3472 918 3540 σώματος.
955 3475 1117 3538 αὐτὸς
1162 3479 1354 3530 ἑαυτὸν
1391 3461 1672 3543 κτίζεσθαι
1720 3483 1889 3550 λέγει,

303 3562 484 3616 καίτοι
515 3562 616 3633 τὴν
645 3564 836 3617 οὐσίαν
857 3566 1112 3630 ἄκτιστος
1129 3567 1225 3621 ὢν.
1255 3567 1430 3621 Αὐτοῦ
1459 3569 1568 3642 γὰρ
1599 3571 1730 3638 οὖσι
1740 3591 1768 3635 ς
1797 3577 1891 3627 καὶ

303 3655 400 3724 οὐχ
433 3656 630 3725 ἑτέρου
661 3655 804 3719 τινὸς
833 3657 932 3728 τῆς
958 3660 1178 3728 σαρκδςι
1217 3661 1550 3716 ἰδιοποιεῖται
1581 3664 1648 3718 τὰ
1681 3667 1758 3729 εἰς
1793 3669 1889 3720 αὐ“

301 3745 400 3814 τὴν
435 3761 502 3797 συ
511 3745 830 3816 μὸαίνοντα.

985 3863 1186 3915 ΑΛΛΟ,

381 3969 590 4040 ’ἲργον
631 3970 736 4025 τῶν
780 3973 875 4026 ἐπὶ
913 3973 1013 4042 τῆς
1046 3975 1148 4044 γῆς
1179 3977 1237 4029 τὸ
1268 3977 1551 4032 κάλλιστον
1581 3981 1886 4052 ἄνθρωπος,

298 4059 358 4122 ὃς
392 4059 460 4129 δὴ
495 4059 696 4122 τέλειος
727 4061 985 4128 γεγονὼς,
1012 4064 1210 4134 ἀτελὴς
1235 4067 1434 4138 εὑρέθη
1465 4069 1554 4121 διὰ
1585 4070 1682 4139 τὴν
1709 4073 1889 4144 παρά-

294 4152 490 4218 ϐασιν,
509 4153 693 4206 πεσὼν
718 4155 815 4223 μὲν
833 4153 891 4219 ἐξ
913 4155 1211 4221 ἀθανασίας
1234 4161 1313 4222 είς
1331 4160 1581 4226 θάνατον,
1599 4162 1657 4226 ἐξ
1679 4164 1889 4237 ἀφθαρο

299 4244 424 4305 σίας
464 4245 522 4297 δὲ
577 4247 656 4307 εἰς
710 4244 933 4316 φθοράν.
1001 4245 1156 4300 Ἐπεὶ
1199 4250 1376 4303 τοίνυν
1419 4253 1476 4304 ἓν
1526 4272 1577 4306 τι
1620 4255 1729 4308 τῶν
1767 4258 1890 4310 ἀτο-

297 4338 580 4391 πωτάτων
627 4337 905 4404 ἐφαίνετο,
968 4339 1063 4392 καὶ
1114 4335 1182 4410 ἦν
1241 4341 1409 4405 ὄντως
1457 4344 1681 4415 αἰσχρὸν
1728 4349 1888 4420 μέχρι

2012 567 2232 620 verbum
2259 567 2363 622 hoc
2413 585 2430 618 ι
2469 567 2689 630 creavit,
2727 587 2746 620 ι
2771 571 3061 622 essentiam
3091 571 3210 638 cjus
3239 587 3580 642 nequaquam

2010 659 2300 726 signillcal,
2366 660 2456 713 sed
2513 661 2696 727 potius
2744 661 3174 716 incarnationem
3225 665 3445 730 quando
3496 665 3584 716 ni-

2011 753 2204 804 mirum
2236 753 2302 804 ad
2353 753 2754 819 reparationem
2786 768 3006 821 operum
3059 751 3232 808 Patris
3285 755 3460 806 lactus
3499 765 3584 808 est

2008 857 2156 896 caro.
2186 845 2358 910 Atque
2389 843 2510 897 ideo
2533 845 2664 898 dicit
2690 863 2702 895 :
2739 867 2756 894 ι
2799 843 3054 898 Dominus
3079 845 3284 898 creavit
3311 861 3394 898 me
3426 845 3578 914 prin-

2006 932 2204 1002 cipium
2241 933 2443 985 viarum
2487 947 2708 986 suarum
2735 933 2788 986 in
2817 948 2979 1002 opera
3013 933 3202 1001 ipsius.
3245 953 3262 984 ι

2430 1045 2470 1096 A
2482 1039 2540 1095 LI
2553 1042 2590 1096 U
2603 1041 2664 1106 Ι),
2717 1043 3158 1110 compendiosius.

2076 1157 2334 1210 Creatum
2365 1169 2424 1210 se
2480 1155 2613 1209 dicit
2665 1155 2716 1208 in
2755 1155 3080 1223 principium
3134 1155 3364 1208 viarum.
3421 1153 3572 1221 Qua-

2005 1245 2133 1300 ltum
2169 1255 2348 1300 autem
2381 1244 2611 1308 viarum,
2663 1244 2844 1298 disces
2901 1259 2968 1296 cx
3029 1244 3276 1312 reliquis.
3341 1243 3576 1298 Primum

2003 1336 2217 1404 quidem
2244 1335 2464 1388 virtutes
2515 1347 2804 1386 recensens
2844 1347 2978 1396 quas
3020 1331 3134 1396 ipse
3165 1334 3374 1398 primus
3417 1345 3578 1384 excr-

2003 1425 2136 1488 cuit,
2197 1439 2297 1478 nos
2339 1425 2506 1478 etiam
2565 1423 2790 1478 dOruit:
2835 1441 2854 1472 ι
2919 1421 3108 1475 Estote
3161 1421 3326 1483 enim,
3379 1421 3576 1490 inquit,

2005 1516 2382 1570 misericordes
2414 1515 2456 1544 '“
2475 1529 2492 1578 ;
2511 1531 2530 1564 ι
2557 1523 2632 1578 et,
2658 1531 2676 1564 ι
2697 1511 2753 1566 Si
2784 1511 2904 1580 quis
2935 1511 3260 1580 percusserit
3287 1521 3338 1563 te
3363 1509 3414 1564 in
3443 1513 3576 1564 dex-

2005 1617 2178 1660 teram
2211 1603 2508 1668 maxillam,
2544 1606 2724 1672 praebe
2769 1602 2840 1654 illi
2877 1611 2932 1656 et
2983 1601 3232 1653 alteram.
3287 1600 3367 1652 Ab
3394 1613 3460 1652 eo
3483 1599 3572 1666 qui

2002 1696 2288 1750 abstulerit
2321 1711 2440 1765 qua:
2471 1703 2560 1747 tua
2594 1703 2740 1756 sunt,
2776 1709 2841 1746 ne
2885 1691 3222 1762 reposcos".
3261 1711 3279 1742 ι
3311 1721 3376 1730 -
3401 1695 3426 1740 ἰ
3465 1688 3572 1742 Lex

1931 1789 2147 1878 Bjubet
2182 1804 2196 1841 :
2237 1787 2352 1842 Non
2399 1785 2778 1840 mmchaberis.
2825 1785 2935 1850 Ego
2981 1796 3160 1838 autem
3199 1783 3322 1836 dico
3375 1781 3572 1834 vobis:

2006 1879 2120 1932 Non
2171 1877 2522 1945 concupisces
2552 1875 2634 1938 ",
2677 1893 2696 1928 ι
2737 1873 2948 1942 aliaque
2983 1891 3100 1942 qua:
3145 1874 3194 1926 in
3240 1869 3570 1940 evangelicis

2005 1969 2286 2038 praeconiis
2311 1970 2598 2022 habentur.
2633 1965 2754 2020 Ilaec
2789 1967 2930 2018 enim
2960 1976 3132 2034 C(Bpla
3162 1977 3286 2016 sunt
3325 1965 3376 2016 in
3399 1963 3574 2031 primo

2001 2063 2234 2126 Christo,
2271 2062 2524 2128 deinceps
2563 2057 2718 2129 167
2756 2067 2932 2111 autent
2966 2057 3018 2112 in
3052 2072 3149 2109 nos
3181 2063 3572 2130 primagautur.

2002 2153 2202 2208 Idcirco
2255 2153 2430 2220 inquit
2477 2169 2489 2204 :
2547 2171 2566 2203 ι
2625 2151 2736 2220 Ego
2779 2165 2896 2203 sum
2967 2149 3130 2218 janua
3189 2149 3256 2210 ",
3299 2149 3405 2214 ligo
3453 2161 3573 2200 smn

2003 2245 2086 2298 via
2117 2245 2182 2296 ⁷³.
2225 2263 2242 2294 ι
2281 2243 2594 2310 llnjusmodi
2633 2243 2816 2308 itaque
2848 2257 3070 2309 operum
3109 2239 3436 2306 principium
3471 2255 3572 2291 no-

2000 2337 2082 2392 bis
2121 2337 2296 2390 factus
2328 2375 2343 2400 ,
2391 2333 2608 2404 quando
2661 2334 2916 2386 nimirum
2957 2343 3177 2401 propter
3217 2333 3316 2385 hoc
3360 2345 3574 2384 carnem

2003 2439 2244 2484 nostram
2298 2429 2624 2497 assumpsit,
2675 2427 2959 2496 factusque
3014 2435 3096 2478 est
3143 2423 3324 2486 homo,
3385 2423 3578 2476 merito

1997 2521 2198 2574 dixerit
2231 2535 2246 2572 :
2290 2539 2308 2570 ι
2347 2519 2608 2572 Dominus
2645 2517 2854 2572 creavit
2889 2533 2974 2570 n-e
3025 2515 3348 2584 principium
3369 2513 3574 2564 viarum

1997 2629 2215 2670 suarum
2249 2615 2298 2666 in
2331 2613 2710 2682 operaipsius.
2759 2631 2777 2661 ι
2825 2610 3024 2662 Eadem
3073 2623 3234 2674 purru
3289 2605 3430 2658 ratio
3489 2615 3575 2658 est

1997 2705 2160 2760 etiam
2190 2704 2614 2758 resurrectionis
2668 2717 2699 2756 e
2745 2703 2992 2762 mortuis,
3045 2701 3473 2768 mutationisque
3521 2697 3572 2752 in

1998 2797 2178 2850 carnis
2209 2797 2668 2864 incorruptionem
2687 2805 2740 2848 et
2763 2795 3102 2847 asCensionis
3133 2794 3183 2846 in
3209 2793 3400 2846 melos.
3433 2789 3569 2842 Nam

1996 2895 2051 2942 et
2086 2888 2275 2940 horum
2313 2887 2636 2956 principium
2683 2887 2840 2940 nobis
2875 2885 3054 2940 factus
3087 2893 3192 2949 cst,
3249 2894 3302 2938 et
3353 2891 3573 2954 prOpter

1999 2980 2114 3034 hinc
2147 2987 2385 3034 creatus.

2671 3087 2902 3142 ALIUD.

2067 3205 2319 3260 Christus
2361 3214 2582 3273 propter
2631 3219 2730 3258 nos
2777 3213 2833 3258 et
2876 3217 2972 3271 pro
3005 3203 3160 3258 nobis
3197 3213 3441 3258 mortuus
3465 3213 3570 3259 est.

1995 3295 2456 3364 Quemadmodum
2517 3297 2706 3366 igitur,
2753 3307 2962 3348 mortuo
3015 3309 3266 3362 corpore.
3307 3295 3424 3363 ipse
3469 3295 3574 3351 hor.

1997 3403 2189 3458 passus
2209 3402 2331 3443 esse
2367 3387 2588 3452 dicitur,
2623 3389 2830 3442 tametsi
2860 3387 3182 3440 immortalis
3207 3397 3418 3442 natura:
3445 3387 3520 3442 sit
3551 3403 3566 3440 :

1995 3482 2070 3536 ita
2101 3489 2282 3534 creato
2315 3493 2567 3548 corpore,
2606 3480 2722 3549 ipse
2755 3481 2998 3548 scipsum
3027 3480 3200 3532 creari
3245 3479 3396 3544 dicit,
3439 3495 3561 3533 cum

1997 3583 2176 3625 tamen
2210 3573 2464 3626 increata:
2497 3573 2748 3626 essentia:
2779 3573 2866 3626 sit.
2901 3573 3034 3624 Cum
3089 3574 3232 3624 enim
3279 3573 3444 3638 ipsius
3475 3571 3566 3634 sit,

1993 3675 2046 3718 et
2075 3679 2178 3716 non
2209 3663 2432 3717 alterius
2464 3677 2610 3729 caro,
2633 3677 2754 3732 quze
2779 3663 2850 3717 illi
2879 3665 3130 3716 accidunt
3157 3665 3370 3731 pr0pria
3409 3661 3555 3715 illius

1995 3755 2150 3809 ﬁunt.

2665 3865 2896 3921 ALIUD.

2077 3979 2508 4035 Pulrhcrrimum
2539 3994 2602 4034 ac
2622 3977 3132 4047 prmstantissimum
3164 3991 3301 4042 opus
3329 3974 3568 4028 omnium

1991 4085 2107 4138 (ιιι-ιι
2140 4073 2191 4124 in
2229 4082 2371 4124 terra
2405 4073 2538 4122 liunt
2567 4077 2649 4121 est
2675 4069 2838 4119 homo
2875 4083 2888 4116 ;
2917 4067 3007 4133 qui
3048 4079 3169 4115 cunt
3201 4073 3346 4116 esset
3391 4061 3567 4116 factus

1992 4163 2286 4230 perfectus,
2322 4176 2416 4228 per
2454 4157 2956 4227 praevaricationem
2991 4157 3236 4208 inventus
3261 4163 3338 4207 est
3368 4155 3566 4222 imper-

1994 4253 2183 4318 l'ertus,
2241 4269 2303 4305 cx
2369 4249 2778 4305 immortalitate
2838 4249 2890 4301 in
2939 4259 3169 4303 mortem
3213 4249 3436 4318 lapsus,
3483 4261 3568 4308 ex

1992 4343 2395 4414 incorruptione
2427 4345 2934 4410 incorruptionem.
2982 4340 3114 4394 Cum
3149 4339 3332 4408 itaque
3378 4338 3566 4391 defor-

295 4425 512 4488 παντὸς
556 4425 743 4488 ἀτελὲς
775 4425 1043 4495 διαμεῖναι
1088 4428 1150 4480 τὸ
1194 4427 1354 4497 ἔργον
1385 4429 1480 4483 τοῦ
1524 4431 1679 4498 Θεοῦ,
1714 4436 1886 4506 ἀνα-ί-

297 4516 396 4536 ᾼΪΑῙ
467 4519 530 4536 A2
572 4513 659 4536 ..-θ’
695 4515 962 4536 n__-Al,
1085 4521 1097 4536 ο
1181 4520 1215 4536 ,ἢ
1395 4522 1408 4536 ι
1499 4525 1509 4536 1
1586 4524 1706 4536 ιω..
1749 4527 1769 4536 Α

1996 4439 2288 4494 missimum
2317 4439 2443 4506 quid
2482 4445 2666 4498 esset,
2724 4446 2986 4503 turpeque
3045 4449 3232 4488 revera
3287 4435 3564 4487 videretur

295 4516 484 4579 καέως
509 4519 536 4568 ὁ
567 4513 660 4568 τοῦ
694 4515 826 4568 Θεοῦ
852 4518 1046 4586 Λόγος,
1076 4521 1104 4572 ὁ
1137 4520 1339 4583 τέλειος
1362 4522 1451 4575 τὸν
1487 4524 1651 4596 ἀτελῆ
1677 4527 1888 4598 ἄνθρω-

292 4623 404 4658 πον
449 4603 830 4675 περιεϐάλετο·
875 4606 970 4659 καὶ
1007 4607 1096 4661 διὰ
1133 4609 1289 4662 τοῦτό
1325 4629 1488 4682 φησιν
1533 4617 1610 4678 εἰς
1641 4617 1707 4668 τὲ
1746 4617 1886 4689 ἔργα

295 4694 607 4759 σιτίζεσθαι,
641 4695 727 4748 ἵνα
750 4696 1014 4770 τελειώσῃ
1052 4699 1209 4764 αὐτὰ,
1253 4702 1337 4755 ἵνα
1369 4705 1528 4756 πάλιν
1559 4708 1741 4771 αὐτοῖς
1780 4711 1881 4780 τὴν

293 4788 620 4856 τελειότητα
669 4787 962 4862 περιθήσῃ,
1013 4791 1073 4843 τὸ
1100 4791 1282 4846 λεῖπον
1321 4795 1398 4866 τῷ
1441 4798 1710 4870 ἀνθρώπῳ
1747 4802 1885 4870 πλη-

299 4877 490 4949 ρώσας
521 4877 588 4929 δι’
621 4878 838 4932 ἑαυτοῦ.
874 4880 984 4932 Καὶ
1006 4881 1134 4949 γοῦν
1160 4883 1216 4934 ἐν
1242 4887 1352 4948 τοῖς
1377 4885 1726 4954 Εὑαγγελίοις
1751 4895 1884 4959 φησι

297 4967 442 5036 πρὸς
469 4967 561 5020 τὸν
592 4969 788 5022 ἑαυτοῦ
823 4969 1040 5042 Πατέρα
1061 4989 1074 5003 ·
1101 4992 1117 5022 ι
1144 4973 1284 5042 Ἐγώ
1316 4993 1373 5028 σε
1411 4978 1636 5042 ἐδόξασα
1671 4983 1760 5032 ἐπὶ
1787 4984 1883 5050 τῆς

294 5062 426 5130 γῆς,
457 5061 712 5132 τὸέργον
742 5063 1035 5128 τελειώσας
1059 5065 1086 5118 ὂ
1112 5067 1349 5132 δέδωκάς
1374 5089 1462 5141 μοι
1498 5072 1582 5123 ἵνα
1615 5077 1879 5143 ποιήσω.»

296 5153 415 5205 Καὶ
458 5153 652 5206 πάλιν·
705 5173 722 5204 ι
760 5156 841 5208 Τὰ
870 5155 1006 5227 ἔργα
1053 5158 1088 5212 3.
1119 5159 1318 5214 δέδωκέ
1366 5181 1454 5233 μοι
1486 5167 1511 5216 ὀ
1546 5166 1768 5235 Πατὴρ,
1800 5167 1887 5219 ἵνα

292 5241 578 5295 τελειώσω
616 5243 774 5308 αὐτὰ,
804 5247 944 5300 αὐτὰ
964 5249 1030 5300 τὰ
1060 5249 1196 5320 ἔργα
1235 5257 1502 5324 μαρτυρεί
1537 5257 1659 5326 περὶ
1691 5257 1844 5325 ἐμοῦ.
1863 5279 1879 5310 ι

295 5333 364 5385 Εἰ
405 5333 585 5386 τοίνυν
611 5335 700 5387 ὅτε
727 5339 952 5404 γέγονεν
997 5339 1302 5410 ἄνθρωπος,
1353 5344 1474 5396 τότε
1524 5345 1592 5397 τὰ
1633 5347 1768 5416 ἔργα
1797 5365 1884 5400 τε-

291 5423 455 5487 λειοῖ,
483 5425 576 5477 καὶ
599 5426 678 5489 εἰς
716 5427 857 5479 αὑτὰ
884 5429 1148 5493 κτίζεται,
1184 5433 1448 5502 πρόδηλον
1478 5434 1746 5504 δήπουθεν
1777 5439 1885 5490 ὅτι-

293 5529 413 5586 περ
436 5515 496 5569 οὐ
526 5517 628 5587 τῆς
672 5519 862 5582 οὐσίας
889 5520 984 5574 τοῦ
1014 5522 1187 5589 Λόγου
1234 5528 1563 5593 σημαντικὸν
1590 5527 1654 5580 ἂν
1685 5528 1770 5598 εἴη
1804 5531 1882 5596 τὸ,

371 5695 416 5724 τ’
452 5693 579 5748 Luc.
607 5711 684 5756 vi,
717 5695 806 5749 56.

293 5765 352 5815 4.
435 5763 478 5796 ⁷⁷
503 5763 663 5819 Joan.
703 5779 752 5822 v.
778 5765 868 5820 56.

886 5697 930 5729 ⁷³
968 5698 1093 5752 ibid.
1129 5695 1217 5762 29,
1261 5699 1346 5757 50.

1430 5703 1472 5732 ⁷³
1509 5701 1698 5758 Matth.
1734 5719 1782 5767 ν,
1811 5704 1900 5768 28,
1934 5706 2017 5758 ‘29.

1993 4549 2127 4602 Opus
2165 4532 2255 4584 Dei
2289 4532 2663 4600 imperfectum
2708 4545 3009 4592 remanere,
3079 4529 3390 4581 licet-ssdt‘it)
3435 4525 3569 4580 νει.

1995 4625 2117 4680 bum
2148 4621 2240 4677 Dei
2274 4623 2570 4692 perfectum
2606 4621 2980 4690 imperiectuui
3034 4621 3303 4672 hominem
3357 4619 3568 4682 induit;

1993 4727 2156 4785 atque
2186 4717 2386 4768 idcirco
2429 4714 2561 4766 dicit
2605 4729 2660 4766 se
2704 4713 2755 4764 in
2805 4728 2970 4782 opera
3013 4723 3256 4764 creatum
3298 4727 3443 4768 esse,
3507 4721 3566 4760 ut

1990 4809 2242 4861 nimirum
2291 4805 2379 4857 illa
2411 4807 2718 4874 perliceret,
2765 4817 2930 4872 utque
2968 4819 3156 4858 rursus
3212 4802 3414 4855 homini
3455 4801 3567 4866 pri-

1984 4901 2182 4952 stinam
2215 4897 2598 4965 perfectionem
2629 4897 2960 4956 restitueret,
2994 4895 3041 4944 id
3084 4895 3225 4960 quod
3261 4893 3311 4942 in
3349 4890 3568 4940 homine
3621 4873 3646 4916 ί*

1993 4991 2200 5056 deerat,
2233 5004 2326 5056 per
2361 5005 2418 5042 se
2450 4989 2678 5056 implens
2715 4997 2878 5056 atque
2911 4997 3288 5052 compensans.
3339 4980 3569 5046 Ideoque

1996 5080 2047 5133 in
2097 5079 2402 5148 Evangeliis
2429 5081 2493 5132 ad
2521 5079 2736 5132 Patrem
2773 5093 2928 5130 suum
2961 5077 3033 5128 ita
3068 5072 3200 5127 dicit
3247 5091 3259 5126 :
3299 5091 3315 5122 ι
3355 5071 3463 5139 Ego
3517 5083 3570 5125 te

1995 5172 2286 5240 glorilicavi
2336 5172 2388 5222 in
2436 5181 2579 5236 tep'a
2612 5209 2626 5230 ,
2685 5168 2924 5234 perfecto
2981 5179 3144 5235 opere
3180 5164 3323 5231 quod
3373 5163 3568 5216 dediin

1987 5262 2116 5314 mihi
2145 5273 2201 5315 ut
2235 5261 2433 5314 faciam
2468 5262 2535 5313 7".
2575 5279 2592 5308 ι
2631 5259 2693 5310 Et
2723 5275 2914 5311 rursus
2945 5274 2957 5309 :
2999 5277 3015 5306 ι
3058 5258 3230 5324 Opera
3263 5271 3382 5324 qua:
3417 5253 3570 5307 dedit

1985 5352 2116 5404 Inibi
2148 5352 2332 5412 Pater,
2385 5361 2440 5402 ut
2466 5349 2742 5417 perficiant
2773 5387 2786 5410 ,
2834 5349 2920 5400 illa
2975 5348 3342 5402 testiinonium
3382 5345 3568 5412 perhi-

1985 5441 2112 5492 bent
2151 5444 2214 5492 de
2248 5438 2417 5490 ine".
2455 5457 2472 5488 ι
2517 5439 2572 5488 Si
2599 5453 2728 5504 ergo
2755 5453 2875 5488 cum
2914 5436 3087 5490 iactus
3114 5445 3196 5488 est
3233 5437 3413 5497 homo,
3442 5444 3569 5485 time

1984 5549 2143 5600 Opera
2188 5531 2419 5600 perlicit,
2453 5540 2508 5584 ct
2536 5529 2590 5581 in
2628 5529 2742 5595 ipsa
2780 5540 3041 5596 creatur;
3096 5527 3441 5581 manifestum
3484 5537 3571 5580 est

2579 5698 2623 5727 ⁷·
2653 5697 2802 5751 Joan.
2841 5715 2951 5764 xw,
2993 5704 3046 5756 ti,
3163 5699 3214 5728 τ’
3241 5697 3395 5754 Joan.
3437 5711 3541 5752 xx'l'

2096 5709 2136 5737 ⁷⁷*
2167 5707 2320 5761 Jian.
2356 5719 2408 5762 x.
2443 5703 2495 5752 9-
