4078 6260
543 332 642 386 9.87

1561 336 1616 391 S.
1658 337 1930 393 CYRlLLl
1970 339 2432 395 ALEXANDRINI
2472 341 2788 396 ARCIIIEP.

3679 342 3786 398 288

545 446 602 497 Si
627 460 752 499 vero
777 443 913 498 Filio
935 463 1104 514 genua
1125 445 1432 510 ﬂectuntur,
1450 467 1552 502 non
1576 452 1680 504 erit
1700 452 1812 518 ipse
1833 467 1895 506 ex
1916 470 2099 508 eorum

2209 455 2270 508 Εἰ
2297 455 2352 508 δὲ
2384 456 2460 526 τῷ
2503 455 2618 525 Υίῴ
2666 457 2905 526 κάμπτει
2939 457 3046 508 πᾶν
3088 456 3239 521 γόνυ,
3289 455 3387 506 οὐκ
3434 454 3498 506 ἂν
3545 456 3632 525 εἴη
3675 455 3786 507 τῶν

544 548 770 586 munero
806 533 895 602 qui
951 551 1119 602 genua
1162 536 1416 599 ﬂet-lunt,
1458 539 1552 589 sed
1603 538 1669 588 ab
1723 539 1788 592 iis
1840 539 2110 591 diversus.

545 622 754 678 Rursus
805 625 1062 691 scriptum
1115 639 1195 680 est
1247 629 1386 695 quod
1439 647 1456 680 ι
1502 627 1688 683 Omnis
1732 643 1982 684 creatura
2031 634 2112 686 itt-

542 714 810 781 gemiscil,
862 727 916 769 et
961 719 1190 784 parturit
1225 734 1395 787 usque
1442 735 1602 784 nunc,
1651 732 1971 788 eXSpectans
2028 740 2113 778 re-

543 805 900 874 demptionem
934 816 987 861 et
1017 807 1316 862 libertatem
1357 808 1589 862 ﬁliorum
1622 808 1708 863 Dei
1739 810 1804 864 ".
1831 831 1849 862 ι
1887 811 1942 865 Si
1983 830 2112 867 vero

544 897 848 965 ingentia-it
876 901 1050 953 omnis
1085 910 1354 961 creatura,
1389 910 1442 953 et
1475 910 1753 967 exspectat
1791 903 2110 971 redemptio-

543 1001 664 1038 nem
693 997 746 1040 ct
781 987 1082 1040 libertatem
1118 989 1348 1042 ﬁliorum
1383 989 1495 1054 Dei,
1531 1003 1585 1043 at
1619 990 1790 1045 Filius
1822 1010 1996 1061 neque
2030 998 2110 1048 in-

540 1077 837 1143 gemiscere
868 1080 1308 1144 deprehenditur,
1345 1098 1519 1149 neque
1541 1082 1879 1150 adoptionem
1917 1099 2009 1139 ant
2045 1089 2109 1140 li-

543 1167 870 1220 berationem
899 1183 1234 1237 exspectare,
1262 1173 1355 1226 sed
1382 1173 1492 1240 ipse
1517 1183 1599 1226 est
1622 1176 1712 1243 qui
1735 1187 2103 1232 creaturarum

537 1271 689 1325 spem
728 1260 1009 1328 adimplet.
1043 1272 1097 1315 et
1145 1263 1561 1331 ingemiscentes
1594 1272 1830 1336 adoptat,
1885 1271 2106 1324 liberta-

540 1355 754 1417 temque
787 1349 1008 1419 largitur
1036 1371 1048 1405 :
1078 1368 1180 1405 non
1217 1355 1377 1422 igitur
1414 1374 1547 1410 unus
1583 1360 1821 1412 onmimn
1856 1363 1982 1425 crit,
2015 1381 2106 1418 ue-

538 1450 643 1504 qne
681 1441 948 1493 creaturis
993 1447 1468 1509 amntmerabitnr,
1513 1449 1603 1500 sed
1649 1450 1897 1506 diversus
1934 1453 2001 1505 ab
2027 1455 2106 1508 eis

539 1529 674 1588 erit,
702 1541 988 1597 quatenus,
1011 1542 1065 1586 ut
1086 1545 1366 1600 creaturae,
1400 1539 1755 1606 ingemist-uut
1773 1543 2105 1599 auxliatoris

537 1620 984 1691 opeindigeutt-s,
1029 1625 1140 1692 ipse
1172 1644 1319 1690 vero,
1359 1639 1415 1682 ιιι
1453 1629 1654 1698 Filius,
1681 1635 1953 1690 Servitulis
1977 1636 2105 1707 jugo

537 1725 752 1778 pressos
789 1714 840 1768 in
869 1715 1170 1772 libertatem
1203 1721 1420 1774 asserit.

702 1931 765 1986 In
796 1935 945 2001 illud,
991 1955 1009 1988 ι
1035 1937 1164 1992 Ante
1197 1940 1390 1993 sa'cula
1423 1942 1663 2010 fundavit
1710 1960 1788 1997 me
1813 1946 1878 1998 ’³.
1918 1966 1936 1996 ι

609 2043 878 2112 Scriptum
914 2058 996 2104 est
1039 2067 1052 2102 :
1102 2069 1118 2100 ι
1152 2049 1294 2106 Deus
1343 2055 1602 2121 Sapientia
1655 2066 1851 2111 terram
1906 2058 2100 2114 funda-

535 2135 614 2188 vit
639 2137 741 2189 ⁸⁸.»
779 2136 833 2190 Si
863 2154 992 2208 ergo
1022 2141 1289 2208 sapientia
1323 2153 1519 2198 terram
1547 2146 1756 2209 ftitulat,
1795 2158 1846 2201 et
1879 2149 1991 2216 ipse
2019 2162 2101 2204 est

537 2231 766 2285 ﬁrmitas
801 2241 852 2284 et
879 2232 1294 2288 stabilimentum
1330 2239 1568 2291 ontnium
1607 2241 1737 2308 (per
1762 2242 1928 2308 ipsam
1959 2243 2099 2295 enim

535 2332 678 2374 terra
707 2323 914 2377 stabilis
960 2324 1172 2395 manet)
1195 2367 1209 2389 ,
1242 2327 1526 2396 diligenter
1563 2331 1990 2401 investigandum
2017 2349 2100 2390 est

532 2426 638 2475 qua
671 2422 826 2478 pacto
851 2411 1112 2480 sapientia
1148 2431 1262 2480 quze
1316 2425 1512 2469 terram
1562 2417 1746 2470 l'utnlat
1778 2438 1803 2469 a
1845 2420 1949 2473 Deo
1985 2423 2098 2475 l'un-

530 2504 710 2556 datur.
746 2504 956 2556 Dictum
1015 2506 1177 2574 igitur
1207 2506 1368 2559 etiam
1408 2508 1506 2560 boc
1549 2512 1872 2575 prnvctltiali
1921 2517 2096 2576 modo,

530 2593 745 2660 oblique
774 2596 1168 2662 quodammodo
1204 2598 1537 2664 signiﬁcans,
1578 2611 1631 2651 et
1663 2599 1916 2654 latentem
1959 2607 2011 2656 in
2043 2622 2099 2658 se

534 2687 739 2738 ltabcns
769 2688 1030 2740 veriorem
1063 2689 1469 2757 intelligentiam
1509 2709 1520 2744 :
1559 2693 1659 2744 hoc
1689 2695 1832 2746 cnim
1868 2695 2101 2761 plcrttttt-

533 2791 636 2839 que
671 2777 968 2842 proverbiis
1013 2780 1284 2846 proprium
1325 2795 1426 2832 est.
1472 2781 1748 2837 Fumlatur
1790 2785 1970 2854 itaque
2011 2803 2099 2842 sa-

533 2867 755 2931 pientia,
782 2867 880 2921 hoc
911 2881 986 2922 est
1027 2868 1191 2924 Filius
1224 2871 1334 2932 Dei,
1393 2881 1499 2928 oon
1529 2875 1689 2941 quod,
1730 2885 1990 2942 quatenus
2019 2891 2101 2931 est

538 2956 790 3019 Verbum,
822 2959 1144 3028 principium
1172 2964 1468 3017 cxsistendi
1520 2976 1810 3035 ιιςςιιμυιοιι.
1838 2969 1928 3020 sed
1961 2985 2096 3036 qua-

529 3056 688 3102 tenus
735 3048 907 3104 factus
941 3061 1024 3106 est
1069 3053 1246 3118 homo,
1291 3069 1637 3125 nostramque
1688 3059 2094 3114 similitudinem

2217 544 2576 614 καμπτὸντων
2619 543 2718 609 εἷς,
2748 545 2862 598 ἀλλ’
2891 545 3075 616 ἔτερος
3108 545 3239 616 παρ’
3270 547 3427 599 αὑτά.
3480 545 3590 598 Καὶ
3621 547 3786 600 πάλιν

2215 634 2554 704 γέγραπταιο
2592 657 2609 688 ι
2642 637 2764 688 Ὅτι
2811 638 2962 689 πᾶσα
3005 638 3037 706 ἡ
3082 636 3257 699 κτίσις
3309 637 3644 699 συστενάζει,
3692 639 3786 689 καὶ

2215 723 2486 776 συνωδίνει
2519 725 2645 794 ἄχρι
2678 724 2772 776 τοῦ
2819 724 2931 787 νῦν,
2984 724 3389 792 ἁπεκδεχομένη
3435 725 3534 794 τὴν
3579 725 3784 776 ἀπολύ-

2211 831 2409 883 τρωσιν
2439 814 2544 866 τῶν
2573 814 2704 867 υἱῶν
2738 815 2830 867 τοῦ
2871 814 3028 868 Θεοῦ.
3072 836 3090 867 ι
3131 817 3192 868 Ei
3238 816 3294 867 δὲ
3332 815 3577 876 στενάζει
3613 816 3711 883 μὲν
3745 820 3780 886 ἡ

2213 903 2387 966 κτίσις
2411 944 2424 967 ,
2473 903 2567 955 καὶ¹
2611 905 2968 973 ἀπεκδέχεται
3010 905 3108 971 τὴν
3143 903 3518 971 ἀπολύτρωσιν
3547 903 3644 954 καὶ
3681 901 3782 970 τὴν

2211 993 2519 1064 ἐλευθερίαν
2547 993 2653 1046 τῶν
2683 995 2812 1046 υἱῶν
2847 994 2939 1047 τοῦ
2979 993 3113 1046 Θεοῦ
3137 1033 3152 1053 .
3193 993 3316 1046 οὔτε
3345 993 3402 1046 δὲ
3443 992 3714 1056 στενάζων
3752 994 3782 1044 6

2213 1087 2334 1148 Υἱὸς
2382 1086 2646 1155 φαίνεται.
2695 1085 2820 1138 οὔτε
2866 1086 2964 1156 τὴν
3009 1086 3275 1137 υίοποιῖαν
3309 1084 3587 1152 ἐκδέχεται
3617 1083 3649 1152 ἦ
3680 1085 3778 1153 τὴν

2209 1176 2538 1246 ἐλευθερίαν,
2573 1176 2685 1228 ἀλλ’
2720 1177 2879 1238 αὑτός
2909 1179 3054 1228 ἐστιν
3102 1177 3131 1228 6
3172 1174 3268 1244 τὴν
3303 1173 3496 1226 ἐλπίδα
3536 1173 3631 1240 τῆς
3661 1173 3778 1225 κτί-

2210 1287 2344 1332 σεως
2372 1271 2722 1340 ἀποπληρῶν,
2743 1273 2835 1324 καὶ
2861 1273 2942 1332 εἰς
2969 1271 3244 1323 υἱοθεσίαν
3273 1270 3399 1332 τοὺς
3425 1267 3778 1330 στενάζοντας

2207 1362 2405 1425 καλῶν,
2435 1365 2528 1415 καὶ
2555 1365 2582 1415 ὁ
2611 1365 2708 1430 τῆς
2743 1363 3052 1433 ἐλευθερίας
3080 1364 3274 1432 δοτήρ·
3310 1363 3410 1414 οῦκ
3443 1362 3549 1430 ἄρα
3577 1363 3634 1412 ὲν
3663 1364 3775 1421 τοῖς

2207 1453 2370 1504 πᾶσίν
2407 1455 2576 1514 ἐστιν,
2611 1454 2730 1505 οὑδέ
2775 1456 2830 1505 ἐν
2876 1456 2940 1523 τῇ
2988 1455 3162 1505 κτίσει
3207 1451 3770 1521 καταριθμηθήσεταιο

2206 1537 2321 1589 ἀλλ’
2365 1537 2548 1607 ἕτερός
2607 1541 2721 1592 ἐστι
2787 1541 2915 1609 παρ’
2964 1542 3156 1608 αὐτὴν,
3203 1540 3347 1592 καθα
3394 1540 3492 1608 μὲν
3533 1538 3608 1600 ὡς
3657 1539 3774 1590 κτί-

2209 1643 2387 1694 σματα
2428 1628 2672 1692 στενάζει
2713 1628 2804 1681 τοῦ
2853 1630 3172 1700 βοηθοῦντος
3200 1631 3464 1698 δεόμεναο
3507 1632 3535 1682 6
3575 1629 3651 1690 δὲ,
3699 1629 3774 1690 ὡς

2208 1716 2363 1784 Υἱὸς,
2392 1718 2666 1788 ἐλευθεροῖ
2705 1719 2881 1772 πάντα
2924 1719 3000 1790 τῷ
3023 1721 3119 1790 τῆς
3151 1720 3396 1783 δουλείας
3435 1718 3618 1789 δεσμῴ
3649 1735 3770 1770 συν-

2208 1807 2460 1877 ἐχόμενα.

2304 1941 2406 2004 Εἰς
2438 1939 2520 2003 τὸ,
2554 1958 2572 1991 ι
2612 1942 2730 2008 Πρὸ
2763 1941 2868 1995 τοῦ
2898 1940 3112 2006 αἰῶνος
3137 1940 3495 2008 ἐθεμελίωσέ
3511 1957 3608 2007 με.
3647 1959 3665 1989 ι

2274 2051 2620 2120 Γέγραπται·
2682 2072 2699 2106 ι
2745 2055 2802 2106 Ὀ
2841 2054 2970 2117 Θεὸς
3018 2057 3080 2124 τῇ
3125 2055 3285 2122 σοφία
3319 2053 3646 2122 ἐθεμελίωσε
3675 2053 3772 2120 τὴν

2204 2141 2327 2210 γῆν.
2363 2162 2381 2193 ι
2415 2143 2475 2194 Ei
2508 2142 2685 2196 τοίνυν
2712 2143 2950 2214 θεμελίοῖ
2984 2146 3081 2214 μὲν
3109 2146 3140 2213 ἡ
3174 2144 3331 2211 σοφία
3358 2144 3452 2212 τὴν
3477 2143 3602 2210 γῆν,
3632 2141 3771 2206 αῦτη

2203 2233 2258 2285 δέ
2306 2236 2450 2286 ἐστιν
2483 2237 2515 2303 ή
2563 2235 2777 2288 πάντων
2819 2235 3086 2302 ἀσφάλεια
3121 2236 3307 2304 (μένει
3347 2234 3452 2302 γὰρ
3488 2233 3676 2301 ἑδραία
3706 2230 3770 2282 δι’

2203 2323 2416 2394 αὐτὴν),
2459 2324 2599 2378 κατὰ
2625 2327 2744 2378 τίνα
2773 2327 2968 2398 τρόπον
2995 2328 3026 2396 ἡ
3059 2325 3383 2392 θεμελιοῦσα
3429 2323 3769 2392 θεμελιοῦται

2204 2416 2354 2484 παρὰ
2375 2415 2528 2478 Θεοῦ,
2555 2417 2831 2486 ζητητέον.
2867 2417 3092 2487 Εἴρηται
3119 2417 3296 2468 τοίνυν
3333 2417 3423 2466 καὶ
3453 2414 3612 2466 τοῦτο
3632 2412 3770 2465 κατᾶ

2202 2505 2292 2558 τὸν
2313 2509 2431 2568 ταῖς
2460 2506 2781 2576 παροιμίαις
2804 2507 3082 2577 πρέποντα
3114 2507 3300 2569 τύπον,
3327 2505 3563 2572 πλαγίως
3592 2520 3769 2572 παρα-

2200 2596 2545 2666 δηλοῦμενον,
2602 2598 2696 2648 καὶ
2737 2597 3120 2666 κεκρυμμένην
3177 2595 3295 2666 ἕχον
3339 2597 3394 2645 ἐν
3444 2593 3613 2661 ἐαυτῷ
3669 2592 3768 2660 τὴν

2202 2685 2567 2756 ἀληθεστέραν
2597 2687 2854 2740 διάνοιαν⁸
2874 2685 3080 2739 τοιοῦτο
3115 2688 3222 2756 γὰρ
3251 2687 3335 2737 ἀεὶ
3355 2685 3452 2755 τῆς
3473 2684 3769 2752 παροιμίας

2199 2773 2260 2825 τὸ
2298 2773 2502 2843 σχῆμα.
2544 2775 2902 2844 Θεμελιοῦται
2934 2776 3110 2826 τοίνυν
3151 2776 3182 2844 ἡ
3216 2774 3397 2841 σοφία,
3424 2772 3715 2834 τουτέστιν,
3743 2773 3771 2823 6

2202 2864 2326 2925 Υἱὸς
2354 2863 2443 2916 τοῦ
2480 2864 2633 2927 Θεοῦ,
2663 2866 2722 2918 οὐ
2764 2866 2900 2917 καθὸ
2927 2865 3096 2931 Λόγος
3125 2867 3268 2917 ἐστὶν
3306 2864 3479 2933 ἀρχὴν
3506 2861 3598 2914 τοῦ
3635 2858 3766 2912 εἶναι

2199 2957 2502 3025 δεχόμενος.
2557 2956 2689 3009 ἀλλὰ
2736 2957 2870 3009 καθὸ
2923 2955 3162 3024 γεγονὼς
3203 2957 3485 3026 ἄνθρωπος
3532 2955 3626 3006 καὶ
3674 2953 3766 3023 τὴν

2203 3048 2337 3118 πρὸς
2384 3049 2528 3119 ἡμᾶς
2576 3049 2812 3120 φορέσας
2863 3048 3142 3116 ὁμοίωσιν,
3192 3047 3334 3116 ἀρχὴ
3376 3048 3469 3098 καὶ
3523 3044 3768 3114 Θεμέλιος

533 3140 726 3202 induit,
753 3143 1076 3212 principium
1101 3161 1163 3200 ac
1188 3146 1588 3201 ftmdamentum
1620 3151 1770 3205 nobis
1796 3152 1966 3206 factus
1992 3166 2095 3218 est,

2204 3140 2328 3208 ημῖν
2357 3139 2584 3206 γίνεται,
2616 3137 3082 3208 οἱκοδομουμένοις
3124 3141 3201 3200 είς
3236 3137 3516 3189 εὐσέϐειαν
3549 3137 3635 3188 διὰ
3674 3136 3767 3204 τῆς

529 3231 811 3286 :edilicatis
844 3234 1097 3288 nimirum
1126 3237 1190 3288 ad
1224 3239 1471 3305 pietatem
1504 3257 1598 3297 per
1633 3243 1786 3293 [idem
1818 3243 1868 3295 in
1903 3244 2096 3312 ipsum,

530 3331 586 3373 et
618 3322 668 3372 in
713 3336 927 3386 novam,
962 3333 1019 3377 ut
1052 3326 1312 3392 scriptum
1355 3338 1439 3380 est
1483 3327 1552 3390 ’⁷,
1577 3342 1878 3384 creaturam
1931 3331 2100 3384 refor-

537 3412 715 3464 malis.
745 3415 902 3482 Atqui
937 3432 1039 3469 non
1060 3417 1378 3485 simpliciter
1399 3419 1555 3482 dixit,
1584 3419 1719 3473 Deus
1746 3421 1976 3500 Verbum
2006 3433 2097 3474 aut

538 3503 733 3557 Ι⁴“ιΙΞιιιιι
765 3522 846 3560 me
879 3507 1021 3581 fecit,
1065 3525 1130 3561 tte
1159 3525 1263 3576 qua
1295 3511 1561 3564 ba'reticis
1585 3514 1800 3566 oet-asin
1831 3518 2097 3580 praebere-

536 3609 624 3649 tur
659 3598 1024 3652 calumniandi
1065 3602 1230 3665 ipsius
1257 3603 1547 3654 essentiam
1584 3613 1836 3672 tanquam
1867 3605 2059 3657 factam
2084 3647 2096 3668 ,

533 3687 629 3740 sed
665 3687 929 3750 absolute,
973 3705 990 3738 ι
1021 3687 1263 3741 fundavit
1291 3709 1395 3744 tne.
1430 3709 1447 3741 ι
1481 3693 1629 3756 Quod
1662 3694 1803 3746 enim
1854 3695 1904 3746 itt
1942 3711 2099 3762 supe—

535 3775 768 3829 rioribus
811 3777 964 3839 dixit,
1013 3794 1031 3827 ι
1069 3778 1325 3830 Dominus
1371 3780 1574 3832 creavit
1624 3796 1726 3845 me,
1777 3781 2097 3851 principium

535 3868 740 3920 viarum
795 3884 1013 3922 suarum
1071 3870 1121 3922 in
1181 3887 1340 3936 opera
1402 3872 1608 3940 Ipsius,
1675 3891 1692 3923 ι
1773 3873 1872 3926 bne
1935 3876 2096 3928 etiam

532 3973 629 4024 per
698 3960 799 4012 hoc
859 3960 1214 4026 signiﬁcatur.
1286 3963 1397 4015 lilic
1469 3961 1612 4014 enim
1701 3960 1896 4015 factum
1978 3979 2098 4019 esse

528 4063 589 4101 se
633 4050 951 4118 principium
1006 4055 1210 4105 viarum
1263 4067 1481 4106 suarum
1533 4055 1698 4118 dicit;
1741 4057 1825 4108 bic
1872 4072 1996 4108 vero
2041 4072 2099 4109 se

531 4144 938 4197 fundamentum
977 4146 1179 4214 jacttnu
1214 4163 1333 4201 esse
1381 4163 1566 4200 eorum
1626 4151 1714 4216 qui
1768 4152 2099 4218 supera-diti-

529 4242 720 4286 cantur
755 4233 1005 4296 aﬂirmal,
1040 4239 1268 4290 diversis
1307 4241 1480 4292 modis
1522 4241 1660 4292 idem
1695 4241 1849 4308 plane
1895 4242 2096 4300 dit-ens,

526 4322 756 4392 aliisque
779 4326 955 4377 verbis
984 4327 1224 4377 eamdem
1261 4329 1517 4381 rationem
1545 4331 1840 4396 explicans.
1873 4331 2098 4384 l’etinde

529 4415 674 4466 enim
711 4425 788 4466 est
826 4417 939 4467 sive
969 4418 1116 4466 dit-as
1151 4417 1494 4484 principium,
1522 4419 1634 4471 sive
1665 4419 2094 4472 fundamentum.

530 4505 987 4569 Quetnatlmmlunt
1034 4507 1174 4558 enim
1209 4508 1259 4558 in
1307 4506 1410 4558 illis
1455 4508 1795 4574 principium,
1841 4510 1993 4578 171
2023 4512 2093 4562 ita

529 4599 692 4650 etiam
729 4597 815 4649 bic
861 4598 1265 4652 l'utulamcntum
1308 4601 1365 4652 (Et
1412 4600 1476 4652 iis
1525 4599 1613 4666 qui
1652 4599 1749 4668 ipsi
1797 4617 1890 4667 per
1939 4603 2092 4653 Iidem

526 4691 1039 4760 supermdtlicantur.

1205 4801 1428 4858 AL'UD.

597 4918 1044 4987 Sapientissimus
1074 4915 1269 4970 Paulus
1297 4919 1367 4970 ita
1401 4918 1596 4971 alit-ubi
1624 4918 1810 4971 scribit
1842 4937 1855 4972 :
1896 4939 1913 4969 ι
1947 4919 2093 4973 Fun-

525 5010 834 5064 damentum
867 5009 992 5062 illml
1023 5024 1182 5061 nemo
1210 5014 1380 5075 potest
1408 5024 1630 5074 ponere,
1660 5019 1852 5074 pra-ter
1873 5009 1920 5061 id
1953 5011 2093 5075 quod

527 5100 759 5166 positum
800 5109 900 5160 cst,
935 5101 1188 5168 quodest
1229 5099 1475 5152 Christus
1505 5097 1665 5152 .lesus
1705 5099 1771 5151 ⁹⁸.
1804 5118 1821 5149 ι
1862 5101 1919 5153 Si
1968 5115 2096 5168 ergo

524 5186 774 5242 Christus
800 5189 1204 5243 l'uttdatmmtnm
1227 5193 1407 5259 jactus
1450 5205 1551 5258 cst,
1579 5205 1790 5262 oportet
1822 5206 1998 5247 autem
2029 5209 2091 5245 ea

527 5296 646 5345 qua:
682 5284 1186 5348 supt-ra-dilicantur
1233 5289 1454 5340 omnino
1487 5288 1596 5340 sint
1625 5288 1771 5349 talia,
1824 5285 1982 5352 quale
2015 5293 2096 5338 est

528 5371 830 5442 subjectum
862 5373 1261 5428 futulamentnm
1295 5378 1392 5442 (ita
1420 5379 1561 5430 enim
1588 5389 1862 5430 structura
1893 5394 2092 5430 convc-

528 5465 700 5526 tticns,
750 5475 805 5516 ιιι
855 5465 1112 5533 scriptum
1150 5477 1232 5520 est
1271 5467 1338 5534 “,
1378 5469 1426 5520 in
1453 5468 1683 5534 plcbitur
1732 5470 1782 5520 in
1832 5467 2088 5534 templum

602 5638 645 5668 "'
678 5639 830 5692 norit.
869 5657 982 5706 vtu,
1021 5643 1198 5706 l9,‘.!2.

561 5707 744 5760 li-lti.

1278 5645 1322 5673 θ’
1345 5641 1508 5696 Eccli.
1546 5657 1689 5707 xxiv,
1740 5642 1819 5695 ll.

1900 5642 1942 5671 5'6
1978 5640 2135 5692 Prov.
2175 5651 2256 5702 III,
2295 5634 2376 5688 19.

2201 3231 2280 3292 είς
2311 3230 2470 3282 αὑτὸν
2506 3230 2758 3292 πίστεως,
2811 3231 2903 3281 καὶ
2951 3231 3028 3290 εἰς
3075 3228 3172 3299 τὴν
3207 3228 3394 3297 καινὴν
3426 3227 3603 3280 κτίσιν
3640 3227 3766 3277 ἀνα-

2205 3322 2620 3392 μορφουμένοις,
2665 3320 2845 3383 καθὼς
2901 3321 3228 3388 γέγραπται.
3289 3321 3450 3387 Λέγει
3493 3319 3621 3387 γοῦν
3672 3318 3769 3387 οὐχ

2199 3412 2403 3473 ἁπλῶς,
2420 3413 2476 3464 '0
2497 3411 2626 3473 Θεὸς
2648 3412 2816 3478 Λόγον
2841 3411 2871 3480 ἢ
2900 3411 3022 3462 Υἰόν
3052 3428 3118 3480 με
3147 3411 3464 3479 πεποίηκεν,
3485 3411 3570 3462 ἵνα
3594 3410 3666 3478 μή
3688 3426 3768 3472 τις

2199 3508 2310 3567 τοῖς
2350 3503 2742 3574 ἑτεροδοξοῦσιν
2800 3505 3033 3572 ὕπαρχοι
3076 3504 3430 3574 παρείσδυσις
3465 3503 3557 3554 τοῦ
3598 3519 3766 3555 κατα-

2198 3597 2488 3664 ψεύδεσθαι
2530 3597 2628 3666 τῆς
2661 3598 2847 3658 οὖσίας
2890 3597 3058 3649 αὑτοῦ
3106 3597 3181 3659 ὡς
3218 3597 3614 3665 πεποιημένης,
3659 3595 3767 3648 ἀλλ’

2201 3689 2630 3757 ἁπολελυμένως,
2663 3709 2679 3738 ι
2715 3688 3069 3757 Ἐθεμελίωσέ
3103 3704 3191 3756 με.
3234 3707 3250 3737 ι
3295 3689 3359 3738 Ὃ
3389 3687 3497 3756 γὰρ
3538 3687 3770 3754 ἔφασκεν

2201 3782 2257 3832 ἐν
2280 3782 2388 3841 τοῖς
2419 3779 2690 3844 ἀνωτέρω,
2725 3779 2955 3848 ιιίύριος
2979 3777 3159 3830 έκτισέ
3193 3795 3257 3848 με
3286 3777 3458 3847 ἁρῄν
3499 3777 3636 3829 ὁδῶν
3678 3777 3769 3829 1'3-

2199 3871 2291 3922 τοῦ
2322 3872 2400 3932 εἰς
2434 3869 2568 3938 ἔργα
2599 3869 2812 3931 αὑτοῦ,ι
2840 3869 2996 3921 τοῦτο
3022 3869 3215 3922 καὶδιᾶ
3243 3869 3398 3920 τοῦτο
3420 3869 3766 3936 σημαίνεται.

2212 3963 2357 4012 Ἐκεῖ
2393 3961 2489 4030 μὲν
2515 3961 2621 4029 γαρ
2649 3961 2820 4030 ἀρχὴν
2849 3960 2984 4011 ὁδῶν
3013 3961 3204 4012 ἑαυτὸν
3233 3958 3564 4028 πεποιῆσθαι
3588 3976 3768 4029 ᾳησιν,

2201 4051 2433 4106 ἐνταῦοα
2493 4052 2544 4102 δὲ

2202 4144 2632 4214 κραταῦεϐλῆσθαι
2679 4143 3068 4214 διῖσχυρίζεται
3094 4184 3108 4206 ,
3147 4143 3499 4212 πολυτρόπως
3529 4142 3596 4195 τὰ
3637 4144 3773 4195 αὐτα

2603 4051 2849 4119 θεμέλιον
2902 4050 3438 4120 ἐποικοδομουμένων
3487 4051 3574 4101 ἐπ’
3626 4050 3772 4118 αὐτῷ

2198 4237 2392 4303 λέγων,
2435 4237 2528 4288 καὶ
2554 4235 2638 4287 διὰ
2676 4235 2780 4286 τῶν
2820 4234 2995 4288 αὐτῶν
3043 4235 3327 4303 νοημάτων
3382 4234 3770 4295 ἁνακυκλὼσας

2199 4329 2295 4379 τὸν
2319 4326 2492 4393 λόγον.
2526 4328 2666 4377 Ἴσον
2697 4327 2804 4395 γάρ
2851 4327 2998 4377 ἐστιν
3032 4325 3206 4375 εἰπεῖν
3251 4325 3424 4392 ἀρχὴν
3471 4324 3563 4375 καὶ
3604 4323 3768 4389 θεμέ-

2201 4418 2330 4470 λιον.
2372 4418 2458 4478 Ὠς
2503 4417 2610 4485 γὰρ
2656 4417 2712 4468 ἐν
2761 4416 2992 4478 ἐκείνοις
3037 4414 3201 4484 ἁρχὴ,
3233 4413 3376 4465 οὕτω
3415 4415 3504 4466 καὶ
3535 4412 3766 4465 ἐνταῦθα

2204 4508 2449 4576 θεμέλιος
2489 4507 2594 4558 τῶν
2626 4503 3160 4576 ἐποικοδομουμένων
3197 4505 3284 4555 ἐπ’
3326 4503 3487 4555 αὐτὸν
3537 4501 3623 4554 διὰ
3671 4500 3766 4567 τῆς

2205 4600 2434 4661 πίστεως
2473 4598 2700 4666 γίνεται.

2868 4797 3067 4849 AAAU.

2277 4913 2438 4980 Λέγει
2465 4928 2566 4963 που
2595 4909 2802 4970 Παῦλος
2833 4906 3164 4960 ἐπιστέλλων
3197 4906 3224 4956 6
3253 4901 3582 4970 σοφώτατος·
3615 4917 3633 4950 ι
3670 4897 3766 4951 Θε-

2206 5007 2385 5077 μέλιον
2429 5003 2583 5055 ἄλλον
2625 5001 2797 5061 οὐδεὶς
2827 4999 3044 5050 δύναται
3084 4996 3253 5048 θεῖναι
3289 4993 3438 5063 παρὰ
3463 4993 3552 5043 τὸν
3588 4990 3769 5057 κείμε-

2202 5114 2311 5158 νον,
2337 5096 2392 5155 ὅς
2425 5095 2568 5144 ἐστιν
2586 5092 2792 5159 Ἰησοῦς
2827 5087 3081 5157 Χριστός.
3108 5105 3124 5136 ι
3162 5087 3225 5137 Εἰ
3257 5085 3436 5136 τοίνυν
3467 5084 3643 5132 κεῖται
3673 5081 3770 5148 μὲν

2205 5187 2448 5255 θεμέλιος
2471 5184 2498 5235 6
2526 5180 2789 5252 Χριστὸς,
2818 5180 2896 5231 δεῖ
2929 5180 2984 5230 δέ
3016 5179 3083 5230 τα
3113 5173 3618 5244 ἐποικοδομούμενα
3639 5172 3770 5222 παν-

2202 5295 2308 5339 τως
2350 5271 2488 5326 εἷναι
2537 5271 2778 5329 τοιαῦτα,
2823 5270 3002 5320 ὁποῖόν
3029 5284 3131 5336 περ
3167 5266 3231 5318 ἂν
3278 5266 3514 5332 ὑπάρχοι
3547 5263 3607 5313 τὸ
3640 5259 3764 5311 ὑπο-

2203 5369 2451 5436 κείμενον
2497 5363 2674 5431 (οὕτω
2712 5361 2820 5429 γαρ
2853 5361 2916 5411 ἂν
2946 5360 3033 5410 καὶ
3080 5360 3113 5426 ἡ
3144 5355 3400 5423 οἰκοδομὴ
3443 5350 3768 5419 συναρμολο-

2200 5459 2461 5528 γουμένη,
2513 5454 2652 5508 καθὰ
2708 5453 3034 5521 γέγραπται,
3083 5446 3498 5516 πληρωθήσεται
3535 5444 3612 5503 εἰς
3643 5439 3764 5491 ναδν

3562 5621 3607 5648 τ¹ν
3634 5612 3762 5666 Ibid.

2453 5633 2493 5661 97
2527 5631 2562 5683 ll
2594 5630 2718 5681 (lor.
2751 5642 2800 5691 v,
2845 5627 2921 5679 l7.
3001 5627 3042 5656 ⁵⁵⁸
3077 5624 3242 5680 lCor.
3281 5637 3360 5685 Ill,
3401 5620 3482 5672 ll.
