4078 6260
561 367 658 423 29⁸

1557 363 1616 418 S.
1659 362 1936 416 CYRILLI
1974 360 2442 416 ALEXANDRINI
2484 361 2802 419 ABCIIIEP.

3717 361 3826 415 ἓθέ

565 490 747 541 natos,
777 489 940 548 atque
975 490 1291 548 compactos
1315 496 1410 550 ptr
1438 481 1816 549 cognationem
1846 479 2139 533 carnalem.

2269 482 2347 552 ιμὲ
2379 482 2469 535 διὰ
2514 483 2615 551 τῆς
2651 483 2914 546 πίστεως·
2964 483 3058 535 καὶ
3099 481 3383 549 σύσσωμος
3439 480 3646 540 τούτοις
3688 478 3826 532 ἀνα·

561 569 818 640 δειχθεὶς,
843 569 1089 639 δέξωμα.
1158 570 1765 641 συναρμολογουμένους
1807 571 2052 640 φυσικῶς
2088 572 2184 624 καὶ
2225 573 2720 643 συνδεσμουμένους
2784 574 2918 642 πρὸς
2948 573 3048 641 ἐμὲ
3071 571 3159 624 διὰ
3187 570 3283 640 τὴν
3315 571 3456 622 κατά
3484 569 3661 639 σάρκα
3694 584 3829 634 συγ-

562 678 588 730 }
601 662 686 713 ένε
695 678 798 715 ιαν.

1245 779 1482 834 ALIUD.

953 889 1036 944 Ea:
1062 890 1354 960 objectione
1387 895 1774 950 hwreticorum.

537 1087 543 1092 η
638 1027 708 1080 At
744 1040 855 1095 quo
901 1035 1079 1092 pacto,
1114 1025 1392 1093 inquiunt,
1441 1030 1613 1096 possit
1654 1029 1808 1096 illud,
1850 1052 1869 1083 ι
1906 1031 2157 1088 fundavit

568 1135 671 1182 tne,
695 1137 716 1168 ο
746 1118 814 1170 de
837 1117 1214 1170 Ξτιωηιιιιίοιιο
1241 1116 1402 1172 Verbi
1430 1120 1675 1190 intelligi,
1700 1139 1822 1176 cum
1854 1125 1969 1192 ipse
2011 1126 2156 1178 dicat

563 1223 622 1263 se
654 1218 782 1263 ante
810 1208 1008 1262 saecula
1035 1208 1346 1273 fundatum,
1373 1222 1662 1280 antequam
1689 1223 1834 1268 terra
1859 1218 2010 1270 tieret
2035 1215 2074 1279 ³,
2101 1225 2158 1269 et

562 1313 851 1370 antequam
877 1314 1089 1356 montes
1114 1302 1518 1357 stabilirentur?
1535 1303 1873 1360 Manifestum
1894 1307 2036 1360 euint
2053 1315 2154 1370 est,

567 1393 751 1447 multis
777 1402 967 1461 postea
1016 1395 1376 1462 temporibus,
1423 1411 1586 1464 quam
1639 1407 1809 1464 tptum
1844 1399 2155 1452 universum

565 1501 623 1545 et
662 1489 924 1560 quidquid
963 1489 1016 1542 in
1056 1503 1124 1543 eo
1153 1499 1256 1554 est,
1296 1490 1474 1556 tieret,
1525 1491 1954 1546 incarnationem
1995 1491 2156 1548 Verbi

570 1579 592 1633 l'
591 1592 766 1635 actam
796 1595 932 1634 esse.

1079 1717 1288 1773 Salutio
1314 1718 1646 1788 objectiouis.

643 1826 995 1898 Nequaquam
1027 1830 1240 1886 diuit-ile
1265 1840 1348 1885 est
1380 1829 1444 1883 ad
1477 1831 1744 1899 ejusmodi
1782 1828 2159 1884 ltmrelicorntu

574 1920 911 1989 obiectiones
947 1921 1314 1990 respondere;
1348 1921 1656 1976 necessaria
1693 1930 1871 1976 tamen
1901 1931 1984 1976 est
2009 1920 2162 1974 andi-

2926 775 3137 828 ΛΑΜ).

2464 890 2561 952 Ὧς
2589 887 2658 951 ἐξ
2697 887 3052 952 ἀντιθέσεως
3086 886 3203 940 τῶν
3237 886 3564 956 αἱρετικῶν.

2335 1020 2444 1072 Καὶ
2473 1018 2588 1080 πῶς
2620 1018 2685 1071 ἀν
2709 1018 2953 1089 δύναιτο,
2982 1019 3149 1088 φασὶ,
3185 1019 3247 1072 τὺ
3284 1036 3302 1070 t
3336 1019 3666 1089 ὲθεμελίωσέ
3706 1038 3777 1091 με
3814 1039 3836 1073 ι

2257 1117 2338 1179 εἰς
2367 1115 2466 1185 τὴν
2494 1112 2636 1184 μετὰ
2661 1112 2862 1184 σαρκὸς
2890 1113 3329 1184 ἐκλαμϐἀνεσθαι
3359 1113 3453 1167 τοῦ
3494 1114 3669 1179 Λόγου
3699 1133 3838 1186 παρ-

2257 1207 2467 1273 ουσίαν,
2499 1207 2633 1260 ὅπου
2661 1207 2826 1275 φησιν
2853 1206 3016 1268 αὐτὸς
3056 1205 3162 1274 πρὸ
3190 1205 3284 1258 τοῦ
3322 1206 3520 1267 αἰῶνος
3546 1207 3840 1278 ήδρᾶσθαι,

2259 1300 2366 1370 πρὸ
2397 1297 2493 1352 τοῦ
2527 1297 2627 1368 τὴν
2661 1297 2767 1367 γῆν
2793 1301 3041 1366 ποιῆσαι,
3076 1297 3181 1368 πρὸ
3207 1297 3301 1349 τοῦ
3331 1297 3432 1367 ὅρη
3465 1284 3838 1367 ὲδρασθῆναις

2262 1391 2495 1462 Εὔδηλον
2523 1392 2632 1460 γὰρ
2660 1390 2734 1454 ὡς
2757 1390 2970 1454 πολλοῖς
2995 1389 3222 1458 ὕστερον
3252 1389 3462 1459 χρόνοις
3483 1390 3627 1460 μετά
3653 1390 3720 1443 τὸ
3749 1409 3832 1459 γε·

2259 1483 2444 1537 νέσθαι
2462 1483 2582 1536 τόδε
2605 1483 2664 1535 τὸ
2692 1482 2911 1548 σύμπαν
2937 1481 3030 1535 καὶ
3059 1481 3127 1534 τὰ
3150 1483 3206 1534 ὲν
3237 1480 3410 1550 αὐτῷ,
3438 1481 3662 1550 γέγονεν
3691 1485 3728 1554 ἠ
3761 1484 3839 1537 ἕν-

2263 1590 2464 1645 σαρκος
2495 1575 2777 1646 οἰκονομία
2808 1573 2902 1627 τοῦ
2937 1575 3140 1642 Λόγου.

2747 1710 2904 1778 Πρὸς
2935 1709 3113 1764 τοῦτο
3142 1712 3347 1777 λύσις.

2333 1823 2476 1894 Πρὸς
2508 1822 2572 1894 δή
2612 1821 2681 1875 τά
2720 1820 2942 1874 τοιαῦτα
2974 1820 3082 1874 τῶν
3116 1821 3406 1891 αἰρετικῶν
3450 1823 3835 1894 προϐλήματα,

2262 1913 2523 1984 δυσχερὲς
2554 1913 2657 1982 μὲν
2691 1913 2846 1965 οὐδὲν
2885 1913 3220 1981 ἀντιλέγειν⁸
3255 1914 3419 1984 χρεία
3459 1907 3516 1966 δὲ
3554 1916 3706 1984 ὅμως
3742 1918 3835 1987 τῆς

574 2023 752 2065 torum
795 2013 1084 2082 prudentia
1131 2025 1186 2066 et
1217 2013 1417 2082 pietas.
1462 2012 1617 2080 Quod
1665 2012 1809 2066 enim
1842 2014 1942 2066 sub
1996 2011 2159 2064 tinctu

2269 2005 2370 2056 τῶν
2401 2003 2766 2074 ἀκροωμένων
2804 2002 3108 2066 εὐλαϐείας.
3135 2004 3254 2056 Ὀτι
3288 2003 3388 2073 μὲν
3430 2004 3538 2074 γὰρ
3576 1998 3669 2059 ἐπὶ
3700 2008 3833 2060 τέλει

576 2107 860 2174 praesentis
883 2108 1062 2161 szcculi
1097 2107 1298 2161 Christi
1325 2109 1586 2162 adventus
1611 2122 1706 2176 per
1729 2121 1949 2161 carnem
1986 2105 2162 2160 fact-us

579 2200 674 2265 sit,
704 2215 882 2262 nemo,
910 2211 971 2254 ut
997 2201 1252 2260 arbitror,
1286 2215 1474 2253 eorum
1509 2199 1600 2268 qui
1627 2207 1775 2254 recte
1797 2197 2036 2251 sentiunt
2067 2214 2162 2248 uc-

574 2293 744 2360 gabit.
797 2291 1081 2348 Manifesta
1129 2293 1276 2345 enim
1331 2299 1460 2345 sunt
1510 2306 1630 2360 quae
1675 2305 1831 2344 sacra
1880 2288 2159 2356 Scriptura

576 2385 894 2454 proclamat.
939 2386 1007 2438 At
1049 2383 1190 2438 Dens
1235 2383 1326 2453 qtti
1379 2382 1559 2437 futura
1608 2382 1792 2436 omnia
1839 2381 2007 2444 novit,
2057 2397 2161 2432 non

575 2478 792 2546 quando
817 2491 903 2530 res
928 2476 1056 2546 ipsa:
1077 2475 1352 2536 eveniunt,
1376 2475 1539 2529 etiam
1569 2483 1696 2527 ante
1716 2472 2159 2528 constitutionem

579 2569 760 2622 mundi
818 2569 1002 2627 novit,
1063 2582 1186 2635 quae
1240 2567 1443 2620 ultimis
1503 2565 1842 2632 temporibus
1898 2573 2160 2618 eventura

577 2671 780 2716 essent.
830 2661 1038 2714 idcirco
1082 2677 1200 2728 qua:
1245 2663 1417 2728 ipsum
1467 2659 1696 2722 decent,
1753 2657 1958 2711 fat-iens
1988 2697 2006 2721 ,
2057 2674 2162 2710 una

579 2754 796 2822 quando
831 2768 930 2807 nos
961 2751 1090 2805 facti
1119 2766 1330 2815 sumus,
1367 2761 1491 2804 tunc
1527 2751 1758 2819 primum
1789 2749 1856 2804 de
1882 2749 2036 2803 nobis
2068 2752 2164 2803 deo

579 2843 795 2906 libet-at,
826 2857 1011 2896 verum
1040 2841 1203 2895 etiam
1229 2848 1524 2908 antequam
1553 2840 1706 2895 ﬁeret
1761 2850 1925 2908 terra,
1955 2849 2009 2896 et
2040 2852 2167 2896 ante

580 2932 782 2987 SJBCUIII
814 2948 991 2986 rerum
1021 2941 1334 2986 nostrarum
1363 2947 1653 2986 sucressus
1683 2941 1736 2987 et
1764 2945 1990 2988 eventus
2025 2951 2164 3003 prae-

581 3025 734 3080 novit
761 3043 774 3079 :
806 3032 862 3078 et
900 3031 1023 3078 ante
1051 3021 1245 3076 saecula
1277 3022 1522 3076 fundavit
1547 3021 1744 3076 Filium
1783 3037 1964 3088 suum,
1993 3039 2166 3092 quau-

581 3125 694 3169 tuut
743 3114 809 3167 ad
863 3128 1015 3168 suam
1065 3113 1450 3182 pra-notionem
1498 3114 1716 3177 attinet,
1763 3122 1821 3167 nt
1855 3130 1955 3169 nos
2005 3130 2169 3184 super

589 3220 711 3260 eum
737 3205 1013 3282 aediﬁcati,
1057 3220 1400 3274 resurgatnus
1428 3204 1479 3258 itt
1507 3205 1966 3276 incorruptionem
1995 3205 2036 3270 δ,
2074 3208 2166 3276 qui

582 3298 819 3366 alioquin
859 3311 954 3363 per
985 3295 1143 3365 173
1169 3296 1668 3364 praevaricatimtcut
1703 3296 1757 3350 in
1796 3297 2073 3352 interitum
2112 3309 2165 3353 et

2261 2097 2356 2151 τοῦ
2383 2098 2646 2169 παρόντος
2669 2096 2864 2160 αἰῶνος
2891 2097 2919 2167 ή
2950 2097 3089 2168 μετά
3123 2099 3323 2170 σαρκὸς
3343 2097 3438 2151 τοῦ
3456 2100 3627 2166 Λόγου
3647 2091 3827 2167 γέγονε

2263 2194 2560 2263 παρουσία,
2587 2192 2688 2245 οὐκ
2718 2192 2804 2256 ἂν,
2829 2190 3003 2263 οἶμαι,
3036 2194 3118 2257 τὶς
3144 2193 3250 2246 τῶν
3286 2189 3346 2247 εὗ
3375 2195 3705 2265 φρονούντων
3731 2196 3822 2266 ἀρ·

2263 2286 2506 2355 νήσαιτο.
2549 2284 2764 2354 Φανερά
2815 2283 2924 2353 γὰρ
2973 2285 3040 2338 τὰ
3097 2285 3154 2337 ὲν
3202 2287 3321 2347 ταῖς
3373 2285 3543 2349 θείαις
3591 2285 3820 2356 βοώμενα

2265 2377 2532 2449 Γραφαῖς.
2579 2377 2718 2430 Ἀλλ’
2748 2380 2777 2431 ὁ
2803 2377 3086 2446 γινώσκων
3111 2377 3181 2431 τὰ
3206 2379 3441 2448 ἐσόμενα
3470 2379 3599 2443 Θεὸς
3627 2381 3715 2433 καὶ
3736 2379 3823 2449 οὐχ

2263 2469 2353 2521 ὅτε
2397 2468 2607 2536 γίνεται
2631 2469 2700 2522 τὰ
2730 2470 3032 2540 πράγματα
3052 2510 3067 2533 ,
3101 2471 3195 2523 καὶ
3225 2470 3330 2542 πρὸ
3361 2471 3462 2540 τῆς
3493 2471 3586 2523 τοῦ
3635 2463 3826 2540 κόσμου

2265 2560 2573 2631 καταϐολῆς
2600 2560 2714 2632 ᾔδει
2743 2562 2811 2614 τά
2831 2562 2890 2614 ἐν
2916 2563 3162 2632 ἐσχάτοις
3195 2561 3582 2631 συμϐησόμενα
3606 2559 3825 2631 καιροῖς.
3887 2609 3892 2614 .

2265 2653 2356 2705 Διὸ
2386 2652 2450 2722 δὴ
2475 2653 2543 2705 τὰ
2572 2651 2750 2722 ἑαυτῷ
2775 2651 3053 2722 πρέποντα
3074 2653 3350 2724 πράττων,
3380 2655 3474 2724 οὐχ
3499 2655 3586 2706 ὅτε
3613 2654 3824 2721 γεγόνα-

2271 2761 2391 2816 μεν,
2419 2745 2540 2797 τότε
2575 2729 2790 2815 πρῶτον
2820 2745 2949 2814 περὶ
2992 2745 3148 2816 ἡμῶν
3197 2744 3530 2814 βουλεύεται,
3565 2746 3704 2800 ἀλλά
3740 2746 3832 2798 καὶ

2268 2835 2396 2902 πρὶν
2445 2833 2695 2902 γενέσθαι
2727 2833 2826 2904 τὴν
2867 2835 2970 2905 γῆν
3013 2835 3107 2889 καὶ
3144 2840 3271 2899 τοὺς
3313 2835 3514 2898 αἰῶνας
3540 2876 3554 2899 ,
3590 2835 3742 2907 ἔσχεν
3780 2839 3835 2890 ὲν

2269 2924 2449 2996 ἑαυτῷ
2480 2924 2589 2978 τῶν
2639 2924 2761 2978 καθ’
2800 2927 2948 2997 ἡμᾶς
2992 2927 3090 2999 τὴν
3133 2927 3367 2996 γνῶσιν·
3406 2929 3502 2982 καὶ
3546 2929 3838 2998 προεθεμε-

2270 3015 2436 3068 λίωσε
2479 3016 2571 3068 τὸν
2617 3015 2813 3070 ἑαυτοῦ
2861 3017 2990 3070 Υἰὸν
3038 3020 3161 3071 ὅσον
3208 3020 3287 3082 εἰς
3325 3019 3424 3084 τὴν
3467 3020 3676 3074 οἰκείαν
3711 3020 3840 3092 ’πρός

2269 3121 2505 3173 γνωσιν,
2557 3106 2643 3159 ἵνα
2691 3110 2854 3177 ἡμεῖς
2900 3107 3419 3180 ἐποικοδομηθέντες
3466 3110 3638 3181 αὐτῷ,
3688 3113 3840 3165 πάλιν

2269 3197 2594 3268 ἀναστῶμεν
2622 3199 2702 3262 εἰς
2724 3199 3034 3281 ἀφθαρσίαν
3063 3203 3112 3254 οἱ
3143 3202 3400 3266 πεσόντες
3429 3204 3510 3264 εἰς
3534 3204 3742 3277 φθορὰν
3761 3204 3842 3258 διὰ

2269 3291 2369 3360 τὴν
2397 3290 2730 3362 παράϐασιν.
2768 3293 2923 3362 ’ῌδει
2968 3294 3075 3364 γὰρ
3115 3295 3197 3348 ὅτι
3240 3295 3425 3366 νεκροὶ
3469 3296 3572 3366 μὲν
3613 3297 3846 3367 ἐσόμεθα

582 3386 988 3456 corruptionem
1044 3387 1432 3442 iucideramus.
1479 3387 1701 3443 Sciebat
1746 3389 1891 3444 enim
1943 3406 2042 3443 nos
2072 3406 2164 3460 per

2269 3382 2358 3437 διὰ
2400 3383 2497 3455 τήν
2542 3383 2851 3457 ἁμαρτίαν·
2900 3385 3201 3456 κεισόμεθα
3246 3386 3305 3440 δὲ
3341 3364 3415 3440 γὲν
3463 3364 3570 3457 γῆς
3614 3364 3844 3460 χώματι,

585 3487 868 3546 peccatum
913 3477 1229 3538 morituros,
1278 3485 1336 3533 et
1381 3487 1599 3546 prepter
1644 3479 2066 3534 inobedicntiam
2113 3482 2164 3534 iu

583 3568 836 3638 sepulcro
879 3577 1056 3631 terrae,
1093 3577 1151 3622 ttt
1191 3566 1455 3637 scriptum
1500 3577 1608 3633 est,
1651 3571 1950 3636 cubituros,
2002 3583 2167 3641 atque

584 3660 867 3714 audituros
892 3676 905 3712 :
932 3676 950 3709 ι
977 3658 1144 3713 Terra
1167 3671 1246 3721 es,
1265 3668 1319 3712 et
1341 3658 1393 3711 in
1419 3668 1619 3712 terram
1647 3661 1958 3726 reverteris.
1990 3678 2008 3712 ι
2033 3661 2165 3716 Cum

589 3760 769 3805 autem
801 3765 921 3817 qua-
967 3763 1033 3804 ex
1083 3763 1140 3802 re
1177 3759 1365 3802 nostra
1411 3759 1590 3814 erant,
1634 3749 1800 3802 etiam
1847 3750 1918 3804 ab
1966 3762 2168 3806 aeterno

589 3839 956 3910 praecogitarit
993 3835 1233 3895 omnium
1268 3849 1515 3893 ltustt‘tttn
1561 3841 1810 3895 conditor
1849 3851 1904 3895 et
1932 3852 2167 3905 creator,

588 3930 837 4002 praevidit
865 3939 1028 3999 atque
1056 3929 1347 3998 przetiuivit
1383 3946 1509 3983 eum
1561 3930 1654 4000 qui
1705 3941 1927 4001 propter
1974 3948 2072 3987 nos
2116 3944 2171 3987 ct

586 4038 684 4092 pro
732 4022 888 4076 nobis
932 4023 1092 4076 ltomo
1139 4021 1354 4075 futurus
1405 4033 1571 4087 esset,
1627 4023 1729 4077 hoc
1779 4033 1882 4088 est,
1937 4023 2168 4078 Verbum

585 4128 765 4177 suum,
795 4122 855 4168 ut
883 4113 1093 4168 initium
1119 4113 1328 4167 viarum
1352 4122 1408 4168 et
1433 4112 1843 4169 fundamentum
1867 4117 2173 4183 reperiatur

589 4205 903 4258 instaurata:
943 4203 998 4258 itt
1047 4204 1162 4272 ipso
1191 4188 1442 4260 humana:
1475 4215 1680 4260 naturae
1710 4205 1777 4260 ad
1813 4205 2173 4276 incorruptio-

589 4310 737 4360 nem,
771 4304 936 4363 utque
969 4305 1192 4349 vocetur
1233 4297 1626 4366 primogenitns
1677 4298 1729 4351 itt
1759 4298 1943 4351 multis
1981 4297 2168 4351 t'ratri-

591 4388 692 4439 bus
710 4385 756 4450 ⁸,
793 4395 848 4439 et
875 4395 1124 4453 resurgat
1160 4388 1396 4454 prtutitiu
1421 4403 1609 4440 eormn
1645 4389 1736 4455 qui
1769 4388 2105 4444 dormierunt
2127 4388 2170 4442 ⁸.

586 4477 745 4544 Quod
789 4477 934 4532 enim
989 4479 1426 4546 sapientissimus
1475 4478 1734 4532 Salomon
1772 4479 1823 4533 in
1866 4479 2176 4535 Proverbiis

593 4570 767 4639 inquit
797 4588 810 4622 :
851 4587 870 4618 ι
902 4570 1039 4623 Ante
1070 4569 1265 4624 smcula
1314 4569 1558 4623 fundavit
1591 4585 1697 4630 me,
1729 4588 1749 4620 ι
1784 4580 1840 4624 et
1865 4587 1984 4638 qua:
2014 4572 2168 4624 dein-

587 4676 716 4731 ceps
749 4671 1084 4730 sequuntur,
1135 4661 1234 4716 ltoc
1282 4663 1456 4732 ipsum
1491 4661 1728 4729 explicat
1755 4661 1952 4715 Paulus
1984 4663 2049 4714 ad
2081 4662 2172 4716 Ti-

586 4752 862 4806 motheum
903 4753 1226 4820 dtscipulum
1279 4765 1434 4807 suum
1479 4755 1727 4808 scribens

588 4845 641 4897 in
673 4843 968 4914 Evangelio
999 4845 1294 4899 secundum
1326 4846 1578 4900 virtutem
1614 4847 1729 4910 Dei,
1782 4847 2003 4916 quinos
2039 4846 2168 4900 tibe—

585 4937 748 5000 ravit,
776 4946 831 4990 et
859 4936 1072 4990 vocavit
1112 4938 1396 4992 vocatione
1431 4952 1527 4992 sua
1567 4946 1776 5003 sancta,
1825 4955 1927 4992 ttou
1973 4953 2170 4993 secnn~

529 5078 552 5095 ,
588 5029 716 5082 dum
755 5043 918 5098 opera
956 5039 1164 5095 nostra,
1197 5028 1290 5082 sed
1321 5029 1620 5084 secundum
1645 5031 1976 5099 prapositnm
2009 5046 2164 5085 suum

584 5129 638 5173 et
670 5120 897 5190 gratiam
931 5135 1050 5188 qua:
1080 5121 1202 5174 data
1235 5130 1320 5202 est
1352 5121 1506 5176 nobis
1546 5120 1597 5175 itt
1626 5121 1846 5176 Christo
1881 5121 2005 5176 Jesu
2039 5133 2167 5175 ante

587 5220 828 5279 tempora
856 5213 1158 5274 szecularia,
1198 5210 1541 5267 manifestata
1571 5222 1655 5267 est
1687 5225 1865 5267 autem
1900 5229 2040 5267 nunc
2073 5230 2168 5282 per

583 5302 1032 5358 illuminatiouem
1079 5303 1378 5360 Salvatoris
1427 5306 1598 5358 nostri
1641 5303 1768 5358 Jesn
1814 5305 2038 5370 Christi,
2073 5309 2164 5374 qui

587 5394 856 5448 destruxit
881 5394 1100 5462 quidem
1129 5404 1380 5460 mortem,
1421 5396 1745 5450 illuminavit
1782 5406 1960 5450 autem
2002 5397 2162 5450 vitam

585 5492 638 5536 ct
659 5485 1171 5553 incorruptionem'.
1200 5508 1217 5538 ι
1246 5488 1302 5540 Si
1333 5502 1463 5556 ergo
1493 5497 1621 5542 ante
1650 5488 1867 5552 saecula,
1905 5489 2162 5542 nimirum

589 5589 710 5629 cum
740 5578 974 5630 nondum
1013 5578 1138 5632 facti
1162 5594 1429 5645 essemus,
1470 5581 1748 5634 vocatione
1780 5592 1964 5635 sancta
1994 5585 2167 5636 vocati

662 5750 684 5782 ³
717 5753 874 5806 Prov.
906 5768 1019 5819 vnt,
1047 5754 1118 5809 ‘25
1146 5754 1234 5809 23.

2270 3477 2416 3556 καθά
2446 3477 2778 3549 γέγραπται,
2809 3477 2898 3531 διὰ
2925 3478 3024 3549 τὴν
3057 3479 3265 3533 ἑαυτῶν
3295 3479 3600 3543 ἀπείθειαν,
3628 3483 3846 3536 ἀκούον-

2267 3585 2392 3630 τεςο
2438 3585 2456 3619 ι
2494 3568 2569 3638 Γῆ
2605 3564 2692 3631 εἰ,
2727 3569 2823 3622 καὶ
2855 3570 2936 3634 εἰς
2971 3571 3076 3640 γῆν
3130 3571 3427 3644 ἀπελεῦσῃ.
3468 3592 3487 3624 ι
3537 3573 3760 3646 Ἐπειδὴ
3795 3575 3847 3628 δὲ

2271 3657 2487 3728 χρήστά
2527 3659 2655 3728 περὶ
2684 3658 2840 3730 ἡμῶν
2872 3660 2967 3712 καὶ
2997 3661 3164 3714 πάλαι
3195 3662 3628 3733 προεϐουλεύετο
3658 3667 3687 3718 ό
3716 3665 3842 3718 πάν-

2270 3760 2376 3795 των
2405 3742 2563 3813 ήμῶν
2611 3748 2840 3816 ποιητής
2885 3763 2944 3799 τε
2983 3750 3078 3800 καὶ
3113 3749 3468 3820 δημιουργὸς,
3515 3754 3851 3826 προεθεώρει

2273 3833 2368 3886 καὶ
2408 3835 2680 3906 προώριζε
2713 3838 2803 3890 τὸν
2831 3839 2898 3891 δι’
2934 3839 3081 3908 ἡμᾶς
3112 3841 3207 3893 καὶ
3237 3841 3375 3913 ὑπὲρ
3409 3843 3566 3913 ἡμῶν
3594 3845 3852 3916 ἐσόμενον

2272 3925 2578 3997 ἄνθρωπον,
2603 3930 2876 3992 τουτέστι,
2904 3931 2994 3983 τὸν
3018 3931 3216 3986 ἑαυτοῦ
3247 3934 3441 4002 Λόγον,
3469 3935 3555 3988 ἵνα
3583 3939 3683 3991 καὶ
3715 3937 3852 4009 ἀρχὴ

2273 4015 2408 4068 ὁδῶν
2463 4018 2556 4070 καὶ
2615 4017 2865 4089 θεμέλιος
2922 4021 3152 4093 εὑρεθῇ,
3221 4024 3721 4100 ἀνακαινιςομένης
3778 4032 3852 4093 είς

2275 4107 2582 4179 ἀφθαρσίαν
2610 4111 2708 4181 τῆς
2733 4111 3022 4184 ἀνθρώπου
3049 4114 3264 4182 φύσεως
3294 4118 3353 4170 ἐν
3384 4119 3558 4190 αὐτῷ,
3594 4123 3696 4176 καὶ
3731 4139 3854 4194 χρη-

2277 4201 2482 4274 ματίσῃ
2503 4205 2845 4274 πρωτότοκος
2877 4205 2934 4258 ὲν
2955 4205 3169 4270 πολλοῖς
3205 4207 3486 4277 ἀδελφοῖς,
3519 4213 3614 4264 καὶ
3648 4214 3850 4282 ἀναστῇ

2274 4293 2382 4346 τῶν
2419 4295 2836 4366 κεκοιμημένων
2868 4298 3112 4368 ἀπαρχὴ.
3146 4299 3323 4370 Ὅπερ
3353 4300 3462 4372 γὰρ
3505 4303 3534 4353 ὁ
3579 4305 3852 4374 πάνσοφος

2277 4385 2528 4455 Σολομῶν
2554 4389 2611 4440 ὲν
2632 4389 2748 4450 ταῖς
2782 4389 3116 4459 Παροιμίαις
3143 4391 3279 4461 φησι
3297 4409 3312 4425 ο
3347 4411 3365 4443 ‹
3391 4393 3504 4465 Πρὸ
3530 4395 3628 4448 τοῦ
3660 4396 3851 4458 αἰῶνος

2277 4477 2608 4546 ὲθεμελίωσέ
2652 4497 2742 4550 με,
2778 4499 2796 4530 ι
2831 4481 2924 4532 καὶ
2960 4481 3030 4534 τὰ
3059 4482 3268 4545 τούτοις
3300 4484 3498 4554 ἐφεξῆς
3521 4501 3535 4514 ο
3570 4487 3730 4539 τοῦτο
3762 4490 3852 4540 καὶ

2275 4567 2305 4618 ό
2344 4565 2555 4630 Παῦλος
2594 4567 2879 4638 σαφηνίζει
2915 4569 3051 4639 πρὸς
3090 4570 3355 4641 Τιμόθεον
3392 4573 3484 4627 τὸν
3516 4575 3716 4629 ἑαυτοῦ
3754 4593 3848 4645 μα·

2279 4657 2447 4729 θητὴν
2497 4659 2828 4712 ἐπιστέλλων
2859 4654 2996 4714 ὦδεο
3035 4679 3052 4712 ι
3087 4662 3588 4735 Συγκακοπάθησον
3635 4667 3714 4737 τῷ
3755 4667 3855 4720 E5-

1772 4773 1786 4809 :
1833 4771 1851 4804 ι
1885 4752 2167 4808 Collabora
2207 4742 2250 4795 Π
2275 4755 2516 4826 αγγελίῳ
2541 4755 2682 4809 κατά
2707 4756 2934 4826 δύναμιν
2959 4759 3093 4811 Θεοῦ
3123 4760 3217 4813 τοῦ
3258 4761 3530 4828 σώσαντος
3562 4767 3733 4835 ἡμᾶς,
3765 4767 3856 4819 καὶ

2277 4846 2602 4911 καλέσαντος
2657 4849 2846 4919 κλήσει
2889 4851 3042 4922 ἁγίᾳ,
3085 4853 3146 4905 οὐ
3197 4855 3338 4908 κατά
3379 4855 3448 4909 τὰ
3491 4856 3630 4928 ἔργα
3674 4859 3851 4927 ήμῶν,

2275 4939 2411 4992 ἀλλὰ
2453 4940 2595 4993 κατὰ
2644 4941 2780 4994 ἰδίαν
2827 4942 3086 5014 πρόθεσιν
3132 4946 3226 4998 καὶ
3259 4948 3417 5019 χάριν
3457 4950 3555 5019 τήν
3609 4949 3855 5003 δοθεῖσαν

2275 5034 2407 5102 ἡμῖν
2451 5034 2508 5084 ὲν
2551 5032 2771 5104 Χριστῷ
2811 5035 2986 5105 Ἰησοῦ
3018 5036 3125 5108 πρὸ
3155 5039 3361 5109 χρόνων
3391 5042 3646 5105 αἰωνίων,
3685 5060 3850 5110 φανε-

2277 5122 2543 5194 ρωθεῖσαν
2593 5142 2653 5177 τε
2698 5125 2792 5179 νῦν
2837 5127 2926 5181 διὰ
2969 5129 3067 5199 τῆς
3118 5130 3437 5200 ἐπιφανείας
3467 5132 3559 5186 τοῦ
3602 5133 3854 5202 Σωτῆρος

2275 5214 2433 5285 ήμῶν
2474 5215 2647 5285 Ἰησοῦ
2674 5218 2937 5288 Χριστοῦ,
2971 5225 3420 5292 καταργήσαντος
3448 5225 3548 5294 μὲν
3579 5224 3673 5276 τὸν
3701 5223 3854 5277 θάνα-

2269 5325 2383 5370 τον,
2411 5310 2745 5377 φωτίσαντος
2767 5311 2824 5364 δὲ
2851 5312 2997 5383 ζωὴν
3024 5317 3117 5366 καὶ
3159 5315 3490 5385 ἀφθαρσίαν.
3529 5335 3548 5366 ι
3580 5317 3643 5368 Εἰ
3674 5315 3854 5368 τοίνυν

2271 5401 2367 5452 καὶ
2398 5406 2506 5472 πρὸ
2539 5401 2632 5456 τοῦ
2664 5403 2882 5465 αἰῶνος,
2912 5404 3067 5457 οῦπω
3093 5406 3377 5474 γεγονότες
3406 5405 3627 5476 δηλαδή,
3661 5403 3852 5474 κλήσει

2272 5489 2403 5560 ἁγίᾳ
2436 5491 2752 5562 κεκλήμεθα
2786 5497 2926 5545 κατά
2955 5493 3116 5564 χάριν
3142 5496 3237 5549 καὶ
3267 5496 3523 5566 πρόθεσιν
3552 5493 3649 5548 τοῦ
3677 5495 3851 5547 πάντα

2273 5582 2578 5650 προειδότος
2623 5583 2780 5648 Θεοῦ,
2834 5585 3150 5658 κεκλήμεθα
3193 5588 3250 5640 δὲ
3285 5589 3342 5641 ἐν
3387 5587 3604 5658 Χριστῷ
3651 5582 3850 5654 Ἰησοῦν

1318 5756 1337 5786 ⁸
1368 5754 1542 5825 l_(lor.
1579 5773 1666 5822 xv,
1708 5758 1794 5813 55.
1873 5763 1891 5792 ⁸
1930 5761 2085 5817 ltom.
2120 5777 2164 5816 t't

2277 5763 2368 5820 29.
2443 5765 2462 5796 ⁸
2493 5765 2660 5821 lCor.
2693 5782 2781 5836 xv,
2812 5767 2900 5821 ΞΟ.
2979 5770 2997 5800 ⁷
3036 5769 3076 5822 ll
3103 5766 3241 5820 Tim.
3273 5783 3311 5832 ι,
3345 5765 3493 5820 8-10.
