4078 6260
462 340 570 397 9.95

1453 331 1516 386 S.
1563 330 1838 386 CYRILLI
1879 327 2350 383 ALEXANDRINI
2385 328 2704 385 ARClllEP.

3623 331 3728 386 9.96

473 471 562 508 tua
593 451 956 523 prtescientts,
1013 458 1095 516 ιιι,
1130 449 1580 518 quemadmodum
1609 449 1768 502 modo
1796 448 2049 510 diximus,

2170 468 2255 513 οας
2282 452 2379 520 τὴν
2408 451 2676 518 εὐλογίαν,
2698 449 2793 503 καὶ
2820 449 2918 518 τῆς
2945 449 3025 512 είς
3045 447 3138 501 τὸν
3161 446 3386 501 θάνατον
3408 448 3731 519 καταδίκης,

470 544 750 612 antiquior
781 543 834 595 itt
869 542 1026 596 nobis
1065 543 1134 596 sit
1180 540 1484 595 benedictio
1516 553 1675 606 quam
1722 539 2049 602 maledictio,

469 635 742 704 antiquior
770 631 1055 704 promissio
1084 633 1148 684 ad
1185 634 1349 684 vitam
1383 645 1544 699 quam
1575 629 1955 706 condemnatio
1985 631 2050 682 ad

473 737 736 791 mortem,
787 726 1065 794 antiquior
1114 723 1391 791 adoptatio
1445 721 1494 773 in
1525 721 1827 772 libertatem
1889 733 2050 787 quam

472 818 738 870 diabolit-a
763 817 1014 870 servitus.
1061 813 1216 866 Redit
1249 821 1428 864 autem
1463 819 1654 862 natura
1690 810 1741 862 in
1769 811 2051 878 pristimnn

472 919 695 975 statum,
725 909 991 977 superatis
1008 923 1125 975 quae
1150 905 1403 972 deinceps
1434 904 1482 957 ci
1508 903 1846 964 acciderunt,
1879 901 2050 971 gratia

473 1015 537 1053 ac
577 1000 842 1053 beneficio
890 997 1029 1050 illius
1078 995 1166 1064 qui
1216 1010 1334 1048 eant
1393 992 1638 1046 fundavit
1694 993 1745 1045 in
1798 992 1952 1046 bonis
2001 992 2052 1045 in

473 1089 722 1149 Christo,
757 1101 1077 1154 rursumque
1121 1087 1177 1136 tit
1214 1086 1264 1137 id
1295 1085 1467 1151 ipsum
1508 1084 1652 1152 quod
1687 1092 1806 1136 erat
1838 1083 1891 1136 in
1923 1097 2055 1150 prae-

475 1180 692 1233 notione
747 1179 861 1241 Dei,
907 1194 972 1232 ex
1030 1176 1296 1231 charitate
1343 1173 1726 1243 prtedestinata
1762 1175 1829 1226 ad
1876 1173 2056 1226 omnia

474 1271 672 1340 optima
709 1286 803 1339 per
843 1269 1056 1322 Filium.

657 1377 893 1442 ALIUD,
940 1394 1032 1446 per
1061 1377 1456 1429 similitudinem
1487 1386 1536 1429 et
1561 1375 1876 1439 exemplum.

547 1516 812 1567 (ueterum
851 1527 1072 1567 necesse
1113 1522 1197 1567 est
1229 1524 1288 1566 ιιι
1317 1513 1628 1566 accuratius
1671 1510 2058 1580 investigemus

481 1606 638 1676 175
658 1621 763 1675 quo
783 1615 938 1672 pacto
955 1605 1108 1658 nobis
1127 1604 1388 1672 sapientia
1411 1603 1501 1657 Dei
1539 1612 1666 1655 ante
1691 1601 1886 1655 strcula
1919 1615 2058 1667 pra:—

479 1700 698 1753 fundata
720 1697 1368 1763 fuerit.Quetnadmodum
1392 1696 1436 1748 si
1460 1695 1583 1764 quis
1603 1695 1952 1758 architectus,
1972 1694 2061 1746 do-

2150 542 2248 611 τὴν
2291 543 2370 604 εἰς
2419 541 2564 610 ζωὴν
2612 541 2923 610 ὑπόσχεσιν,
2953 540 3046 592 καὶ
3094 538 3194 608 τῆς
3246 539 3311 590 ὲκ
3356 539 3451 591 τοῦ
3485 539 3734 594 διαϐόλου

2151 629 2412 693 δουλείας,
2438 631 2536 700 τῆς
2567 630 2836 692 υἱοθεσίας
2863 629 2959 699 τὴν
2985 629 3316 697 ἐλευθερίαν.
3335 631 3649 701 ’Λνατρέχει
3675 633 3736 686 δὲ

2151 717 2184 785 ἡ
2225 717 2386 784 φύσις
2407 719 2485 781 είς
2516 718 2575 769 τὸ
2607 719 2851 788 ἀρχαῖον,
2893 718 2962 770 τά
3004 717 3210 787 μεταξὺ
3242 719 3627 788 συμϐεϐηκότα
3657 740 3739 774 νι-

2153 809 2387 878 κήσασα,
2419 807 2505 860 διὰ
2544 807 2642 878 τὴν
2687 809 2846 878 χάριν
2879 807 2971 860 τοῦ
3008 808 3441 878 θεμελιώσαντος
3472 811 3643 882 αὐτὴν
3679 815 3739 864 ἐν

2154 901 2377 968 ἀγαθοῖς
2423 901 2479 952 ὲν
2523 901 2762 971 Χριστῷ,
2811 901 2904 953 καὶ
2935 901 3096 954 πάλιν
3126 903 3302 954 ἐκεῖνο
3345 903 3554 970 γίνεται
3597 905 3738 975 ὅπερ

2153 988 2220 1064 ἦν
2248 995 2304 1045 ἐν
2335 992 2641 1062 προγνώσει
2676 993 2768 1045 τοῦ
2812 992 2968 1055 Θεοῦ,
2995 992 3053 1058 ἐξ
3087 993 3308 1064 ἀγάπης
3337 995 3736 1066 προοριζομένη

2158 1084 2294 1152 πρὸς
2331 1085 2506 1138 πάντα
2539 1084 2606 1136 τά
2630 1084 2888 1136 κάλλιστα
2917 1073 2983 1146 δέ
3017 1083 3168 1136 Υίοῦ.

2505 1382 2707 1442 ΑΛΛΟ,
2747 1382 2828 1447 ὡς
2865 1382 2934 1435 ἐν
2971 1381 3380 1453 ὐποδείῃιιατι.

2229 1514 2355 1579 Πῶς
2397 1517 2530 1585 ἡμῖν
2573 1514 3028 1586 προθεμελιοῦται
3059 1517 3090 1584 ἡ
3127 1515 3220 1568 τοῦ
3256 1516 3389 1569 Θεοῦ
3431 1519 3590 1586 σοφία
3628 1521 3739 1587 πρὸ

2159 1606 2253 1658 τοῦ
2276 1605 2492 1667 αἰῶνος,
2512 1605 2808 1672 ἀναγκαῖον
2841 1605 3206 1677 ίδεῖν.”Ωσπερ
3233 1607 3285 1658 εί
3301 1624 3382 1670 τις
3397 1608 3736 1678 ἀρχιτέκτων

2163 1697 2324 1766 σοφὸς
2339 1697 2490 1750 οἴκου
2513 1697 2859 1766 κατασκευῆς
2881 1699 3202 1768 ἀρχόμενος,
3225 1701 3475 1770 ἐννοήσας
3493 1718 3572 1764 τε,
3592 1703 3736 1756 κατὰ

479 1807 600 1845 mus
641 1790 1051 1843 mdilicationem
1103 1788 1391 1855 incipiens,
1441 1787 1684 1851 cogitans
1739 1800 1948 1848 secum,
2001 1794 2060 1838 ut

2170 1787 2402 1851 τὸείκδς,
2435 1789 2510 1858 μή
2541 1804 2592 1840 τι
2623 1789 2730 1857 ἄρα
2756 1789 2849 1840 καὶ
2880 1789 3065 1854 πάθοι,
3098 1792 3377 1861 προϊόντος
3400 1791 3490 1844 τοῦ
3521 1793 3736 1862 χρόνου,

478 1900 576 1955 par
607 1895 710 1947 est,
739 1899 804 1937 ne
826 1883 1018 1938 domus
1042 1898 1294 1936 successu
1327 1881 1588 1948 temporis
1620 1880 1839 1948 aliquod
1869 1880 2056 1932 vitiant

480 1976 710 2046 accipiat
745 1989 928 2030 eorum
973 1988 1091 2042 qua:
1130 1974 1375 2025 domibus
1418 1971 1668 2026 accidere
1707 1970 1903 2032 solent,
1964 1969 2058 2021 lir-

482 2069 782 2122 missimutn
839 2066 1244 2119 fundamentum
1281 2063 1450 2132 jacit,
1502 2077 1564 2118 ac
1613 2062 1776 2116 veluti
1825 2062 2058 2115 radicem

481 2158 860 2212 inconcussam
886 2155 1139 2222 operibus
1164 2157 1453 2225 excogitat,
1483 2164 1561 2219 ut,
1587 2154 1629 2206 si
1657 2155 1844 2206 vitium
1874 2151 2060 2208 faciat.

481 2265 603 2304 cum
629 2249 950 2318 principium
985 2248 1101 2301 sive
1128 2247 1537 2301 fundamentum
1563 2246 1764 2300 salvum
1787 2244 1879 2307 sit,
1903 2242 2060 2295 aliam

480 2357 669 2394 rursus
698 2340 918 2393 domum
962 2339 1009 2392 ei
1055 2348 1441 2408 superstruere
1487 2337 1650 2406 possit
1689 2350 1701 2384 :
1743 2337 1931 2390 eadem
1974 2350 2063 2387 ra-

483 2431 632 2486 tione
660 2432 901 2484 omnium
937 2441 1156 2484 creator
1185 2429 1458 2483 Christum
1494 2427 1684 2481 salutis
1719 2435 1917 2480 nostrae
1949 2423 2065 2478 fun-

483 2524 795 2578 datnenlum
825 2525 986 2576 etiam
1033 2532 1160 2575 ante
1204 2522 1535 2575 creationem
1577 2521 1757 2574 mundi
1807 2520 1959 2586 jecit,
2000 2535 2059 2571 υι

483 2629 605 2666 cum
635 2628 755 2666 eant
803 2629 897 2681 per
945 2621 1225 2679 peccatum
1267 2610 1582 2664 labefactari
1625 2610 1932 2679 contigerit,
1963 2609 2065 2662 ite-

487 2718 607 2757 rum
641 2705 692 2756 in
721 2705 837 2772 ipso
873 2705 1256 2758 instaurentur.
1290 2702 1563 2768 Quanttnn
1594 2703 1756 2772 igitur
1783 2701 1972 2754 attinet
2001 2702 2068 2754 ad

488 2799 774 2855 consilium
812 2808 864 2850 et
893 2797 1228 2866 propositum
1273 2796 1469 2855 Patris.
1509 2797 1672 2850 etiam
1703 2806 1828 2849 ante
1871 2797 2066 2850 szecula

492 2889 750 2944 fundatur
774 2891 1058 2951 Christus;
1089 2905 1224 2957 opus
1256 2904 1384 2943 vero
1407 2890 1578 2958 ipsum
1601 2904 1700 2942 suo
1727 2899 1964 2956 tempore
1994 2891 2072 2939 ei-

488 2984 686 3037 fcetum
719 2991 825 3046 est,
864 2982 936 3035 ita
973 2983 1221 3051 exigente
1262 2981 1338 3035 rei
1398 2981 1747 3036 necessitate.
1782 2979 2068 3033 Instaurati

488 3075 632 3128 enim
668 3089 854 3126 sumus
909 3074 960 3126 in
1011 3073 1248 3134 Christo,
1303 3072 1565 3125 adventus
1619 3072 1700 3125 sui
1753 3072 1803 3123 in
1850 3085 2068 3122 carnem

2163 1880 2272 1931 τῶν
2303 1879 2402 1931 ὅσα
2436 1880 2646 1947 πέφυκε
2674 1879 2916 1946 γίνεσθαι
2944 1881 3072 1950 περὶ
3113 1881 3210 1943 τὰς
3242 1881 3349 1933 τῶν
3376 1880 3742 1952 οἰκοδομημά-

2161 1988 2270 2024 των
2300 1970 2665 2034 κατασκευὰς,
2691 1969 2941 2041 θεμέλιον
2964 1972 3178 2043 ἀρραγῆ
3207 1973 3628 2035 καταϐάλλεται,
3650 1974 3741 2026 καὶ

2167 2063 2324 2134 ῥίζαν
2353 2062 2541 2134 ὥσπερ
2572 2063 2866 2134 ἀκλόνητον
2906 2068 3018 2128 τοῖς
3064 2065 3245 2136 ἔργοις
3270 2068 3497 2130 ἐπινοεῖ,
3527 2067 3592 2118 ἵν’
3617 2067 3669 2120 εί
3687 2083 3736 2117 τι

2165 2156 2260 2208 καὶ
2310 2155 2470 2208 πάθοι
2519 2156 2832 2227 σωζομένην
2876 2155 3064 2226 ἔχοντα
3099 2157 3196 2229 τὴν
3223 2157 3420 2228 ἀρχὴν,
3453 2155 3606 2221 αὖθις
3639 2158 3735 2211 ἐπ’

2166 2247 2304 2317 αὐτῇ
2351 2247 2445 2299 καὶ
2474 2248 2772 2318 ἀναστῆναι
2805 2249 3038 2320 δυνηθῇ·
3073 2249 3164 2302 τὸν
3201 2250 3362 2304 αὐτὸν
3391 2251 3456 2322 δὴ
3490 2252 3678 2321 τρόπον
3705 2253 3730 2301 ὁ

2168 2339 2386 2392 πάντων
2432 2339 2782 2410 δημιουργὸς,
2831 2341 2929 2411 τῆς
2984 2341 3256 2412 ἡμετέρας
3311 2342 3582 2413 σωτηρίας
3612 2359 3734 2413 προ-

2167 2430 2493 2497 εθεμελίωσε
2523 2431 2612 2483 τὸν
2637 2430 2891 2501 Χριστὸν,
2923 2433 3015 2483 καὶ
3042 2430 3148 2502 πρὸ
3173 2432 3272 2499 τῆς
3297 2431 3390 2483 τοῦ
3422 2434 3625 2501 κόσμου
3649 2449 3737 2482 κα-

2168 2523 2460 2590 τασκευῆς,
2488 2521 2554 2572 ἵν’
2581 2521 2880 2591 ἐπειδήπερ
2911 2520 3090 2591 συμϐῇ
3121 2524 3303 2574 πεσεῖν
3331 2522 3415 2574 διὰ
3443 2523 3536 2589 τὴν
3565 2521 3736 2590 παρά-

2171 2609 2349 2674 ϐασιν,
2379 2609 2533 2675 αὖθις
2572 2613 2988 2682 ἀνακτισθῶμεν
3021 2614 3109 2665 ἐπ’
3140 2613 3473 2683 αύτῷ.”οσον
3517 2614 3612 2683 μὲν
3643 2611 3732 2664 οῦν

2171 2708 2253 2768 είς
2282 2705 2473 2775 βουλήν
2499 2721 2558 2756 τε
2585 2705 2677 2757 καὶ
2705 2705 2960 2774 πρόθεσιν
2987 2705 3083 2759 τοῦ
3116 2706 3349 2776 Πατρὸς,
3375 2707 3465 2758 καὶ
3506 2706 3612 2777 πρὸ
3644 2704 3736 2757 τοῦ

2172 2796 2367 2859 αἰῶνος
2409 2795 2748 2865 θεμελιοῦται
2782 2797 3014 2866 Χριστός
3037 2813 3048 2826 ·
3092 2797 3153 2849 τὸ
3184 2797 3239 2850 δέ
3282 2815 3343 2865 γε
3379 2797 3536 2864 ἔργον
3561 2797 3744 2865 οἰκείῳ

2171 2889 2362 2954 γέγονε
2417 2887 2611 2957 καιρῷ,
2663 2887 2832 2950 οὕτως
2885 2888 3221 2959 ἀπαιτούσης
3273 2889 3370 2959 τῆς
3418 2888 3606 2959 χρείας
3653 2886 3744 2939 τοῦ

2174 2979 2518 3050 πράγματος.
2539 2977 2939 3047 Ἀνανεούμεθα
2973 2980 3082 3049 γὰρ
3129 2981 3187 3031 ὲν
3234 2980 3453 3050 Χριστῷ
3488 2979 3629 3031 κατὰ
3659 2977 3748 3030 τὸν

2172 3071 2270 3139 τῆς
2314 3068 2606 3139 ἐπιδημίας
2654 3070 2866 3140 καιρὸν,
2899 3071 2948 3122 οἱ
2978 3071 3071 3123 καὶ
3113 3072 3278 3125 πάλαι
3332 3073 3431 3141 τῆς
3479 3071 3750 3142 σωτηρίας

492 3173 750 3232 tempore,
781 3164 848 3216 ab
874 3174 1077 3217 :eterno
1114 3163 1302 3216 salutis
1335 3177 1530 3217 nostra:
1556 3163 1961 3217 fundamentum
1992 3165 2065 3231 ip-

2177 3162 2336 3214 αύτὸν
2368 3162 2616 3232 θεμέλιον
2646 3162 2879 3230 ἔχοντες.

491 3270 612 3310 sum
643 3255 926 3308 habentes.

829 3384 1396 3475 ASSERTIO
1467 3387 1730 3474 XVI.

496 3552 574 3606 De
614 3552 905 3605 (rternitate
949 3550 1098 3607 Filii.
1139 3562 1184 3604 et
1217 3551 1354 3618 quod
1388 3556 1809 3618 inseparabiliter
1853 3571 1917 3609 ex
1947 3557 2068 3609 sab-

945 3625 1144 3674 stantia
1179 3620 1356 3674 Patris
1387 3635 1617 3676 emanat.

499 3733 736 3803 Οὐλπιίο
796 3735 1155 3799 Arianorum;
1217 3753 1373 3804 quant
1431 3753 1541 3788 sum
1587 3749 1874 3807 sequantur
1924 3740 2069 3793 solu-

1187 3818 1373 3860 (tones.

568 3922 638 3975 At
669 3935 774 3988 quo
815 3930 992 3988 pacto,
1043 3920 1317 3989 inquiunt.
1349 3923 1516 3990 possit
1548 3937 1668 3977 esse
1712 3932 1945 3979 mternus
1982 3925 2071 3979 Fi-

498 4011 638 4067 lius?
665 4015 767 4065 Aut
788 4015 1080 4081 quomodo,
1101 4029 1222 4068 Clltll
1249 4029 1312 4067 ex
1347 4015 1503 4067 l‘atre
1532 4019 1807 4082 procedat,
1833 4033 1936 4071 non
1960 4033 2074 4069 om-

501 4106 629 4159 nino
678 4105 746 4156 ah
804 4107 918 4174 ipso
981 4108 1309 4175 separetur?
1381 4107 1514 4160 Nam
1568 4110 1710 4176 quod
1772 4127 1831 4164 ex
1897 4110 2075 4178 aliquo

498 4197 775 4263 procedit,
851 4211 1075 4249 necesse
1141 4208 1223 4250 est
1287 4207 1342 4249 ut
1392 4199 1461 4251 sit
1517 4214 1642 4266 pars
1697 4200 1946 4252 es<entiae
2009 4213 2072 4252 ex

499 4303 604 4354 qua
656 4287 944 4356 processit.
1003 4289 1154 4353 Quod
1209 4299 1386 4341 autem
1432 4301 1738 4357 separatum
1787 4303 1868 4343 est
1897 4308 1958 4343 at:
1993 4293 2075 4342 di-

501 4377 699 4440 visum,
729 4376 980 4430 omnibus
1009 4379 1124 4431 suis
1156 4379 1398 4444 partibus
1429 4381 1692 4448 integrum
1724 4398 1842 4435 esse
1873 4386 2074 4453 nequit.

956 4487 1159 4542 Salutio
1190 4505 1282 4556 per
1313 4493 1625 4556 exemplum.

572 4619 708 4686 Quid
747 4619 908 4689 igitur
935 4620 1115 4672 dicent
1145 4619 1392 4672 accidere
1422 4621 1543 4684 soli,
1577 4625 1791 4690 quando
1819 4627 2076 4695 splendo-

501 4727 616 4766 rem
655 4728 809 4764 suum
843 4727 906 4764 ex
947 4727 1004 4764 se
1040 4712 1276 4765 emittit?
1313 4712 1451 4779 Quid
1489 4715 1618 4784 igni,
1671 4731 1732 4769 ex
1778 4733 1884 4786 quo
1926 4721 2074 4775 calor

499 4805 774 4874 procedit?
825 4803 1284 4874 Separationesue
1334 4822 1396 4859 ac
1441 4805 1732 4861 divisiones
1775 4809 1826 4862 in
1867 4809 2074 4877 eiusce-

501 4897 644 4949 tuodi
691 4895 1011 4948 substantiis
1048 4896 1160 4946 tieri
1210 4897 1470 4948 censent?
1515 4898 1583 4951 At
1613 4913 1740 4952 vero
1783 4900 1862 4952 sol
1900 4917 2075 4956 nonne

503 4987 572 5042 ita
622 4987 859 5054 splendet
907 4995 968 5040 ut
1015 4986 1158 5039 nulla
1210 4988 1416 5040 ratione
1462 4989 1852 5042 itntniuuatnr?
1894 4992 2076 5060 Neque

500 5080 644 5132 enim
679 5084 963 5147 quisquam
1003 5079 1342 5147 splendorem
1377 5079 1620 5134 localiter
1673 5083 1739 5135 ab
1786 5098 1850 5146 eo
1895 5100 2076 5137 secer-

502 5182 634 5224 nere
666 5172 852 5237 possit.
890 5169 965 5222 Ex
1017 5170 1140 5238 igne
1184 5184 1310 5223 vero
1350 5187 1454 5224 non
1509 5174 1798 5239 separatim
1839 5173 2072 5227 Calorem

503 5263 884 5330 procedentem
919 5261 1162 5312 videnzns
1193 5280 1205 5314 :
1238 5262 1329 5314 sed
1365 5273 1446 5316 est
1470 5265 1636 5330 ipsius
1663 5269 1912 5320 essentize
1937 5268 2074 5334 ignis

505 5351 730 5413 fructus,
779 5352 1210 5419 inseparabiliter
1255 5352 1416 5422 176
1456 5368 1520 5408 ex
1572 5355 1687 5422 ipso
1740 5360 2073 5423 procedens,

505 5443 645 5496 sicut
673 5452 726 5496 et
756 5444 1010 5512 splendor
1055 5457 1085 5495 e
1117 5445 1252 5500 lucc.
1290 5445 1478 5514 Neque
1511 5448 1651 5500 enim
1691 5447 1865 5503 lumen
1898 5453 2077 5505 subsi-

509 5541 652 5586 stere
685 5544 867 5601 potest
899 5536 1102 5599 absque
1137 5535 1455 5602 splendore;
1491 5553 1664 5606 neque
1705 5541 1842 5608 ignis
1877 5545 2078 5612 absque

508 5623 560 5676 vi
588 5618 958 5678 calefaciendi.
991 5624 1217 5693 Semper
1239 5628 1381 5680 enim
1413 5629 1785 5685 adhterescunt
1811 5645 1862 5686 et
1885 5636 2075 5689 adnata

510 5725 638 5770 sunt
684 5715 813 5781 ipsis
868 5718 1184 5770 substantiis
1229 5735 1347 5786 qua:
1402 5735 1464 5773 ex
1525 5723 1588 5775 iis
1635 5725 1943 5786 gignuntur.
1999 5730 2074 5782 Ita

2651 3375 3013 3463 ΛΟΓΟΣ
3089 3372 3268 3465 ια’.
3741 3475 3756 3509 δ

2169 3557 2304 3625 Περὶ
2345 3555 2678 3623 ἁϊδιότητος
2710 3555 2868 3626 flow”),
2921 3557 3018 3609 καί
3050 3556 3138 3610 ὅτι
3169 3557 3503 3625 ἀμετρία-τως
3535 3555 3763 3626 προῆλ-

2464 3629 2570 3678 θεν
2593 3626 2660 3678 ἐκ
2687 3625 2797 3693 τῆς
2828 3629 3043 3693 οὐσίας
3076 3627 3181 3681 τοῦ
3208 3630 3456 3695 Πατρός.

2185 3736 2505 3801 Ἀντίθεσις
2531 3739 2851 3806 Ἀρειανῶν
2873 3757 2885 3769 ·
2914 3742 3065 3808 πρὸς
3092 3740 3171 3808 ἢν
3191 3745 3251 3794 αἱ
3270 3744 3484 3807 λύσεις
3507 3744 3760 3812 ἑφεξῆς.

2245 3913 2354 3965 Καὶ
2386 3912 2502 3975 πῶς
2546 3913 2612 3965 ἂν
2644 3913 2882 3978 δύναιτο,
2922 3914 3104 3982 φασιν,
3135 3914 3303 3977 ἀΐδιος
3350 3909 3487 3966 εἶναι
3534 3916 3564 3966 ὁ
3601 3915 3762 3979 Υἱός;

2176 4005 2291 4068 πῶς
2325 4004 2381 4056 δὲ
2424 4004 2699 4076 προελθὼν
2743 4007 2806 4058 ὲκ
2854 4006 3086 4075 Πατρδς,
3121 4007 3181 4058 οὺ
3218 4006 3436 4067 πάντως
3467 4005 3641 4058 αὐτοῦ
3672 4007 3765 4058 καὶ

2180 4097 2541 4168 μεμέρισται;
2571 4098 2642 4150 Τὸ
2671 4097 2778 4168 γὰρ
2809 4097 2871 4150 ἐκ
2897 4114 3041 4160 τινος
3071 4097 3350 4167 προελθὸν,
3385 4098 3551 4167 μέρος
3585 4097 3654 4150 ἂν
3677 4098 3764 4166 εἴη

2176 4191 2274 4259 τῆς
2303 4189 2509 4254 οὐσίας,
2537 4191 2629 4259 ἀφ’
2664 4185 2730 4261 ἧς
2760 4192 2852 4242 καὶ
2882 4190 3236 4260 προελήλυθε.
3260 4189 3333 4242 Τὸ
3361 4189 3418 4240 δὲ
3450 4187 3604 4251 ἅπαξ
3630 4189 3766 4241 ἀπο-

2181 4281 2455 4352 μερισθὲν,
2485 4282 2582 4334 οῦκ
2618 4281 2682 4335 ἂν
2710 4282 3002 4353 ὁλόκληρον
3035 4278 3171 4335 εἶναι
3205 4285 3394 4334 νοοῖτο.

2533 4491 2627 4555 Ἐξ
2669 4490 3100 4559 ὑποδείγματος
3139 4491 3175 4556 ἢ
3214 4490 3416 4553 λύσις.

2249 4627 2314 4678 Τί
2351 4621 2443 4678 οῦν
2493 4625 2600 4696 ἄρα
2633 4627 2858 4693 φήσουσι
2912 4625 3229 4694 συμϐαίνειν
3276 4625 3404 4692 περὶ
3445 4625 3537 4676 τὸν
3589 4624 3763 4693 ἥλιον.

2179 4720 2308 4773 ὅταν
2342 4718 2602 4790 ὲκπέμπῃ
2648 4719 2708 4770 τδ
2761 4718 2889 4771 ἴδιον
2939 4717 3313 4786 ἀπαύγασμας
3351 4716 3413 4768 Τί
3454 4715 3510 4767 δὲ
3544 4719 3675 4786 περὶ
3705 4718 3767 4769 τὸ

2181 4813 2290 4883 πῦρ
2319 4811 2596 4880 νομίζουσι
2639 4810 2904 4878 γίνεσθαι,
2939 4811 3065 4863 ὅταν
3100 4810 3158 4874 ἐξ
3197 4809 3390 4862 ἑαυτοῦ
3419 4810 3518 4880 τὴν
3549 4810 3764 4878 θερμα-

2183 4902 2302 4954 σίαν
2334 4903 2628 4974 ἐκπέμπῃς
2663 4903 2980 4970 Μερισμοῦς
3010 4898 3116 4972 ἆρα
3139 4903 3232 4954 καὶ⁵
3253 4901 3537 4964 ἀποκοπάς
3562 4901 3622 4952 ἐν
3644 4903 3767 4962 ταῖς

2179 4992 2457 5055 τοιαύταις
2489 4993 2699 5054 οὐσίαις
2744 4991 3185 5060 ὑπολαμϐάνουσι
3233 4991 3508 5058 γίνεσθαι;
3543 4990 3654 5042 Καὶ
3686 4989 3766 5058 μὴ

2181 5086 2385 5156 λάμπει
2411 5085 2510 5154 μὲν
2530 5087 2557 5136 ὁ
2582 5085 2731 5154 ἥλιος
2757 5083 2876 5135 κατ’
2893 5083 3080 5135 οὐδένα
3108 5082 3307 5152 τρόπον
3332 5079 3729 5146 ἐλαττούμενος
3750 5094 3766 5138 ;

2181 5177 2351 5230 Διέλοι
2401 5177 2443 5228 δ’
2471 5175 2536 5228 ἂν
2564 5175 2739 5238 οὐδεὶς
2788 5173 3029 5236 τοπικῶς
3060 5174 3119 5226 τὸ
3146 5173 3487 5241 ἀπαύγασμα
3533 5171 3631 5222 ἀπ’
3663 5170 3769 5222 αὐ·-

2183 5268 2294 5321 τοῦ.
2315 5268 2447 5320 Ἀπί)
2471 5267 2526 5319 δέ
2557 5285 2618 5334 γε
2658 5267 2751 5319 τοῦ
2784 5265 2972 5336 πυρὸς,
3003 5266 3062 5317 ού
3094 5265 3513 5335 μεμερισμένως
3543 5262 3770 5331 ὁρῶμεν

2183 5361 2280 5430 τὴν
2297 5359 2594 5430 θερμασίαν
2627 5359 3012 5428 ὲκτρέχουσαν,
3046 5358 3160 5411 ἀλλ’
3184 5357 3296 5410 ἐστι
3331 5358 3428 5425 τῆς
3461 5353 3553 5406 τοῦ
3592 5352 3769 5417 πυρὸς

2185 5453 2366 5514 οὐσίας
2412 5451 2621 5521 καρπὸς
2653 5451 2966 5519 ἀμερίστως
3001 5449 3057 5514 ἐξ
3104 5450 3273 5518 αὐτῆς
3310 5448 3543 5518 προῖὼν,
3575 5445 3769 5512 ὥσπερ

2185 5547 2277 5597 καὶ
2301 5545 2361 5596 τὸ
2390 5543 2728 5612 ἀπαύγασμα
2755 5543 2847 5594 τοῦ
2876 5543 3072 5610 φωτός.
3101 5545 3209 5595 Καὶ
3237 5543 3334 5594 οῦκ
3365 5541 3429 5592 ἂν
3457 5540 3536 5607 εἴη
3562 5537 3626 5589 τὸ
3652 5536 3770 5604 φῶς

2185 5652 2312 5686 ποτε
2347 5637 2512 5703 χωρὶς
2542 5632 2996 5702 ἀπαυγάσματος,
3029 5632 3149 5683 οὐδὲ
3193 5632 3253 5682 τὸ
3304 5629 3413 5697 πῦρ
3446 5625 3618 5696 χωρὶς
3673 5621 3770 5676 τοῦ

2185 5727 2514 5780 θερμαίνειν.
2537 5726 2645 5777 ’Λεὶ
2679 5726 2784 5783 γὰο
2819 5725 3184 5787 παραπέφυκε
3212 5726 3326 5784 ταῖς
3366 5718 3644 5776 τοιαύταις
3680 5717 3772 5765 ού-
