4078 6260
498 302 604 358 9.97

1887 308 2327 367 Tlll‘JSAURUS.

3649 319 3752 374 998

503 422 639 483 σίαις
665 418 735 474 τὰ
763 420 824 484 ἐξ
851 419 1036 474 αὐτῶν
1056 421 1372 492 τικτόμενα.
1406 425 1562 479 Οὕτω
1591 442 1681 496 μοι
1705 427 1812 479 νόει
1839 425 1925 480 τὸν
1958 427 2079 478 Υἱὸν

2189 428 2353 483 etiam
2391 437 2600 484 statuas
2641 426 2835 482 Filium
2869 442 2933 482 ex
2969 429 3203 483 essentia
3247 429 3420 484 Patris
3460 435 3751 500 proceden-

500 515 560 566 ἐκ
599 515 699 582 τῆς
731 513 826 564 τοῦ
868 512 1086 584 Πατρὸς
1117 515 1304 578 οὐσίας
1341 518 1764 587 προερχόμενον,
1795 517 1981 579 ἀϊδίως
2021 533 2078 570 τε

497 604 623 659 ὄντα
668 606 727 656 ἐν
771 603 941 674 αὐτῷ,
975 605 1073 657 καὶ
1107 605 1167 657 ὲν
1200 604 1304 676 [δίᾳ
1330 606 1618 677 νοούμενον
1648 608 1960 671 ὑποστάσει,
1988 607 2080 660 καὶ

497 696 617 747 κατ’
651 695 845 749 οὐδένα
888 696 1090 766 τρόπον
1139 695 1466 751 ὲλαττοῦντα
1499 699 1598 769 τὴν
1631 698 1725 751 τοῦ
1757 699 1965 768 Πατρὸς
1993 699 2082 751 οὐ·

500 785 646 852 σίαν,
678 788 712 856 ἢ
744 786 907 838 αὐτὸν
942 787 1145 856 ταύτης
1173 788 1640 859 ἀπομεριζόμενον
1660 810 1674 825 ο
1709 790 1820 842 ἀλλ’
1849 785 1987 842 εἶναί
2023 805 2079 842 τε

502 878 668 930 αὐτὸν
710 880 768 930 ὲν
799 877 994 948 Πατρὶ,
1022 879 1116 932 καὶ
1151 877 1292 948 ἔχειν
1321 881 1378 932 ὲν
1405 880 1584 949 ἑαυτῷ
1616 880 1706 933 τὸν
1741 882 1976 952 Πατέρα,
2007 881 2081 944 ὡς

503 969 600 1020 καὶ
635 967 918 1039 ἀληθεύειν
961 968 1216 1037 λέγονταο
1254 989 1272 1021 ι
1296 970 1436 1038 Ἐγὼ
1481 974 1539 1024 έν
1584 972 1662 1043 τῷ
1707 974 1901 1044 Πατρὶ,
1937 973 2030 1027 καὶ
2053 977 2080 1026 6

509 1059 702 1128 Πατὴρ
730 1061 787 1111 ὲν
816 1060 967 1127 ἐμοί’
1001 1078 1018 1110 ι
1060 1060 1151 1112 καὶ
1179 1060 1265 1114 διὰ
1295 1060 1355 1113 τὸ
1399 1064 1498 1132 τῆς
1536 1063 1724 1126 οὐσίας
1766 1064 2082 1135 ἀπαραλλα-

507 1167 656 1210 κτον,
689 1149 848 1202 αὐτόν
877 1168 934 1203 τε
979 1150 1038 1204 ἐν
1082 1151 1159 1221 τῷ
1185 1154 1380 1222 Πατρὶ,
1411 1154 1506 1206 καὶ
1535 1156 1592 1206 ὲν
1622 1154 1769 1225 αὐτῷ
1796 1156 2082 1223 φαίνεσθαι

505 1240 597 1292 τὸν
631 1240 865 1311 Πατέρα,
890 1241 1036 1294 οὕτω
1082 1259 1138 1294 τε
1182 1242 1439 1296 δύνασθαι
1477 1243 1683 1314 λέγειν·
1721 1265 1738 1296 ι
1762 1245 1902 1314 Ἐγὼ
1931 1248 2024 1300 καὶ
2055 1249 2082 1299 6

501 1331 688 1400 Πατὴρ
717 1331 773 1382 ἓν
803 1332 973 1402 ἐσμεν
995 1348 1008 1360 ·
1056 1329 1112 1384 Ὀ
1143 1333 1402 1404 ἑωρακὼς
1432 1336 1552 1404 ἐμὲ,
1584 1334 1792 1404 ἑώρακε
1835 1337 1926 1388 τὸν
1980 1339 2085 1390 Πα·

496 1421 649 1494 τέρα.
681 1443 700 1475 ι

1191 1540 1391 1595 AAAO.

571 1649 639 1700 Οἱ
685 1649 947 1716 λέγοντες
989 1650 1349 1715 ἀποκεκόφθαι
1379 1650 1475 1718 τῆς
1508 1650 1602 1704 τοῦ
1634 1651 1846 1720 Πατρὸς
1894 1654 2081 1717 οὐσίας

2185 526 2316 581 tem,
2349 517 2417 572 ab
2439 527 2637 574 aeterno
2663 518 2714 570 in
2746 517 2863 586 ipso
2886 517 3172 582 exsistere,
3208 519 3424 572 tametsi
3457 520 3510 572 in
3540 524 3754 588 propria

2183 606 2460 675 bypostasi
2509 607 2787 670 subsistat,
2819 606 3069 677 nullaque
3100 607 3308 662 ratione
3344 606 3520 662 Patris
3567 623 3754 663 essen-

2185 699 2313 752 tiam
2362 699 2717 764 imminuere,
2777 707 2870 754 aut
2919 701 2985 754 ab
3034 699 3121 754 illa
3165 701 3452 770 separari:
3486 701 3579 754 sed
3635 716 3757 755 esse

2184 789 2356 859 ipsum
2402 791 2453 845 in
2486 791 2664 856 Patre,
2700 800 2755 845 et
2781 792 3019 847 vicissim
3070 792 3280 846 Patrem
3315 794 3365 845 in
3416 805 3474 846 se
3516 793 3751 854 habere;

2183 879 2319 933 adeo
2367 889 2425 933 ut
2472 895 2597 935 vere
2643 880 2833 935 dicat:
2873 901 2890 933 ι
2920 881 3032 950 Ego
3061 883 3113 935 in
3163 881 3343 946 Patre,
3395 889 3450 937 et
3490 882 3650 936 Pater
3699 883 3753 935 iu

2186 983 2270 1024 me
2298 971 2337 1001 ¹¹
2375 989 2386 1023 :
2419 988 2436 1020 ι
2467 979 2522 1026 et
2563 981 2786 1040 propter
2819 972 3184 1027 omnimodam
3219 973 3472 1028 essentia:
3503 972 3752 1027 similitu-

2183 1061 2363 1114 dinem
2402 1061 2574 1130 ipsum
2609 1061 2663 1114 in
2692 1061 2874 1128 Patre,
2906 1070 2960 1117 et
2983 1063 3196 1119 Patrem
3230 1064 3283 1118 in
3319 1064 3438 1134 ipso
3471 1066 3642 1131 cerni,
3669 1073 3751 1118 at-

2184 1168 2286 1222 que
2335 1153 2408 1207 ita
2457 1168 2616 1222 posse
2664 1154 2884 1210 dicere:
2921 1173 2938 1206 ι
2975 1156 3083 1225 Ego
3135 1164 3191 1211 et
3237 1156 3400 1212 Pater
3449 1174 3615 1213 unum
3663 1174 3755 1214 su-

2187 1260 2304 1298 Inus
2329 1244 2369 1274 "
2397 1263 2410 1297 :
2441 1243 2539 1311 Qui
2574 1245 2705 1297 vidit
2743 1260 2848 1310 tne,
2885 1245 3016 1299 vidit
3041 1256 3095 1299 et
3122 1245 3338 1301 Patrem
3366 1249 3427 1301 ".
3465 1269 3480 1300 ι

2860 1527 3086 1584 ALIUD.

2258 1643 2358 1708 Qui
2396 1642 2584 1696 dicunt
2640 1652 2908 1697 resectum
2937 1654 3097 1714 atque
3129 1645 3358 1700 divtsum
3407 1661 3527 1701 esse
3573 1649 3637 1702 ab
3667 1664 3756 1703 es~

503 1740 594 1792 τὸν
627 1740 788 1800 Υἱδν,
817 1739 907 1792 διὰ
934 1740 994 1792 τὸ
1023 1740 1078 1803 ἐξ
1103 1740 1264 1808 αὐτῆς
1298 1740 1594 1810 προελθεῖν,
1623 1744 1718 1796 καὶ
1744 1738 1880 1796 εἶναι
1917 1744 2079 1814 μέρος

2188 1733 2359 1788 scntia
2389 1731 2567 1786 Patris
2602 1731 2816 1796 Filium,
2847 1734 2970 1802 quia
3015 1748 3080 1788 cx
3129 1735 3244 1804 ipso
3279 1735 3540 1802 procedit,
3591 1748 3756 1806 atque

509 1829 701 1883 λοιπὸν
753 1831 852 1900 οὐχ
900 1829 1199 1901 ὁλόκληρον,
1231 1831 1530 1898 λεγέτωσαν
1576 1833 1953 1902 ἀποκεκόφθαι
1983 1835 2077 1889 καὶ

514 1920 608 1974 τοῦ
637 1921 808 1989 φωτὸς
831 1922 890 1972 τὸ
918 1919 1269 1989 ἀπαύγασμα,
1308 1923 1399 1974 καὶ
1431 1922 1525 1974 τοῦ
1559 1923 1727 1994 πυρὸς
1757 1923 1856 1994 τὴν
1889 1923 1948 1986 ἐξ
1978 1924 2079 1976 αὖ,

509 2012 602 2064 τοῦ
628 2011 918 2081 προῐοῦσαν
943 2011 1268 2082 θερμασίαν,
1295 2013 1391 2066 καὶ
1417 2013 1510 2066 τοῦ
1533 2014 1624 2066 νοῦ
1652 2015 1743 2067 τὸν
1769 2015 1926 2082 λόγον
1945 2031 1958 2043 ’
1986 2017 2080 2068 καὶ

495 2103 859 2157 δεικνύτωσαν
913 2105 996 2157 ὅτι
1037 2104 1177 2175 μέρη
1219 2103 1396 2156 ταῦτα
1444 2104 1782 2175 διηρημένως
1819 2108 1937 2159 ἐστὶ
1969 2106 2078 2158 τῶν

487 2192 712 2256 οὐσιῶν,
743 2194 806 2259 ἐξ
860 2187 938 2246 ὧν
990 2195 1085 2246 καὶ
1132 2193 1515 2263 προέρχονται,
1556 2194 1592 2262 ἦ
1633 2196 1714 2247 ὃτι
1762 2197 1928 2265 χωρὶς
1980 2196 2078 2266 μὲν

490 2285 939 2351 ἀπαυγασματος
969 2279 1040 2352 ἧν
1070 2301 1203 2336 ποτε
1246 2285 1306 2337 τὸ
1349 2285 1485 2353 φῶς,
1516 2285 1680 2355 χωρὶς
1705 2285 1760 2338 δὲ
1785 2285 2079 2356 θερμασίας

495 2373 562 2426 τὸ
597 2374 735 2445 πῦρ,
773 2374 972 2440 ἄλογος
1012 2373 1070 2426 δὲ
1110 2376 1138 2426 ὁ
1175 2374 1318 2437 νοῦς.
1349 2375 1460 2428 Καὶ
1483 2375 1603 2427 τότε
1634 2374 2081 2444 φανταζέσθωσαν

495 2465 735 2518 τοιαῦτὰ
760 2482 889 2517 τινα
917 2464 1160 2535 καὶπερὶ
1186 2465 1274 2518 τὸν
1291 2464 1383 2517 τοῦ
1405 2465 1537 2518 Θεοῦ
1553 2466 1740 2533 Λόγον.
1758 2467 1820 2518 Ei
1838 2466 1895 2520 δὲ
1917 2467 2079 2522 ταῦτα

494 2553 723 2608 σύνεστι
749 2555 856 2624 μὲν
875 2555 966 2609 ἀεὶ
985 2559 1106 2619 ταῖς
1125 2557 1352 2621 οὐσίαις,
1375 2557 1467 2625 ἀφ’
1484 2552 1558 2609 ὧν
1588 2558 1678 2609 καὶ
1703 2559 2074 2629 προέρχονται,

488 2645 816 2717 ἁμερίστως
844 2645 902 2697 δὲ
928 2646 1089 2698 τοῦτο
1105 2646 1334 2712 ποιοῦσι,
1360 2647 1451 2699 καὶ
1475 2648 1536 2700 οὐ
1561 2651 1972 2719 κεχωρισμένως
1994 2651 2076 2719 (οὐ

493 2737 598 2808 γὰρ
635 2737 786 2806 πάθη
823 2741 921 2792 καὶ
948 2738 1234 2801 ἀποκοπὰς
1257 2737 1574 2808 ἐμποιοῦσιν
1605 2739 1837 2808 αὐταῖς),
1870 2739 1986 2803 πῶς
2015 2742 2076 2794 οὐ

496 2828 676 2898 πάσης
712 2829 854 2881 εἰσὶν
885 2829 1143 2893 ἀσεϐείας
1176 2829 1429 2882 ἐπέκεινα
1456 2829 1626 2882 ταῦτα
1656 2833 1721 2901 τῇ
1753 2829 1874 2901 θείᾳ
1917 2831 2075 2900 φύσει

502 2920 927 2989 προσάπτοντες,
959 2919 995 2973 ἃ
1037 2920 1170 2991 μηδὲ
1212 2921 1342 2990 περὶ
1378 2920 1474 2992 τὴν
1505 2919 1613 2973 τῶν
1642 2922 1886 2992 γενητῶν
1915 2923 2078 2991 φύσιν

507 3010 753 3078 γενέσθαι
795 3011 912 3082 δοίη
953 3029 1040 3072 τις
1074 3011 1160 3072 ἂν,
1207 3013 1260 3065 ετ
1289 3029 1353 3080 γε
1386 3012 1511 3065 νοῦν
1545 3013 1655 3082 ἔχοι
1708 3014 1804 3066 καὶ
1852 3014 2074 3084 φρονοίη

516 3100 691 3163 καλῶς
709 3118 726 3166 ;

1181 3217 1385 3270 AAAO.

747 3327 838 3392 Ὧς
872 3327 939 3392 ἐξ
974 3327 1330 3394 ἀντιθέσεως
1368 3328 1485 3382 τῶν
1520 3325 1850 3396 αἱρετικῶν.

573 3459 686 3512 Καὶ
725 3459 863 3520 πῶς,
896 3459 1048 3526 φασὶ,
1083 3457 1303 3512 δύναται
1331 3461 1359 3511 6
1385 3460 1511 3522 Υἱὸς
1554 3458 1720 3520 ἀΐδιος
1769 3454 1908 3512 εἶναι
1942 3459 2082 3528 μετὰ

504 3549 752 3621 Πατρός;
801 3550 912 3602 Καὶ
943 3550 1049 3618 γὰρ
1092 3551 1141 3602 οἱ
1183 3549 1293 3602 τῶν
1324 3548 1625 3619 ἀνθρώπων
1674 3550 1779 3602 υἱοὶ
1803 3551 2078 3603 τίκτονται

509 3641 646 3710 μετὰ
694 3641 821 3702 τοὺς
866 3640 1131 3709 πατέρας,
1183 3640 1278 3691 καὶ
1323 3639 1534 3709 χρόνοις
1581 3637 1805 3709 ὕστερον
1842 3637 2079 3706 γίνονται

504 3731 738 3796 πολλοῖς,
767 3731 867 3782 οὐκ
896 3730 1043 3792 ὄντες
1073 3729 1202 3798 πρὶν
1241 3729 1589 3799 γεννηθῆναι.
1623 3729 1746 3790 Πῶς
1776 3729 1832 3780 δὲ
1862 3728 2020 3780 πάλιν
2053 3729 2081 3780 6

509 3819 638 3884 Υἱὸς
663 3821 832 3888 Λόγος
858 3815 997 3873 εἶναι
1016 3818 1257 3883 δύναται,
1285 3818 1317 3889 ἢ
1341 3819 1501 3872 είκὼν
1523 3818 1616 3871 τοῦ
1641 3817 1776 3870 Θεοῦ
1799 3834 1811 3881 ;
1837 3819 1944 3871 Καὶ
1970 3817 2080 3887 γὰρ

507 3911 538 3963 6
569 3911 676 3963 τῶν
709 3910 805 3963 ἀνθ
817 3910 1012 3980 ρώπων
1040 3909 1194 3976 λόγος
1223 3908 1345 3962 οὐτε
1374 3910 1734 3978 ὲνυπόστατός
1767 3913 1934 3974 ἐστιν,
1957 3911 2080 3963 οὔτε

508 4004 648 4074 μετὰ
680 4004 740 4056 τὸ
775 4003 1010 4074 ῥηθῆναι
1056 4002 1286 4064 σώζεται
1309 4019 1324 4033 ο
1371 4004 1485 4056 ἀλλ’
1516 3983 1799 4068 εὐθὺῖεξς
1827 4004 1888 4056 τὸ
1921 4003 1995 4074 μὴ
2021 4004 2080 4056 ὃν

505 4095 817 4158 ἀναλύεται,
846 4095 1094 4164 σημήνας
1143 4094 1204 4144 τὸ
1255 4093 1396 4147 κατὰ
1440 4095 1682 4147 διάνοιαν
1722 4095 1802 4164 τῷ
1834 4094 2080 4147 λαλοῦντι

506 4187 778 4257 κείμενον,
815 4187 910 4238 καὶ
956 4185 1024 4238 τὰ
1057 4187 1112 4236 ὲν
1141 4185 1217 4254 τῷ
1249 4185 1402 4255 βάθει
1437 4186 1535 4256 τῆς
1580 4186 1805 4256 καρδίας
1855 4203 2082 4257 φανερο-

508 4280 742 4349 ποιήσας
768 4278 1035 4346 νοήματα.

991 4385 1146 4453 Πρὸς
1183 4385 1358 4438 τοῦτο
1397 4385 1599 4451 λύσις.

583 4499 646 4552 Εἰ
694 4498 792 4566 μὲν
835 4497 908 4560 ὡς
955 4496 1240 4568 ἅνθρωπος
1277 4497 1446 4560 οὓτως
1499 4500 1614 4551 ἐστὶ
1662 4501 1754 4552 καὶ
1801 4501 1952 4565 Θεὸς,
1985 4502 2080 4555 καὶ

512 4590 672 4644 πλέον
700 4590 809 4642 τῶν
835 4589 893 4641 ἐν
925 4591 1057 4660 ἡμῖν
1087 4589 1238 4643 οὐδὲν
1271 4593 1327 4642 ὲν
1362 4590 1527 4659 αὐτῷ,
1560 4594 1828 4662 κρατείτω
1861 4593 1952 4646 καὶ
1983 4595 2074 4646 ἐπ’

513 4680 678 4737 αὐτοῦ
732 4681 802 4732 τὰ
849 4680 1196 4750 ἀνθρώπινα⁸
1247 4681 1341 4733 καὶ
1388 4683 1788 4753 προῦπαρχέτω
1819 4683 1911 4736 τοῦ
1949 4684 2078 4736 ἰδίου

514 4773 848 4842 γεννήματος
873 4770 1058 4840 ὥσπερ
1103 4771 1196 4823 καὶ
1229 4773 1387 4841 ἡμεῖς
1407 4789 1418 4800 ·
1456 4773 1548 4824 καὶ
1579 4774 1641 4825 ὲκ
1667 4773 1760 4826 τοῦ
1813 4773 1887 4843 μὴ
1931 4774 2081 4834 ὄντος

512 4863 651 4916 ἔστω
682 4862 740 4914 τὸ
784 4860 844 4925 ἐξ
873 4861 1036 4914 αὐτοῦ
1067 4862 1346 4932 προελθών.
1381 4864 1442 4915 Εἰ
1474 4863 1527 4915 δὲ
1559 4864 1692 4916 πολὺ
1737 4864 1844 4916 τῶν
1887 4866 2083 4932 ἡμετέ-

515 4971 620 5025 ρων
648 4954 708 5007 τὸ
725 4953 880 5006 Θεῖον
905 4954 1236 5024 ἀπῴκισται,
1264 4954 1357 5007 καὶ
1383 4954 1535 5005 οὐδὲν
1562 4953 1707 5024 αὐτῷ
1741 4958 1914 5007 κοινὸν
1947 4956 2081 5027 πρὸς

511 5047 678 5116 ἡμᾶς,
704 5047 828 5099 ὅσον
857 5048 936 5110 είς
968 5046 1060 5098 τὸν
1106 5045 1206 5114 τῆς
1235 5045 1420 5107 οὐσίας
1446 5044 1625 5110 λόγον,
1664 5045 1779 5105 πῶς
1807 5045 1936 5096 αὐτὸ
1969 5049 2080 5108 τοῖς

516 5135 870 5205 ἀνθρωπίνοις
905 5135 1305 5204 καταδέσμοῦσι
1353 5137 1558 5195 κακοῖς,
1590 5135 1683 5185 καὶ
1729 5134 1848 5194 ταῖς
1888 5135 2081 5202 ἡμετέ-

519 5242 639 5296 ραις
668 5228 931 5294 ἀνάγκαις
979 5227 1325 5288 ὐποτιθέντες
1372 5226 1471 5277 οὐκ
1518 5223 1896 5292 αἰσχύνονται;
1933 5225 2081 5294 ’Ὁσῳ

513 5319 620 5388 γὰρ
663 5318 728 5372 ἂν
773 5318 875 5389 τὴν
927 5317 1214 5387 ἀνθρώπου
1267 5315 1426 5384 φύσιν
1471 5313 1781 5383 ὲξὰλληται,
1811 5312 2081 5371 τοσοῦτον,

513 5406 682 5478 οἶμαι,
711 5410 806 5463 καὶ
829 5409 941 5462 τῶν
961 5408 1090 5478 παρ’
1115 5411 1248 5478 ἡμῖν
1264 5407 1401 5460 ἐθῶν
1427 5422 1484 5456 τε
1516 5405 1607 5457 καὶ
1634 5405 1812 5474 νόμων
1842 5403 2085 5472 φυσικῶν

514 5497 661 5553 ἔσται
689 5500 784 5554 καὶ
808 5500 1067 5570 ἀμείνων.
1084 5498 1290 5551 Οὐκοῦν
1310 5495 1534 5566 φθαρτοὶ
1561 5496 1655 5565 μὲν
1681 5496 1860 5564 ἡμεῖς,
1881 5494 2086 5564 ἄφθαρ-

584 5674 626 5708 ¹¹
653 5672 810 5730 Joan.
843 5688 954 5739 xw,
989 5673 1077 5726 it.
1155 5673 1196 5702 ¹¹
1227 5672 1380 5725 Joan.
1418 5686 1474 5728 ιι.
1502 5671 1591 5723 50.

914 5771 1180 5832 PATROL.
1229 5769 1343 5826 Gn.
1391 5767 1612 5827 LXXV.

1673 5671 1716 5700 ¹³
1749 5667 1902 5722 Joan.
1940 5685 2048 5734 xw,
2074 5670 2126 5723 9.

2188 1822 2307 1876 ideo
2336 1830 2542 1890 partem
2575 1836 2716 1884 esse,
2747 1837 2852 1876 non
2886 1837 3013 1876 vero
3042 1823 3307 1893 integrum
3341 1843 3354 1880 :
3389 1827 3570 1881 dicant
3592 1830 3751 1883 etiam

2185 1911 2522 1980 splendorem
2555 1921 2860 1981 separatum
2903 1927 3023 1967 esse
3074 1929 3103 1966 a
3142 1914 3362 1979 lumine,
3412 1926 3468 1970 et
3498 1919 3750 1972 calidita-

2189 2014 2292 2058 tem
2337 2005 2404 2057 ab
2436 2003 2577 2072 igne,
2624 2019 2654 2059 e
2680 2019 2786 2074 quo
2817 2006 3082 2074 procedit,
3114 2016 3165 2061 et
3193 2009 3417 2062 verbum
3467 2025 3494 2063 a
3529 2021 3706 2065 mente
3736 2029 3750 2063 :

2185 2095 2579 2164 ostendantque
2626 2095 2740 2150 haec
2786 2110 2909 2150 esse
2946 2096 3233 2165 separatim
3273 2107 3454 2167 partes
3501 2101 3754 2154 substan-

2189 2191 2409 2254 tiarum,
2459 2205 2490 2245 e
2545 2190 2741 2260 quibus
2796 2189 3248 2260 procedunt;aut
3296 2191 3527 2260 probent
3572 2194 3753 2249 lumen

2185 2283 2478 2350 aliquando
2504 2282 2670 2337 fuisse
2701 2283 2904 2352 absque
2933 2284 3244 2353 splendore,
3288 2295 3383 2339 aut
3409 2285 3587 2356 ignem
3623 2279 3752 2342 abs-

2185 2383 2291 2437 que
2335 2367 2635 2434 caliditate,
2671 2377 2726 2424 et
2773 2379 3009 2425 mentem
3053 2371 3259 2440 absque
3293 2375 3478 2428 verbo.
3515 2375 3594 2429 Ac
3641 2385 3753 2430 tum

2183 2459 2401 2513 demum
2434 2475 2554 2514 cum
2595 2461 2699 2515 hoc
2732 2461 3034 2529 probarint,
3068 2463 3430 2532 imaginentur
3457 2464 3618 2518 etiam
3651 2467 3755 2520 tale

2186 2549 2464 2619 quidpiam
2495 2551 2561 2608 de
2583 2549 2763 2607 Verbo
2789 2553 2901 2608 Dei.
2934 2552 2991 2608 Si
3026 2569 3154 2610 vero
3189 2555 3302 2610 hzec
3331 2556 3515 2611 insunt
3542 2571 3756 2628 semper

2185 2641 2504 2696 substantiis
2539 2658 2570 2697 e
2602 2643 2797 2711 quibus
2825 2645 3148 2713 procedunt,
3183 2646 3426 2716 citraque
3466 2647 3626 2702 ullam
3662 2665 3752 2704 se-

2185 2733 2517 2801 parationem
2568 2733 2669 2788 hoc
2707 2743 2964 2802 praestant
2993 2735 3192 2806 (neque
3231 2739 3374 2792 enim
3427 2738 3587 2792 ullam
3619 2755 3752 2809 pas-

2183 2823 2391 2877 sionem
2413 2833 2508 2878 aut
2533 2825 2830 2879 sectionem
2863 2827 2914 2879 in
2945 2827 3025 2882 eis
3042 2827 3322 2897 efﬁciunt),
3346 2831 3618 2897 quomodo
3645 2846 3750 2886 non

2185 2913 2292 2968 sint
2326 2915 2581 2968 censendi
2614 2916 2962 2970 vehementer
2999 2918 3173 2986 impii,
3205 2919 3295 2986 qui
3326 2921 3519 2976 divina:
3548 2933 3754 2975 natura:

2185 3005 2272 3060 illa
2307 3005 2573 3069 tribuunt,
2601 3019 2719 3073 quae
2762 3021 2919 3058 nemo
2947 3021 3094 3060 sana:
3127 3010 3323 3062 mentis
3367 3024 3432 3062 ne
3474 3019 3753 3066 creatura-

2106 3119 2148 3175 ρ
2187 3111 2304 3148 rum
2333 3096 2550 3166 quidem
2589 3104 2794 3150 natura:
2820 3095 3070 3151 accidere
3103 3111 3260 3165 posse
3290 3098 3558 3153 fateatur?

2858 3213 3088 3269 ALIUD.

2561 3323 2642 3376 Ea:
2669 3325 2957 3393 objectione
2979 3326 3368 3380 hwreticorum.

2262 3457 2368 3512 Sed
2421 3457 2711 3526 quomodo,
2761 3459 3028 3526 inquiunt,
3074 3468 3250 3528 potest
3298 3459 3468 3518 Filius
3515 3473 3752 3520 aeternus

2182 3564 2302 3605 esse
2323 3565 2442 3603 cum
2468 3548 2658 3604 Patre?
2682 3551 2816 3604 Nam
2847 3549 2938 3604 ﬁlii
2969 3551 3243 3606 hominum
3296 3565 3594 3610 nascuntur
3633 3567 3755 3625 post

2186 3655 2312 3694 suos
2355 3651 2623 3708 parentes,
2674 3642 2954 3710 multoque
2998 3652 3118 3710 post
3153 3652 3393 3713 tempore
3442 3646 3594 3711 llum,
3645 3661 3750 3701 non

2183 3732 2508 3786 exsistentes
2538 3733 2849 3802 priusquam
2891 3733 3044 3787 ﬁant.
3085 3735 3193 3788 Aut
3238 3750 3346 3802 quo
3394 3746 3553 3802 pacto
3584 3735 3754 3790 Filius

2185 3823 2352 3890 possit
2389 3837 2508 3878 esse
2538 3823 2792 3889 Verbum,
2825 3832 2920 3877 aut
2973 3824 3148 3892 imago
3182 3825 3314 3878 Dei?
3350 3823 3479 3878 Nam
3529 3827 3751 3880 verbum

2183 3913 2324 3981 quod
2374 3913 2442 3967 ab
2481 3914 2793 3967 hominibus
2825 3912 3118 3982 profertur,
3162 3927 3334 3981 neque
3365 3927 3459 3978 per
3492 3928 3551 3966 se
3580 3915 3756 3968 subsi—

2184 4003 2296 4067 stit,
2335 4015 2509 4070 neque
2542 4011 2827 4070 postquam
2867 4000 3138 4066 prolatum
3168 4011 3252 4053 est
3284 4008 3483 4062 manet,
3515 4001 3607 4054 sed
3638 4012 3751 4054 sta-

2187 4091 2278 4144 tim
2324 4090 2378 4142 in
2416 4089 2640 4142 nihilum
2673 4090 2971 4152 evanescit,
3017 4102 3138 4140 cum
3182 4087 3469 4156 explicarit
3500 4092 3642 4157 quod
3672 4091 3754 4146 lo»

2183 4198 2354 4253 quens
2382 4190 2561 4237 mente
2582 4189 2924 4250 conceperat,
2951 4193 3183 4249 cumque
3210 4179 3566 4250 cogitationes
3588 4185 3752 4240 animi

2183 4273 2520 4344 patefecerit.

2685 4385 2890 4442 Solutio
2929 4387 3256 4457 objectiouis.

2259 4502 2316 4558 Si
2345 4501 2486 4557 Deus
2524 4501 2745 4570 perinde
2777 4509 2858 4556 est
2892 4511 3057 4571 atque
3105 4504 3293 4567 homo,
3330 4502 3486 4573 177
3516 4505 3755 4576 nihilque

2185 4592 2420 4662 amplius
2468 4592 2518 4644 in
2551 4605 2616 4644 eo
2665 4600 2747 4645 est
2777 4607 2935 4659 quam
2978 4592 3028 4645 in
3077 4595 3276 4647 nobis:
3323 4594 3554 4649 humana
3588 4599 3752 4650 etiam

2185 4684 2237 4737 in
2263 4683 2378 4751 ipso
2414 4683 2591 4734 locum
2631 4681 2884 4746 habeant,
2933 4691 2986 4737 et
3019 4683 3130 4749 ipse
3176 4698 3388 4751 quoque
3429 4686 3577 4752 prior
3605 4691 3748 4738 exsi-

2185 4781 2294 4826 stat
2323 4771 2460 4824 Filio
2493 4786 2612 4835 suo,
2647 4783 2702 4824 ut
2732 4787 2852 4836 nos,
2879 4783 2931 4826 et
2957 4788 3020 4825 ex
3052 4774 3220 4826 nihilo
3251 4773 3341 4836 sit,
3377 4777 3517 4840 quod
3549 4789 3613 4826 ex
3641 4775 3756 4841 ipsn

2191 4861 2446 4928 procedit.
2480 4861 2548 4913 At
2581 4876 2708 4915 vero
2732 4865 2774 4916 si
2799 4863 3196 4931 Deitaslougea
3223 4873 3404 4915 nostra
3439 4873 3627 4914 natura
3649 4866 3754 4916 dit-
3809 4869 3820 4885 '

2188 4950 2314 5012 fert,
2353 4950 2592 5018 nihilque
2635 4952 2683 5005 ei
2717 4953 2994 5006 nobiscum
3032 4966 3318 5006 commune
3360 4959 3462 5016 est,
3496 4961 3754 5020 quantum

2191 5041 2253 5094 ad
2286 5039 2550 5094 rationem
2580 5041 2895 5095 substantiae
2925 5043 3116 5096 attinet
3149 5059 3162 5094 :
3188 5057 3294 5109 quo
3325 5053 3483 5109 pacto
3507 5059 3624 5098 eam
3657 5047 3754 5098 hu-

2191 5131 2364 5186 manis
2415 5131 2772 5185 incommodis
2809 5141 2863 5186 et
2909 5131 3066 5187 malis
3097 5133 3424 5201 astringunt,
3467 5143 3519 5188 et
3557 5144 3756 5189 nostra:

2190 5223 2499 5277 necessitati
2533 5223 2796 5289 subjicere
2833 5238 2938 5277 non
2977 5224 3274 5278 verentur?
3311 5224 3578 5291 Quantum
3612 5229 3754 5279 enim

2193 5315 2482 5368 humanam
2536 5320 2780 5366 naturam
2834 5312 3068 5378 excellit,
3124 5322 3325 5368 tantum
3363 5317 3525 5370 etiam
3574 5323 3755 5367 nostra

2192 5404 2578 5460 consuetudine
2621 5412 2674 5458 et
2729 5403 3063 5460 naturalibus
3114 5406 3320 5473 legibus
3360 5418 3442 5461 est
3489 5405 3755 5474 superior.

2196 5494 2302 5549 Nos
2333 5494 2515 5563 itaque
2543 5493 2921 5562 corruptibiles
2957 5509 2968 5545 :
3004 5493 3144 5548 Deus
3171 5502 3348 5549 autem
3375 5491 3762 5564 incorruptibi-

3340 5759 3405 5820 10
