4078 6260
481 254 585 310 ‘299

1463 254 1521 310 S.
1557 252 1826 309 CYRILLI
1868 251 2336 306 ALEXANDRINI
2376 251 2695 308 AliCl-IIEP.

3612 251 3728 310 300

477 372 567 425 iis.
616 369 728 425 Nos
772 385 836 425 ex
885 370 1055 426 nihilo
1099 372 1164 424 ad
1201 384 1319 426 esse
1371 371 1600 424 traducti
1645 385 1871 424 sumus:
1903 370 2041 423 Deus

2146 389 2233 436 τος
2259 372 2313 427 δὲ
2336 372 2364 424 6
2385 370 2538 432 Θεός.
2557 370 2650 421 Ἐκ
2674 367 2766 420 τοῦ
2801 367 2874 437 μὴ
2902 368 3051 429 ὄντος
3084 366 3162 428 είς
3187 365 3245 418 τὸ
3270 362 3407 418 εἶναι
3436 367 3730 439 παρήχθη-

487 476 620 515 vero
657 477 872 531 semper
906 472 954 517 et
985 472 1122 528 crat,
1151 471 1206 517 et
1231 462 1354 516 erit.
1389 461 1570 527 Qualis
1599 476 1727 514 vero
1761 471 1843 514 est
1883 461 1927 514 is
1950 460 2041 530 qui

480 551 672 622 gignit,
717 553 874 607 talem
911 553 1074 606 etiam
1122 566 1242 606 esse
1288 558 1496 619 oportet
1529 550 1616 618 qui
1660 564 1724 602 ex
1775 564 1839 602 eo
1871 548 2041 618 gigni-

481 651 586 696 tur.
619 641 878 698 {Eternns
931 654 1107 697 autem
1149 651 1232 697 est
1277 641 1415 694 Deus
1467 656 1529 695 ac
1561 641 1738 706 Pater,
1782 651 2042 695 aeternum

485 731 662 798 itaque
732 732 890 784 etiam
959 733 1097 799 quod
1158 745 1222 783 ex
1291 729 1405 797 ipso
1461 729 1702 797 procedit
1749 728 1953 792 lumen,
1993 739 2047 782 et

481 833 622 888 erat,
652 833 827 878 etest.
857 823 1055 876 Aderat
1085 823 1245 890 igitur
1267 822 1454 875 lumini
1485 821 1754 890 splendor.
1782 821 2044 875 Praeterea

482 914 705 968 verbum
751 915 886 980 quod
917 927 980 966 ex
1017 913 1231 966 homine
1262 911 1526 982 procedit,
1569 911 1619 964 in
1658 911 1881 965 nihilum
1917 926 2042 966 evao

484 1005 678 1068 nescit,
710 1013 762 1056 et
791 1019 964 1070 neque
999 1004 1178 1057 vivum
1207 1011 1314 1066 est,
1351 1017 1525 1071 neque
1555 1001 1763 1056 eilicax.
1793 1001 1925 1056 Nam
1954 1002 2043 1070 qui

479 1094 606 1147 illud
632 1092 800 1161 gignit
842 1093 1004 1148 homo
1043 1110 1104 1147 ex
1141 1094 1307 1147 nihilo
1340 1103 1442 1156 est,
1487 1102 1540 1146 et
1580 1093 1911 1161 corruptioni
1947 1094 2044 1146 ob-

477 1184 689 1242 noxius.
738 1183 970 1240 Verbum
1006 1193 1184 1238 autem
1218 1185 1312 1240 Dei
1344 1174 1543 1239 Vvivum
1583 1195 1686 1244 est.
1724 1194 1777 1238 et
1811 1199 1877 1239 ex
1926 1185 2047 1239 vivo

474 1256 798 1345 procedens,
846 1285 965 1330 erat
1012 1285 1067 1330 et
1109 1283 1190 1331 est
1227 1291 1461 1346 semper.
1507 1275 1690 1345 Neque
1731 1275 1871 1330 enim
1907 1274 2046 1329 Deus

474 1382 711 1436 unquam
762 1377 854 1422 aut
887 1375 1024 1432 erat,
1075 1376 1168 1421 aut
1219 1368 1323 1420 erit
1365 1367 1567 1436 absque
1597 1365 1794 1421 Verbo.
1843 1364 2046 1419 Idcirco

477 1458 676 1512 Paulus
707 1459 773 1514 de
809 1459 926 1529 ipso
958 1459 1164 1527 inquit:
1192 1479 1209 1510 ι
1245 1459 1437 1515 Vivum
1468 1468 1550 1514 est
1587 1458 1819 1513 Verbum
1855 1459 1944 1511 Dei
1972 1467 2048 1510 at-

477 1561 584 1617 que
625 1546 812 1603 elIieax
838 1548 902 1601 “.
938 1568 955 1600 ι
994 1548 1220 1603 Creator
1261 1549 1444 1618 itaque
1487 1559 1590 1614 est,
1639 1557 1693 1603 et
1712 1549 1916 1630 'omnia
1950 1563 2047 1617 per

479 1639 650 1709 ipsum
681 1639 821 1696 facta
863 1650 1008 1705 sunt,
1041 1649 1095 1695 et
1122 1641 1239 1696 sine
1272 1641 1388 1710 ipso
1418 1641 1620 1696 factum
1651 1650 1734 1695 est
1766 1641 1897 1695 nihil
1923 1641 1985 1693 ¹⁵.
2021 1660 2038 1692 ι

1142 1753 1374 1810 ALIUD.

851 1867 934 1920 Ex-
973 1868 1255 1937 ohjectione
1281 1869 1670 1923 Iuvrelicomm.

550 1997 664 2051 Non
691 2007 794 2062 est,
837 1997 1111 2067 inquiunt,
1153 1999 1404 2054 Christus
1449 1999 1628 2054 innata
1657 2009 1817 2070 atque
1851 2002 2047 2056 Inexsi-

477 2094 627 2142 stens
649 2087 755 2142 Deo
784 2089 1020 2156 potentia
1049 2103 1111 2144 ac
1135 2090 1421 2158 sapientia,
1456 2094 1548 2146 sed
1579 2091 1794 2148 diversa
1826 2094 2044 2163 quidem

475 2185 562 2234 est
607 2177 718 2243 illa,
760 2179 825 2233 de
871 2194 974 2248 qua
1026 2179 1225 2235 Paulus
1258 2181 1432 2248 inquit
1455 2183 1517 2248 “3,
1551 2182 1774 2238 Aiterna
1802 2189 1920 2252 ejus
1949 2201 2045 2253 po-

477 2269 646 2324 tentia
690 2277 744 2323 et
787 2269 964 2324 deitas
998 2291 1010 2325 :
1043 2271 1184 2326 alius
1229 2285 1359 2326 vero
1393 2272 1461 2326 ab
1497 2274 1597 2328 hac
1646 2283 1730 2328 est
1774 2273 2043 2343 Christus,

473 2361 701 2430 alizeque
752 2360 933 2416 multae
978 2376 1098 2416 cum
1156 2362 1273 2431 ipso
1326 2371 1620 2431 potestates
1667 2374 1720 2419 et
1769 2365 2048 2434 sapientia:

479 2451 782 2520 appellatas.
818 2451 978 2521 Atqui
1031 2453 1214 2507 innata
1261 2469 1325 2509 ac
1362 2471 1490 2509 vera
1539 2456 1631 2510 Dei
1685 2460 1924 2526 potentia
1962 2470 2047 2514 est

475 2543 713 2597 creatrix
747 2545 1162 2608 universorum;
1199 2547 1279 2600 ha:
1312 2563 1438 2602 vero
1475 2549 1542 2602 ab
1570 2550 1680 2618 ipsa
1711 2550 1868 2605 facta:
1895 2563 2042 2619 sunt,

478 2633 690 2686 tametsi
743 2633 941 2686 eximia
995 2635 1242 2702 quaedam
1289 2637 1381 2690 Dei
1428 2641 1666 2706 potentia
1717 2655 1878 2710 supra
1916 2644 2045 2698 reli-

483 2738 617 2791 quas
649 2724 718 2778 sit
755 2723 1028 2789 Christus,
1065 2725 1268 2780 idcirco
1300 2726 1438 2782 facta
1469 2738 1526 2782 ut
1554 2730 1807 2786 virtutem
1852 2749 1916 2789 ac
1949 2749 2046 2805 po—

479 2810 699 2864 tentiam
735 2813 934 2866 tribuat
965 2814 1028 2869 iis
1059 2816 1148 2884 qui
1181 2831 1240 2869 ea
1273 2827 1432 2886 egent
1467 2837 1479 2872 :
1514 2828 1567 2874 et
1596 2823 1915 2891 sapientiam
1952 2829 2041 2882 det

475 2917 538 2956 ea
583 2905 880 2976 egentibus,
927 2915 1092 2975 utque
1132 2907 1277 2976 jnsta
1329 2909 1522 2964 etliciat
1558 2927 1675 2981 qua:
1702 2914 1909 2981 justitia
1952 2933 2043 2973 ea-

477 3001 617 3046 rent.
657 2992 749 3048 Est
789 2994 990 3064 itaque,
1024 2996 1195 3061 aiunt,
1232 3000 1412 3054 innata
1449 3002 1540 3056 Dei
1570 3006 1803 3072 potentia
1838 3008 2040 3074 princi-

475 3083 562 3151 pio
585 3098 776 3140 carens
810 3094 864 3139 et
891 3102 994 3141 non
1028 3088 1192 3155 facta,
1222 3091 1288 3144 ab
1312 3101 1514 3148 aeterno
1536 3096 1602 3148 'in
1632 3095 1812 3151 Patre.
1846 3098 2044 3157 Factus

472 3184 555 3229 est
591 3184 764 3229 autem
801 3177 1052 3234 Christus
1097 3181 1254 3236 dictis
1289 3184 1353 3237 de
1397 3186 1593 3240 causis.
1646 3187 1700 3240 Si
1740 3203 1870 3244 vero
1903 3203 2042 3244 non-

475 3265 606 3317 nulli
641 3266 957 3320 existimant
992 3266 1266 3323 Christum
1301 3271 1474 3339 ipsum
1506 3290 1630 3330 esse
1671 3277 1917 3333 innatam
1948 3281 2041 3334 Dei

474 3355 796 3420 potentiam,
828 3358 952 3424 quia
979 3357 1177 3414 Paulus
1204 3363 1394 3416 scribit
1426 3379 1440 3418 :
1475 3383 1495 3416 ι
1525 3366 1774 3425 Christus
1801 3372 2042 3440 potentia

475 3441 592 3507 Dei,
635 3453 689 3498 et
744 3445 1010 3513 sapientia
1052 3447 1147 3502 Dei
1173 3449 1214 3480 ¹⁷
1249 3467 1262 3502 :
1300 3470 1317 3502 ι
1351 3453 1478 3520 quid
1535 3455 1715 3511 dicent
1761 3459 2044 3514 audientes

475 3530 641 3586 Deum
697 3533 963 3588 dicentem
1017 3537 1085 3591 de
1130 3553 1292 3593 eruca
1335 3559 1349 3593 :
1391 3560 1409 3592 ι
1441 3541 1686 3600 Potentia
1724 3548 1888 3618 178
1928 3565 2042 3603 mea

474 3635 666 3691 magna
693 3622 777 3676 ’3?
807 3642 826 3674 ›
860 3624 967 3678 Δυι
997 3627 1128 3696 quid
1158 3627 1380 3697 facient,
1423 3647 1544 3686 cum
1575 3634 1858 3691 Psalmista
1909 3640 2045 3692 mul-

473 3719 560 3767 tas
596 3711 694 3769 Dei
730 3715 957 3770 virtutes
990 3733 1052 3772 ac
1081 3721 1348 3786 potentias
1379 3733 1602 3790 statuat,
1633 3726 1819 3782 dicens
1846 3744 1860 3780 :
1897 3748 1914 3781 ι
1947 3729 2043 3785 Be-

472 3802 705 3860 nedicite
737 3806 926 3872 Deum,
966 3823 1155 3864 omnes
1189 3815 1442 3879 potentiae
1476 3812 1589 3881 ejus
1616 3816 1655 3846 ¹⁹
1682 3816 1704 3867 ?
1735 3834 1752 3864 ι

978 4011 1183 4066 Salutio
1208 4013 1530 4082 objectionis.

539 4121 600 4178 Si
645 4124 846 4180 idcirco
893 4125 1070 4180 factus
1119 4135 1202 4180 est
1234 4125 1505 4195 Christus,
1540 4137 1597 4181 ut
1624 4129 1916 4198 justitiam,
1956 4146 2044 4185 sa-

470 4215 752 4284 pientiam,
791 4217 1044 4271 virtutem
1085 4219 1199 4272 sive
1231 4221 1525 4288 potentiam
1559 4219 1824 4290 largiatur
1855 4222 1921 4276 iis
1947 4223 2042 4292 qui

471 4305 751 4375 indigent:
785 4321 882 4360 nos
919 4322 1047 4377 ergo
1110 4323 1273 4362 causa
1347 4325 1536 4364 sumus
1579 4325 1674 4364 cur
1721 4312 1834 4377 ipse
1867 4311 2044 4366 factus

2148 477 2244 530 μεν
2265 479 2276 490 ·
2310 459 2396 514 ἀεὶ
2422 459 2478 512 δὲ
2500 453 2567 528 ἦν
2591 457 2684 510 καὶ
2714 455 2865 509 ἔσται
2896 455 3047 518 Θεός.
3067 455 3273 516 Ὀποῖος
3301 455 3345 507 δ’
3377 454 3443 508 ἂν
3471 458 3498 507 6
3525 456 3734 510 τίκτων

2146 552 2385 623 ὑπάρχῃ,
2415 549 2653 603 τοιοῦτον
2687 545 2823 601 εῖναι
2853 547 2960 619 χρὴ
2991 545 3086 599 καὶ
3121 547 3210 599 τὸν
3243 545 3302 609 ἐξ
3347 546 3514 599 αὑτοῦ
3545 547 3735 600 τικτό-

2148 661 2324 714 μενον.
2345 643 2536 705 Ἀἳδιος
2577 641 2633 694 δὲ
2664 642 2691 693 ό
2721 641 2851 704 Θεὸς
2898 641 2988 693 καὶ
3019 639 3230 710 Πατὴρ,
3269 639 3439 693 ἀΐδιον
3483 640 3592 710 ἄρα
3637 641 3739 693 καὶ

2145 734 2203 786 τὸ
2230 734 2287 798 ἐξ
2319 733 2483 787 αὐτοῦ
2515 731 2630 802 φῶς
2662 727 2729 802 ἦν
2756 732 2847 785 καὶ
2872 730 3006 783 ἔστι.
3039 731 3209 801 Συνῆν
3237 730 3344 801 ἄρα
3382 729 3460 801 τῷ
3495 733 3639 799 φωτὶ
3674 732 3738 783 τὸ

2146 825 2502 893 ἀπαύγασμα.
2535 823 2644 876 Καὶ
2692 825 2719 876 ὁ
2773 822 2867 892 μὲν
2911 823 2968 887 ἐξ
3014 820 3298 893 ἀνθρώπου
3325 822 3738 892 προερχόμενος

2146 916 2322 982 λόγος,
2354 917 2432 977 εἰς
2456 915 2516 967 τὸ
2555 914 2628 985 μὴ
2675 912 2734 966 ὃν
2782 912 3088 971 ἀναλύεται,
3124 912 3216 964 καὶ
3244 910 3366 963 οὔτε
3400 911 3509 974 ζῶν
3550 914 3730 976 ἐστιν,

2146 1004 2270 1057 οὔτε
2299 1005 2548 1074 ἐνεργής.
2573 1003 2680 1054 Καὶ
2710 1001 2818 1070 γὰρ
2845 1001 2938 1052 καὶ
2965 1001 2992 1051 ὁ
3014 998 3199 1051 τοῦτον
3227 997 3495 1067 γεννήσας
3517 997 3730 1068 ἅνθρω-

2149 1113 2267 1159 πος,
2299 1097 2361 1148 ὲκ
2387 1094 2478 1148 τοῦ
2511 1094 2584 1164 μὴ
2609 1093 2760 1155 ὄντος
2790 1093 2904 1147 ἐστὶ
2927 1091 3021 1143 καὶ
3056 1089 3338 1142 ὑπόκειται
3372 1089 3568 1160 φθορᾷ.
3589 1091 3654 1143 '0
3679 1092 3738 1143 δὲ

2146 1186 2239 1240 τοῦ
2265 1184 2400 1240 Θεοῦ
2430 1186 2601 1253 Λόγος
2638 1183 2745 1248 ζῶν
2782 1185 2896 1235 ἐστι
2918 1198 2931 1211 ⁶
2965 1181 3056 1234 καὶ
3088 1182 3151 1233 ἐκ
3182 1180 3382 1243 ζῶντος
3422 1181 3734 1250 προελθὼν,

2146 1273 2212 1348 ἦν
2253 1278 2338 1330 ἀεὶ
2364 1278 2458 1330 καὶ
2491 1275 2658 1328 ἔστιν,
2684 1275 2756 1326 Οὐ
2786 1273 2892 1342 γὰρ
2917 1267 3005 1342 ἦν,
3040 1271 3160 1323 οὐδὲ
3191 1270 3340 1323 ἔσται
3373 1271 3524 1337 ποτὲ,
3555 1276 3734 1343 χωρὶς

2148 1371 2320 1437 Λόγου
2337 1368 2486 1431 Θεὸς.
2519 1367 2629 1421 Καὶ
2658 1367 2785 1435 γοῦν
2810 1367 2838 1418 6
2866 1363 3078 1426 Παῦλός
3107 1380 3239 1432 φησι
3273 1363 3398 1434 περὶ
3422 1364 3619 1428 αὐτοῦ,
3649 1365 3730 1418 ὅτι

2154 1482 2170 1512 ι
2202 1462 2314 1512 Ζῶν
2350 1461 2378 1512 ὁ
2410 1459 2581 1527 Λόγος
2608 1457 2701 1510 τοῦ
2729 1454 2864 1509 Θεοῦ
2916 1457 3010 1508 καὶ
3048 1455 3296 1523 ἐνεργής.
3333 1473 3351 1504 ι
3388 1456 3734 1527 Δημιουργὺς

2146 1545 2277 1614 γοῦν
2305 1547 2441 1608 ἐστι,
2470 1545 2564 1598 καὶ
2594 1544 2768 1597 πάντα
2796 1531 2986 1612 γέγονε
3012 1544 3080 1596 δι’
3104 1541 3288 1606 αὑτοῦ,
3322 1543 3416 1595 καὶ
3437 1544 3608 1615 χωρὶς
3637 1545 3734 1599 αὐ-

2146 1637 2238 1689 τοῦ
2269 1637 2484 1704 ἐγένετο
2511 1633 2632 1687 οὐδὲ
2657 1635 2734 1686 ἓν.

2840 1749 3040 1802 AAAO.

2386 1861 2482 1924 Ὠς
2521 1858 2589 1924 ἐξ
2627 1859 2983 1925 ἀντιθέσεως
3022 1859 3138 1914 τῶν
3173 1861 3502 1931 αἱρετικῶικ

2223 1991 2335 2044 Οὐκ
2366 1990 2502 2056 ἔστι,
2535 1992 2719 2059 φασὶν,
2747 1993 2775 2044 6
2801 1991 3034 2062 Χριστὸς
3073 1993 3106 2062 ἡ
3160 1992 3402 2063 ἔμφυτος
3436 1994 3530 2048 καὶ
3559 1996 3718 2048 ἐνυπ-

2151 2083 2394 2153 άρχουσα
2426 2082 2504 2152 τῷ
2529 2080 2647 2152 Θεῷ
2672 2081 2901 2153 δύναμις
2947 2083 3042 2134 καὶ
3081 2081 3259 2150 σοφία,
3294 2083 3408 2136 ἀλλ’
3430 2084 3584 2154 ἑτέρα
3616 2085 3714 2154 μὲν

2153 2172 2333 2243 ἐκείνη
2366 2174 2492 2241 περὶ
2517 2168 2585 2243 ἦς
2612 2174 2705 2224 καὶ
2729 2173 2756 2224 6
2775 2171 2987 2236 Παῦλὸς
3018 2189 3202 2242 φησιν,
3223 2173 3257 2244 ἦ
3282 2190 3342 2225 τε
3373 2173 3534 2238 ἀΐδιος
3554 2173 3706 2227 αὑτοῦ

2152 2264 2380 2333 δύναμις
2415 2263 2508 2317 καὶ
2541 2263 2763 2334 Θεότης⁸
2804 2263 2990 2335 ἕτερος
3027 2265 3083 2317 δὲ
3131 2267 3261 2336 παρ’
3293 2265 3506 2336 ἐκείνην
3535 2268 3562 2318 6
3584 2268 3712 2336 Xpt-

2155 2353 2304 2416 στδς,
2343 2353 2437 2406 καὶ
2481 2354 2665 2424 ἕτεραι
2704 2353 2894 2407 πολλαὶ
2931 2355 3027 2408 σὺν
3072 2355 3221 2426 αὐτῷ
3251 2356 3510 2426 δυνάμεις
3539 2375 3596 2410 τε
3627 2358 3718 2410 καὶ

2155 2446 2336 2514 σοφίαι
2379 2444 2728 2515 καλούμεναι.
2777 2446 2886 2498 Καὶ
2929 2447 2961 2514 ἡ
3001 2445 3100 2515 μὲν
3147 2446 3384 2516 ἔμφυτος
3424 2449 3590 2512 ὅντως
3630 2449 3719 2502 καὶ

2154 2535 2357 2606 ἀληθὴς
2381 2533 2473 2588 τοῦ
2503 2534 2638 2588 Θεοῦ
2673 2535 2924 2605 δύναμις,
2952 2537 3209 2608 ποιητικὴ
3242 2539 3346 2592 τῶν
3378 2538 3512 2591 ὅλων
3542 2539 3712 2592 ἐστίν·

2155 2626 2210 2679 αἱ
2249 2626 2305 2678 δὲ
2347 2625 2603 2693 γεγόνασι
2637 2627 2767 2695 παρ’
2792 2627 2982 2696 αὐτῆς,
3009 2629 3056 2680 εἰ
3089 2627 3181 2679 καί
3209 2643 3289 2689 τις
3325 2626 3595 2699 ἐξαίρετος
3622 2629 3712 2682 τοῦ

2153 2716 2285 2770 Θεοῦ
2311 2715 2539 2785 δύναμις
2569 2717 2720 2785 παρὰ
2768 2717 2865 2781 τὰς
2908 2718 3068 2783 ἄλλας
3099 2719 3330 2790 ὑπάρχει
3365 2720 3611 2790 Χριστὸς,
3639 2723 3715 2783 είς

2152 2807 2308 2859 τοῦτο
2324 2807 2611 2876 γενομένη,
2635 2808 2718 2860 ἵνα
2740 2807 2866 2860 δυνα
2875 2808 3028 2880 μώσῃ
3051 2812 3120 2864 τὰ
3135 2812 3414 2882 δυνάμεως
3432 2811 3715 2882 χρῄζοντα⁸

2153 2897 2239 2951 ἵνα
2286 2897 2502 2968 σοφώσῃ
2538 2899 2607 2952 τὰ
2631 2899 2860 2969 δεόμενα
2911 2902 3201 2972 σοφισμοῦ,
3232 2905 3317 2957 ἵνα
3359 2905 3622 2977 δικαιώσῃ
3657 2906 3722 2958 τὰ

2152 2988 2494 3058 δικαιοσύνην
2533 2991 2632 3043 οὐκ
2685 2991 3106 3061 ἐχοντα.”Εστιν
3147 2991 3260 3058 οῦν,
3313 2999 3499 3064 φησιν,
3545 2999 3578 3068 ἡ
3630 2998 3722 3066 μὲν

2149 3079 2390 3148 ἔμφυτος
2416 3079 2509 3132 τοῦ
2541 3079 2675 3133 Θεοῦ
2709 3081 2936 3151 δύναμις
2965 3082 3197 3157 ἄναρχός
3220 3102 3279 3136 τε
3311 3085 3406 3137 καὶ
3440 3086 3719 3154 ἀγένητος,

2148 3167 2328 3229 ἀϊδίως
2357 3169 2416 3220 ἐν
2445 3169 2640 3239 Πατρί.
2677 3169 2870 3237 Γέγονε
2899 3171 2954 3224 δὲ
2985 3173 3013 3224 6
3047 3172 3279 3244 Χριστὸς
3310 3175 3402 3226 ἐπὶ
3431 3178 3550 3238 ταῖς
3578 3177 3725 3245 είρη·

2149 3256 2338 3326 μέναις
2365 3257 2587 3319 αἰτίαις.
2616 3258 2678 3310 Ei
2707 3259 2763 3311 δὲ
2788 3257 3069 3327 νομίζουσί
3106 3277 3251 3323 τινες
3278 3262 3441 3315 αὐτὸν
3469 3258 3611 3316 εἶναι
3639 3264 3727 3318 τὸν

2145 3347 2379 3416 Χριστὸν
2409 3347 2506 3418 τὴν
2540 3347 2778 3418 ἔμφυτον
2826 3349 2919 3401 τοῦ
2970 3349 3102 3402 Θεοῦ
3137 3350 3368 3421 δύναμιν
3408 3353 3495 3406 διὰ
3526 3354 3592 3406 τὸ
3634 3370 3724 3423 γε·

2145 3439 2388 3509 γράφθαι
2424 3440 2577 3510 παρὰ
2608 3440 2807 3510 Παύλῳ
2829 3455 2841 3469 ·
2878 3461 2896 3492 ι
2925 3442 3158 3512 Χριστὸς
3201 3443 3336 3497 Θεοῦ
3377 3446 3614 3516 δύναμις
3637 3448 3728 3500 καὶ

2145 3527 2278 3580 Θεοῦ
2323 3529 2501 3597 σοφία,
2535 3549 2552 3579 ι
2599 3529 2653 3580 τί
2702 3529 2808 3600 ἄρα
2851 3531 3068 3600 ἐροῦσιν
3115 3532 3406 3597 ἀκούοντες
3448 3534 3540 3588 τοῦ
3597 3537 3728 3590 Θεοῦ

2146 3619 2398 3687 λέγοντος
2434 3621 2561 3691 περὶ
2592 3621 2690 3691 τῆς
2729 3621 2957 3692 κάμπης
2980 3640 2993 3651 ·
3039 3643 3055 3675 ι
3079 3625 3140 3676 Ἦ
3178 3625 3406 3694 δύναμίς
3441 3645 3543 3697 μου
3578 3631 3610 3700 ἡ
3638 3647 3731 3699 με·

2145 3711 2320 3780 γάλη;
2354 3729 2372 3762 ι
2408 3712 2473 3764 Τί
2517 3711 2573 3764 δὲ
2615 3714 2899 3784 ποιήσουσι
2935 3717 3135 3780 πολλὰς
3163 3719 3296 3772 Θεοῦ
3330 3719 3592 3790 δυνάμεις
3633 3739 3727 3791 ση-

2149 3803 2431 3873 μαίνοντος
2460 3803 2554 3854 τοῦ
2594 3803 2922 3873 Ψαλμῳδοῦ,
2962 3807 3028 3859 δι’
3054 3800 3128 3861 ὧν
3159 3826 3322 3879 φησιν
3341 3825 3355 3840 ο
3390 3830 3407 3861 ι
3439 3812 3723 3880 Εὐλογεῖτε

2143 3895 2234 3947 τὸν
2265 3894 2487 3965 Κύριον,
2515 3899 2684 3950 πᾶσαι
2717 3899 2770 3949 ai
2796 3897 3053 3968 δυνάμεις
3081 3900 3277 3968 αὑτοῦ;
3311 3922 3328 3953 ι

2635 4010 2781 4077 Πρὸς
2823 4011 3009 4064 ταῦτα
3045 4015 3246 4080 λύσις.

2214 4123 2276 4174 Εἰ
2318 4122 2406 4175 διὰ
2451 4119 2608 4174 τοῦτο
2652 4121 2875 4189 γέγονεν
2908 4125 2935 4174 ὀ
2960 4124 3212 4192 Χριστὸς,
3249 4125 3334 4178 ἵνα
3363 4126 3628 4198 δικαιώσῃ
3656 4130 3722 4180 τὰ

2144 4214 2489 4284 δικαιοσύνης
2533 4214 2781 4284 δεόμενα,
2810 4215 2896 4266 ἴνα
2936 4214 3156 4288 σοφὼσῃ
3190 4217 3256 4270 τὰ
3300 4219 3529 4288 δεόμενα
3575 4239 3721 4290 σοφι-

2146 4305 2306 4372 σμοῦ,
2345 4305 2432 4358 ἵνα
2477 4302 2769 4375 δυναμὼσῃ
2812 4304 2879 4356 τὰ
2919 4305 3200 4374 δυνάμεως
3244 4306 3534 4378 χρῄζοντα,
3562 4313 3721 4380 ἡμεῖς

470 4394 577 4460 sit;
625 4409 797 4464 neque
831 4394 1008 4450 factus
1045 4395 1235 4451 fuisset
1291 4399 1457 4452 nostri
1505 4399 1718 4463 similis,
1758 4399 1859 4453 nisi
1899 4399 2039 4454 Deus

2146 4397 2252 4467 ἄρα
2302 4395 2450 4464 αὐτῷ
2495 4396 2800 4465 γεγόναμεν
2840 4396 2933 4448 τοῦ
2971 4392 3110 4448 εἶναι
3155 4398 3338 4462 αἴτιοι,
3383 4399 3474 4452 καὶ
3517 4402 3627 4453 οὐδ’
3655 4401 3718 4454 ἂν

472 4485 708 4553 primum
736 4483 804 4538 de
845 4484 1204 4554 producendis
1235 4487 1502 4540 creaturis
1536 4487 1847 4554 cogitasset.
1884 4485 1947 4540 Et
1994 4489 2037 4541 si

471 4579 585 4631 haec
610 4576 722 4646 ipsa
764 4586 849 4631 est
874 4575 1051 4630 nostri
1078 4591 1206 4631 usus
1233 4591 1418 4643 causa,
1451 4592 1579 4648 ergo
1619 4577 2039 4632 instrumentum

465 4677 552 4722 est
581 4676 778 4722 nostra:
809 4667 1124 4731 ereationis,
1153 4682 1258 4722 non
1293 4684 1358 4724 ex
1389 4669 1570 4739 seipso
1596 4668 1717 4723 talis
1746 4670 2037 4736 exsistens,

465 4758 562 4814 sed
606 4759 676 4812 ita
707 4757 880 4814 factus
922 4767 1144 4829 propter
1190 4774 1312 4817 nos.
1368 4759 1836 4827 Quemadmodum
1882 4761 2043 4828 igitur

385 4841 390 4852 ’
465 4858 689 4904 vocatur
713 4850 978 4919 potentia,
1013 4859 1233 4920 propter
1269 4867 1330 4906 ea
1357 4852 1555 4920 quibus
1583 4852 1824 4918 potentia
1855 4852 2034 4918 datur,

465 4948 521 4994 et
567 4940 853 5009 sapientia,
903 4950 1125 5010 propter
1171 4955 1232 4994 ea
1273 4942 1469 5010 quibus
1502 4941 1770 5010 sapientia
1820 4941 2037 4997 confer-

467 5041 553 5087 tur
597 5050 611 5086 :
653 5032 727 5086 ita
779 5033 938 5087 etiam
993 5033 1134 5088 ﬁlius
1183 5035 1493 5101 vocabitur,
1536 5043 1754 5104 propter
1795 5047 1890 5089 eos
1944 5036 2035 5103 qui

465 5123 601 5178 ﬁunt
630 5124 720 5177 lilii
753 5145 763 5178 :
811 5125 1053 5194 nihilque
1085 5126 1190 5180 erit
1237 5127 1454 5196 proprie
1486 5142 1582 5197 per
1613 5143 1693 5195 se,
1732 5128 1825 5182 sed
1855 5128 2035 5182 omnia

464 5214 578 5269 haec
619 5224 836 5284 propter
870 5231 990 5271 nos.
1035 5215 1153 5282 Quo
1185 5228 1343 5287 pacto
1379 5218 1542 5288 igitur
1590 5219 1860 5273 constabit
1907 5217 2034 5272 illud

461 5306 604 5374 quod
648 5307 700 5360 in
744 5307 973 5362 Psalmis
1019 5309 1250 5376 canitur,
1296 5329 1315 5361 ι
1347 5311 1464 5380 Ipse
1509 5311 1636 5366 fecit
1671 5326 1790 5376 nos,
1837 5319 1891 5365 et
1927 5325 2030 5365 non

456 5395 564 5464 ipsi
608 5413 707 5453 nos
725 5398 771 5430 ¹⁰
829 5415 849 5450 ι
891 5399 937 5454 si
983 5412 1079 5454 nos
1119 5399 1195 5454 illi
1245 5415 1432 5456 sumus
1485 5413 1734 5457 auctores
1775 5409 1829 5456 et
1868 5415 2030 5456 causa

535 5567 581 5600 “
597 5568 762 5641 Hebr.
795 5587 867 5641 tv,
903 5575 988 5632 1‘2.

1533 5575 1575 5607 “
1611 5575 1624 5630 I
1655 5576 1780 5631 Cor.
1812 5591 1849 5643 I,
1877 5575 1970 5630 24.

459 5651 607 5704 xcnt,
640 5638 692 5692 5.

1073 5575 1114 5608 "
1143 5573 1296 5630 Joan.
1332 5593 1368 5642 ι,
1399 5575 1453 5631 ὅ.

2059 5574 2101 5606 "
2130 5572 2262 5628 ibid.

2142 4487 2358 4554 ἐγένετο
2384 4485 2503 4538 καθ’
2529 4487 2694 4555 ἡμᾶς,
2725 4488 2773 4538 εί
2813 4486 2887 4558 μὴ
2915 4487 3046 4550 Θεὸς
3070 4488 3426 4542 ἐϐουλεύσατο
3460 4491 3716 4562 δημιουρ·

2139 4578 2304 4646 γῆσαι
2355 4575 2426 4628 τὰ
2472 4577 2694 4646 γενητὰ.
2727 4578 2833 4628 Καὶ
2884 4579 2932 4630 εἰ
2968 4579 3065 4646 τῆς
3121 4579 3276 4648 ἡμῶν
3318 4581 3481 4634 ἕνεκα
3533 4583 3717 4652 χρείας

2139 4669 2314 4722 ταῦτά
2362 4670 2546 4731 ἐστιν,
2589 4668 2819 4738 ὄργανον
2861 4671 2968 4741 ἄρα
3007 4672 3106 4740 τῆς
3153 4671 3309 4741 ἡμῶν
3355 4674 3716 4745 δημιουργίας

2140 4759 2307 4824 ἐστὶν,
2343 4759 2442 4811 οὐκ
2489 4757 2548 4823 ἐξ
2585 4759 2778 4812 ἑαυτοῦ
2823 4760 3063 4823 τοιοῦτος
3108 4761 3389 4833 ὑπάρχων,
3431 4764 3548 4817 ἀλλ’
3577 4763 3715 4817 οὕτω

2143 4848 2382 4919 γεγονὼς
2431 4849 2498 4901 δι’
2527 4846 2824 4920 ἡμᾶς.⁷Αρ’
2857 4847 2947 4904 οῦν
2991 4851 3180 4921 ὥσπερ
3209 4853 3451 4906 καλεῖται
3490 4855 3715 4924 δύναμις

2142 4943 2231 4996 διὰ
2275 4942 2342 4996 τὰ
2371 4942 2770 5012 δυναμούμενα,
2799 4944 2894 4997 καὶ
2941 4945 3102 5012 σοφία
3147 4945 3234 4998 διὰ
3272 4946 3339 4998 τὰ
3384 4945 3710 5015 σοφούμενα,

2141 5034 2283 5088 οὕτω
2312 5035 2407 5087 καὶ
2442 5036 2470 5086 6
2505 5034 2627 5097 Υἱδς
2653 5034 2741 5088 διὰ
2769 5034 2836 5088 τὰ
2862 5036 3268 5107 υἱοποιούμενα,
3298 5039 3388 5090 καὶ
3413 5038 3563 5091 οὐδέν
3598 5040 3710 5089 ἐστι

2141 5128 2343 5198 κυρίως
2373 5126 2439 5178 δι’
2470 5126 2680 5188 ἑαυτὸν,
2711 5127 2886 5180 πάντα
2912 5127 2966 5179 δὲ
2993 5129 3163 5181 ταῦτα
3189 5129 3254 5182 δι’
3278 5131 3442 5199 ἡμᾶς.
3477 5130 3599 5192 Πῶς
3623 5126 3711 5181 οῦν

2143 5220 2449 5289 σωθήσεται
2475 5219 2534 5270 τὸ
2575 5221 2632 5271 ἐν
2661 5219 2908 5288 Ψαλμοῖς
2931 5220 3188 5290 ᾀδόμενον
3209 5239 3222 5250 ν
3254 5241 3272 5272 ι
3301 5223 3470 5284 Αὐτὸς
3493 5222 3709 5288 ἐποίησε

2138 5310 2307 5378 ἡμᾶς,
2343 5309 2434 5361 καὶ
2459 5308 2555 5374 οὐχ
2583 5309 2762 5377 ἡμεῖς,
2794 5328 2810 5360 ι
2842 5309 3000 5380 εἴπερ
3037 5313 3198 5380 ἡμεῖς
3233 5311 3380 5380 αὐτῷ
3404 5311 3709 5378 δεδώκαμεν

2137 5397 2230 5450 τοῦ
2265 5395 2405 5451 εἶναι
2435 5397 2532 5460 τὰς
2564 5398 2775 5463 αἰτίας;
2801 5400 2861 5453 Ei
2896 5400 3002 5471 γὰρ
3031 5403 3122 5454 xal.
3154 5403 3316 5466 αὐτὸς
3351 5403 3591 5471 φαίνοιτο
3617 5400 3708 5468 τῆς

3489 5575 3534 5609 ³ο
3563 5571 3702 5630 Psal.

2367 5571 2409 5602 ¹⁸
2436 5569 2549 5628 Jocl
2576 5586 2636 5638 ιι,
2663 5571 2753 5630 2’5.
2839 5576 2880 5606 "
2913 5573 3055 5628 Psal.
3080 5591 3302 5642 cxmm,
3347 5577 3402 5629 2.
