4078 6260
357 288 458 344 ’501

1735 279 2006 337 TIIESAU
2019 278 2170 336 RUS.

3503 279 3610 338 502

361 405 630 477 ποιήσεως
667 404 832 476 ἡμῶν
861 404 1184 479 αὐτουργὸς,
1211 405 1324 460 ἀλλ’
1346 407 1504 477 ἡμεῖς
1539 405 1686 474 αὑτῷ
1716 405 1946 474 γεγόνα-

2071 403 2383 460 :xsislendi?
2423 403 2532 456 Etsi
2589 399 2730 456 enim
2769 400 3018 456 videatur
3074 403 3368 460 crcationis
3411 415 3614 460 nostra:

363 511 462 566 μεν
506 492 604 546 τοῦ
647 488 792 547 εἶναι
819 491 894 545 τὰ
926 492 1240 563 σπέρματα,
1273 495 1366 548 καὶ
1403 492 1490 546 διὰ
1531 493 1632 562 τὴν
1671 491 1946 562 ἡμετέραν

360 584 548 656 χρείαν
592 583 846 655 ἐκτίσθη,
875 583 1002 637 καθ’
1037 585 1415 654 ὑμᾶς.Ὤσπερ
1441 583 1630 654 ἀμέλει
1659 583 1754 634 καὶ
1793 583 1822 634 6
1859 581 1948 633 οὑ-

259 679 266 685 ”
361 677 545 747 ρανδς,
576 675 666 730 ἵνα
701 675 950 746 καλύπτῃ
1002 675 1130 738 τοὺς
1180 677 1271 728 ἐπὶ
1323 675 1444 746 γῆς,
1477 675 1572 728 καὶ
1607 676 1636 726 6
1667 673 1818 744 ἥλιος
1862 672 1948 724 ἵνα

361 765 536 836 φαίνῃ
562 768 676 827 τοῖς
705 765 880 834 φωτὸς
907 763 1184 827 δεομένοις
1207 779 1220 794 ·
1255 764 1346 817 καὶ
1380 766 1413 834 ἡ
1444 763 1514 832 γῆ
1543 763 1598 816 δὲ
1626 762 1826 832 ὁμοίως
1861 761 1950 813 ῐνα

360 856 542 928 τρέφῃ
571 856 644 909 τὰ
666 857 872 927 τροφῆς
899 855 1152 926 δεόμενα.
1180 857 1290 910 Καὶ
1331 856 1392 908 τὸ
1437 854 1686 926 περιττὸν
1710 854 1864 908 οὐδὲν
1891 855 1948 906 ἐν

366 947 488 1017 Υίῷ
519 948 615 1000 καὶ
644 949 958 1018 κτίσμασιν,
987 949 1039 1000 εί
1069 965 1130 1016 γε
1171 948 1266 1001 καὶ
1289 949 1452 1011 αὐτὸς
1479 949 1554 1011 ὡς
1587 949 1772 1002 ἐκεῖνα
1796 946 1948 1010 τάξιν

367 1037 486 1110 εχει
525 1040 623 1110 τὴν
649 1040 988 1112 ὑπουργικήν
1007 1057 1022 1074 ·
1055 1039 1226 1109 φεῦγε
1255 1039 1348 1093 τοῦ
1377 1040 1536 1108 λόγου
1563 1039 1662 1110 τὴν
1693 1039 1946 1094 ἀτοπίαν.

813 1335 1020 1396 ΑΛΛΟ,
1057 1335 1124 1386 ἐκ
1163 1334 1280 1388 τῶν
1315 1333 1530 1390 αὐτῶν.

449 1439 771 1514 ὐμολογεϊς
827 1445 922 1496 καὶ
966 1445 1134 1508 ἄκων,
1165 1446 1429 1522 αἱρετικὲ,
1460 1445 1558 1518 τὴν
1590 1445 1828 1516 ἔμφυτον
1857 1447 1951 1498 τοῦ

369 1535 506 1588 Θεοῦ
535 1536 734 1604 σοφίαν
774 1536 874 1587 καὶ
913 1535 1157 1606 δύναμιν,
1191 1538 1467 1609 ἀγενήτως
1501 1537 1830 1608 ἐνυπάρχειν
1862 1537 1956 1590 αὐ-

373 1629 482 1700 τῷ·
516 1631 648 1682 ὅταν
693 1624 787 1680 οὖν
839 1627 1072 1698 ἀκούσῃς
1099 1628 1352 1699 ἀγένητον
1377 1629 1470 1680 τὸν
1505 1629 1651 1690 Υίὺν,
1685 1628 1760 1698 μὴ
1795 1629 1956 1681 πάλιν

2047 511 2168 552 esse
2211 495 2416 566 opifex,
2451 507 2548 548 nos
2581 501 2760 548 tamen
2805 507 2992 548 sumus
3029 507 3190 548 causa
3236 503 3292 548 et
3317 495 3476 564 quasi
3524 509 3614 550 se-

2049 587 2196 642 mina
2227 587 2398 657 ipsius
2427 583 2778 648 exsistentiaa,
2815 593 2870 638 et
2899 583 2952 638 iu
2987 590 3232 638 nostrum
3268 599 3424 640 usum
3460 601 3614 640 crea-

2051 688 2135 734 tus
2167 686 2276 742 est,
2313 687 2374 732 ut
2401 691 2498 732 vos
2523 676 2708 732 vultis.
2741 674 3206 742 Quemadmodum
3235 676 3468 732 fortasse
3504 689 3620 730 cui-

2051 769 2158 822 lum
2191 777 2248 823 ut
2275 776 2420 838 tegat
2455 783 2550 824 eos
2573 767 2666 838 qui
2697 767 2750 822 in
2783 769 2944 823 terris
2968 777 3114 832 sunt,
3145 777 3198 822 et
3237 767 3312 822 sol
3355 777 3412 822 ut
3437 767 3614 820 luceat

2051 861 2118 914 iis
2151 859 2242 928 qui
2287 858 2491 914 lumine
2537 869 2720 930 egent,
2767 870 2822 914 et
2857 869 2999 914 terra
3041 871 3100 914 ut
3147 859 3346 912 nutriat
3387 874 3449 912 ea
3495 873 3616 928 qua:

2055 951 2384 1006 nutrimento
2417 951 2682 1021 indigent.
2717 953 2895 1022 Atque
2929 953 3002 1006 ita
3029 951 3160 1006 nihil
3191 951 3418 1020 amplius
3443 951 3496 1006 in
3529 949 3616 1006 Fi-

2053 1041 2142 1104 lio,
2188 1053 2350 1108 quam
2397 1041 2451 1094 in
2491 1041 2796 1107 creaturis;
2843 1041 3110 1111 siquidem
3153 1051 3208 1097 et
3238 1041 3354 1112 ipse
3398 1041 3618 1111 perinde

2053 1139 2212 1200 atque
2253 1129 2358 1184 illa:
2405 1131 2750 1186 ministrandi
2787 1147 2984 1188 munus
3029 1134 3188 1189 habet
3215 1153 3230 1188 :
3253 1135 3396 1204 quod
3431 1133 3482 1187 in
3513 1133 3626 1204 pri-

2055 1226 2158 1280 mis
2183 1223 2474 1280 absurdum
2507 1231 2608 1278 est.

2557 1335 2784 1402 ALIUD,
2803 1355 2878 1410 ea:
2906 1341 3110 1392 iisdem.

2127 1455 2342 1511 Fateris
2371 1455 2531 1510 etiam
2560 1454 2782 1522 invitus,
2811 1455 3088 1520 haeretice,
3129 1455 3370 1508 innatam
3407 1457 3500 1510 Dei
3531 1472 3620 1512 sa-

2058 1547 2322 1616 pientiam
2351 1561 2414 1602 ac
2439 1545 2734 1616 potentiam
2767 1545 3064 1600 increatam
3097 1545 3148 1598 in
3177 1547 3290 1614 ipso
3313 1546 3578 1602 exsistere
3607 1565 3619 1599 :

2061 1654 2182 1692 cum
2235 1637 2402 1708 igitur
2437 1637 2626 1692 audies
2666 1635 2960 1706 ingenitum
3000 1649 3122 1690 esse
3149 1635 3366 1700 Filium,
3395 1651 3462 1690 ne
3505 1651 3620 1690 rur-

377 1720 543 1790 λέγε·
579 1720 684 1772 Δὺο
711 1716 805 1772 οὖν
836 1717 1084 1788 ἀγένητα.
1115 1721 1280 1791 Αὐτὴν
1304 1720 1360 1773 δὲ
1391 1720 1598 1789 ταύτην
1619 1719 1716 1790 τὴν
1739 1721 1800 1772 ὲν
1839 1719 1957 1791 Θεῷ

2071 1745 2178 1784 sum
2236 1729 2424 1782 dicas:
2461 1727 2572 1782 Duo
2619 1727 2782 1797 igitur
2816 1737 2942 1781 sunt
2975 1727 3231 1796 ingenita.
3275 1723 3426 1780 Ilanc
3479 1727 3624 1780 enim

395 1813 592 1880 σοφίαν
618 1813 714 1864 καὶ
740 1811 964 1879 δύναμιν
995 1811 1260 1880 ἀγενήτως
1283 1829 1342 1864 τε
1377 1813 1470 1866 καὶ
1506 1813 1748 1882 άχρόνως
1779 1811 1957 1884 ὑπάρ-

398 1920 496 1972 χου
505 1920 602 1956 σαν
629 1902 948 1972 πιστεύομεν
970 1898 1107 1954 εἶναι
1127 1903 1217 1955 τὸν
1239 1903 1390 1965 Υίδν,
1409 1903 1468 1964 ὃς
1489 1904 1582 1954 καὶ
1606 1903 1785 1956 πάντα
1813 1903 1962 1974 δεδηο

400 1993 714 2063 μιούργηκε,
732 1993 824 2047 καί
842 1993 908 2046 δι’
935 1995 1080 2065 ἡμᾶς
1104 1994 1298 2063 γέγονε
1327 1993 1484 2064 σὰρξ,
1505 1989 1766 2065 κατὰἿι-ὴν
1781 1993 1962 2047 Ἰωάν-

389 2101 476 2138 νου
507 2087 713 2155 φωνήν.

381 2197 590 2262 AAAO,
631 2198 714 2264 ὡς
751 2199 823 2251 ὲν
859 2199 1208 2266 ἐρωτήσεως
1246 2200 1966 2268 σχτὶματι,ἀποδεικτικὴν

960 2270 1108 2336 ἔχον
1143 2269 1429 2340 δύναμιν.

465 2378 622 2430 Διατί
664 2377 736 2430 τὰ
787 2378 967 2432 πάντα
1005 2382 1032 2432 6
1075 2381 1268 2450 Πατὴρ
1319 2381 1608 2452 ἐργάζεται
1652 2383 1718 2436 δι’
1744 2383 1964 2452 Υἱοῦζή

385 2470 540 2523 διατί
591 2470 760 2522 πάλιν
791 2472 850 2522 ὲν
893 2470 972 2540 τῷ
1012 2471 1156 2541 ἁγίῳ
1186 2471 1518 2543 βαπτίσματι
1545 2475 1636 2526 καὶ
1673 2477 1700 2527 6
1733 2473 1856 2536 Υἱὸς
1895 2472 1968 2542 τῷ

384 2561 572 2630 Πατρὶ
625 2561 1170 2630 συγκατονομάξεται
1197 2579 1214 2626 ἶ
1263 2563 1417 2616 Διατί
1444 2563 1498 2615 δὲ
1536 2565 1762 2636 γενητῆς
1793 2563 1966 2632 and?

381 2669 494 2721 χων
517 2650 764 2718 φύσεως,
801 2651 926 2705 καθ’
958 2653 1122 2722 ὑμᾶς,
1151 2653 1564 2722 συναριθμεῖται
1589 2653 1664 2723 τῷ
1689 2653 1967 2718 κτίσαντι;

382 2743 478 2806 Τίς
523 2743 582 2796 δὲ
632 2742 796 2813 χρεία
836 2743 930 2796 τοῦ
959 2744 1332 2813 πεποιημένου
1375 2747 1455 2806 εἰς
1490 2745 1588 2816 τὴν
1615 2745 1720 2798 τῶν
1755 2746 1970 2800 πάντων

383 2833 670 2886 τελείωσιν
701 2833 798 2886 καὶ
835 2834 1141 2903 ἁγιασμόν;
1195 2833 1320 2896 Πῶς
1343 2834 1398 2887 δὲ
1435 2834 1624 2904 βοηθὸν
1657 2837 1818 2890 αὐτὸν
1851 2839 1972 2888 ἐπι-

392 2923 740 2994 καλούμεθα;
777 2923 974 2976 Καίτοι
1021 2923 1192 2978 πολλὰ
1241 2925 1338 2996 μὲν
1369 2927 1462 2979 καὶ
1503 2926 1664 2996 ἕτερα
1697 2927 1972 2997 κτίσματα

399 3013 654 3080 γεγονῦτα
692 3012 962 3081 φαίνεται,
995 3013 1129 3066 ἀλλὰ
1162 3015 1366 3070 τούτων
1398 3016 1548 3070 οὐδὲν
1595 3019 1675 3081 εἰς
1716 3018 1816 3088 τὴν
1863 3018 1972 3072 τῶν

409 3105 704 3172 εἰρημένων
732 3103 918 3173 χρείαν
945 3103 1435 3173 παραλαμϐάνεται
1457 3123 1470 3136 ·
1515 3107 1676 3176 μόνος
1706 3107 1762 3161 δὲ
1793 3111 1820 3160 6
1849 3108 1973 3171 Υἱὸς

413 3195 498 3250 ἀεὶ
531 3194 876 3264 συνυπάρχων
907 3195 988 3266 τῷ
1017 3195 1211 3267 Πατρί.
1249 3197 1406 3250 Ποῖον
1445 3197 1554 3269 γὰρ
1581 3197 1692 3268 ἔχει
1723 3197 1898 3266 λόγον,
1929 3202 1976 3252 εἰ

413 3285 486 3356 μὴ
521 3285 653 3347 Θεὸς
675 3287 895 3358 ὑπάρχοι
927 3288 1021 3340 καὶ
1056 3287 1242 3352 αὐτὸς,
1279 3289 1355 3352 είς
1387 3290 1612 3358 κτίστην
1639 3291 1734 3343 καὶ
1775 3289 1977 3359 κτίσμα

406 3378 502 3449 τὴν
553 3379 732 3431 πίστιν
776 3379 1180 3449 acup-litassent;
1222 3381 1374 3433 Διατί
1421 3381 1476 3433 δὲ
1531 3381 1624 3434 καὶ
1652 3382 1978 3452 δημιουργὸς

402 3469 747 3539 ὀνομάζεται,
778 3472 827 3522 εί
864 3471 938 3538 μὴ
965 3470 1124 3523 τοῦτό
1147 3473 1263 3524 ἐστι
1298 3471 1440 3524 κατὰ
1472 3471 1632 3540 φύσιν
1662 3473 1798 3542 ὅπερ
1831 3473 1926 3525 καὶ
1953 3475 1980 3526 6

400 3561 623 3630 Πατήρς
653 3561 764 3614 Καὶ
798 3561 902 3631 μὴν
940 3563 1102 3626 αὐτὸς
1140 3561 1342 3632 ἔφησεν
1376 3564 1404 3615 6
1432 3563 1556 3625 Υἱός
1575 3581 1587 3593 ·
1632 3582 1650 3612 ι
1680 3564 1862 3616 Πάντα
1881 3565 1982 3618 ὅσα

400 3653 512 3723 εχει
539 3654 568 3704 6
603 3653 818 3722 Πατὴρ,
851 3653 962 3723 ὲμά
991 3655 1129 3706 ἐστι.
1167 3654 1352 3723 »Ἔχει
1377 3653 1432 3706 δὲ
1461 3656 1488 3706 6
1514 3654 1702 3724 Πατὴρ
1729 3655 1788 3707 τὸ
1820 3655 1980 3708 δύνα-

399 3743 528 3796 σθαι
549 3744 924 3813 δημιουργεῖν,
951 3745 1110 3797 τοῦτο
1139 3745 1233 3798 καὶ
1262 3747 1320 3798 ὲν
1343 3745 1456 3815 Υἰῷ
1483 3745 1734 3808 σώζεται.
1752 3749 1982 3817 Ὁμοίως

399 3836 468 3889 τὸ
495 3836 766 3904 ἅγιάζειν,
805 3837 866 3890 τὸ
893 3836 1108 3900 σώζειν,
1142 3837 1236 3890 καὶ
1275 3839 1374 3890 ὅσα
1405 3839 1604 3908 πρέπει
1641 3839 1780 3908 Θεῷ,
1805 3842 1982 3894 πάντα

398 3927 473 3980 δι’
503 3929 653 3981 Υίοῢ.
684 3929 916 3982 Σύνεστι
947 3928 1058 3997 γὰρ
1091 3928 1178 3980 ἀεὶ
1214 3927 1292 3998 τῷ
1326 3931 1521 3999 Πατρὶ,
1555 3929 1632 3992 ὡς
1660 3929 1737 4000 τῷ
1763 3931 1900 3998 φωτὶ
1923 3931 1983 3982 τὸ

397 4017 769 4089 ἀπαύγασμα.
815 4019 948 4084 Θεὸς
978 4021 1086 4091 ἄρα
1124 4020 1272 4082 Υἱὸς,
1301 4022 1363 4073 οὐ
1403 4023 1786 4093 πεποιημένος,
1813 4023 1982 4076 καθά-

397 4126 512 4180 περ
565 4110 768 4163 ἐκεῖνοι
821 4111 1142 4180 ψευδόμενοι
1185 4110 1456 4178 λέγουσιν,
1496 4112 1610 4164 ἀλλ’
1640 4115 1704 4164 ὲκ
1745 4115 1842 4182 τῆς
1891 4112 1982 4166 τοῦ

397 4203 450 4257 Π
459 4202 620 4272 ατρὸς
650 4203 840 4265 οὐσίας
871 4203 1146 4273 προελῦὼν
1175 4204 1397 4274 γνήσιον
1424 4203 1688 4272 γέννημα.

917 4325 1274 4410 ΛΟΓΟΣ
1349 4323 1496 4408 ΙΖ’.

401 4477 545 4531 Ὀτι
580 4479 699 4551 τῶν
727 4480 1077 4551 προσόντων
1124 4481 1204 4545 τῷ
1264 4481 1392 4546 ΥΙῷ,
1436 4481 1616 4536 οὐδὲν
1669 4482 1744 4551 τῇ
1786 4484 1976 4538 κτίσει

483 4550 774 4622 πρςέᾳεστι
828 4549 1116 4622 φυσικῶς·
1178 4551 1373 4622 πάντα
1415 4551 1482 4605 δὲ
1529 4553 1597 4606 ἐκ
1637 4549 1900 4622 μετοχῆς
1938 4555 1974 4620 ἢ

480 4619 608 4690 εἵαθ’
635 4619 940 4690 ρμοίωσιν
963 4619 1080 4686 τὴν
1134 4621 1283 4687 πρὸς
1317 4621 1422 4672 τὸν
1454 4619 1696 4676 διδόντα
1723 4619 1910 4690 φὸῂεῐ·
1947 4619 1978 4676 ό

577 4689 706 4760 ηὼς
733 4693 842 4760 οὐχ
875 4685 1082 4754 οὕτως.
1127 4685 1336 4758 Διόπερ
1373 4691 1572 4759 ἕτερος
1603 4685 1740 4760 παρῖ
1762 4685 1974 4758 α’ὺτήν.

479 4757 548 4809 El
578 4757 646 4809 δὲ
667 4759 862 4822 τοῦτο,
884 4761 994 4811 οὐκ
1021 4759 1134 4826 ἄρα
1154 4757 1374 4828 κτίσμα
1401 4757 1589 4816 ἑάτίν.

856 4887 1174 4958 Ἀπολογία
1210 4891 1539 4955 αὐτολεξεί.

483 4997 544 5048 El
571 4997 721 5050 πᾶσα
752 4999 786 5068 ἡ
837 4999 1012 5060 κτίσις
1042 4999 1100 5050 ὲν
1153 5000 1344 5071 ἀγνοίᾳ
1387 5001 1690 5069 καθέστηκε
1743 5004 1809 5070 τῇ
1855 5003 1982 5071 περὶ

401 5085 506 5139 τὸν
541 5085 796 5157 Πατέρα,
842 5087 1016 5151 οὐδεὶς
1058 5089 1162 5157 γὰρ
1209 5085 1318 5143 οἶδε
1367 5089 1451 5150 τίς
1494 5091 1639 5141 ἐστιν
1687 5091 1716 5142 6
1751 5091 1976 5161 Πατὴρ,

407 5173 522 5229 οἶδε
545 5177 600 5230 δὲ
631 5179 789 5249 μόνος
822 5181 849 5230 6
873 5179 1020 5242 Υἱὸς,
1052 5181 1148 5231 οὐκ
1174 5180 1279 5250 ἄρα
1315 5181 1519 5250 κτίσμα
1541 5183 1818 5250 τυγχάνει.

1095 5292 1296 5344 ΑΛΛΟ.

483 5398 543 5450 El
577 5400 742 5469 μηδὲν
774 5401 882 5452 τῶν
921 5402 1218 5468 γεγονότων
1267 5403 1383 5454 ἐστὶ
1419 5403 1574 5471 φύσει
1615 5405 1765 5466 Θεὸς,
1823 5405 1984 5472 φύσει

405 5487 460 5541 δὲ
489 5488 617 5553 Θεὸς
654 5493 681 5543 6
713 5491 859 5558 Υἱὸς,
891 5492 992 5544 οὐκ
1027 5492 1130 5562 ἄρα
1187 5493 1293 5544 τῶν
1347 5495 1642 5560 γεγονότων
1688 5496 1854 5549 ἐστίν.
1881 5493 1986 5550 Ἦν

481 5665 518 5696 ¹¹
554 5663 711 5723 Joan.
745 5683 782 5736 t,
813 5668 895 5721 Η.
978 5668 1024 5700 ’³
1055 5667 1203 5722 Juan.
1245 5685 1352 5733 im,
1394 5669 1473 5721 lii.

785 5791 828 5818 ἦ

2065 1821 2232 1892 ipsam
2271 1819 2322 1872 in
2365 1819 2472 1874 Deo
2511 1819 2830 1890 sapientiam
2879 1827 2934 1873 et
2961 1819 3256 1888 potentiam
3305 1818 3624 1880 increatam,

2064 1921 2224 1982 atque
2275 1911 2344 1966 ab
2397 1921 2600 1966 aeterno
2647 1911 2748 1980 ipsi
2804 1910 3208 1966 ineasistentem
3257 1909 3452 1964 Filium
3507 1925 3626 1964 esse

2065 2001 2352 2067 credimus,
2383 2003 2472 2070 qui
2503 2001 2682 2056 omnia
2725 2001 2950 2068 creavit,
2991 2009 3044 2056 et
3073 2011 3292 2072 propter
3325 2017 3448 2066 nos,
3475 1999 3625 2072 juxta

2065 2092 2286 2148 Joannis
2305 2105 2492 2148 vocem
2515 2093 2582 2158 “,
2615 2093 2788 2150 factus
2822 2103 2906 2150 est
2929 2109 3074 2149 caro.

2065 2202 2297 2269 ALIUD,
2343 2219 2436 2272 per
2475 2203 2958 2274 interrogationem,
3005 2201 3474 2258 demonstrationis
3525 2203 3628 2256 rint

2749 2273 2963 2328 habens.

2139 2387 2498 2452 Quamobrem
2543 2387 2701 2440 Pater
2743 2385 2923 2438 omnia
2971 2399 3066 2452 per
3111 2383 3302 2438 Filium
3347 2385 3632 2452 operatur!

2069 2487 2162 2532 aut
2199 2493 2368 2546 quare
2409 2477 2462 2530 in
2510 2485 2700 2532 sancto
2741 2475 3066 2545 baptismate
3101 2477 3262 2530 etiam
3311 2475 3480 2530 Filius
3513 2491 3636 2530 cum

2071 2566 2232 2622 Patre
2281 2567 2630 2622 nominatur?
2675 2567 2790 2634 Qua
2841 2569 2908 2622 de
2953 2581 3118 2622 causa
3161 2565 3348 2628 etiam,
3397 2581 3520 2620 cum
3569 2567 3634 2620 sit

2071 2665 2268 2712 creatae
2315 2666 2552 2722 naturai,
2595 2669 2656 2712 ut
2699 2673 2796 2712 vos
2837 2658 3170 2727 'opinamiui,
3219 2665 3642 2712 connumeratur

2074 2749 2348 2804 creatori?
2391 2749 2522 2816 Quae
2574 2764 2702 2804 vero
2752 2751 3047 2806 necessitas
3099 2758 3218 2804 erat
3261 2759 3526 2804 creaturae
3575 2749 3642 2802 ad

2073 2839 2314 2896 Omnium
2345 2839 2726 2907 perfectionem
2769 2849 2822 2896 et
2853 2841 3378 2896 sanctiﬁcationemi
3413 2843 3518 2895 Aut
3547 2855 3644 2896 cur

2076 2931 2454 2986 auxiliatorem
2524 2943 2768 2986 nostrum
2835 2933 3186 2988 invocamus?
3241 2934 3404 2999 Atqui
3467 2931 3645 2986 multa:

2077 3024 2240 3077 etiam
2268 3023 2384 3078 alim
2414 3031 2680 3078 creatura:
2707 3021 2862 3078 facta:
2889 3033 3184 3094 apparent:
3209 3023 3370 3092 179
3391 3021 3482 3078 sed
3505 3022 3644 3076 nulla

2081 3115 2270 3169 harum
2301 3117 2367 3172 ad
2398 3115 2682 3184 praedictos
2713 3131 2846 3170 usus
2879 3116 3344 3180 accommodatur,
3385 3115 3476 3168 sed
3503 3114 3646 3168 solus

2079 3201 2250 3256 Filius
2279 3217 2492 3272 semper
2511 3204 2848 3258 coexsistens
2873 3203 3043 3258 Patri.
3079 3201 3336 3270 Quaenam
3366 3203 3516 3272 igitur
3559 3217 3646 3255 ra-

2084 3291 2157 3345 tio
2190 3299 2292 3358 est,
2320 3293 2366 3346 si
2401 3293 2514 3360 ipse
2545 3307 2653 3346 non
2684 3292 2754 3347 sit
2789 3293 2948 3356 Deus,
2989 3292 3042 3346 in
3075 3301 3377 3346 creatorem
3408 3299 3462 3344 et
3491 3303 3643 3343 crea-

2083 3393 2256 3435 turam
2293 3381 2550 3437 credere?
2581 3381 2686 3436 Aut
2723 3397 2889 3451 quare
2927 3393 3142 3437 creator
3180 3391 3424 3448 vocatur,
3459 3387 3502 3436 si
3533 3395 3640 3436 non

2083 3484 2165 3528 est
2185 3481 2376 3526 natura
2406 3475 2454 3527 id
2485 3473 2624 3542 quod
2649 3473 2842 3528 Pater?
2867 3474 2928 3527 At
2963 3489 3090 3528 vero
3121 3473 3288 3528 Filius
3319 3475 3394 3527 ait
3421 3491 3433 3528 :
3463 3491 3481 3525 ι
3515 3473 3646 3528 0m-

2085 3565 2171 3618 nia
2215 3579 2334 3633 qua:
2381 3565 2542 3618 habet
2588 3565 2748 3619 Pater
2797 3579 2914 3618 mea
2969 3573 3092 3620 sunt
3113 3565 3176 3616 ".
3209 3581 3228 3615 ι
3269 3563 3428 3618 Pater
3471 3575 3648 3616 autem

2085 3653 2244 3708 habet
2279 3655 2588 3708 facultatem
2622 3655 2864 3718 creandi,
2897 3655 3058 3708 habet
3089 3667 3218 3722 ergo
3248 3663 3302 3706 et
3335 3652 3521 3707 Filius.
3563 3652 3648 3705 Si-

2085 3745 2288 3800 militer
2309 3756 2361 3797 et
2384 3745 2742 3807 sanctiﬁcare,
2768 3753 2823 3798 et
2851 3759 3089 3808 servare,
3113 3755 3164 3796 et
3190 3757 3521 3812 quaecunque
3545 3743 3652 3795 Deo

2085 3839 2436 3900 conveniunt,
2479 3837 2657 3891 omnia
2691 3851 2790 3905 per
2829 3835 3048 3889 Filium.
3105 3833 3330 3899 Semper
3370 3835 3514 3885 enim
3547 3849 3649 3884 una

2085 3945 2204 3984 cum
2257 3930 2414 3984 Patre
2461 3929 2694 3992 exsistit,
2741 3925 3192 3994 quemadmodum
3242 3923 3498 3989 Splendor
3531 3937 3651 3974 cum

2087 4021 2312 4073 lumine.
2362 4020 2502 4072 Dens
2550 4020 2733 4084 itaque
2767 4025 2850 4068 est
2895 4015 3086 4074 Filius,
3135 4025 3238 4064 non
3279 4011 3477 4072 iactus,
3518 4011 3654 4066 sicut

2087 4112 2160 4165 illi
2195 4110 2516 4163 mentientes
2547 4114 2819 4166 asserunt,
2851 4105 2943 4157 sed
2985 4100 3302 4155 naturaliter
3331 4115 3396 4155 ex
3423 4103 3655 4156 essentia

2090 4201 2263 4256 Patris
2300 4199 2548 4267 genimen
2583 4196 2902 4266 procedens.

2383 4326 2955 4418 ASSERTIO
3029 4331 3342 4422 XVII.

2090 4481 2242 4547 Quod
2283 4497 2460 4534 eorum
2509 4495 2622 4551 qua:
2659 4477 2801 4534 Filio
2845 4480 3043 4544 insunt,
3091 4480 3221 4534 nihil
3253 4480 3530 4551 creaturis,
3559 4495 3656 4530 ua-

2159 4551 2408 4604 turaliter
2435 4548 2584 4610 insit,
2630 4551 2719 4602 sed
2766 4566 2826 4602 ea
2854 4567 2946 4618 per
2973 4552 3424 4616 participationem
3453 4548 3530 4602 vel
3573 4563 3648 4618 se-

2159 4622 2390 4673 cundum
2431 4621 2832 4672 similitudinem
2855 4616 2976 4687 ejus
3007 4621 3095 4686 qui
3141 4623 3228 4670 dat
3267 4622 3490 4670 habeant
3517 4633 3534 4668 :
3566 4616 3657 4668 Fi-

2158 4690 2260 4741 lius
2293 4700 2469 4740 autem
2505 4705 2605 4741 non
2640 4690 2732 4741 ita.
2775 4690 2940 4756 Atque
2965 4691 3162 4740 idcirco
3193 4691 3256 4739 ab
3295 4692 3356 4739 iis
3395 4691 3655 4738 diversus.

2161 4758 2312 4821 Quod
2347 4775 2463 4810 cum
2489 4759 2563 4811 ita
2596 4758 2686 4821 sit,
2719 4756 2919 4810 Filium
2957 4769 3254 4810 creaturam
3289 4773 3390 4808 non
3417 4769 3548 4806 esse.

2305 4889 2552 4956 Defensio
2582 4889 2800 4955 simplex
2837 4907 2900 4943 ex
2923 4891 3068 4956 puris
3103 4886 3442 4956 syllogismis.

2165 5001 2220 5053 Si
2255 5001 2432 5054 omnis
2479 5009 2725 5054 creatura
2762 5002 3050 5053 constituta
3102 5009 3179 5050 est
3232 4999 3284 5050 in
3323 4996 3660 5066 ignoratione

2090 5094 2286 5155 Patris,
2325 5107 2486 5146 nemo
2526 5092 2666 5144 enim
2705 5093 2849 5144 novit
2887 5091 3008 5158 quis
3048 5093 3115 5144 sit
3165 5090 3341 5152 Pater,
3392 5089 3538 5146 novit
3569 5106 3660 5143 au-

2096 5196 2198 5240 tem
2239 5185 2385 5238 solus
2415 5182 2618 5238 Filius:
2651 5197 2754 5234 non
2793 5193 2874 5236 est
2908 5197 3034 5248 ergo
3065 5192 3340 5236 creatura.

2765 5295 2991 5350 ALIUD.

2171 5409 2226 5461 Si
2259 5408 2389 5461 nihil
2421 5421 2608 5461 eorum
2639 5421 2757 5474 qua:
2799 5405 2939 5459 faeta
2965 5417 3107 5472 sunt,
3145 5415 3226 5459 est
3275 5413 3464 5457 natura
3504 5405 3659 5466 Deus,

2099 5499 2266 5553 Filius
2299 5507 2477 5554 autem
2508 5507 2591 5551 est
2618 5505 2806 5550 natura
2845 5497 2981 5552 Deus
3013 5517 3023 5552 :
3058 5514 3162 5551 non
3197 5507 3276 5551 est
3310 5497 3470 5565 igitur
3499 5510 3562 5549 ex
3599 5501 3664 5548 iis
