4078 6260
475 277 578 371 303

1462 305 1516 359 S.
1557 303 1831 359 CYRILLI
1869 304 2338 370 ALEXANDRINI
2378 309 2698 366 ARCIIIEP.

3615 307 3724 368 sui

477 439 594 494 qua:
625 422 764 478 facta
802 427 947 475 sunt.
979 417 1140 487 Atqui
1183 417 1225 472 si
1283 418 1506 474 ridicula
1547 419 1644 472 l‘uit
1686 421 1832 488 prior
1859 430 2027 475 nostra

2144 424 2188 476 δ’
2211 426 2365 496 ἡμῶν
2395 427 2795 495 καταγέλαστος
2827 429 2853 480 6
2905 427 3167 498 πρότερος
3210 424 3342 494 βίος,
3384 425 3466 477 ὅτι
3499 425 3574 497 μὴ
3600 422 3723 480 οὖσι

477 513 608 578 vita,
658 511 801 580 quod
848 509 951 563 diis
987 507 1078 576 qui
1118 514 1310 560 natura
1363 521 1468 559 non
1515 516 1751 574 exstant,
1796 508 2046 563 servieri-

475 617 628 668 mus;
681 612 828 656 certe
867 613 1008 654 nunc
1035 597 1204 652 multo
1241 597 1549 650 miseriores
1585 598 1793 652 censeri
1823 599 2047 655 debere-

477 709 615 759 mus,
648 694 787 762 quod
816 705 938 745 eum
965 689 1058 758 qui
1102 696 1290 742 natura
1336 687 1470 742 deus
1493 702 1596 744 non
1626 689 1715 754 sit,
1754 690 1996 746 colamus
2027 710 2039 746 :

475 784 618 855 quod
651 783 942 839 absurdum
969 787 1068 834 est.

1138 893 1363 948 ALIUD.

544 1013 600 1068 Si
628 1011 767 1078 quod
796 1009 993 1062 factum
1031 1017 1134 1070 est,
1171 1007 1444 1062 diversum
1476 1017 1560 1064 est
1590 1009 1812 1063 omnino
1847 1018 2040 1064 natura

470 1107 538 1160 ab
573 1119 638 1158 eo
667 1101 807 1172 quod
853 1099 1053 1154 factum
1103 1114 1208 1152 non
1254 1109 1355 1164 est,
1406 1115 1510 1154 non
1541 1110 1718 1170 potest
1762 1102 2043 1170 aequaliter

470 1194 613 1249 illius
635 1191 818 1261 gloriae
859 1189 1130 1260 particeps
1160 1204 1300 1244 esse.
1343 1209 1359 1240 ι
1392 1189 1631 1245 Gloriam
1668 1192 1808 1245 enim
1843 1207 2038 1260 meam,

470 1284 665 1353 inquit,
696 1281 850 1336 alteri
895 1295 998 1334 non
1041 1280 1178 1334 dabo
1201 1281 1265 1333 ’³.
1303 1299 1320 1331 ι
1359 1281 1414 1334 Si
1446 1296 1570 1336 vero
1613 1283 1890 1351 zequaliter
1921 1300 2042 1353 par-

470 1375 642 1444 ticeps
675 1382 757 1428 est
787 1371 955 1426 Filius
987 1370 1210 1424 veniens
1238 1371 1305 1425 in-
1327 1373 1498 1440 gloria
1545 1372 1723 1428 Patris
1755 1393 1768 1428 τ
1801 1390 1908 1428 non
1958 1383 2042 1431 est

469 1466 627 1535 igitur
654 1473 926 1529 creatura,
953 1463 1042 1532 qui
1075 1463 1300 1518 inereati
1333 1465 1559 1533 gloriam
1594 1467 1812 1520 indutus
1849 1475 1950 1521 est.

1039 1572 1201 1644 130
1239 1573 1469 1630 ALIUD.

539 1686 721 1742 Sacrae
776 1685 1072 1756 Scriptura:
1106 1685 1300 1740 Filium
1349 1700 1531 1741 verum
1578 1687 1745 1742 Deum
1796 1700 2036 1746 vocant:

2148 518 2308 586 φύσει
2348 519 2489 582 θεοῖς
2519 519 2931 590 ἐδουλεύσαμεν,
2960 518 3141 588 πολλῷ
3197 517 3396 588 μᾶλλον
3430 516 3525 570 νῦν
3555 520 3725 587 ἐσμεν

2145 607 2483 680 ἀθλιώτεροι,
2513 607 2590 678 τῷ
2623 609 2696 678 μὴ
2721 607 2880 677 φύσει
2929 606 3037 679 θεῷ
3086 607 3452 679 προσάγοντες
3497 606 3597 676 τὴν
3631 606 3727 660 λαε-

2146 700 2350 772 τρείαν·
2389 701 2555 771 φεῦγε
2587 701 2646 754 τὸ
2673 703 2888 756 ἄτοπον.

2824 907 3024 960 ΑΛΛΟ.

2214 1021 2276 1074 Εἰ
2302 1022 2408 1074 πᾶν
2435 1022 2496 1074 τὸ
2515 1022 2740 1092 γενητὸν
2769 1022 2955 1092 ἕτερόν
2985 1023 3096 1074 ἐστι
3132 1021 3310 1092 πάντη
3330 1021 3423 1075 τοῦ
3451 1023 3724 1094 ἀγενήτου

2143 1114 2284 1166 κατὰ
2307 1114 2404 1184 τὴν
2438 1113 2621 1183 φύσιν,
2651 1115 2956 1177 οῦδύναται
2979 1113 3076 1184 τῆς
3109 1115 3321 1167 ἐκείνου
3347 1115 3504 1184 δόξης
3535 1117 3720 1187 ἰσομέ-

2142 1221 2284 1275 τρως
2318 1208 2613 1258 κοινωνεῖν.
2649 1225 2666 1256 ι
2694 1206 2804 1275 Τὴν
2832 1206 2939 1274 γάρ
2967 1205 3124 1269 δόξαν
3171 1223 3293 1274 μου,
3331 1207 3493 1276 φησιν
3521 1208 3719 1274 όΘεὸς,

2142 1295 2312 1364 ἑτέρῳ
2340 1295 2401 1347 οὐ
2432 1294 2606 1350 δώσω.
2639 1315 2658 1346 ι
2703 1297 2766 1348 Εἰ
2794 1296 2850 1348 δὲ
2903 1298 3149 1348 κοινωνεῖ
3179 1299 3206 1348 6
3240 1296 3369 1359 Υἱὸς
3425 1299 3720 1369 ἐρχόμενος

2142 1383 2200 1436 ἐν
2229 1386 2293 1454 τῇ
2334 1383 2458 1454 δόξῃ
2486 1384 2579 1436 τοῦ
2612 1385 2843 1457 Πατρὸς,
2879 1385 2979 1437 οὐκ
3009 1386 3116 1455 ἄρα
3150 1385 3355 1456 κτίσμα
3399 1389 3546 1440 ἐστὶν
3571 1390 3598 1441 6
3624 1389 3719 1458 τὴν

2139 1473 2233 1526 τοῦ
2264 1475 2520 1528 ἀκτίστου
2543 1475 2700 1540 δόξαν
2724 1476 3117 1546 ἠμφιεσμένος.

2831 1591 3032 1642 ΑΛΛΟ.

2211 1701 2342 1754 Θεὸν
2363 1701 2616 1772 ἀληθινὸν
2661 1702 3029 1756 ἀποκαλοῦσιν
3078 1704 3134 1757 αἱ
3185 1703 3324 1756 θεῖαι
3377 1703 3591 1774 Γραφαὶ
3629 1705 3718 1758 τὸν

473 1789 636 1850 atque
683 1779 756 1834 ita
804 1780 1098 1834 credimus.
1145 1777 1199 1832 Si
1234 1793 1362 1834 vero
1391 1779 1649 1848 quidquid
1692 1780 1889 1836 factum
1933 1793 2027 1850 est,

2143 1791 2290 1857 Υἱὸν,
2319 1793 2411 1845 καὶ
2440 1791 2582 1846 οὕτω
2616 1793 2964 1863 πιστεύομεν.
2993 1795 3053 1847 Εἰ
3085 1794 3140 1847 δὲ
3172 1795 3279 1847 πᾶν
3324 1795 3385 1847 τὸ
3423 1795 3715 1864 γενόμενον

468 1886 656 1928 recens
680 1879 762 1926 est
793 1880 1039 1941 respectu
1065 1870 1326 1935 increati;
1356 1884 1530 1938 neque
1556 1887 1651 1941 par
1679 1883 1761 1927 est
1791 1885 1848 1926 ut
1874 1875 2037 1928 Deum

469 1971 746 2021 recentem
794 1977 857 2017 ac
915 1977 1111 2018 novum
1149 1959 1389 2015 colamus
1417 1975 1432 2014 :
1465 1977 1569 2016 non
1623 1972 1707 2018 est
1749 1963 1912 2032 igitur
1950 1964 2040 2018 Fi-

466 2053 571 2109 lius
604 2053 742 2109 Deus
772 2068 981 2119 recens,
1032 2052 1235 2122 quippe
1269 2051 1360 2120 qui
1404 2059 1486 2108 est
1527 2053 1579 2109 id
1620 2055 1759 2124 quod
1796 2065 2036 2111 creatum

465 2161 571 2202 non
604 2155 708 2202 εει.

1137 2256 1365 2312 ALIUD.

533 2369 765 2440 SLquod
802 2377 1043 2426 creatum
1088 2378 1195 2435 est,
1228 2369 1500 2426 diversum
1529 2370 1686 2440 plane
1731 2382 1815 2428 est
1845 2375 1913 2430 ab
1953 2376 2034 2430 in-

458 2468 664 2524 creato,
709 2459 923 2514 adorari
982 2473 1090 2514 non
1136 2459 1318 2515 debet.
1371 2459 1562 2515 Divino
1597 2462 1738 2516 enim
1768 2475 2033 2535 praecepto

461 2552 564 2604 hoc
591 2550 818 2604 vetitum
866 2559 970 2605 est.
1018 2550 1082 2604 Si
1117 2565 1242 2606 vero
1271 2549 1467 2606 Filium
1492 2551 1744 2621 iubemur
1781 2557 2030 2624 adorare,

461 2653 567 2692 non
601 2647 780 2693 autem
817 2639 980 2692 alium
1020 2641 1199 2704 deum,
1233 2641 1324 2710 qui
1357 2641 1426 2697 sit
1457 2653 1671 2699 creatus
1707 2663 1720 2700 :
1757 2645 2030 2706 increatus

460 2728 625 2799 igitur
652 2741 734 2785 est
758 2729 946 2786 Filius.

1124 2841 1357 2900 ALIUD.

529 2949 584 3005 Si
615 2951 872 3022 quidquid
902 2951 1105 3007 factum
1151 2962 1252 3020 est,
1307 2969 1518 3011 servum
1567 2969 1649 3014 est
1683 2961 1821 3031 ejus,
1853 2978 1881 3016 a
1925 2979 2030 3035 quo

455 3042 659 3129 factum
694 3053 776 3099 est
807 3060 821 3100 :
849 3045 1184 3114 impossibile
1215 3047 1378 3117 igitur
1412 3049 1485 3104 illi
1514 3060 1595 3106 est
1621 3053 1923 3110 libertatem
1950 3057 2027 3110 al-

457 3135 556 3190 teri
586 3133 836 3190 conferre
867 3150 1026 3204 quam
1064 3152 1169 3192 non
1210 3139 1391 3194 habet.
1427 3139 1483 3194 Si
1519 3151 1696 3197 autem
1737 3159 1854 3199 eam
1894 3162 2024 3202 con-

459 3224 561 3280 fert
585 3225 776 3287 Filius,
804 3238 991 3280 servus
1019 3227 1201 3296 itaque
1236 3244 1343 3283 non
1377 3239 1481 3297 cst,
1516 3233 1608 3286 sed
1637 3235 1813 3301 potius
1843 3235 2026 3293 Domi-

457 3331 560 3370 nus
585 3327 636 3369 et
665 3317 823 3369 Deus.

1017 3499 1028 3509 γ
1123 3431 1346 3488 ALIUD.

524 3537 582 3592 Si
614 3539 790 3594 omnis
822 3548 1071 3595 creatura
1123 3543 1224 3597 sub
1261 3551 1453 3598 natura
1481 3549 1786 3604 consistens
1819 3558 2024 3607 naturae

335 3667 353 3684 .
452 3626 551 3694 illi,
582 3629 682 3684 sub
711 3644 814 3696 qua
850 3643 934 3685 est
980 3641 1035 3686 et
1068 3632 1206 3688 facta
1246 3643 1352 3700 est,
1385 3637 1575 3700 servit,
1629 3640 1802 3695 deitas
1841 3652 2020 3698 autem

452 3718 619 3773 libera
660 3727 761 3784 est,
801 3721 1058 3790 omnique
1087 3725 1320 3779 naturali
1369 3729 1697 3785 necessitate
1731 3734 2017 3800 superior':

451 3808 796 3864 manifestum
851 3821 934 3866 est
985 3812 1152 3868 Deum
1190 3831 1295 3870 non
1345 3817 1549 3891 servire
1604 3831 1830 3878 naturae.
1885 3825 2018 3881 Cum

445 3914 572 3955 vero
604 3899 771 3958 Filius
817 3903 889 3957 sit
932 3905 1096 3971 Deus,
1149 3919 1296 3962 certe
1345 3917 1551 3964 natura:
1589 3912 1862 3983 subjectus
1911 3933 2016 3972 non

440 3989 565 4055 erit,
607 3990 750 4060 quod
797 3995 1069 4049 creaturis
1111 3997 1385 4065 proprium
1431 4008 1532 4053 est.
1579 4002 1771 4070 Atqui
1818 4019 2016 4076 cogna-

441 4079 589 4134 tione
617 4082 848 4136 naturali
894 4099 923 4136 a
959 4094 1210 4140 creatura
1255 4084 1454 4152 dill‘ert,
1485 4102 1591 4156 quo
1621 4102 1778 4158 pacto
1809 4108 1914 4147 non
1946 4095 2017 4149 sit

441 4165 671 4223 diversae
702 4169 768 4223 ab
804 4184 866 4224 ea
901 4174 1143 4229 naturae?

1105 4301 1333 4360 ALIUD.

515 4407 573 4462 Si
607 4407 749 4498 nulla
785 4410 1035 4466 creatura
1077 4391 1398 4470 naturaliter
1427 4417 1779 4490 perlecteque
1805 4423 1917 4480 Deo
1947 4439 2011 4481 ac

440 4497 588 4554 Patri
626 4497 818 4554 Similis
845 4510 950 4566 est,
986 4503 1182 4560 similis
1212 4515 1391 4562 autem
1424 4518 1508 4565 est
1536 4509 1728 4578 Filius,
1775 4517 1910 4571 adeo
1953 4527 2011 4573 ut

2142 1885 2455 1954 πρόσφατόν
2485 1887 2633 1939 ἐστιν
2661 1885 2734 1950 ὡς
2756 1886 2893 1957 πρὸς
2949 1887 3008 1939 τὸ
3037 1888 3321 1958 ἀγένητον·
3356 1888 3454 1957 οὐχ
3484 1889 3628 1940 ὅσιον
3659 1887 3714 1939 δὲ

2138 1969 2277 2028 εἶναι
2310 1975 2443 2030 Θεὸν
2466 1977 2778 2047 πρόσφατον
2807 1981 2864 2032 ὲν
2889 1979 3042 2055 ἡμῖν,
3087 1980 3188 2032 οὐκ
3233 1979 3387 2036 ἔσται
3427 1979 3535 2051 ἄρα
3583 1978 3709 2041 Θεὸς

2138 2066 2447 2136 πρόσφατος
2479 2069 2507 2119 6
2529 2067 2674 2135 Υἱὸς,
2706 2069 2841 2139 ὅπερ
2871 2069 2985 2122 ἐστὶ
3022 2069 3083 2121 τὸ
3124 2068 3404 2138 ἀγένητον.

2818 2276 3022 2328 ΑΛΛΟ.

2204 2383 2268 2436 El
2291 2381 2350 2436 τὸ
2389 2384 2613 2454 γενητὸν
2647 2383 2875 2439 καθόλου
2909 2385 3095 2455 ἕτερόν
3125 2385 3239 2437 ἐστι
3287 2384 3380 2438 τοῦ
3407 2385 3664 2455 ἀγενήτου
3689 2425 3703 2450 ,

2133 2473 2195 2527 οὐ
2232 2473 2313 2526 δεῖ
2339 2475 2488 2545 αὐτῷ
2517 2478 2864 2548 προσκυνεῖν.
2883 2477 3282 2547 ,Ἀπηγόρευσε
3320 2477 3428 2546 γὰρ
3470 2476 3627 2529 τοῦτο
3652 2478 3709 2528 τὸ

2134 2566 2276 2621 θεῖον
2309 2567 2508 2635 λόγιον.
2553 2569 2616 2621 Ei
2647 2567 2704 2620 δὲ
2757 2569 2834 2638 τῷ
2882 2568 2995 2640 Υἰῷ
3048 2568 3498 2640 προστασσόμεθα
3540 2585 3702 2637 προσ-

2133 2657 2334 2722 κυνεῖν,
2364 2656 2463 2708 οὑκ
2490 2655 2571 2709 ἔτι
2597 2657 2653 2710 δὲ
2684 2657 2778 2710 καὶ
2811 2658 2982 2730 ἑτέρῳ
3013 2658 3148 2729 Θεῷ,
3207 2659 3338 2727 ὅπερ
3369 2658 3486 2712 ἐστὶ
3521 2657 3581 2711 τὸ
3608 2674 3703 2726 γε-

2130 2746 2306 2817 νητόν·
2331 2748 2389 2800 οὐ
2419 2746 2642 2818 γενητὸς
2667 2747 2774 2819 ἄρα
2803 2752 2830 2803 ό
2856 2749 3003 2814 Υἱός.

2816 2864 3020 2918 ΑΛΛΟ.

2200 2978 2263 3031 ΕΞ
2295 2979 2402 3032 πᾶν
2427 2979 2486 3032 τὸ
2509 2978 2799 3048 γενόμενον
2823 2978 3009 3032 δοῦλόν
3040 2979 3152 3032 ἐστι
3189 2977 3283 3031 τοῦ
3316 2978 3708 3048 πεποιηκότος,

2133 3070 2407 3133 ἀδυνάτως
2434 3071 2539 3142 ἄρα
2582 3069 2694 3140 ἔχει
2733 3070 2903 3141 ἑτέρῳ
2953 3071 3052 3141 τὴν
3107 3070 3419 3141 ἐλευθερίαν
3461 3071 3707 3141 ὀρέγειν,

2129 3153 2196 3229 ἦς
2224 3161 2357 3213 αὐτὸ
2395 3161 2492 3213 οὐκ
2522 3161 2728 3230 ἔτυχεν.
2789 3163 2851 3214 Εἰ
2876 3162 2932 3214 δὲ
2986 3162 3216 3233 παρέχει
3245 3165 3272 3216 6
3305 3163 3454 3229 Υἱὸς,
3477 3163 3579 3234 οὐχ
3633 3163 3705 3226 ὡς

2127 3249 2310 3315 δοῦλος
2336 3251 2596 3322 δηλονότι,
2619 3253 2822 3324 Κύριος
2845 3253 2900 3306 δὲ
2927 3254 3126 3324 μᾶλλον
3158 3255 3251 3309 καὶ
3283 3255 3435 3319 Θεός.

2826 3451 3031 3505 ΑΛΛΟ.

2194 3560 2258 3614 Εἰ
2281 3561 2492 3632 πᾶσαὴ
2529 3561 2704 3625 κτίσις
2757 3563 2863 3616 ὑπὸ
2917 3565 3079 3633 φύσιν
3106 3559 3241 3619 οὖσα
3279 3571 3344 3640 τῇ
3381 3569 3540 3637 φύσει
3580 3572 3699 3626 δου-

2121 3652 2267 3705 λεύει
2305 3652 2394 3721 ὑφ’
2430 3653 2496 3723 ἢν
2519 3653 2613 3706 καὶ
2641 3655 2953 3725 πεποίηται,
3014 3657 3299 3730 ἐλεύθερον
3336 3661 3393 3714 δὲ
3423 3663 3600 3733 πάντη
3639 3665 3700 3716 τὸ

2121 3741 2262 3794 θεῖον
2292 3741 2386 3794 καὶ
2419 3743 2662 3812 κρεῖττον
2690 3742 2935 3813 ἀνάγκης
2988 3747 3246 3815 φυσικῆς,
3306 3747 3460 3817 δῆλον
3512 3749 3588 3814 ὡς
3635 3753 3697 3803 οὐ

2119 3829 2437 3883 δεδούλωται
2471 3830 2628 3898 φύσει
2666 3830 2818 3892 Θεός.
2861 3832 3013 3885 Ἐπεὶ
3065 3835 3121 3887 δὲ
3172 3835 3305 3899 Θεὸς
3346 3838 3374 3889 6
3416 3838 3564 3906 Υἱὸς,
3599 3842 3698 3893 οὐκ

2121 3919 2274 3973 ἔσται
2299 3919 2407 3990 ἄρα
2427 3919 2532 3973 ὑπὸ
2561 3921 2745 3991 φύσιν,
2776 3923 2913 3994 ὅπερ
2939 3924 3051 3977 τῶν
3093 3928 3394 3996 γεγονότων
3429 3930 3577 3983 ἐστὶν
3620 3935 3698 3984 οὶ-

2119 4014 2286 4066 κεῖον.
2332 4013 2388 4065 Ὁ
2418 4012 2474 4066 δὲ
2495 4015 2593 4084 τῆς
2614 4014 2748 4085 πρὸς
2772 4016 2869 4085 τὴν
2905 4017 3079 4071 κτίσιν
3111 4020 3427 4090 όμογενείας
3453 4024 3691 4092 φυσικῶς

2116 4101 2523 4172 ἀπῳκισμένος,
2570 4102 2688 4166 πῶς
2720 4105 2821 4158 οὐκ
2868 4105 2934 4158 ἂν
2998 4106 3085 4178 εἴη
3121 4110 3251 4181 παρ’
3281 4111 3452 4183 αὐτὴν
3506 4115 3690 4184 ἑτερο-

2117 4193 2258 4263 φυής
2279 4210 2338 4246 τε
2365 4195 2457 4249 καὶ
2487 4192 2633 4260 ξένος
2657 4213 2670 4262 ;

2801 4333 3006 4389 AAAO.

2184 4438 2249 4490 EI
2271 4440 2440 4511 μηδὲν
2466 4441 2576 4496 τῶν
2607 4445 2665 4499 ὲν
2702 4446 2768 4516 τῇ
2802 4445 2977 4499 κτίσει
3018 4447 3263 4516 φυσικῶς
3301 4450 3679 4523 ἀπηκρίϐωται

2115 4531 2252 4602 πρὸς
2285 4533 2382 4605 τὴν
2405 4535 2496 4589 τοῦ
2522 4537 2657 4591 Θεοῦ
2690 4539 2783 4591 καὶ
2806 4540 3021 4611 Πατρὸς
3058 4541 3375 4613 ὁμοιότητα,
3422 4546 3605 4615 ὅμοιος
3631 4548 3685 4598 δὲ

436 4589 531 4657 qui
586 4603 708 4642 eum
757 4590 958 4656 videat,
1013 4591 1228 4649 Patrem
1287 4597 1514 4653 videat:
1557 4614 1664 4654 non
1710 4614 1794 4658 est
1851 4606 2012 4676 igitur

438 4689 684 4707 n-nnl-lnn
747 4682 836 4707 nn:
880 4683 1171 4707 n--f.-n---.
1213 4687 1534 4707 _L_-I__.___,
1598 4705 1608 4707 Α
1654 4691 1692 4707 τι
1733 4704 1742 4707 -
1781 4694 1793 4705 ο
1891 4697 1902 4707 .
1969 4699 1979 4707 .

2129 4589 2426 4690 ἱ.Υίὸς,.ὠς
2455 4627 2545 4680 τὸν
2576 4589 2786 4700 ὀρωνντα
2816 4589 3118 4698 αὑτὸνίτὸῦ
3159 4589 3375 4705 Πατιέρά
3404 4589 3556 4707 όρὲιν,
3581 4589 3682 4690 οὐκ

435 4689 710 4746 creatura,
746 4682 836 4748 qui
880 4683 1174 4750 perfectam
1209 4687 1617 4760 absolutamque
1651 4691 1825 4750 Patris
1858 4697 2008 4751 simi-

438 4769 716 4824 litudiuem
746 4779 940 4842 gestat.
989 4804 992 4805 ν

1101 4889 1333 4948 ALIUD.

499 5003 560 5062 Si
609 5017 796 5060 omnes
839 5013 1102 5060 creatura:
1161 5004 1272 5060 Deo
1323 5008 1600 5076 serviunt,
1657 5026 1763 5068 non
1820 5025 1998 5070 autem

428 5103 557 5152 sunt
594 5097 824 5152 dominae
867 5097 1069 5168 gloriae,
1120 5097 1286 5154 Filius
1317 5116 1443 5159 vero
1467 5117 1570 5159 non
1612 5105 1704 5171 ita,
1746 5108 1840 5163 sed
1893 5108 1995 5162 Do-

425 5187 606 5243 minus
632 5189 816 5260 gloriae
839 5189 918 5244 “:
952 5205 1057 5246 non
1095 5201 1177 5246 est
1215 5193 1376 5264 igitur
1413 5205 1683 5253 creatura.

1089 5303 1320 5360 ALIUD.

486 5407 550 5467 Si
572 5413 832 5484 quidquid
858 5429 924 5470 ex
953 5415 1120 5470 niltilo
1151 5417 1217 5470 ad
1251 5431 1372 5473 esse
1408 5423 1712 5478 traductum
1745 5436 1844 5494 εει,
1876 5431 1989 5482 ﬁeri

2111 4715 2218 4786 ἄρα
2248 4717 2455 4788 κτίσμα
2497 4719 2525 4772 ό
2577 4720 2674 4792 τὴν
2720 4721 2927 4775 ἐκείνου
2992 4723 3472 4796 ἀπηκριϐωμένως
3506 4728 3682 4800 φέρων

2107 4807 2416 4878 ὁμοιότητα.

2795 4925 2998 4980 ΑΛΛΟ.

2175 5029 2240 5083 Εἰ
2270 5032 2445 5086 πάντα
2473 5033 2539 5087 τὰ
2559 5034 2832 5106 κτίσματα
2859 5036 3133 5091 δοῦλα.τοῦ
3165 5039 3323 5105 Θεοῦ,
3359 5041 3550 5096 ἀλλὀὐ
3582 5043 3680 5097 κύ-

2108 5139 2196 5192 ρια
2226 5124 2323 5194 τῆς
2347 5124 2522 5196 δόξης,
2555 5127 2736 5182 οὐκέτι
2765 5129 2820 5182 δὲ
2847 5131 2874 5183 6
2907 5131 3051 5194 Υίός·
3091 5135 3190 5206 τῆς
3226 5135 3334 5206 γάρ
3365 5134 3523 5208 δόξης
3568 5137 3679 5192 Κύ-

2102 5228 2234 5282 ριος’
2271 5214 2371 5267 οὐκ
2401 5215 2509 5286 ἄρα
2539 5217 2740 5288 κτίσμα
2770 5220 3048 5290 τυγχάνει.

2779 5331 2982 5384 ΛΛΛο.

2170 5437 2232 5489 Εἰ
2268 5439 2373 5491 πᾶν
2400 5439 2458 5492 τὸ
2480 5443 2541 5493 ὲκ
2564 5441 2654 5494 τοῦ
2681 5442 2755 5514 μὴ
2784 5443 2937 5508 ὄντος
2961 5447 3040 5510 είς
3061 5447 3122 5500 τὸ
3151 5442 3288 5504 εἶναι
3320 5453 3670 5525 παρενεχθὲν,

419 5509 598 5573 potest
628 5513 687 5558 ut
715 5506 909 5560 iterum
944 5507 1000 5562 in
1027 5509 1254 5563 nihilum
1290 5511 1586 5583 redigatur,
1641 5517 1750 5576 hoc
1776 5535 1905 5580 vero
1937 5525 1990 5580 in

2129 5521 2251 5593 ,ῦθις
2276 5529 2542 5602 ἐνδέχεται
2578 5506 2778 5600 καὶέίς
2801 5536 2860 5590 τὸ
2888 5506 2961 5609 μὴ
3012 5506 3071 5593 ὸν
3101 5542 3367 5613 χωρῆσαι,
3399 5506 3671 5599 ὀὐκῆἔστι

488 5679 535 5714 ⁸³
564 5677 670 5734 In.
698 5693 828 5750 XLII,
863 5684 914 5740 3.
990 5686 1039 5720 ιδ
1079 5685 1246 5745 ιεοτ.
1276 5703 1336 5756 u,
1365 5689 1418 5745 8.
