4078 6260
476 399 590 500 ¹307

1494 445 1550 498 S.
1594 444 1870 499 CYRILH
1909 444 2375 505 ALEXANDRINI
2419 452 2734 508 ARCHIEP.

3613 463 3720 523 308

483 560 730 632 producit
749 561 1376 632 atqueconstituit,lieret
1395 562 1506 616 sive
1530 574 1806 617 crearetur
1837 563 1905 616 ab
1931 563 2053 628 alio,

2162 570 2251 639 ὑφ’
2282 572 2468 643 ἐτέρου
2495 573 2765 642 γενέσθαι,
2793 578 2935 628 ποιεῖ
2959 576 3013 628 δὲ
3041 577 3103 628 ἐκ
3130 575 3206 646 μὴ
3245 575 3412 629 ὄντων
3437 577 3465 628 ὁ
3501 577 3721 649 Πατὴρ,

487 655 645 709 Pater
671 667 796 710 vero
824 670 888 709 ex
915 655 1084 709 nihilo
1105 665 1284 709 creat:
1317 654 1431 708 ﬁeri
1455 656 1632 723 itaque
1651 664 1850 723 potest,
1873 671 1936 709 ex
1979 657 2044 710 il-

487 747 657 800 lorum
697 746 983 812 sententia,
1015 756 1071 800 ut
1099 757 1151 800 et
1180 747 1336 800 Pater
1373 763 1437 800 ex
1463 748 1627 800 nihilo
1651 749 1763 801 liat.
1793 748 1861 802 At
1881 749 1924 803 si
1948 749 2048 803 hoc

489 841 890 906 inconveniens,
931 850 1091 910 atque
1115 843 1248 895 adeo
1308 841 1640 911 impossibile
1685 853 1788 908 est,
1847 853 1904 897 ut
1956 844 2047 914 qui

485 933 620 987 alias
650 941 872 987 naturas
910 942 1078 998 creat,
1116 933 1272 1003 182
1317 935 1383 987 ab
1445 933 1548 987 alia
1583 944 1775 988 natura
1835 945 2046 989 creatus

486 1024 556 1077 sit
591 1040 606 1076 :
641 1024 795 1094 longe
831 1023 1071 1092 profecto
1110 1025 1398 1080 absurdius
1443 1033 1546 1092 est,
1587 1028 1852 1082 universae
1892 1036 2048 1081 natu~

485 1129 558 1166 ra:
580 1113 822 1178 opilicem
866 1116 930 1168 ab
957 1116 1059 1168 alia
1094 1105 1284 1171 natura
1315 1126 1552 1171 creatum
1569 1133 1688 1172 esse
1711 1118 2045 1173 existimare.

481 1202 617 1254 Nam
646 1203 787 1269 quod
827 1213 1234 1261 creatcreatum
1253 1218 1416 1273 esset,
1455 1219 1507 1262 et
1533 1208 1676 1277 quod
1705 1217 1944 1263 creatum
1966 1219 2050 1262 est

481 1305 712 1362 crearet,
759 1298 802 1351 si
837 1297 1002 1352 Filius
1033 1315 1155 1354 cum
1183 1300 1252 1354 sit
1282 1301 1478 1364 factus,
1503 1310 1558 1354 ut
1600 1301 1698 1368 ipsi
1730 1302 2044 1368 opinantur,

479 1383 718 1449 faceret,
770 1389 910 1456 quod
967 1398 1050 1443 est
1103 1391 1594 1445 absurdissimum:
1630 1391 1896 1460 siquidem
1945 1391 2043 1446 soli

479 1485 686 1531 natura:
721 1478 912 1533 divina:
957 1481 1238 1534 tribuenda
1268 1491 1322 1535 et
1358 1481 1706 1549 relinquenda
1729 1491 1875 1544 sunt,
1929 1497 2046 1548 quae

481 1563 648 1631 ipsius
679 1574 807 1618 sunt
833 1567 1044 1635 propria
1073 1577 1125 1622 et
1161 1569 1470 1637 peculiaria,
1527 1584 1755 1637 quorum
1794 1586 1956 1624 ιιιιιιηι
1985 1585 2046 1624 ac

482 1656 809 1723 praecipuum
837 1667 940 1724 est,
974 1673 1040 1712 ex
1073 1660 1241 1716 nihilo
1269 1676 1455 1716 creare
1487 1677 1663 1731 posse.

747 1784 1318 1878 ASSEBTIO
1390 1791 1760 1881 XVWIL

2156 661 2428 732 ἐνδέχεται
2461 664 2568 734 ἄρα
2591 665 2771 731 αὐτὸν,
2800 666 2918 718 κατ’
2947 666 3163 728 αὐτοὺς,
3185 669 3247 718 ἐκ
3271 666 3345 736 μὴ
3368 667 3536 720 ὄντων
3561 684 3721 736 γεγο⁶

2155 751 2321 803 νέναι.
2355 752 2417 803 Ei
2449 751 2504 804 δὲ
2555 753 2796 821 ἀπρεπὲς
2841 755 2934 806 καὶ
2975 754 3234 807 ἀδύνατον
3273 756 3476 825 ἐτέρων
3507 757 3727 824 φύσεων

2154 841 2482 912 δημιουργὸν
2531 844 2729 896 ἐννοεῖν
2785 845 2875 913 ὑφ’
2921 845 3114 915 ἐτέρας
3173 846 3418 899 ἐκτίσθαι
3482 847 3726 916 φύσεως,

2157 930 2499 1003 ἀτοπώτερον
2523 933 2648 1002 ἄρα,
2685 933 2775 986 τὸν
2810 935 3026 1005 ἁπάσης
3063 936 3276 1004 φύσεως
3307 937 3604 1006 αὐτουργὸν
3637 939 3728 1007 ὑφ’

2155 1024 2343 1095 ἐτέρας
2393 1025 2838 1094 δημιουργεϊσθαι
2885 1027 3100 1096 φύσεως
3161 1029 3582 1098 ὑπολαμϐάνειν.
3612 1033 3731 1084 Καὶ

2155 1114 2260 1185 γὰρ
2289 1116 2354 1169 ἂν
2375 1115 2434 1167 τὸ
2468 1115 2651 1169 ποιοῦν
2683 1117 2890 1185 ἐγίνετο
2949 1119 3044 1172 καὶ⁵
3102 1119 3164 1172 16
3191 1119 3472 1190 γινόμενον
3512 1121 3727 1187 ἐποίει,

2154 1204 2312 1275 εἴπερ
2342 1206 2370 1258 6
2395 1205 2522 1268 Υἱὸς
2572 1207 2852 1276 γινόμενος
2893 1209 3084 1275 ἐποίει,
3121 1210 3241 1263 κατ’
3284 1211 3549 1273 ἐκείνους,
3586 1212 3730 1284 ὅπερ

2158 1296 2305 1350 ἐστὶν
2331 1294 2710 1350 ἀτοπώτατονο
2759 1299 2811 1351 εί
2839 1316 2902 1367 γε
2947 1300 3082 1371 μόνῃ
3134 1301 3398 1372 προσήκει
3438 1303 3726 1372 τηρεῖσθαι

2156 1389 2223 1458 τῇ
2259 1385 2378 1458 θείᾳ
2415 1387 2573 1454 φύσει
2608 1388 2676 1441 τὰ
2706 1391 2874 1458 αὐτῆς
2903 1391 3177 1460 ἐξαίρετα,
3205 1384 3280 1445 ὧν
3329 1391 3387 1444 ἓν
3433 1393 3528 1445 καὶ
3577 1393 3725 1462 πρῶ-

2156 1496 2246 1531 τον
2275 1480 2507 1550 ὑπάρχει
2539 1480 2599 1534 16
2634 1481 2694 1534 ἐκ
2740 1482 2812 1553 μὴ
2835 1482 3001 1538 ὄντων
3035 1483 3293 1538 δύνασθαι
3346 1485 3724 1556 δημιουργεῖν.

2625 1781 2985 1866 ΛΟΓΟΣ
3059 1772 3198 1864 IH'
3213 1847 3232 1864 .

483 1926 634 1990 Quod
668 1944 768 1981 non
799 1929 1025 2008 sit_idem
1057 1944 1298 2008 creatura
1331 1945 1377 1988 et
1409 1936 1551 2008 ﬁlius
1586 1954 1603 1990 ς
1638 1954 1797 2008 neque
1818 1941 1872 1993 in
1921 1939 2024 1993 Deo

2159 1939 2284 1990 Ὅτι
2315 1935 2398 2008 μὴ
2450 1934 2670 2008 ταυτὸν
2717 1938 2936 2008 κτίσμα
2973 1935 3416 2008 καὶᾼγένφξημα,
3453 1934 3606 2008 μηδὲ
3645 1934 3718 2008 ιςῷ

551 2013 730 2049 creare
755 2008 807 2078 ,ει
830 2000 1041 2078 gignere
1069 2019 1086 2054 :
1116 2003 1331 2078 _a_iiaque
1357 2000 1740 2078 conclusionem
1770 2011 2046 2078 inferentia

551 2082 642 2127 per
675 2069 1023 2124 reductionem
1058 2073 1124 2125 ad
1157 2069 1491 2138 impossibile.

695 2225 933 2292 Defensio
965 2227 1184 2296 simplex
1211 2244 1274 2281 ex
1309 2229 1462 2281 nudis
1497 2233 1831 2299 argumentis.

553 2334 608 2387 Si
642 2336 862 2404 gignere
892 2345 945 2390 et
971 2351 1157 2392 creare
1174 2338 1312 2392 idem
1345 2348 1490 2392 esset
1522 2340 1572 2392 in
1594 2339 1720 2404 Deo,
1777 2356 1881 2394 nou
1911 2340 2046 2396 fuis-

473 2434 566 2481 set
587 2425 691 2478 lata
717 2425 769 2480 in
798 2425 1141 2497 Unigenitum
1170 2443 1269 2482 vox
1302 2428 1412 2494 illa,
1432 2447 1450 2480 ι
1478 2428 1575 2484 llic
1605 2441 1687 2484 est
1711 2429 1878 2486 Filius
1898 2449 2045 2488 meus

481 2520 708 2574 dilectus
739 2519 784 2549 '°
812 2537 824 2573 :
859 2538 876 2570 ι
913 2535 1033 2574 cum
1057 2519 1219 2574 etiam
1248 2535 1310 2574 ea
1342 2535 1462 2588 quae
1513 2530 1702 2574 natura
1745 2522 2040 2577 inanimata

481 2620 626 2673 sunt,
661 2611 752 2665 lilii
780 2609 872 2664 Dei
927 2611 1056 2676 sint,
1115 2609 1160 2665 si
1194 2606 1467 2665 idem'est
1514 2621 1762 2665 creatura
1811 2621 1864 2666 et
1898 2615 2046 2682 geni-

481 2717 628 2755 men.

1153 2813 1383 2869 ALIUD.

551 2927 630 2992 Si,
670 2926 1120 2997 quemadmodum
1165 2936 1412 2981 creatura
1479 2930 1692 2998 pr0prie
1736 2930 1933 2985 dicitur
1985 2933 2050 2986 de

481 3021 656 3084 nobis,
690 3021 761 3074 ita
792 3020 954 3074 etiam
981 3020 1248 3090 genimen,
1278 3037 1340 3074 ac
1370 3022 1593 3092 perinde
1625 3027 1688 3077 de
1718 3023 1850 3078 Filio
1877 3044 1889 3078 :
1921 3026 2051 3078 nihil

483 3110 715 3180 amplius
745 3125 904 3179 quam
929 3125 1024 3165 nos
1053 3111 1286 3175 habebit,
1315 3127 1438 3167 cum
1470 3113 1539 3167 sit
1560 3115 1774 3183 proprie
1803 3124 2048 3170 creatura

477 3210 535 3254 et
573 3200 840 3268 genimcn.

1155 3309 1380 3365 ALIUD.

561 3423 617 3476 Si
642 3423 890 3492 genimen
922 3433 970 3477 et
992 3432 1236 3478 creatura
1268 3415 1395 3480 sunt
1423 3425 1582 3493 idem,
1617 3440 1697 3483 εει
1733 3443 1858 3486 vero
1887 3433 2050 3486 etiam

488 3514 725 3584 Spiritus
767 3521 1001 3579 sanctus,
1030 3523 1089 3567 ut
1120 3515 1207 3570 isti
1255 3517 1460 3580 volunt,
1485 3527 1768 3573 creatura:
1803 3530 1950 3575 certe
2000 3530 2055 3575 et

487 3608 760 3677 genimen.
783 3606 838 3661 Si
866 3619 1042 3662 autem
1063 3616 1115 3664 et
1143 3608 1376 3680 Spiritus
1400 3621 1620 3667 sanctus
1652 3623 1737 3668 est
1778 3614 2050 3682 genimen,

488 3710 540 3754 et
572 3698 736 3754 Filius
765 3699 859 3754 Dei
909 3707 991 3754 est
1021 3700 1286 3771 genimen,
1347 3706 1637 3773 omniaque
1695 3712 1827 3758 sunt
1903 3705 2055 3775 geni-

492 3791 634 3844 miua
663 3805 675 3842 :
722 3791 989 3859 quomodo
1023 3791 1334 3863 unigenitus
1369 3794 1570 3850 dicitur
1595 3795 1766 3852 Filius
1788 3797 1838 3851 iu
1874 3796 2055 3851 multis

490 3881 748 3937 fratribus
779 3883 863 3950 "fi

1153 3997 1387 4054 ALIUD.

559 4091 616 4144 Si
649 4092 904 4162 quidquid
955 4101 1205 4147 creatura
1259 4090 1351 4145 Dei
1400 4099 1505 4158 est,
1544 4091 1793 4162 genimen
1846 4106 2057 4162 quoque

487 4190 613 4235 est:
651 4181 781 4235 nihil
811 4196 996 4237 eorum
1014 4197 1132 4251 quae
1164 4181 1302 4236 facta
1360 4192 1504 4248 sunt,
1563 4185 1629 4237 ab
1666 4183 1949 4252 adoptione
2003 4184 2056 4237 in

490 4271 628 4324 ﬁlios
659 4279 743 4325 est
783 4271 1038 4324 alienum.
1093 4271 1244 4337 Quod
1271 4273 1314 4326 si
1345 4287 1531 4326 verum
1552 4283 1653 4338 est,
1696 4275 1895 4328 frustra
1956 4289 2053 4327 no-

492 4361 574 4413 his
608 4359 948 4428 adoptionem
983 4362 1264 4415 annuntiat
1310 4361 1469 4428 Deus,
1521 4379 1640 4416 cum
1687 4375 1741 4417 et
1767 4365 2058 4418 iuanimata

491 4450 814 4504 naturaliter
890 4465 1009 4504 eam
1089 4454 1824 4523 consequantur:sirjuidem
1907 4455 2060 4522 quid-

489 4538 622 4608 quid
675 4546 798 4605 est,
874 4541 1121 4608 geuimeu
1191 4555 1404 4610 quoque
1469 4542 1582 4597 sive
1645 4542 1783 4598 ﬁlius
1844 4545 2132 4616 proprieD

487 4639 590 4685 εει.

1157 4723 1389 4780 ALIUD.

560 4837 615 4892 Si
649 4838 894 4909 genimen
919 4849 973 4895 et
1005 4848 1258 4895 creatura
1289 4838 1429 4894 idem
1456 4848 1602 4903 sunt,
1629 4841 1769 4910 quod
1811 4857 1938 4898 vero
1967 4858 2060 4912 ge-

488 4933 660 4986 nitum
707 4945 737 4984 a
794 4932 903 4986 Deo
957 4940 1060 4998 est,
1115 4941 1364 4987 creatura
1415 4931 1737 4988 naturaliter
1760 4943 1844 4988 est
1881 4951 1895 4986 :
1927 4949 2056 5005 ergo

487 5032 736 5079 creatura
764 5023 858 5078 Dei
890 5033 945 5079 et
966 5024 1213 5078 naturale
1239 5025 1484 5094 genimen
1520 5023 1610 5079 Dei
1660 5024 1797 5079 idem
1829 5034 1972 5080 sunt.
2000 5025 2054 5078 Si

489 5130 615 5169 vero
639 5115 692 5170 id
717 5117 856 5185 quod
883 5127 1098 5183 natura,
1127 5131 1232 5172 non
1263 5124 1445 5172 autem
1475 5116 1616 5186 quod
1640 5117 1926 5186 adoptione
1963 5133 2057 5187 ge-

488 5207 658 5261 nitum
706 5215 806 5272 est.
866 5207 1322 5264 consubstantiale
1392 5208 1502 5262 Deo
1554 5217 1636 5263 est
1668 5227 1682 5263 :
1718 5223 1878 5262 omne
1915 5210 2056 5277 quod

495 5298 653 5368 133
683 5296 882 5354 factum
919 5313 1024 5365 eat,
1058 5310 1248 5354 natura
1285 5298 1389 5354 tale
1413 5300 1714 5354 invenietur
1746 5313 1762 5352 :
1794 5299 2056 5368 siquidem

491 5399 737 5444 creatura
765 5391 1012 5460 genimen
1035 5405 1249 5461 quoque
1277 5399 1465 5448 natura
1497 5399 1597 5456 est,
1623 5401 1676 5445 et
1706 5407 1809 5446 non
1848 5391 2062 5460 partici-

493 5481 724 5546 patione.

1161 5567 1390 5624 ALIUD.

565 5677 623 5732 Si
687 5688 928 5732 creatura
974 5679 1137 5733 etiam
1201 5681 1450 5749 geuimcu
1510 5679 1724 5747 proprie
1787 5688 2060 5747 est,ccrtc

566 5838 610 5871 “
639 5833 825 5890 Matth.
861 5851 939 5903 Ill,
976 5836 1074 5903 l7;
1109 5851 1236 5901 xvn,
1273 5837 1324 5891 5.
1403 5839 1445 5868 ’⁷
1479 5835 1631 5892 Rom.
1669 5852 1780 5906 vm,
1818 5836 1906 5893 ‘29.

2225 2006 2435 2066 κτίζειν
2472 2007 2537 2058 τὸ
2579 2007 2800 2075 γεννᾶν
2834 2003 2930 2059 ἐπὶ
2969 2003 3133 2060 Θεοῦέ
3168 2005 3264 2058 καὶ
3297 2007 3456 2058 ἄλλα
3487 2005 3580 2058 διὰ
3617 2003 3715 2075 τῆς

2219 2081 2306 2142 εὶς
2383 2073 2609 2129 ἄτοπον
2684 2076 3001 2144 ἀπαγωγῆς
3069 2077 3285 2144 ἔχοντα
3360 2076 3426 2128 τὸ
3493 2073 3711 2143 συμπέ-

2213 2161 2436 2216 patum.

2605 2242 2913 2309 Ἀπολογία
2949 2237 3280 2302 αὑτολεξεί.

2223 2363 2281 2414 Ei
2311 2363 2372 2414 16
2407 2361 2652 2431 γέννημα
2675 2359 2750 2429 τῷ
2777 2358 3031 2427 κτίσματι
3078 2354 3270 2407 ταυτὸν
3299 2349 3366 2422 ἦν
3405 2348 3554 2419 παρὰ
3575 2347 3710 2416 Θεῷ,

2151 2453 2250 2506 ούκ
2281 2452 2346 2505 ἂν
2368 2453 2460 2505 ἐπὶ
2481 2451 2572 2505 τὸν
2593 2449 2871 2518 Μονογενῆ
2894 2449 3116 2518 ἐφέρετο
3138 2445 3308 2514 φωνή·
3344 2462 3362 2494 ι
3388 2434 3556 2504 Οῦτύς
3576 2440 3716 2492 ἐστιν

2151 2546 2178 2596 6
2206 2543 2331 2606 Υἱός
2370 2560 2469 2609 μου
2507 2542 2535 2593 6
2586 2540 2886 2611 ἀγαπητός·
2925 2558 2943 2590 ι
2988 2539 3084 2591 ἂτε
3136 2536 3200 2606 δὴ
3249 2535 3470 2590 καὶτῶν
3499 2532 3716 2599 ἀψύχων

2153 2633 2290 2686 κατὰ
2321 2633 2481 2702 φύσιν
2509 2631 2638 2684 υἱῶν
2668 2629 2835 2682 ὄντων
2867 2627 3022 2693 Θεοῦ,
3057 2628 3214 2697 είπερ
3255 2627 3316 2677 16
3362 2624 3561 2691 κτίσμα
3587 2636 3718 2673 ταυ-

2152 2723 2239 2775 16v
2267 2721 2341 2790 τῷ
2364 2725 2658 2792 γεννήματι
2692 2719 2966 2789 τυγχάνει.

2837 2833 3038 2884 ΑᾹΛΟ.

2224 2949 2285 2999 Εἰ
2314 2947 2499 3017 ὥσπερ
2523 2946 2583 2998 16
2636 2946 2838 3014 κτίσμα
2885 2944 3087 3015 κυρίως
3141 2943 3356 3010 λέγεται
3413 2941 3499 3009 ἐφ’
3536 2938 3722 3008 ἡμῶν,

2154 3041 2325 3103 οὕτως
2349 3041 2438 3093 καὶ
2460 3039 2519 3091 τὺ
2548 3039 2814 3108 γέννημα,
2840 3036 3099 3099 ὡσαύτως
3128 3035 3184 3089 δὲ
3217 3035 3309 3088 καὶ
3338 3035 3430 3087 ἐπὶ
3453 3033 3548 3086 τοῦ
3577 3031 3724 3092 Υίοῦ,

2155 3130 2303 3183 οὐδὲν
2331 3128 2486 3199 ἡμῶν
2535 3127 2646 3192 age:
2691 3127 2853 3180 πλέον
2913 3128 2993 3189 εἰς
3049 3123 3323 3194 ὑπεροχὴν
3397 3121 3604 3191 κτίσμα
3637 3117 3729 3171 καὶ

2079 3225 2122 3282 C
2155 3223 2396 3291 γέννημα
2441 3220 2644 3292 κυρίως
2691 3219 2783 3275 ὥν.

2824 3335 3028 3388 ΑΛΛΟ.

2225 3451 2287 3503 Εἰ
2315 3451 2372 3504 τὸ
2399 3451 2643 3520 γέννημα
2677 3450 2771 3502 καὶ
2819 3448 2879 3501 16
2933 3447 3135 3516 κτίσμα
3179 3444 3375 3499 ταυτὸν
3440 3443 3728 3512 τυγχάνει,

2156 3541 2270 3595 ἐστι
2291 3543 2345 3596 δέ
2384 3542 2584 3611 κτίσμα
2606 3542 2700 3595 καὶ
2737 3539 2797 3593 τὸ
2829 3539 3051 3610 Πνεῦμα
3077 3539 3139 3590 τὸ
3161 3537 3336 3605 ἅγιον,
3369 3535 3488 3590 κατ’
3510 3536 3729 3598 αὐτοὺς,

2155 3635 2314 3704 δῆλον
2343 3636 2423 3686 ὅτι
2451 3634 2544 3686 καὶ¹
2571 3633 2836 3702 γέννημα.
2886 3632 2946 3684 Εἰ
2986 3629 3042 3682 δὲ
3090 3629 3183 3681 καὶ
3219 3627 3279 3680 16
3337 3626 3561 3696 Πνεῦμα
3607 3625 3732 3692 γέν-

2157 3742 2328 3794 νημα,
2350 3724 2442 3777 καί¹
2465 3725 2492 3776 6
2527 3723 2653 3785 Υἱὸς
2681 3721 2773 3774 τοῦ
2805 3719 2938 3774 Θεοῦ
2963 3720 3229 3790 γέννημα,
3288 3717 3382 3770 καὶ
3424 3715 3491 3768 τὰ
3551 3715 3736 3768 πάντα

2158 3817 2468 3887 γεννήματα
2491 3855 2505 3878 ,
2558 3815 2670 3877 πῶς
2724 3812 3014 3884 μονογενὴς
3047 3814 3075 3864 6
3099 3811 3226 3874 Υἱὸς
3263 3811 3290 3861 6
3343 3805 3478 3878 μετὰ
3516 3805 3736 3858 πολλῶν

2159 3909 2400 3978 ἀδελφῶν
2432 3906 2780 3975 εἰσαγόμενος
2803 3921 2815 3967 ;

2836 4020 3039 4072 ΛΛΛΟ.

2228 4117 2311 4182 Ei,
2342 4115 2395 4168 εί
2421 4133 2473 4168 τι
2506 4115 2708 4185 κτίσμα
2729 4112 2886 4171 Θεοῦ,
2941 4110 3097 4162 τοῦτο
3144 4106 3238 4161 καὶ
3274 4105 3535 4173 γέννημα,
3583 4096 3737 4154 οὐδὲν

2157 4209 2263 4262 τῶν
2290 4207 2591 4276 γεγονότων
2620 4205 2863 4257 λείπεται
2895 4203 2996 4271 τῆς
3044 4199 3332 4262 υἱοθεσίας.
3374 4195 3514 4250 Εἰδέ
3539 4193 3698 4247 τοῦτο
3718 4234 3734 4258 ,

2162 4303 2339 4372 μάτην
2374 4302 2504 4370 ἡμῖν
2533 4297 2799 4352 υἱοθεσίαν
2849 4293 3211 4365 ἐπηγγείλατο
3238 4292 3266 4343 6
3321 4288 3472 4350 Θεὸς,
3515 4286 3614 4340 ἅτε
3671 4284 3738 4354 δὴ

2160 4393 2254 4444 καὶ
2281 4391 2386 4443 τῶν
2421 4389 2642 4458 ἀψύχως
2686 4387 2916 4456 ἐχόντων
2948 4384 3103 4436 τοῦτο
3148 4380 3287 4434 κατὰ
3340 4381 3520 4448 φύσιν,
3553 4377 3734 4444 εἴπερ,

2161 4482 2212 4534 εἴ
2237 4499 2285 4534 τι
2313 4479 2533 4549 κτίσμα,
2565 4477 2722 4531 τοῦτο
2752 4475 2844 4529 καὶ
2871 4474 3114 4544 γέννημα
3147 4468 3348 4539 κυρίως
3375 4465 3542 4520 ἐστίν.

2855 4739 3056 4792 ΑΛΛΟ.

2232 4860 2293 4912 Ei
2324 4859 2384 4912 16
2418 4857 2663 4928 γέννημα
2687 4854 2779 4910 καὶ
2806 4855 2866 4907 τὸ
2888 4852 3093 4921 κτίσμα
3111 4848 3308 4903 ταυτὸν
3335 4848 3501 4907 ἐστιν,
3542 4844 3662 4896 ἐστι
3685 4842 3742 4895 δέ

2158 4953 2220 5004 τὸ
2249 4950 2537 5021 γενόμενον
2566 4948 2696 5002 Θεοῦ
2727 4947 2930 5017 κτίσμα
2948 4945 3126 5014 φύσει,
3157 4940 3361 5009 κτίσμα
3388 4935 3520 4989 Θεοῦ
3552 4935 3744 5003 δηλονο

2165 5045 2245 5096 ότι
2295 5043 2388 5095 καὶ
2430 5041 2590 5110 φύσει
2626 5039 2868 5109 γέννημα
2907 5035 3040 5089 Θεοῦ
3075 5033 3136 5086 τὸ
3163 5031 3315 5084 αὑτό.
3353 5030 3413 5081 Εἰ
3442 5026 3499 5080 δὲ
3533 5025 3596 5077 16
3639 5023 3745 5093 φύσ-

2168 5153 2268 5198 σει,
2285 5133 2396 5187 ἀλλ’
2422 5133 2482 5186 ού
2513 5133 2658 5185 θέσει
2679 5129 3036 5199 γεννώμενον,
3059 5123 3340 5196 ὁμοούσιον
3368 5117 3443 5189 τῷ
3465 5115 3610 5185 Θεῷ,
3637 5115 3744 5168 πᾶν

2165 5227 2224 5279 16
2251 5226 2536 5295 γενόμενον
2589 5223 2939 5294 εὑρεθήσεται
2981 5219 3156 5288 φύσει,
3213 5215 3368 5284 εἴπερ
3425 5209 3487 5263 16
3530 5208 3746 5277 κτίσμα

2167 5316 2321 5386 φύσει
2355 5317 2444 5370 καὶ
2463 5315 2706 5385 γέννημα
2727 5312 2999 5381 τυγχάνει,
3025 5310 3117 5362 καὶ
3143 5307 3202 5360 ού
3234 5305 3452 5375 μετοχῇ.

2851 5565 3053 5618 AAAO.

2235 5681 2294 5731 Εἰ
2323 5678 2381 5731 τὸ
2409 5679 2608 5751 κτίσμα
2630 5677 2782 5733 τοῦτο
2817 5679 2907 5732 καὶ
2939 5677 3184 5747 γέννημα
3215 5671 3413 5742 κυρίως
3434 5664 3519 5738 ἦν»
3558 5662 3744 5732 πολλῳ
