4078 6260
351 441 452 495 δυο
1733 431 2174 488 rnnsmnus.
2369 407 2372 410 ’
3503 437 3606 491 ειο

351 555 548 624 μᾶλλον
579 553 722 624 ὑπὲρ
741 553 814 606 τὰ.
853 552 992 607 ἄλλα
1019 549 1162 623 ἦσαν
1203 555 1252 604 οἰ
1299 553 1520 620 ἄγγελοι
1569 550 1770 622 κυρίως
1805 551 1929 602 υίοί.

1997 574 2006 608 ι
2037 548 2206 604 multo
2237 549 2406 619 magis
2431 547 2642 618 proprie
2687 561 2794 618 pra
2827 547 3048 616 reliquis
3085 551 3260 617 angeli
3305 561 3460 605 erunt
3492 553 3607 606 lilii.

351 649 413 700 Ei
443 647 500 698 δὲ
525 647 592 700 τὰ
618 646 804 716 πολλῷ
857 645 1148 712 κρείττονα
1195 643 1375 714 μέτρῳ
1413 641 1612 712 κυρίως
1662 641 1760 694 οὐκ
1799 639 1936 692 εἰσὶν

2039 636 2098 691 Si
2119 653 2244 692 vero
2295 653 2414 708 quae
2443 639 2812 708 praestantiora
2849 639 3014 692 multo
3035 647 3176 702 sunt,
3209 655 3312 691 nun
3333 651 3455 694 sunt
3511 641 3603 695 filii

350 738 458 790 υἱοὶ
493 736 714 808 (οὐδενὶ
739 738 852 807 γάρ
887 753 1020 789 ποτε
1061 735 1171 788 τῶν
1195 734 1442 802 ἀγγέλων
1473 729 1648 785 είπενυ
1682 731 1810 792 Υίός
1834 745 1934 799 μου

2040 730 2262 800 (nemini
2287 731 2430 784 enim
2463 747 2698 800 unquam
2747 731 3054 799 angelorum
3111 729 3248 784 dixit
3287 729 3430 785 Deus
3466 751 3478 784 :
3517 731 3605 786 Fi-

353 821 402 877 εἷ
432 827 498 879 σὺ
519 827 540 896 )
559 867 576 892 ,
605 827 706 880 οὐκ
729 826 886 878 ἔσται
913 826 1020 895 ἄρα
1043 823 1108 876 τὸ
1147 823 1352 892 κτίσμα
1383 821 1544 876 τοῦτο
1569 821 1662 875 καὶ
1691 820 1936 890 γέννημα

2040 819 2140 874 lius
2165 835 2316 876 meus
2345 835 2404 876 es
2465 823 2544 892 ιιι)
2573 839 2586 874 :
2615 839 2718 876 non
2748 823 2854 878 erit
2883 822 3066 890 itaque
3107 831 3358 876 creatura
3387 823 3603 893 proprie

357 915 584 986 κυρίως.

2037 911 2305 980 genimen.

1049 1020 1256 1076 ΑΔΛΟ.
1795 1043 1814 1074 t

1795 1043 1814 1074 ε
2707 1027 2936 1082 ALIUD.
2985 1022 3062 1106 ,θλ

436 1141 500 1192 El
552 1139 751 1210 κτίσμα
811 1138 906 1192 καὶ
961 1137 1206 1206 γέννημα
1240 1134 1432 1188 ταυτὸν
1471 1135 1640 1196 ἐστιν,
1679 1134 1706 1186 ὁ
1739 1133 1938 1196 κτίζων

2112 1137 2168 1192 Si
2198 1146 2446 1194 creatura
2472 1149 2526 1194 et
2558 1141 2806 1208 genimen
2853 1151 2982 1197 sunt
3005 1143 3168 1206 idem,
3197 1145 3288 1213 qui
3319 1149 3470 1198 creat
3507 1143 3609 1198 erit

366 1231 518 1284 ἔσται
551 1231 638 1283 καὶ
671 1231 886 1298 Πατήρ.
919 1229 981 1280 Ei
1001 1228 1056 1280 δὲ
1091 1227 1262 1292 κτίζει
1304 1229 1333 1279 ὁ
1367 1228 1512 1290 Υἱὸς,
1551 1226 1702 1278 ἔσται
1725 1227 1754 1276 ὁ
1778 1225 1938 1288 αὐτὸς

2039 1229 2216 1284 Pater.
2249 1229 2304 1283 Si
2339 1238 2518 1284 autem
2549 1242 2697 1286 creat
2732 1231 2920 1296 Filius,
2953 1236 3058 1288 erit
3087 1237 3200 1304 ipse
3243 1237 3408 1290 etiam
3427 1236 3607 1290 Pater.

365 1321 460 1372 καὶ
491 1321 694 1388 Πατήρ.
753 1321 818 1372 El
881 1319 940 1371 δὲ
998 1318 1170 1384 τοῦτο,
1219 1317 1372 1370 ἔσται
1427 1318 1636 1388 Πατρὺς
1687 1315 1878 1385 Πατὴρ
1909 1316 1938 1366 ὁ

2039 1321 2189 1388 Quod
2216 1323 2260 1375 si
2297 1335 2480 1376 verum
2499 1331 2602 1386 est,
2633 1325 2738 1376 erit
2763 1321 2941 1378 Patris
2965 1323 3124 1379 Pater
3162 1327 3456 1394 ingenitus,
3481 1325 3611 1380 nihil

357 1409 636 1478 ἀγένητος,
663 1408 818 1461 οὐδὲν
842 1410 1002 1462 πλέον
1027 1411 1164 1479 ἔχων
1197 1409 1294 1478 τῆς
1323 1407 1444 1460 καθ’
1477 1409 1624 1478 ἡμᾶς
1675 1423 1936 1477 πραγμα-

2042 1413 2270 1481 amplius
2301 1415 2502 1468 habens
2533 1429 2692 1482 quam
2733 1431 2830 1470 nos
2865 1416 2918 1469 in
2947 1431 3042 1471 sua
3087 1417 3270 1470 divina
3303 1419 3611 1488 generatio-

355 1501 504 1565 τείας
533 1503 592 1554 ἐν
621 1503 692 1571 τῇ
718 1501 918 1555 ἑαυτοῦ
941 1502 1205 1571 θεογονίᾳ,
1233 1503 1392 1571 εἴπερ
1419 1501 1480 1554 τὺ
1510 1501 1758 1570 γέννημα
1781 1497 1938 1551 τοῦτο

1753 1497 1938 1551 .τοῦτο
2043 1519 2132 1570 ne,
2161 1505 2426 1574 siquidem
2457 1505 2701 1576 genimen
2731 1516 2786 1560 et
2814 1517 3062 1562 creatura
3097 1509 3234 1562 idem
3259 1517 3363 1562 est.

351 1591 380 1644 ὃ
407 1593 504 1648 καὶ
543 1593 756 1664 κτίσμα
783 1592 1058 1662 τυγχάνει.

1053 1707 1247 1760 AAAO.
2713 1703 2944 1762 ALIUD.

435 1821 506 1873 Ei.
528 1819 591 1872 τὸ
615 1820 822 1888 κτίσμα
847 1820 988 1872 ἐστὶν
1013 1819 1217 1890 ἀληθῶς
1245 1821 1336 1874 καί
1373 1819 1636 1890 γέννημα,
1687 1820 1938 1890 καθάπερ
1975 1874 2017 1890 ﬁ

1999 1875 2017 1890 _
2120 1812 2175 1866 Si
2209 1825 2454 1868 creatura
2486 1829 2608 1870 vere
2655 1817 2820 1870 etiam
2883 1825 2967 1871 est
3017 1817 3288 1884 genimen,
3344 1817 3482 1872 sicut
3517 1817 3609 1872 Fi-

371 1912 404 1963 ὁ
433 1908 587 1974 Υἱὸς,
611 1874 760 1961 ἔσταί
780 1908 884 1962 τῶν
909 1874 1118 1962 πάντων
1145 1874 1424 1978 ἀέελφδςΙό
1445 1874 1590 1972 Υῑὲξ,
1609 1874 1669 1962 οὐ
1699 1910 1806 1980 μὴν
1830 1874 1942 1960 Kli-
1975 1875 1981 1933 1

1999 1875 2018 1932 ³
2049 1903 2150 1958 lius
2185 1919 2198 1960 :
2265 1903 2368 1956 erit
2401 1915 2548 1958 certe
2571 1903 2738 1958 Filius
2761 1905 3002 1958 omnium
3053 1905 3242 1970 frater,
3284 1920 3388 1958 non
3433 1915 3609 1960 autem

377 2019 492 2072 ριος
521 2003 550 2053 ὁ
585 2001 729 2064 Θεὸς.
787 2003 848 2053 Ei
873 2001 928 2055 δὲ
966 2001 1078 2054 ἐστι
1139 2001 1340 2072 Κύριος
1383 2003 1476 2055 καὶ
1510 2001 1662 2064 Θεὸς,
1705 2002 1805 2053 οὐκ
1834 2001 1944 2070 ἄρα

2051 1995 2306 2048 Dominus
2341 1995 2497 2048 Deus.
2531 1995 2584 2048 Si
2619 2011 2746 2050 vero
2778 2007 2858 2050 est
2905 1995 3160 2052 Dominus
3193 2007 3248 2051 et
3285 1997 3444 2062 Deus,
3509 2013 3611 2052 non

297 2077 304 2084 A
369 2091 608 2159 ἀδελφός.
664 2093 728 2144 Εί
775 2093 952 2146 τοίνυν
1007 2093 1086 2163 τῷ
1146 2093 1261 2163 Υἱῷ
1310 2093 1424 2145 ὖντι
1472 2095 1743 2162 μονογενεί
1788 2092 1907 2144 οὐδὲ

2049 2083 2210 2152 igitur
2235 2083 2418 2138 frater.
2458 2083 2512 2140 Si
2537 2101 2666 2156 ergo
2707 2086 2866 2150 Filio,
2898 2101 3018 2142 cum
3072 2089 3144 2142 sit
3179 2087 3613 2157 unigenitus,ni-

359 2179 464 2232 τῶν
492 2179 664 2234 ὄντων
711 2181 860 2233 ἐστὶν
911 2181 1165 2250 ἀδελφὸν,
1221 2181 1342 2234 οὐδὲ
1391 2183 1704 2251 γεννήματα
1735 2181 1942 2251 κυρίως

2049 2175 2120 2228 hil
2149 2189 2212 2229 et
2254 2174 2318 2228 iis
2353 2189 2474 2244 quae
2510 2178 2779 2232 exsistunt
2820 2178 2990 2246 possit
3047 2177 3154 2232 dici
3203 2177 3390 2240 frater,
3433 2175 3613 2246 profe-

355 2268 465 2320 εἰσὶ
496 2269 567 2322 τὰ
583 2269 776 2332 λοιπὰ,
813 2271 920 2322 εἰσὶ
966 2270 1024 2322 δὲ
1069 2270 1342 2339 κτίσματα
1395 2273 1626 2342 κυρίως·
1660 2271 1774 2334 πῶς
1831 2271 1938 2340 ἄρα

2047 2279 2136 2324 cto
2167 2270 2374 2339 reliqua
2410 2273 2676 2338 genimina
2704 2274 2916 2342 proprie
2937 2287 3042 2326 non
3067 2281 3247 2332 erunt.
3273 2273 3366 2326 sed
3397 2271 3613 2342 proprie

361 2358 560 2410 ταυτὸν
591 2357 804 2428 κτίσμα
831 2360 928 2412 καὶ
949 2361 1198 2430 γέννημα
1223 2376 1240 2425 ;

2047 2367 2328 2413 creaturae.
2365 2359 2646 2426 Quomodo
2670 2377 2800 2431 ergo
2831 2361 2968 2416 idem
3009 2363 3118 2417 sint
3163 2371 3410 2416 creatura
3442 2369 3496 2413 et
3527 2373 3615 2428 ge-

2049 2449 2264 2504 nimeu?

1070 2563 1274 2617 ΑΛΛΟ.
2307 2603 2322 2620 .

2307 2603 2322 2620 .
2709 2559 2935 2616 ALIUD.

431 2678 496 2730 Εί
515 2678 580 2731 τὸ
604 2679 824 2748 ποίημα
843 2678 992 2729 ἔσται
1027 2677 1118 2729 καὶ
1145 2677 1407 2746 γέννημα,
1431 2677 1458 2729 ὁ
1493 2677 1656 2730 ποιῶν
1679 2675 1829 2730 ἔσται
1850 2678 1944 2729 καὶ

2119 2677 2174 2731 Si
2213 2693 2346 2746 opus
2376 2685 2430 2731 et
2456 2677 2706 2748 genimen
2761 2685 2888 2731 sunt
2931 2675 3094 2738 idem,
3153 2673 3332 2743 opifex
3377 2675 3538 2728 etiam
3569 2681 3621 2727 et

359 2771 666 2840 γεννήτωρ.
705 2768 819 2821 Καὶ
873 2768 1128 2838 προάγων
1172 2767 1272 2836 μὲν
1309 2766 1368 2818 τὸ
1417 2769 1523 2820 πᾶν
1565 2767 1622 2830 ἐξ
1645 2769 1836 2821 ἑαυτοῦ
1866 2769 1942 2831 ὡς

2050 2771 2258 2840 genitor
2291 2771 2432 2824 idem
2459 2777 2638 2823 erunt.
2669 2769 2735 2822 Et
2765 2769 3068 2838 producens
3100 2767 3318 2837 quidem
3345 2767 3526 2822 omnia
3553 2779 3617 2822 ex

361 2862 660 2930 γεννήτωρ,
685 2859 890 2926 ἔξωθεν
910 2859 965 2911 δὲ
993 2859 1054 2911 τὺ
1109 2857 1240 2911 αὐτὸ
1277 2859 1439 2912 ποιῶν
1484 2859 1560 2922 ὡς
1589 2859 1940 2930 δημιουργός.

2051 2875 2108 2914 se
2145 2867 2202 2912 ut
2236 2860 2482 2928 genitor,
2517 2859 2851 2914 extrinsecus
2877 2873 3004 2912 vero
3034 2859 3134 2912 hoc
3157 2857 3360 2912 faciens
3393 2867 3447 2911 ut
3463 2871 3619 2912 crea-

367 2949 502 3003 mea
525 2949 725 3014 ἔξωθεν
765 2949 924 3002 τοῦτο
953 2951 1094 3002 ποιεῖ
1130 2949 1158 3001 ὂ
1185 2949 1280 3000 καὶ
1311 2949 1514 3002 τίκτειν
1545 2949 1604 3014 ἐξ
1627 2950 1821 3004 ἑαυτοῦ
1851 2950 1944 3003 δύ-

2052 2961 2154 3004 tor.
2182 2951 2238 3004 Si
2272 2965 2396 3005 vero
2431 2951 2768 3004 extrinsecus
2795 2951 2933 3002 idem
2965 2950 3114 3010 facit,
3153 2951 3292 3015 quod
3321 2957 3374 3002 et
3402 2951 3619 3017 gignere

374 3057 544 3102 ναται,
571 3039 684 3101 ἐνὸς
713 3038 867 3101 δντος
917 3037 1015 3108 ἠδη
1045 3035 1139 3090 τοῦ
1175 3036 1263 3090 ἐπ’
1299 3039 1498 3106 ἀμφοῖν
1547 3039 1770 3109 τρόπου,
1828 3040 1944 3103 πῶς

2051 3057 2116 3097 ex
2145 3057 2202 3096 se
2221 3050 2414 3111 potest,
2442 3056 2562 3094 cum
2599 3055 2704 3092 una
2739 3041 3035 3108 eademque
3063 3041 3132 3092 sit
3161 3041 3211 3092 in
3269 3049 3498 3105 utroque
3545 3055 3622 3092 ra-

382 3130 514 3182 τδέν
541 3131 617 3181 ἐνὶ
669 3129 952 3199 πράγματι
1003 3127 1288 3197 συναχθὲν,
1350 3127 1442 3180 δύο
1499 3129 1842 3200 πραγμάτων
1877 3129 1944 3182 ἂν

2053 3134 2148 3198 tio,
2179 3133 2450 3202 quomodo
2479 3131 2621 3200 quod
2656 3133 2708 3184 in
2741 3145 2900 3184 unam
2933 3145 3043 3183 rem
3070 3128 3322 3182 collatum
3359 3137 3460 3192 est,
3498 3129 3621 3182 dua.

387 3219 497 3288 ἔχοι
525 3220 894 3290 προσηγορίας,
933 3220 980 3272 εί
1035 3219 1108 3290 μὴ
1133 3221 1244 3291 ἄρα
1275 3219 1478 3291 θατέρα
1529 3220 1710 3276 αὐτῶν
1734 3219 1820 3292 εἴη
1863 3221 1944 3274 δι·
1975 3223 1997 3280 (

2011 3225 2016 3277 ί
2051 3239 2168 3278 rum
2200 3237 2378 3279 rerum
2410 3223 2824 3294 appellationem
2883 3223 3097 3290 habeat,
3133 3223 3236 3276 nisi
3299 3221 3621 3276 alterutrum

387 3309 684 3380 εψευσμένη
705 3327 719 3372 ;

2059 3331 2241 3370 eorum
2270 3318 2338 3372 sit
2378 3317 2605 3372 falsum?

1058 3424 1261 3477 AAAO.
2719 3429 2952 3485 ALIUD.

445 3535 506 3587 El
527 3533 588 3586 τὸ
631 3533 835 3604 κτίσμα
877 3534 1038 3587 τοῦτο
1088 3535 1180 3587 καὶ
1216 3535 1482 3606 γέννημα,
1528 3536 1734 3608 κτίσμα
1756 3539 1832 3602 δὲ,
1872 3539 1948 3602 ὥς

2128 3544 2184 3598 Si
2211 3553 2464 3598 creatura
2487 3551 2542 3598 et
2569 3543 2816 3614 genimen
2849 3541 2990 3596 idem
3021 3551 3170 3607 sunt,
3219 3551 3468 3597 creatura
3523 3555 3620 3605 au-

373 3642 526 3694 φασι,
567 3625 630 3678 τὸ
677 3625 922 3695 Πνεῦμα,
947 3625 1102 3696 δῆλον
1131 3627 1213 3678 ὅτι
1275 3629 1367 3681 καὶ¹
1419 3627 1690 3698 γέννημα.
1732 3629 1869 3683 Ἀλλ’
1902 3632 1950 3683 εί

2057 3645 2162 3691 tem
2197 3645 2302 3700 est,
2327 3645 2386 3690 ut
2415 3637 2564 3690 aiunt
2592 3636 2688 3701 illi,
2727 3633 2962 3702 Spiritus
2989 3643 3232 3700 sanctus,
3267 3645 3416 3689 certe
3445 3641 3498 3688 et
3527 3647 3620 3700 ge-

373 3713 472 3782 μὲν
521 3713 733 3784 Πατρὸς
756 3754 770 3774 ,
832 3715 1013 3767 οὐκέτι
1047 3715 1338 3786 μονογενὴς
1377 3719 1406 3770 ὁ
1435 3717 1579 3780 Υἱός.
1606 3718 1666 3771 El
1688 3717 1744 3770 δὲ
1777 3719 1907 3772 Υίοῦ
1932 3758 1948 3784 ,

2054 3729 2235 3782 nimen
2269 3730 2396 3783 erit.
2425 3729 2586 3796 Atqui
2629 3728 2672 3780 si
2703 3728 2878 3782 Patris
2913 3727 3162 3796 genimen
3214 3736 3315 3790 est,
3347 3725 3454 3792 jam
3519 3740 3622 3778 non

368 3801 522 3852 ἔσται
563 3801 692 3865 Υἱὸς
715 3801 870 3866 Υίοῦ,
901 3803 1054 3872 είπερ
1075 3803 1135 3856 τὸ
1166 3804 1365 3875 κτίσμα
1415 3807 1571 3860 τοῦτο
1592 3807 1686 3860 καὶ
1707 3807 1954 3878 γέννημα

2053 3817 2156 3871 erit
2216 3819 2516 3888 unigenitus
2587 3817 2753 3872 Filius
2813 3834 2826 3868 :
2872 3817 2918 3870 si
2967 3831 3096 3871 vero
3145 3816 3305 3878 Filii,
3359 3815 3465 3868 erit
3543 3812 3625 3866 Fi-

365 3892 644 3962 τυγχάνει·
2053 3907 2156 3962 lius
2228 3908 2370 3975 Filii,
2428 3910 2696 3980 siquidem
2747 3919 2996 3962 creatura
3051 3915 3108 3962 et
3185 3907 3433 3974 genimen
3483 3903 3620 3956 idem

2053 4007 2198 4053 sunt.

373 4116 500 4170 Ὀτι
523 4113 610 4184 μὴ
645 4113 724 4178 τῷ
763 4113 980 4173 κτίζειν
1013 4115 1347 4240 τὸθτεζνᾷν
1384 4119 1603 4172 ταυτόν
1642 4119 1812 4172 ἐστιν
1843 4117 1944 4172 ἐπὶ

1129 4203 1252 4240 εου.

1907 4118 1944 4170 εὶ
2161 4132 2312 4196 Quod
2336 4147 2512 4184 creare
2533 4143 2579 4184 et
2603 4131 2810 4198 gignere
2828 4145 2931 4182 non
2967 4137 3088 4181 sunt
3113 4127 3252 4181 idem
3301 4129 3356 4180 in
3381 4126 3517 4181 Deo.

2811 4211 2840 4240 Ο

1161 4205 1252 4240 Ου.
2811 4211 2840 4248 0

439 4299 506 4351 Εἰ
532 4299 590 4351 τὸ
615 4300 814 4368 γεννᾷν
841 4299 1010 4352 καὶτὸ
1039 4302 1209 4352 ποιεῖν
1250 4301 1446 4352 ταυτόν
1467 4301 1581 4353 ἐστι
1622 4301 1772 4372 παρὰ
1804 4301 1948 4372 Θεῷ,

2125 4307 2179 4362 Si
2213 4307 2431 4376 gignere
2456 4313 2510 4360 et
2544 4319 2728 4359 creare
2752 4305 2890 4360 idem
2922 4313 3000 4359 est
3031 4305 3082 4358 in
3114 4303 3242 4371 Deo,
3271 4312 3496 4375 generat
3525 4319 3622 4360 au-

357 4391 540 4459 γεννᾷ
563 4389 622 4442 δὲ
653 4389 744 4440 τὸν
773 4389 897 4442 Υἱὸν
927 4389 1312 4460 ἀμεσιτεύτως,
1355 4389 1515 4460 δῆλον
1538 4391 1618 4442 ὅτι
1650 4391 1738 4444 καὶ
1771 4392 1949 4445 πάντα

2057 4406 2158 4450 tem
2189 4397 2381 4452 Filium
2430 4395 2742 4452 immediate
2795 4412 2890 4466 per
2919 4411 2977 4452 se
3005 4413 3018 4451 :
3051 4405 3199 4452 certe
3229 4397 3389 4451 etiam
3443 4399 3621 4452 omnia

357 4481 542 4550 γεννᾷ
573 4478 606 4548 ἣ
635 4481 781 4532 ποιεῖ
803 4479 1188 4546 ἀμεσιτεύτως.
1229 4479 1364 4532 Είόὲ
1413 4483 1574 4550 γεννᾷ
1617 4481 1714 4550 μὲν
1750 4483 1811 4534 οὐ
1861 4483 1950 4535 διά

2056 4487 2366 4541 immediate
2385 4503 2480 4556 per
2507 4501 2563 4540 se
2596 4495 2816 4556 generat
2844 4486 2925 4540 vel
2959 4486 3106 4539 facit.
3156 4484 3212 4539 Si
3247 4497 3425 4540 autem
3459 4502 3621 4556 gene-

357 4587 541 4632 τινος,
592 4570 772 4623 οὐκέτι
825 4571 880 4622 δὲ
921 4571 1012 4623 καὶ
1053 4571 1122 4623 τὰ
1175 4573 1350 4624 πάντα
1387 4575 1529 4624 ποιεῖ
1551 4573 1944 4641 ἀμεσιτεύτως,

2014 4587 2029 4630 t
2060 4585 2140 4628 rat
2172 4593 2274 4630 non
2308 4592 2402 4645 per
2427 4578 2684 4646 aliquem,
2719 4587 2770 4630 at
2801 4593 2907 4630 non
2934 4577 3111 4637 omnia
3141 4575 3270 4629 facit
3317 4577 3624 4631 immediate

359 4661 494 4723 πῶς
520 4661 580 4714 τὸ
603 4662 798 4732 γεννᾷν
831 4661 1024 4714 ταυτὸν
1084 4664 1197 4714 ἐστι
1250 4660 1326 4732 τῷ
1369 4665 1539 4714 ποιεῖν
1589 4663 1739 4734 παρὰ
1794 4663 1947 4732 Θεῷ;

2053 4682 2147 4736 per
2183 4683 2261 4730 se,
2319 4669 2586 4734 quomodo
2629 4669 2766 4721 idem
2805 4669 2906 4720 erit
2945 4681 3204 4734 generare
3243 4677 3298 4719 et
3350 4667 3530 4720 facere
3571 4667 3625 4719 in

357 4755 526 4808 Ποιεῖ
546 4753 602 4805 δὲ
631 4753 870 4822 σεισμὸν,
919 4753 1125 4822 λοιμὸν,
1159 4753 1556 4823 κατακλυσμὸν,
1594 4755 1766 4808 ταῦτα
1798 4756 1949 4808 ἔσται

2055 4757 2204 4809 Deo?
2233 4757 2385 4809 Facit
2413 4771 2541 4810 vero
2579 4767 2735 4811 terrae
2788 4768 3014 4818 motum,
3051 4765 3277 4824 pestem,
3310 4755 3572 4807 diluvium
3609 4771 3621 4806 :

358 4843 579 4910 γεννῶν
607 4844 824 4909 ἆποιεῖ,
861 4845 1019 4914 εἴπερ
1069 4844 1146 4914 τῷ
1177 4847 1348 4898 ποιεῖν
1389 4846 1447 4898 τὸ
1503 4849 1696 4917 γεννᾷν
1749 4849 1945 4900 ταυτὸν

2055 4861 2185 4912 ergo
2213 4855 2266 4899 et
2297 4855 2522 4916 generat
2556 4863 2672 4915 qua:
2695 4847 2842 4912 facit,
2876 4849 2920 4900 si
2961 4849 3117 4901 modo
3141 4861 3401 4913 generare
3458 4853 3512 4896 et
3545 4843 3623 4896 fa—

355 4937 488 4988 ὲστι
515 4935 646 5005 παρ’
675 4935 842 5006 αὐτῷ.

2057 4951 2179 4990 cere
2211 4935 2350 4991 idem
2383 4939 2434 4990 in
2465 4939 2580 5006 ipso
2601 4947 2701 4992 est.

1066 5047 1264 5100 ΑΛΛΟ.
1713 5073 1722 5080 -
2161 5087 2166 5092 .
2615 5051 2676 5117 ιε

1713 5073 1722 5080 -
2161 5087 2166 5092 .
2615 5048 2774 5119 134
2829 5045 3059 5101 ALIUD.

439 5159 509 5212 Ei
541 5159 662 5213 ὅθεν
702 5163 867 5230 γεννᾷ
917 5159 1082 5222 Θεὸς,
1141 5161 1347 5213 ἐκεῖθεν
1401 5162 1492 5213 καὶ
1537 5161 1743 5224 κτίζει,
1800 5163 1948 5215 οὐδὲν

2125 5163 2177 5214 Si
2211 5162 2591 5231 undegencrat
2635 5164 2798 5226 Deus,
2833 5161 2954 5214 inde
2982 5159 3142 5211 etiam
3166 5165 3336 5222 creat,
3374 5158 3505 5210 nihil
3560 5159 3626 5212 ab

361 5252 610 5322 ἀράχνου
631 5252 839 5315 διοίσει,
873 5252 992 5305 κατ’
1021 5253 1231 5315 αὐτοὺς,
1258 5252 1352 5304 τοῦ
1380 5253 1439 5304 τὸ
1471 5253 1672 5316 κτίζειν
1715 5254 1863 5320 παρὰ
1892 5257 1950 5308 τὸ

2059 5265 2255 5304 araneo
2282 5250 2510 5314 differet,
2536 5251 2692 5319 juxta
2727 5250 2863 5313 illos,
2896 5249 2984 5316 qui
3023 5263 3125 5301 non
3153 5247 3254 5298 alia
3291 5250 3499 5300 ratione
3531 5262 3623 5312 ge-

365 5344 566 5412 γεννᾷν
595 5345 694 5396 οὐκ
720 5344 896 5407 ἄλλως
923 5343 1153 5413 ἔχοντος.
1191 5343 1328 5396 Ἀλλ’
1355 5335 1508 5405 οὗτος
1551 5345 1648 5412 μὲν
1673 5343 1822 5414 νόμῳ
1853 5346 1951 5413 φύ-

2058 5351 2231 5408 nerat,
2255 5358 2412 5410 quam
2443 5341 2588 5394 facit.
2624 5342 2725 5393 Sed
2756 5342 2842 5394 hic
2875 5341 3089 5408 quidem
3121 5338 3234 5404 lege
3259 5349 3459 5389 natura:
3521 5340 3622 5390 du-

359 5452 506 5495 asw;
535 5435 824 5504 ἀγόμενος,
855 5435 979 5487 ὅθεν
1008 5437 1187 5505 γεννᾷ,
1221 5435 1427 5487 ἐκεῖθεν
1470 5435 1561 5488 καὶ
1597 5434 1791 5497 κτίζει.
1817 5437 1948 5500 Θεὸς

2059 5443 2198 5495 ctus,
2226 5433 2364 5485 unde
2394 5439 2636 5500 generat,
2664 5430 2786 5483 inde
2813 5439 2865 5484 et
2885 5438 3050 5483 creat.
3109 5427 3250 5480 Deus
3300 5437 3476 5480 autem
3506 5441 3627 5479 cum

349 5523 435 5588 δὲ,
455 5524 558 5576 οὐκ
575 5522 652 5576 ὢν
676 5524 782 5576 ὑπὸ
807 5525 988 5591 φύσιν,
1016 5524 1089 5587 ὡς
1119 5525 1328 5592 ἀνάγκῃ
1353 5525 1564 5590 φύσεως
1595 5525 1949 5592 ὑποκείμενος

2061 5539 2164 5576 non
2198 5525 2268 5577 sit
2303 5533 2512 5576 naturae
2543 5519 2835 5586 subjectus,
2879 5531 3134 5588 tanquam
3185 5527 3388 5571 natura:
3423 5516 3629 5586 legibus

361 5616 496 5684 παρ’
521 5615 704 5669 αὐτῶν
735 5615 1084 5686 ἀτιμάζεται.

2056 5613 2297 5668 subditus
2329 5611 2396 5666 ab
2423 5612 2550 5678 ipsis
2579 5613 2959 5664 contemnilur.

1061 5728 1263 5780 ΛΛΛΟ.

2734 5723 2962 5778 ALIUD.

431 5839 500 5894 Et
529 5841 650 5894 ἐπεὶ
681 5839 977 5896 ἀσύνθετον
1012 5841 1066 5894 τὸ
1097 5843 1267 5904 (θεῖον,
1300 5839 1554 5900 dimitto;
1591 5837 1699 5900 ἕχει
1729 5837 1802 5899 τίὲ)
1829 5853 1946 5898 TC?"

2137 5837 2191 5892 Si
2221 5835 2476 5903 quoniam
2527 5831 2787 5892 Divinitas
2832 5837 3127 5902 composita
3173 5851 3278 5890 non
3312 5845 3412 5895 est.
3443 5833 3630 5888 eadem
