4078 6260
453 345 548 403 511
1480 350 1537 407 S.
1581 349 1858 406 CYRlLLl
1894 345 2362 403 ALEXANDRINI
2399 347 2713 404 ARCHIEP.
3589 340 3704 400 ’5ιί

459 458 668 516 ratione
697 467 937 532 generat,
994 477 1100 532 qua
1155 464 1563 518 creatteadcm
1603 464 1768 520 etiam
1815 464 2022 518 ratione

2143 463 2221 534 νᾷν
2243 464 2304 517 τὸ
2339 466 2512 516 ποιεῖν
2536 502 2551 526 ,
2596 461 2855 523 ὡσαύτως
2912 459 3021 525 ἕξει
3066 459 3158 512 καὶ
3196 455 3256 511 τὸ
3294 456 3708 528 προγινώσκειν

458 561 893 622 ρηεηοεεει,ιιυε
927 552 1113 621 faciet,
1143 561 1200 608 ut
1221 553 1472 608 nimirutu
1495 554 1657 609 etiam
1683 555 1785 609 hac
1813 555 2022 608 ratione

2143 553 2200 624 τῷ
2235 557 2427 622 ποιεῖν,
2457 556 2541 607 ἵνα
2567 555 2659 607 καὶ
2683 554 2853 625 ταύτῃ
2957 551 3266 605 ἀσύνθετον.
3311 551 3374 602 Εἰ
3423 550 3479 602 δὲ
3505 551 3705 613 τοῦτο,

459 641 653 696 sitnon
685 642 1003 712 composita.
1031 641 1180 709 Quod
1196 642 1242 697 si
1270 642 1342 697 ita
1369 652 1470 710 est,
1499 645 1836 700 eritomnino
1859 644 2021 698 etiam

2143 643 2277 696 ἱσται
2306 643 2472 698 ποιῶν
2490 643 2526 697 ἃ.
2559 642 2918 714 προγινώσκει
2941 641 3106 704 κακὰ,
3129 641 3288 711 εῐπερ
3310 639 3504 694 ταυτὸν
3523 638 3712 693 ταῦτα

460 732 666 786 faciens
726 732 865 786 mala
914 747 1034 800 quae
1087 732 1398 801 praenoscit,
1426 733 1470 788 si
1515 737 1673 790 modo
1703 735 1842 790 idem
1897 743 2026 789 sunt

2143 737 2256 805 παρ’
2290 735 2457 806 αὐτῷ,
2489 737 2568 790 ὅτι
2595 735 2659 807 δὴ
2687 737 2779 789 καὶ
2805 734 3113 790 ἀσύνθετον.

463 820 577 875 haec
625 821 678 875 in
717 821 853 890 ipso,
902 820 1042 890 quod
1081 821 1295 890 quidem
1338 831 1552 878 estnon
1592 837 1712 879 esse
1759 823 2024 895 composi-

465 922 598 967 tum.

1125 1021 1358 1080 ALIUD.

533 1128 591 1183 Si
617 1127 759 1185 Deus
781 1131 968 1187 eadem
998 1133 1204 1189 ratione
1220 1143 1443 1204 generat
1462 1145 1517 1189 et
1547 1144 1714 1203 creat,
1745 1135 1868 1204 quia
1888 1148 2028 1188 com-

465 1217 671 1287 positus
700 1233 806 1274 non
839 1228 920 1276 est
949 1239 963 1276 :
1016 1221 1200 1277 videre
1225 1231 1279 1278 et
1304 1239 1562 1293 generare
1591 1224 1730 1279 idem
1777 1224 1939 1280 etiam
1974 1223 2028 1277 in

467 1311 584 1380 ipso
613 1310 798 1380 fuerit,
832 1321 890 1368 ut
917 1314 972 1367 in
992 1314 1299 1372 universum
1332 1332 1436 1372 non
1461 1316 1531 1372 sit
1583 1318 1934 1386 compositus.
1971 1313 2028 1370 Si

465 1415 595 1456 vero
659 1403 774 1458 haec
841 1419 946 1458 non
998 1414 1124 1461 sunt
1176 1407 1231 1462 in
1279 1422 1344 1463 eo
1391 1407 1747 1483 indifferentia
1778 1447 1794 1472 ,
1873 1415 2033 1476 atque

468 1491 657 1546 eadem
704 1492 899 1563 (neque
937 1495 1081 1551 enim
1143 1499 1285 1565 quod
1347 1498 1512 1562 videt,
1556 1499 1661 1552 hoc
1711 1506 1765 1552 et
1789 1495 2031 1566 generat)

471 1579 786 1650 simplicitas
832 1581 948 1651 ejus
1007 1598 1112 1639 non
1168 1585 1380 1640 laeditur
1415 1603 1428 1638 :
1466 1601 1533 1642 ne
1561 1586 1613 1642 id
1646 1586 1860 1656 quidem
1891 1587 2033 1655 quod

471 1671 628 1726 aliter
677 1684 918 1744 generet,
967 1677 1124 1732 aliter
1177 1685 1342 1744 creet,
1394 1677 1587 1734 efiiciet
1643 1687 1699 1733 ut
1756 1678 1827 1733 sit
1875 1691 2030 1734 com-

471 1762 696 1831 positus.

1134 1877 1365 1936 ALIUD.

542 1987 599 2043 Si
625 1989 678 2044 in
703 1991 896 2059 quibus
925 2006 1186 2063 generare
1214 2005 1268 2048 et
1316 2007 1502 2050 creare
1561 1993 1774 2049 diversa
1799 2002 1946 2060 sunt,
1999 1993 2036 2048 ii

470 2091 732 2150 generant
758 2098 823 2138 ex
856 2085 1069 2154 seipsis,
1121 2095 1310 2142 creant
1359 2101 1487 2142 vero
1536 2087 1916 2142 extrinsecus:
1984 2085 2036 2141 in

468 2172 666 2240 quibus
689 2188 814 2228 vero
838 2188 1098 2244 generare
1125 2182 1180 2230 et
1198 2189 1389 2230 creare
1418 2173 1559 2230 idem
1581 2183 1684 2240 est,
1709 2177 1760 2231 in
1785 2176 1852 2230 iis
1881 2191 2038 2230 orca--

471 2278 530 2318 re
559 2263 896 2319 extrinsecus
929 2281 1033 2320 non
1079 2267 1315 2332 exsistit,
1359 2267 1812 2336 quemadmodum
1865 2281 2040 2336 neque

467 2369 536 2407 ex
571 2367 692 2409 sese
724 2369 1006 2423 generare.
1040 2356 1097 2411 Si
1158 2371 1289 2412 vero
1347 2357 1682 2412 extrinsecus
1718 2366 1924 2412 tantum
1961 2357 2035 2411 illi

466 2444 792 2510 concedunt,
818 2446 958 2514 quod
991 2447 1205 2516 quidem
1238 2457 1322 2503 est
1343 2446 1542 2512 facere,
1589 2461 1854 2516 generare
1913 2460 2041 2500 vero
2079 2507 2085 2511 _

468 2544 574 2584 non
604 2530 731 2585 item
768 2549 780 2584 :
809 2533 1092 2602 adoptione
1124 2534 1228 2588 erit
1256 2542 1429 2603 pater,
1462 2533 1554 2602 qui
1589 2519 1854 2590 natur'alis
1877 2548 2034 2589 crea-

471 2630 556 2676 ιοι·
582 2631 684 2675 εει.

1137 2734 1368 2792 ALIUD.

543 2841 600 2898 Si
633 2857 892 2913 generare
947 2854 1002 2900 ει
1052 2860 1240 2902 creare
1285 2847 1338 2902 in
1395 2847 1526 2912 Deo,
1555 2848 1682 2918 quia
1708 2849 2039 2920 compositus

471 2947 578 2986 non
604 2943 707 2999 est,
747 2934 888 2988 idem
918 2945 1065 3000 sunt,
1093 2951 1198 2992 non
1229 2945 1407 2993 autem
1431 2937 1593 2993 etiam
1622 2939 1676 2994 in
1710 2940 1887 3007 nobis,
1912 2940 2040 3009 quia

471 3025 605 3082 tales
632 3040 736 3082 non
762 3040 947 3083 sumus
982 3044 994 3080 :
1033 3029 1172 3085 idem
1189 3031 1294 3086 erit
1323 3030 1376 3086 in
1396 3028 1486 3084 illo
1506 3045 1842 3099 praenoscere
1869 3041 1923 3086 et
1949 3030 2053 3100 ge-'

2808 1017 3012 1070 AAAO.

2202 1131 2264 1183 El
2296 1129 2355 1182 τδ
2387 1130 2577 1198 γεννᾷν
2615 1126 2712 1181 καὶ
2753 1128 2819 1182 τὸ
2846 1127 3048 1190 κτίζειν
3091 1125 3355 1188 ὡσαύτως
3390 1125 3504 1196 ἔχει
3531 1125 3676 1190 Θεὸς
3697 1166 3716 1189 ,

2132 1219 2317 1290 ἐπειδὴ
2343 1220 2651 1282 άσύνθετος,
2678 1219 2769 1272 καὶ
2792 1220 2853 1272 τὸ
2873 1220 3005 1289 ὁρᾷν
3061 1217 3138 1286 τῷ
3169 1219 3364 1288 γεννᾷν
3397 1218 3594 1271 ταυτὸν
3639 1218 3717 1272 ἂν

2133 1311 2216 1383 εἴη
2245 1313 2373 1384 παρ’
2402 1311 2574 1382 αὐτῷ,
2624 1311 2709 1363 ἵνα
2759 1311 2936 1382 πάντη
2959 1313 3016 1363 ἐν
3054 1310 3200 1381 αύτῷ
3225 1311 3285 1363 τὸ
3312 1310 3606 1364 ἀσύνθετον

2134 1407 2198 1459 El
2231 1405 2287 1458 δὲ
2313 1404 2388 1476 μὴ
2414 1404 2541 1458 ὄντα
2569 1405 2696 1475 παρ’
2730 1402 2878 1474 αὐτῷ
2941 1402 3112 1456 ταῦτα
3157 1402 3429 1473 ἀδιάφορα
3469 1401 3554 1472 (ού
3595 1403 3716 1474 γὰρ

2133 1498 2269 1567 ὅπερ
2297 1498 2418 1567 ὁρᾷ,
2446 1497 2604 1550 τοῦτο
2633 1496 2847 1560 πάντως
2873 1496 2967 1548 καὶ
2995 1493 3215 1565 τίκτει),
3232 1495 3293 1549 τὸ
3321 1495 3525 1549 ἁπλοῦν
3545 1495 3713 1548 αὐτοῦ

2134 1588 2194 1640 ού
2234 1587 2708 1658 λυμαίνεται,ούδὲ
2734 1589 2794 1641 τὺ
2812 1589 3006 1661 γοεννᾷν
3036 1586 3277 1656 δηλονότι
3312 1585 3476 1639 αὐτὸν
3505 1586 3714 1656 ἑτέρως

2136 1681 2230 1734 καὶ
2279 1681 2482 1744 κτίζειν
2534 1680 2727 1746 ἄλλως,
2784 1678 3037 1750 στέρησιν
3082 1677 3229 1746 αὐτῷ
3267 1676 3362 1751 τοῦ
3413 1675 3712 1731 ἀσυνθέτου

2061 1789 2110 1848 Β
2137 1770 2445 1842 ἐργάζεται.

2818 1878 3024 1931 ΑΛΛΟ.

2209 1995 2271 2048 Et
2305 1994 2432 2065 παρ’
2467 1987 2548 2056 οἷς
2599 1991 2692 2045 τοῦ
2743 1991 2934 2060 γεννᾷν
2973 1990 3033 2042 τὸ
3093 1987 3297 2052 κτίζειν
3328 1986 3529 2056 ἕτερον,
3559 1986 3705 2054 παρὰ

2137 2086 2345 2147 τούτοις
2369 2084 2431 2137 τὸ
2458 2083 2516 2147 ἐξ
2546 2080 2751 2135 ἑαυτῶν
2771 2081 2986 2151 γεννᾷν,
3013 2078 3211 2143 ἔξωθεν
3232 2077 3288 2130 δὲ
3319 2075 3515 2140 κτίζειν
3536 2075 3698 2145 ὑπάρ-

2141 2193 2245 2246 χει,
2273 2175 2399 2245 παρ*
2431 2166 2474 2241 ᾧ
2503 2172 2558 2225 δὲ
2588 2171 2648 2224 τὸ
2667 2173 2860 2240 γεννᾷν
2880 2169 2959 2239 τῷ
2992 2169 3195 2232 κτίζειν
3234 2168 3444 2230 ταυτὸν,
3472 2167 3532 2220 τὸ
3572 2165 3697 2231 ἔξω·

2141 2265 2230 2318 θεν
2265 2263 2465 2328 κτίζειν
2486 2264 2584 2332 οὐχ
2607 2262 2861 2332 ὑπάρχει,
2915 2259 2989 2324 ὡς
3017 2259 3138 2313 οὐδὲ
3166 2258 3229 2312 τὸ
3249 2257 3458 2310 οἴκοθεν
3491 2255 3703 2324 γεννᾷν.

2139 2357 2202 2408 Ei
2233 2355 2288 2408 δὲ
2314 2356 2374 2408 τὸ
2407 2354 2606 2418 ἔξωθεν
2629 2353 2786 2422 μόνον
2819 2352 2966 2422 αὐτῷ
2994 2350 3385 2421 συγχωροῦσιν,
3415 2350 3444 2403 ὅ
3475 2350 3588 2400 ἐστι
3615 2345 3711 2417 μὲν

2141 2450 2334 2513 ποιεῖν,
2369 2447 2563 2516 γεννᾷν
2595 2445 2650 2497 δὲ
2682 2445 2740 2497 οὺ
2768 2443 3005 2510 θέλουσι,
3063 2443 3208 2496 θέσει
3251 2441 3404 2494 ἔσται
3453 2439 3633 2508 πατὴρ
3680 2437 3711 2488 ὁ

2142 2538 2284 2592 κατὰ
2305 2537 2464 2606 φύσιν
2495 2534 2843 2606 δημιουργός.

2806 2730 3008 2784 ΔΛΛΟ.

2212 2848 2274 2900 Εἰ
2328 2845 2387 2898 τὸ
2428 2843 2619 2913 γεννᾷν
2671 2841 2765 2894 καὶ
2797 2840 2860 2892 τὸ
2905 2837 3110 2902 κτίζειν
3151 2835 3302 2906 παρά
3333 2833 3472 2904 Θεῷ,
3526 2831 3713 2900 ἐπειδὴ

2143 2937 2454 3001 ἀσύνθετος,
2479 2933 2671 2987 ταυτόν
2701 2933 2869 2994 ἐστιν,
2899 2931 3084 2984 οὐκέτι
3135 2928 3191 2982 δὲ
3244 2928 3338 2982 καὶ
3371 2927 3501 2996 παρ’
3547 2925 3716 2993 ἡμῖν,

2143 3032 2266 3091 ἐπεὶ
2301 3029 2375 3100 μὴ
2401 3026 2651 3091 τοιοῦτοι,
2674 3025 2826 3078 ἔσται
2845 3023 3039 3077 ταυτὸν
3074 3022 3200 3091 παρ’
3220 3019 3367 3089 αὐτῷ
3385 3018 3445 3071 τὸ
3474 3017 3720 3087 προνοεῖν

471 3132 684 3172 nerare.
704 3117 820 3173 Non
843 3119 987 3174 enim
1015 3119 1116 3174 hoc
1152 3121 1205 3174 in
1230 3121 1386 3175 nobis
1411 3120 1552 3175 idem
1585 3131 1686 3187 εει,
1721 3122 1847 3192 quia
1886 3134 2038 3182 com-.

2143 3124 2219 3195 τῷ
2247 3124 2458 3194 γεννᾷν.
2483 3121 2555 3173 Ού
2580 3119 2688 3190 γὰρ
2705 3118 2872 3172 ταυτὸ
2901 3115 3058 3168 τοῦτο
3084 3115 3212 3183 παρ’
3234 3113 3387 3184 ἡμῖν,
3418 3110 3502 3163 ὃτι
3534 3107 3721 3162 σύνθε-

473 3205 631 3274 positi
656 3219 864 3260 sumus.
889 3204 945 3260 Si
981 3221 1109 3260 vero
1130 3208 1356 3276 simplex
1388 3208 1532 3263 illius
1561 3217 1752 3262 natura
1791 3215 1844 3260 et
1891 3221 2038 3260 com-

474 3294 756 3361 positionis
782 3310 995 3363 expers,
1053 3310 1173 3350 eam
1226 3312 1345 3366 quae
1372 3299 1424 3351 in
1451 3298 1606 3353 nobis
1639 3305 1742 3362 est,
1782 3295 2037 3350 diﬂ‘eren-

476 3385 626 3451 tiam,
663 3399 768 3438 non
803 3385 1072 3439 diversam
1105 3387 1172 3441 ab
1205 3401 1270 3441 eo
1315 3402 1435 3442 esse
1457 3389 1632 3456 coegit
1659 3405 1672 3440 :
1701 3401 1768 3441 ne
1795 3386 1895 3440 hoc
1929 3387 2041 3456 qui-

475 3474 597 3528 dem
625 3473 768 3542 quod
795 3475 954 3529 aliter
983 3482 1224 3540 generet,
1261 3475 1422 3531 aliter
1447 3487 1616 3543 creet,
1654 3476 1848 3531 elIiciet
1879 3484 1937 3530 ut
1969 3475 2042 3531 sit

475 3566 827 3635 compositus.

1150 3679 1372 3735 ALIUD.

548 3791 604 3844 Si
651 3805 906 3860 generare
943 3791 1082 3846 idem
1115 3802 1198 3848 est
1222 3794 1366 3861 quod
1392 3805 1600 3859 creare,
1648 3807 1914 3862 generans
1940 3796 2042 3850 erit

477 3895 665 3936 creans
691 3880 742 3935 id
802 3881 942 3951 quod
999 3892 1315 3951 generatum
1380 3892 1482 3948 est,
1549 3893 1602 3938 ct
1660 3898 1927 3953 generans
1991 3885 2042 3940 id

475 3973 616 4042 quod
639 3983 878 4028 creatum
909 3982 1008 4029 est.
1033 3975 1103 4029 At
1135 3989 1262 4030 vero
1320 3973 1499 4029 facere
1552 3975 1664 4029 sive
1707 3990 1898 4032 creare
1955 3987 2042 4033 est

475 4067 823 4133 operationis,
882 4081 1144 4136 generare
1171 4082 1299 4122 vero
1327 4075 1551 4123 naturae.
1585 4066 1789 4121 Natura
1860 4077 2038 4124 autem

476 4165 532 4208 et
558 4158 798 4225 operatio
817 4173 922 4211 non
946 4167 1067 4214 sunt
1097 4159 1236 4214 idem
1251 4143 1278 4212 ’Ξ
1304 4173 1563 4229 generare
1586 4158 1750 4230 igitur
1769 4168 1823 4215 et
1855 4174 2042 4216 creare

478 4260 581 4299 non
612 4254 735 4300 sunt
768 4247 930 4301 idem.

1137 4359 1366 4417 ALIUD.

2146 3234 2246 3271 τοι·
2269 3217 2317 3268 εί
2349 3214 2488 3269 δὲτὸ
2522 3211 2726 3266 ἁπλοῦν
2767 3208 2932 3263 αὐτοῦ
2975 3207 3068 3260 καὶ
3107 3205 3398 3258 ἀσύνθετον
3453 3202 3553 3273 τὴν
3590 3197 3723 3270 παρ’

2149 3309 2278 3378 ἡμῖν
2299 3304 2558 3376 διαφορὰν
2581 3305 2680 3356 οὐκ
2715 3302 2933 3354 ἀλλοίαν
2966 3294 3103 3351 εἶναι
3143 3297 3274 3366 παρ’
3309 3292 3460 3363 αύτῷ
3506 3291 3721 3358 ἐξεϐιά-

2151 3417 2298 3462 σατο,
2314 3399 2434 3451 οὐδὲ
2460 3398 2522 3450 τὸ
2543 3397 2739 3466 γεννᾷν
2763 3393 2922 3447 αὑτὸν
2943 3390 3135 3453 ἄλλως,
3154 3391 3248 3442 καὶ
3269 3387 3473 3451 κτίζειν
3496 3384 3721 3455 ἑτέρως,

2151 3488 2401 3559 στέρησιν
2432 3485 2575 3556 αύτῷ
2607 3484 2700 3538 τοῦ
2733 3481 3024 3536 ἀσυνθέτου
3055 3476 3366 3548 ἐργάζεται.

2837 3680 3038 3736 ΑΛΛΟ.

2221 3799 2283 3852 Εἰ
2308 3799 2381 3868 τῷ
2401 3797 2592 3865 γεννᾷν
2620 3794 2813 3848 ταυτόν
2847 3795 2962 3845 ἐστι
2987 3792 3046 3844 τὸ
3071 3791 3262 3851 ποιεῖν,
3286 3791 3312 3841 ὁ
3335 3785 3538 3854 γεννῶν
3569 3783 3724 3837 ἔσται

2151 3890 2318 3944 ποιῶν
2364 3890 2424 3942 τὸ
2473 3886 2834 3956 γεννώμενον,
2886 3884 2979 3936 καὶ
3023 3880 3223 3950 γεννῶν
3264 3879 3323 3932 τὸ
3373 3876 3722 3946 ποιούμενον.

2163 3981 2320 4035 Ἀλλά
2352 3981 2413 4033 τὸ
2436 3979 2536 4046 μὲν
2563 3981 2756 4041 ποιεῖν,
2792 3975 3072 4046 ἐνεργείας
3123 3974 3260 4037 ἐστὶ,
3315 3971 3528 4041 φύσεως
3580 3969 3636 4021 δὲ
3663 3966 3723 4019 τὸ

2150 4074 2363 4144 γεννᾷν.
2396 4071 2560 4132 Φύσις
2584 4070 2641 4123 δὲ
2683 4069 2775 4122 καὶ
2838 4066 3087 4137 ἐνέργεια
3130 4065 3191 4117 οὐ
3243 4062 3456 4116 ταυτόνο
3489 4061 3591 4114 οὐκ
3615 4059 3722 4128 ἄρα

2147 4165 2224 4218 τῶ
2255 4165 2446 4234 γεννᾷν
2489 4162 2550 4215 τὸ
2589 4163 2761 4214 ποιεῖν
2791 4158 2985 4212 ταυτὸν
3015 4156 3186 4210 ἔσται.

2836 4361 3040 4415 ΑΛΛΟ.

549 4467 606 4522 Si
657 4467 746 4536 qui
770 4467 970 4536 aliquid
1006 4469 1136 4524 facit
1169 4469 1347 4536 opifex
1377 4481 1479 4536 est,
1512 4473 1604 4540 qui
1657 4486 1782 4526 vero
1823 4483 2038 4542 generat

2215 4479 2278 4530 El
2300 4475 2378 4547 τῷ
2405 4477 2577 4530 ποιεῖν
2604 4473 2932 4544 δημιουργός
2954 4471 3036 4535 τίς
3057 4471 3192 4533 ἑστι,
3215 4467 3294 4538 τῷ
3312 4467 3370 4521 δὲ
3397 4465 3590 4535 γεννᾷν
3620 4479 3719 4514 πα-

476 4565 650 4626 patcr,
675 4566 818 4612 certe
847 4573 950 4612 non
975 4567 1098 4613 sunt
1121 4559 1261 4614 idem
1319 4559 1496 4616 facere
1539 4570 1592 4616 et
1621 4576 1817 4630 genera
1834 4578 1889 4617 re
1919 4582 1933 4619 :
1963 4566 2037 4617 si-

475 4647 690 4719 quidem
731 4646 874 4704 aliud
913 4648 1071 4720 185
1119 4650 1332 4720 quidem
1375 4661 1459 4708 est
1497 4665 1667 4723 pater,
1709 4661 1764 4710 et
1805 4655 2040 4710 vicissim

474 4740 651 4812 opifex
683 4739 847 4796 aliud.
873 4740 928 4795 Si
963 4757 1086 4796 vero
1109 4741 1444 4798 faccreidem
1477 4754 1558 4800 est
1590 4745 1730 4815 quod
1751 4761 2034 4815 generare,

473 4833 648 4904 npifex
697 4833 799 4889 erit
863 4844 919 4889 et
987 4843 1159 4904 pater.
1207 4837 1262 4891 Si
1317 4845 1495 4894 autem
1549 4839 1690 4895 filius
1735 4849 1818 4895 est
1868 4839 2041 4895 factor

472 4940 577 4979 una
627 4941 747 4981 cum
810 4936 982 4995 patre,
1044 4929 1133 4997 qui
1177 4944 1309 4985 vero
1362 4930 1536 4986 factor
1595 4943 1699 4997 cst,
1733 4941 1816 4986 est
1876 4932 2038 4986 etiam

472 5024 624 5081 pater
657 5031 671 5068 :
705 5014 846 5070 filius
895 5018 1055 5071 etiam
1094 5018 1209 5088 ipsc
1250 5019 1356 5074 erit
1383 5031 1554 5090 pater,
1575 5023 1714 5092 quod
1745 5022 2037 5077 absurdum

473 5114 578 5159 est.

1141 5220 1371 5278 ALIUD.

545 5349 600 5404 Si
630 5352 770 5406 idem
801 5363 925 5407 sunt
947 5363 1102 5423 pater
1121 5364 1176 5408 et
1207 5363 1441 5421 creator,
1477 5357 1741 5426 siquidem
1777 5373 2039 5429 generare

473 5441 726 5497 etfacere
753 5443 894 5497 idem
912 5453 1057 5510 sunt,
1081 5453 1137 5498 et
1161 5455 1375 5500 creator
1403 5457 1488 5502 est
1524 5462 1720 5502 nomen
1767 5449 2038 5516 operatio-

474 5529 601 5583 nis:
639 5540 791 5596 patcr
813 5548 1027 5602 quoque
1052 5535 1243 5588 merito
1261 5536 1618 5604 operationis,
1669 5553 1772 5592 non
1823 5539 2038 5593 relatio-

472 5619 560 5674 nis
587 5635 780 5675 nomen
813 5621 992 5677 fuerit.
1029 5623 1083 5678 Si
1122 5640 1246 5678 vero
1272 5636 1326 5680 ct
1379 5627 1477 5680 hoc
1511 5638 1563 5682 ct
1597 5629 1722 5682 illud
1769 5630 2037 5698 operatio-

472 5714 558 5770 nis
581 5725 774 5768 nomen
821 5724 945 5768 est:
990 5724 1135 5770 εει-ιε
1187 5733 1291 5772 uno
1335 5727 1493 5788 atque
1553 5719 1740 5775 eodem
1799 5731 2036 5789 tempore

2148 4573 2272 4640 τὴρ,
2321 4569 2421 4622 οὐκ
2464 4568 2528 4620 ἂν
2561 4568 2642 4637 εἴη
2674 4564 2866 4619 ταυτὸν
2895 4565 2953 4617 τὺ
2980 4565 3154 4616 ποιεῖν
3204 4560 3280 4630 τῷ
3313 4559 3529 4628 γεννᾷν,
3561 4555 3723 4622 εἴπερ

2147 4661 2329 4730 ἕτερον
2359 4660 2455 4730 μὲν
2486 4659 2600 4711 ἔστι
2628 4657 2830 4727 πατὴρ,
2854 4654 3180 4725 δημιουργὸς
3207 4653 3262 4705 δὲ
3290 4650 3490 4721 ὁμοίως
3513 4648 3718 4716 ἕτερον.

2148 4752 2209 4804 Εἰ
2241 4751 2295 4803 δὲ
2315 4749 2393 4819 τῷ
2416 4751 2586 4802 ποιεῖν
2623 4748 2817 4800 ταυτὸν
2846 4747 2961 4798 ἐστι
2996 4745 3056 4797 τὸ
3079 4745 3294 4813 γεννᾷν,
3319 4745 3348 4794 ὁ
3375 4739 3544 4793 ποιῶν
3570 4738 3720 4791 ἔσται

2148 4843 2241 4897 καὶ
2271 4844 2470 4913 πατήρ.
2500 4842 2563 4894 Ei
2608 4839 2665 4892 δὲ
2717 4838 2832 4891 ἐστι
2865 4836 3090 4908 ποιητὴς
3129 4836 3157 4888 ὁ
3190 4834 3305 4896 υἱὸς
3351 4831 3468 4900 ἅμα
3501 4829 3580 4899 τῷ
3617 4841 3721 4878 πα-

2146 4937 2254 5009 τρὶ,
2287 4938 2315 4988 ὁ
2350 4935 2406 4986 δὲ
2471 4932 2640 4986 ποιῶν
2687 4929 2928 4983 ἐστικαὶ
2983 4926 3184 4996 πατὴρ,
3231 4924 3381 4977 ἔσται
3414 4921 3506 4975 καὶ
3560 4913 3718 4976 αὐτὸς

2146 5026 2346 5098 πατὴρ,
2376 5026 2510 5093 ὅπερ
2541 5025 2756 5078 ἄτοπον.

2825 5216 3024 5268 ΔΛΛΟ.

2217 5359 2280 5410 Εἰ
2301 5356 2494 5410 ταυτύν
2521 5354 2635 5406 ἐστι
2671 5351 2853 5422 πατὴρ
2878 5351 2970 5404 καὶ
2999 5348 3352 5418 δημιουργὸς,
3372 5347 3496 5398 ἐπεὶ
3525 5346 3617 5398 καὶ
3637 5339 3712 5409 τῷ

2147 5449 2339 5518 γεννᾷν
2366 5447 2426 5499 τὸ
2459 5447 2628 5498 ποιεῖν
2664 5443 2857 5496 ταυτὸν
2883 5481 2897 5504 ,
2933 5440 3046 5493 ἔστι
3081 5440 3138 5492 δὲ
3182 5439 3461 5510 ἐνεργείας
3490 5437 3658 5505 ὃνομα
3684 5431 3712 5483 ὁ

2145 5536 2492 5608 δημιουργὸς,
2528 5535 2621 5586 καὶ
2648 5533 2706 5585 τὸ
2735 5532 2914 5603 πατὴρ
2941 5533 3160 5595 εἰκότως
3191 5532 3488 5602 ἐναργείας,
3519 5528 3631 5582 ἀλλ’
3652 5521 3709 5576 οὐ

2150 5629 2386 5698 σχέσεως
2425 5626 2490 5679 ἂν
2517 5625 2600 5694 εἴη
2625 5641 2637 5653 ·
2670 5626 2718 5676 εί
2756 5625 2811 5676 δὲ
2842 5626 2933 5678 καὶ
2979 5627 3135 5677 τοῦτο
3179 5626 3398 5678 κάκεῖνο
3433 5617 3706 5690 ἐνεργείας

2147 5720 2281 5788 ἐστι,
2318 5717 2456 5773 κατὰ
2487 5717 2573 5768 τὴν
2603 5715 2760 5768 αὐτὸν
2791 5718 2977 5785 χρόνον
3006 5717 3153 5771 ἔσται
3185 5715 3385 5785 γεννῶν
3420 5713 3510 5768 καὶ
3542 5703 3708 5763 ποιῶν
