  <div class='ocr_page' id='page_1' title='image "/cluster/home/n/w/nwhite01/storage/ocr_20150623/75/mdp.39015078384495/164.png"; bbox 0 0 4078 6260; ppageno 0'>
   <div class='ocr_carea' id='block_1_1' title="bbox 303 448 404 508">
    <p class='ocr_par' dir='ltr' id='par_1_1' title="bbox 303 448 404 508">
     <span class='ocr_line' id='line_1_1' title="bbox 303 448 404 508; baseline 0.04 -4"><span class='ocrx_word' id='word_1_1' title='bbox 303 448 404 508; x_wconf 74' lang='grc'><strong>313</strong></span> 
     </span>
    </p>
   </div>
   <div class='ocr_carea' id='block_1_2' title="bbox 1697 449 2140 508">
    <p class='ocr_par' dir='ltr' id='par_1_2' title="bbox 1697 449 2140 508">
     <span class='ocr_line' id='line_1_2' title="bbox 1697 449 2140 508; baseline 0 -2"><span class='ocrx_word' id='word_1_2' title='bbox 1697 449 2140 508; x_wconf 65' lang='grc' dir='ltr'><strong>τιεΕεΑυιιυε.</strong></span> 
     </span>
    </p>
   </div>
   <div class='ocr_carea' id='block_1_3' title="bbox 3462 451 3574 510">
    <p class='ocr_par' dir='ltr' id='par_1_3' title="bbox 3462 451 3574 510">
     <span class='ocr_line' id='line_1_3' title="bbox 3462 451 3574 510; baseline 0.018 -3"><span class='ocrx_word' id='word_1_3' title='bbox 3462 451 3574 510; x_wconf 70' lang='grc' dir='ltr'><strong>5ίὸ</strong></span> 
     </span>
    </p>
   </div>
   <div class='ocr_carea' id='block_1_4' title="bbox 301 539 1876 640">
    <p class='ocr_par' dir='ltr' id='par_1_4' title="bbox 301 565 1876 638">
     <span class='ocr_line' id='line_1_4' title="bbox 301 565 1876 638; baseline 0 -16"><span class='ocrx_word' id='word_1_4' title='bbox 301 569 330 622; x_wconf 79' lang='lat'><strong>6</strong></span> <span class='ocrx_word' id='word_1_5' title='bbox 353 565 507 631; x_wconf 76' lang='grc' dir='ltr'><strong>Θεὸς,</strong></span> <span class='ocrx_word' id='word_1_6' title='bbox 555 566 658 636; x_wconf 84' lang='grc' dir='ltr'><strong>τῆς</strong></span> <span class='ocrx_word' id='word_1_7' title='bbox 693 566 985 638; x_wconf 68' lang='grc' dir='ltr'><strong>ἐνεργείας</strong></span> <span class='ocrx_word' id='word_1_8' title='bbox 1023 567 1116 620; x_wconf 75' lang='grc' dir='ltr'><strong>καὶ</strong></span> <span class='ocrx_word' id='word_1_9' title='bbox 1143 566 1198 622; x_wconf 79' lang='grc' dir='ltr'><strong>ἐν</strong></span> <span class='ocrx_word' id='word_1_10' title='bbox 1225 565 1304 636; x_wconf 83' lang='grc' dir='ltr'><strong>τῷ</strong></span> <span class='ocrx_word' id='word_1_11' title='bbox 1351 569 1544 638; x_wconf 79' lang='grc' dir='ltr'><strong>γεννᾷν</strong></span> <span class='ocrx_word' id='word_1_12' title='bbox 1590 569 1682 622; x_wconf 74' lang='grc' dir='ltr'>καὶ</span> <span class='ocrx_word' id='word_1_13' title='bbox 1715 570 1774 622; x_wconf 82' lang='grc' dir='ltr'><strong>ὲν</strong></span> <span class='ocrx_word' id='word_1_14' title='bbox 1813 568 1876 638; x_wconf 67' lang='grc' dir='ltr'><strong>τᾷ</strong></span> 
     </span>
    </p>
   </div>
   <div class='ocr_carea' id='block_1_5' title="bbox 1980 539 3572 640">
    <p class='ocr_par' dir='ltr' id='par_1_5' title="bbox 1994 567 3572 640">
     <span class='ocr_line' id='line_1_5' title="bbox 1994 567 3572 640; baseline -0.001 -14"><span class='ocrx_word' id='word_1_15' title='bbox 1994 569 2256 626; x_wconf 87' lang='lat' dir='ltr'><strong>eritDeus</strong></span> <span class='ocrx_word' id='word_1_16' title='bbox 2309 579 2362 627; x_wconf 89' lang='lat' dir='ltr'><strong>et</strong></span> <span class='ocrx_word' id='word_1_17' title='bbox 2393 582 2676 640; x_wconf 75' lang='lat' dir='ltr'><strong>generatis,</strong></span> <span class='ocrx_word' id='word_1_18' title='bbox 2705 575 2760 624; x_wconf 91' lang='lat' dir='ltr'><strong>et</strong></span> <span class='ocrx_word' id='word_1_19' title='bbox 2787 579 3162 632; x_wconf 87' lang='lat' dir='ltr'><strong>creans;cum</strong></span> <span class='ocrx_word' id='word_1_20' title='bbox 3219 567 3460 636; x_wconf 84' lang='lat' dir='ltr'><strong>operatio</strong></span> <span class='ocrx_word' id='word_1_21' title='bbox 3513 579 3572 624; x_wconf 88' lang='lat' dir='ltr'><strong>et</strong></span> 
     </span>
    </p>
   </div>
   <div class='ocr_carea' id='block_1_6' title="bbox 304 657 1116 732">
    <p class='ocr_par' dir='ltr' id='par_1_6' title="bbox 304 657 1116 732">
     <span class='ocr_line' id='line_1_6' title="bbox 304 657 1116 732; baseline 0.002 -22"><span class='ocrx_word' id='word_1_22' title='bbox 304 657 508 722; x_wconf 76' lang='grc' dir='ltr'>κτίζειν</span> <span class='ocrx_word' id='word_1_23' title='bbox 523 659 628 712; x_wconf 80' lang='grc' dir='ltr'>οὐκ</span> <span class='ocrx_word' id='word_1_24' title='bbox 652 659 834 723; x_wconf 70' lang='grc' dir='ltr'>ἄλλως</span> <span class='ocrx_word' id='word_1_25' title='bbox 859 659 1116 732; x_wconf 80' lang='grc' dir='ltr'>ἐχούσης.</span> 
     </span>
    </p>
   </div>
   <div class='ocr_carea' id='block_1_7' title="bbox 773 861 1380 950">
    <p class='ocr_par' dir='ltr' id='par_1_7' title="bbox 773 861 1380 950">
     <span class='ocr_line' id='line_1_7' title="bbox 773 861 1380 950; baseline -0.016 -3"><span class='ocrx_word' id='word_1_26' title='bbox 773 862 1140 948; x_wconf 90' lang='grc' dir='ltr'><strong>ΛΟΓΟΣ</strong></span> <span class='ocrx_word' id='word_1_27' title='bbox 1213 861 1380 950; x_wconf 87' lang='grc' dir='ltr'><strong>ΙΘ’.</strong></span> 
     </span>
    </p>
   </div>
   <div class='ocr_carea' id='block_1_8' title="bbox 312 1016 1894 1088">
    <p class='ocr_par' dir='ltr' id='par_1_8' title="bbox 312 1016 1894 1088">
     <span class='ocr_line' id='line_1_8' title="bbox 312 1016 1894 1088; baseline 0.001 -20"><span class='ocrx_word' id='word_1_28' title='bbox 312 1016 473 1082; x_wconf 81' lang='grc' dir='ltr'>Πρὸς</span> <span class='ocrx_word' id='word_1_29' title='bbox 511 1017 654 1084; x_wconf 82' lang='grc' dir='ltr'>τοὺς</span> <span class='ocrx_word' id='word_1_30' title='bbox 681 1018 992 1088; x_wconf 61' lang='grc' dir='ltr'><strong>λέγοντας,</strong></span> <span class='ocrx_word' id='word_1_31' title='bbox 1019 1019 1110 1088; x_wconf 66' lang='grc' dir='ltr'><strong>ὅτι</strong></span> <span class='ocrx_word' id='word_1_32' title='bbox 1131 1019 1166 1070; x_wconf 89' lang='grc' dir='ltr'><strong>ό</strong></span> <span class='ocrx_word' id='word_1_33' title='bbox 1193 1017 1324 1082; x_wconf 78' lang='grc' dir='ltr'><strong>Υἱὸς</strong></span> <span class='ocrx_word' id='word_1_34' title='bbox 1353 1019 1464 1088; x_wconf 84' lang='grc' dir='ltr'><strong>οὐκ</strong></span> <span class='ocrx_word' id='word_1_35' title='bbox 1491 1019 1661 1072; x_wconf 75' lang='grc' dir='ltr'><strong>ἐστιν</strong></span> <span class='ocrx_word' id='word_1_36' title='bbox 1681 1021 1894 1086; x_wconf 66' lang='grc' dir='ltr'><strong>ἀληθι-</strong></span> 
     </span>
    </p>
   </div>
   <div class='ocr_carea' id='block_1_9' title="bbox 386 1087 1894 1156">
    <p class='ocr_par' dir='ltr' id='par_1_9' title="bbox 386 1087 1894 1156">
     <span class='ocr_line' id='line_1_9' title="bbox 386 1087 1894 1156; baseline 0.001 -16"><span class='ocrx_word' id='word_1_37' title='bbox 386 1087 499 1150; x_wconf 75' lang='grc' dir='ltr'><strong>νὸς</strong></span> <span class='ocrx_word' id='word_1_38' title='bbox 531 1090 720 1156; x_wconf 73' lang='grc' dir='ltr'><strong>Λόγος</strong></span> <span class='ocrx_word' id='word_1_39' title='bbox 747 1087 852 1142; x_wconf 84' lang='grc' dir='ltr'><strong>τοῦ</strong></span> <span class='ocrx_word' id='word_1_40' title='bbox 890 1087 1140 1156; x_wconf 79' lang='grc' dir='ltr'><strong>Πατρός,</strong></span> <span class='ocrx_word' id='word_1_41' title='bbox 1169 1088 1311 1156; x_wconf 43' lang='lat' dir='ltr'><strong>(illi</strong></span> <span class='ocrx_word' id='word_1_42' title='bbox 1348 1087 1550 1156; x_wconf 77' lang='grc' dir='ltr'>ἕτερός</span> <span class='ocrx_word' id='word_1_43' title='bbox 1587 1089 1720 1142; x_wconf 83' lang='grc' dir='ltr'>ἐστι</span> <span class='ocrx_word' id='word_1_44' title='bbox 1756 1087 1894 1156; x_wconf 76' lang='grc' dir='ltr'>παρ’</span> 
     </span>
    </p>
   </div>
   <div class='ocr_carea' id='block_1_10' title="bbox 392 1155 1896 1224">
    <p class='ocr_par' dir='ltr' id='par_1_10' title="bbox 392 1155 1896 1224">
     <span class='ocr_line' id='line_1_10' title="bbox 392 1155 1896 1224; baseline 0.001 -16"><span class='ocrx_word' id='word_1_45' title='bbox 392 1159 582 1209; x_wconf 73' lang='grc' dir='ltr'><strong>αὑτὸν</strong></span> <span class='ocrx_word' id='word_1_46' title='bbox 597 1156 672 1224; x_wconf 75' lang='grc' dir='ltr'><strong>τῇ</strong></span> <span class='ocrx_word' id='word_1_47' title='bbox 687 1159 870 1224; x_wconf 63' lang='grc' dir='ltr'>φύσει</span> <span class='ocrx_word' id='word_1_48' title='bbox 899 1159 996 1210; x_wconf 77' lang='grc' dir='ltr'>καὶ</span> <span class='ocrx_word' id='word_1_49' title='bbox 1017 1157 1214 1222; x_wconf 76' lang='grc' dir='ltr'><strong>ξένος,</strong></span> <span class='ocrx_word' id='word_1_50' title='bbox 1249 1155 1316 1208; x_wconf 85' lang='grc' dir='ltr'><strong>τὸ</strong></span> <span class='ocrx_word' id='word_1_51' title='bbox 1348 1157 1416 1208; x_wconf 79' lang='grc' dir='ltr'><strong>δὲ</strong></span> <span class='ocrx_word' id='word_1_52' title='bbox 1435 1157 1718 1211; x_wconf 78' lang='grc' dir='ltr'><strong>ἐντεῦθεν</strong></span> <span class='ocrx_word' id='word_1_53' title='bbox 1747 1155 1896 1210; x_wconf 68' lang='grc' dir='ltr'><strong>συν·-</strong></span> 
     </span>
    </p>
   </div>
   <div class='ocr_carea' id='block_1_11' title="bbox 393 1225 1896 1295">
    <p class='ocr_par' dir='ltr' id='par_1_11' title="bbox 393 1225 1896 1295">
     <span class='ocr_line' id='line_1_11' title="bbox 393 1225 1896 1295; baseline 0.001 -17"><span class='ocrx_word' id='word_1_54' title='bbox 393 1227 702 1295; x_wconf 72' lang='grc' dir='ltr'><strong>αγόμενον,</strong></span> <span class='ocrx_word' id='word_1_55' title='bbox 729 1227 818 1279; x_wconf 85' lang='grc' dir='ltr'><strong>ὅτι</strong></span> <span class='ocrx_word' id='word_1_56' title='bbox 847 1228 944 1280; x_wconf 76' lang='grc' dir='ltr'><strong>καί</strong></span> <span class='ocrx_word' id='word_1_57' title='bbox 974 1227 1294 1295; x_wconf 79' lang='grc' dir='ltr'>ὀμοούσιος</span> <span class='ocrx_word' id='word_1_58' title='bbox 1315 1225 1394 1290; x_wconf 81' lang='grc' dir='ltr'><strong>τῷ</strong></span> <span class='ocrx_word' id='word_1_59' title='bbox 1423 1228 1624 1294; x_wconf 71' lang='lat' dir='ltr'><strong>&quot;arpi.</strong></span> <span class='ocrx_word' id='word_1_60' title='bbox 1649 1227 1748 1279; x_wconf 82' lang='grc' dir='ltr'>καὶ</span> <span class='ocrx_word' id='word_1_61' title='bbox 1781 1229 1896 1282; x_wconf 81' lang='grc' dir='ltr'><strong>οὐκ</strong></span> 
     </span>
    </p>
   </div>
   <div class='ocr_carea' id='block_1_12' title="bbox 389 1295 1748 1364">
    <p class='ocr_par' dir='ltr' id='par_1_12' title="bbox 389 1295 1748 1364">
     <span class='ocr_line' id='line_1_12' title="bbox 389 1295 1748 1364; baseline 0 -14"><span class='ocrx_word' id='word_1_62' title='bbox 389 1297 628 1360; x_wconf 77' lang='grc' dir='ltr'><strong>ἔξωθεν,</strong></span> <span class='ocrx_word' id='word_1_63' title='bbox 661 1297 800 1350; x_wconf 74' lang='grc' dir='ltr'><strong>ἀλλ’</strong></span> <span class='ocrx_word' id='word_1_64' title='bbox 825 1297 896 1351; x_wconf 80' lang='grc' dir='ltr'>ἐκ</span> <span class='ocrx_word' id='word_1_65' title='bbox 934 1295 1044 1364; x_wconf 82' lang='grc' dir='ltr'><strong>τῆς</strong></span> <span class='ocrx_word' id='word_1_66' title='bbox 1071 1296 1292 1362; x_wconf 79' lang='grc' dir='ltr'><strong>οὐσίας</strong></span> <span class='ocrx_word' id='word_1_67' title='bbox 1324 1296 1497 1350; x_wconf 76' lang='grc' dir='ltr'>ἐστὶν</span> <span class='ocrx_word' id='word_1_68' title='bbox 1531 1297 1748 1352; x_wconf 80' lang='grc' dir='ltr'><strong>αὑτοῦ.</strong></span> 
     </span>
    </p>
   </div>
   <div class='ocr_carea' id='block_1_13' title="bbox 569 1405 1634 1478">
    <p class='ocr_par' dir='ltr' id='par_1_13' title="bbox 569 1405 1634 1478">
     <span class='ocr_line' id='line_1_13' title="bbox 569 1405 1634 1478; baseline 0.003 -20"><span class='ocrx_word' id='word_1_69' title='bbox 569 1405 894 1472; x_wconf 75' lang='grc' dir='ltr'><strong>Ἀντίθεσις</strong></span> <span class='ocrx_word' id='word_1_70' title='bbox 933 1407 1012 1472; x_wconf 83' lang='grc' dir='ltr'><strong>ὠς</strong></span> <span class='ocrx_word' id='word_1_71' title='bbox 1048 1406 1118 1460; x_wconf 73' lang='grc' dir='ltr'>ἐκ</span> <span class='ocrx_word' id='word_1_72' title='bbox 1157 1407 1278 1462; x_wconf 77' lang='grc' dir='ltr'><strong>τῶν</strong></span> <span class='ocrx_word' id='word_1_73' title='bbox 1307 1409 1634 1478; x_wconf 76' lang='grc' dir='ltr'><strong>Εὐνόμιον.</strong></span> 
     </span>
    </p>
   </div>
   <div class='ocr_carea' id='block_1_14' title="bbox 378 1515 1894 1590">
    <p class='ocr_par' dir='ltr' id='par_1_14' title="bbox 378 1515 1894 1590">
     <span class='ocr_line' id='line_1_14' title="bbox 378 1515 1894 1590; baseline 0.001 -20"><span class='ocrx_word' id='word_1_74' title='bbox 378 1519 442 1571; x_wconf 82' lang='lat' dir='ltr'><strong>El</strong></span> <span class='ocrx_word' id='word_1_75' title='bbox 465 1517 660 1586; x_wconf 97' lang='grc' dir='ltr'><strong>Λόγος,</strong></span> <span class='ocrx_word' id='word_1_76' title='bbox 695 1519 884 1587; x_wconf 71' lang='grc' dir='ltr'><strong>φησιν,</strong></span> <span class='ocrx_word' id='word_1_77' title='bbox 910 1519 938 1571; x_wconf 90' lang='lat'><strong>6</strong></span> <span class='ocrx_word' id='word_1_78' title='bbox 967 1519 1092 1582; x_wconf 78' lang='grc' dir='ltr'><strong>Υἱός</strong></span> <span class='ocrx_word' id='word_1_79' title='bbox 1119 1521 1288 1587; x_wconf 73' lang='grc' dir='ltr'><strong>ἐστιν,</strong></span> <span class='ocrx_word' id='word_1_80' title='bbox 1333 1520 1619 1590; x_wconf 78' lang='grc' dir='ltr'><strong>όμοούσιον</strong></span> <span class='ocrx_word' id='word_1_81' title='bbox 1645 1521 1702 1574; x_wconf 78' lang='grc' dir='ltr'><strong>δὲ</strong></span> <span class='ocrx_word' id='word_1_82' title='bbox 1751 1515 1894 1574; x_wconf 77' lang='grc' dir='ltr'><strong>εἷναί</strong></span> 
     </span>
    </p>
   </div>
   <div class='ocr_carea' id='block_1_15' title="bbox 311 1607 1894 1680">
    <p class='ocr_par' dir='ltr' id='par_1_15' title="bbox 311 1607 1894 1680">
     <span class='ocr_line' id='line_1_15' title="bbox 311 1607 1894 1680; baseline 0.003 -22"><span class='ocrx_word' id='word_1_83' title='bbox 311 1624 447 1676; x_wconf 76' lang='grc' dir='ltr'>φατε</span> <span class='ocrx_word' id='word_1_84' title='bbox 465 1607 546 1677; x_wconf 81' lang='grc' dir='ltr'>τῷ</span> <span class='ocrx_word' id='word_1_85' title='bbox 573 1607 776 1678; x_wconf 75' lang='grc' dir='ltr'>Πατρὶ,</span> <span class='ocrx_word' id='word_1_86' title='bbox 817 1607 890 1676; x_wconf 81' lang='grc' dir='ltr'><strong>μὴ</strong></span> <span class='ocrx_word' id='word_1_87' title='bbox 937 1607 1292 1664; x_wconf 84' lang='grc' dir='ltr'>διαλλαττέτω</span> <span class='ocrx_word' id='word_1_88' title='bbox 1342 1611 1484 1664; x_wconf 75' lang='grc' dir='ltr'><strong>κατά</strong></span> <span class='ocrx_word' id='word_1_89' title='bbox 1532 1629 1583 1664; x_wconf 87' lang='grc' dir='ltr'><strong>τι</strong></span> <span class='ocrx_word' id='word_1_90' title='bbox 1635 1611 1768 1680; x_wconf 80' lang='grc' dir='ltr'><strong>γοῦν</strong></span> <span class='ocrx_word' id='word_1_91' title='bbox 1818 1611 1894 1673; x_wconf 84' lang='grc' dir='ltr'><strong>ὡς</strong></span> 
     </span>
    </p>
   </div>
   <div class='ocr_carea' id='block_1_16' title="bbox 312 1695 1892 1769">
    <p class='ocr_par' dir='ltr' id='par_1_16' title="bbox 312 1695 1892 1769">
     <span class='ocr_line' id='line_1_16' title="bbox 312 1695 1892 1769; baseline 0.001 -21"><span class='ocrx_word' id='word_1_92' title='bbox 312 1697 449 1767; x_wconf 78' lang='grc' dir='ltr'>πρὸς</span> <span class='ocrx_word' id='word_1_93' title='bbox 483 1697 654 1750; x_wconf 80' lang='grc' dir='ltr'><strong>αὐτόν</strong></span> <span class='ocrx_word' id='word_1_94' title='bbox 679 1713 695 1729; x_wconf 90' lang='grc'><strong>·</strong></span> <span class='ocrx_word' id='word_1_95' title='bbox 747 1695 890 1749; x_wconf 65' lang='grc' dir='ltr'>οὕτω</span> <span class='ocrx_word' id='word_1_96' title='bbox 931 1698 1036 1768; x_wconf 74' lang='grc' dir='ltr'><strong>γὰρ</strong></span> <span class='ocrx_word' id='word_1_97' title='bbox 1064 1697 1126 1750; x_wconf 76' lang='grc' dir='ltr'><strong>ἂν</strong></span> <span class='ocrx_word' id='word_1_98' title='bbox 1145 1698 1229 1769; x_wconf 79' lang='grc' dir='ltr'><strong>εἴη</strong></span> <span class='ocrx_word' id='word_1_99' title='bbox 1259 1700 1353 1752; x_wconf 74' lang='grc' dir='ltr'><strong>καὶ</strong></span> <span class='ocrx_word' id='word_1_100' title='bbox 1389 1699 1696 1769; x_wconf 75' lang='grc' dir='ltr'>όμουύσιος.</span> <span class='ocrx_word' id='word_1_101' title='bbox 1743 1700 1807 1752; x_wconf 83' lang='lat' dir='ltr'><strong>Ei</strong></span> <span class='ocrx_word' id='word_1_102' title='bbox 1837 1699 1892 1750; x_wconf 85' lang='grc' dir='ltr'><strong>δὲ</strong></span> 
     </span>
    </p>
   </div>
   <div class='ocr_carea' id='block_1_17' title="bbox 313 1787 1892 1860">
    <p class='ocr_par' dir='ltr' id='par_1_17' title="bbox 313 1787 1892 1860">
     <span class='ocr_line' id='line_1_17' title="bbox 313 1787 1892 1860; baseline -0.001 -20"><span class='ocrx_word' id='word_1_103' title='bbox 313 1788 502 1849; x_wconf 71' lang='grc' dir='ltr'><strong>τοῦτο,</strong></span> <span class='ocrx_word' id='word_1_104' title='bbox 531 1787 808 1840; x_wconf 82' lang='grc' dir='ltr'>καλείσθω</span> <span class='ocrx_word' id='word_1_105' title='bbox 835 1788 923 1840; x_wconf 70' lang='grc' dir='ltr'><strong>καὶ</strong></span> <span class='ocrx_word' id='word_1_106' title='bbox 953 1787 1088 1840; x_wconf 78' lang='grc' dir='ltr'>ἔστω</span> <span class='ocrx_word' id='word_1_107' title='bbox 1122 1789 1288 1856; x_wconf 83' lang='grc' dir='ltr'><strong>Λόγος</strong></span> <span class='ocrx_word' id='word_1_108' title='bbox 1317 1791 1412 1843; x_wconf 58' lang='grc' dir='ltr'><strong>καὶ¹</strong></span> <span class='ocrx_word' id='word_1_109' title='bbox 1441 1791 1470 1841; x_wconf 97' lang='lat'><strong>6</strong></span> <span class='ocrx_word' id='word_1_110' title='bbox 1509 1789 1724 1860; x_wconf 83' lang='grc' dir='ltr'>Πατήρ.</span> <span class='ocrx_word' id='word_1_111' title='bbox 1746 1787 1892 1841; x_wconf 80' lang='grc' dir='ltr'>Ἀλλ’</span> 
     </span>
    </p>
   </div>
   <div class='ocr_carea' id='block_1_18' title="bbox 2001 658 3566 728">
    <p class='ocr_par' dir='ltr' id='par_1_18' title="bbox 2001 658 3566 728">
     <span class='ocr_line' id='line_1_18' title="bbox 2001 658 3566 728; baseline 0.001 -17"><span class='ocrx_word' id='word_1_112' title='bbox 2001 661 2052 712; x_wconf 86' lang='lat' dir='ltr'><strong>in</strong></span> <span class='ocrx_word' id='word_1_113' title='bbox 2068 661 2324 728; x_wconf 88' lang='lat' dir='ltr'><strong>creando,</strong></span> <span class='ocrx_word' id='word_1_114' title='bbox 2347 667 2400 716; x_wconf 92' lang='lat' dir='ltr'><strong>ct</strong></span> <span class='ocrx_word' id='word_1_115' title='bbox 2435 660 2486 714; x_wconf 89' lang='lat' dir='ltr'><strong>in</strong></span> <span class='ocrx_word' id='word_1_116' title='bbox 2540 659 2844 728; x_wconf 72' lang='lat' dir='ltr'><strong>generando</strong></span> <span class='ocrx_word' id='word_1_117' title='bbox 2867 658 3058 714; x_wconf 89' lang='lat' dir='ltr'><strong>eodem</strong></span> <span class='ocrx_word' id='word_1_118' title='bbox 3097 659 3256 712; x_wconf 87' lang='lat' dir='ltr'><strong>modo</strong></span> <span class='ocrx_word' id='word_1_119' title='bbox 3291 671 3412 712; x_wconf 90' lang='lat' dir='ltr'><strong>sese</strong></span> <span class='ocrx_word' id='word_1_120' title='bbox 3467 658 3566 712; x_wconf 87' lang='lat' dir='ltr'><strong>ba-</strong></span> 
     </span>
    </p>
   </div>
   <div class='ocr_carea' id='block_1_19' title="bbox 1997 750 2144 804">
    <p class='ocr_par' dir='ltr' id='par_1_19' title="bbox 1997 750 2144 804">
     <span class='ocr_line' id='line_1_19' title="bbox 1997 750 2144 804; baseline 0 0"><span class='ocrx_word' id='word_1_121' title='bbox 1997 750 2144 804; x_wconf 82' lang='lat' dir='ltr'><strong>beat.</strong></span> 
     </span>
    </p>
   </div>
   <div class='ocr_carea' id='block_1_20' title="bbox 2325 877 3238 968">
    <p class='ocr_par' dir='ltr' id='par_1_20' title="bbox 2325 877 3238 968">
     <span class='ocr_line' id='line_1_20' title="bbox 2325 877 3238 968; baseline -0.002 -2"><span class='ocrx_word' id='word_1_122' title='bbox 2325 877 2896 968; x_wconf 76' lang='lat' dir='ltr'><strong>ASSEBTIO</strong></span> <span class='ocrx_word' id='word_1_123' title='bbox 2973 879 3238 966; x_wconf 82' lang='lat' dir='ltr'><strong>XIX.</strong></span> 
     </span>
    </p>
   </div>
   <div class='ocr_carea' id='block_1_21' title="bbox 1998 1023 3566 1093">
    <p class='ocr_par' dir='ltr' id='par_1_21' title="bbox 1998 1023 3566 1093">
     <span class='ocr_line' id='line_1_21' title="bbox 1998 1023 3566 1093; baseline 0 -15"><span class='ocrx_word' id='word_1_124' title='bbox 1998 1025 2258 1080; x_wconf 69' lang='lat' dir='ltr'><strong>Adversus</strong></span> <span class='ocrx_word' id='word_1_125' title='bbox 2281 1023 2534 1088; x_wconf 71' lang='lat' dir='ltr'><strong>dicentes,</strong></span> <span class='ocrx_word' id='word_1_126' title='bbox 2565 1025 2705 1093; x_wconf 80' lang='lat' dir='ltr'><strong>quod</strong></span> <span class='ocrx_word' id='word_1_127' title='bbox 2727 1023 2900 1078; x_wconf 75' lang='lat' dir='ltr'><strong>Filius</strong></span> <span class='ocrx_word' id='word_1_128' title='bbox 2925 1043 3028 1080; x_wconf 82' lang='lat' dir='ltr'><strong>non</strong></span> <span class='ocrx_word' id='word_1_129' title='bbox 3053 1027 3118 1080; x_wconf 77' lang='lat' dir='ltr'><strong>sit</strong></span> <span class='ocrx_word' id='word_1_130' title='bbox 3146 1042 3316 1080; x_wconf 73' lang='lat' dir='ltr'><strong>verum</strong></span> <span class='ocrx_word' id='word_1_131' title='bbox 3347 1023 3566 1080; x_wconf 76' lang='lat' dir='ltr'><strong>Verbum</strong></span> 
     </span>
    </p>
   </div>
   <div class='ocr_carea' id='block_1_22' title="bbox 2071 1093 3565 1164">
    <p class='ocr_par' dir='ltr' id='par_1_22' title="bbox 2071 1093 3565 1164">
     <span class='ocr_line' id='line_1_22' title="bbox 2071 1093 3565 1164; baseline 0.001 -18"><span class='ocrx_word' id='word_1_132' title='bbox 2071 1093 2252 1146; x_wconf 80' lang='lat' dir='ltr'><strong>Patris</strong></span> <span class='ocrx_word' id='word_1_133' title='bbox 2282 1111 2299 1148; x_wconf 89' lang='lat'><strong><em>:</em></strong></span> <span class='ocrx_word' id='word_1_134' title='bbox 2339 1093 2686 1164; x_wconf 15' lang='lat' dir='ltr'><strong>sedidiversus</strong></span> <span class='ocrx_word' id='word_1_135' title='bbox 2715 1095 2779 1146; x_wconf 85' lang='lat' dir='ltr'><strong>ab</strong></span> <span class='ocrx_word' id='word_1_136' title='bbox 2829 1098 2962 1160; x_wconf 78' lang='lat' dir='ltr'><strong>ipso,</strong></span> <span class='ocrx_word' id='word_1_137' title='bbox 2997 1107 3042 1148; x_wconf 83' lang='lat' dir='ltr'><strong>et</strong></span> <span class='ocrx_word' id='word_1_138' title='bbox 3065 1107 3385 1164; x_wconf 45' lang='grc' dir='ltr'><strong>εαξη-σηενξε</strong></span> <span class='ocrx_word' id='word_1_139' title='bbox 3411 1107 3565 1164; x_wconf 82' lang='lat' dir='ltr'><strong>atque</strong></span> 
     </span>
    </p>
   </div>
   <div class='ocr_carea' id='block_1_23' title="bbox 2071 1163 3568 1230">
    <p class='ocr_par' dir='ltr' id='par_1_23' title="bbox 2071 1163 3568 1230">
     <span class='ocr_line' id='line_1_23' title="bbox 2071 1163 3568 1230; baseline 0.001 -15"><span class='ocrx_word' id='word_1_140' title='bbox 2071 1167 2189 1216; x_wconf 79' lang='lat' dir='ltr'><strong>hinc</strong></span> <span class='ocrx_word' id='word_1_141' title='bbox 2217 1163 2566 1226; x_wconf 69' lang='lat' dir='ltr'><strong>concluditur,</strong></span> <span class='ocrx_word' id='word_1_142' title='bbox 2598 1165 2736 1228; x_wconf 84' lang='lat' dir='ltr'><strong>quod</strong></span> <span class='ocrx_word' id='word_1_143' title='bbox 2759 1166 3224 1218; x_wconf 78' lang='lat' dir='ltr'><strong>conmbslantiatis</strong></span> <span class='ocrx_word' id='word_1_144' title='bbox 3239 1165 3304 1218; x_wconf 76' lang='lat' dir='ltr'><strong>sit</strong></span> <span class='ocrx_word' id='word_1_145' title='bbox 3331 1163 3502 1230; x_wconf 80' lang='lat' dir='ltr'><strong>Patri,</strong></span> <span class='ocrx_word' id='word_1_146' title='bbox 3520 1173 3568 1218; x_wconf 81' lang='lat' dir='ltr'><strong>et</strong></span> 
     </span>
    </p>
   </div>
   <div class='ocr_carea' id='block_1_24' title="bbox 2073 1233 3208 1300">
    <p class='ocr_par' dir='ltr' id='par_1_24' title="bbox 2073 1233 3208 1300">
     <span class='ocr_line' id='line_1_24' title="bbox 2073 1233 3208 1300; baseline 0.001 -14"><span class='ocrx_word' id='word_1_147' title='bbox 2073 1249 2174 1286; x_wconf 81' lang='lat' dir='ltr'><strong>non</strong></span> <span class='ocrx_word' id='word_1_148' title='bbox 2205 1233 2548 1294; x_wconf 68' lang='lat' dir='ltr'><strong>extrinsecus,</strong></span> <span class='ocrx_word' id='word_1_149' title='bbox 2577 1234 2666 1284; x_wconf 77' lang='lat' dir='ltr'><strong>sed</strong></span> <span class='ocrx_word' id='word_1_150' title='bbox 2683 1247 2746 1285; x_wconf 78' lang='grc' dir='ltr'><strong>ια</strong></span> <span class='ocrx_word' id='word_1_151' title='bbox 2763 1234 2928 1300; x_wconf 77' lang='lat' dir='ltr'><strong>ipsius</strong></span> <span class='ocrx_word' id='word_1_152' title='bbox 2961 1238 3208 1288; x_wconf 79' lang='lat' dir='ltr'><strong>essentia.</strong></span> 
     </span>
    </p>
   </div>
   <div class='ocr_carea' id='block_1_25' title="bbox 2531 1401 3104 1474">
    <p class='ocr_par' dir='ltr' id='par_1_25' title="bbox 2531 1401 3104 1474">
     <span class='ocr_line' id='line_1_25' title="bbox 2531 1401 3104 1474; baseline -0.005 -16"><span class='ocrx_word' id='word_1_153' title='bbox 2531 1403 2774 1474; x_wconf 83' lang='lat' dir='ltr'><strong>Objectio</strong></span> <span class='ocrx_word' id='word_1_154' title='bbox 2831 1401 3104 1462; x_wconf 76' lang='lat' dir='ltr'><strong>Eunomii.</strong></span> 
     </span>
    </p>
   </div>
   <div class='ocr_carea' id='block_1_26' title="bbox 2067 1513 3572 1606">
    <p class='ocr_par' dir='ltr' id='par_1_26' title="bbox 2067 1513 3572 1606">
     <span class='ocr_line' id='line_1_26' title="bbox 2067 1513 3572 1606; baseline -0.003 -30"><span class='ocrx_word' id='word_1_155' title='bbox 2067 1521 2124 1576; x_wconf 87' lang='lat' dir='ltr'><strong>Si</strong></span> <span class='ocrx_word' id='word_1_156' title='bbox 2161 1520 2362 1606; x_wconf 63' lang='lat' dir='ltr'><strong>Filius.</strong></span> <span class='ocrx_word' id='word_1_157' title='bbox 2415 1519 2610 1587; x_wconf 77' lang='lat' dir='ltr'><strong>inquit,</strong></span> <span class='ocrx_word' id='word_1_158' title='bbox 2660 1525 2746 1571; x_wconf 91' lang='lat' dir='ltr'><strong>est</strong></span> <span class='ocrx_word' id='word_1_159' title='bbox 2801 1515 3060 1580; x_wconf 87' lang='lat' dir='ltr'><strong>Verbum,</strong></span> <span class='ocrx_word' id='word_1_160' title='bbox 3109 1513 3572 1572; x_wconf 83' lang='lat' dir='ltr'><strong>consubstantiale</strong></span> 
     </span>
    </p>
   </div>
   <div class='ocr_carea' id='block_1_27' title="bbox 1997 1607 3570 1676">
    <p class='ocr_par' dir='ltr' id='par_1_27' title="bbox 1997 1607 3570 1676">
     <span class='ocr_line' id='line_1_27' title="bbox 1997 1607 3570 1676; baseline -0.001 -10"><span class='ocrx_word' id='word_1_161' title='bbox 1997 1627 2126 1667; x_wconf 88' lang='lat' dir='ltr'><strong>vero</strong></span> <span class='ocrx_word' id='word_1_162' title='bbox 2158 1612 2210 1665; x_wconf 92' lang='lat' dir='ltr'><strong>id</strong></span> <span class='ocrx_word' id='word_1_163' title='bbox 2243 1626 2362 1666; x_wconf 87' lang='lat' dir='ltr'><strong>esse</strong></span> <span class='ocrx_word' id='word_1_164' title='bbox 2393 1611 2569 1666; x_wconf 78' lang='lat' dir='ltr'><strong>dicitis</strong></span> <span class='ocrx_word' id='word_1_165' title='bbox 2595 1608 2743 1662; x_wconf 86' lang='lat' dir='ltr'><strong>Patri</strong></span> <span class='ocrx_word' id='word_1_166' title='bbox 2773 1623 2788 1660; x_wconf 85' lang='lat'><strong>:</strong></span> <span class='ocrx_word' id='word_1_167' title='bbox 2823 1607 2972 1662; x_wconf 88' lang='lat' dir='ltr'><strong>nulla</strong></span> <span class='ocrx_word' id='word_1_168' title='bbox 3013 1607 3178 1676; x_wconf 75' lang='lat' dir='ltr'><strong>igitur</strong></span> <span class='ocrx_word' id='word_1_169' title='bbox 3204 1607 3256 1660; x_wconf 94' lang='lat' dir='ltr'><strong>in</strong></span> <span class='ocrx_word' id='word_1_170' title='bbox 3313 1619 3466 1676; x_wconf 90' lang='lat' dir='ltr'><strong>parte</strong></span> <span class='ocrx_word' id='word_1_171' title='bbox 3501 1609 3570 1664; x_wconf 85' lang='lat' dir='ltr'><strong>ab</strong></span> 
     </span>
    </p>
   </div>
   <div class='ocr_carea' id='block_1_28' title="bbox 1995 1697 3569 1764">
    <p class='ocr_par' dir='ltr' id='par_1_28' title="bbox 1995 1697 3569 1764">
     <span class='ocr_line' id='line_1_28' title="bbox 1995 1697 3569 1764; baseline -0.003 -6"><span class='ocrx_word' id='word_1_172' title='bbox 1995 1717 2060 1758; x_wconf 90' lang='lat' dir='ltr'><strong>eo</strong></span> <span class='ocrx_word' id='word_1_173' title='bbox 2093 1701 2332 1758; x_wconf 85' lang='lat' dir='ltr'><strong>dill&#39;erat:</strong></span> <span class='ocrx_word' id='word_1_174' title='bbox 2369 1703 2438 1756; x_wconf 86' lang='lat' dir='ltr'><strong>ita</strong></span> <span class='ocrx_word' id='word_1_175' title='bbox 2464 1701 2606 1756; x_wconf 86' lang='lat' dir='ltr'><strong>enim</strong></span> <span class='ocrx_word' id='word_1_176' title='bbox 2667 1699 3142 1756; x_wconf 87' lang='lat' dir='ltr'><strong>consubstantialis</strong></span> <span class='ocrx_word' id='word_1_177' title='bbox 3193 1697 3370 1752; x_wconf 80' lang='lat' dir='ltr'><strong>fuerit.</strong></span> <span class='ocrx_word' id='word_1_178' title='bbox 3413 1697 3569 1764; x_wconf 87' lang='lat' dir='ltr'><strong>Quod</strong></span> 
     </span>
    </p>
   </div>
   <div class='ocr_carea' id='block_1_29' title="bbox 1995 1789 3568 1856">
    <p class='ocr_par' dir='ltr' id='par_1_29' title="bbox 1995 1789 3568 1856">
     <span class='ocr_line' id='line_1_29' title="bbox 1995 1789 3568 1856; baseline -0.003 -7"><span class='ocrx_word' id='word_1_179' title='bbox 1995 1797 2039 1850; x_wconf 90' lang='lat' dir='ltr'><strong>si</strong></span> <span class='ocrx_word' id='word_1_180' title='bbox 2071 1795 2143 1848; x_wconf 89' lang='lat' dir='ltr'><strong>ita</strong></span> <span class='ocrx_word' id='word_1_181' title='bbox 2173 1801 2278 1856; x_wconf 89' lang='lat' dir='ltr'><strong>est,</strong></span> <span class='ocrx_word' id='word_1_182' title='bbox 2313 1801 2536 1847; x_wconf 79' lang='lat' dir='ltr'><strong>vocetur</strong></span> <span class='ocrx_word' id='word_1_183' title='bbox 2564 1801 2618 1846; x_wconf 92' lang='lat' dir='ltr'><strong>ct</strong></span> <span class='ocrx_word' id='word_1_184' title='bbox 2665 1791 2737 1845; x_wconf 85' lang='lat' dir='ltr'><strong>sit</strong></span> <span class='ocrx_word' id='word_1_185' title='bbox 2765 1791 2996 1846; x_wconf 81' lang='lat' dir='ltr'><strong>Verbum</strong></span> <span class='ocrx_word' id='word_1_186' title='bbox 3027 1791 3190 1844; x_wconf 86' lang='lat' dir='ltr'><strong>etiam</strong></span> <span class='ocrx_word' id='word_1_187' title='bbox 3231 1789 3409 1844; x_wconf 84' lang='lat' dir='ltr'><strong>Pater.</strong></span> <span class='ocrx_word' id='word_1_188' title='bbox 3459 1789 3568 1844; x_wconf 87' lang='lat' dir='ltr'><strong>Sed</strong></span> 
     </span>
    </p>
   </div>
   <div class='ocr_carea' id='block_1_30' title="bbox 321 1877 1876 1962">
    <p class='ocr_par' dir='ltr' id='par_1_30' title="bbox 321 1877 1876 1952">
     <span class='ocr_line' id='line_1_30' title="bbox 321 1877 1876 1952; baseline 0.003 -23"><span class='ocrx_word' id='word_1_189' title='bbox 321 1879 383 1930; x_wconf 80' lang='grc' dir='ltr'>οὺ</span> <span class='ocrx_word' id='word_1_190' title='bbox 417 1877 778 1949; x_wconf 69' lang='grc' dir='ltr'><strong>παραδέξεται</strong></span> <span class='ocrx_word' id='word_1_191' title='bbox 819 1878 970 1932; x_wconf 82' lang='grc' dir='ltr'><strong>τοῦτο</strong></span> <span class='ocrx_word' id='word_1_192' title='bbox 1005 1879 1102 1950; x_wconf 83' lang='grc' dir='ltr'><strong>τῆς</strong></span> <span class='ocrx_word' id='word_1_193' title='bbox 1146 1879 1294 1943; x_wconf 84' lang='grc' dir='ltr'><strong>θείας</strong></span> <span class='ocrx_word' id='word_1_194' title='bbox 1324 1881 1549 1952; x_wconf 81' lang='grc' dir='ltr'>Γραφῆς</span> <span class='ocrx_word' id='word_1_195' title='bbox 1595 1883 1624 1933; x_wconf 92' lang='grc' dir='ltr'><strong>ό</strong></span> <span class='ocrx_word' id='word_1_196' title='bbox 1659 1881 1876 1946; x_wconf 70' lang='grc' dir='ltr'><strong>σκοπὸς1</strong></span> 
     </span>
    </p>
   </div>
   <div class='ocr_carea' id='block_1_31' title="bbox 1980 1877 3566 1962">
    <p class='ocr_par' dir='ltr' id='par_1_31' title="bbox 1993 1881 3566 1960">
     <span class='ocr_line' id='line_1_31' title="bbox 1993 1881 3566 1960; baseline -0.003 -19"><span class='ocrx_word' id='word_1_197' title='bbox 1993 1886 2184 1942; x_wconf 62' lang='lat' dir='ltr'><strong>divina</strong></span> <span class='ocrx_word' id='word_1_198' title='bbox 2219 1883 2512 1960; x_wconf 69' lang='lat' dir='ltr'><strong>Scriptura:</strong></span> <span class='ocrx_word' id='word_1_199' title='bbox 2551 1897 2766 1950; x_wconf 83' lang='lat' dir='ltr'><strong>scopus,</strong></span> <span class='ocrx_word' id='word_1_200' title='bbox 2809 1891 2862 1934; x_wconf 87' lang='lat' dir='ltr'><strong>et</strong></span> <span class='ocrx_word' id='word_1_201' title='bbox 2915 1891 3226 1936; x_wconf 84' lang='lat' dir='ltr'><strong>sanctorum</strong></span> <span class='ocrx_word' id='word_1_202' title='bbox 3281 1881 3566 1950; x_wconf 84' lang='lat' dir='ltr'><strong>apostolo-</strong></span> 
     </span>
    </p>
   </div>
   <div class='ocr_carea' id='block_1_32' title="bbox 325 1969 1888 2042">
    <p class='ocr_par' dir='ltr' id='par_1_32' title="bbox 325 1969 1888 2042">
     <span class='ocr_line' id='line_1_32' title="bbox 325 1969 1888 2042; baseline 0.003 -22"><span class='ocrx_word' id='word_1_203' title='bbox 325 1969 544 2022; x_wconf 74' lang='grc' dir='ltr'>καὶτῶν</span> <span class='ocrx_word' id='word_1_204' title='bbox 576 1969 737 2036; x_wconf 81' lang='grc' dir='ltr'>ἁγίων</span> <span class='ocrx_word' id='word_1_205' title='bbox 761 1969 1066 2022; x_wconf 80' lang='grc' dir='ltr'><strong>ἀποστόλων</strong></span> <span class='ocrx_word' id='word_1_206' title='bbox 1095 1971 1154 2023; x_wconf 80' lang='grc' dir='ltr'>τὺ</span> <span class='ocrx_word' id='word_1_207' title='bbox 1189 1973 1470 2042; x_wconf 78' lang='grc' dir='ltr'><strong>κήρυγμα.</strong></span> <span class='ocrx_word' id='word_1_208' title='bbox 1525 1973 1746 2042; x_wconf 83' lang='grc' dir='ltr'><strong>Πατέρα</strong></span> <span class='ocrx_word' id='word_1_209' title='bbox 1776 1972 1888 2042; x_wconf 83' lang='grc' dir='ltr'><strong>γὰρ</strong></span> 
     </span>
    </p>
   </div>
   <div class='ocr_carea' id='block_1_33' title="bbox 321 2045 1890 2130">
    <p class='ocr_par' dir='ltr' id='par_1_33' title="bbox 321 2045 1890 2130">
     <span class='ocr_line' id='line_1_33' title="bbox 321 2045 1890 2130; baseline 0.003 -19"><span class='ocrx_word' id='word_1_210' title='bbox 321 2055 424 2111; x_wconf 71' lang='grc' dir='ltr'><strong>οἵδε</strong></span> <span class='ocrx_word' id='word_1_211' title='bbox 452 2061 542 2112; x_wconf 81' lang='grc' dir='ltr'><strong>τόν</strong></span> <span class='ocrx_word' id='word_1_212' title='bbox 585 2060 794 2129; x_wconf 79' lang='grc' dir='ltr'>Πατέρα</span> <span class='ocrx_word' id='word_1_213' title='bbox 825 2045 918 2112; x_wconf 73' lang='grc' dir='ltr'>καὶ</span> <span class='ocrx_word' id='word_1_214' title='bbox 949 2062 1050 2130; x_wconf 78' lang='grc' dir='ltr'><strong>οὐχ</strong></span> <span class='ocrx_word' id='word_1_215' title='bbox 1071 2062 1200 2114; x_wconf 81' lang='grc' dir='ltr'><strong>Υἱόν</strong></span> <span class='ocrx_word' id='word_1_216' title='bbox 1216 2079 1230 2092; x_wconf 73' lang='grc' dir='ltr'><strong>ο</strong></span> <span class='ocrx_word' id='word_1_217' title='bbox 1257 2063 1352 2115; x_wconf 79' lang='grc' dir='ltr'><strong>καὶ</strong></span> <span class='ocrx_word' id='word_1_218' title='bbox 1381 2064 1539 2116; x_wconf 77' lang='grc' dir='ltr'>πάλιν</span> <span class='ocrx_word' id='word_1_219' title='bbox 1565 2063 1654 2116; x_wconf 75' lang='grc' dir='ltr'><strong>τὸν</strong></span> <span class='ocrx_word' id='word_1_220' title='bbox 1678 2063 1806 2116; x_wconf 84' lang='grc' dir='ltr'><strong>Υίόν</strong></span> <span class='ocrx_word' id='word_1_221' title='bbox 1827 2065 1890 2116; x_wconf 80' lang='grc' dir='ltr'><strong>ἐν</strong></span> 
     </span>
    </p>
   </div>
   <div class='ocr_carea' id='block_1_34' title="bbox 310 2150 1886 2223">
    <p class='ocr_par' dir='ltr' id='par_1_34' title="bbox 310 2150 1886 2223">
     <span class='ocr_line' id='line_1_34' title="bbox 310 2150 1886 2223; baseline 0.005 -22"><span class='ocrx_word' id='word_1_222' title='bbox 310 2151 442 2222; x_wconf 83' lang='grc' dir='ltr'><strong>μόνῃ</strong></span> <span class='ocrx_word' id='word_1_223' title='bbox 475 2153 539 2220; x_wconf 81' lang='grc' dir='ltr'><strong>τῇ</strong></span> <span class='ocrx_word' id='word_1_224' title='bbox 567 2150 657 2202; x_wconf 82' lang='grc' dir='ltr'><strong>τοῦ</strong></span> <span class='ocrx_word' id='word_1_225' title='bbox 693 2151 823 2203; x_wconf 87' lang='grc' dir='ltr'><strong>Υίοῦ</strong></span> <span class='ocrx_word' id='word_1_226' title='bbox 851 2153 1202 2223; x_wconf 71' lang='grc' dir='ltr'>προσηγορία</span> <span class='ocrx_word' id='word_1_227' title='bbox 1231 2157 1388 2222; x_wconf 84' lang='grc' dir='ltr'><strong>τηρεῖ</strong></span> <span class='ocrx_word' id='word_1_228' title='bbox 1407 2193 1423 2218; x_wconf 90' lang='grc'><strong>,</strong></span> <span class='ocrx_word' id='word_1_229' title='bbox 1467 2156 1564 2207; x_wconf 83' lang='grc' dir='ltr'>οὐκ</span> <span class='ocrx_word' id='word_1_230' title='bbox 1603 2155 1749 2209; x_wconf 82' lang='grc' dir='ltr'>ὲῶσα</span> <span class='ocrx_word' id='word_1_231' title='bbox 1779 2171 1886 2208; x_wconf 87' lang='grc' dir='ltr'><strong>κα-</strong></span> 
     </span>
    </p>
   </div>
   <div class='ocr_carea' id='block_1_35' title="bbox 297 2239 1886 2314">
    <p class='ocr_par' dir='ltr' id='par_1_35' title="bbox 297 2239 1886 2314">
     <span class='ocr_line' id='line_1_35' title="bbox 297 2239 1886 2314; baseline 0.006 -25"><span class='ocrx_word' id='word_1_232' title='bbox 297 2239 508 2292; x_wconf 81' lang='grc' dir='ltr'>λεῖσθαι</span> <span class='ocrx_word' id='word_1_233' title='bbox 538 2241 662 2293; x_wconf 78' lang='grc' dir='ltr'><strong>οὐδὲ</strong></span> <span class='ocrx_word' id='word_1_234' title='bbox 694 2239 835 2293; x_wconf 76' lang='grc' dir='ltr'><strong>εἶναι</strong></span> <span class='ocrx_word' id='word_1_235' title='bbox 861 2241 1092 2310; x_wconf 78' lang='grc' dir='ltr'><strong>Πατέρα</strong></span> <span class='ocrx_word' id='word_1_236' title='bbox 1111 2258 1126 2271; x_wconf 72' lang='grc' dir='ltr'><strong>ο</strong></span> <span class='ocrx_word' id='word_1_237' title='bbox 1156 2243 1346 2312; x_wconf 69' lang='grc' dir='ltr'><strong>ἔτερος</strong></span> <span class='ocrx_word' id='word_1_238' title='bbox 1397 2245 1502 2314; x_wconf 77' lang='grc' dir='ltr'>ἄρα</span> <span class='ocrx_word' id='word_1_239' title='bbox 1548 2245 1674 2314; x_wconf 83' lang='grc' dir='ltr'>παρ’</span> <span class='ocrx_word' id='word_1_240' title='bbox 1724 2245 1886 2298; x_wconf 79' lang='grc' dir='ltr'><strong>αὐτόν</strong></span> 
     </span>
    </p>
   </div>
   <div class='ocr_carea' id='block_1_36' title="bbox 297 2331 1888 2402">
    <p class='ocr_par' dir='ltr' id='par_1_36' title="bbox 297 2331 1888 2402">
     <span class='ocr_line' id='line_1_36' title="bbox 297 2331 1888 2402; baseline 0.004 -20"><span class='ocrx_word' id='word_1_241' title='bbox 297 2331 417 2382; x_wconf 82' lang='grc' dir='ltr'>ἐστι</span> <span class='ocrx_word' id='word_1_242' title='bbox 447 2332 547 2383; x_wconf 60' lang='grc' dir='ltr'><strong>καὶ¹</strong></span> <span class='ocrx_word' id='word_1_243' title='bbox 589 2331 894 2401; x_wconf 82' lang='grc' dir='ltr'><strong>διεστηκὼς</strong></span> <span class='ocrx_word' id='word_1_244' title='bbox 943 2331 1090 2384; x_wconf 74' lang='grc' dir='ltr'>κατὰ</span> <span class='ocrx_word' id='word_1_245' title='bbox 1117 2333 1218 2402; x_wconf 77' lang='grc' dir='ltr'><strong>τὴν</strong></span> <span class='ocrx_word' id='word_1_246' title='bbox 1250 2333 1458 2387; x_wconf 77' lang='grc' dir='ltr'>οὐσίαν.</span> <span class='ocrx_word' id='word_1_247' title='bbox 1510 2335 1718 2388; x_wconf 77' lang='grc' dir='ltr'>Οὐκοῦν</span> <span class='ocrx_word' id='word_1_248' title='bbox 1769 2335 1888 2388; x_wconf 76' lang='grc' dir='ltr'><strong>οὐδὲ</strong></span> 
     </span>
    </p>
   </div>
   <div class='ocr_carea' id='block_1_37' title="bbox 305 2421 1892 2494">
    <p class='ocr_par' dir='ltr' id='par_1_37' title="bbox 305 2421 1892 2494">
     <span class='ocr_line' id='line_1_37' title="bbox 305 2421 1892 2494; baseline 0.002 -18"><span class='ocrx_word' id='word_1_249' title='bbox 305 2422 484 2490; x_wconf 85' lang='grc' dir='ltr'><strong>Λόγος</strong></span> <span class='ocrx_word' id='word_1_250' title='bbox 507 2421 790 2492; x_wconf 74' lang='grc' dir='ltr'><strong>ἀληθινὸς,</strong></span> <span class='ocrx_word' id='word_1_251' title='bbox 819 2421 942 2474; x_wconf 76' lang='grc' dir='ltr'><strong>οὐδὲ</strong></span> <span class='ocrx_word' id='word_1_252' title='bbox 975 2421 1035 2486; x_wconf 70' lang='grc' dir='ltr'>ἐξ</span> <span class='ocrx_word' id='word_1_253' title='bbox 1054 2421 1216 2474; x_wconf 78' lang='grc' dir='ltr'>αὐτοῦ</span> <span class='ocrx_word' id='word_1_254' title='bbox 1250 2423 1523 2494; x_wconf 81' lang='grc' dir='ltr'>προελθὼν</span> <span class='ocrx_word' id='word_1_255' title='bbox 1549 2427 1578 2477; x_wconf 91' lang='lat'><strong>6</strong></span> <span class='ocrx_word' id='word_1_256' title='bbox 1609 2425 1766 2492; x_wconf 82' lang='grc' dir='ltr'>φύσει</span> <span class='ocrx_word' id='word_1_257' title='bbox 1799 2442 1892 2494; x_wconf 84' lang='grc' dir='ltr'><strong>με·-</strong></span> 
     </span>
    </p>
   </div>
   <div class='ocr_carea' id='block_1_38' title="bbox 305 2514 677 2586">
    <p class='ocr_par' dir='ltr' id='par_1_38' title="bbox 305 2514 677 2586">
     <span class='ocr_line' id='line_1_38' title="bbox 305 2514 677 2586; baseline 0.003 -19"><span class='ocrx_word' id='word_1_258' title='bbox 305 2514 677 2586; x_wconf 84' lang='grc' dir='ltr'><strong>μερισμένος.</strong></span> 
     </span>
    </p>
   </div>
   <div class='ocr_carea' id='block_1_39' title="bbox 815 2626 1402 2694">
    <p class='ocr_par' dir='ltr' id='par_1_39' title="bbox 815 2626 1402 2694">
     <span class='ocr_line' id='line_1_39' title="bbox 815 2626 1402 2694; baseline 0.002 -14"><span class='ocrx_word' id='word_1_259' title='bbox 815 2627 974 2694; x_wconf 68' lang='grc' dir='ltr'>Πρός</span> <span class='ocrx_word' id='word_1_260' title='bbox 1005 2626 1177 2680; x_wconf 83' lang='grc' dir='ltr'><strong>τοῦτο</strong></span> <span class='ocrx_word' id='word_1_261' title='bbox 1199 2627 1402 2692; x_wconf 79' lang='grc' dir='ltr'>λύσις.</span> 
     </span>
    </p>
   </div>
   <div class='ocr_carea' id='block_1_40' title="bbox 359 2731 1886 2810">
    <p class='ocr_par' dir='ltr' id='par_1_40' title="bbox 359 2731 1886 2810">
     <span class='ocr_line' id='line_1_40' title="bbox 359 2731 1886 2810; baseline 0.003 -20"><span class='ocrx_word' id='word_1_262' title='bbox 359 2737 474 2790; x_wconf 83' lang='grc' dir='ltr'><strong>Καὶ</strong></span> <span class='ocrx_word' id='word_1_263' title='bbox 512 2736 620 2790; x_wconf 82' lang='grc' dir='ltr'><strong>ποῦ</strong></span> <span class='ocrx_word' id='word_1_264' title='bbox 651 2737 744 2790; x_wconf 80' lang='grc' dir='ltr'><strong>τὸν</strong></span> <span class='ocrx_word' id='word_1_265' title='bbox 787 2736 1060 2807; x_wconf 73' lang='grc' dir='ltr'><strong>Ἰωάννην,</strong></span> <span class='ocrx_word' id='word_1_266' title='bbox 1093 2731 1138 2790; x_wconf 84' lang='grc' dir='ltr'>ὧ</span> <span class='ocrx_word' id='word_1_267' title='bbox 1169 2737 1431 2807; x_wconf 83' lang='grc' dir='ltr'><strong>βέλτιστε,</strong></span> <span class='ocrx_word' id='word_1_268' title='bbox 1475 2739 1678 2808; x_wconf 77' lang='grc' dir='ltr'><strong>θήσεις,</strong></span> <span class='ocrx_word' id='word_1_269' title='bbox 1707 2740 1886 2810; x_wconf 84' lang='grc' dir='ltr'><strong>Λόγον</strong></span> 
     </span>
    </p>
   </div>
   <div class='ocr_carea' id='block_1_41' title="bbox 290 2827 1884 2902">
    <p class='ocr_par' dir='ltr' id='par_1_41' title="bbox 290 2827 1884 2902">
     <span class='ocr_line' id='line_1_41' title="bbox 290 2827 1884 2902; baseline 0.003 -21"><span class='ocrx_word' id='word_1_270' title='bbox 290 2827 675 2882; x_wconf 78' lang='grc' dir='ltr'><strong>ἀποκαλοῦντα</strong></span> <span class='ocrx_word' id='word_1_271' title='bbox 708 2828 802 2880; x_wconf 87' lang='grc' dir='ltr'><strong>τὸν</strong></span> <span class='ocrx_word' id='word_1_272' title='bbox 825 2827 974 2892; x_wconf 82' lang='grc' dir='ltr'>Υίὸν,</span> <span class='ocrx_word' id='word_1_273' title='bbox 1007 2829 1099 2881; x_wconf 74' lang='grc' dir='ltr'><strong>καὶ</strong></span> <span class='ocrx_word' id='word_1_274' title='bbox 1120 2828 1322 2898; x_wconf 80' lang='grc' dir='ltr'><strong>ταύτην</strong></span> <span class='ocrx_word' id='word_1_275' title='bbox 1351 2829 1496 2898; x_wconf 78' lang='grc' dir='ltr'>αὐτῷ</span> <span class='ocrx_word' id='word_1_276' title='bbox 1539 2831 1884 2902; x_wconf 79' lang='grc' dir='ltr'><strong>κυριωτάτην</strong></span> 
     </span>
    </p>
   </div>
   <div class='ocr_carea' id='block_1_42' title="bbox 293 2919 1881 2994">
    <p class='ocr_par' dir='ltr' id='par_1_42' title="bbox 293 2919 1881 2994">
     <span class='ocr_line' id='line_1_42' title="bbox 293 2919 1881 2994; baseline 0.003 -20"><span class='ocrx_word' id='word_1_277' title='bbox 293 2920 616 2974; x_wconf 68' lang='grc' dir='ltr'><strong>ἀνατιθέντα</strong></span> <span class='ocrx_word' id='word_1_278' title='bbox 641 2919 742 2990; x_wconf 84' lang='grc' dir='ltr'><strong>τὴν</strong></span> <span class='ocrx_word' id='word_1_279' title='bbox 762 2920 1084 2989; x_wconf 75' lang='grc' dir='ltr'><strong>ἐπωνυμίαν</strong></span> <span class='ocrx_word' id='word_1_280' title='bbox 1109 2921 1200 2974; x_wconf 81' lang='grc' dir='ltr'><strong>καὶ</strong></span> <span class='ocrx_word' id='word_1_281' title='bbox 1227 2920 1328 2989; x_wconf 86' lang='grc' dir='ltr'><strong>τῆς</strong></span> <span class='ocrx_word' id='word_1_282' title='bbox 1349 2921 1538 2985; x_wconf 79' lang='grc' dir='ltr'>οὐσίας</span> <span class='ocrx_word' id='word_1_283' title='bbox 1577 2921 1744 2976; x_wconf 80' lang='grc' dir='ltr'>αὑτοῦ</span> <span class='ocrx_word' id='word_1_284' title='bbox 1774 2924 1881 2994; x_wconf 81' lang='grc' dir='ltr'><strong>μά-</strong></span> 
     </span>
    </p>
   </div>
   <div class='ocr_carea' id='block_1_43' title="bbox 297 3009 1880 3084">
    <p class='ocr_par' dir='ltr' id='par_1_43' title="bbox 297 3009 1880 3084">
     <span class='ocr_line' id='line_1_43' title="bbox 297 3009 1880 3084; baseline 0.001 -18"><span class='ocrx_word' id='word_1_285' title='bbox 297 3010 454 3066; x_wconf 86' lang='grc' dir='ltr'>λιστα</span> <span class='ocrx_word' id='word_1_286' title='bbox 514 3011 897 3082; x_wconf 76' lang='grc' dir='ltr'><strong>σημαντικήν;</strong></span> <span class='ocrx_word' id='word_1_287' title='bbox 941 3011 1142 3064; x_wconf 79' lang='grc' dir='ltr'>Φάσκει</span> <span class='ocrx_word' id='word_1_288' title='bbox 1199 3011 1342 3080; x_wconf 77' lang='grc' dir='ltr'><strong>γάρ’</strong></span> <span class='ocrx_word' id='word_1_289' title='bbox 1379 3031 1398 3063; x_wconf 77' lang='grc' dir='ltr'>ι</span> <span class='ocrx_word' id='word_1_290' title='bbox 1445 3014 1532 3066; x_wconf 86' lang='grc' dir='ltr'><strong>Ἐν</strong></span> <span class='ocrx_word' id='word_1_291' title='bbox 1567 3013 1710 3084; x_wconf 82' lang='grc' dir='ltr'><strong>ἀρχῇ</strong></span> <span class='ocrx_word' id='word_1_292' title='bbox 1757 3009 1880 3084; x_wconf 85' lang='grc' dir='ltr'><strong>ἦνό</strong></span> 
     </span>
    </p>
   </div>
   <div class='ocr_carea' id='block_1_44' title="bbox 306 3097 1881 3176">
    <p class='ocr_par' dir='ltr' id='par_1_44' title="bbox 306 3097 1881 3176">
     <span class='ocr_line' id='line_1_44' title="bbox 306 3097 1881 3176; baseline 0.003 -22"><span class='ocrx_word' id='word_1_293' title='bbox 306 3101 498 3168; x_wconf 86' lang='grc' dir='ltr'><strong>Λόγος,</strong></span> <span class='ocrx_word' id='word_1_294' title='bbox 529 3101 620 3154; x_wconf 64' lang='grc' dir='ltr'><strong>καὶ</strong></span> <span class='ocrx_word' id='word_1_295' title='bbox 645 3104 673 3154; x_wconf 90' lang='lat'><strong>6</strong></span> <span class='ocrx_word' id='word_1_296' title='bbox 701 3101 872 3168; x_wconf 82' lang='grc' dir='ltr'><strong>Λόγος</strong></span> <span class='ocrx_word' id='word_1_297' title='bbox 901 3097 970 3171; x_wconf 87' lang='grc' dir='ltr'><strong>ἦν</strong></span> <span class='ocrx_word' id='word_1_298' title='bbox 1003 3101 1139 3172; x_wconf 81' lang='grc' dir='ltr'>πρὸς</span> <span class='ocrx_word' id='word_1_299' title='bbox 1165 3100 1256 3154; x_wconf 85' lang='grc' dir='ltr'><strong>τὸν</strong></span> <span class='ocrx_word' id='word_1_300' title='bbox 1278 3101 1432 3168; x_wconf 81' lang='grc' dir='ltr'><strong>Θεὸν,</strong></span> <span class='ocrx_word' id='word_1_301' title='bbox 1471 3103 1564 3156; x_wconf 74' lang='grc' dir='ltr'><strong>καὶ</strong></span> <span class='ocrx_word' id='word_1_302' title='bbox 1591 3103 1727 3168; x_wconf 80' lang='grc' dir='ltr'><strong>Θεὸς</strong></span> <span class='ocrx_word' id='word_1_303' title='bbox 1756 3100 1824 3176; x_wconf 79' lang='grc' dir='ltr'><strong>ἦν</strong></span> <span class='ocrx_word' id='word_1_304' title='bbox 1853 3105 1881 3158; x_wconf 88' lang='lat'><strong>6</strong></span> 
     </span>
    </p>
   </div>
   <div class='ocr_carea' id='block_1_45' title="bbox 309 3189 1876 3266">
    <p class='ocr_par' dir='ltr' id='par_1_45' title="bbox 309 3189 1876 3266">
     <span class='ocr_line' id='line_1_45' title="bbox 309 3189 1876 3266; baseline 0.004 -24"><span class='ocrx_word' id='word_1_305' title='bbox 309 3189 500 3257; x_wconf 85' lang='grc' dir='ltr'><strong>Λόγος.</strong></span> <span class='ocrx_word' id='word_1_306' title='bbox 532 3209 550 3240; x_wconf 74' lang='grc' dir='ltr'><strong>ι</strong></span> <span class='ocrx_word' id='word_1_307' title='bbox 575 3191 731 3262; x_wconf 72' lang='grc' dir='ltr'>Ὁρᾷς</span> <span class='ocrx_word' id='word_1_308' title='bbox 765 3193 914 3254; x_wconf 79' lang='grc' dir='ltr'><strong>ὅπως</strong></span> <span class='ocrx_word' id='word_1_309' title='bbox 937 3192 1039 3261; x_wconf 86' lang='grc' dir='ltr'><strong>τῆς</strong></span> <span class='ocrx_word' id='word_1_310' title='bbox 1068 3193 1256 3256; x_wconf 80' lang='grc' dir='ltr'>οὐσίας</span> <span class='ocrx_word' id='word_1_311' title='bbox 1287 3193 1382 3246; x_wconf 73' lang='grc' dir='ltr'><strong>τοῦ</strong></span> <span class='ocrx_word' id='word_1_312' title='bbox 1421 3195 1552 3248; x_wconf 80' lang='grc' dir='ltr'><strong>Υἱοῦ</strong></span> <span class='ocrx_word' id='word_1_313' title='bbox 1591 3213 1876 3266; x_wconf 77' lang='grc' dir='ltr'>παραστα-</span> 
     </span>
    </p>
   </div>
   <div class='ocr_carea' id='block_1_46' title="bbox 310 3281 1876 3360">
    <p class='ocr_par' dir='ltr' id='par_1_46' title="bbox 310 3281 1876 3360">
     <span class='ocr_line' id='line_1_46' title="bbox 310 3281 1876 3360; baseline 0.004 -28"><span class='ocrx_word' id='word_1_314' title='bbox 310 3281 462 3334; x_wconf 83' lang='grc' dir='ltr'><strong>τικόν</strong></span> <span class='ocrx_word' id='word_1_315' title='bbox 502 3282 615 3334; x_wconf 78' lang='grc' dir='ltr'>ἐστι</span> <span class='ocrx_word' id='word_1_316' title='bbox 646 3281 908 3352; x_wconf 76' lang='grc' dir='ltr'><strong>τοῦνομα,</strong></span> <span class='ocrx_word' id='word_1_317' title='bbox 951 3283 1048 3335; x_wconf 80' lang='grc' dir='ltr'>καὶ</span> <span class='ocrx_word' id='word_1_318' title='bbox 1086 3283 1144 3335; x_wconf 80' lang='grc' dir='ltr'>τὸ</span> <span class='ocrx_word' id='word_1_319' title='bbox 1177 3283 1458 3338; x_wconf 80' lang='grc' dir='ltr'>καλεῖσθαι</span> <span class='ocrx_word' id='word_1_320' title='bbox 1497 3285 1692 3354; x_wconf 81' lang='grc' dir='ltr'><strong>Λόγον,</strong></span> <span class='ocrx_word' id='word_1_321' title='bbox 1738 3287 1876 3360; x_wconf 78' lang='grc' dir='ltr'><strong>ὅπερ</strong></span> 
     </span>
    </p>
   </div>
   <div class='ocr_carea' id='block_1_47' title="bbox 307 3371 1880 3448">
    <p class='ocr_par' dir='ltr' id='par_1_47' title="bbox 307 3371 1880 3448">
     <span class='ocr_line' id='line_1_47' title="bbox 307 3371 1880 3448; baseline 0.004 -25"><span class='ocrx_word' id='word_1_322' title='bbox 307 3371 424 3423; x_wconf 70' lang='grc' dir='ltr'>ἐστὶ</span> <span class='ocrx_word' id='word_1_323' title='bbox 457 3371 596 3424; x_wconf 74' lang='grc' dir='ltr'>κατὰ</span> <span class='ocrx_word' id='word_1_324' title='bbox 619 3372 769 3439; x_wconf 73' lang='grc' dir='ltr'><strong>φύσιν</strong></span> <span class='ocrx_word' id='word_1_325' title='bbox 803 3373 1080 3444; x_wconf 82' lang='grc' dir='ltr'><strong>σημαίνει.</strong></span> <span class='ocrx_word' id='word_1_326' title='bbox 1109 3373 1242 3438; x_wconf 84' lang='grc' dir='ltr'><strong>Θεὸς</strong></span> <span class='ocrx_word' id='word_1_327' title='bbox 1277 3374 1385 3446; x_wconf 80' lang='grc' dir='ltr'><strong>γὰρ</strong></span> <span class='ocrx_word' id='word_1_328' title='bbox 1409 3371 1476 3446; x_wconf 76' lang='grc' dir='ltr'><strong>ἦν</strong></span> <span class='ocrx_word' id='word_1_329' title='bbox 1503 3379 1530 3428; x_wconf 98' lang='lat'><strong>6</strong></span> <span class='ocrx_word' id='word_1_330' title='bbox 1557 3377 1750 3444; x_wconf 82' lang='grc' dir='ltr'><strong>Λόγος,</strong></span> <span class='ocrx_word' id='word_1_331' title='bbox 1775 3393 1880 3448; x_wconf 75' lang='grc' dir='ltr'><strong>φη-</strong></span> 
     </span>
    </p>
   </div>
   <div class='ocr_carea' id='block_1_48' title="bbox 239 3453 1876 3538">
    <p class='ocr_par' dir='ltr' id='par_1_48' title="bbox 239 3453 1876 3538">
     <span class='ocr_line' id='line_1_48' title="bbox 239 3453 1876 3538; baseline 0.006 -26"><span class='ocrx_word' id='word_1_332' title='bbox 239 3453 246 3461; x_wconf 80' lang='grc'><em>’</em></span> <span class='ocrx_word' id='word_1_333' title='bbox 303 3460 404 3512; x_wconf 86' lang='grc' dir='ltr'>σίν.</span> <span class='ocrx_word' id='word_1_334' title='bbox 438 3461 504 3514; x_wconf 78' lang='lat' dir='ltr'><strong>Ei</strong></span> <span class='ocrx_word' id='word_1_335' title='bbox 538 3460 592 3513; x_wconf 86' lang='grc' dir='ltr'><strong>δὲ</strong></span> <span class='ocrx_word' id='word_1_336' title='bbox 629 3463 702 3532; x_wconf 80' lang='grc' dir='ltr'><strong>μὴ</strong></span> <span class='ocrx_word' id='word_1_337' title='bbox 743 3463 956 3530; x_wconf 74' lang='grc' dir='ltr'>φύσεως</span> <span class='ocrx_word' id='word_1_338' title='bbox 987 3465 1074 3534; x_wconf 87' lang='grc' dir='ltr'><strong>εἵη</strong></span> <span class='ocrx_word' id='word_1_339' title='bbox 1111 3465 1204 3518; x_wconf 83' lang='grc' dir='ltr'>καὶ</span> <span class='ocrx_word' id='word_1_340' title='bbox 1227 3465 1326 3534; x_wconf 84' lang='grc' dir='ltr'><strong>τῆς</strong></span> <span class='ocrx_word' id='word_1_341' title='bbox 1350 3466 1540 3530; x_wconf 79' lang='grc' dir='ltr'>οὐσίας</span> <span class='ocrx_word' id='word_1_342' title='bbox 1581 3466 1876 3538; x_wconf 85' lang='grc' dir='ltr'>δηλωτικὸν</span> 
     </span>
    </p>
   </div>
   <div class='ocr_carea' id='block_1_49' title="bbox 300 3549 1872 3626">
    <p class='ocr_par' dir='ltr' id='par_1_49' title="bbox 300 3549 1872 3626">
     <span class='ocr_line' id='line_1_49' title="bbox 300 3549 1872 3626; baseline 0.006 -21"><span class='ocrx_word' id='word_1_343' title='bbox 300 3549 390 3605; x_wconf 75' lang='grc' dir='ltr'><strong>ἐπὶ</strong></span> <span class='ocrx_word' id='word_1_344' title='bbox 423 3549 518 3602; x_wconf 82' lang='grc' dir='ltr'><strong>τοῦ</strong></span> <span class='ocrx_word' id='word_1_345' title='bbox 553 3550 682 3602; x_wconf 87' lang='grc' dir='ltr'><strong>Υἱοῦ</strong></span> <span class='ocrx_word' id='word_1_346' title='bbox 722 3551 782 3604; x_wconf 88' lang='grc' dir='ltr'><strong>τὺ</strong></span> <span class='ocrx_word' id='word_1_347' title='bbox 810 3552 1000 3621; x_wconf 77' lang='grc' dir='ltr'><strong>Λόγος</strong></span> <span class='ocrx_word' id='word_1_348' title='bbox 1031 3553 1220 3623; x_wconf 79' lang='grc' dir='ltr'><strong>ὄνομα,</strong></span> <span class='ocrx_word' id='word_1_349' title='bbox 1268 3555 1524 3624; x_wconf 77' lang='grc' dir='ltr'><strong>σημαίνει</strong></span> <span class='ocrx_word' id='word_1_350' title='bbox 1556 3573 1608 3608; x_wconf 85' lang='grc' dir='ltr'><strong>τι</strong></span> <span class='ocrx_word' id='word_1_351' title='bbox 1658 3557 1872 3626; x_wconf 80' lang='grc' dir='ltr'>πάντως</span> 
     </span>
    </p>
   </div>
   <div class='ocr_carea' id='block_1_50' title="bbox 291 3639 1874 3716">
    <p class='ocr_par' dir='ltr' id='par_1_50' title="bbox 291 3639 1874 3716">
     <span class='ocr_line' id='line_1_50' title="bbox 291 3639 1874 3716; baseline 0.008 -24"><span class='ocrx_word' id='word_1_352' title='bbox 291 3639 498 3712; x_wconf 80' lang='grc' dir='ltr'>ἕτερον.</span> <span class='ocrx_word' id='word_1_353' title='bbox 525 3642 634 3694; x_wconf 72' lang='grc' dir='ltr'><strong>Καὶ</strong></span> <span class='ocrx_word' id='word_1_354' title='bbox 667 3643 776 3711; x_wconf 82' lang='grc' dir='ltr'><strong>γὰρ</strong></span> <span class='ocrx_word' id='word_1_355' title='bbox 805 3641 990 3712; x_wconf 77' lang='grc' dir='ltr'><strong>ζητεῖν</strong></span> <span class='ocrx_word' id='word_1_356' title='bbox 1011 3645 1328 3712; x_wconf 82' lang='grc' dir='ltr'>ἀναγκαῖον,</span> <span class='ocrx_word' id='word_1_357' title='bbox 1353 3647 1404 3700; x_wconf 87' lang='grc' dir='ltr'><strong>τί</strong></span> <span class='ocrx_word' id='word_1_358' title='bbox 1436 3647 1578 3700; x_wconf 84' lang='grc' dir='ltr'>κατὰ</span> <span class='ocrx_word' id='word_1_359' title='bbox 1609 3647 1770 3716; x_wconf 77' lang='grc' dir='ltr'>φύσιν</span> <span class='ocrx_word' id='word_1_360' title='bbox 1799 3649 1874 3704; x_wconf 82' lang='grc' dir='ltr'><strong>ὢν</strong></span> 
     </span>
    </p>
   </div>
   <div class='ocr_carea' id='block_1_51' title="bbox 292 3731 1874 3811">
    <p class='ocr_par' dir='ltr' id='par_1_51' title="bbox 292 3731 1874 3811">
     <span class='ocr_line' id='line_1_51' title="bbox 292 3731 1874 3811; baseline 0.007 -27"><span class='ocrx_word' id='word_1_361' title='bbox 292 3732 320 3784; x_wconf 87' lang='lat'><strong>6</strong></span> <span class='ocrx_word' id='word_1_362' title='bbox 349 3731 498 3794; x_wconf 72' lang='grc' dir='ltr'><strong>Υἱὸς,</strong></span> <span class='ocrx_word' id='word_1_363' title='bbox 525 3732 730 3804; x_wconf 81' lang='grc' dir='ltr'>ἐκλήθη</span> <span class='ocrx_word' id='word_1_364' title='bbox 751 3733 942 3801; x_wconf 87' lang='grc' dir='ltr'><strong>Λόγος,</strong></span> <span class='ocrx_word' id='word_1_365' title='bbox 967 3736 1014 3787; x_wconf 83' lang='grc' dir='ltr'><strong>εί</strong></span> <span class='ocrx_word' id='word_1_366' title='bbox 1045 3735 1120 3804; x_wconf 82' lang='grc' dir='ltr'><strong>μὴ</strong></span> <span class='ocrx_word' id='word_1_367' title='bbox 1149 3735 1248 3805; x_wconf 78' lang='grc' dir='ltr'><strong>τὴν</strong></span> <span class='ocrx_word' id='word_1_368' title='bbox 1267 3737 1456 3790; x_wconf 75' lang='grc' dir='ltr'>οὐσίαν</span> <span class='ocrx_word' id='word_1_369' title='bbox 1481 3737 1646 3791; x_wconf 79' lang='grc' dir='ltr'><strong>αὐτοῦ</strong></span> <span class='ocrx_word' id='word_1_370' title='bbox 1675 3742 1874 3811; x_wconf 87' lang='grc' dir='ltr'>σημαί-</span> 
     </span>
    </p>
   </div>
   <div class='ocr_carea' id='block_1_52' title="bbox 290 3819 1870 3904">
    <p class='ocr_par' dir='ltr' id='par_1_52' title="bbox 290 3819 1870 3904">
     <span class='ocr_line' id='line_1_52' title="bbox 290 3819 1870 3904; baseline 0.008 -31"><span class='ocrx_word' id='word_1_371' title='bbox 290 3839 374 3874; x_wconf 80' lang='grc' dir='ltr'><strong>νει</strong></span> <span class='ocrx_word' id='word_1_372' title='bbox 389 3821 648 3892; x_wconf 78' lang='grc' dir='ltr'><strong>τοῦνομα.</strong></span> <span class='ocrx_word' id='word_1_373' title='bbox 685 3819 810 3876; x_wconf 77' lang='grc' dir='ltr'><strong>υἷον</strong></span> <span class='ocrx_word' id='word_1_374' title='bbox 848 3825 1076 3880; x_wconf 74' lang='grc' dir='ltr'><strong>τέκτονα</strong></span> <span class='ocrx_word' id='word_1_375' title='bbox 1111 3844 1196 3890; x_wconf 88' lang='grc' dir='ltr'><strong>τις</strong></span> <span class='ocrx_word' id='word_1_376' title='bbox 1226 3829 1430 3892; x_wconf 77' lang='grc' dir='ltr'><strong>εἰπὼν,</strong></span> <span class='ocrx_word' id='word_1_377' title='bbox 1466 3829 1498 3899; x_wconf 86' lang='grc' dir='ltr'>ἢ</span> <span class='ocrx_word' id='word_1_378' title='bbox 1530 3829 1768 3894; x_wconf 81' lang='grc' dir='ltr'><strong>λιθοξόον</strong></span> <span class='ocrx_word' id='word_1_379' title='bbox 1791 3871 1804 3894; x_wconf 93' lang='grc'><strong>,</strong></span> <span class='ocrx_word' id='word_1_380' title='bbox 1837 3832 1870 3904; x_wconf 80' lang='grc' dir='ltr'><strong>ἢ</strong></span> 
     </span>
    </p>
   </div>
   <div class='ocr_carea' id='block_1_53' title="bbox 290 3915 1874 3994">
    <p class='ocr_par' dir='ltr' id='par_1_53' title="bbox 290 3915 1874 3994">
     <span class='ocr_line' id='line_1_53' title="bbox 290 3915 1874 3994; baseline 0.006 -30"><span class='ocrx_word' id='word_1_381' title='bbox 290 3915 662 3982; x_wconf 77' lang='grc' dir='ltr'><strong>ταχυγράφον,</strong></span> <span class='ocrx_word' id='word_1_382' title='bbox 687 3915 746 3966; x_wconf 81' lang='grc' dir='ltr'>οὐ</span> <span class='ocrx_word' id='word_1_383' title='bbox 771 3915 824 3967; x_wconf 87' lang='grc' dir='ltr'><strong>τί</strong></span> <span class='ocrx_word' id='word_1_384' title='bbox 845 3917 958 3968; x_wconf 75' lang='grc' dir='ltr'>ἐστι</span> <span class='ocrx_word' id='word_1_385' title='bbox 981 3917 1122 3970; x_wconf 80' lang='grc' dir='ltr'>κατὰ</span> <span class='ocrx_word' id='word_1_386' title='bbox 1151 3919 1310 3987; x_wconf 76' lang='grc' dir='ltr'><strong>φύσιν</strong></span> <span class='ocrx_word' id='word_1_387' title='bbox 1333 3921 1728 3992; x_wconf 77' lang='grc' dir='ltr'><strong>σημαινόμενον</strong></span> <span class='ocrx_word' id='word_1_388' title='bbox 1755 3923 1874 3994; x_wconf 85' lang='grc' dir='ltr'>ὁρί-</span> 
     </span>
    </p>
   </div>
   <div class='ocr_carea' id='block_1_54' title="bbox 289 3996 1872 4076">
    <p class='ocr_par' dir='ltr' id='par_1_54' title="bbox 289 3996 1872 4076">
     <span class='ocr_line' id='line_1_54' title="bbox 289 3996 1872 4076; baseline 0.006 -24"><span class='ocrx_word' id='word_1_389' title='bbox 289 4001 464 4064; x_wconf 83' lang='grc' dir='ltr'><strong>ζεται,</strong></span> <span class='ocrx_word' id='word_1_390' title='bbox 497 4001 611 4054; x_wconf 83' lang='grc' dir='ltr'>ἀλλ’</span> <span class='ocrx_word' id='word_1_391' title='bbox 641 3996 752 4055; x_wconf 73' lang='grc' dir='ltr'><strong>οἷον</strong></span> <span class='ocrx_word' id='word_1_392' title='bbox 782 4003 896 4072; x_wconf 82' lang='grc' dir='ltr'><strong>ἔχει</strong></span> <span class='ocrx_word' id='word_1_393' title='bbox 927 4003 986 4056; x_wconf 83' lang='grc' dir='ltr'>τὸ</span> <span class='ocrx_word' id='word_1_394' title='bbox 1015 4006 1351 4076; x_wconf 65' lang='grc' dir='ltr'><strong>ἐπιτήδευμα</strong></span> <span class='ocrx_word' id='word_1_395' title='bbox 1371 4007 1584 4076; x_wconf 81' lang='grc' dir='ltr'><strong>μηνύει.</strong></span> <span class='ocrx_word' id='word_1_396' title='bbox 1605 4007 1665 4060; x_wconf 83' lang='lat' dir='ltr'><strong>El</strong></span> <span class='ocrx_word' id='word_1_397' title='bbox 1691 4007 1872 4062; x_wconf 85' lang='grc' dir='ltr'><strong>τοίνυν</strong></span> 
     </span>
    </p>
   </div>
   <div class='ocr_carea' id='block_1_55' title="bbox 289 4092 1870 4166">
    <p class='ocr_par' dir='ltr' id='par_1_55' title="bbox 289 4092 1870 4166">
     <span class='ocr_line' id='line_1_55' title="bbox 289 4092 1870 4166; baseline 0.004 -23"><span class='ocrx_word' id='word_1_398' title='bbox 289 4092 348 4143; x_wconf 80' lang='grc' dir='ltr'><strong>οὐ</strong></span> <span class='ocrx_word' id='word_1_399' title='bbox 375 4095 476 4162; x_wconf 79' lang='grc' dir='ltr'><strong>τὴν</strong></span> <span class='ocrx_word' id='word_1_400' title='bbox 503 4093 696 4152; x_wconf 81' lang='grc' dir='ltr'>οὐσίαν</span> <span class='ocrx_word' id='word_1_401' title='bbox 723 4093 818 4146; x_wconf 79' lang='grc' dir='ltr'><strong>τοῦ</strong></span> <span class='ocrx_word' id='word_1_402' title='bbox 849 4095 982 4148; x_wconf 84' lang='grc' dir='ltr'><strong>Υίοῦ</strong></span> <span class='ocrx_word' id='word_1_403' title='bbox 1010 4097 1262 4166; x_wconf 83' lang='grc' dir='ltr'><strong>σημαίνει</strong></span> <span class='ocrx_word' id='word_1_404' title='bbox 1287 4095 1546 4166; x_wconf 74' lang='grc' dir='ltr'><strong>τοῦνομα,</strong></span> <span class='ocrx_word' id='word_1_405' title='bbox 1574 4098 1667 4149; x_wconf 71' lang='grc' dir='ltr'><strong>καὶ</strong></span> <span class='ocrx_word' id='word_1_406' title='bbox 1681 4097 1742 4149; x_wconf 87' lang='grc' dir='ltr'>τὸ</span> <span class='ocrx_word' id='word_1_407' title='bbox 1769 4115 1870 4150; x_wconf 88' lang='grc' dir='ltr'>κα-</span> 
     </span>
    </p>
   </div>
   <div class='ocr_carea' id='block_1_56' title="bbox 289 4181 1871 4256">
    <p class='ocr_par' dir='ltr' id='par_1_56' title="bbox 289 4181 1871 4256">
     <span class='ocr_line' id='line_1_56' title="bbox 289 4181 1871 4256; baseline 0.004 -25"><span class='ocrx_word' id='word_1_408' title='bbox 289 4181 498 4232; x_wconf 81' lang='grc' dir='ltr'>λεῖσθαι</span> <span class='ocrx_word' id='word_1_409' title='bbox 535 4181 732 4249; x_wconf 88' lang='grc' dir='ltr'><strong>Λόγον,</strong></span> <span class='ocrx_word' id='word_1_410' title='bbox 763 4183 824 4235; x_wconf 74' lang='grc' dir='ltr'>οὐ</span> <span class='ocrx_word' id='word_1_411' title='bbox 855 4183 905 4235; x_wconf 85' lang='grc' dir='ltr'><strong>τί</strong></span> <span class='ocrx_word' id='word_1_412' title='bbox 949 4184 1098 4236; x_wconf 79' lang='grc' dir='ltr'>ἐστιν</span> <span class='ocrx_word' id='word_1_413' title='bbox 1143 4185 1284 4238; x_wconf 83' lang='grc' dir='ltr'><strong>κατὰ</strong></span> <span class='ocrx_word' id='word_1_414' title='bbox 1342 4183 1502 4252; x_wconf 74' lang='grc' dir='ltr'>φύσιν</span> <span class='ocrx_word' id='word_1_415' title='bbox 1543 4187 1871 4256; x_wconf 80' lang='grc' dir='ltr'>παρίστησιν</span> 
     </span>
    </p>
   </div>
   <div class='ocr_carea' id='block_1_57' title="bbox 291 4269 1871 4346">
    <p class='ocr_par' dir='ltr' id='par_1_57' title="bbox 291 4269 1871 4346">
     <span class='ocr_line' id='line_1_57' title="bbox 291 4269 1871 4346; baseline 0.003 -22"><span class='ocrx_word' id='word_1_416' title='bbox 291 4273 470 4337; x_wconf 73' lang='grc' dir='ltr'>αὐτὸν,</span> <span class='ocrx_word' id='word_1_417' title='bbox 495 4273 634 4326; x_wconf 74' lang='grc' dir='ltr'>ἀλλὰ</span> <span class='ocrx_word' id='word_1_418' title='bbox 669 4273 804 4344; x_wconf 80' lang='grc' dir='ltr'><strong>φέρε</strong></span> <span class='ocrx_word' id='word_1_419' title='bbox 838 4275 1010 4328; x_wconf 80' lang='grc' dir='ltr'><strong>εἰπεῖν</strong></span> <span class='ocrx_word' id='word_1_420' title='bbox 1043 4269 1155 4328; x_wconf 77' lang='grc' dir='ltr'><strong>οἷον</strong></span> <span class='ocrx_word' id='word_1_421' title='bbox 1176 4275 1288 4346; x_wconf 79' lang='grc' dir='ltr'><strong>ἔχει</strong></span> <span class='ocrx_word' id='word_1_422' title='bbox 1322 4277 1381 4328; x_wconf 77' lang='grc' dir='ltr'><strong>τὸ</strong></span> <span class='ocrx_word' id='word_1_423' title='bbox 1421 4277 1778 4346; x_wconf 77' lang='grc' dir='ltr'><strong>ἐπιτήδευμα,</strong></span> <span class='ocrx_word' id='word_1_424' title='bbox 1819 4278 1871 4330; x_wconf 87' lang='grc' dir='ltr'><strong>τί</strong></span> 
     </span>
    </p>
   </div>
   <div class='ocr_carea' id='block_1_58' title="bbox 295 4363 1872 4436">
    <p class='ocr_par' dir='ltr' id='par_1_58' title="bbox 295 4363 1872 4436">
     <span class='ocr_line' id='line_1_58' title="bbox 295 4363 1872 4436; baseline 0.002 -20"><span class='ocrx_word' id='word_1_425' title='bbox 295 4363 468 4432; x_wconf 72' lang='grc' dir='ltr'><strong>μάτην</strong></span> <span class='ocrx_word' id='word_1_426' title='bbox 497 4363 592 4415; x_wconf 78' lang='grc' dir='ltr'><strong>τὸν</strong></span> <span class='ocrx_word' id='word_1_427' title='bbox 621 4365 1012 4434; x_wconf 77' lang='grc' dir='ltr'><strong>εὑαγγελιστὴν</strong></span> <span class='ocrx_word' id='word_1_428' title='bbox 1035 4363 1422 4436; x_wconf 76' lang='grc' dir='ltr'><strong>θαυμάζομενς</strong></span> <span class='ocrx_word' id='word_1_429' title='bbox 1457 4365 1581 4428; x_wconf 82' lang='grc' dir='ltr'><strong>Πῶς</strong></span> <span class='ocrx_word' id='word_1_430' title='bbox 1609 4365 1664 4418; x_wconf 77' lang='grc' dir='ltr'><strong>δὲ</strong></span> <span class='ocrx_word' id='word_1_431' title='bbox 1696 4368 1722 4419; x_wconf 97' lang='lat'><strong>6</strong></span> <span class='ocrx_word' id='word_1_432' title='bbox 1758 4367 1872 4430; x_wconf 78' lang='grc' dir='ltr'><strong>υἱὸς</strong></span> 
     </span>
    </p>
   </div>
   <div class='ocr_carea' id='block_1_59' title="bbox 291 4455 1866 4529">
    <p class='ocr_par' dir='ltr' id='par_1_59' title="bbox 291 4455 1866 4529">
     <span class='ocr_line' id='line_1_59' title="bbox 291 4455 1866 4529; baseline 0.003 -24"><span class='ocrx_word' id='word_1_433' title='bbox 291 4455 492 4526; x_wconf 77' lang='grc' dir='ltr'><strong>ἐκλήθη</strong></span> <span class='ocrx_word' id='word_1_434' title='bbox 523 4456 754 4526; x_wconf 73' lang='grc' dir='ltr'><strong>βροντῆς</strong></span> <span class='ocrx_word' id='word_1_435' title='bbox 783 4457 856 4520; x_wconf 86' lang='grc' dir='ltr'>ὡς</span> <span class='ocrx_word' id='word_1_436' title='bbox 885 4457 1027 4526; x_wconf 86' lang='grc' dir='ltr'><strong>μέγα</strong></span> <span class='ocrx_word' id='word_1_437' title='bbox 1051 4475 1103 4510; x_wconf 80' lang='grc' dir='ltr'><strong>τι</strong></span> <span class='ocrx_word' id='word_1_438' title='bbox 1130 4457 1371 4528; x_wconf 78' lang='grc' dir='ltr'>λαλήσας</span> <span class='ocrx_word' id='word_1_439' title='bbox 1402 4457 1498 4510; x_wconf 66' lang='grc' dir='ltr'><strong>καὶ⁹</strong></span> <span class='ocrx_word' id='word_1_440' title='bbox 1530 4458 1866 4529; x_wconf 76' lang='grc' dir='ltr'>ὑπέρογκονς</span> 
     </span>
    </p>
   </div>
   <div class='ocr_carea' id='block_1_60' title="bbox 1993 1969 3570 2044">
    <p class='ocr_par' dir='ltr' id='par_1_60' title="bbox 1993 1969 3570 2044">
     <span class='ocr_line' id='line_1_60' title="bbox 1993 1969 3570 2044; baseline -0.005 -12"><span class='ocrx_word' id='word_1_441' title='bbox 1993 1991 2106 2032; x_wconf 90' lang='lat' dir='ltr'><strong>rum</strong></span> <span class='ocrx_word' id='word_1_442' title='bbox 2137 1973 2444 2044; x_wconf 75' lang='lat' dir='ltr'><strong>prredicatio</strong></span> <span class='ocrx_word' id='word_1_443' title='bbox 2479 1971 2532 2027; x_wconf 90' lang='lat' dir='ltr'><strong>id</strong></span> <span class='ocrx_word' id='word_1_444' title='bbox 2561 1987 2664 2026; x_wconf 90' lang='lat' dir='ltr'><strong>non</strong></span> <span class='ocrx_word' id='word_1_445' title='bbox 2691 1971 2895 2024; x_wconf 79' lang='lat' dir='ltr'><strong>ierunt.</strong></span> <span class='ocrx_word' id='word_1_446' title='bbox 2933 1969 3148 2024; x_wconf 80' lang='lat' dir='ltr'><strong>Patrem</strong></span> <span class='ocrx_word' id='word_1_447' title='bbox 3205 1969 3350 2022; x_wconf 87' lang='lat' dir='ltr'><strong>enim</strong></span> <span class='ocrx_word' id='word_1_448' title='bbox 3391 1971 3570 2024; x_wconf 81' lang='lat' dir='ltr'><strong>sciunt</strong></span> 
     </span>
    </p>
   </div>
   <div class='ocr_carea' id='block_1_61' title="bbox 1988 2058 3566 2120">
    <p class='ocr_par' dir='ltr' id='par_1_61' title="bbox 1988 2058 3566 2120">
     <span class='ocr_line' id='line_1_61' title="bbox 1988 2058 3566 2120; baseline -0.004 0"><span class='ocrx_word' id='word_1_449' title='bbox 1988 2077 2107 2120; x_wconf 88' lang='lat' dir='ltr'><strong>esse</strong></span> <span class='ocrx_word' id='word_1_450' title='bbox 2131 2063 2339 2118; x_wconf 79' lang='lat' dir='ltr'><strong>Patrem</strong></span> <span class='ocrx_word' id='word_1_451' title='bbox 2372 2073 2426 2117; x_wconf 91' lang='lat' dir='ltr'><strong>et</strong></span> <span class='ocrx_word' id='word_1_452' title='bbox 2451 2077 2556 2116; x_wconf 89' lang='lat' dir='ltr'><strong>non</strong></span> <span class='ocrx_word' id='word_1_453' title='bbox 2587 2059 2778 2115; x_wconf 82' lang='lat' dir='ltr'><strong>Filium</strong></span> <span class='ocrx_word' id='word_1_454' title='bbox 2810 2077 2824 2114; x_wconf 89' lang='lat'>:</span> <span class='ocrx_word' id='word_1_455' title='bbox 2856 2069 2912 2115; x_wconf 91' lang='lat' dir='ltr'><strong>et</strong></span> <span class='ocrx_word' id='word_1_456' title='bbox 2935 2061 3174 2114; x_wconf 78' lang='lat' dir='ltr'><strong>vicissim</strong></span> <span class='ocrx_word' id='word_1_457' title='bbox 3239 2058 3372 2114; x_wconf 84' lang='lat' dir='ltr'><strong>Filio</strong></span> <span class='ocrx_word' id='word_1_458' title='bbox 3399 2060 3566 2114; x_wconf 72' lang='lat' dir='ltr'><strong>solum</strong></span> 
     </span>
    </p>
   </div>
   <div class='ocr_carea' id='block_1_62' title="bbox 1987 2153 3568 2225">
    <p class='ocr_par' dir='ltr' id='par_1_62' title="bbox 1987 2153 3568 2225">
     <span class='ocr_line' id='line_1_62' title="bbox 1987 2153 3568 2225; baseline -0.004 -13"><span class='ocrx_word' id='word_1_459' title='bbox 1987 2157 2108 2212; x_wconf 84' lang='lat' dir='ltr'><strong>Filii</strong></span> <span class='ocrx_word' id='word_1_460' title='bbox 2143 2155 2552 2225; x_wconf 82' lang='lat' dir='ltr'><strong>appellationem</strong></span> <span class='ocrx_word' id='word_1_461' title='bbox 2581 2155 2844 2216; x_wconf 85' lang='lat' dir='ltr'><strong>tribuunt,</strong></span> <span class='ocrx_word' id='word_1_462' title='bbox 2877 2169 2982 2206; x_wconf 89' lang='lat' dir='ltr'><strong>non</strong></span> <span class='ocrx_word' id='word_1_463' title='bbox 3047 2163 3222 2206; x_wconf 87' lang='lat' dir='ltr'><strong>autem</strong></span> <span class='ocrx_word' id='word_1_464' title='bbox 3249 2153 3568 2222; x_wconf 77' lang='lat' dir='ltr'><strong>permittunt</strong></span> 
     </span>
    </p>
   </div>
   <div class='ocr_carea' id='block_1_63' title="bbox 1987 2241 3560 2310">
    <p class='ocr_par' dir='ltr' id='par_1_63' title="bbox 1987 2241 3560 2310">
     <span class='ocr_line' id='line_1_63' title="bbox 1987 2241 3560 2310; baseline -0.005 -10"><span class='ocrx_word' id='word_1_465' title='bbox 1987 2255 2047 2300; x_wconf 90' lang='lat' dir='ltr'><strong>ut</strong></span> <span class='ocrx_word' id='word_1_466' title='bbox 2075 2255 2298 2300; x_wconf 76' lang='lat' dir='ltr'><strong>vocetur</strong></span> <span class='ocrx_word' id='word_1_467' title='bbox 2333 2253 2424 2298; x_wconf 91' lang='lat' dir='ltr'><strong>aut</strong></span> <span class='ocrx_word' id='word_1_468' title='bbox 2447 2243 2516 2296; x_wconf 84' lang='lat' dir='ltr'><strong>sit</strong></span> <span class='ocrx_word' id='word_1_469' title='bbox 2543 2241 2702 2294; x_wconf 87' lang='lat' dir='ltr'><strong>Pater</strong></span> <span class='ocrx_word' id='word_1_470' title='bbox 2729 2255 2746 2292; x_wconf 84' lang='lat'><strong>:</strong></span> <span class='ocrx_word' id='word_1_471' title='bbox 2777 2241 2916 2294; x_wconf 87' lang='lat' dir='ltr'><strong>alius</strong></span> <span class='ocrx_word' id='word_1_472' title='bbox 2963 2242 3146 2309; x_wconf 80' lang='lat' dir='ltr'><strong>itaque</strong></span> <span class='ocrx_word' id='word_1_473' title='bbox 3181 2243 3250 2294; x_wconf 92' lang='lat' dir='ltr'><strong>ab</strong></span> <span class='ocrx_word' id='word_1_474' title='bbox 3311 2243 3425 2310; x_wconf 84' lang='lat' dir='ltr'><strong>ipso</strong></span> <span class='ocrx_word' id='word_1_475' title='bbox 3455 2251 3560 2304; x_wconf 86' lang='lat' dir='ltr'><strong>est,</strong></span> 
     </span>
    </p>
   </div>
   <div class='ocr_carea' id='block_1_64' title="bbox 1986 2329 3566 2398">
    <p class='ocr_par' dir='ltr' id='par_1_64' title="bbox 1986 2329 3566 2398">
     <span class='ocr_line' id='line_1_64' title="bbox 1986 2329 3566 2398; baseline -0.008 -4"><span class='ocrx_word' id='word_1_476' title='bbox 1986 2347 2040 2394; x_wconf 87' lang='lat' dir='ltr'><strong>et</strong></span> <span class='ocrx_word' id='word_1_477' title='bbox 2064 2336 2384 2392; x_wconf 70' lang='lat' dir='ltr'><strong>substantia:</strong></span> <span class='ocrx_word' id='word_1_478' title='bbox 2405 2333 2613 2388; x_wconf 82' lang='lat' dir='ltr'><strong>ratione</strong></span> <span class='ocrx_word' id='word_1_479' title='bbox 2639 2331 2905 2384; x_wconf 84' lang='lat' dir='ltr'><strong>diversus.</strong></span> <span class='ocrx_word' id='word_1_480' title='bbox 2937 2331 3200 2396; x_wconf 79' lang='lat' dir='ltr'><strong>Quocirca</strong></span> <span class='ocrx_word' id='word_1_481' title='bbox 3233 2345 3406 2398; x_wconf 84' lang='lat' dir='ltr'><strong>neque</strong></span> <span class='ocrx_word' id='word_1_482' title='bbox 3433 2329 3566 2382; x_wconf 81' lang='lat' dir='ltr'><strong>Ver-</strong></span> 
     </span>
    </p>
   </div>
   <div class='ocr_carea' id='block_1_65' title="bbox 1983 2421 3564 2494">
    <p class='ocr_par' dir='ltr' id='par_1_65' title="bbox 1983 2421 3564 2494">
     <span class='ocr_line' id='line_1_65' title="bbox 1983 2421 3564 2494; baseline -0.004 -11"><span class='ocrx_word' id='word_1_483' title='bbox 1983 2429 2110 2484; x_wconf 88' lang='lat' dir='ltr'><strong>btun</strong></span> <span class='ocrx_word' id='word_1_484' title='bbox 2135 2441 2286 2490; x_wconf 82' lang='lat' dir='ltr'><strong>vere,</strong></span> <span class='ocrx_word' id='word_1_485' title='bbox 2321 2439 2496 2494; x_wconf 90' lang='lat' dir='ltr'><strong>neque</strong></span> <span class='ocrx_word' id='word_1_486' title='bbox 2521 2439 2587 2478; x_wconf 78' lang='lat' dir='ltr'><strong>ex</strong></span> <span class='ocrx_word' id='word_1_487' title='bbox 2619 2425 2736 2493; x_wconf 86' lang='lat' dir='ltr'><strong>ipso</strong></span> <span class='ocrx_word' id='word_1_488' title='bbox 2769 2421 3032 2492; x_wconf 81' lang='lat' dir='ltr'><strong>procedit,</strong></span> <span class='ocrx_word' id='word_1_489' title='bbox 3093 2437 3216 2476; x_wconf 91' lang='lat' dir='ltr'><strong>cum</strong></span> <span class='ocrx_word' id='word_1_490' title='bbox 3269 2421 3338 2476; x_wconf 88' lang='lat' dir='ltr'><strong>sit</strong></span> <span class='ocrx_word' id='word_1_491' title='bbox 3373 2428 3564 2476; x_wconf 84' lang='lat' dir='ltr'><strong>natura</strong></span> 
     </span>
    </p>
   </div>
   <div class='ocr_carea' id='block_1_66' title="bbox 1985 2517 2304 2586">
    <p class='ocr_par' dir='ltr' id='par_1_66' title="bbox 1985 2517 2304 2586">
     <span class='ocr_line' id='line_1_66' title="bbox 1985 2517 2304 2586; baseline -0.013 -10"><span class='ocrx_word' id='word_1_492' title='bbox 1985 2517 2304 2586; x_wconf 73' lang='lat' dir='ltr'><strong>disiunctus.</strong></span> 
     </span>
    </p>
   </div>
   <div class='ocr_carea' id='block_1_67' title="bbox 2519 2625 3088 2696">
    <p class='ocr_par' dir='ltr' id='par_1_67' title="bbox 2519 2625 3088 2696">
     <span class='ocr_line' id='line_1_67' title="bbox 2519 2625 3088 2696; baseline -0.007 -14"><span class='ocrx_word' id='word_1_493' title='bbox 2519 2625 2724 2682; x_wconf 81' lang='lat' dir='ltr'><strong>Salutio</strong></span> <span class='ocrx_word' id='word_1_494' title='bbox 2756 2625 3088 2696; x_wconf 77' lang='lat' dir='ltr'><strong>objectionis.</strong></span> 
     </span>
    </p>
   </div>
   <div class='ocr_carea' id='block_1_68' title="bbox 2053 2737 3558 2814">
    <p class='ocr_par' dir='ltr' id='par_1_68' title="bbox 2053 2737 3558 2814">
     <span class='ocr_line' id='line_1_68' title="bbox 2053 2737 3558 2814; baseline -0.003 -18"><span class='ocrx_word' id='word_1_495' title='bbox 2053 2743 2124 2798; x_wconf 72' lang='lat' dir='ltr'><strong>At</strong></span> <span class='ocrx_word' id='word_1_496' title='bbox 2145 2743 2294 2814; x_wconf 86' lang='lat' dir='ltr'><strong>quid,</strong></span> <span class='ocrx_word' id='word_1_497' title='bbox 2339 2743 2588 2806; x_wconf 90' lang='lat' dir='ltr'><strong>obsecro,</strong></span> <span class='ocrx_word' id='word_1_498' title='bbox 2617 2741 2684 2796; x_wconf 89' lang='lat' dir='ltr'><strong>de</strong></span> <span class='ocrx_word' id='word_1_499' title='bbox 2715 2739 2920 2796; x_wconf 83' lang='lat' dir='ltr'><strong>Joanne</strong></span> <span class='ocrx_word' id='word_1_500' title='bbox 2977 2747 3208 2808; x_wconf 85' lang='lat' dir='ltr'><strong>statues,</strong></span> <span class='ocrx_word' id='word_1_501' title='bbox 3240 2739 3332 2810; x_wconf 89' lang='lat' dir='ltr'><strong>qui</strong></span> <span class='ocrx_word' id='word_1_502' title='bbox 3361 2737 3558 2794; x_wconf 87' lang='lat' dir='ltr'><strong>Filium</strong></span> 
     </span>
    </p>
   </div>
   <div class='ocr_carea' id='block_1_69' title="bbox 1984 2831 3563 2902">
    <p class='ocr_par' dir='ltr' id='par_1_69' title="bbox 1984 2831 3563 2902">
     <span class='ocr_line' id='line_1_69' title="bbox 1984 2831 3563 2902; baseline -0.001 -16"><span class='ocrx_word' id='word_1_503' title='bbox 1984 2844 2140 2888; x_wconf 87' lang='lat' dir='ltr'><strong>vocat</strong></span> <span class='ocrx_word' id='word_1_504' title='bbox 2172 2832 2434 2896; x_wconf 82' lang='lat' dir='ltr'><strong>Verbum,</strong></span> <span class='ocrx_word' id='word_1_505' title='bbox 2469 2843 2628 2902; x_wconf 91' lang='lat' dir='ltr'><strong>atque</strong></span> <span class='ocrx_word' id='word_1_506' title='bbox 2653 2833 2792 2888; x_wconf 86' lang='lat' dir='ltr'><strong>hanc</strong></span> <span class='ocrx_word' id='word_1_507' title='bbox 2821 2832 3056 2888; x_wconf 78' lang='lat' dir='ltr'><strong>maxime</strong></span> <span class='ocrx_word' id='word_1_508' title='bbox 3083 2832 3354 2902; x_wconf 86' lang='lat' dir='ltr'><strong>propriam</strong></span> <span class='ocrx_word' id='word_1_509' title='bbox 3385 2831 3563 2902; x_wconf 86' lang='lat' dir='ltr'><strong>appel-</strong></span> 
     </span>
    </p>
   </div>
   <div class='ocr_carea' id='block_1_70' title="bbox 1951 2917 3562 2987">
    <p class='ocr_par' dir='ltr' id='par_1_70' title="bbox 1951 2917 3562 2987">
     <span class='ocr_line' id='line_1_70' title="bbox 1951 2917 3562 2987; baseline -0.002 -13"><span class='ocrx_word' id='word_1_510' title='bbox 1951 2955 1958 2962; x_wconf 91' lang='lat'><strong>-</strong></span> <span class='ocrx_word' id='word_1_511' title='bbox 1985 2919 2240 2974; x_wconf 86' lang='lat' dir='ltr'><strong>lationem</strong></span> <span class='ocrx_word' id='word_1_512' title='bbox 2269 2921 2316 2972; x_wconf 89' lang='lat' dir='ltr'><strong>ei</strong></span> <span class='ocrx_word' id='word_1_513' title='bbox 2365 2919 2812 2987; x_wconf 76' lang='lat' dir='ltr'><strong>tribuit,quzeque</strong></span> <span class='ocrx_word' id='word_1_514' title='bbox 2839 2919 3132 2974; x_wconf 86' lang='lat' dir='ltr'><strong>essentiam</strong></span> <span class='ocrx_word' id='word_1_515' title='bbox 3187 2919 3355 2982; x_wconf 86' lang='lat' dir='ltr'><strong>ipsius</strong></span> <span class='ocrx_word' id='word_1_516' title='bbox 3385 2917 3562 2984; x_wconf 75' lang='lat' dir='ltr'><strong>signi-</strong></span> 
     </span>
    </p>
   </div>
   <div class='ocr_carea' id='block_1_71' title="bbox 1987 3008 3564 3078">
    <p class='ocr_par' dir='ltr' id='par_1_71' title="bbox 1987 3008 3564 3078">
     <span class='ocr_line' id='line_1_71' title="bbox 1987 3008 3564 3078; baseline -0.001 -15"><span class='ocrx_word' id='word_1_517' title='bbox 1987 3009 2300 3064; x_wconf 82' lang='lat' dir='ltr'><strong>ﬁcatissime</strong></span> <span class='ocrx_word' id='word_1_518' title='bbox 2322 3008 2632 3076; x_wconf 79' lang='lat' dir='ltr'><strong>exprimat?</strong></span> <span class='ocrx_word' id='word_1_519' title='bbox 2659 3009 2747 3062; x_wconf 87' lang='lat' dir='ltr'><strong>Ait</strong></span> <span class='ocrx_word' id='word_1_520' title='bbox 2777 3011 2918 3062; x_wconf 89' lang='lat' dir='ltr'><strong>enim</strong></span> <span class='ocrx_word' id='word_1_521' title='bbox 2950 3026 2965 3062; x_wconf 89' lang='lat'><strong>:</strong></span> <span class='ocrx_word' id='word_1_522' title='bbox 3009 3027 3027 3060; x_wconf 75' lang='grc' dir='ltr'>ι</span> <span class='ocrx_word' id='word_1_523' title='bbox 3065 3008 3120 3062; x_wconf 92' lang='lat' dir='ltr'><strong>In</strong></span> <span class='ocrx_word' id='word_1_524' title='bbox 3147 3009 3410 3078; x_wconf 87' lang='lat' dir='ltr'><strong>principio</strong></span> <span class='ocrx_word' id='word_1_525' title='bbox 3441 3017 3564 3062; x_wconf 85' lang='lat' dir='ltr'><strong>erat</strong></span> 
     </span>
    </p>
   </div>
   <div class='ocr_carea' id='block_1_72' title="bbox 1986 3097 3563 3168">
    <p class='ocr_par' dir='ltr' id='par_1_72' title="bbox 1986 3097 3563 3168">
     <span class='ocr_line' id='line_1_72' title="bbox 1986 3097 3563 3168; baseline -0.004 -12"><span class='ocrx_word' id='word_1_526' title='bbox 1986 3101 2242 3166; x_wconf 83' lang='lat' dir='ltr'><strong>Verbum,</strong></span> <span class='ocrx_word' id='word_1_527' title='bbox 2269 3109 2324 3154; x_wconf 88' lang='lat' dir='ltr'><strong>et</strong></span> <span class='ocrx_word' id='word_1_528' title='bbox 2353 3097 2586 3152; x_wconf 79' lang='lat' dir='ltr'><strong>Verbum</strong></span> <span class='ocrx_word' id='word_1_529' title='bbox 2618 3109 2736 3152; x_wconf 87' lang='lat' dir='ltr'><strong>erat</strong></span> <span class='ocrx_word' id='word_1_530' title='bbox 2776 3099 2918 3168; x_wconf 89' lang='lat' dir='ltr'><strong>apud</strong></span> <span class='ocrx_word' id='word_1_531' title='bbox 2961 3099 3148 3162; x_wconf 86' lang='lat' dir='ltr'><strong>Deum,</strong></span> <span class='ocrx_word' id='word_1_532' title='bbox 3172 3108 3225 3151; x_wconf 88' lang='lat' dir='ltr'><strong>et</strong></span> <span class='ocrx_word' id='word_1_533' title='bbox 3278 3099 3418 3152; x_wconf 88' lang='lat' dir='ltr'><strong>Deus</strong></span> <span class='ocrx_word' id='word_1_534' title='bbox 3444 3107 3563 3152; x_wconf 83' lang='lat' dir='ltr'><strong>erat</strong></span> 
     </span>
    </p>
   </div>
   <div class='ocr_carea' id='block_1_73' title="bbox 1988 3189 3558 3260">
    <p class='ocr_par' dir='ltr' id='par_1_73' title="bbox 1988 3189 3558 3260">
     <span class='ocr_line' id='line_1_73' title="bbox 1988 3189 3558 3260; baseline -0.004 -12"><span class='ocrx_word' id='word_1_535' title='bbox 1988 3191 2218 3248; x_wconf 87' lang='lat' dir='ltr'><strong>Verbum</strong></span> <span class='ocrx_word' id='word_1_536' title='bbox 2252 3191 2318 3244; x_wconf 78' lang='grc'><strong>³⁸.</strong></span> <span class='ocrx_word' id='word_1_537' title='bbox 2357 3210 2375 3242; x_wconf 74' lang='grc' dir='ltr'><strong>ι</strong></span> <span class='ocrx_word' id='word_1_538' title='bbox 2413 3189 2574 3246; x_wconf 86' lang='lat' dir='ltr'><strong>Vides</strong></span> <span class='ocrx_word' id='word_1_539' title='bbox 2601 3189 2874 3260; x_wconf 87' lang='lat' dir='ltr'><strong>quomodo</strong></span> <span class='ocrx_word' id='word_1_540' title='bbox 2905 3189 3074 3258; x_wconf 89' lang='lat' dir='ltr'><strong>ipsam</strong></span> <span class='ocrx_word' id='word_1_541' title='bbox 3105 3189 3224 3242; x_wconf 85' lang='lat' dir='ltr'><strong>Filii</strong></span> <span class='ocrx_word' id='word_1_542' title='bbox 3259 3189 3558 3242; x_wconf 82' lang='lat' dir='ltr'><strong>essentiam</strong></span> 
     </span>
    </p>
   </div>
   <div class='ocr_carea' id='block_1_74' title="bbox 1980 3275 3564 3350">
    <p class='ocr_par' dir='ltr' id='par_1_74' title="bbox 1980 3275 3564 3350">
     <span class='ocr_line' id='line_1_74' title="bbox 1980 3275 3564 3350; baseline -0.003 -14"><span class='ocrx_word' id='word_1_543' title='bbox 1980 3283 2094 3336; x_wconf 68' lang='lat' dir='ltr'><strong>haec</strong></span> <span class='ocrx_word' id='word_1_544' title='bbox 2117 3281 2222 3334; x_wconf 84' lang='lat' dir='ltr'><strong>vox&#39;</strong></span> <span class='ocrx_word' id='word_1_545' title='bbox 2247 3279 2568 3349; x_wconf 81' lang='lat' dir='ltr'><strong>explicet,et</strong></span> <span class='ocrx_word' id='word_1_546' title='bbox 2593 3293 2711 3332; x_wconf 89' lang='lat' dir='ltr'><strong>cum</strong></span> <span class='ocrx_word' id='word_1_547' title='bbox 2740 3285 2961 3332; x_wconf 85' lang='lat' dir='ltr'><strong>vocetur</strong></span> <span class='ocrx_word' id='word_1_548' title='bbox 2979 3275 3408 3350; x_wconf 72' lang='lat' dir='ltr'><strong>Verbum,186</strong></span> <span class='ocrx_word' id='word_1_549' title='bbox 3435 3277 3564 3346; x_wconf 85' lang='lat' dir='ltr'><strong>quid</strong></span> 
     </span>
    </p>
   </div>
   <div class='ocr_carea' id='block_1_75' title="bbox 1980 3370 3554 3441">
    <p class='ocr_par' dir='ltr' id='par_1_75' title="bbox 1980 3370 3554 3441">
     <span class='ocr_line' id='line_1_75' title="bbox 1980 3370 3554 3441; baseline -0.001 -15"><span class='ocrx_word' id='word_1_550' title='bbox 1980 3373 2300 3426; x_wconf 88' lang='lat' dir='ltr'><strong>naturaliter</strong></span> <span class='ocrx_word' id='word_1_551' title='bbox 2321 3372 2390 3426; x_wconf 88' lang='lat' dir='ltr'><strong>sit</strong></span> <span class='ocrx_word' id='word_1_552' title='bbox 2413 3371 2717 3441; x_wconf 77' lang='lat' dir='ltr'><strong>significet?</strong></span> <span class='ocrx_word' id='word_1_553' title='bbox 2762 3373 2900 3426; x_wconf 89' lang='lat' dir='ltr'><strong>Deus</strong></span> <span class='ocrx_word' id='word_1_554' title='bbox 2961 3370 3130 3435; x_wconf 87' lang='lat' dir='ltr'><strong>enim,</strong></span> <span class='ocrx_word' id='word_1_555' title='bbox 3191 3371 3384 3440; x_wconf 84' lang='lat' dir='ltr'><strong>inquit,</strong></span> <span class='ocrx_word' id='word_1_556' title='bbox 3433 3377 3554 3426; x_wconf 87' lang='lat' dir='ltr'><strong>erat</strong></span> 
     </span>
    </p>
   </div>
   <div class='ocr_carea' id='block_1_76' title="bbox 1981 3460 3562 3532">
    <p class='ocr_par' dir='ltr' id='par_1_76' title="bbox 1981 3460 3562 3532">
     <span class='ocr_line' id='line_1_76' title="bbox 1981 3460 3562 3532; baseline 0.001 -17"><span class='ocrx_word' id='word_1_557' title='bbox 1981 3462 2236 3517; x_wconf 87' lang='lat' dir='ltr'><strong>Verbum.</strong></span> <span class='ocrx_word' id='word_1_558' title='bbox 2271 3460 2326 3516; x_wconf 90' lang='lat' dir='ltr'><strong>Si</strong></span> <span class='ocrx_word' id='word_1_559' title='bbox 2358 3477 2484 3517; x_wconf 88' lang='lat' dir='ltr'><strong>vero</strong></span> <span class='ocrx_word' id='word_1_560' title='bbox 2505 3477 2607 3516; x_wconf 79' lang='lat' dir='ltr'><strong>vox</strong></span> <span class='ocrx_word' id='word_1_561' title='bbox 2652 3461 2786 3524; x_wconf 68' lang='lat' dir='ltr'><strong>hate.</strong></span> <span class='ocrx_word' id='word_1_562' title='bbox 2829 3461 3073 3528; x_wconf 79' lang='lat' dir='ltr'><strong>Verbum,</strong></span> <span class='ocrx_word' id='word_1_563' title='bbox 3111 3478 3217 3518; x_wconf 92' lang='lat' dir='ltr'><strong>non</strong></span> <span class='ocrx_word' id='word_1_564' title='bbox 3261 3461 3562 3532; x_wconf 80' lang='lat' dir='ltr'><strong>explicaret</strong></span> 
     </span>
    </p>
   </div>
   <div class='ocr_carea' id='block_1_77' title="bbox 1977 3551 3558 3624">
    <p class='ocr_par' dir='ltr' id='par_1_77' title="bbox 1977 3551 3558 3624">
     <span class='ocr_line' id='line_1_77' title="bbox 1977 3551 3558 3624; baseline -0.001 -16"><span class='ocrx_word' id='word_1_565' title='bbox 1977 3555 2150 3622; x_wconf 84' lang='lat' dir='ltr'><strong>ipsam</strong></span> <span class='ocrx_word' id='word_1_566' title='bbox 2187 3562 2434 3608; x_wconf 88' lang='lat' dir='ltr'><strong>naturam</strong></span> <span class='ocrx_word' id='word_1_567' title='bbox 2483 3562 2646 3624; x_wconf 90' lang='lat' dir='ltr'><strong>atque</strong></span> <span class='ocrx_word' id='word_1_568' title='bbox 2672 3554 2966 3608; x_wconf 82' lang='lat' dir='ltr'><strong>essentiam</strong></span> <span class='ocrx_word' id='word_1_569' title='bbox 2993 3553 3148 3619; x_wconf 85' lang='lat' dir='ltr'><strong>Filii,</strong></span> <span class='ocrx_word' id='word_1_570' title='bbox 3185 3553 3327 3608; x_wconf 83' lang='lat' dir='ltr'><strong>aliud</strong></span> <span class='ocrx_word' id='word_1_571' title='bbox 3355 3551 3558 3624; x_wconf 86' lang='lat' dir='ltr'><strong>aliquid</strong></span> 
     </span>
    </p>
   </div>
   <div class='ocr_carea' id='block_1_78' title="bbox 1977 3642 3550 3714">
    <p class='ocr_par' dir='ltr' id='par_1_78' title="bbox 1977 3642 3550 3714">
     <span class='ocr_line' id='line_1_78' title="bbox 1977 3642 3550 3714; baseline -0.002 -17"><span class='ocrx_word' id='word_1_572' title='bbox 1977 3643 2220 3714; x_wconf 83' lang='lat' dir='ltr'><strong>profecto</strong></span> <span class='ocrx_word' id='word_1_573' title='bbox 2265 3642 2556 3712; x_wconf 71' lang='lat' dir='ltr'><strong>significat.</strong></span> <span class='ocrx_word' id='word_1_574' title='bbox 2615 3643 2973 3710; x_wconf 63' lang='lat' dir='ltr'><strong>Queereudum</strong></span> <span class='ocrx_word' id='word_1_575' title='bbox 3035 3657 3198 3712; x_wconf 89' lang='lat' dir='ltr'><strong>porro</strong></span> <span class='ocrx_word' id='word_1_576' title='bbox 3233 3643 3391 3697; x_wconf 88' lang='lat' dir='ltr'><strong>nobis</strong></span> <span class='ocrx_word' id='word_1_577' title='bbox 3441 3649 3550 3706; x_wconf 85' lang='lat' dir='ltr'><strong>est,</strong></span> 
     </span>
    </p>
   </div>
   <div class='ocr_carea' id='block_1_79' title="bbox 1977 3732 3563 3804">
    <p class='ocr_par' dir='ltr' id='par_1_79' title="bbox 1977 3732 3563 3804">
     <span class='ocr_line' id='line_1_79' title="bbox 1977 3732 3563 3804; baseline -0.001 -16"><span class='ocrx_word' id='word_1_578' title='bbox 1977 3736 2233 3804; x_wconf 86' lang='lat' dir='ltr'><strong>quidnam</strong></span> <span class='ocrx_word' id='word_1_579' title='bbox 2267 3745 2456 3789; x_wconf 89' lang='lat' dir='ltr'><strong>natura</strong></span> <span class='ocrx_word' id='word_1_580' title='bbox 2486 3734 2936 3790; x_wconf 84' lang='lat' dir='ltr'><strong>exsistensFilius</strong></span> <span class='ocrx_word' id='word_1_581' title='bbox 2995 3745 3224 3790; x_wconf 87' lang='lat' dir='ltr'><strong>vocatus</strong></span> <span class='ocrx_word' id='word_1_582' title='bbox 3288 3735 3359 3788; x_wconf 90' lang='lat' dir='ltr'><strong>sit</strong></span> <span class='ocrx_word' id='word_1_583' title='bbox 3425 3732 3563 3788; x_wconf 84' lang='lat' dir='ltr'><strong>Ver-</strong></span> 
     </span>
    </p>
   </div>
   <div class='ocr_carea' id='block_1_80' title="bbox 1976 3825 3558 3895">
    <p class='ocr_par' dir='ltr' id='par_1_80' title="bbox 1976 3825 3558 3895">
     <span class='ocr_line' id='line_1_80' title="bbox 1976 3825 3558 3895; baseline -0.003 -15"><span class='ocrx_word' id='word_1_584' title='bbox 1976 3827 2125 3891; x_wconf 89' lang='lat' dir='ltr'><strong>bum,</strong></span> <span class='ocrx_word' id='word_1_585' title='bbox 2149 3826 2247 3880; x_wconf 88' lang='lat' dir='ltr'><strong>nisi</strong></span> <span class='ocrx_word' id='word_1_586' title='bbox 2266 3841 2361 3880; x_wconf 79' lang='lat' dir='ltr'><strong>vox</strong></span> <span class='ocrx_word' id='word_1_587' title='bbox 2387 3827 2498 3881; x_wconf 78' lang='lat' dir='ltr'><strong>luec</strong></span> <span class='ocrx_word' id='word_1_588' title='bbox 2517 3827 2804 3890; x_wconf 79' lang='lat' dir='ltr'><strong>essentiam</strong></span> <span class='ocrx_word' id='word_1_589' title='bbox 2835 3825 3004 3894; x_wconf 88' lang='lat' dir='ltr'><strong>ipsius</strong></span> <span class='ocrx_word' id='word_1_590' title='bbox 3026 3827 3317 3895; x_wconf 77' lang='lat' dir='ltr'><strong>significat.</strong></span> <span class='ocrx_word' id='word_1_591' title='bbox 3354 3827 3558 3889; x_wconf 84' lang='lat' dir='ltr'><strong>Queru-</strong></span> 
     </span>
    </p>
   </div>
   <div class='ocr_carea' id='block_1_81' title="bbox 1975 3917 3558 3987">
    <p class='ocr_par' dir='ltr' id='par_1_81' title="bbox 1975 3917 3558 3987">
     <span class='ocr_line' id='line_1_81' title="bbox 1975 3917 3558 3987; baseline -0.003 -16"><span class='ocrx_word' id='word_1_592' title='bbox 1975 3919 2260 3972; x_wconf 82' lang='lat' dir='ltr'><strong>admodum</strong></span> <span class='ocrx_word' id='word_1_593' title='bbox 2299 3918 2342 3971; x_wconf 91' lang='lat' dir='ltr'><strong>si</strong></span> <span class='ocrx_word' id='word_1_594' title='bbox 2376 3918 2496 3987; x_wconf 86' lang='lat' dir='ltr'><strong>quis</strong></span> <span class='ocrx_word' id='word_1_595' title='bbox 2543 3917 2751 3970; x_wconf 81' lang='lat' dir='ltr'><strong>labrum</strong></span> <span class='ocrx_word' id='word_1_596' title='bbox 2789 3927 2881 3970; x_wconf 86' lang='lat' dir='ltr'><strong>aut</strong></span> <span class='ocrx_word' id='word_1_597' title='bbox 2918 3917 3235 3968; x_wconf 88' lang='lat' dir='ltr'><strong>statuarium</strong></span> <span class='ocrx_word' id='word_1_598' title='bbox 3263 3957 3276 3976; x_wconf 86' lang='lat'><strong>,</strong></span> <span class='ocrx_word' id='word_1_599' title='bbox 3329 3925 3420 3968; x_wconf 89' lang='lat' dir='ltr'><strong>aut</strong></span> <span class='ocrx_word' id='word_1_600' title='bbox 3457 3929 3558 3966; x_wconf 83' lang='lat' dir='ltr'><strong>no-</strong></span> 
     </span>
    </p>
   </div>
   <div class='ocr_carea' id='block_1_82' title="bbox 1976 4004 3553 4076">
    <p class='ocr_par' dir='ltr' id='par_1_82' title="bbox 1976 4004 3553 4076">
     <span class='ocr_line' id='line_1_82' title="bbox 1976 4004 3553 4076; baseline -0.004 -13"><span class='ocrx_word' id='word_1_601' title='bbox 1976 4009 2169 4063; x_wconf 85' lang='lat' dir='ltr'><strong>tarium</strong></span> <span class='ocrx_word' id='word_1_602' title='bbox 2201 4009 2367 4072; x_wconf 90' lang='lat' dir='ltr'><strong>dicat,</strong></span> <span class='ocrx_word' id='word_1_603' title='bbox 2403 4024 2510 4062; x_wconf 91' lang='lat' dir='ltr'><strong>non</strong></span> <span class='ocrx_word' id='word_1_604' title='bbox 2555 4007 2682 4076; x_wconf 86' lang='lat' dir='ltr'><strong>quid</strong></span> <span class='ocrx_word' id='word_1_605' title='bbox 2749 4007 3076 4058; x_wconf 82' lang='lat' dir='ltr'><strong>naturaliter</strong></span> <span class='ocrx_word' id='word_1_606' title='bbox 3147 4005 3240 4064; x_wconf 82' lang='lat' dir='ltr'><strong>sit,</strong></span> <span class='ocrx_word' id='word_1_607' title='bbox 3271 4004 3366 4056; x_wconf 88' lang='lat' dir='ltr'><strong>sed</strong></span> <span class='ocrx_word' id='word_1_608' title='bbox 3394 4004 3553 4072; x_wconf 83' lang='lat' dir='ltr'><strong>quale</strong></span> 
     </span>
    </p>
   </div>
   <div class='ocr_carea' id='block_1_83' title="bbox 1975 4093 3556 4162">
    <p class='ocr_par' dir='ltr' id='par_1_83' title="bbox 1975 4093 3556 4162">
     <span class='ocr_line' id='line_1_83' title="bbox 1975 4093 3556 4162; baseline -0.004 -9"><span class='ocrx_word' id='word_1_609' title='bbox 1975 4103 2096 4154; x_wconf 72' lang='lat' dir='ltr'><strong>vitae</strong></span> <span class='ocrx_word' id='word_1_610' title='bbox 2125 4102 2428 4154; x_wconf 90' lang='lat' dir='ltr'><strong>institutum</strong></span> <span class='ocrx_word' id='word_1_611' title='bbox 2465 4108 2724 4161; x_wconf 86' lang='lat' dir='ltr'><strong>sectetur,</strong></span> <span class='ocrx_word' id='word_1_612' title='bbox 2755 4095 3008 4162; x_wconf 80' lang='lat' dir='ltr'><strong>explicat.</strong></span> <span class='ocrx_word' id='word_1_613' title='bbox 3051 4093 3106 4147; x_wconf 91' lang='lat' dir='ltr'><strong>Si</strong></span> <span class='ocrx_word' id='word_1_614' title='bbox 3135 4109 3264 4162; x_wconf 81' lang='lat' dir='ltr'><strong>ergo</strong></span> <span class='ocrx_word' id='word_1_615' title='bbox 3300 4109 3397 4146; x_wconf 75' lang='lat' dir='ltr'><strong>vox</strong></span> <span class='ocrx_word' id='word_1_616' title='bbox 3423 4096 3556 4160; x_wconf 52' lang='lat' dir='ltr'><strong>hare,</strong></span> 
     </span>
    </p>
   </div>
   <div class='ocr_carea' id='block_1_84' title="bbox 1984 4185 3559 4256">
    <p class='ocr_par' dir='ltr' id='par_1_84' title="bbox 1984 4185 3559 4256">
     <span class='ocr_line' id='line_1_84' title="bbox 1984 4185 3559 4256; baseline -0.003 -11"><span class='ocrx_word' id='word_1_617' title='bbox 1984 4190 2232 4256; x_wconf 84' lang='lat' dir='ltr'><strong>Verbum,</strong></span> <span class='ocrx_word' id='word_1_618' title='bbox 2264 4191 2549 4245; x_wconf 85' lang='lat' dir='ltr'><strong>essentiam</strong></span> <span class='ocrx_word' id='word_1_619' title='bbox 2585 4188 2710 4242; x_wconf 81' lang='lat' dir='ltr'><strong>Filii</strong></span> <span class='ocrx_word' id='word_1_620' title='bbox 2745 4203 2847 4240; x_wconf 89' lang='lat' dir='ltr'><strong>non</strong></span> <span class='ocrx_word' id='word_1_621' title='bbox 2867 4185 3154 4254; x_wconf 76' lang='lat' dir='ltr'><strong>signiﬁcat,</strong></span> <span class='ocrx_word' id='word_1_622' title='bbox 3193 4201 3365 4254; x_wconf 87' lang='lat' dir='ltr'><strong>neque</strong></span> <span class='ocrx_word' id='word_1_623' title='bbox 3391 4186 3559 4254; x_wconf 88' lang='lat' dir='ltr'><strong>ipsius</strong></span> 
     </span>
    </p>
   </div>
   <div class='ocr_carea' id='block_1_85' title="bbox 1975 4277 3556 4348">
    <p class='ocr_par' dir='ltr' id='par_1_85' title="bbox 1975 4277 3556 4348">
     <span class='ocr_line' id='line_1_85' title="bbox 1975 4277 3556 4348; baseline -0.002 -12"><span class='ocrx_word' id='word_1_624' title='bbox 1975 4293 2218 4336; x_wconf 88' lang='lat' dir='ltr'><strong>naturam</strong></span> <span class='ocrx_word' id='word_1_625' title='bbox 2248 4281 2508 4344; x_wconf 88' lang='lat' dir='ltr'><strong>declarat,</strong></span> <span class='ocrx_word' id='word_1_626' title='bbox 2545 4280 2637 4334; x_wconf 92' lang='lat' dir='ltr'><strong>sed</strong></span> <span class='ocrx_word' id='word_1_627' title='bbox 2675 4279 2799 4333; x_wconf 77' lang='lat' dir='ltr'><strong>vitze</strong></span> <span class='ocrx_word' id='word_1_628' title='bbox 2840 4279 3007 4348; x_wconf 90' lang='lat' dir='ltr'><strong>ipsius</strong></span> <span class='ocrx_word' id='word_1_629' title='bbox 3053 4277 3386 4344; x_wconf 86' lang='lat' dir='ltr'><strong>institutum,</strong></span> <span class='ocrx_word' id='word_1_630' title='bbox 3458 4293 3556 4333; x_wconf 89' lang='lat' dir='ltr'><strong>cur</strong></span> 
     </span>
    </p>
   </div>
   <div class='ocr_carea' id='block_1_86' title="bbox 1973 4367 3559 4440">
    <p class='ocr_par' dir='ltr' id='par_1_86' title="bbox 1973 4367 3559 4440">
     <span class='ocr_line' id='line_1_86' title="bbox 1973 4367 3559 4440; baseline 0.001 -16"><span class='ocrx_word' id='word_1_631' title='bbox 1973 4371 2174 4426; x_wconf 76' lang='lat' dir='ltr'><strong>frustra</strong></span> <span class='ocrx_word' id='word_1_632' title='bbox 2218 4371 2602 4440; x_wconf 80' lang='lat' dir='ltr'><strong>evangelistam</strong></span> <span class='ocrx_word' id='word_1_633' title='bbox 2642 4369 3014 4424; x_wconf 88' lang='lat' dir='ltr'><strong>admiramur?</strong></span> <span class='ocrx_word' id='word_1_634' title='bbox 3061 4367 3165 4423; x_wconf 85' lang='lat' dir='ltr'><strong>Aut</strong></span> <span class='ocrx_word' id='word_1_635' title='bbox 3206 4383 3302 4424; x_wconf 90' lang='lat' dir='ltr'><strong>cur</strong></span> <span class='ocrx_word' id='word_1_636' title='bbox 3328 4385 3448 4425; x_wconf 90' lang='lat' dir='ltr'><strong>eum</strong></span> <span class='ocrx_word' id='word_1_637' title='bbox 3493 4371 3559 4426; x_wconf 86' lang='lat' dir='ltr'><strong>li-</strong></span> 
     </span>
    </p>
   </div>
   <div class='ocr_carea' id='block_1_87' title="bbox 1973 4461 3560 4533">
    <p class='ocr_par' dir='ltr' id='par_1_87' title="bbox 1973 4461 3560 4533">
     <span class='ocr_line' id='line_1_87' title="bbox 1973 4461 3560 4533; baseline 0.004 -21"><span class='ocrx_word' id='word_1_638' title='bbox 1973 4461 2100 4512; x_wconf 90' lang='lat' dir='ltr'><strong>lium</strong></span> <span class='ocrx_word' id='word_1_639' title='bbox 2141 4462 2362 4515; x_wconf 89' lang='lat' dir='ltr'><strong>touitrui</strong></span> <span class='ocrx_word' id='word_1_640' title='bbox 2395 4477 2672 4528; x_wconf 86' lang='lat' dir='ltr'><strong>vocamus,</strong></span> <span class='ocrx_word' id='word_1_641' title='bbox 2729 4463 2881 4533; x_wconf 83' lang='lat' dir='ltr'><strong>quasi</strong></span> <span class='ocrx_word' id='word_1_642' title='bbox 2935 4477 3190 4530; x_wconf 84' lang='lat' dir='ltr'><strong>magnum</strong></span> <span class='ocrx_word' id='word_1_643' title='bbox 3251 4463 3451 4533; x_wconf 89' lang='lat' dir='ltr'><strong>aliquid</strong></span> <span class='ocrx_word' id='word_1_644' title='bbox 3501 4473 3560 4519; x_wconf 85' lang='lat' dir='ltr'><strong>et</strong></span> 
     </span>
    </p>
   </div>
   <div class='ocr_carea' id='block_1_88' title="bbox 292 4546 1876 4624">
    <p class='ocr_par' dir='ltr' id='par_1_88' title="bbox 292 4546 1869 4620">
     <span class='ocr_line' id='line_1_88' title="bbox 292 4546 1869 4620; baseline 0.004 -22"><span class='ocrx_word' id='word_1_645' title='bbox 292 4546 486 4598; x_wconf 82' lang='grc' dir='ltr'>Καίτοι</span> <span class='ocrx_word' id='word_1_646' title='bbox 543 4548 755 4610; x_wconf 78' lang='grc' dir='ltr'>πολλοῖς</span> <span class='ocrx_word' id='word_1_647' title='bbox 800 4549 1009 4620; x_wconf 79' lang='grc' dir='ltr'>ἑτέροις</span> <span class='ocrx_word' id='word_1_648' title='bbox 1047 4549 1306 4619; x_wconf 83' lang='grc' dir='ltr'><strong>ὀνόμασιν</strong></span> <span class='ocrx_word' id='word_1_649' title='bbox 1348 4549 1731 4620; x_wconf 81' lang='grc' dir='ltr'>ἀποκαλούσης</span> <span class='ocrx_word' id='word_1_650' title='bbox 1777 4553 1869 4604; x_wconf 83' lang='grc' dir='ltr'><strong>τὸν</strong></span> 
     </span>
    </p>
   </div>
   <div class='ocr_carea' id='block_1_89' title="bbox 1980 4546 3552 4624">
    <p class='ocr_par' dir='ltr' id='par_1_89' title="bbox 1980 4551 3552 4622">
     <span class='ocr_line' id='line_1_89' title="bbox 1980 4551 3552 4622; baseline 0.003 -17"><span class='ocrx_word' id='word_1_651' title='bbox 1980 4551 2202 4606; x_wconf 86' lang='lat' dir='ltr'><strong>sublime</strong></span> <span class='ocrx_word' id='word_1_652' title='bbox 2233 4553 2460 4608; x_wconf 80' lang='lat' dir='ltr'><strong>dixerit?</strong></span> <span class='ocrx_word' id='word_1_653' title='bbox 2493 4554 2652 4622; x_wconf 82' lang='lat' dir='ltr'><strong>Atqui</strong></span> <span class='ocrx_word' id='word_1_654' title='bbox 2685 4569 2808 4608; x_wconf 91' lang='lat' dir='ltr'><strong>cum</strong></span> <span class='ocrx_word' id='word_1_655' title='bbox 2847 4554 3030 4608; x_wconf 90' lang='lat' dir='ltr'><strong>multis</strong></span> <span class='ocrx_word' id='word_1_656' title='bbox 3077 4556 3197 4608; x_wconf 89' lang='lat' dir='ltr'><strong>aliis</strong></span> <span class='ocrx_word' id='word_1_657' title='bbox 3239 4555 3552 4610; x_wconf 84' lang='lat' dir='ltr'><strong>nominibus</strong></span> 
     </span>
    </p>
   </div>
   <div class='ocr_carea' id='block_1_90' title="bbox 291 4636 1864 4716">
    <p class='ocr_par' dir='ltr' id='par_1_90' title="bbox 291 4636 1864 4716">
     <span class='ocr_line' id='line_1_90' title="bbox 291 4636 1864 4716; baseline 0.006 -28"><span class='ocrx_word' id='word_1_658' title='bbox 291 4636 414 4690; x_wconf 81' lang='grc' dir='ltr'>Υίὺν</span> <span class='ocrx_word' id='word_1_659' title='bbox 437 4638 536 4708; x_wconf 83' lang='grc' dir='ltr'>τῆς</span> <span class='ocrx_word' id='word_1_660' title='bbox 569 4637 719 4702; x_wconf 84' lang='grc' dir='ltr'><strong>θείας</strong></span> <span class='ocrx_word' id='word_1_661' title='bbox 750 4641 788 4691; x_wconf 89' lang='grc' dir='ltr'><strong>Γ</strong></span> <span class='ocrx_word' id='word_1_662' title='bbox 795 4643 989 4711; x_wconf 73' lang='grc' dir='ltr'><strong>ραφῆς,</strong></span> <span class='ocrx_word' id='word_1_663' title='bbox 1021 4640 1156 4694; x_wconf 77' lang='grc' dir='ltr'>ἀλλὰ</span> <span class='ocrx_word' id='word_1_664' title='bbox 1179 4641 1350 4710; x_wconf 87' lang='grc' dir='ltr'><strong>Λόγον</strong></span> <span class='ocrx_word' id='word_1_665' title='bbox 1381 4643 1617 4714; x_wconf 83' lang='grc' dir='ltr'><strong>εἰρηκὼς</strong></span> <span class='ocrx_word' id='word_1_666' title='bbox 1639 4683 1653 4708; x_wconf 91' lang='grc'><strong>,</strong></span> <span class='ocrx_word' id='word_1_667' title='bbox 1685 4644 1864 4716; x_wconf 82' lang='grc' dir='ltr'>παρά-</span> 
     </span>
    </p>
   </div>
   <div class='ocr_carea' id='block_1_91' title="bbox 289 4725 1867 4808">
    <p class='ocr_par' dir='ltr' id='par_1_91' title="bbox 289 4725 1867 4808">
     <span class='ocr_line' id='line_1_91' title="bbox 289 4725 1867 4808; baseline 0.008 -31"><span class='ocrx_word' id='word_1_668' title='bbox 289 4725 436 4791; x_wconf 81' lang='grc' dir='ltr'><strong>δοξόν</strong></span> <span class='ocrx_word' id='word_1_669' title='bbox 465 4746 515 4781; x_wconf 90' lang='grc' dir='ltr'>τι</span> <span class='ocrx_word' id='word_1_670' title='bbox 543 4729 636 4782; x_wconf 72' lang='grc' dir='ltr'><strong>καὶ</strong></span> <span class='ocrx_word' id='word_1_671' title='bbox 662 4731 939 4802; x_wconf 72' lang='grc' dir='ltr'>ὑπερφυὲς</span> <span class='ocrx_word' id='word_1_672' title='bbox 979 4731 1314 4800; x_wconf 76' lang='grc' dir='ltr'><strong>ἐφθέγξατοο</strong></span> <span class='ocrx_word' id='word_1_673' title='bbox 1357 4733 1452 4786; x_wconf 74' lang='grc' dir='ltr'>καὶ</span> <span class='ocrx_word' id='word_1_674' title='bbox 1499 4735 1648 4787; x_wconf 81' lang='grc' dir='ltr'><strong>οὐδὲν</strong></span> <span class='ocrx_word' id='word_1_675' title='bbox 1680 4736 1867 4808; x_wconf 71' lang='grc' dir='ltr'><strong>ἕτερον</strong></span> 
     </span>
    </p>
   </div>
   <div class='ocr_carea' id='block_1_92' title="bbox 289 4817 1862 4894">
    <p class='ocr_par' dir='ltr' id='par_1_92' title="bbox 289 4817 1862 4894">
     <span class='ocr_line' id='line_1_92' title="bbox 289 4817 1862 4894; baseline 0.01 -28"><span class='ocrx_word' id='word_1_676' title='bbox 289 4817 374 4867; x_wconf 81' lang='grc' dir='ltr'><strong>ἐπ’</strong></span> <span class='ocrx_word' id='word_1_677' title='bbox 402 4819 550 4888; x_wconf 81' lang='grc' dir='ltr'><strong>αὐτῷ</strong></span> <span class='ocrx_word' id='word_1_678' title='bbox 578 4821 983 4889; x_wconf 78' lang='grc' dir='ltr'><strong>προστέθεικεν,</strong></span> <span class='ocrx_word' id='word_1_679' title='bbox 1002 4817 1114 4874; x_wconf 74' lang='grc' dir='ltr'><strong>οἷον</strong></span> <span class='ocrx_word' id='word_1_680' title='bbox 1134 4823 1225 4874; x_wconf 77' lang='grc' dir='ltr'><strong>ἐπὶ</strong></span> <span class='ocrx_word' id='word_1_681' title='bbox 1243 4823 1333 4876; x_wconf 76' lang='grc' dir='ltr'><strong>τοῦ</strong></span> <span class='ocrx_word' id='word_1_682' title='bbox 1357 4825 1566 4878; x_wconf 82' lang='grc' dir='ltr'>Παύλου</span> <span class='ocrx_word' id='word_1_683' title='bbox 1591 4827 1862 4894; x_wconf 73' lang='grc' dir='ltr'><strong>φαίνεται,</strong></span> 
     </span>
    </p>
   </div>
   <div class='ocr_carea' id='block_1_93' title="bbox 287 4907 1863 4986">
    <p class='ocr_par' dir='ltr' id='par_1_93' title="bbox 287 4907 1863 4986">
     <span class='ocr_line' id='line_1_93' title="bbox 287 4907 1863 4986; baseline 0.008 -27"><span class='ocrx_word' id='word_1_684' title='bbox 287 4907 369 4970; x_wconf 73' lang='grc' dir='ltr'><strong>τὸ,</strong></span> <span class='ocrx_word' id='word_1_685' title='bbox 398 4928 416 4960; x_wconf 78' lang='grc' dir='ltr'>ι</span> <span class='ocrx_word' id='word_1_686' title='bbox 445 4910 657 4974; x_wconf 82' lang='grc' dir='ltr'>Παῦλος</span> <span class='ocrx_word' id='word_1_687' title='bbox 692 4912 1014 4978; x_wconf 79' lang='grc' dir='ltr'>ἀπόστολος.</span> <span class='ocrx_word' id='word_1_688' title='bbox 1055 4933 1073 4964; x_wconf 75' lang='grc' dir='ltr'><strong>ι</strong></span> <span class='ocrx_word' id='word_1_689' title='bbox 1117 4915 1392 4984; x_wconf 79' lang='grc' dir='ltr'><strong>Ἦρκέσθη</strong></span> <span class='ocrx_word' id='word_1_690' title='bbox 1446 4917 1502 4968; x_wconf 85' lang='grc' dir='ltr'><strong>δὲ</strong></span> <span class='ocrx_word' id='word_1_691' title='bbox 1548 4918 1625 4986; x_wconf 83' lang='grc' dir='ltr'><strong>τῷ</strong></span> <span class='ocrx_word' id='word_1_692' title='bbox 1666 4919 1863 4982; x_wconf 84' lang='grc' dir='ltr'><strong>εἰπεῖν,</strong></span> 
     </span>
    </p>
   </div>
   <div class='ocr_carea' id='block_1_94' title="bbox 290 5001 1867 5078">
    <p class='ocr_par' dir='ltr' id='par_1_94' title="bbox 290 5001 1867 5078">
     <span class='ocr_line' id='line_1_94' title="bbox 290 5001 1867 5078; baseline 0.006 -25"><span class='ocrx_word' id='word_1_693' title='bbox 290 5001 482 5070; x_wconf 87' lang='grc' dir='ltr'><strong>Λόγον,</strong></span> <span class='ocrx_word' id='word_1_694' title='bbox 515 5007 594 5068; x_wconf 87' lang='grc' dir='ltr'><strong>είς</strong></span> <span class='ocrx_word' id='word_1_695' title='bbox 622 5005 682 5057; x_wconf 83' lang='grc' dir='ltr'>τὸ</span> <span class='ocrx_word' id='word_1_696' title='bbox 711 5007 1064 5077; x_wconf 81' lang='grc' dir='ltr'>παραστῆσαι</span> <span class='ocrx_word' id='word_1_697' title='bbox 1093 5006 1182 5059; x_wconf 76' lang='grc' dir='ltr'>τοῦ</span> <span class='ocrx_word' id='word_1_698' title='bbox 1218 5007 1346 5060; x_wconf 81' lang='grc' dir='ltr'><strong>Υίοῦ</strong></span> <span class='ocrx_word' id='word_1_699' title='bbox 1379 5009 1476 5078; x_wconf 82' lang='grc' dir='ltr'><strong>τὴν</strong></span> <span class='ocrx_word' id='word_1_700' title='bbox 1517 5009 1725 5061; x_wconf 73' lang='grc' dir='ltr'>οὐσίαν.</span> <span class='ocrx_word' id='word_1_701' title='bbox 1757 5011 1867 5062; x_wconf 82' lang='grc' dir='ltr'><strong>Λύ-</strong></span> 
     </span>
    </p>
   </div>
   <div class='ocr_carea' id='block_1_95' title="bbox 288 5093 1866 5170">
    <p class='ocr_par' dir='ltr' id='par_1_95' title="bbox 288 5093 1866 5170">
     <span class='ocr_line' id='line_1_95' title="bbox 288 5093 1866 5170; baseline 0.001 -21"><span class='ocrx_word' id='word_1_702' title='bbox 288 5093 375 5155; x_wconf 64' lang='lat'><strong>76;</strong></span> <span class='ocrx_word' id='word_1_703' title='bbox 409 5095 514 5164; x_wconf 81' lang='grc' dir='ltr'>ἄρα</span> <span class='ocrx_word' id='word_1_704' title='bbox 549 5097 699 5150; x_wconf 72' lang='grc' dir='ltr'>ἐστὶν</span> <span class='ocrx_word' id='word_1_705' title='bbox 728 5101 756 5151; x_wconf 88' lang='grc' dir='ltr'><em>ὀ</em></span> <span class='ocrx_word' id='word_1_706' title='bbox 780 5098 1032 5168; x_wconf 80' lang='grc' dir='ltr'><strong>ἀληθινὸς</strong></span> <span class='ocrx_word' id='word_1_707' title='bbox 1060 5099 1230 5168; x_wconf 83' lang='grc' dir='ltr'><strong>Λόγος</strong></span> <span class='ocrx_word' id='word_1_708' title='bbox 1267 5099 1360 5152; x_wconf 80' lang='grc' dir='ltr'><strong>τοῦ</strong></span> <span class='ocrx_word' id='word_1_709' title='bbox 1380 5098 1630 5167; x_wconf 68' lang='grc' dir='ltr'><strong>Πατρός,</strong></span> <span class='ocrx_word' id='word_1_710' title='bbox 1659 5099 1754 5152; x_wconf 73' lang='grc' dir='ltr'><strong>καὶ</strong></span> <span class='ocrx_word' id='word_1_711' title='bbox 1769 5101 1866 5170; x_wconf 77' lang='grc' dir='ltr'><strong>οὐχ</strong></span> 
     </span>
    </p>
   </div>
   <div class='ocr_carea' id='block_1_96' title="bbox 289 5183 1003 5261">
    <p class='ocr_par' dir='ltr' id='par_1_96' title="bbox 289 5183 1003 5261">
     <span class='ocr_line' id='line_1_96' title="bbox 289 5183 1003 5261; baseline 0.014 -27"><span class='ocrx_word' id='word_1_712' title='bbox 289 5183 475 5256; x_wconf 73' lang='grc' dir='ltr'>ἕτερός</span> <span class='ocrx_word' id='word_1_713' title='bbox 500 5205 580 5252; x_wconf 79' lang='grc' dir='ltr'>τις</span> <span class='ocrx_word' id='word_1_714' title='bbox 613 5192 747 5261; x_wconf 86' lang='grc' dir='ltr'>παρ’</span> <span class='ocrx_word' id='word_1_715' title='bbox 777 5192 1003 5244; x_wconf 80' lang='grc' dir='ltr'><strong>ἐκεῖνον.</strong></span> 
     </span>
    </p>
   </div>
   <div class='ocr_carea' id='block_1_97' title="bbox 975 5305 1176 5358">
    <p class='ocr_par' dir='ltr' id='par_1_97' title="bbox 975 5305 1176 5358">
     <span class='ocr_line' id='line_1_97' title="bbox 975 5305 1176 5358; baseline 0.01 -2"><span class='ocrx_word' id='word_1_716' title='bbox 975 5305 1176 5358; x_wconf 83' lang='grc' dir='ltr'><strong>ΛΛΛΟ.</strong></span> 
     </span>
    </p>
   </div>
   <div class='ocr_carea' id='block_1_98' title="bbox 355 5415 1864 5488">
    <p class='ocr_par' dir='ltr' id='par_1_98' title="bbox 355 5415 1864 5488">
     <span class='ocr_line' id='line_1_98' title="bbox 355 5415 1864 5488; baseline 0 -20"><span class='ocrx_word' id='word_1_717' title='bbox 355 5417 416 5468; x_wconf 87' lang='grc' dir='ltr'><strong>Εἰ</strong></span> <span class='ocrx_word' id='word_1_718' title='bbox 437 5415 744 5485; x_wconf 78' lang='grc' dir='ltr'><strong>διὰταύτην</strong></span> <span class='ocrx_word' id='word_1_719' title='bbox 771 5417 1102 5488; x_wconf 78' lang='grc' dir='ltr'>ὑπειλήφασι</span> <span class='ocrx_word' id='word_1_720' title='bbox 1144 5419 1241 5488; x_wconf 83' lang='grc' dir='ltr'><strong>τὴν</strong></span> <span class='ocrx_word' id='word_1_721' title='bbox 1274 5419 1450 5471; x_wconf 84' lang='grc' dir='ltr'><strong>αἰτίαν</strong></span> <span class='ocrx_word' id='word_1_722' title='bbox 1483 5421 1530 5471; x_wconf 86' lang='grc' dir='ltr'><strong>οἱ</strong></span> <span class='ocrx_word' id='word_1_723' title='bbox 1571 5419 1864 5488; x_wconf 82' lang='grc' dir='ltr'>χριστομὰ-</span> 
     </span>
    </p>
   </div>
   <div class='ocr_carea' id='block_1_99' title="bbox 285 5505 1864 5581">
    <p class='ocr_par' dir='ltr' id='par_1_99' title="bbox 285 5505 1864 5581">
     <span class='ocr_line' id='line_1_99' title="bbox 285 5505 1864 5581; baseline 0.001 -21"><span class='ocrx_word' id='word_1_724' title='bbox 285 5524 366 5578; x_wconf 87' lang='grc' dir='ltr'><strong>χοι</strong></span> <span class='ocrx_word' id='word_1_725' title='bbox 399 5509 473 5578; x_wconf 85' lang='grc' dir='ltr'><strong>μὴ</strong></span> <span class='ocrx_word' id='word_1_726' title='bbox 503 5505 640 5562; x_wconf 81' lang='grc' dir='ltr'><strong>εἶναι</strong></span> <span class='ocrx_word' id='word_1_727' title='bbox 670 5509 764 5562; x_wconf 83' lang='grc' dir='ltr'><strong>τὸν</strong></span> <span class='ocrx_word' id='word_1_728' title='bbox 787 5509 915 5562; x_wconf 80' lang='grc' dir='ltr'>Υίὸν</span> <span class='ocrx_word' id='word_1_729' title='bbox 944 5511 1229 5578; x_wconf 83' lang='grc' dir='ltr'><strong>όμοούσιον</strong></span> <span class='ocrx_word' id='word_1_730' title='bbox 1253 5509 1329 5578; x_wconf 81' lang='grc' dir='ltr'>τῷ</span> <span class='ocrx_word' id='word_1_731' title='bbox 1362 5512 1472 5562; x_wconf 67' lang='lat' dir='ltr'><strong>Ila:</strong></span> <span class='ocrx_word' id='word_1_732' title='bbox 1486 5511 1555 5578; x_wconf 76' lang='grc' dir='ltr'>ρὶ,</span> <span class='ocrx_word' id='word_1_733' title='bbox 1577 5510 1700 5561; x_wconf 76' lang='grc' dir='ltr'><strong>ἐπεὶ</strong></span> <span class='ocrx_word' id='word_1_734' title='bbox 1729 5513 1864 5581; x_wconf 79' lang='grc' dir='ltr'><strong>μήτε</strong></span> 
     </span>
    </p>
   </div>
   <div class='ocr_carea' id='block_1_100' title="bbox 280 5599 1865 5670">
    <p class='ocr_par' dir='ltr' id='par_1_100' title="bbox 280 5599 1865 5670">
     <span class='ocr_line' id='line_1_100' title="bbox 280 5599 1865 5670; baseline 0.001 -19"><span class='ocrx_word' id='word_1_735' title='bbox 280 5600 310 5651; x_wconf 92' lang='lat'><strong>6</strong></span> <span class='ocrx_word' id='word_1_736' title='bbox 337 5599 518 5670; x_wconf 78' lang='grc' dir='ltr'>Πατὴρ</span> <span class='ocrx_word' id='word_1_737' title='bbox 549 5600 726 5668; x_wconf 84' lang='grc' dir='ltr'><strong>Λόγος</strong></span> <span class='ocrx_word' id='word_1_738' title='bbox 760 5599 900 5661; x_wconf 77' lang='grc' dir='ltr'>ἐστὶ,</span> <span class='ocrx_word' id='word_1_739' title='bbox 936 5601 1074 5670; x_wconf 85' lang='grc' dir='ltr'><strong>μήτε</strong></span> <span class='ocrx_word' id='word_1_740' title='bbox 1109 5602 1136 5652; x_wconf 89' lang='lat'><strong>6</strong></span> <span class='ocrx_word' id='word_1_741' title='bbox 1169 5599 1342 5666; x_wconf 81' lang='grc' dir='ltr'><strong>Λόγος</strong></span> <span class='ocrx_word' id='word_1_742' title='bbox 1376 5601 1564 5668; x_wconf 76' lang='grc' dir='ltr'>Πατὴρ</span> <span class='ocrx_word' id='word_1_743' title='bbox 1588 5639 1602 5664; x_wconf 93' lang='grc'><strong>,</strong></span> <span class='ocrx_word' id='word_1_744' title='bbox 1642 5599 1735 5650; x_wconf 77' lang='grc' dir='ltr'><strong>καὶ</strong></span> <span class='ocrx_word' id='word_1_745' title='bbox 1767 5599 1865 5670; x_wconf 81' lang='grc' dir='ltr'><strong>τὴν</strong></span> 
     </span>
    </p>
   </div>
   <div class='ocr_carea' id='block_1_101' title="bbox 284 5691 1863 5764">
    <p class='ocr_par' dir='ltr' id='par_1_101' title="bbox 284 5691 1863 5764">
     <span class='ocr_line' id='line_1_101' title="bbox 284 5691 1863 5764; baseline 0.003 -22"><span class='ocrx_word' id='word_1_746' title='bbox 284 5691 503 5762; x_wconf 74' lang='grc' dir='ltr'><strong>ἑνότητα</strong></span> <span class='ocrx_word' id='word_1_747' title='bbox 524 5692 628 5762; x_wconf 77' lang='grc' dir='ltr'><strong>τῆς</strong></span> <span class='ocrx_word' id='word_1_748' title='bbox 663 5691 880 5760; x_wconf 69' lang='grc' dir='ltr'>φόσεως</span> <span class='ocrx_word' id='word_1_749' title='bbox 910 5691 988 5761; x_wconf 81' lang='grc' dir='ltr'>τῷ</span> <span class='ocrx_word' id='word_1_750' title='bbox 1021 5693 1262 5764; x_wconf 79' lang='grc' dir='ltr'>διαφόρῳ</span> <span class='ocrx_word' id='word_1_751' title='bbox 1297 5692 1401 5744; x_wconf 77' lang='grc' dir='ltr'><strong>τῶν</strong></span> <span class='ocrx_word' id='word_1_752' title='bbox 1445 5693 1722 5762; x_wconf 76' lang='grc' dir='ltr'><strong>ὀνομάτων</strong></span> <span class='ocrx_word' id='word_1_753' title='bbox 1753 5693 1863 5746; x_wconf 81' lang='grc' dir='ltr'><strong>δια-</strong></span> 
     </span>
    </p>
   </div>
   <div class='ocr_carea' id='block_1_102' title="bbox 343 5849 1503 5918">
    <p class='ocr_par' dir='ltr' id='par_1_102' title="bbox 343 5849 1503 5918">
     <span class='ocr_line' id='line_1_102' title="bbox 343 5849 1503 5918; baseline -0.005 -10"><span class='ocrx_word' id='word_1_754' title='bbox 343 5851 386 5884; x_wconf 68' lang='grc'><strong>²³</strong></span> <span class='ocrx_word' id='word_1_755' title='bbox 415 5849 574 5908; x_wconf 75' lang='lat' dir='ltr'><strong>Joan.</strong></span> <span class='ocrx_word' id='word_1_756' title='bbox 615 5868 652 5918; x_wconf 86' lang='lat' dir='ltr'><strong>l,</strong></span> <span class='ocrx_word' id='word_1_757' title='bbox 687 5852 734 5905; x_wconf 84' lang='lat' dir='ltr'><strong>l.</strong></span> <span class='ocrx_word' id='word_1_758' title='bbox 818 5853 861 5882; x_wconf 71' lang='grc' dir='ltr'><strong>²ε¹</strong></span> <span class='ocrx_word' id='word_1_759' title='bbox 897 5850 937 5904; x_wconf 91' lang='lat' dir='ltr'><strong>ll</strong></span> <span class='ocrx_word' id='word_1_760' title='bbox 969 5851 1094 5908; x_wconf 89' lang='lat' dir='ltr'><strong>Cor.</strong></span> <span class='ocrx_word' id='word_1_761' title='bbox 1130 5865 1170 5918; x_wconf 79' lang='grc' dir='ltr'><strong>ι,</strong></span> <span class='ocrx_word' id='word_1_762' title='bbox 1213 5851 1234 5904; x_wconf 86' lang='grc' dir='ltr'><strong>·Ι</strong></span> <span class='ocrx_word' id='word_1_763' title='bbox 1273 5858 1322 5906; x_wconf 80' lang='lat' dir='ltr'><strong>et</strong></span> <span class='ocrx_word' id='word_1_764' title='bbox 1360 5849 1503 5904; x_wconf 79' lang='lat' dir='ltr'><strong>alibi.</strong></span> 
     </span>
    </p>
   </div>
   <div class='ocr_carea' id='block_1_103' title="bbox 1975 4643 3552 4713">
    <p class='ocr_par' dir='ltr' id='par_1_103' title="bbox 1975 4643 3552 4713">
     <span class='ocr_line' id='line_1_103' title="bbox 1975 4643 3552 4713; baseline 0.001 -16"><span class='ocrx_word' id='word_1_765' title='bbox 1975 4658 2129 4697; x_wconf 90' lang='lat' dir='ltr'><strong>sacra</strong></span> <span class='ocrx_word' id='word_1_766' title='bbox 2154 4643 2431 4712; x_wconf 84' lang='lat' dir='ltr'><strong>Scriptura</strong></span> <span class='ocrx_word' id='word_1_767' title='bbox 2459 4643 2649 4697; x_wconf 83' lang='lat' dir='ltr'><strong>Filium</strong></span> <span class='ocrx_word' id='word_1_768' title='bbox 2683 4644 2932 4713; x_wconf 81' lang='lat' dir='ltr'><strong>appellet,</strong></span> <span class='ocrx_word' id='word_1_769' title='bbox 2971 4660 3091 4697; x_wconf 89' lang='lat' dir='ltr'><strong>cum</strong></span> <span class='ocrx_word' id='word_1_770' title='bbox 3158 4643 3390 4698; x_wconf 84' lang='lat' dir='ltr'><strong>Verbum</strong></span> <span class='ocrx_word' id='word_1_771' title='bbox 3452 4660 3552 4698; x_wconf 84' lang='lat' dir='ltr'><strong>vo-</strong></span> 
     </span>
    </p>
   </div>
   <div class='ocr_carea' id='block_1_104' title="bbox 1975 4735 3555 4803">
    <p class='ocr_par' dir='ltr' id='par_1_104' title="bbox 1975 4735 3555 4803">
     <span class='ocr_line' id='line_1_104' title="bbox 1975 4735 3555 4803; baseline -0.001 -16"><span class='ocrx_word' id='word_1_772' title='bbox 1975 4743 2081 4796; x_wconf 86' lang='lat' dir='ltr'><strong>cat,</strong></span> <span class='ocrx_word' id='word_1_773' title='bbox 2109 4735 2480 4786; x_wconf 89' lang='lat' dir='ltr'><strong>admirandum</strong></span> <span class='ocrx_word' id='word_1_774' title='bbox 2519 4735 2718 4803; x_wconf 85' lang='lat' dir='ltr'><strong>aliquid</strong></span> <span class='ocrx_word' id='word_1_775' title='bbox 2738 4746 2901 4803; x_wconf 89' lang='lat' dir='ltr'><strong>atque</strong></span> <span class='ocrx_word' id='word_1_776' title='bbox 2948 4736 3206 4788; x_wconf 82' lang='lat' dir='ltr'><strong>eximium</strong></span> <span class='ocrx_word' id='word_1_777' title='bbox 3279 4736 3446 4798; x_wconf 72' lang='lat' dir='ltr'><strong>dixit;</strong></span> <span class='ocrx_word' id='word_1_778' title='bbox 3477 4737 3555 4786; x_wconf 88' lang='lat' dir='ltr'><strong>ui-</strong></span> 
     </span>
    </p>
   </div>
   <div class='ocr_carea' id='block_1_105' title="bbox 1977 4823 3556 4890">
    <p class='ocr_par' dir='ltr' id='par_1_105' title="bbox 1977 4823 3556 4890">
     <span class='ocr_line' id='line_1_105' title="bbox 1977 4823 3556 4890; baseline -0.001 -13"><span class='ocrx_word' id='word_1_779' title='bbox 1977 4824 2158 4890; x_wconf 83' lang='lat' dir='ltr'><strong>hilque</strong></span> <span class='ocrx_word' id='word_1_780' title='bbox 2180 4825 2323 4877; x_wconf 86' lang='lat' dir='ltr'><strong>aliud</strong></span> <span class='ocrx_word' id='word_1_781' title='bbox 2352 4825 2414 4876; x_wconf 87' lang='lat' dir='ltr'><strong>ad</strong></span> <span class='ocrx_word' id='word_1_782' title='bbox 2445 4827 2582 4878; x_wconf 85' lang='lat' dir='ltr'><strong>hanc</strong></span> <span class='ocrx_word' id='word_1_783' title='bbox 2617 4841 2805 4880; x_wconf 90' lang='lat' dir='ltr'><strong>vocem</strong></span> <span class='ocrx_word' id='word_1_784' title='bbox 2835 4824 3050 4889; x_wconf 87' lang='lat' dir='ltr'><strong>adjecit,</strong></span> <span class='ocrx_word' id='word_1_785' title='bbox 3079 4833 3135 4876; x_wconf 91' lang='lat' dir='ltr'><strong>ut</strong></span> <span class='ocrx_word' id='word_1_786' title='bbox 3178 4824 3228 4874; x_wconf 90' lang='lat' dir='ltr'><strong>in</strong></span> <span class='ocrx_word' id='word_1_787' title='bbox 3277 4823 3441 4874; x_wconf 82' lang='lat' dir='ltr'><strong>Paulo</strong></span> <span class='ocrx_word' id='word_1_788' title='bbox 3473 4823 3556 4875; x_wconf 84' lang='lat' dir='ltr'><strong>vi-</strong></span> 
     </span>
    </p>
   </div>
   <div class='ocr_carea' id='block_1_106' title="bbox 1973 4911 3552 4984">
    <p class='ocr_par' dir='ltr' id='par_1_106' title="bbox 1973 4911 3552 4984">
     <span class='ocr_line' id='line_1_106' title="bbox 1973 4911 3552 4984; baseline -0.001 -16"><span class='ocrx_word' id='word_1_789' title='bbox 1973 4917 2130 4968; x_wconf 88' lang='lat' dir='ltr'><strong>detur</strong></span> <span class='ocrx_word' id='word_1_790' title='bbox 2155 4914 2301 4980; x_wconf 89' lang='lat' dir='ltr'><strong>illud,</strong></span> <span class='ocrx_word' id='word_1_791' title='bbox 2331 4935 2349 4966; x_wconf 77' lang='grc' dir='ltr'>ι</span> <span class='ocrx_word' id='word_1_792' title='bbox 2387 4915 2578 4970; x_wconf 81' lang='lat' dir='ltr'><strong>Paulus</strong></span> <span class='ocrx_word' id='word_1_793' title='bbox 2616 4917 2890 4984; x_wconf 86' lang='lat' dir='ltr'><strong>apostolus</strong></span> <span class='ocrx_word' id='word_1_794' title='bbox 2917 4917 2982 4966; x_wconf 64' lang='lat'><strong>’9.</strong></span> <span class='ocrx_word' id='word_1_795' title='bbox 3017 4933 3034 4964; x_wconf 71' lang='grc' dir='ltr'><strong>ι</strong></span> <span class='ocrx_word' id='word_1_796' title='bbox 3073 4911 3296 4965; x_wconf 76' lang='lat' dir='ltr'><strong>Suli‘eeit</strong></span> <span class='ocrx_word' id='word_1_797' title='bbox 3322 4913 3466 4964; x_wconf 88' lang='lat' dir='ltr'><strong>enim</strong></span> <span class='ocrx_word' id='word_1_798' title='bbox 3501 4913 3552 4966; x_wconf 90' lang='lat' dir='ltr'><strong>ei</strong></span> 
     </span>
    </p>
   </div>
   <div class='ocr_carea' id='block_1_107' title="bbox 1970 5002 3548 5070">
    <p class='ocr_par' dir='ltr' id='par_1_107' title="bbox 1970 5002 3548 5070">
     <span class='ocr_line' id='line_1_107' title="bbox 1970 5002 3548 5070; baseline -0.003 -9"><span class='ocrx_word' id='word_1_799' title='bbox 1970 5008 2190 5070; x_wconf 81' lang='lat' dir='ltr'><strong>dixisse,</strong></span> <span class='ocrx_word' id='word_1_800' title='bbox 2225 5005 2482 5070; x_wconf 90' lang='lat' dir='ltr'><strong>Verbum,</strong></span> <span class='ocrx_word' id='word_1_801' title='bbox 2517 5008 2582 5059; x_wconf 91' lang='lat' dir='ltr'><strong>ad</strong></span> <span class='ocrx_word' id='word_1_802' title='bbox 2608 5009 2900 5060; x_wconf 89' lang='lat' dir='ltr'><strong>essentiam</strong></span> <span class='ocrx_word' id='word_1_803' title='bbox 2970 5005 3091 5056; x_wconf 84' lang='lat' dir='ltr'><strong>Filii</strong></span> <span class='ocrx_word' id='word_1_804' title='bbox 3145 5002 3548 5057; x_wconf 86' lang='lat' dir='ltr'><strong>declarandam.</strong></span> 
     </span>
    </p>
   </div>
   <div class='ocr_carea' id='block_1_108' title="bbox 1969 5093 3550 5168">
    <p class='ocr_par' dir='ltr' id='par_1_108' title="bbox 1969 5093 3550 5168">
     <span class='ocr_line' id='line_1_108' title="bbox 1969 5093 3550 5168; baseline -0.003 -16"><span class='ocrx_word' id='word_1_805' title='bbox 1969 5099 2084 5168; x_wconf 90' lang='lat' dir='ltr'><strong>Ipse</strong></span> <span class='ocrx_word' id='word_1_806' title='bbox 2113 5100 2290 5165; x_wconf 84' lang='lat' dir='ltr'><strong>itaque</strong></span> <span class='ocrx_word' id='word_1_807' title='bbox 2319 5107 2400 5151; x_wconf 90' lang='lat' dir='ltr'><strong>est</strong></span> <span class='ocrx_word' id='word_1_808' title='bbox 2429 5111 2618 5150; x_wconf 87' lang='lat' dir='ltr'><strong>verum</strong></span> <span class='ocrx_word' id='word_1_809' title='bbox 2677 5095 2913 5150; x_wconf 89' lang='lat' dir='ltr'><strong>Verbum</strong></span> <span class='ocrx_word' id='word_1_810' title='bbox 2970 5093 3166 5158; x_wconf 82' lang='lat' dir='ltr'><strong>Patris,</strong></span> <span class='ocrx_word' id='word_1_811' title='bbox 3207 5107 3311 5146; x_wconf 86' lang='lat' dir='ltr'><strong>non</strong></span> <span class='ocrx_word' id='word_1_812' title='bbox 3371 5101 3550 5148; x_wconf 89' lang='lat' dir='ltr'><strong>autem</strong></span> 
     </span>
    </p>
   </div>
   <div class='ocr_carea' id='block_1_109' title="bbox 1968 5185 2775 5256">
    <p class='ocr_par' dir='ltr' id='par_1_109' title="bbox 1968 5185 2775 5256">
     <span class='ocr_line' id='line_1_109' title="bbox 1968 5185 2775 5256; baseline -0.007 -15"><span class='ocrx_word' id='word_1_813' title='bbox 1968 5189 2163 5256; x_wconf 90' lang='lat' dir='ltr'><strong>aliquis</strong></span> <span class='ocrx_word' id='word_1_814' title='bbox 2198 5186 2332 5242; x_wconf 89' lang='lat' dir='ltr'><strong>alius</strong></span> <span class='ocrx_word' id='word_1_815' title='bbox 2359 5193 2552 5256; x_wconf 70' lang='lat' dir='ltr'><strong>pra-ter</strong></span> <span class='ocrx_word' id='word_1_816' title='bbox 2579 5185 2775 5253; x_wconf 90' lang='lat' dir='ltr'><strong>ipsum.</strong></span> 
     </span>
    </p>
   </div>
   <div class='ocr_carea' id='block_1_110' title="bbox 2645 5293 2876 5348">
    <p class='ocr_par' dir='ltr' id='par_1_110' title="bbox 2645 5293 2876 5348">
     <span class='ocr_line' id='line_1_110' title="bbox 2645 5293 2876 5348; baseline 0 -2"><span class='ocrx_word' id='word_1_817' title='bbox 2645 5293 2876 5348; x_wconf 82' lang='lat' dir='ltr'><strong>ALIUD.</strong></span> 
     </span>
    </p>
   </div>
   <div class='ocr_carea' id='block_1_111' title="bbox 2039 5400 3552 5468">
    <p class='ocr_par' dir='ltr' id='par_1_111' title="bbox 2039 5400 3552 5468">
     <span class='ocr_line' id='line_1_111' title="bbox 2039 5400 3552 5468; baseline -0.007 -2"><span class='ocrx_word' id='word_1_818' title='bbox 2039 5413 2090 5468; x_wconf 83' lang='lat' dir='ltr'><strong>Si</strong></span> <span class='ocrx_word' id='word_1_819' title='bbox 2121 5428 2237 5466; x_wconf 90' lang='lat' dir='ltr'><strong>eam</strong></span> <span class='ocrx_word' id='word_1_820' title='bbox 2270 5410 2338 5464; x_wconf 92' lang='lat' dir='ltr'><strong>ob</strong></span> <span class='ocrx_word' id='word_1_821' title='bbox 2364 5424 2578 5463; x_wconf 84' lang='lat' dir='ltr'><strong>causam</strong></span> <span class='ocrx_word' id='word_1_822' title='bbox 2613 5406 2930 5461; x_wconf 83' lang='lat' dir='ltr'><strong>existimant</strong></span> <span class='ocrx_word' id='word_1_823' title='bbox 2979 5407 3164 5460; x_wconf 89' lang='lat' dir='ltr'><strong>hostes</strong></span> <span class='ocrx_word' id='word_1_824' title='bbox 3224 5401 3422 5456; x_wconf 81' lang='lat' dir='ltr'><strong>Christi</strong></span> <span class='ocrx_word' id='word_1_825' title='bbox 3471 5400 3552 5456; x_wconf 85' lang='lat' dir='ltr'><strong>Fi-</strong></span> 
     </span>
    </p>
   </div>
   <div class='ocr_carea' id='block_1_112' title="bbox 1967 5493 3553 5562">
    <p class='ocr_par' dir='ltr' id='par_1_112' title="bbox 1967 5493 3553 5562">
     <span class='ocr_line' id='line_1_112' title="bbox 1967 5493 3553 5562; baseline -0.008 -5"><span class='ocrx_word' id='word_1_826' title='bbox 1967 5504 2095 5557; x_wconf 88' lang='lat' dir='ltr'><strong>limn</strong></span> <span class='ocrx_word' id='word_1_827' title='bbox 2130 5519 2234 5556; x_wconf 87' lang='lat' dir='ltr'><strong>non</strong></span> <span class='ocrx_word' id='word_1_828' title='bbox 2261 5515 2380 5555; x_wconf 88' lang='lat' dir='ltr'><strong>esse</strong></span> <span class='ocrx_word' id='word_1_829' title='bbox 2415 5495 2933 5552; x_wconf 86' lang='lat' dir='ltr'><strong>consubstantialem</strong></span> <span class='ocrx_word' id='word_1_830' title='bbox 2993 5495 3165 5556; x_wconf 84' lang='lat' dir='ltr'><strong>Patri,</strong></span> <span class='ocrx_word' id='word_1_831' title='bbox 3199 5493 3324 5562; x_wconf 85' lang='lat' dir='ltr'><strong>quia</strong></span> <span class='ocrx_word' id='word_1_832' title='bbox 3379 5505 3553 5558; x_wconf 87' lang='lat' dir='ltr'><strong>neque</strong></span> 
     </span>
    </p>
   </div>
   <div class='ocr_carea' id='block_1_113' title="bbox 1968 5581 3546 5656">
    <p class='ocr_par' dir='ltr' id='par_1_113' title="bbox 1968 5581 3546 5656">
     <span class='ocr_line' id='line_1_113' title="bbox 1968 5581 3546 5656; baseline -0.011 -8"><span class='ocrx_word' id='word_1_833' title='bbox 1968 5595 2126 5648; x_wconf 85' lang='lat' dir='ltr'><strong>Pater</strong></span> <span class='ocrx_word' id='word_1_834' title='bbox 2156 5604 2238 5649; x_wconf 86' lang='lat' dir='ltr'><strong>est</strong></span> <span class='ocrx_word' id='word_1_835' title='bbox 2270 5592 2526 5651; x_wconf 89' lang='lat' dir='ltr'><strong>Verbum,</strong></span> <span class='ocrx_word' id='word_1_836' title='bbox 2563 5601 2734 5656; x_wconf 90' lang='lat' dir='ltr'><strong>neque</strong></span> <span class='ocrx_word' id='word_1_837' title='bbox 2761 5584 2998 5640; x_wconf 81' lang='lat' dir='ltr'><strong>Verbum</strong></span> <span class='ocrx_word' id='word_1_838' title='bbox 3031 5585 3211 5647; x_wconf 85' lang='lat' dir='ltr'><strong>Pater,</strong></span> <span class='ocrx_word' id='word_1_839' title='bbox 3263 5590 3318 5637; x_wconf 89' lang='lat' dir='ltr'><strong>et</strong></span> <span class='ocrx_word' id='word_1_840' title='bbox 3373 5581 3546 5634; x_wconf 90' lang='lat' dir='ltr'><strong>unita-</strong></span> 
     </span>
    </p>
   </div>
   <div class='ocr_carea' id='block_1_114' title="bbox 1969 5676 3550 5745">
    <p class='ocr_par' dir='ltr' id='par_1_114' title="bbox 1969 5676 3550 5745">
     <span class='ocr_line' id='line_1_114' title="bbox 1969 5676 3550 5745; baseline -0.009 -3"><span class='ocrx_word' id='word_1_841' title='bbox 1969 5698 2072 5744; x_wconf 89' lang='lat' dir='ltr'><strong>tem</strong></span> <span class='ocrx_word' id='word_1_842' title='bbox 2106 5699 2313 5744; x_wconf 70' lang='lat' dir='ltr'><strong>naturze</strong></span> <span class='ocrx_word' id='word_1_843' title='bbox 2342 5687 2408 5743; x_wconf 88' lang='lat' dir='ltr'><strong>ob</strong></span> <span class='ocrx_word' id='word_1_844' title='bbox 2437 5681 2792 5740; x_wconf 81' lang='lat' dir='ltr'><strong>diiTcrcntiam</strong></span> <span class='ocrx_word' id='word_1_845' title='bbox 2825 5681 3098 5736; x_wconf 90' lang='lat' dir='ltr'><strong>nominum</strong></span> <span class='ocrx_word' id='word_1_846' title='bbox 3135 5676 3361 5734; x_wconf 84' lang='lat' dir='ltr'><strong>convelli</strong></span> <span class='ocrx_word' id='word_1_847' title='bbox 3393 5689 3550 5745; x_wconf 88' lang='lat' dir='ltr'><strong>posse</strong></span> 
     </span>
    </p>
   </div>
  </div>
