4078 6260
502 450 606 505 515

1522 438 1580 492 S.
1621 427 1900 491 CYRlLLl
1937 416 2406 479 ALEXANDRINI
2443 417 2763 476 ARCHIEP.

3646 407 3760 464 3ft?

499 565 849 621 crediderunt
887 580 901 618 :
930 564 1116 618 dicant
1146 562 1297 618 nobis
1333 559 1600 629 quomodo
1642 556 1850 626 primus
1879 558 2078 620 parens

2205 543 2396 613 τέμνειν
2415 539 2675 595 δύνασθαι
2705 534 3124 606 πεπιστεύκασι,
3147 528 3448 599 λεγέτωσαν
3471 527 3605 598 ἡμῖν
3635 524 3764 588 πῶς

501 655 671 708 Adam
690 651 1161 709 consubstantialis
1189 652 1292 705 erit
1322 649 1395 702 illi
1432 646 1521 715 qui
1545 660 1611 699 ex
1643 658 1702 698 se
1729 642 1940 712 genitus
1967 647 2074 702 est,

505 762 624 800 cum
661 761 834 816 neque
858 747 970 815 ipse
1005 745 1174 814 possit
1203 756 1322 796 esse
1361 738 1515 803 Abel,
1553 750 1728 806 neque
1790 732 1922 788 Abel
1979 746 2079 784 nn-

506 852 667 906 quam
697 837 909 891 futurus
939 832 1239 890 sitAdam?
1266 831 1425 900 Atqui
1459 829 1739 884 nominum
1773 825 2076 880 differentia

508 928 826 983 substantia:
851 927 1184 980 identitatem
1209 939 1314 978 non
1341 922 1496 976 tollit.
1529 921 1708 988 Atque
1729 918 1832 973 hoc
1859 916 2078 986 quidem

511 1017 564 1070 in
588 1017 724 1070 facta
763 1026 814 1070 et
844 1024 1022 1069 creata
1051 1022 1261 1066 natura.
1295 1011 1576 1078 Quomodo
1623 1009 1785 1078 igitur
1835 1023 1940 1061 non
1977 1007 2083 1060 fue-

511 1108 582 1160 rit
605 1107 823 1176 impium
860 1106 909 1158 in
943 1114 1134 1158 natura
1157 1104 1418 1166 increata,
1451 1116 1570 1170 quae
1599 1101 1855 1155 omnibus
1878 1098 2080 1154 creatis

512 1199 664 1266 longe
689 1195 1126 1262 antecellit,illud
1156 1194 1432 1249 statuere?
1484 1191 1946 1259 Quemadmodum
1981 1187 2082 1256 igi-

511 1296 598 1340 tur
624 1287 667 1341 si
696 1295 840 1341 esset
867 1287 1094 1340 diversa:
1115 1267 1385 1349 essentia,
1419 1298 1525 1338 non
1559 1279 1704 1337 esset
1727 1295 1912 1335 verum
1941 1279 2080 1334 Ver-

513 1377 748 1442 bum,ita
783 1392 904 1432 cum
936 1376 1006 1431 sit
1027 1373 1726 1440 consubstantialis,verum
1761 1371 1924 1425 etiam
1951 1369 2088 1424 Ver-

512 1470 637 1523 ltum
659 1476 764 1523 est.

1181 1557 1409 1612 ALIUD.

585 1650 811 1706 Nomina
839 1667 959 1722 quae
990 1652 1348 1708 substantiam
1383 1665 1562 1704 rerum
1583 1648 1858 1704 declarant
1912 1647 2087 1717 prima

519 1743 861 1812 maximeque
884 1743 1099 1813 prepria
1128 1754 1255 1797 sunt
1290 1761 1305 1798 :
1337 1743 1562 1797 multam
1598 1750 1778 1795 tamen
1809 1740 1860 1792 in
1892 1739 1958 1793 iis
1982 1735 2086 1792 dif—

518 1835 800 1890 ferentiam
838 1835 1020 1890 videre
1046 1835 1194 1889 licet.
1218 1835 1334 1888 Alia
1371 1835 1513 1888 enim
1579 1831 1938 1886 universalins
2002 1844 2090 1884 res

521 1928 666 1995 ipsas
691 1927 1024 1996 signiﬁcant,
1051 1936 1102 1981 et
1131 1927 1457 1997 generaliter
1486 1924 1786 1993 explicant;
1833 1923 1939 1977 alia
1964 1935 2092 1976 vero

521 2017 844 2072 universalia
887 2017 1254 2087 insingularia
1293 2024 1503 2079 secant,
1533 2015 1835 2082 multasque
1873 2026 1962 2066 res
2005 2027 2096 2081 ap-

520 2122 709 2173 parere
729 2107 954 2164 l‘aciunl.
983 2107 1226 2177 Exempli
1258 2106 1450 2177 gratia,
1485 2105 1718 2160 hominis
1745 2118 1937 2158 nomen
1962 2089 2094 2156 sim-

522 2197 733 2266 pliciter
761 2208 923 2267 atque
948 2198 1194 2252 absolute
1221 2199 1442 2261 dictum,
1471 2199 1784 2252 universum
1807 2210 1978 2265 genus
2000 2195 2095 2247 bo-

522 2286 726 2340 minum
759 2287 1046 2356 signiﬁcat,
1094 2296 1185 2339 ant
1232 2287 1586 2345 substantiam
1642 2286 1810 2354 ipsam
1847 2303 1860 2338 :
1898 2283 2092 2338 Paulus

521 2392 650 2432 vero
680 2377 1001 2442 autPetrus,
1041 2377 1199 2446 187
1229 2386 1320 2431 aut
1349 2376 1602 2441 Iacobus,
1642 2386 1733 2431 aut
1757 2376 1974 2443 Ceplias
2003 2375 2098 2428 liu-

520 2468 834 2523 manitatem
868 2469 920 2523 in
952 2469 1242 2539 singularia
1277 2469 1531 2537 partitur,
1566 2469 1869 2538 multosque
1928 2467 2098 2521 homi-

520 2574 618 2615 nes
645 2560 943 2614 constituit.
974 2558 1260 2615 Nominum
1289 2559 1472 2629 itaque
1495 2559 1795 2613 dill‘erentia
1827 2558 2098 2625 accipitur

522 2649 741 2715 quidem
771 2649 823 2701 in
861 2648 926 2702 iis
958 2649 1048 2717 qui
1069 2647 1310 2714 ejusdem
1355 2650 1678 2703 substantiae
1735 2655 1882 2709 sunt,
1923 2661 2100 2715 neque

523 2735 664 2790 tollit
711 2751 897 2790 eorum
932 2752 1050 2806 qua:
1084 2737 1322 2806 ejusdem
1371 2737 1567 2806 speciei
1615 2745 1759 2795 sunt,
1793 2735 2096 2790 naturalem

525 2828 665 2880 inter
693 2842 750 2882 se
774 2828 1204 2883 similitudinem.
1241 2826 1372 2882 Cum
1445 2828 1606 2897 igitur
1694 2827 1856 2881 Pater
1893 2827 2102 2880 dicatur

525 2918 709 2984 Pater,
736 2919 908 2992 Filius
931 2936 1058 2976 vero
1093 2920 1345 2987 Verbum,
1373 2937 1480 2976 non
1509 2921 1615 2977 erit
1654 2920 1738 2976 vel
1769 2920 1856 2976 hic
1897 2919 1992 2986 illi,
2020 2920 2103 2976 vel

527 3013 615 3067 ille
642 3013 765 3067 huic
796 3013 1072 3069 dissimilis
1108 3027 1320 3079 natura,
1353 3030 1473 3070 cum
1500 3013 1628 3069 solis
1655 3013 1964 3068 nominibus
1990 3013 2102 3068 dis-

527 3105 862 3173 tinguantur.
917 3105 1205 3161 Ostensum
1264 3115 1442 3160 autem
1487 3115 1593 3169 est,
1643 3105 1921 3161 nominum
1957 3102 2104 3158 diffe-

2177 635 2205 685 6
2233 633 2532 704 προπάτωρ
2572 629 2742 698 ’Λδὰμ
2771 625 3057 698 όμοούσιος
3086 621 3240 674 ἔσται
3274 619 3412 690 πρὸς
3444 618 3535 671 τὸν
3561 616 3620 682 ἐξ
3652 616 3760 669 αὺ-

2179 724 2273 778 τοῦ
2296 723 2574 793 γεγονότα,
2609 719 2732 773 οὔτε
2761 718 2923 780 αὐτὸς
2944 714 3110 804 ’Λφελ
3138 708 3275 765 εἶναι
3296 709 3611 780 δυνάμενος,
3631 705 3763 760 οὕτε

2184 820 2290 886 μὴν
2313 812 2406 866 τοῦ
2446 811 2610 864 Ἀϐελ
2648 808 2904 879 ἐσομένου
2931 799 3064 859 ποτὲ
3104 804 3294 873 ’Λδάμη
3359 800 3498 854 Ἀλλ’
3527 799 3628 852 οὐκ
3664 799 3769 851 ὲκ-

2182 905 2368 959 6άλλει
2416 905 2513 975 τῆς
2564 901 2751 964 οὐσίας
2778 901 2878 970 τὴν
2907 898 3230 967 ταυτότητα,
3263 898 3298 965 ή
3339 893 3449 947 τῶν
3475 892 3768 964 ὀνομάτων

2180 997 2431 1068 διαφορά.
2465 995 2576 1050 Καὶ
2603 993 2759 1047 τοῦτο
2789 992 2881 1046 ἐπὶ
2903 989 3139 1061 γενητῆς
3161 989 3256 1042 καὶ
3285 986 3514 1055 κτιστῆς
3545 984 3767 1045 οὐσίας.

2183 1090 2306 1153 Πῶς
2325 1084 2416 1141 οὖν
2439 1088 2539 1140 οὐκ
2566 1084 2757 1148 ἀσεϐές
2778 1081 2870 1135 ὲ.πὶ
2901 1082 2998 1151 τῆς
3038 1079 3303 1149 ἁγενὴτου
3339 1074 3556 1145 φύσεως
3585 1073 3770 1126 έκεῖνο

2183 1182 2447 1246 δοξάζειν,
2478 1178 2658 1231 πάντα
2702 1171 3104 1244 ὑπερκειμένης
3128 1169 3209 1240 ,τὰ
3246 1167 3485 1237 γενητά;
3548 1165 3636 1228 Ὧς
3668 1159 3769 1217 οὖν

2185 1273 2343 1342 εἴπερ
2362 1267 2429 1342 ἦν
2453 1266 2812 1339 ὲτεροούσιος,
2843 1264 2944 1317 οὐκ
2971 1263 3037 1317 ἂν
3066 1257 3133 1332 ἦν
3163 1259 3336 1328 Λόγος
3366 1256 3642 1328 ἀληθινὸς,
3668 1253 3771 1308 οὖ-

2182 1381 2293 1427 τως
2327 1362 2622 1432 ἐπειδήπερ
2652 1357 2957 1430 όμοούσιος,
2987 1352 3238 1423 ἀληθινὸς
3277 1351 3342 1404 ἂν
3373 1348 3467 1420 εἴη
3495 1348 3690 1415 Λόγος.

2876 1535 3081 1588 ΛΛΛΟ.

2261 1627 2579 1702 Σημαντικὰ
2630 1627 2729 1698 μὲν
2770 1625 2839 1679 τὰ
2866 1625 3108 1696 ὀνόματα
3155 1621 3264 1676 τῶν
3303 1621 3502 1676 οὐσιῶν
3535 1622 3672 1684 ἐστι,
3703 1621 3772 1672 τά

2192 1725 2380 1796 πρῶτα
2416 1723 2477 1793 δὴ
2519 1722 2755 1792 μάλιστα
2796 1720 2893 1773 καὶ
2922 1719 2991 1772 τὰ
3020 1715 3333 1788 κυριώτατα
3358 1733 3372 1746 ·
3403 1713 3542 1768 ἀλλὰ
3573 1711 3771 1782 πολλὴν

2194 1817 2258 1870 ἄν
2284 1833 2366 1878 τις
2392 1816 2450 1868 ἐν
2480 1815 2692 1876 τούτοις
2715 1812 2812 1864 ἴδοι
2835 1810 2932 1881 τὴν
2962 1808 3247 1880 διαφοράν.
3279 1807 3361 1859 Τά
3403 1806 3501 1874 μὲν
3533 1805 3642 1874 γὰρ
3672 1821 3770 1856 κα-

2198 1908 2553 1979 θολικώτερον
2575 1906 2643 1958 τὰ
2665 1906 2793 1957 ὄντα
2838 1901 3114 1973 σημαίνει,
3148 1899 3243 1954 καὶ
3289 1898 3512 1967 γενικὴν
3541 1898 3767 1950 ποιεῖται

2195 2000 2294 2071 τὴν
2321 1999 2553 2070 δήλωσιν
2574 2014 2587 2027 ’
2615 1996 2683 2050 τὰ
2709 1995 2764 2048 δὲ
2789 1996 2868 2057 εἰς
2895 1993 2957 2047 τὸ
2987 1991 3109 2045 καθ’
3133 1991 3190 2043 ἒν
3219 1989 3291 2043 τὰ
3319 1988 3546 2043 καθόλου
3576 2003 3767 2056 σημαι-

2197 2094 2398 2163 νόμενα
2425 2089 2799 2159 διατέμνοντα,
2829 2084 3001 2138 πολλὰ
3037 2083 3105 2137 τὰ
3138 2083 3266 2135 ὄντα
3294 2078 3570 2150 φαίνεσθαι
3601 2080 3762 2130 ποιεῖ.

2198 2178 2323 2236 Οἷον
2359 2184 2491 2251 φέρε
2522 2182 2714 2245 εἰπεῖν,
2750 2177 2810 2229 τὸ
2848 2176 3136 2244 ἄνθρωπος
3174 2173 3346 2243 ὄνομα
3379 2169 3558 2231 ἁπλῶς
3585 2185 3643 2220 τε
3665 2166 3758 2219 καὶ

2199 2271 2429 2326 ἁπολελυ
2440 2270 2615 2340 μένως
2636 2269 2945 2338 λεγόμενον,
2969 2264 3190 2335 σύμπαν
3213 2280 3279 2332 ση
3291 2262 3463 2332 μαίνει
3484 2259 3540 2312 τὸ
3556 2257 3651 2311 ἀνθ
3659 2258 3756 2327 pdi-

2201 2380 2351 2415 πειον
2383 2361 2560 2430 γένος,
2612 2360 2644 2431 ἢ
2672 2358 2768 2428 τὴν
2811 2357 2998 2411 οὐσίαν
3027 2356 3196 2426 αὐτήν
3217 2369 3229 2382 ·
3265 2355 3325 2407 τὸ
3363 2353 3418 2406 δὲ
3448 2350 3654 2412 Παῦλος
3675 2365 3761 2399 τυ-

2199 2458 2293 2528 χὸν
2320 2457 2352 2528 ἢ
2401 2456 2637 2525 Πέτρος,
2686 2451 2938 2513 Ἰάκωϐος
2970 2449 3002 2519 ἢ
3045 2449 3243 2519 Κηφᾶς
3267 2487 3281 2510 ,
3322 2446 3403 2508 εἰς
3434 2443 3496 2496 τὸ
3532 2441 3651 2495 καθ’
3677 2439 3768 2491 ἕνα

2204 2550 2385 2621 σχίζον
2407 2548 2505 2619 τὴν
2537 2546 2954 2617 ἀνθρωπότητα,
2984 2541 3210 2603 πολλοὺς
3241 2535 3377 2592 εἶναι
3407 2537 3533 2599 τοὺς
3561 2532 3766 2603 ἀνθρὼ-

2205 2658 2338 2702 πους
2365 2641 2524 2691 ποιεῖ.
2551 2636 2758 2689 υύκοῦν
2783 2636 2815 2705 ἡ
2841 2633 2949 2686 τῶν
2985 2631 3266 2702 ὀνομάτων
3298 2626 3524 2695 διαφορὰ
3566 2621 3770 2692 λαμϐά-

2206 2747 2354 2786 νεται
2386 2731 2482 2798 μὲν
2507 2729 2600 2780 ἐπὶ
2632 2726 2740 2780 τῶν
2785 2724 3086 2796 όμοουσίων
3105 2761 3120 2785 ,
3149 2721 3210 2772 οὐ
3257 2720 3364 2790 μὴν
3406 2714 3655 2770 ἐκϐάλλει
3679 2712 3776 2782 τῆς

2208 2825 2342 2896 πρὸς
2365 2821 2570 2891 ἄλληλα
2595 2819 2832 2890 φυσικῆς
2853 2815 3150 2888 ὲμφερείας
3187 2813 3258 2866 τὰ
3282 2813 3394 2872 τοῖς
3435 2810 3620 2869 αὐτοῖς
3648 2804 3780 2857 εῖδε-

2209 2933 2292 2970 σιν
2321 2913 2716 2968 ὑποπίπτοντα.
2769 2911 2937 2963 Ὅταν
2968 2902 3061 2961 οὖν
3105 2907 3134 2959 6
3183 2904 3282 2975 μὲν
3323 2902 3514 2970 Πατὴρ
3553 2897 3781 2965 λέγηται

2209 3009 2416 3080 Πατὴρ,
2454 3009 2482 3060 6
2505 3006 2561 3058 δὲ
2580 3004 2708 3066 Υἱὸς
2736 3002 2927 3069 Λόγος,
2960 3001 3059 3053 οὐκ
3084 2998 3236 3050 ἔσται
3256 2995 3353 3066 τὴν
3381 2993 3544 3063 φύσιν
3575 2989 3610 3060 ἢ
3633 2983 3782 3049 οὗτος

2211 3098 2346 3170 πρὸς
2371 3099 2596 3159 ἐκεῖνον,
2628 3094 2660 3164 ἢ
2693 3096 2900 3155 ἐκεῖνος
2920 3091 2994 3154 ὡς
3025 3091 3160 3160 πρὸς
3187 3087 3377 3142 τοῦτον
3420 3085 3695 3154 ἀνόμοιος,
3726 3081 3786 3134 ὲν

527 3197 755 3250 rentiam
776 3196 1078 3251 naturalem
1102 3197 1242 3252 inter
1263 3211 1321 3252 se
1347 3195 1751 3251 similitudinem
1774 3209 1962 3249 eorum
1985 3210 2099 3264 quae

2213 3191 2393 3260 μόνοις
2407 3188 2662 3257 ὀνόμασιν
2688 3185 2902 3255 ἔχοντες
2926 3183 3022 3253 τὴν
3045 3181 3346 3249 διαστολὴν.
3371 3177 3652 3230 Δέδεικται
3679 3173 3784 3242 γὰρ

528 3287 1011 3341 consubstantialia
1042 3297 1170 3342 sunt
1211 3301 1551 3356 nequaquam
1577 3287 1914 3342 subvertere.
1959 3285 2106 3340 Nihil

531 3378 714 3444 itaque
738 3378 916 3431 obstat
945 3378 1235 3446 quominus
1272 3378 1440 3433 Filius
1507 3378 1988 3433 consubstantialis
2035 3376 2107 3431 sit

533 3465 700 3532 Patri,
727 3468 938 3522 tametsi
963 3475 1182 3521 vocetur
1211 3467 1402 3533 Filius,
1429 3477 1483 3523 et
1505 3485 1609 3523 non
1672 3469 1740 3522 sit
1795 3468 1956 3523 Pater
1985 3470 2103 3537 ipse

530 3571 719 3610 verum
755 3558 922 3626 ipsius
963 3557 1222 3613 Verbum.
1245 3560 1378 3613 Cum
1411 3559 1555 3612 enim
1578 3559 1648 3613 sit
1670 3559 1899 3627 simplex
1930 3557 2108 3612 Patris

533 3651 788 3713 essentia,
814 3649 1016 3702 nullum
1041 3650 1183 3704 aliud
1209 3651 1588 3706 intermedium
1620 3652 1852 3720 excipiet
1887 3664 2108 3721 genera-

535 3743 733 3796 tionem
771 3741 928 3796 Verbi
965 3743 1281 3797 naturaliter
1303 3758 1370 3798 ex
1402 3744 1516 3814 ipso
1543 3743 1905 3814 procedentis.
1927 3741 2110 3809 Quod-

535 3849 641 3904 que
679 3851 841 3889 untnn
874 3850 1060 3890 revera
1104 3851 1224 3891 cum
1251 3835 1366 3905 ipso
1393 3845 1494 3900 est,
1535 3846 1803 3906 quatenus
1848 3835 2110 3890 naturali-

537 3939 620 3982 ter
647 3929 806 3983 etiam
836 3930 950 3998 ipse
983 3938 1067 3984 est
1103 3929 1266 3995 Dens,
1309 3940 1360 3986 et
1395 3931 1581 3986 vivens
1609 3945 1640 3986 e
1676 3930 1794 3985 vivo
1836 3929 1992 3984 Patre
2035 3928 2112 3982 ef-

536 4019 703 4076 fulsit.

950 4135 1034 4190 Ea:
1077 4137 1369 4207 objectione
1405 4137 1682 4192 Eunomii.

607 4226 668 4277 In
715 4225 1044 4294 Evangeliis,
1087 4229 1184 4289 ait,
1217 4227 1389 4283 Filius
1433 4231 1499 4283 ad
1547 4229 1764 4284 Patrem
1812 4231 1883 4284 ita
1933 4231 2111 4286 dicit:

543 4334 561 4366 ι
591 4314 772 4380 Pater,
810 4317 1050 4384 gloriﬁca
1078 4318 1272 4371 Filium
1307 4329 1490 4385 tuum;
1525 4339 1543 4370 ι
1587 4321 1757 4374 Filius
1789 4333 1977 4375 contra
2016 4337 2116 4374 au-

540 4409 660 4462 dit:
705 4427 723 4458 t
777 4409 841 4462 Et
887 4409 1206 4476 gloriﬁcavi,
1255 4419 1310 4465 et
1375 4428 1564 4466 rursus
1612 4413 1927 4480 glorificabo
1968 4414 2036 4468 ³⁰.
2092 4433 2110 4466 ι

539 4499 605 4552 At
634 4513 739 4566 quo
763 4509 920 4568 pacto
950 4498 1119 4568 possit
1146 4500 1317 4554 Filius
1341 4517 1466 4555 vere
1496 4517 1616 4555 esse
1649 4502 1880 4558 Verbum
1911 4505 2110 4568 Patris,

2211 3283 2286 3346 ὡς
2329 3282 2426 3335 οὐκ
2470 3278 2764 3350 ἀνατρέψει
2807 3276 2916 3328 τῶν
2964 3272 3219 3344 ὁμοφυῶν
3265 3272 3363 3341 τὴν
3399 3268 3534 3340 πρὸς
3582 3265 3786 3336 ἄλληλα

2213 3374 2447 3443 φυσικὴν
2486 3372 2778 3442 ὁμοιότητα
2804 3365 2912 3419 τῶν
2940 3365 3220 3436 ὀνομάτων
3261 3365 3296 3433 ἡ
3325 3360 3574 3430 διαφορά.
3624 3357 3788 3412 Οὐδὲν

2211 3467 2320 3537 ἄρα
2348 3465 2546 3518 κωλύει
2573 3463 2666 3516 τὸν
2697 3461 2828 3514 Υἱδν
2861 3457 3146 3528 όμοούσιον
3179 3451 3318 3508 εἶναι
3344 3452 3424 3523 τῷ
3454 3453 3655 3521 Πατρὶ,
3688 3450 3787 3503 κᾶν

2212 3557 2338 3620 Υἱὸς
2368 3555 2611 3608 καλεῖται
2639 3553 2733 3605 καὶ
2764 3551 2839 3623 μὴ
2867 3550 3057 3620 Πατὴρ
3087 3546 3249 3609 αὐτός
3295 3547 3442 3596 ἐστιν
3481 3543 3510 3594 6
3539 3537 3794 3610 ἀληθινὸς

2213 3648 2376 3703 αὑτοῦ
2411 3647 2604 3714 Λόγος.
2639 3644 2813 3713 Ἀπλῆ
2840 3642 2949 3712 γὰρ
2979 3637 3164 3708 οὗσαή
3217 3635 3310 3689 τοῦ
3349 3633 3562 3704 Πατρὸς
3609 3629 3789 3691 ούσία,

2213 3740 2364 3793 οὐδὲν
2391 3739 2475 3792 έτε
2487 3756 2575 3808 ρον
2604 3735 2908 3801 ὲπιδέξεται
2939 3728 3272 3803 μεσο).αὕοῦν
3295 3727 3392 3797 τὴν
3413 3725 3670 3793 γέννησιν
3699 3719 3796 3772 τοῦ

2217 3833 2275 3896 ἐξ
2302 3832 2467 3886 αὑτοῦ
2498 3828 2744 3900 φυσικῶς
2770 3825 3127 3897 προελθόντος
3157 3823 3354 3888 Λόγου,
3387 3818 3479 3871 καὶ
3510 3815 3584 3877 ὼς
3614 3813 3675 3867 ἓν
3705 3813 3792 3865 δν-

2217 3941 2322 3985 τως
2355 3922 2489 3993 πρὸς
2515 3919 2697 3985 αὐτὸν,
2728 3917 2862 3971 καθό
2897 3916 3053 3985 φύσει
3077 3915 3173 3968 καὶ
3208 3910 3369 3973 αὐτὸς
3399 3907 3528 3966 Θεὸς
3560 3905 3659 3958 καὶ
3689 3903 3795 3968 ζῶν

2218 4015 2281 4066 ὲκ
2301 4012 2502 4077 ζῶντος
2536 4009 2848 4080 ὲξελάμφθη
2873 4007 3106 4075 Πατρός.

2499 4124 2830 4188 Ἀντίθεσις
2853 4121 2934 4187 ὡς
2957 4119 3024 4173 ἐκ
3056 4116 3174 4171 τῶν⁴
3196 4113 3518 4182 Εὑνομίου.

2303 4221 2391 4274 Ἐν
2419 4221 2530 4280 τοῖς
2557 4215 2931 4284 Εὐαγγελίοις,
2965 4212 3153 4282 φησιν,
3201 4207 3530 4278 εὑρίσκομεν
3565 4203 3790 4270 λέγοντα

2219 4313 2308 4366 τὸν
2339 4311 2465 4364 Υἱὸν
2489 4310 2564 4372 ὡς
2590 4307 2724 4380 πρὸς
2746 4305 2835 4358 τὸν
2867 4304 3086 4374 Πατέρα
3108 4319 3120 4331 ·
3157 4320 3173 4352 ι
3215 4301 3419 4369 Πάτερ,
3445 4294 3664 4359 δόξασόν
3694 4306 3790 4344 σου

2217 4403 2309 4456 τὸν
2339 4401 2484 4464 Υἱὸν,
2521 4420 2537 4451 ι
2579 4396 2947 4452 ἁντακούοντα
2975 4394 3030 4446 δὲ
3072 4393 3202 4462 παρ’
3235 4389 3400 4444 αὐτοῦ
3424 4406 3437 4418 ·
3472 4408 3490 4438 ‹
3529 4386 3637 4438 Καὶ
3669 4381 3788 4435 ἐδό-

2223 4495 2382 4559 ξασα,
2417 4493 2511 4546 καὶ
2537 4491 2696 4544 πάλιν
2717 4487 2946 4554 δοξάσω.
2993 4505 3010 4535 ι
3045 4486 3156 4536 Καὶ
3182 4483 3296 4545 πῶς
3322 4481 3386 4534 ἂν
3409 4476 3546 4532 εἶναι
3575 4475 3792 4528 δύναιτο

539 4606 661 4643 cum
703 4589 861 4645 Pater
902 4592 1073 4659 ipsum
1111 4594 1463 4662 alloquatur?
1494 4595 1748 4648 allocutio
1780 4603 1960 4648 autem
1987 4597 2099 4650 abs-

2224 4588 2393 4655 Λόγος
2422 4585 2515 4638 τοῦ
2548 4583 2759 4653 [ἰατρὸς
2785 4579 2926 4634 κατὰ
2958 4575 3212 4647 ἀλήθειαν
3245 4577 3273 4627 6
3307 4573 3456 4635 Υἱὸς,
3484 4571 3618 4623 ὅπου
3664 4563 3792 4662 qui:

539 4695 644 4750 que
679 4683 846 4736 verbo
901 4682 1015 4737 ﬁeri
1053 4698 1156 4736 non
1191 4694 1390 4751 potest.
1419 4685 1528 4738 Aut
1569 4686 1732 4754 igitur
1766 4688 1995 4755 ipsemet
2024 4701 2112 4742 se-

538 4789 661 4828 cum
695 4776 954 4844 loqnitur,
989 4786 1082 4830 aut
1114 4779 1157 4832 si
1186 4777 1349 4832 Pater
1406 4794 1594 4834 revera
1639 4779 1834 4832 Filium
1881 4779 2116 4850 alloqui-

540 4877 647 4926 tur,
679 4866 818 4922 alius
844 4866 1087 4936 profecto
1117 4869 1222 4922 erit
1253 4884 1281 4922 a
1315 4869 1490 4926 Verbo
1506 4871 1648 4940 quod
1683 4870 1906 4924 insitum
1944 4879 2109 4940 atque

538 4957 866 5014 inexsistens
903 4959 1010 5014 Deo
1033 4962 1327 5015 secundum
1359 4972 1608 5017 naturam
1632 4973 1734 5030 est,
1763 4964 1906 5034 quod
1938 4964 2110 5034 ipsum

540 5047 851 5120 alloquitur,
876 5051 1031 5119 juxta
1059 5049 1389 5108 voldntatem
1427 5054 1628 5111 Patris.

1035 5232 1246 5286 Salutio
1279 5235 1614 5304 objectionis.

611 5319 726 5374 Non
761 5323 971 5375 desinet
1006 5323 1105 5377 iste
1155 5325 1532 5394 incorporeum
1569 5329 1865 5382 essentiam
1907 5331 2114 5383 calum-

543 5411 703 5470 niari.
737 5414 1071 5478 persuadens
1098 5414 1198 5467 sibi
1233 5431 1538 5470 sermonem
1579 5434 1642 5471 ex
1679 5435 1738 5471 ea
1773 5419 2004 5488 proferri
2035 5430 2104 5473 ta-

545 5503 668 5562 lem,
699 5505 874 5570 qualis
913 5514 998 5557 est
1050 5507 1338 5572 humanus,
1369 5509 1460 5577 qui
1509 5510 1773 5563 labiorum
1821 5521 1876 5564 et
1921 5512 2116 5580 lingunt

545 5593 872 5646 adminiculo
900 5599 1302 5663 pronuntietur,
1335 5608 1498 5667 atque
1532 5600 1620 5652 illa
1654 5603 1987 5654 adstantium
2021 5619 2116 5655 au-

545 5681 717 5735 ditum
747 5682 921 5746 feriat,
958 5692 1018 5737 ut
1053 5686 1125 5739 ita
1164 5687 1434 5756 loquentis
1469 5691 1710 5746 voluntas
1739 5692 1965 5762 intelligi
1997 5709 2116 5762 pos-

617 5837 660 5869 ³⁰
690 5835 842 5894 Joan.
876 5853 973 5907 xu,
1013 5839 1102 5895 28.

2219 4653 2366 4735 νεται
2397 4679 2532 4748 πρὸς
2560 4676 2721 4729 αὐτὸν
2741 4670 3122 4738 διαλεγόμενος
3152 4669 3179 4718 6
3220 4666 3444 4734 Πατὴρ;
3477 4659 3713 4725 διάλεξις
3737 4653 3795 4709 δὲ

2218 4773 2375 4840 λόγου
2401 4769 2568 4840 χωρὶς
2598 4768 2697 4820 οὐκ
2729 4765 2795 4818 ἂν
2844 4760 3052 4830 γένοιτό
3099 4775 3250 4812 ποτε.
3305 4757 3374 4808 Ἦ
3411 4753 3593 4808 τοίνυν
3636 4749 3795 4809 αὐτὸς

2219 4861 2399 4933 ἑαυτῷ
2454 4861 2604 4914 ἔσται
2657 4855 3059 4924 διαλεγόμενος,
3090 4851 3122 4920 ἦ
3153 4849 3312 4917 εἴπερ
3345 4845 3514 4904 ὄντως
3553 4841 3704 4906 λέγει
3744 4853 3794 4886 τι

2222 4930 2556 5028 πρὸςναύτδν
2583 4955 2609 5004 6
2647 4949 2852 5018 Πατὴρ,
2885 4945 3070 5016 ἕτερός
3106 4945 3220 4995 ἐστι
3253 4937 3402 5008 παρὰ
3441 4936 3532 4987 τὸν
3559 4930 3796 5028 ενδιάθε-

2219 5064 2309 5100 τον
2342 5045 2434 5098 καὶ
2477 5041 2849 5110 ἐνυπάρχοντα
2887 5037 2964 5106 τῷ
3003 5032 3120 5101 Θεῷ
3156 5030 3293 5084 κατὰ
3332 5027 3491 5096 φύσιν
3513 5023 3707 5091 Λόγον,
3741 5018 3797 5081 ὃς

2220 5138 2371 5191 λαλεῖ
2409 5135 2543 5205 πρὸς
2574 5131 2753 5191 αὐτὸν,
2788 5127 2929 5181 κατὰ
2961 5125 3211 5196 βούλησιν
3229 5120 3318 5174 τοῦ
3354 5116 3585 5188 Πατρός.

2708 5223 2860 5290 Πρὸς
2893 5219 3078 5272 ταῦτα
3103 5216 3304 5278 λύσις.

2222 5361 2242 5384 α
2294 5323 2367 5377 Οὐ
2392 5320 2576 5391 παύσῃ
2604 5313 2953 5383 συκοφαντῶν
2972 5310 3066 5381 τὴν
3091 5309 3381 5377 ἀσώματον
3407 5301 3617 5363 οὐσίαν,
3644 5297 3798 5362 λόγον

2225 5417 2281 5483 ἐξ
2309 5414 2476 5483 αὐτῆς
2511 5405 2891 5464 ἀποτελεῖσθαι
2919 5400 3190 5454 πιστεύων
3237 5393 3496 5455 τοιοῦτον,
3530 5391 3714 5449 ὁποῖος
3735 5383 3798 5437 ἂν

2225 5509 2307 5574 εἴη
2337 5507 2429 5559 καὶ
2455 5507 2482 5557 ὁ
2511 5499 2868 5570 ἀνθρώπινος,
2893 5494 2982 5547 διὰ
3007 5491 3232 5562 χειλέων
3263 5487 3356 5540 καὶ
3384 5482 3634 5552 γλώττης
3665 5479 3799 5530 ἀπο-

2227 5594 2434 5648 κτυτεού
2443 5608 2602 5662 μενος
2621 5607 2637 5623 ο
2658 5588 2749 5641 καὶ
2769 5587 2866 5655 τὴν
2886 5585 2979 5637 τοῦ
3002 5582 3168 5644 πέλας
3192 5575 3588 5648 προσαράσσων
3607 5566 3799 5634 ἀκοὴν,

2229 5689 2314 5742 ἵνα
2340 5686 2402 5756 δὴ
2428 5686 2519 5739 καὶ
2550 5683 2758 5749 γένοιτο
2784 5677 2959 5748 σαφὴς
3004 5675 3096 5728 τοῦ
3138 5668 3424 5729 λαλοῦντος
3455 5667 3486 5733 ἡ
3523 5659 3798 5732 βούλησις.
