4078 6260
312 410 414 468 517

1705 407 1793 462 Tll
1803 409 1917 464 ESA

2023 409 2138 466 ,US.
2857 448 2860 450 -
3476 429 3588 482 SB

311 533 368 584 Εί
408 530 518 602 γὰρ
545 530 846 603 ἐθελήσαις
873 531 1184 596 ἀποσώζειν
1221 533 1286 602 τῇ
1323 529 1596 600 ἀσωμάτῳ
1635 529 1906 598 φύσει-τὸν

2023 533 2101 586 sit.
2139 532 2274 588 Nam
2318 537 2364 590 si
2397 535 2530 592 velis
2571 552 2792 592 servare
2825 537 3156 610 incorporea:
3192 551 3398 596 natura:
3445 561 3582 598 con-

310 623 445 691 αὐτῇ
484 621 826 692 κατάλληλον
851 621 1012 689 λόγον
1035 622 1134 692 (Ι),
1164 621 1225 675 οὐ
1249 619 1504 691 τοιαύτην
1530 617 1670 673 εἶναι
1695 621 1902 690 νομιεῖς

309 710 404 764 τοῦ
431 713 652 782 Πατρδς
677 713 778 782 τὴν
805 713 1012 784 φωνὴν,
1035 713 1111 776 ὡς
1141 713 1222 774 εἰς
1243 711 1412 782 ἀκοὴν
1438 711 1696 782 φέρεσθαι
1722 727 1904 780 σωμα-⁸

311 801 507 866 τικῶς.
529 804 606 856 Οὐ
635 803 746 874 γὰρ
771 804 928 874 μόνος
954 805 982 857 6
1005 803 1208 875 Κύριος
1233 803 1542 874 ἠκροάσατο
1572 803 1664 856 τοῦ
1692 802 1906 873 Πατρός

315 892 608 960 λέγοντος·
649 915 668 946 ι
697 895 807 948 Καὶ
843 893 1090 959 ἐδόξασα,
1121 893 1218 948 καὶ
1252 893 1415 946 πάλιν
1439 891 1646 959 δοξάσω
1669 909 1683 924 ·
1713 911 1732 942 ι
1771 891 1908 944 ἀλλὰ

323 984 437 1054 γὰρ
467 985 564 1038 καὶ
591 985 642 1038 οἱ
665 985 910 1048 συνόντες
924 983 1093 1055 αὐτῷ.
1122 984 1404 1038 Διδάσκων
1431 983 1488 1036 δὲ
1523 983 1708 1051 σαφῶς
1728 985 1756 1036 6
1773 983 1908 1054 Χρι-

331 1074 480 1139 στὸς,
511 1076 594 1128 ὅτι
613 1077 816 1146 κυρίως
847 1077 940 1129 καὶ
964 1075 1209 1145 φυσικῶς
1239 1075 1340 1128 οὐκ
1369 1073 1548 1144 ἐκείνη
1573 1073 1666 1126 τοῦ
1693 1074 1908 1145 Πατρός

329 1162 402 1235 ἦν
439 1169 472 1239 ή
503 1167 670 1238 φωνὴ,
703 1167 840 1220 ἀλλά
865 1185 946 1230 τις
979 1166 1183 1228 κτύπος
1210 1167 1358 1237 φωνῇ
1383 1163 1717 1236 προσεοικὼς
1749 1166 1908 1236 ἐξήγ-

333 1258 490 1326 γελλε
523 1259 618 1312 τοῦ
643 1259 853 1329 Πατρός
874 1259 972 1328 τὴν
1002 1260 1088 1328 ἐφ’
1119 1258 1235 1328 Υἱῷ
1277 1257 1551 1328 βούλησιν.
1581 1257 1688 1310 Καὶ
1713 1259 1906 1328 ὅτιπερ

328 1349 414 1421 εἴη
453 1351 634 1420 τίμιος
665 1351 796 1422 παρ’
814 1350 984 1421 αὐτῷ,
1011 1350 1162 1418 λέγει
1191 1349 1327 1421 πρὸς
1354 1351 1479 1412 τοὺς
1501 1349 1904 1420 ἀκροωμένους·

333 1459 351 1490 ι
377 1441 452 1494 Οὔ
483 1441 550 1494 δι’
575 1443 676 1512 ἐμὲ
705 1442 740 1510 ἡ
774 1443 926 1512 φωνὴ
951 1439 1088 1512 αὕτη
1125 1441 1372 1510 γέγονεν,
1418 1439 1553 1492 ἀλλὰ
1579 1440 1644 1493 δι’
1683 1441 1846 1509 ὑμᾶς.
1883 1459 1902 1494 ι

324 1532 570 1603 Πρόσχες
597 1535 708 1604 γὰρ
729 1533 974 1604 ἀκριϐῶς
991 1533 1063 1596 ὡς
1084 1533 1182 1586 οὐκ
1205 1531 1426 1602 ἔφησεν,
1445 1533 1520 1586 Οὐ
1543 1533 1610 1586 δι’
1633 1533 1734 1601 ἐμὲ
1753 1531 1910 1586 λελά-

323 1625 494 1694 ληκεν
537 1628 568 1678 6
604 1627 820 1696 Πατὴρ,
879 1625 914 1695 ἦ
967 1625 1270 1696 ὲόόησεν,ἦ
1323 1626 1512 1698 ἕτερόν
1559 1641 1612 1676 τι
1645 1623 1905 1688 τοιοῦτον,

330 1717 446 1769 ἀλλ’
479 1719 566 1770 ὅτι
595 1737 614 1768 ε
638 1719 715 1770 Ub
741 1718 808 1770 δι’
845 1717 942 1788 ἐμὲ
961 1717 1222 1788 γέγονενή
1251 1717 1422 1788 φωνὴ,
1447 1717 1584 1770 ἀλλὰ
1603 1715 1670 1768 δι’
1695 1717 1861 1785 ὑμᾶς.
1885 1734 1902 1766 ι

337 1809 405 1860 Εἰ
435 1808 619 1861 τοίνυν
651 1808 739 1862 διά
766 1826 908 1870 τινος
935 1807 1082 1872 θείας
1103 1809 1380 1879 ἐνεργείας
1405 1809 1628 1876 γέγονεν
1661 1809 1694 1876 ή
1733 1806 1906 1876 φωνὴ,

351 1899 414 1952 οὗ
441 1899 532 1952 διὰ
560 1899 804 1969 Χριστὸν,
835 1900 910 1962 ὡς
929 1900 1090 1962 αὐτός
1123 1917 1310 1970 φησιν,
1349 1900 1482 1953 ἀλλὰ
1509 1899 1596 1952 διὰ
1620 1899 1750 1962 τοὺς
1783 1915 1910 1950 συν-
1945 1883 1988 1941 Β

349 1991 504 2051 όντας
545 1988 706 2058 αὐτῷ,
736 1990 1020 2060 ἀμήχανον
1049 1991 1108 2044 δὲ
1139 1987 1208 2061 ἦν
1249 1989 1568 2062 ἀνθρώπους
1597 1989 1760 2052 ὄντας
1790 1987 1910 2040 ἐτέ-

337 2098 445 2150 ρως
463 2080 722 2134 δύνασθαι
756 2082 952 2151 μαθεῖν
981 2081 1076 2134 τοῦ
1095 2082 1313 2152 Πατρδς
1332 2083 1432 2151 τὴν
1455 2080 1727 2152 βούλησιν,
1761 2083 1812 2134 εί
1838 2081 1912 2150 μὴ

321 2171 648 2241 ἀνθρωπεία
679 2173 818 2240 πρὸς
853 2173 1056 2234 αὐτοὺς
1086 2173 1312 2238 ἐγένετο
1341 2173 1492 2242 φωνή
1511 2189 1524 2202 ·
1555 2173 1608 2224 τί
1641 2173 1816 2242 μάτην
1845 2171 1914 2223 τὰ

317 2265 695 2333 οἰκονομικῶς
725 2263 995 2332 γεγονότα.
1027 2265 1124 2316 κο)⁸
1175 2263 1528 2332 ἀνθρωπίνως
1575 2263 1918 2332 διοικούμενα

323 2351 394 2406 δι’
417 2355 570 2422 ἡμᾶς
603 2353 774 2406 πάλιν
799 2352 1098 2424 ἀναφέρεις
1135 2353 1230 2406 ἐπὶ
1268 2354 1374 2424 τὴν
1407 2353 1686 2424 ἀσώματον
1713 2355 1916 2419 οὐσίαν,

329 2443 749 2512 ῥιψοκινδύνως
773 2443 844 2496 τὰ
871 2445 938 2514 τῇ
967 2445 1169 2512 γενητῇ
1205 2443 1485 2513 πρέποντα
1527 2443 1680 2512 φύσει
1707 2445 1800 2498 καὶ
1831 2443 1920 2496 ἐπὶ

323 2537 428 2608 τὴν
454 2538 736 2608 ἀγένητον
761 2536 1070 2604 ἅνατιθείς;

1022 2819 1228 2873 ΑΛΛΟ.

624 2911 952 2977 Ἀντίθεσις
975 2911 1056 2978 ὡς
1082 2911 1150 2964 ἐκ
1175 2907 1296 2964 τῶν
1316 2909 1628 2979 Εὑνομίου.

406 3007 655 3060 Φαίνεταί
703 3021 806 3059 που
857 3003 1052 3072 λέγων,
1115 3003 1302 3072 φασὶν,
1354 3004 1382 3054 ὁ
1411 3003 1600 3074 Πατὴρ
1645 3001 1782 3073 πρὸς
1825 3001 1920 3055 τὸν

347 3095 502 3150 Υίόψ
535 3114 554 3146 ι
585 3097 906 3164 Ποιήσωμεν
934 3093 1242 3162 ἄνθρωπον.
1277 3113 1296 3144 ι
1329 3092 1438 3144 Καὶ
1469 3093 1626 3155 αὐτὸς
1657 3091 1722 3163 δὴ
1753 3092 1920 3146 πάλιν

2013 621 2320 677 venientem
2364 625 2412 679 ei
2463 626 2756 691 rationem,
2811 643 2914 682 non
2953 629 3110 684 talem
3158 645 3280 684 esse
3328 635 3580 688 censebis

2007 709 2188 767 Patris
2251 729 2458 780 vocem,
2511 727 2568 770 ut
2613 717 2668 770 in
2727 719 2966 774 auditqu
3033 722 3386 792 corporaliter
3428 723 3578 778 fera-

2009 815 2116 858 tur.
2197 802 2382 875 Neque
2442 807 2586 862 enim
2655 807 2801 864 solus
2871 809 3124 866 Dominus
3193 812 3400 867 audivit
3471 813 3576 868 Pa-

2009 907 2144 950 trem
2204 897 2476 952 dicentem
2509 914 2524 950 :
2573 918 2592 950 ‹
2637 899 2700 954 Et
2733 900 3052 970 gloriﬁcavi,
3087 912 3140 958 et
3181 905 3379 960 iterum
3411 905 3578 974 glori-

2011 987 2204 1051 ﬁcabo,
2243 1007 2263 1040 ι
2301 987 2394 1043 sed
2427 989 2592 1044 etiam
2625 991 2718 1060 qui
2767 993 2998 1048 Domino
3043 995 3290 1050 aderant.
3325 995 3579 1052 Christus

2013 1089 2194 1134 autem
2237 1079 2524 1136 manifeste
2569 1081 2768 1138 docens
2813 1085 2956 1152 quod
2990 1087 3210 1156 proprie
3244 1101 3309 1140 ac
3357 1095 3578 1142 natura-

2017 1171 2144 1225 liter
2185 1187 2294 1226 non
2325 1181 2442 1226 erat
2494 1173 2672 1228 Patris
2721 1175 2808 1228 illa
2849 1191 2977 1240 vox,
3020 1175 3114 1230 sed
3163 1191 3328 1232 sonus
3365 1177 3580 1246 quidam

2017 1261 2130 1314 voci
2165 1260 2362 1315 similis
2407 1263 2710 1318 enuntiavit
2747 1263 2924 1320 Patris
2967 1265 3034 1320 de
3065 1263 3202 1320 Filio
3231 1267 3583 1324 voluntatem.

2025 1351 2192 1422 188
2221 1351 2374 1418 Quod
2401 1363 2580 1408 autem
2623 1369 2728 1408 non
2771 1353 2836 1410 ad
2877 1369 2938 1411 se
2979 1353 3120 1410 facta
3161 1355 3346 1424 fuerit,
3383 1359 3448 1413 ad
3491 1375 3585 1415 eos

2011 1445 2106 1513 qui
2155 1459 2278 1498 eum
2319 1461 2510 1500 sonum
2552 1445 2858 1512 audierant,
2891 1451 2964 1502 ita
3011 1449 3128 1504 ait:
3163 1467 3182 1500 ι
3217 1447 3332 1504 Non
3364 1457 3585 1520 pr0pter

2013 1551 2098 1590 me
2137 1551 2236 1590 vox
2287 1537 2390 1592 ista
2424 1537 2566 1592 facta
2607 1548 2710 1604 est,
2743 1539 2837 1594 sed
2863 1549 3084 1608 propter
3111 1555 3210 1596 vos
3235 1539 3298 1595 ³¹.
3337 1561 3355 1592 ι
3393 1543 3582 1595 Anim-

2014 1631 2234 1682 adverte
2292 1629 2434 1683 enim
2487 1630 2792 1700 diligenter,
2844 1647 2950 1702 quo
3000 1641 3156 1702 pacto
3199 1648 3302 1688 non
3341 1633 3581 1688 dixerit:

2013 1719 2132 1774 Non
2169 1731 2394 1790 propter
2424 1737 2510 1776 me
2554 1723 2766 1778 locutus
2806 1733 2890 1779 est
2935 1722 3118 1788 Pater,
3165 1735 3256 1778 aut
3303 1725 3582 1790 clamavit,

2015 1813 2328 1881 autaliqnid
2346 1813 2696 1882 ejuscemodi,
2725 1815 2843 1880 sed,
2876 1833 2894 1866 ι
2921 1815 3032 1868 Non
3069 1827 3290 1886 propter
3323 1833 3408 1871 me
3443 1817 3583 1872 facta

2015 1911 2096 1956 est
2129 1903 2242 1956 haec
2271 1917 2396 1970 vox,
2421 1905 2514 1958 sed
2544 1915 2764 1972 prapter
2793 1921 2906 1962 vos.
2942 1927 2958 1958 ι
2999 1907 3054 1960 Si
3086 1922 3217 1976 ergo
3249 1907 3428 1962 divina
3449 1923 3584 1977 qua-

2017 1993 2136 2054 dain
2172 1991 2409 2046 elﬁcacia
2437 2007 2541 2048 vox
2578 1993 2664 2046 illa
2707 1993 2848 2048 facta
2894 2011 2998 2050 non
3035 2006 3254 2067 propter
3281 1997 3582 2062 Christum,

2017 2094 2078 2137 ut
2127 2085 2356 2151 ipsemet
2403 2093 2668 2150 testatur,
2711 2087 2806 2142 sed
2851 2097 3072 2158 propter
3128 2103 3222 2143 eos
3263 2087 3354 2158 qui
3397 2090 3444 2144 ei
3489 2089 3586 2142 ad-

2015 2183 2188 2240 erant,
2237 2175 2569 2246 impossibile
2610 2193 2738 2232 vero
2764 2187 2912 2244 erat,
2943 2195 3064 2233 cum
3099 2179 3348 2234 homines
3383 2189 3588 2244 essent,

2018 2277 2078 2322 ut
2115 2265 2452 2321 voluntatem
2505 2267 2684 2322 Patris
2735 2267 2842 2322 alia
2880 2269 3090 2322 ratione
3141 2269 3433 2332 discerent,
3485 2267 3588 2320 nisi

2019 2361 2256 2412 humana
2285 2373 2418 2414 voce
2443 2359 2768 2413 ducerentur
2794 2377 2808 2411 :
2838 2359 2966 2428 quid
2999 2359 3202 2412 frustra
3257 2373 3378 2428 qua:
3419 2357 3594 2412 ratio-

2019 2467 2088 2506 ne
2139 2451 2534 2506 incarnationis
2588 2459 2643 2505 et
2697 2451 2934 2506 humano
3019 2466 3168 2506 more
3213 2451 3592 2506 administrata

2019 2551 2150 2597 sunt
2175 2543 2346 2597 nostri
2369 2557 2554 2608 causa,
2590 2541 2658 2596 ad
2681 2543 3060 2610 incorpoream
3083 2547 3374 2597 essentiam
3397 2541 3592 2606 refers,

2023 2635 2308 2689 temerarie
2337 2635 2624 2690 admodum
2645 2651 2762 2706 qua:
2781 2645 2977 2692 creata:
3001 2644 3208 2692 naturae
3240 2636 3592 2702 conveniunt,

2021 2726 2278 2780 increatze
2315 2727 2600 2782 tribuens?

2683 2821 2913 2877 ALIUD.

2525 2909 2760 2980 Objectio
2803 2913 3072 2966 Eunomii.

2096 3003 2378 3060 invenitur
2411 3003 2635 3072 alicubi,
2670 3004 2944 3074 inquiunt,
2981 3003 3144 3059 Pater
3179 3005 3244 3058 ad
3279 3003 3478 3059 Filium
3511 2981 3596 3060 di-

2026 3107 2155 3148 cens
2189 3113 2202 3149 :
2257 3113 2276 3145 ι
2321 3093 2611 3149 Faciamus
2667 3095 2939 3148 hominem
2967 3095 3034 3147 ³¹.
3071 3112 3089 3146 ν
3137 3093 3200 3149 Et
3231 3095 3346 3164 ipse
3387 3110 3600 3150 rursum

350 3189 379 3240 6
407 3187 599 3258 Σωτὴρ
636 3187 765 3257 πρὸς
805 3186 1088 3249 Ἰουδαίους
1113 3185 1494 3256 διαλεγόμενος
1526 3185 1676 3252 λέγει
1702 3201 1718 3215 ·
1751 3205 1768 3236 ι
1790 3181 1917 3238 Ἀπ’

2031 3185 2288 3241 Servatur
2317 3185 2532 3242 Judieos
2563 3187 2865 3256 alloquens,
2893 3187 3022 3241 dicit
3057 3205 3068 3240 :
3105 3206 3124 3240 ι
3165 3185 3280 3258 Ego
3309 3203 3338 3242 a
3375 3203 3460 3244 me
3487 3189 3604 3256 ipso

352 3279 592 3352 ἐμαυτοῦ
624 3280 684 3331 οὐ
706 3278 862 3344 λαλῶ,
885 3279 1003 3332 ἀλλ’
1024 3280 1126 3332 ὅσα
1151 3279 1357 3348 ἤκουσα
1387 3276 1538 3347 παρὰ
1565 3276 1656 3329 τοῦ
1685 3277 1920 3346 Πατρδς,

349 3371 518 3426 ταῦτα
549 3371 872 3440 ἀπαγγέλλω
901 3371 1052 3440 ὑμῖν.
1082 3389 1100 3420 ι
1131 3363 1258 3438 ⁷Αρ“
1278 3363 1372 3420 οὖν
1395 3367 1550 3430 είτις
1577 3368 1722 3436 ὑμᾶς
1744 3365 1922 3438 ἔροιτο

349 3463 473 3528 τοὺς
494 3465 586 3516 ἐπὶ
617 3463 904 3534 δογμάτων
942 3461 1196 3532 ὀρθότητι
1223 3458 1792 3529 μεγαλαυχουμένους,
1823 3458 1921 3510 πό-

342 3557 498 3626 τερόν
531 3572 661 3607 ποτε
695 3555 771 3618 ὡς
803 3555 938 3625 πρὸς
972 3552 1152 3605 εἰδότα
1197 3551 1289 3604 τὸν
1324 3549 1448 3604 Υίὸν
1495 3552 1524 3602 ό
1569 3549 1760 3620 Πατὴρ
1785 3549 1922 3620 ὅπερ

343 3647 562 3718 ἔμελλεν
592 3649 738 3718 ἐρεῖν
775 3645 1115 3712 διαλέγεται,
1159 3643 1193 3714 ἦ
1229 3644 1302 3706 ὡς
1330 3643 1466 3714 πρὸς
1515 3641 1590 3712 μὴ
1629 3641 1828 3704 εἰδότα,
1867 3642 1920 3695 τί

339 3740 404 3794 ἂν
430 3737 820 3810 ἀποκρίναισθε
846 3755 862 3804 ;
909 3737 972 3790 Εἰ
1007 3736 1106 3807 μὲν
1131 3731 1224 3789 οὖν
1248 3737 1348 3788 οὐκ
1381 3733 1509 3799 οἶδε,
1569 3733 1832 3804 μανθάνει
1863 3733 1923 3786 δὲ

339 3833 462 3886 τότε
494 3828 783 3884 ὅτανότοῢ
819 3829 1033 3900 Πατρός
1081 3828 1240 3897 λόγος
1297 3829 1434 3898 πρὸς
1479 3826 1640 3880 αὐτὸν
1692 3827 1920 3896 γένηται

339 3923 472 3995 περί
505 3940 672 3989 τινος,
694 3923 879 3993 ἕτερός
903 3923 1018 3974 ἐστι
1051 3921 1202 3991 παρὰ
1238 3919 1327 3973 τὺν
1357 3918 1486 3972 ὄντα
1527 3919 1688 3986 φύσει
1712 3935 1726 3949 ⁸
1781 3921 1829 3970 εἰ
1866 3917 1923 3970 δὲ

339 4009 615 4076 οἷδε,.πῶς
645 4013 748 4064 οὐκ
785 4009 1002 4080 ἀμαθὲς
1037 4009 1132 4060 καὶ
1185 4006 1410 4076 ἀνόητον
1450 4005 1514 4058 τὸ
1558 4005 1693 4073 πρὸς
1744 4003 1922 4056 εἰδότα

341 4106 521 4173 λέγειν
557 4105 748 4174 ὥσπερ
791 4104 892 4156 οὐκ
933 4101 1151 4165 είδότα;
1205 4098 1314 4152 Καὶ
1347 4098 1433 4150 ἐπ’
1481 4097 1783 4167 ἀνθρώπων
1814 4095 1924 4164 γάρ

342 4199 440 4251 οὐκ
487 4197 593 4260 ἔξω
635 4196 798 4264 λόγου
829 4195 896 4246 τὸ
940 4193 1180 4246 τοιοῦτον
1211 4193 1469 4245 κείσεται.
1529 4190 1592 4240 Εἰ
1633 4189 1690 4242 δὲ
1722 4187 1923 4242 ἄτοπον

343 4288 572 4358 τοιούτῳ
601 4289 714 4340 τινὶ
747 4285 1100 4354 περιπίπτειν
1140 4284 1308 4353 φάναι
1341 4281 1432 4334 τὸν
1462 4280 1616 4344 Θεὸν,
1653 4279 1810 4350 δῆλον
1841 4281 1922 4332 ότι

345 4381 417 4444 ὡς
445 4381 586 4450 πρὸς
628 4381 730 4432 οὐκ
763 4377 938 4430 εἰδότα
978 4376 1146 4444 λέγει.
1196 4373 1334 4428 Οὔτε
1376 4367 1469 4426 οὖν
1509 4372 1670 4435 αὐτός
1703 4373 1851 4424 ἐστιν
1895 4372 1924 4423 ὁ

346 4465 651 4530 ἐνδιάθετος
709 4467 900 4534 Λόγος,
936 4464 1058 4519 οὔτε
1109 4464 1215 4536 μὴν
1254 4459 1394 4516 οἶδεν
1445 4461 1588 4532 ἆπερ
1623 4461 1868 4532 βούλεται
1895 4461 1923 4512 ό

2029 3287 2135 3326 non
2186 3273 2398 3342 loquor,
2436 3276 2529 3329 sed
2562 3289 2680 3344 quae
2719 3275 2899 3330 audivi
2949 3292 2976 3328 a
3021 3275 3202 3344 Patre,
3253 3277 3369 3332 haec
3411 3281 3603 3332 nuntio

2028 3365 2179 3420 vobis
2200 3366 2264 3420 ³³.
2289 3383 2308 3416 ι
2349 3365 2406 3421 Si
2439 3366 2560 3436 quis
2591 3367 2754 3438 igitur
2784 3369 3082 3437 interroget
3115 3383 3230 3436 vos,
3255 3369 3344 3438 qui
3375 3370 3601 3439 dogma-

2029 3467 2140 3512 tum
2170 3459 2498 3513 rectitudine
2526 3459 2854 3528 gloriamini,
2897 3469 3076 3514 utrum
3111 3461 3178 3516 ad
3216 3461 3476 3516 scientem
3509 3461 3602 3515 Fi-

2027 3549 2154 3602 lium
2183 3547 2346 3604 Pater
2373 3549 2517 3618 quod
2542 3549 2790 3606 dicturus
2817 3560 2960 3612 erat,
2993 3565 3059 3604 an
3091 3564 3220 3604 vero
3249 3551 3316 3604 ad
3349 3550 3600 3605 nescien-

2031 3649 2136 3693 tem
2185 3641 2398 3696 locutus
2440 3643 2532 3706 sit,
2588 3643 2854 3716 quidnam.
2899 3641 3312 3710 respondeatis?
3361 3641 3494 3696 Nam
3558 3643 3604 3696 si

2028 3730 2286 3797 nescivit,
2327 3746 2392 3786 ac
2451 3741 2562 3787 tum
2607 3733 2842 3802 primum
2889 3731 3094 3794 didicit,
3147 3730 3364 3800 quando
3423 3730 3605 3785 Patris

2027 3835 2206 3876 sermo
2236 3823 2510 3892 quapiam
2548 3824 2614 3878 de
2649 3839 2708 3878 re
2737 3825 2802 3877 ad
2839 3823 2986 3876 illum
3019 3821 3236 3874 habitus
3263 3831 3366 3883 est,
3429 3821 3606 3872 diver-

2025 3929 2118 3969 sus
2163 3916 2270 3970 erit
2324 3916 2392 3969 ab
2423 3931 2490 3970 eo
2531 3917 2621 3983 qui
2667 3924 2859 3968 natura
2890 3913 3146 3966 exsistit:
3175 3911 3220 3964 si
3259 3924 3389 3963 vero
3427 3910 3604 3976 scivit,

2035 4007 2308 4075 quomodo
2340 4023 2446 4061 non
2483 4007 2648 4060 fuerit
2690 4005 2980 4060 absurdum
3021 4003 3087 4056 ad
3129 4002 3392 4056 scientem
3433 4001 3602 4070 loqui,

2037 4109 2295 4171 tanquam
2327 4115 2434 4152 non
2469 4097 2766 4152 scientem?
2795 4095 2953 4163 Atqui
2986 4094 3148 4148 etiam
3177 4094 3320 4147 inter
3349 4093 3606 4148 homines

2027 4191 2130 4246 hoc
2166 4191 2454 4246 ridiculum
2485 4188 2669 4242 fuerit.
2695 4187 2826 4242 Cum
2859 4178 3026 4256 igitur
3063 4185 3354 4240 absurdum
3381 4185 3452 4238 sit
3485 4185 3587 4240 hoc

2029 4283 2138 4337 Deo
2187 4283 2447 4348 tribuere,
2517 4281 2859 4336 manifestum
2903 4287 3006 4344 est,
3046 4279 3112 4331 ad
3167 4292 3270 4332 non
3320 4279 3580 4332 scientem

2051 4374 2292 4429 locutum
2339 4373 2526 4429 fuisse.
2571 4372 2684 4428 Non
2719 4381 2802 4428 est
2837 4371 2998 4440 igitur
3038 4371 3153 4440 ipse
3191 4369 3418 4424 Verbum
3457 4369 3602 4423 Patri

2051 4466 2297 4530 insitum,
2342 4481 2515 4535 neque
2558 4465 2804 4520 scivisset
2835 4478 2954 4532 qme
2985 4462 3096 4515 vult
3137 4461 3278 4516 Deus
3325 4477 3388 4516 ac
3421 4460 3600 4524 Pater,

347 4561 480 4623 Θεὸς
517 4560 610 4630 καὶ
638 4559 847 4630 Πατὴρ,
895 4559 942 4610 εἰ
993 4557 1067 4628 μὴ
1099 4558 1312 4624 γένοιτο
1357 4553 1493 4624 πρὸς
1541 4553 1702 4608 αὐτὸν
1733 4552 1761 4604 ό
1793 4551 1917 4621 παρ’

2035 4557 2140 4613 nisi
2189 4572 2370 4613 sermo
2401 4556 2579 4612 Patris
2619 4558 2683 4610 ad
2719 4558 2889 4626 ipsum
2920 4554 3134 4608 habitus
3166 4553 3377 4608 fuisset.

346 4652 514 4707 αὐτοῦ
543 4651 718 4718 λόγος.

841 4765 995 4836 Πρός
1018 4764 1194 4818 τοῦτο
1231 4763 1428 4827 λύσις.

421 4883 588 4936 Οὐδὲν
611 4877 704 4936 οὗν
724 4881 909 4934 διοίσει
939 4877 1234 4950 προφητῶν
1261 4879 1288 4931 ό
1315 4878 1373 4929 ἐν
1413 4876 1720 4947 προφήταις
1751 4873 1925 4926 λαλῶν

351 4971 443 5026 τοῦ
472 4971 608 5024 Θεοῦ
639 4973 829 5040 Λόγος,
859 4969 954 5022 καὶ
981 4969 1049 5022 τὰ
1082 4967 1314 5037 ἐσόμενα
1339 4964 1672 5036 προμηνύων
1704 4964 1888 5025 αὐτοῖς
1911 4978 1924 4992 ·

351 5064 413 5114 οὐ
445 5061 557 5130 γὰρ
586 5057 730 5130 εἶχον
761 5060 822 5126 ἐξ
861 5057 1070 5112 ἑαυτῶν
1103 5057 1165 5110 τὸ
1195 5057 1392 5109 εἰδέναι
1430 5055 1602 5107 ταῦτα
1622 5071 1634 5083 ·
1687 5053 1833 5122 μόνῳ
1872 5051 1929 5104 δὲ

352 5154 588 5226 ἁρμόζει
614 5155 734 5222 Θεῷ
767 5152 1096 5223 ὲσομένωνή
1129 5150 1451 5221 πρόγνωσις.
1485 5147 1594 5198 Καὶ
1614 5147 1664 5197 τί
1695 5146 1932 5214 ποιήσω-ο

352 5263 476 5313 μεν,
515 5245 608 5298 τοῦ
649 5246 856 5317 Κυρίου
896 5245 1085 5313 σαφῶς
1123 5242 1316 5320 ἑαυτὸν
1363 5240 1462 5308 τῆς
1513 5237 1650 5308 πρὸς
1693 5237 1931 5299 ἐκείνους

355 5338 604 5410 nemo;
635 5337 1112 5409 ἀποδιορίζοντος;
1160 5334 1226 5387 δι’
1256 5327 1331 5386 ὧν
1382 5329 1525 5382 οὕτω
1578 5329 1743 5397 φησίν
1766 5345 1778 5358 ·
1819 5347 1836 5379 ι
1869 5330 1931 5380 Εἰ

351 5430 594 5494 ἐκείνους
623 5427 745 5483 εἷπε
781 5429 960 5491 θεοὺς,
990 5428 1122 5497 πρὸς
1152 5425 1245 5487 οὒς
1281 5426 1308 5476 ὁ
1337 5423 1492 5488 λόγος
1523 5419 1614 5472 τοῦ
1646 5418 1780 5472 Θεοῦ
1812 5421 1930 5489 ὲγέ-

418 5584 460 5616 ⁸¹
486 5583 650 5639 Joan.
687 5597 790 5647 xu,
816 5581 905 5635 30.
982 5581 1024 5611 ³³
1049 5579 1184 5634 Gen.
1225 5594 1262 5643 ι,
1293 5577 1380 5631 26.
1460 5575 1504 5606 ³⁸
1529 5573 1683 5629 Joan.
1723 5589 1817 5640 xu,
1848 5576 1932 5632 49.

417 5763 492 5832 (I)
528 5762 624 5816 Sic
653 5759 895 5832 Coteler,
928 5759 977 5812 in
1001 5756 1326 5832 Mummii}.
1361 5753 1421 5807 ϐ.
1449 5753 1511 5815 II,
1534 5753 1656 5805 591.
1866 5753 1917 5804 AI

2023 5804 2024 5807 η
2057 5754 2142 5806 τὶν
2177 5754 2290 5806 αὐτὶ

347 5822 600 5902 corporea
643 5833 765 5898 ﬁeri
799 5829 920 5882 velis
957 5836 1192 5882 mutuum
1234 5828 1366 5879 Imm;
1404 5837 1712 5878 semwuem.
1751 5822 1903 5874 l'Tbt‘t'.

2533 4759 2736 4813 Salutio
2785 4759 3104 4828 objectionis.

2101 4871 2242 4925 Nihil
2287 4870 2450 4940 igitur
2501 4873 2713 4926 differet
2757 4887 2785 4925 a
2833 4871 3108 4940 prophetis
3151 4868 3388 4922 Verbum
3423 4865 3516 4922 Dei
3557 4865 3606 4918 in

2041 4965 2318 5036 prophetis
2357 4964 2583 5032 loquens
2629 4975 2682 5017 ct
2726 4963 2904 5016 futura
2952 4962 3031 5014 eis
3063 4959 3360 5028 praedicens
3391 4974 3403 5009 :
3438 4971 3612 5026 neque

2036 5061 2178 5112 enim
2229 5072 2297 5110 ex
2346 5055 2545 5124 seipsis
2584 5057 2778 5108 horum
2840 5051 3088 5106 nontiam
3137 5049 3454 5104 habebant:
3507 5049 3608 5104 soli

2041 5163 2274 5216 namque
2327 5147 2436 5201 Deo
2489 5143 2741 5200 convenit
2797 5142 3098 5195 futurorum
3151 5140 3431 5209 praenotio.
3471 5138 3612 5205 Quid

2033 5257 2161 5296 vero
2193 5240 2474 5303 faciemus,
2500 5252 2623 5292 cum
2651 5236 2908 5290 Dominus
2961 5233 3247 5288 manifeste
3293 5247 3351 5287 se
3395 5235 3464 5286 ab
3497 5231 3612 5284 illo-

2035 5349 2150 5386 rum
2199 5332 2549 5387 similitudine
2599 5328 2836 5383 eximat?
2889 5328 2960 5382 ita
3033 5325 3260 5379 dicens:
3307 5342 3326 5375 ι
3384 5322 3440 5377 Si
3494 5323 3614 5376 illos

2038 5426 2170 5478 dixit
2205 5424 2333 5479 deos
2361 5424 2426 5477 ad
2457 5437 2591 5490 quos
2617 5435 2798 5474 sermo
2827 5419 2918 5474 Dei
2947 5419 3120 5473 factus
3147 5427 3252 5482 est,
3285 5425 3338 5470 et
3374 5429 3479 5470 non
3513 5429 3613 5484 po-

2279 5754 2334 5805 ὸν
2379 5751 2498 5802 κατ’
2529 5746 2754 5813 ἅλληλον
2783 5745 2955 5814 λόγον.
2988 5745 3126 5799 Nam
3155 5746 3194 5796 si
3223 5746 3274 5799 in
3313 5755 3498 5797 natura
3531 5739 3613 5790 in-
