4078 6260
549 402 653 457 ειν

1579 398 1634 452 8.
1680 392 1946 453 CYRILLI
1986 389 2456 448 ALEXANDRINI
2494 391 2815 451 ARCHIEP.

3714 395 3823 450 3'10

555 531 654 575 test
694 519 829 576 solvi
877 518 1196 585 Scriptura;
1247 534 1406 591 quem
1459 518 1598 575 Deus
1647 517 2034 581 sanctiﬁcavit,
2071 528 2107 570 c1

2226 531 2382 580 νετο,
2435 517 2527 570 καὶ
2559 518 2620 571 ού
2649 517 2876 572 δύναται
2919 516 3144 588 λυθῆναι
3184 516 3217 587 ἠ
3259 511 3479 586 Γραφὴ,
3524 515 3582 568 ὃν
3613 517 3641 568 6
3686 517 3826 580 Θεὸς

551 612 700 666 misit
746 612 798 666 iu
847 614 1126 679 mundum,
1183 628 1278 668 vos
1323 612 1503 667 dicitis
1569 612 1694 680 quia
1752 610 2124 680 Blasphemas,

549 702 675 771 quia
721 702 829 756 dixi
860 725 872 757 :
912 701 1080 758 Filius
1115 703 1204 757 Dei
1239 718 1356 757 sum
1387 702 1453 757 “.
1492 722 1510 754 ι
1546 701 1602 756 Si
1638 703 1784 756 enim
1819 702 2122 756 naturalem

549 805 670 843 cum
717 792 995 861 prophetis
1028 791 1436 847 similitudinem
1465 791 1763 858 habuisset,
1801 807 1907 846 non
1939 793 2127 861 utique

547 881 712 935 veluti
751 897 779 935 a
816 881 974 952 189
1002 881 1300 936 minoribus
1345 897 1403 936 se
1448 881 1908 949 comparationem
1959 880 2124 935 fecis-

549 980 652 1026 set.
694 971 825 1025 Nam
863 955 980 1026 cum
1013 973 1170 1037 dixit,
1206 991 1224 1025 ‹
1260 971 1316 1027 Si
1351 973 1471 1029 illos
1501 975 1641 1028 dixit
1677 973 1828 1040 deos,
1872 975 1938 1028 ad
1989 989 2125 1044 quos

549 1076 728 1117 sermo
764 1061 857 1117 Dei
909 1061 1086 1117 factus
1117 1073 1222 1130 est,
1252 1064 1542 1120 manifeste
1573 1066 1812 1119 ostendit
1859 1066 1953 1119 Dei
2005 1081 2124 1120 ser-

547 1165 758 1205 mortem
793 1151 858 1206 ad
893 1167 952 1207 se
1001 1152 1201 1207 factum
1239 1167 1344 1206 n0u
1373 1167 1516 1217 esse,
1554 1154 1700 1208 sicut
1737 1154 1802 1206 ad
1837 1153 1991 1208 illos:
2027 1153 2123 1209 sed

545 1241 686 1306 quod
732 1240 849 1310 ipse
889 1245 964 1298 sit
1015 1258 1198 1298 sermo
1247 1244 1423 1300 Patris
1476 1247 1542 1302 ad
1593 1248 1884 1317 prophetas
1920 1247 2116 1301 dictus.

546 1328 829 1394 Quomodo
880 1332 1044 1400 igitur
1084 1334 1152 1398 is,
1181 1335 1273 1405 qui
1314 1343 1464 1390 tanto
1514 1336 1799 1392 intervallo
1830 1337 2121 1408 prophetas

544 1433 786 1490 superat,
816 1423 951 1477 nihil
977 1425 1139 1480 habet
1162 1426 1394 1495 amplius
1427 1442 1588 1496 quam
1619 1429 1916 1498 prophetae,
1951 1437 2006 1483 ut
2040 1436 2118 1495 tu,

545 1511 875 1583 blaspheme,
904 1515 1370 1587 impudentissime
1396 1518 1630 1574 asseris?

1208 1802 1439 1859 ALIUD.

613 1911 668 1966 Si
698 1912 923 1968 nescivit
961 1912 1132 1968 Filius
1148 1890 1504 1971 .voluntatem
1545 1913 1746 1984 Patris,
1775 1918 1892 1981 sed,
1921 1932 2112 1988 quem-

538 2007 826 2060 admodum
888 2008 1071 2062 hostes
1130 2007 1333 2063 Christi
1390 2017 1666 2072 asserunt,
1698 2023 2009 2092 sermonem
2046 2009 2116 2065 ab

539 2095 656 2164 ipso
678 2097 928 2167 suscipit,
954 2109 1009 2153 ut
1029 2099 1099 2152 ita
1119 2099 1311 2162 discat,
1333 2108 1386 2154 et
1406 2099 1627 2168 perinde
1643 2114 1708 2154 ac
1731 2100 2112 2168 prophetarum

537 2187 773 2256 aliquem
801 2189 964 2244 Pater
985 2191 1157 2259 ipsum
1190 2189 1485 2259 alloquitur
1515 2207 1530 2244 :
1570 2190 1800 2260 aequalis
1835 2191 1999 2260 igitur
2029 2199 2114 2246 est

534 2277 833 2346 prephelis.
870 2278 1010 2344 Quid
1048 2278 1216 2350 igitur
1247 2293 1464 2333 rursum
1495 2286 1734 2335 statuent
1773 2281 1839 2334 de
1876 2279 2110 2336 Psalmi-

531 2375 640 2429 sta,
673 2367 724 2420 in
765 2366 970 2437 Spiritu
999 2369 1213 2424 dicente
1243 2387 1257 2423 :
1296 2386 1314 2421 ι
1348 2367 1480 2435 Quis
1509 2369 1564 2425 in
1597 2369 1831 2425 nubibus
1861 2384 2110 2441 exaequa-

531 2455 679 2510 bitur
715 2457 985 2513 Domiuo?
1028 2469 1081 2515 et
1114 2461 1236 2530 quis
1267 2461 1462 2516 similis
1500 2462 1604 2516 erit
1636 2463 1864 2519 Domino
1893 2464 1946 2518 in
1985 2463 2109 2519 ﬁliis

532 2547 808 2601 hominum
834 2549 961 2602 ⁸⁵2»
1002 2550 1187 2606 Viden‘
1233 2566 1340 2620 quo
1374 2561 1534 2621 pacto
1593 2561 1780 2620 aperte
1837 2553 2108 2608 neminem

533 2639 708 2703 inquit
727 2639 780 2692 iu
802 2640 1106 2708 prophetis,
1127 2656 1263 2708 quos
1289 2643 1517 2713 ﬁgurate
1541 2643 1712 2698 nubes
1735 2652 1911 2709 vocat,
1935 2659 2109 2715 neque

531 2728 584 2781 in
622 2728 710 2796 iis,
741 2733 830 2801 qui
877 2748 973 2801 per
1016 2734 1246 2802 gratiam
1301 2735 1353 2788 in
1385 2734 1526 2789 ﬁlios
1555 2734 1648 2790 Dei
1685 2735 1926 2804 adoptati
1957 2743 2104 2803 sunt,

529 2819 790 2887 aequalem
840 2823 954 2876 fore
992 2822 1126 2877 Filio
1155 2824 1428 2902 naturali?
1456 2826 1731 2892 Quomodo
1770 2828 1931 2896 igitur
1965 2843 2107 2883 cett-

528 2911 731 2966 sendus
757 2921 838 2966 est
869 2929 994 2968 vere
1024 2914 1166 2984 loqui
1195 2914 1390 2982 David,
1424 2918 1515 2986 qui
1550 2918 1676 2972 talia
1703 2919 1754 2972 in
1784 2919 1991 2988 Spiritu
2020 2921 2103 2975 di-

408 3057 419 3070 η
529 3003 620 3068 cit,
656 3005 700 3058 si
747 3019 927 3060 sermo
960 3005 1134 3064 Patris
1178 3009 1342 3064 etiam
1391 3011 1458 3064 ad
1504 3009 1680 3080 ipsum
1726 3011 1804 3077 ﬁt,
1851 3013 1994 3068 sicut
2038 3014 2104 3068 ad

527 3103 766 3160 sanctos,
795 3107 847 3152 ct
872 3114 975 3152 non
1017 3099 1166 3155 novit
1193 3100 1523 3157 voluntatem
1549 3101 1728 3157 Patris
1767 3103 1989 3173 perinde
2018 3115 2102 3160 at-

526 3202 633 3256 que
661 3188 756 3248 illi,
777 3198 831 3242 ct
857 3205 952 3258 per
975 3192 1218 3246 auditum
1247 3193 1637 3249 revelationem
1671 3194 1814 3249 illius
1833 3197 2100 3266 suscipit?
2128 3212 2177 3278 ε

527 3279 597 3330 At
633 3277 676 3330 si
716 3278 1093 3348 blasphcmum
1126 3287 1209 3337 est
1233 3283 1432 3349 dicere,
1464 3283 1730 3353 Spiritum
1767 3287 2010 3353 mentiri,
2047 3297 2103 3342 ut

524 3365 748 3418 omnino
775 3376 858 3420 est
880 3367 1273 3436 blasphemum,
1300 3387 1473 3441 neque
1503 3373 1665 3429 aliter
1693 3389 1750 3430 se
1784 3391 1871 3430 res
1904 3377 2100 3432 habet:

531 3462 680 3507 certe
721 3453 863 3510 Deus
897 3456 1304 3528 incomparabili
1339 3463 1658 3519 excellentia
1695 3467 1975 3536 prophetis
2007 3483 2096 3523 su-

531 3539 712 3608 perior
736 3543 861 3608 erit,
889 3545 1088 3615 quippe
1115 3546 1207 3615 qui
1241 3562 1399 3605 verus
1431 3565 1636 3619 sermo,
1673 3562 1728 3608 et
1765 3555 2012 3612 voluntas
2039 3570 2102 3609 ac

527 3630 792 3698 sapientia
819 3634 1016 3690 Patris.

1199 3836 1430 3903 ALIUD.

594 3940 652 3997 Si
683 3941 916 3999 Verbum
939 3945 1087 4002 Patri
1112 3951 1430 4007 naturaliter
1483 3954 1811 4012 iuexsistens
1838 3959 1985 4016 aliud
2015 3971 2102 4018 est

518 4031 588 4086 ab
622 4045 687 4088 eo
715 4035 856 4102 quod
894 4051 1063 4091 sacra:
1107 4037 1404 4107 Scriptura:
1447 4044 1605 4099 nobis
1649 4059 1978 4116 proponunt,
2043 4060 2102 4107 ut

522 4124 595 4178 sit
619 4127 888 4192 quoddam
918 4130 1192 4184 occultum
1222 4141 1276 4186 et
1306 4133 1479 4189 latens
1503 4136 1556 4190 in
1587 4136 1770 4207 Patre,
1827 4141 1972 4200 aliud
2009 4157 2102 4198 ve.

525 4227 586 4267 ro
638 4218 780 4282 quod
836 4219 1083 4274 enuntiat
1129 4237 1250 4289 quae
1303 4224 1464 4280 Pater
1515 4227 1778 4297 loquitur,
1835 4248 1998 4302 quem
2044 4245 2099 4289 et

523 4301 759 4359 Joannes
796 4306 959 4383 Deum
999 4323 1122 4366 esse
1148 4313 1314 4368 dicit:
1354 4320 1624 4378 quomodo
1667 4321 1832 4388 igitur
1856 4301 2098 4393 simplex

526 4402 581 4448 et
616 4397 1022 4464 compositionis
1058 4415 1255 4469 expers
1284 4418 1404 4460 esse
1433 4409 1782 4464 censebitur?
1818 4412 2096 4484 Siquidem

533 4487 842 4540 necessario
871 4489 963 4555 qui
1015 4489 1219 4558 aliquid
1256 4495 1530 4549 occultum
1566 4508 1620 4552 et
1664 4500 1871 4568 aliquid
1927 4518 2091 4572 appa-

532 4588 657 4628 rens
686 4572 864 4639 habet,
891 4592 997 4631 non
1031 4579 1278 4649 simplex,
1318 4585 1414 4638 sed
1448 4585 1625 4654 potius
1647 4591 1981 4658 compositus
2010 4603 2094 4648 cst

523 4673 579 4716 et
607 4678 673 4718 ex
704 4663 914 4721 duobus
957 4679 1234 4726 constans.
1268 4674 1425 4742 Atqui
1467 4677 1608 4732 Deus
1643 4688 1726 4734 est
1762 4691 1955 4737 natura
1994 4699 2094 4740 sua

520 4755 772 4826 simplex,
809 4759 1052 4830 nihilque
1099 4763 1150 4816 in
1194 4777 1253 4818 se
1304 4766 1466 4822 habet
1513 4772 1896 4839 compositum.
1944 4776 2094 4833 Unus

520 4847 702 4918 itaque
731 4849 784 4904 in
810 4851 926 4920 ipso
955 4863 1038 4908 est
1066 4855 1329 4912 naturalis
1353 4867 1407 4912 et
1434 4859 1629 4916 insitus
1654 4863 1841 4920 Filius.
1949 4903 1952 4910 .

1197 5056 1426 5115 ALIUD.

591 5164 671 5229 Si,
698 5166 1150 5232 quemadmodum
1197 5171 1380 5229 hostes
1419 5175 1619 5232 Christi
1675 5179 1835 5250 ια)
1890 5185 2092 5239 audent

517 5256 718 5320 dicere,
749 5257 984 5316 Verbum
1019 5262 1164 5330 quod
1223 5263 1276 5318 in
1315 5266 1608 5337 Evangelia
1639 5271 1792 5326 nobis
1823 5275 2086 5341 praadica-

521 5359 626 5414 tur,
659 5349 930 5405 diversum
974 5362 1058 5407 est
1101 5354 1168 5408 ab
1209 5370 1275 5410 eo
1307 5359 1446 5424 quod
1476 5359 1622 5415 Patri
1668 5372 1859 5419 natura
1891 5365 2089 5422 inexsi-

517 5439 633 5501 stit,
670 5455 840 5508 neque
878 5443 1026 5496 novit
1066 5458 1262 5501 arcana
1298 5446 1496 5515 Patris,
1532 5452 1629 5506 sed
1669 5452 1830 5508 discit
1870 5439 2087 5524 quando

518 5541 639 5578 cum
675 5526 964 5596 alloquitur
1005 5550 1018 5585 :
1061 5547 1192 5603 ergo
1221 5550 1284 5588 ex
1332 5537 1636 5606 ignorantia
1687 5543 1752 5594 ad
1807 5545 2086 5601 scientiam

523 5613 846 5671 traducitur.
891 5621 1053 5690 Atqui
1098 5637 1202 5691 quo
1243 5638 1400 5694 pacto
1441 5644 1568 5684 vere
1617 5632 1782 5686 dicit:
1820 5653 1837 5685 ι
1882 5635 1992 5707 Ego
2033 5650 2087 5693 et

594 5761 635 5792 "'
671 5762 824 5821 Juan.
857 5785 909 5836 κ,
943 5771 1032 5837 55,
1063 5774 1149 5829 36.
1229 5778 1272 5809 ³⁸
1304 5778 1444 5835 Psal.
1481 5799 1743 5854 Lxxxvnt,
1775 5789 1826 5842 7.

2231 605 2423 676 ήγίασε
2458 607 2550 660 καὶ
2580 606 2898 660 ἀπέστειλεν
2933 607 3012 670 είς
3036 604 3128 658 τὸν
3160 605 3400 672 κόσμον,
3442 605 3601 676 ὑμεῖς
3625 604 3825 674 λέγετε

2229 695 2308 748 ὅτι
2341 695 2710 766 Βλασφημεῖς,
2743 699 2826 750 ὅτι
2853 692 3004 750 εἷπον
3026 711 3039 727 ·
3069 693 3197 759 Υἱὸς
3219 694 3311 748 τοῦ
3343 694 3478 748 Θεοῦ
3501 696 3673 766 εἰμι.»
3701 697 3823 749 Καὶ

2227 789 2333 860 γὰρ
2366 790 2414 842 εί
2443 788 2540 859 τήν
2575 788 2712 859 πρὸς
2739 790 2865 853 τοὺς
2897 788 3183 860 προφήτας
3219 782 3366 858 εἶχεν
3403 787 3627 857 ἰσότητα
3652 805 3821 857 φυσι-

2227 877 2350 948 κὴν,
2394 879 2494 931 οὐκ
2543 878 2609 932 ἂν
2665 879 2741 943 ὠς
2791 880 2856 932 ὲκ
2880 878 2974 932 τοῦ
3001 878 3284 940 ἐλάττονος
3327 877 3434 929 τῶν
3461 877 3585 931 καθ’
3623 878 3822 932 ἑαυτὸν

2226 971 2463 1022 ἐποιεῖτο
2511 969 2612 1038 τὴν
2667 968 2972 1039 σύγκρισιν,
3013 967 3083 1020 τά
3127 967 3354 1020 ἐκείνων
3396 965 3692 1037 λαμϐάνων
3737 969 3822 1030 εἰς

2227 1060 2664 1130 παραδείγματος
2699 1060 2952 1131 δύναμιν.
2999 1060 3190 1128 Λέγων
3238 1059 3368 1130 γὰρ,
3411 1079 3429 1110 ι
3465 1060 3528 1112 Εἰ
3566 1059 3818 1124 ἐκείνους

2225 1147 2346 1203 εἷπε
2372 1151 2550 1216 θεοὺς,
2575 1151 2709 1222 πρὸς
2735 1150 2829 1214 οὒς
2860 1151 2888 1202 6
2908 1151 3063 1220 λόγος
3085 1149 3180 1203 τοῦ
3212 1150 3345 1203 Θεοῦ
3387 1150 3630 1218 ἐγένετο,
3662 1170 3680 1206 ι
3713 1169 3813 1206 σοι-

2225 1240 2340 1308 φῶς
2369 1239 2750 1293 ἀποδείκνυσιν
2773 1239 2832 1292 ού
2860 1238 3015 1307 λόγον
3039 1237 3370 1307 γεγενῆσθαι
3393 1237 3526 1291 Θεοῦ
3557 1239 3696 1309 πρὸς
3717 1239 3814 1291 αύ-

2222 1333 2334 1397 τὸν,
2361 1331 2550 1404 ῶσπερ
2581 1331 2837 1404 καὶπρὸς
2869 1330 3134 1393 ἐκείνους,
3172 1329 3287 1384 ἀλλ’
3305 1329 3498 1401 ὅτιπερ
3534 1329 3699 1393 αὐτὸς
3723 1332 3805 1400 εἴη

2223 1422 2314 1476 τοῦ
2343 1422 2553 1494 Πατρὸς
2572 1424 2600 1475 6
2623 1423 2780 1490 λόγος
2811 1423 2839 1474 ὁ
2869 1421 3005 1492 πρὸς
3035 1422 3160 1484 τοὺς
3185 1421 3471 1491 προφήτας
3498 1419 3810 1490 λεγόμενος.

2223 1507 2346 1572 Πῶς
2374 1503 2466 1562 οὖν
2497 1510 2524 1561 6
2553 1509 2810 1561 τοσοῦτον
2841 1507 2951 1560 τῶν
2995 1509 3293 1578 προφητῶν
3319 1509 3808 1580 ἀπεσχοινισμένος

2223 1598 2317 1650 καὶ
2347 1596 2458 1650 ἀνω
2492 1614 2592 1650 που
2625 1597 2898 1668 κείμενος,
2945 1597 3100 1650 οὐδὲν
3127 1597 3238 1663 ἔξει
3265 1597 3430 1652 πλέον
3456 1598 3637 1652 αὐτῶν
3671 1601 3807 1654 κατά

2220 1685 2318 1757 τὴν
2343 1688 2462 1759 σὴν,
2488 1681 2532 1741 ὦ
2568 1687 2878 1760 βλάσφημε,
2906 1689 3113 1759 τόλμαν
3135 1706 3148 1754 ;

2908 1801 3111 1854 ΛΛΛΟ.

2293 1913 2354 1965 Εἰ
2384 1913 2484 1966 οὐκ
2503 1909 2643 1967 οἶδεν
2667 1914 2695 1966 6
2723 1913 2850 1978 Υἱὸς
2865 1913 2962 1985 τὴν
2983 1914 3074 1967 τοῦ
3105 1916 3320 1987 Πατρὸς
3351 1917 3628 1991 βούλησιν,
3656 1922 3801 1974 ἐκδέ-

2222 2020 2373 2072 χεται
2400 2004 2478 2068 δὲ,
2500 2004 2751 2074 καθάπερ
2769 2005 2818 2057 oi
2841 2005 3202 2076 χριστομάχοι
3227 2008 3528 2076 νομίζουσι,
3554 2011 3646 2064 τὸν
3671 2013 3798 2082 παρ’

2220 2093 2387 2147 αὑτοῦ
2408 2093 2584 2162 λόγον,
2621 2094 2707 2148 ἵνα
2737 2093 2799 2166 δή
2824 2111 2954 2147 ποτε
2987 2095 3083 2150 καὶ
3115 2095 3298 2165 μάθοι,
3334 2099 3424 2150 καὶ
3443 2099 3630 2169 ὥσπερ
3661 2101 3796 2169 πρός

2217 2202 2339 2238 τινα
2371 2185 2478 2238 τῶν
2515 2185 2812 2256 προφητῶν
2839 2189 2866 2240 6
2898 2188 3086 2258 Πατὴρ
3116 2187 3418 2257 διαλέγεται
3441 2189 3574 2260 πρὸς
3605 2191 3785 2252 αὑτὸν,

2221 2275 2332 2339 ῐσος
2367 2275 2473 2346 ἄρα
2504 2277 2807 2347 προφήταις
2837 2277 2975 2330 ἐστί.
3013 2279 3113 2332 Ποῖ
3161 2278 3227 2350 δὴ
3272 2275 3363 2332 οὖν
3395 2280 3499 2349 ἀρα
3547 2282 3784 2350 χωρήσει

2219 2366 2382 2419 πάλιν
2429 2368 2560 2436 ἡμῖν
2605 2370 2634 2419 6
2685 2367 2840 2435 ἆγιος
2868 2368 3171 2439 Ψαλμῳδὸς
3201 2372 3260 2423 ὲν
3292 2371 3568 2442 Πνεύματι
3598 2371 3788 2439 λέγων,

2217 2457 2300 2509 ὅτι
2337 2476 2355 2508 ι
2397 2457 2491 2520 Τίς
2545 2458 2603 2510 ὲν
2636 2458 2886 2526 νεφέλαις
2927 2460 3254 2532 ίσωθήσεται
3297 2463 3377 2532 τῷ
3423 2463 3656 2534 Κυρίῳ;
3705 2463 3794 2515 καὶ

2217 2548 2300 2612 τίς
2346 2549 2746 2618 ὁμοιωθήσεται
2785 2550 2863 2620 τῷ
2904 2551 3094 2624 Κυρίῳ
3125 2555 3182 2606 ἐν
3214 2555 3350 2618 υἱοῖς
3382 2553 3550 2615 Θεοῦς
3594 2573 3611 2606 ι
3670 2554 3795 2607 Ἰδοὺ

2216 2640 2324 2710 γὰρ
2349 2639 2536 2694 ἐνθάδε
2563 2643 2750 2710 σαφῶς
2781 2643 2972 2696 οὐδένα
3007 2645 3170 2714 φησὶν
3197 2644 3317 2698 οὔτε
3361 2646 3422 2697 ὲν
3458 2632 3793 2715 προφήταις,

2215 2731 2308 2796 οὒς
2340 2731 2432 2784 καὶ
2461 2732 2693 2800 νεφέλας
2719 2732 3126 2806 τροπικάπερον
3161 2734 3340 2803 λέγει,
3392 2733 3518 2788 οὔτε
3549 2737 3658 2805 μὴν
3684 2736 3794 2797 τοῖς

2212 2823 2292 2885 είς
2327 2823 2548 2892 υίότητα
2578 2822 2712 2876 Θεοῦ
2760 2827 3253 2896 καταταττομένοις
3283 2825 3372 2878 διὰ
3403 2827 3503 2896 τῆς
3547 2827 3796 2897 χάριτος,

2213 2913 2327 2966 ἴσον
2347 2913 2564 2969 ἔσεσθαι
2595 2915 2672 2987 τῷ
2700 2919 2843 2974 κατά
2870 2919 3031 2990 φύσιν
3055 2920 3189 2991 Υίῷ.
3233 2921 3358 2984 Πῶς
3383 2916 3477 2975 οῦν
3503 2920 3798 2992 ἀληθεύσει

2211 3004 2333 3058 Δα6“
2330 3005 2374 3058 ιδ
2391 3006 2418 3057 6
2441 3005 2498 3058 ὲν
2514 3005 2791 3077 Πνεύματι
2808 3008 2879 3061 τὰ
2900 3009 3124 3066 τοιαῦτα
3145 3010 3337 3080 λέγων,
3352 3011 3510 3081 εἰπερ
3528 3011 3625 3065 καὶ
3641 3009 3796 3078 λόγος

2211 3096 2301 3149 τοῦ
2337 3098 2546 3169 Πατρὸς
2575 3099 2710 3170 πρὸς
2744 3100 2906 3155 αὑτὸν
2936 3101 3176 3170 γίνεται,
3211 3103 3462 3174 καθάπερ
3505 3103 3646 3173 πρὸς
3671 3104 3792 3164 τοὺς

2210 3187 2420 3256 ἁγίους,
2453 3189 2547 3242 καὶ
2575 3191 2676 3243 οὐκ
2703 3185 2811 3244 οἶδε
2846 3191 2945 3264 τὴν
2974 3194 3068 3246 τοῦ
3093 3193 3308 3263 Πατρὸς
3335 3192 3593 3263 βούλησιν
3624 3191 3791 3244 καθά-

2207 3294 2313 3348 περ
2348 3280 2566 3343 ἐκεῖνοι,
2623 3279 2739 3332 ἀλλ’
2779 3280 3064 3351 ἐκδέχεται
3112 3282 3212 3353 τὴν
3243 3282 3588 3352 ἀποκάλυψιν
3627 3283 3792 3351 αὐτῆς

2204 3367 2292 3420 διὰ
2321 3368 2420 3439 τῆς
2471 3370 2827 3440 ἀκροάσεως;
2866 3373 2928 3426 Εἰ
2960 3374 3017 3427 δὲ
3065 3374 3350 3445 δύσφημον
3392 3374 3454 3428 τὸ
3500 3372 3789 3445 ψεύδεσθαι

2202 3459 2264 3511 τὸ
2293 3461 2520 3532 Πνεῦμα
2566 3461 2748 3530 λέγειν
2773 3502 2788 3527 ,
2825 3463 3109 3538 δύσφημον
3143 3467 3198 3520 δὲ
3235 3467 3456 3528 πάντως
3479 3507 3495 3534 ,
3552 3464 3647 3518 καὶ
3693 3463 3790 3534 οὐχ

2205 3537 2406 3620 ἑτέρως
2435 3550 2578 3620 ἕχον,
2603 3553 2859 3622 ὑπερέξει
2892 3537 3185 3626 προφητῶν
3210 3559 3237 3610 6
3277 3557 3480 3627 Κύριος
3521 3554 3786 3626 ἀσυγκρί-

2202 3656 2316 3703 τοις
2344 3641 2662 3712 ὑπεροχαῖς,
2694 3644 2854 3708 αὐτὸς
2879 3645 2954 3699 ῶν
2987 3647 3015 3698 6
3047 3647 3297 3717 ἀληθινὸς
3335 3647 3492 3715 λόγος
3519 3648 3612 3700 καὶ
3641 3648 3674 3716 ἡ
3695 3647 3789 3699 τοῦ

2205 3730 2417 3801 Πατρὸς
2442 3730 2699 3802 βούλησις
2734 3733 2829 3784 καὶ
2858 3734 3039 3802 σοφία.

2890 3847 3093 3899 ΑΛΛΟ.

2273 3960 2334 4012 Et
2358 3959 2542 4030 ἕτερός
2568 3962 2716 4014 ἐστιν
2744 3963 2772 4013 ὁ
2798 3960 3120 4033 ἐνυπάρχων
3150 3959 3228 4030 τῷ
3260 3959 3435 4030 Πατρὶ
3459 3959 3604 4013 κατά
3628 3960 3788 4030 φύσιν

2201 4048 2336 4112 Θεὸς
2370 4049 2542 4119 Λόγος
2573 4051 2726 4122 παρά
2747 4052 2839 4106 τὸν
2866 4053 2924 4105 ἐν
2967 4055 3086 4114 ταῖς
3112 4051 3284 4114 θείαις
3316 4052 3562 4123 Γραφαῖς
3594 4069 3788 4123 σημαι-

2199 4142 2440 4209 νόμενον,
2459 4144 2552 4196 καὶ
2567 4147 2740 4198 κεῖται
2771 4145 2868 4212 μέν
2889 4161 2974 4206 τις
3001 4145 3057 4196 ὲν
3083 4145 3258 4215 Πατρ“ι
3288 4146 3676 4216 κεκρυμμένος
3695 4145 3786 4198 καὶ

2200 4236 2520 4301 ἐνδιάθετος
2548 4238 2734 4310 ἕτερος
2750 4238 2807 4290 δέ
2832 4237 2914 4301 τίς
2935 4239 3082 4290 ἔστιν
3117 4238 3501 4308 ὲξαγγελτικὸς
3521 4239 3630 4291 τῶν
3654 4237 3784 4306 παρ’

2200 4328 2365 4381 αὐτοῦ
2389 4328 2755 4398 λαλουμένων,
2787 4329 2845 4382 ὃν
2877 4331 2971 4384 καὶ
3012 4329 3263 4400 Ἰωάννης
3285 4329 3420 4384 Θεὸν
3441 4330 3609 4397 Λόγον
3641 4324 3782 4380 εἷναί

2199 4435 2365 4488 φησι,
2425 4418 2542 4482 πῶς
2584 4420 2662 4473 ἔτι
2707 4420 2786 4491 τῷ
2825 4421 2943 4491 Θεῷ
2983 4422 3078 4476 καὶ
3123 4423 3296 4492 [Iath
3331 4422 3392 4474 τὸ
3432 4419 3632 4475 ἁπλοῦν
3682 4420 3779 4471 καὶ

2201 4507 2494 4561 ἀσύνθετον
2525 4508 2857 4578 σωθήσεται;
2897 4509 3068 4580 Εἴπερ
3117 4509 3427 4578 ἀναγκαίως
3473 4509 3503 4560 ὁ
3533 4524 3780 4578 κεκρυμ-

2205 4598 2362 4667 μένον
2394 4615 2447 4650 τι
2475 4598 2567 4652 καὶ
2597 4599 2840 4668 ἐμφανὲς
2861 4599 3020 4669 ἔχων,
3054 4599 3260 4662 ἁπλοῦς
3287 4600 3388 4652 οὐκ
3421 4599 3487 4652 ἂν
3515 4600 3626 4669 εῐη,
3658 4597 3781 4650 σύν-

2199 4687 2351 4748 θετος
2380 4686 2438 4738 δὲ
2493 4687 2694 4756 μᾶλλον
2727 4688 2821 4740 καὶ
2866 4689 2927 4738 ἐκ
2981 4687 3070 4739 δύο
3106 4687 3478 4756 συγκείμενος.
3521 4687 3681 4739 Ἐστι
3726 4686 3780 4739 δὲ

2199 4777 2401 4840 ἁπλοῦς
2431 4778 2572 4830 κατά
2606 4779 2766 4847 φύσιν
2794 4783 2822 4830 6
2853 4778 2984 4841 Θεὸς
3010 4819 3024 4843 ,
3077 4779 3171 4834 καὶ
3203 4778 3353 4830 οὐδὲν
3381 4777 3439 4829 ὲν
3463 4777 3613 4846 αὐτῷ
3653 4775 3778 4830 σύν-

2198 4869 2371 4921 θετον.
2407 4863 2500 4930 Εἷς
2531 4867 2638 4938 ἄρα
2672 4869 2843 4937 Λόγος
2879 4871 2937 4922 ἐν
2968 4867 3114 4939 αὐτῷ
3139 4868 3368 4938 φυσικός
3392 4885 3452 4920 τε
3479 4868 3574 4922 καὶ
3604 4867 3778 4921 ἐνδιά-

2198 4959 2349 5022 θετος
2382 4961 2409 5012 ό
2439 4959 2584 5022 Υἱός.

2884 5074 3090 5128 ΛᾹΛΟ.

2271 5182 2615 5252 Εἱ,καθάπερ
2640 5183 2688 5234 οἱ
2713 5187 3068 5253 χριστομάχοι
3090 5183 3328 5253 τολμῶσι
3354 5183 3559 5250 λέγειν,
3591 5186 3774 5258 ἔτερος

2197 5274 2271 5326 ὢν
2305 5275 2449 5345 παρά
2489 5264 2590 5326 τὸν
2610 5276 2987 5345 ἐνυπάρχοντα
3037 5273 3196 5342 φύσει
3237 5275 3369 5328 Θεὸν
3425 5275 3599 5342 Λόγος
3630 5280 3658 5332 6
3689 5279 3773 5331 διὰ

2194 5366 2303 5418 τῶν
2335 5365 2685 5434 Εὑαγγελίων
2713 5368 2844 5436 ἡμῖν
2877 5367 3299 5437 κηρυττόμενος,
3331 5367 3430 5420 οὐκ
3451 5364 3559 5422 οἶδε
3590 5369 3658 5421 τά
3687 5385 3774 5421 κεν

2196 5457 2484 5527 κρυμμένα
2517 5457 2609 5509 τοῦ
2653 5459 2883 5527 Πατρὸς,
2925 5458 3181 5528 μανθάνει
3223 5458 3278 5510 δὲ
3306 5459 3393 5511 ὅτε
3429 5459 3566 5528 πρὸς
3613 5460 3772 5513 αὑτὸν

2193 5550 2534 5617 διαλέγεται⁸
2565 5551 2630 5618 ,ἐξ
2680 5550 2952 5618 ἀγνωσίας
2991 5551 3096 5622 ἄρα
3141 5551 3220 5612 εἰς
3270 5549 3471 5615 γνῶσιν
3528 5550 3768 5620 ἔρχεται,

2195 5641 2288 5692 καὶ
2318 5640 2374 5706 ἐξ
2407 5641 2589 5703 ἀνοίας
2619 5643 2693 5704 εἰς
2722 5641 2923 5709 νόησιν.
2959 5641 3066 5692 Καὶ
3106 5641 3219 5702 πῶς
3258 5638 3549 5709 ἀληθεύσει
3570 5639 3765 5708 λέγων·
