4078 6260
249 375 349 432 εει

1623 309 2066 412 TIIESAURUS.

3393 342 3496 398 59.2

265 514 283 545 ι
313 490 448 558 Ἐγὼ
471 485 563 539 καὶ
596 486 624 538 6
658 485 856 552 Πατὴρ
889 481 946 535 ἓν
980 480 1164 550 ἐσμεν.
1198 495 1215 530 ›
1249 476 1372 539 Πῶς
1413 475 1468 528 δὲ
1512 472 1829 544 ἀπαράλλα-

1948 473 2094 526 Pater
2129 485 2293 525 uumu
2339 481 2525 524 sunms
2556 465 2634 518 ³⁸⁸2
2683 465 2788 518 Aut
2829 477 2936 533 quo
2972 470 3130 532 pacto
3167 462 3269 515 erit
3317 465 3492 516 omni-

261 599 375 644 κτος
405 576 572 633 εἰσιὼν
599 575 754 628 ἔσται
785 572 881 625 τοῦ
920 569 1331 640 γεγεννηκότος,
1362 568 1410 619 εί
1453 565 1701 635 καθάπερ
1729 563 1822 616 ἄν·

258 673 466 736 enam-0;
485 667 682 736 ἀγνοίᾳ
709 666 992 736 κρατεῖται
1015 679 1030 726 ;
1050 662 1170 731 Χρὴ
1199 660 1306 730 γὰρ
1329 658 1542 720 πάντως
1565 656 1598 727 ἦ
1623 653 1826 709 καὶτὸν

254 733 474 830 Πατέρα
501 733 684 826 λέγειν
707 733 763 808 τί
795 755 904 807 τῶν
948 753 1223 822 ἐσομένων
1254 749 1545 820 ἀγνοεῖν,ἢ
1575 750 1621 801 εί
1651 747 1827 801 πάντα

252 852 541 921 γινώσκει,
559 850 655 903 καὶ
680 849 859 902 είκόνα
888 847 985 916 τῆς
1015 846 1149 909 ἰδίας
1173 844 1472 914 ἀῖδιότητος
1491 843 1566 911 (1)
1602 841 1714 910 ἔχει
1738 839 1826 891 τὸν

257 947 410 1010 Υἱὺν,
442 942 704 998 ἀδύνατον
740 943 810 1011 μὴ
834 940 1087 1010 τοιαύτην
1116 939 1260 1009 ἔχειν
1288 937 1450 992 αὑτὸν
1483 936 1582 1006 τὴν
1607 933 1824 1003 γνῶσιν,

258 1035 458 1088 ὁποίαν
481 1033 578 1087 καὶ
603 1034 629 1086 6
653 1033 858 1104 Πατὴρ,
893 1024 954 1086 οὗ
987 1033 1078 1086 καὶ
1101 1031 1218 1084 ἔστι
1243 1027 1523 1104 χαρακτὴρ
1550 1025 1640 1080 καὶ
1666 1024 1830 1078 εἰκὼν

264 1128 415 1198 ἁπαρ
423 1125 698 1188 ἀλλακτος.
738 1136 772 1162 f’

547 1235 873 1299 Ἀντίθεσις
898 1235 980 1301 ὡς
1007 1234 1076 1288 ἐκ
1101 1235 1209 1288 τοῦ
1228 1195 1546 1304 Εὐνομίαν.

333 1345 442 1400 Καὶ
465 1346 550 1408 τίς
575 1344 739 1409 οὕτω,
775 1344 963 1415 φησὶν,
991 1344 1208 1416 ἀμαθὴς
1249 1345 1325 1408 ὡς
1361 1345 1628 1417 τολμῆσαι
1653 1346 1834 1416 λέγειν

263 1435 330 1488 τὰ
377 1435 614 1504 ὀνόματα
652 1434 793 1488 κατὰ
841 1434 1183 1504 πραγμάτων
1240 1435 1492 1505 κείμενα,
1556 1437 1630 1507 μὴ
1667 1437 1832 1508 ἕτερα

267 1523 401 1580 εἶναι
441 1528 570 1600 παρ’
609 1528 781 1591 αὐτάς
823 1528 954 1580 Ἰδοὺ
995 1527 1102 1597 γὰρ
1128 1569 1142 1591 ,
1177 1529 1204 1580 6
1237 1527 1336 1596 μὲν
1389 1528 1637 1598 οὐρανὸς,
1673 1528 1832 1599 ἔργον

265 1619 405 1672 οὓτω
439 1621 582 1688 μέγα
607 1620 704 1671 καὶ
739 1618 1014 1688 ἐξαίρετον
1040 1618 1175 1670 Θεοῦ
1198 1636 1212 1649 ’
1244 1618 1304 1670 τὸ
1350 1618 1407 1671 δὲ
1437 1619 1608 1690 ὄνομα
1630 1659 1645 1684 ,
1674 1619 1742 1672 δι’
1776 1613 1837 1672 οὗ

272 1709 627 1777 σημαίνεται,
651 1709 837 1776 ἕτερόν
879 1709 992 1760 ἐστι
1021 1710 1149 1778 παρ’
1175 1707 1358 1760 αὐτόν’
1393 1709 1488 1760 καὶ
1516 1707 1839 1778 γνωσόμεθα

1934 564 2092 616 moda
2128 559 2426 615 similitudo
2442 555 2638 620 Patris,
2665 555 2707 608 si
2731 553 2952 624 perinde
2968 563 3126 620 atque
3151 555 3316 605 homo
3345 553 3497 620 igno-

1930 654 2106 707 rantia
2139 650 2390 706 laborat?
2420 647 2792 703 Necessarium
2836 644 2980 700 enim
3021 652 3122 708 est,
3171 651 3230 695 ut
3260 652 3352 695 aut
3393 641 3497 694 Pa-

1935 757 2068 801 trem
2119 744 2321 813 aliquid
2371 741 2670 796 futurorum
2718 738 2968 808 ignorare
2999 735 3279 790 dicamus:
3315 742 3408 787 aut
3448 734 3491 786 si

1930 840 2112 894 omnia
2166 835 2335 900 novit,
2380 841 2437 888 et
2489 832 2777 901 imaginem
2812 826 3131 884 aternitatis
3175 839 3289 900 suae
3335 823 3497 878 habet

1930 930 2152 993 Filium,
2210 926 2324 980 ﬁeri
2371 939 2477 979 non
2509 932 2711 993 potest,
2741 921 2872 990 quin
2911 919 3098 974 eadem
3136 915 3392 986 praeditus
3426 914 3497 968 sit

1932 1019 2120 1076 notitia
2152 1032 2260 1087 qua
2287 1015 2472 1082 Pater,
2509 1012 2665 1083 cujus
2696 1013 2984 1069 character
3015 1017 3119 1077 est,
3153 1017 3208 1064 et
3235 1007 3497 1066 omnimo-

1931 1114 1998 1170 da
2030 1109 2327 1168 similitudo
2350 1108 2416 1163 ".

2438 1216 2678 1287 Objectio
2712 1215 2986 1270 Eunomia".

2006 1335 2170 1405 Atqui
2206 1335 2454 1404 quisnam
2489 1332 2626 1388 adeo
2653 1329 2936 1401 imperitus
2968 1328 3152 1395 fuerit,
3180 1328 3280 1393 ait,
3309 1337 3368 1382 ut
3401 1339 3500 1381 au-

1938 1429 2064 1483 deat
2094 1428 2302 1493 dicere,
2339 1425 2552 1481 nomina
2582 1439 2701 1495 quae
2733 1423 2897 1477 rebus
2929 1421 3172 1490 imposita
3204 1429 3347 1485 sunt,
3394 1434 3499 1472 non

1937 1534 2056 1575 esse
2091 1520 2306 1575 diversa
2342 1532 2372 1572 a
2404 1519 2563 1573 rebus
2594 1517 2762 1588 ipsis?
2804 1514 2938 1571 Nam
2985 1515 3204 1578 caelum,
3249 1526 3500 1581 magnum

1937 1612 2068 1666 illud
2099 1621 2262 1680 atque
2292 1611 2545 1666 eximium
2579 1610 2672 1665 Dei
2703 1625 2864 1680 opus,
2895 1608 3037 1662 aliud
3085 1617 3168 1661 est
3210 1621 3238 1658 a
3290 1603 3502 1658 nomine

1939 1715 2045 1770 quo
2079 1700 2434 1768 signiﬁcatur,
2472 1702 2614 1770 quod
2655 1699 2886 1781 quidem.
2926 1698 3049 1752 inde
3090 1706 3498 1766 cognoscemus.

274 1799 436 1852 τοῦτο
467 1797 738 1851 ἐντεῦθεν.
773 1798 831 1851 '0
873 1798 966 1868 μὲν
999 1797 1104 1868 γὰρ
1137 1798 1357 1868 οὐρανὸς
1412 1796 1643 1868 πρᾶγμά
1691 1799 1839 1850 ἐστιν

1948 1790 2074 1843 Nam
2120 1789 2316 1842 ca-lum
2364 1803 2450 1843 res
2478 1799 2561 1843 est
2591 1789 2843 1852 visibilis,
2874 1801 3068 1842 nomen
3105 1799 3233 1840 vero
3263 1783 3336 1837 illi
3369 1781 3504 1835 indi-

279 1889 502 1958 ὁρατὸν,
527 1888 588 1940 τὸ
606 1888 658 1940 δὲ
687 1890 770 1941 ἐπ’
797 1889 940 1957 αὐτῷ
963 1888 1211 1958 κείμενον
1240 1889 1408 1958 ὄνομα
1426 1890 1486 1941 οὐ
1509 1890 1630 1950 ταῖς
1651 1887 1840 1957 ὄψεσιν

1948 1889 2054 1933 tum
2089 1878 2142 1932 in
2171 1886 2450 1948 aspectum
2482 1892 2589 1931 non
2618 1877 2783 1942 cadit,
2803 1878 2894 1930 sed
2929 1883 3136 1929 tantum
3168 1872 3351 1927 auditu
3382 1887 3504 1941 per-

288 1980 595 2044 ὗποπίπτει,
622 1980 734 2032 ἀλλ’
765 1978 878 2032 ἔστι
906 1980 1066 2050 μόνον
1096 1979 1385 2034 ἀκουστόν.
1420 1981 1530 2033 Οὐκ
1554 1976 1646 2033 οὖν
1667 1979 1755 2032 διὰ
1781 1979 1842 2032 τὸ

278 2070 522 2138 λέγεσθαι
556 2071 722 2138 Λόγος
745 2073 774 2123 6
800 2071 954 2136 Υἱὸς,
994 2072 1218 2134 πάντως
1260 2071 1378 2123 ἐστὶ
1422 2070 1578 2122 τοῦτο
1612 2069 1640 2121 6
1660 2069 1841 2122 νοοῦσί

270 2175 439 2224 τινες,
474 2159 611 2212 ἀλλὰ
642 2161 891 2214 καλεῖται
942 2161 1043 2232 μὲν
1078 2162 1278 2230 Λόγος.
1312 2161 1427 2214 ἐστι
1471 2161 1525 2213 δὲ
1575 2161 1760 2229 ἕτερόν
1788 2179 1842 2213 τι

261 2267 406 2303 κατα
425 2267 611 2319 φυσιν.

761 2359 918 2428 Πρὸς
956 2358 1152 2412 ταῦτα
1182 2359 1384 2423 λύσις.

339 2476 575 2545 Σιωπᾷν
609 2474 740 2537 ἔδει,
785 2474 882 2525 καὶ
937 2472 1110 2542 μηδὲν
1155 2469 1540 2540 ἀποκρίνεσθαι
1584 2471 1714 2540 πρὸς
1758 2469 1854 2540 τὴν

257 2567 442 2628 οὓτως
467 2565 707 2634 ἀνόητον
733 2562 826 2616 τοῦ
857 2563 1020 2630 λόγου
1051 2563 1417 2631 κατασκευήν.
1458 2563 1639 2632 Ὅμως
1669 2562 1715 2614 δ’
1759 2557 1849 2614 οὖν

259 2654 572 2726 ἐρωτητέον
604 2654 736 2715 τοὺς
762 2653 878 2705 ὅσοι
904 2653 973 2705 τὰ
995 2650 1223 2704 τοιαῦτά
1254 2669 1435 2719 φασιν,
1463 2653 1509 2703 εί
1539 2651 1612 2722 μὴ
1640 2652 1707 2705 τὰ
1733 2653 1848 2705 ὀνό-

266 2759 412 2812 ματα
441 2741 655 2810 κυρίως
683 2739 828 2793 κατὰ
866 2739 1210 2810 πραγμάτων
1253 2741 1506 2810 κείμενα,
1535 2741 1632 2804 τὰς
1659 2744 1845 2807 οὐσίας

269 2833 444 2888 αὐτῶν
477 2833 764 2901 σημαίνει,
783 2831 890 2884 κᾶν
910 2831 1075 2903 ἕτερα
1099 2832 1252 2902 παρὰ
1271 2832 1442 2884 ταῦτα
1455 2835 1716 2904 τυγχάνῃ.
1738 2836 1847 2888 Καὶ

270 2926 399 2994 γοῦν
422 2925 484 2976 τὸ
510 2923 796 2992 ἅνθρωπος
818 2923 1008 2990 ὄνομα,
1032 2923 1287 2993 σημαίνει
1318 2923 1416 2992 μὲν
1442 2923 1535 2976 τοῦ
1559 2926 1846 2995 ἀνθρώπου

278 3015 376 3084 τὴν
401 3013 579 3080 φύσιν,
607 3013 797 3080 ἓτερον
823 3010 880 3063 δέ
906 3012 956 3062 τί
984 3013 1101 3063 ἐστι
1130 3011 1260 3081 παρ’
1295 3012 1480 3064 αὐτόν.
1533 3015 1591 3066 Ὀ
1616 3015 1714 3084 μὲν
1740 3017 1847 3085 γὰρ

285 3104 567 3174 ἅνθρωπος
591 3104 819 3173 πρᾶγμα
842 3101 1059 3171 ὁρατὸν,
1083 3101 1142 3154 τὸ
1172 3102 1230 3154 δὲ
1259 3102 1346 3154 ἐπ’
1374 3103 1522 3173 αὐτῷ
1549 3104 1718 3174 ὄνομα
1751 3105 1849 3174 μό-

289 3213 380 3248 νον
425 3195 704 3246 ἁκουστόν.
752 3193 954 3246 Οὐκοῦν
1010 3193 1066 3244 εί
1090 3210 1175 3254 τις
1227 3192 1514 3264 ἄνθρωπον
1549 3195 1845 3265 ὀνομάσαι,

292 3284 480 3354 ἐπειδὴ
531 3285 604 3354 μὴ
647 3285 798 3337 τοῦτό
846 3285 958 3337 ἐστι
989 3285 1207 3347 πάντως
1246 3285 1274 3336 6
1309 3286 1562 3354 σημαίνει
1590 3286 1846 3356 τοῦνομα,

291 3377 430 3429 κατά
451 3376 541 3428 τὸν
571 3377 789 3428 ἐκείνων
820 3375 1200 3444 συλλογισμὸν,
1229 3375 1416 3446 ἔτερόν
1435 3394 1488 3429 τι
1514 3377 1725 3440 νοείτω,
1758 3379 1852 3430 καὶ

293 3468 364 3538 μὴ
386 3469 600 3531 πάντως
630 3467 789 3520 τοῦτο
825 3467 854 3519 6
885 3467 1138 3536 σημαίνει
1159 3465 1417 3536 τοῠνομα.
1460 3468 1524 3519 Et
1566 3467 1624 3520 δὲ
1656 3469 1853 3537 μανίας

285 3557 585 3627 ἀνάμεστον
609 3557 766 3610 τοῦτό
790 3574 876 3626 γε,
905 3558 1006 3610 οὐκ
1030 3556 1362 3627 ἀποδλητέον
1398 3557 1497 3621 τὰς
1524 3558 1633 3611 τῶν
1655 3559 1851 3630 ὀνομά-

279 3664 386 3700 των
415 3648 779 3718 κυριολογίας,
801 3647 923 3700 οὐδὲ
946 3647 1132 3718 ἔτερόν
1165 3665 1218 3700 τι
1245 3648 1394 3720 παρὰ
1422 3649 1482 3701 τὸ
1518 3651 1852 3720 σημαινόμε-

278 3755 366 3792 νον
403 3739 472 3792 δι⁹
502 3739 682 3792 αὐτῶν
702 3738 952 3808 νοητέονο
986 3738 1216 3808 ἀργήσει
1242 3738 1352 3810 γὰρ
1379 3738 1519 3792 οὕτω
1558 3739 1665 3793 τῶν
1702 3742 1851 3810 αἱρε-

273 3829 448 3882 τικῶν
470 3831 506 3898 ἡ
535 3828 719 3898 μανία.
757 3828 1031 3882 Δεικνύτω
1071 3828 1128 3880 δὲ
1157 3831 1288 3899 ἡμῖν
1319 3831 1347 3881 6
1392 3829 1560 3893 δεινὸς
1595 3833 1674 3894 είς
1708 3831 1852 3899 λογι-

278 3921 454 3990 σμοὺς
475 3919 557 3972 ὅτι
589 3920 662 3988 μὴ
687 3918 878 3990 κύριον
904 3919 1078 3989 ὄνομα
1105 3919 1182 3988 τῷ
1211 3919 1325 3989 Υίῷ
1357 3920 1448 3972 τοῦ
1497 3919 1630 3973 Θεοῦ
1663 3921 1722 3973 τὸ
1751 3921 1852 3974 Λό-

278 4029 391 4080 γος,
423 4013 519 4064 καὶ
547 4011 951 4065 ἀντιταττέσθω
989 4012 1106 4073 ταῖς
1140 4009 1312 4073 θείαις
1346 4012 1620 4079 Γραφαῖς,
1652 4009 1853 4080 καὶτῷ

283 4104 535 4175 μακαρίῳ
569 4103 929 4174 εὐαγγελιστῇ
971 4103 1190 4173 Ἰωάννη
1210 4142 1225 4165 ,
1266 4104 1730 4172 πρεπωδεστάτην
1759 4104 1854 4156 καὶ

284 4196 640 4264 κυριαιτὰτην
687 4194 848 4246 εἰδότι
903 4192 994 4246 τοῦ
1021 4193 1150 4245 Υίοῦ
1201 4193 1301 4264 τὴν
1353 4193 1723 4264 προσηγορίαν
1751 4193 1854 4250 ,διὰ

285 4283 373 4336 τοῦ
402 4284 690 4337 καλεῖσθαι
714 4283 885 4351 Λόγον
906 4299 920 4313 ·
964 4301 984 4330 σ
1037 4284 1124 4336 Ἐν
1153 4285 1294 4355 ἀρχῇ
1327 4283 1436 4355 γὰρ
1461 4323 1476 4346 ,
1510 4283 1692 4354 φησὶν,
1723 4279 1790 4355 ἦν
1827 4285 1855 4337 6

287 4377 451 4444 Λόγος
461 4416 474 4428 .
517 4395 536 4428 ι

561 4507 890 4571 ’Λντίθεσις
917 4507 996 4573 ὡς
1023 4506 1091 4560 ἐκ
1118 4505 1234 4560 τῶν
1259 4506 1580 4575 Εὐνομζου.

353 4621 464 4673 Καὶ
493 4620 614 4683 πῶς
643 4620 709 4671 ἂν
740 4619 974 4680 δύναιτο,
1000 4620 1155 4689 φησὶ,
1178 4619 1334 4687 λόγος
1357 4615 1494 4672 εἶναι
1526 4619 1616 4672 τοῦ
1645 4621 1856 4692 Πατρός

266 4714 380 4767 καὶ
404 4713 568 4780 σοφία
597 4715 624 4765 6
652 4713 796 4776 Υἱὸς,
827 4714 982 4784 εἴπερ
1014 4714 1044 4782 ἠ
1081 4713 1181 4783 μὲν
1208 4713 1366 4782 σοφία
1385 4714 1659 4783 ἐπιστήμη
1685 4714 1855 4777 ἐστὶν,

1942 1971 2045 2037 cipi
2075 1978 2268 2038 potest.
2301 1969 2470 2023 Filius
2496 1969 2698 2039 itaque,
2737 1983 2843 2023 non
2881 1969 3084 2022 ideirco
3110 1968 3236 2036 quia
3273 1973 3502 2020 vocatur

1945 2061 2198 2125 Verbum,
2225 2071 2308 2115 est
2344 2061 2396 2115 in
2429 2062 2742 2116 universum
2790 2060 2842 2114 id
2873 2060 3016 2129 quod
3062 2060 3283 2130 quidam
3315 2056 3504 2110 existi-

1943 2161 2112 2216 mant,
2155 2156 2246 2206 sed
2275 2163 2496 2206 vocatur
2534 2153 2754 2222 quidem
2784 2151 3042 2220 Verbum,
3079 2161 3162 2207 est
3203 2165 3334 2206 vero
3361 2149 3506 2205 aliud

1943 2241 2072 2311 quid
2098 2244 2389 2297 secundum
2421 2251 2692 2295 naturam.

2438 2354 2640 2408 Salutio
2679 2353 3003 2423 objectionis.

2017 2465 2325 2520 Tacendum
2384 2474 2488 2530 est,
2531 2465 2775 2536 nihilque
2823 2465 2889 2520 ad
2937 2464 3238 2536 huiusmodi
3283 2464 3512 2536 ineptias

1946 2557 2398 2634 respondendum.
2436 2556 2677 2627 Rogandi
2720 2566 2898 2612 tamen
2945 2566 3092 2621 sunt,
3125 2559 3215 2626 qui
3243 2557 3508 2625 ejusmodi

1945 2649 2213 2714 effutiunt,
2248 2665 2427 2702 annon
2462 2650 2675 2703 nomina
2696 2663 2814 2717 quae
2837 2651 3052 2719 proprie
3075 2651 3236 2705 rebus
3263 2650 3510 2719 imposita

1945 2749 2092 2803 sunt,
2113 2741 2476 2794 substantiam
2501 2754 2688 2794 earum
2707 2740 3033 2807 signiﬁcent,
3057 2741 3267 2796 tametsi
3297 2742 3508 2796 diversa

1945 2834 2014 2887 ab
2041 2833 2110 2887 iis
2155 2833 2284 2887 sint.
2329 2831 2532 2886 Nomen
2574 2833 2739 2896 enim,
2768 2833 2948 2896 homo,
2981 2832 3252 2901 signiﬁcat
3278 2833 3512 2886 hominis

1948 2933 2192 2980 naturam
2225 2944 2237 2978 :
2275 2932 2359 2978 est
2401 2931 2579 2977 tamen
2617 2925 2886 2978 diversum
2931 2923 3055 2992 quid
3101 2925 3169 2978 ab
3213 2927 3348 2991 ipso.
3379 2923 3511 2977 Nam

1947 3015 2110 3070 homo
2136 3024 2221 3070 est
2256 3030 2342 3069 res
2388 3014 2644 3080 visibilis,
2700 3029 2894 3068 nomen
2937 3028 3068 3069 vero
3106 3015 3154 3068 ei
3204 3015 3513 3084 impositum

1951 3110 2135 3164 auditu
2168 3118 2373 3163 tantum
2414 3110 2616 3178 percipi
2650 3117 2846 3178 potest.
2889 3108 3156 3176 Quocirca
3188 3110 3236 3164 si
3265 3110 3388 3178 quis
3416 3110 3515 3164 ho-

1953 3202 2152 3254 minem
2185 3201 2448 3265 nominet,
2477 3199 2912 3268 quandoquidem
2954 3216 3060 3255 non
3103 3201 3334 3271 idipsum
3370 3203 3515 3273 quod

1949 3301 2032 3347 est
2067 3307 2260 3346 nomen
2289 3293 2522 3346 hominis
2545 3291 2829 3361 signiﬁcat,
2855 3302 2915 3346 ut
2944 3291 3017 3347 illi
3045 3303 3512 3364 argumentantur,

1952 3382 2094 3436 aliud
2131 3383 2295 3450 igitur
2317 3382 2516 3450 aliquid
2553 3396 2674 3436 esse
2700 3393 3011 3446 censeatur,
3047 3392 3102 3437 et
3134 3398 3240 3436 non
3273 3383 3428 3452 plane
3461 3384 3514 3436 id

1950 3473 2092 3539 quod
2131 3486 2328 3524 nomen
2360 3471 2648 3540 signiﬁcat.
2691 3471 2761 3525 At
2797 3472 2841 3527 si
2887 3473 2989 3528 hoc
3035 3473 3256 3528 insania-.-
3296 3473 3514 3542 plenum

1950 3569 2202 3616 est:non
2235 3573 2361 3617 sunt
2388 3564 2550 3632 igitur
2591 3564 2903 3633 rejieienda
2955 3566 3185 3633 propria:
3237 3565 3514 3618 nominum

1952 3653 2400 3722 signiﬁcationes,
2465 3669 2641 3723 neque
2686 3654 2828 3708 aliud
2880 3655 3168 3723 quidquam
3218 3663 3412 3722 preter
3463 3653 3516 3707 id

1952 3745 2092 3811 quod
2118 3743 2452 3814 signiﬁcatur
2492 3761 2588 3814 per
2617 3746 2729 3814 ipsa
2759 3745 3166 3814 intelligendum
3195 3754 3312 3807 est;
3355 3754 3520 3811 atque

1954 3832 2027 3886 ita
2056 3833 2436 3888 hereticorum
2478 3835 2688 3888 insania
2717 3834 3063 3902 reprimetur.
3095 3831 3358 3886 Ostendat
3394 3843 3522 3888 vero

1954 3923 2110 3978 nobis
2136 3925 2314 3994 gravis
2343 3925 2443 3980 iste
2468 3927 2791 3993 disputator,
2825 3923 3060 3976 Verbum
3105 3936 3208 3974 non
3241 3934 3361 3973 esse
3393 3933 3522 3986 pro-

1954 4016 2128 4083 prium
2174 4015 2296 4069 Filii
2331 4015 2424 4068 Dei
2475 4030 2708 4068 nomen:
2761 4021 3130 4080 repugnetque
3167 4010 3339 4063 sacris
3374 4009 3523 4062 Scri-

1953 4106 2128 4173 pturis
2143 4121 2208 4160 ac
2230 4105 2388 4158 beato
2409 4102 2602 4157 Joanni
2622 4102 2981 4170 evangelista,
3001 4101 3092 4168 qui
3124 4097 3524 4154 convenientis-

1955 4198 2147 4250 simam
2216 4195 2562 4260 maximeque
2612 4191 2883 4259 propriam
2937 4189 3060 4244 Filii
3109 4190 3522 4261 appellationem

1957 4288 2127 4352 novit,
2153 4302 2273 4341 cum
2306 4294 2458 4339 vocet
2494 4285 2766 4338 Verbum:
2807 4301 2826 4335 ι
2866 4282 2919 4337 In
2961 4283 3226 4355 principio
3247 4285 3411 4350 enim,
3442 4283 3523 4338 in-

1955 4381 2090 4448 quit,
2122 4389 2240 4433 erat
2268 4376 2500 4432 Verbum
2527 4377 2592 4429 ³⁸.
2635 4394 2653 4426 ι

2295 4509 2448 4580 19],
2487 4509 2607 4563 Alia
2656 4508 2873 4577 objectio
2933 4505 3191 4560 Eunomii.

2028 4625 2096 4677 At
2129 4639 2234 4692 quo
2266 4631 2444 4691 pacto,
2481 4623 2676 4690 inquit,
2715 4623 2888 4689 possit
2916 4621 3086 4675 Filius
3115 4635 3234 4675 esse
3265 4635 3446 4676 sermo
3474 4629 3526 4673 et

1959 4715 2224 4784 sapientia
2255 4713 2456 4779 Patris,
2485 4729 2604 4767 cum
2643 4714 2908 4782 sapientia
2942 4713 3012 4765 sit
3062 4712 3308 4774 scientia,
3347 4723 3527 4764 sermo

262 4800 316 4852 ὁ
357 4800 413 4852 δὲ
448 4801 608 4867 λόγος
661 4803 900 4870 ῥήματος
929 4801 1073 4872 ἀργὴ
1121 4803 1406 4871 προφορᾶς
1447 4802 1750 4872 Ἐπιστήμη
1799 4801 1858 4853 δὲ

260 4891 386 4944 οὐκ
409 4892 776 4943 ὲνυπόστατόν
801 4891 854 4943 τί
885 4894 1053 4956 ἐστιν,
1085 4891 1198 4944 ἀλλ’
1229 4892 1350 4944 οὐδὲ
1378 4890 1514 4954 ζῶον
1573 4892 1668 4944 καὶ
1702 4891 1859 4958 λόγος

257 4980 508 5049 ὁμοίως.
552 4981 611 5031 '0
640 4981 695 5030 δὲ
729 4980 852 5042 Υἱὸς
882 4981 1018 5043 ζῶόν
1049 4984 1195 5034 ἐστιν
1216 4998 1227 5010 ·
1265 4983 1363 5033 οὐκ
1406 4981 1513 5050 ἄρα
1557 4982 1855 5051 ἐπιστήμη,

254 5070 407 5125 οὐδὲ
450 5070 614 5137 σοφία
640 5112 654 5132 ,
686 5069 807 5122 οὐδὲ
849 5070 1024 5137 λόγος.
1059 5067 1190 5124 Εἶτα
1233 5071 1366 5142 πρὸς
1399 5071 1573 5140 τούτῳ
1600 5111 1614 5133 ,
1653 5073 1768 5133 πῶς
1797 5070 1863 5123 ἂν

255 5163 501 5234 γένοιτο
532 5161 685 5229 λόγος
721 5162 779 5215 ὲν
821 5162 986 5233 λόγῳ,
1020 5163 1275 5216 ἀδυνάτου
1324 5163 1677 5216 παντάπασιν
1711 5165 1863 5226 ὄντος

254 5253 376 5310 τθῦ
408 5253 472 5307 τὸ
502 5253 690 5323 ὅμοιον
711 5253 769 5307 ἐν
793 5254 963 5324 ὁμοίῳ
985 5255 1250 5322 γίνεσθαι;
1276 5255 1394 5308 οὐδὲ
1422 5256 1529 5326 γὰρ
1560 5255 1623 5308 ἂν
1657 5255 1866 5323 γένοιτο

256 5348 480 5422 χρῶμα
508 5349 571 5401 ἐν
606 5345 881 5420 χρώματι.
911 5347 1080 5417 Εἴπερ
1112 5343 1202 5399 οὖν
1247 5343 1313 5416 ἦν
1362 5348 1390 5400 6
1439 5345 1592 5414 λόγος
1636 5347 1805 5410 ὅντως
1837 5350 1867 5400 ό

1959 4816 2138 4860 autem
2189 4803 2332 4858 nuda
2381 4804 2529 4857 verbi
2567 4804 2838 4872 prolatio?
2866 4800 3105 4856 Scientia
3136 4815 3265 4854 vero
3300 4814 3404 4851 non
3445 4806 3526 4850 est

1963 4895 2160 4966 aliquid
2199 4895 2536 4964 hypostatice
2569 4896 2918 4959 incxsistens,
2948 4894 3040 4947 sed
3074 4906 3139 4945 ne
3171 4889 3368 4942 animal
3403 4890 3528 4958 qui-

1966 4990 2126 5052 dem;
2157 4988 2344 5040 eadem
2381 5002 2505 5041 vero
2541 4989 2676 5040 ratio
2701 4998 2784 5041 est
2820 4998 2874 5041 et
2907 4985 3194 5039 sermonis.
3230 4983 3398 5037 Filius
3436 4998 3531 5036 au-

1961 5087 2068 5133 tem
2102 5087 2186 5132 est
2217 5077 2416 5130 animal
2445 5096 2457 5132 :
2492 5093 2594 5131 non
2630 5078 2795 5147 igitur
2825 5075 3076 5137 scientia,
3103 5088 3279 5142 neque
3311 5074 3529 5143 sapien-

1963 5170 2057 5234 tia,
2101 5183 2274 5237 ncquc
2321 5182 2519 5222 sermo.
2571 5168 2772 5222 Deinde
2837 5165 3105 5237 quomodo
3153 5167 3224 5220 sit
3264 5181 3440 5220 sermo
3479 5167 3530 5219 in

1962 5273 2234 5324 sermone,
2275 5272 2396 5310 cum
2434 5256 2764 5325 impossibile
2795 5270 3020 5325 prorsus
3051 5255 3121 5310 sit
3161 5265 3216 5309 ut
3257 5256 3431 5309 simile
3463 5258 3532 5309 sit

1962 5348 2014 5402 in
2043 5350 2245 5404 simili?
2278 5365 2452 5418 neque
2478 5348 2622 5402 enim
2666 5347 2830 5402 fuerit
2853 5347 3004 5401 color
3035 5349 3085 5400 in
3123 5346 3324 5402 colore.
3353 5344 3408 5400 Si
3440 5359 3530 5399 ero

342 5501 390 5535 ⁸⁸
423 5505 586 5564 Joan.
617 5525 677 5578 κ,
709 5507 802 5563 50.
880 5505 924 5539 ⁸⁷
951 5504 1113 5560 Hebr.
1142 5521 1178 5571 ι,
1209 5506 1261 5561 5.
1336 5504 1377 5535 ³³
1409 5503 1561 5558 Joau.
1590 5521 1628 5571 ι,
1671 5505 1720 5560 1.

345 5687 416 5756 (l)
447 5686 595 5758 Lege
629 5684 923 5758 ἰδιότητος,
954 5690 1008 5736 et
1025 5689 1214 5758 “verte,
1237 5681 1512 5758 imaginem
1551 5694 1846 5758 surelpecu-

2052 5678 2508 5758 i6igt‘if3L61n1t,net
2539 5673 2964 5758 dialogonvnule‘
2988 5679 3270 5758 Trinitate.
3304 5694 3356 5758 p_.

270 5745 804 5828 (iaritpro'prielatis'
827 5752 976 5805 habet
1017 5745 1236 5808 Filium.
1272 5745 1363 5806 Sic
1387 5751 1546 5814 infra,
1587 5767 1636 5818 p.
1673 5750 1763 5813 (30,
1791 5751 1846 5800 ἐν
1956 5745 2088 5812 ἰδίας
2121 5745 2392 5817 ἰδιότητος.
2421 5746 2696 5799 Coram-zu.
2743 5745 2885 5799 Eccl.
2924 5746 3014 5802 Gr.
3048 5751 3283 5804 Monum.
3325 5750 3364 5814 l,
3401 5749 3526 5801 556.
