4078 6260
568 351 676 405 525

1558 345 1615 400 S.
1663 342 1935 399 CYRILLI
1974 341 2438 398 ALEXANDRINI
2479 341 2791 396 ARCHIEP.

3713 339 3820 397 εει

571 485 640 540 go
674 469 766 537 qui
803 467 970 520 Filius
1023 465 1118 519 Dei
1171 474 1364 519 natura
1409 475 1511 529 cst,
1549 475 1665 519 erat
1706 479 1890 520 revera
1941 478 2141 528 sermo,

2261 466 2407 533 ,φύσει
2436 465 2529 518 τοῦ
2565 464 2774 536 Πατρὸς
2808 463 2954 528 Υἱὸς,
2995 461 3108 526 πῶς
3141 462 3206 516 ἂν
3240 461 3375 531 πρὸς
3410 461 3574 514 αὑτὸν
3604 462 3825 530 ἐγένετο

571 561 840 629 quomodo
885 558 1059 612 factus
1104 564 1186 610 est
1237 558 1302 608 ad
1357 555 1506 608 illum
1549 569 1761 619 sermo,
1813 569 1936 610 cum
2007 556 2142 610 dixit

573 652 736 717 Deus,
771 667 789 700 ι
822 648 1106 703 Faciamus
1137 646 1408 700 hominem
1440 645 1523 699 ’9?
1553 665 1571 698 ι

1066 779 1273 834 Salutio
1327 779 1654 850 objectionis.

649 897 856 949 Rursus
901 893 1149 962 impingis
1178 934 1190 956 ,
1245 908 1347 946 non
1385 892 1635 947 attollens
1673 901 1725 946 te
1763 892 1905 946 ultra
1958 891 2149 945 huma-

579 1003 676 1042 nas
710 985 1092 1055 cogitationes,
1137 1001 1200 1037 ac
1234 984 1400 1038 veluti
1443 983 1646 1038 oblitus
1687 983 1826 1052 quod
1871 983 1938 1037 de
1971 983 2147 1036 divina

576 1077 807 1132 essentia
857 1088 1166 1129 sermonem
1213 1074 1435 1142 habeas,
1475 1089 1540 1126 ex
1590 1073 1657 1127 iis
1687 1088 1806 1141 quae
1845 1072 2000 1127 nobis
2028 1088 2150 1141 pro-

577 1171 691 1239 pria
744 1176 906 1232 sunt,
955 1167 1104 1221 illam
1151 1167 1383 1221 metiris.
1426 1167 1502 1218 An
1545 1166 1761 1236 ignoras
1803 1165 2148 1219 Divinitatem

579 1260 890 1316 nominibus
951 1260 1109 1314 nobis
1168 1261 1384 1314 usitatis
1447 1259 1742 1329 appellari,
1797 1259 1976 1313 omnia
2023 1272 2150 1312 vero

577 1351 732 1417 longe
757 1349 915 1402 aliter
936 1363 1097 1418 quam
1123 1359 1305 1402 nostra
1338 1363 1395 1403 se
1436 1349 1672 1403 habere?
1705 1346 1820 1401 Non
1856 1348 1998 1401 enim
2027 1347 2149 1416 quia

578 1442 800 1494 verbum
833 1440 948 1493 sive
990 1454 1171 1493 sermo
1207 1440 1442 1493 hominis
1475 1440 1809 1509 hypustatice
1834 1453 1937 1492 non
1979 1439 2152 1492 subsi-

578 1533 696 1599 stit,
725 1541 778 1585 et
818 1532 1030 1585 sonitus
1052 1531 1268 1600 quidam
1317 1531 1509 1600 lingum
1555 1542 1638 1585 est
1675 1531 1724 1582 in
1771 1545 1948 1584 aerem
1991 1529 2154 1582 emis-

578 1637 704 1677 sus:
747 1622 868 1675 ideo
903 1622 1117 1676 divinus
1151 1623 1316 1676 etiam
1359 1635 1537 1675 sermo
1586 1621 1654 1674 ita
1717 1635 1776 1675 se
1819 1621 2016 1685 habet;
2061 1619 2154 1671 sed

578 1713 764 1767 vivens
796 1729 860 1768 ex
889 1712 1032 1776 vivo,
1068 1721 1230 1781 atque
1262 1712 1599 1781 hypostatice
1647 1711 1913 1765 exsisteus
1962 1725 2027 1763 cx
2058 1708 2155 1777 hy-

2241 556 2434 624 λόγος,
2482 557 2612 630 φέρε
2664 558 2868 620 εἰπεῖν,
2919 557 2976 608 ἐν
3016 553 3130 624 τῷ,
3183 571 3201 604 ι
3245 555 3570 623 Ποιήσωμεν
3609 554 3825 626 ἄνθρω-

2247 664 2383 714 πον;
2432 666 2452 701 ι

2735 780 2892 850 Πρὸς
2921 780 3096 834 τοῦτο
3126 781 3331 844 λύσις.

2318 893 2655 968 Σκανδαλίξῃ
2685 894 2846 947 πάλιν
2878 895 2978 947 οὐκ
3006 892 3310 948 ἀναϐαίνων
3340 893 3411 946 τὰ
3459 892 3790 965 ἀνθρώπινα
3810 907 3824 926 ⁸

2251 985 2363 1039 ἀλλ’
2395 985 2585 1058 ὥσπερ
2611 986 3033 1056 ἐπιλελησμένος
3052 987 3132 1038 ὅτι
3161 1003 3243 1039 σοι
3265 985 3395 1056 περὶ
3421 985 3522 1056 τῆς
3552 986 3707 1050 Θείας
3731 989 3824 1040 οὐ·

2253 1077 2372 1140 σίας
2403 1079 2430 1129 ὁ
2459 1078 2616 1144 λόγος
2643 1078 2810 1141 ἐστὶν,
2829 1079 2892 1130 ἐκ
2917 1076 3023 1129 τῶν
3053 1076 3174 1129 καθ’
3197 1078 3343 1147 ἡμᾶς
3362 1076 3519 1148 ὁρίζῃ
3549 1077 3618 1130 τὰ
3640 1079 3826 1150 ἐκείνῃ

2253 1168 2540 1239 προσόντα.
2578 1170 2649 1221 Ἦ
2683 1168 2782 1221 οὐκ
2814 1164 2968 1220 οἶσθα
2996 1167 3077 1220 ὅτι
3109 1170 3220 1229 τοῖς
3254 1168 3376 1219 καθ’
3415 1169 3562 1237 ἡμᾶς
3589 1168 3826 1239 ὀνόμασι

2251 1261 2311 1311 τὸ
2331 1260 2484 1313 Θεῖον
2511 1261 2887 1322 ἀποκαλεῖται,
2915 1260 3091 1312 πάντα
3113 1259 3168 1310 δὲ
3197 1259 3398 1328 ἑτέρως
3423 1260 3569 1312 ἐστὶν
3598 1261 3632 1330 ἦ
3663 1262 3826 1315 καθά-

2255 1368 2358 1420 περ
2392 1353 2582 1420 ήμεῖς;
2611 1351 2685 1403 Οὐ
2709 1351 2818 1420 γὰρ
2849 1350 3146 1419 ἐπειδήπερ
3173 1351 3201 1402 6
3227 1349 3324 1420 μὲν
3346 1349 3635 1420 ἀνθρώπου
3669 1352 3825 1420 λόγος

2255 1443 2620 1505 ἀνυπόστατος
2637 1441 2732 1494 καὶ
2749 1439 2994 1512 γλώττης
3022 1441 3186 1511 ἐξήχη
3199 1457 3275 1512 μα
3295 1440 3431 1512 πρὸς
3455 1443 3594 1512 ἀέρα
3613 1461 3680 1496 πε
3691 1445 3825 1513 μπό-

2259 1552 2437 1604 μενον,
2483 1533 2572 1585 διὰ
2619 1533 2775 1585 τοῦτο
2809 1534 2903 1586 καὶ
2936 1535 2962 1585 6
2993 1533 3133 1591 θεῖος
3183 1533 3444 1598 ὡσαύτως
3487 1534 3598 1600 ἕξει
3645 1535 3820 1603 λόγος,

2256 1623 2389 1676 ἀλλὰ
2417 1623 2524 1685 ζῶν
2550 1625 2613 1676 ὲκ
2639 1622 2858 1686 ζῶντος,
2890 1622 2984 1676 καὶ
3012 1621 3333 1692 ὑφεστηκὼς
3363 1622 3423 1685 ἐξ
3455 1623 3822 1694 ὑφεστηκότος

2257 1715 2391 1766 ἐστί.
2432 1716 2539 1767 Καὶ
2564 1714 2745 1775 πάλιν,
2780 1715 2879 1767 οὐκ
2905 1714 3204 1784 ἐπειδήπερ
3230 1715 3262 1783 ἡ
3289 1715 3346 1766 ἐν
3375 1717 3506 1784 ἡμῖν
3538 1719 3699 1784 σοφία
3734 1717 3822 1769 καὶ

585 1807 854 1874 postatice
886 1807 1184 1860 exsistente
1208 1805 1466 1874 procedit.
1506 1803 1735 1866 Rursus,
1768 1817 1873 1856 non
1917 1803 2038 1870 quia
2070 1817 2156 1855 su—

2261 1807 2535 1876 ἐπιστήμη
2572 1807 2672 1858 οὐκ
2711 1807 2767 1858 ἐν
2795 1807 3088 1858 ὑποστάσει
3120 1808 3296 1858 κεῖται
3337 1805 3458 1858 καθ’
3485 1807 3707 1875 ἑαυτὴν,
3741 1806 3823 1858 διά

581 1897 778 1966 pientia
809 1905 862 1950 et
903 1895 1135 1949 scientia
1169 1910 1290 1963 qua:
1337 1894 1389 1948 in
1435 1894 1587 1948 nobis
1617 1903 1722 1957 est,
1761 1892 2154 1964 hypostaticam

582 2001 678 2054 per
713 2002 772 2042 se
818 1987 1194 2040 cxsistentiam
1252 2001 1359 2042 non
1399 1985 1604 2040 habet:
1647 1984 1846 2038 idcirco
1890 1983 2156 2052 sapientia

581 2093 701 2148 qua:
735 2080 787 2132 in
823 2079 934 2132 Deo
960 2085 1045 2132 est
1080 2092 1182 2131 non
1215 2078 1320 2130 erit
1349 2075 1702 2144 hypostatica.
1736 2075 1803 2127 At
1835 2090 1964 2128 vero
1999 2075 2042 2127 si
2079 2073 2158 2125 fa-

584 2169 714 2223 teris
745 2169 910 2221 Deum
947 2182 1053 2220 non
1087 2181 1208 2221 esse
1247 2166 1403 2219 nobis
1427 2164 1684 2225 similem,
1716 2162 1972 2217 fateberis
1995 2164 2155 2216 etiam

583 2257 772 2311 omnia
812 2257 979 2324 ipsius
1005 2272 1108 2310 non
1135 2271 1256 2310 csse
1283 2263 1488 2319 nostra,
1529 2254 1620 2307 sed
1651 2263 1801 2307 tanto
1829 2269 1949 2308 esse
1981 2253 2160 2308 excel-

581 2347 811 2402 lentiora
845 2348 1068 2410 nostris,
1099 2355 1304 2417 quanto
1338 2347 1452 2413 ipse
1478 2345 1642 2399 etiam
1667 2345 1916 2400 essentia:
1946 2347 2157 2401 ratione

577 2446 663 2494 est
695 2440 1055 2510 praestantior.

1112 2547 1340 2614 ALIUD,
1379 2548 1434 2602 in
1469 2548 1629 2602 idem.

654 2684 768 2739 Non
793 2681 1172 2736 animadvertit
1197 2678 1489 2749 prreclarus
1513 2679 1612 2733 iste
1636 2685 2070 2746 argumentatur,
2097 2678 2152 2732 in

580 2789 743 2845 quam
775 2774 1053 2842 ingentem
1087 2769 1477 2839 blasphemiam
1509 2779 1666 2823 ruat:
1698 2770 1982 2823 Dominum
2015 2770 2156 2824 enim

581 2863 817 2934 appellat
860 2859 1080 2925 animal,
1123 2875 1229 2912 non
1275 2859 1579 2926 intelligens
1611 2858 1757 2911 aliud
1801 2873 1921 2912 esse
1959 2859 2159 2912 animal

581 2971 743 3024 quam
778 2954 963 3015 vitam,
986 2949 1438 3021 quemadmodum
1467 2949 1695 3002 scicntia
1726 2947 1866 3001 aliud
1892 2957 1976 3002 est
1997 2964 2156 3018 quam

582 3046 784 3100 sciens.
807 3042 939 3097 Nam
959 3045 1010 3098 "si
1037 3041 1159 3112 quis
1188 3041 1331 3095 dicat
1358 3040 1544 3104 vitam,
1573 3041 1846 3110 signiﬁcat
1873 3056 1983 3094 rem
2013 3040 2156 3095 illam

2257 1895 2413 1948 τοῦτο
2453 1896 2545 1949 καὶ
2590 1898 2624 1965 ή
2653 1896 3035 1967 ἐνυπάρχουσα
3076 1895 3152 1965 τῷ
3195 1895 3315 1966 Θεῷ
3344 1896 3507 1964 σοφία
3536 1896 3597 1948 τὸ
3637 1896 3821 1949 ἐνυπό-

2258 2003 2450 2048 στατος
2478 1982 2614 2039 εἶναι
2644 1986 2764 2039 καθ’
2791 1987 2989 2056 ἑαυτὴν
3023 1985 3455 2056 ζημιωθήσεται.
3497 1986 3640 2038 Ἀλλ’
3667 1986 3818 2056 εἴπερ

2256 2079 2536 2148 ὁμολογεῖς
2567 2079 2642 2150 μὴ
2669 2079 2788 2132 καθ’
2832 2079 2980 2149 ἡμᾶς
3024 2074 3161 2131 εἶναι
3213 2078 3304 2130 τὸν
3347 2078 3493 2141 Θεὸν,
3541 2078 3819 2146 ὁμολογεῖς

2257 2171 2495 2240 δηλονότι
2530 2171 2622 2223 καί
2657 2188 2772 2234 πως
2803 2170 2870 2222 τὰ
2897 2170 3063 2223 αὐτοῦ
3093 2169 3167 2240 μὴ
3201 2164 3464 2222 εἶναιτῶν
3492 2167 3612 2221 καθ’
3644 2168 3804 2235 ἡμᾶς,

2257 2263 2372 2317 ἀλλ’
2411 2265 2548 2334 ὑπὲρ
2579 2265 2728 2333 ἡμᾶς
2753 2263 3025 2328 τοσοῦτον,
3049 2263 3173 2317 ὅσον
3204 2263 3296 2316 καὶ
3325 2260 3459 2315 κατὰ
3484 2260 3571 2313 τὸν
3599 2259 3697 2327 τῆς
3723 2257 3805 2310 0'3-

2261 2353 2380 2416 σίας
2409 2353 2564 2422 λόγον
2592 2355 2892 2424 διέστηκεν.

2711 2549 2912 2615 ΑΛΛΟ,
2940 2549 3087 2617 πρὸς
3120 2549 3184 2602 τὸ
3218 2551 3384 2603 αὐτό.

2342 2680 2636 2749 Ἠγνόησεν
2655 2679 2682 2730 6
2706 2679 2886 2746 σοφὸς,
2912 2681 2988 2743 ὡς
3015 2679 3202 2744 οἴεται,
3227 2680 3319 2732 καὶ
3349 2678 3474 2743 ὀξὺς
3504 2681 3584 2742 εἰς
3607 2680 3667 2732 τὸ
3686 2683 3825 2732 νοεῖν

2259 2767 2483 2838 ἀμέτρῳ
2518 2767 2830 2836 περιπεσὼν
2875 2768 3184 2840 δυσφημίᾳ·
3235 2767 3370 2832 ζῶον
3414 2770 3523 2838 γὰρ
3569 2771 3828 2840 ὀνομάζει

2259 2860 2349 2912 τὸν
2378 2857 2598 2928 Κύριον,
2627 2861 2725 2911 οὐκ
2758 2857 2910 2921 εἰδὼς
2940 2860 3021 2912 ὅτι
3051 2861 3111 2912 τὸ
3140 2859 3272 2924 ζῶον
3301 2860 3486 2929 ἐτερόν
3524 2863 3643 2912 ἐστι
3679 2861 3826 2932 παρὰ

2261 2949 2358 3020 τὴν
2389 2948 2553 3020 ζωὴν,
2585 2946 2772 3017 ὥσπερ
2800 2949 2832 3017 ἡ
2864 2949 3134 3018 ἐπιστήμη
3168 2947 3317 3016 παρὰ
3350 2947 3438 3000 τὸν
3467 2949 3824 3016 ἐπιστήμονα.

2263 3041 2416 3110 Ζωὴν
2447 3044 2546 3110 μὲν
2575 3039 2682 3109 γὰρ
2705 3038 2757 3090 εἴ
2784 3055 2866 3101 τις
2887 3037 3054 3104 λέγοι,
3073 3039 3206 3090 αὐτὸ
3235 3038 3492 3108 σημαίνει
3516 3038 3578 3090 τὸ
3600 3040 3828 3108 πρᾶγμα

583 3152 703 3206 quae
735 3137 779 3191 si
810 3135 971 3190 alicui
1007 3134 1155 3197 insit,
1185 3133 1364 3186 vivum
1399 3141 1455 3184 ut
1478 3131 1728 3185 sitellicit
1755 3150 1767 3184 :
1799 3131 1999 3183 animal
2024 3144 2155 3184 vero

2262 3131 2322 3182 τὸ
2356 3131 2412 3182 ἐν
2439 3148 2548 3183 τισι
2589 3134 2870 3199 γινόμενον
2914 3130 3007 3183 καὶ
3052 3129 3350 3193 ζωοποιοῦν
3381 3130 3550 3183 αὑτά·
3597 3129 3734 3194 ζῶον
3773 3130 3828 3182 δὲ

583 3238 667 3283 est
713 3227 766 3280 id
812 3226 952 3294 quod
983 3225 1101 3294 ejus
1143 3224 1220 3278 rei
1265 3237 1386 3291 quae
1429 3222 1690 3284 viviﬁcat,
1736 3221 2007 3290 particeps
2054 3232 2154 3275 est.

586 3317 750 3385 Atqui
791 3315 1051 3370 Dominus
1092 3329 1198 3367 non
1244 3315 1315 3366 ita
1363 3313 1599 3381 seipsum
1632 3322 1806 3376 vocat,
1838 3315 1932 3365 sed
1981 3312 2161 3380 potius

585 3409 772 3463 vitam.
795 3407 850 3461 Si
875 3422 1025 3471 vero,
1048 3420 1169 3459 cum
1203 3404 1272 3458 sit
1302 3404 1432 3467 vita,
1463 3413 1545 3457 est
1575 3404 1738 3456 etiam
1771 3402 2158 3470 animal,juxta

588 3499 729 3554 illius
774 3499 1037 3552 insaniam
1063 3535 1078 3560 ,
1121 3496 1331 3549 dicatur
1369 3495 1533 3547 etiam
1581 3493 1740 3548 Pater
1777 3509 1895 3548 esse
1942 3495 2159 3557 animal,

587 3604 709 3645 cum
737 3588 850 3657 ipse
879 3589 946 3642 de
969 3603 1028 3642 se
1047 3587 1230 3641 dicat:
1265 3604 1282 3637 ι
1317 3586 1450 3639 Vivo
1473 3599 1590 3653 ego,
1622 3586 1748 3639 dicit
1778 3584 2109 3639 Dominus“.
2136 3603 2154 3636 ι

589 3679 696 3734 Sed
731 3679 910 3733 valere
934 3677 1102 3746 jussis
1135 3677 1330 3745 perditi
1360 3676 1602 3730 hominis
1640 3676 1818 3744 nugis,
1855 3685 1908 3729 et
1947 3686 2162 3744 aposto-

589 3771 751 3827 licum
801 3769 933 3824 illud
964 3770 1012 3823 ei
1042 3769 1284 3824 dicentes
1314 3788 1327 3823 :
1368 3786 1386 3818 ‹
1424 3767 1792 3834 Cogitationes
1823 3767 1929 3820 sint
1979 3768 2074 3820 tibi
2107 3770 2159 3821 in

589 3863 946 3932 perditionem
979 3861 1046 3927 “,
1085 3880 1104 3913 ι
1147 3862 1212 3914 ad
1252 3859 1409 3930 192
1447 3859 1728 3913 veritatem
1769 3858 2026 3913 doctrinm
2067 3873 2163 3912 nos

587 3953 956 4017 conferamus,
995 3961 1048 4005 et
1081 3952 1369 4006 Dominum
1425 3966 1530 4005 non
1566 3949 1790 4014 animal,
1834 3959 1889 4004 ut
1934 3950 2030 4013 illi,
2068 3949 2161 4002 sed

588 4044 754 4098 vitam
787 4044 956 4112 ipsam
1001 4057 1122 4098 esse
1153 4043 1419 4105 dicamus,
1457 4058 1576 4111 qua:
1617 4045 1794 4097 omnia
1830 4043 2067 4096 viviﬁcat
2091 4043 2157 4107 δ’,

587 4135 785 4203 quippe
807 4148 926 4202 qua:
959 4134 1011 4187 in
1038 4134 1174 4203 ipso,
1202 4133 1352 4199 juxta
1384 4133 1538 4187 Pauli
1567 4134 1910 4198 sententiam,
1958 4141 2012 4187 et
2042 4147 2159 4186 mo-

588 4232 840 4288 veantur,
868 4235 922 4279 et
963 4227 1072 4280 sint
1108 4226 1176 4278 “.

903 4354 1132 4423 ALIUD,
1168 4358 1222 4409 in
1247 4360 1481 4412 eamdem
1512 4361 1844 4414 sementium.

2266 3220 2457 3287 λέγων,
2489 3221 2547 3272 τὸ
2573 3222 2794 3290 μετέχον
2815 3221 2907 3274 τοῦ
2937 3222 3325 3284 ζωοποιοῦντός
3355 3239 3538 3292 φησιν.
3578 3221 3717 3273 Ἀλλ’
3735 3221 3830 3292 οὐχ

2266 3309 2435 3372 οὕτως
2464 3311 2650 3363 ἑαυτὸν
2679 3314 2706 3363 6
2739 3312 2938 3381 Κύριος
2972 3312 3252 3382 ὀνομάζων
3282 3313 3552 3382 φαίνεται,
3601 3312 3742 3384 ζωὴν
3773 3312 3828 3364 δὲ

2271 3400 2469 3469 μᾶλλον
2502 3399 2785 3455 ἀποκαλεῖ.
2823 3403 2886 3453 Εἰ
2921 3401 2976 3453 δέ
3008 3401 3120 3471 ζωὴ
3149 3403 3408 3472 ὑπάρχων
3433 3405 3526 3456 καὶ
3559 3403 3696 3466 ζῶόν
3718 3406 3830 3455 ἐστι

2267 3493 2408 3544 κατὰ
2440 3492 2536 3562 τὴν
2568 3493 2774 3544 ἐκείνου
2809 3493 3252 3561 φρενοϐλάϐειαν,
3276 3493 3522 3560 λεγέσθω
3548 3496 3642 3547 καὶ
3669 3497 3696 3548 6
3722 3496 3833 3547 [Ια-

2267 3582 2368 3652 τήρ
2400 3582 2557 3647 ζῶον,
2589 3584 2888 3654 ἐπειδήπερ
2919 3583 3168 3651 φαίνεται
3196 3585 3391 3651 λέγων·
3429 3605 3445 3636 ι
3473 3586 3556 3638 Ζῶ
3583 3585 3715 3653 ἐγὼ,
3744 3585 3834 3638 λέ-

2266 3689 2351 3738 γει
2376 3673 2598 3742 Κύριος.
2627 3694 2643 3726 ι
2666 3674 2828 3727 Ἀλλὰ
2856 3677 2976 3736 ταῖς
3006 3675 3211 3727 ἐκείνου
3249 3675 3540 3745 φλυαρίαις
3563 3676 3837 3745 ἐρρῶσθαι

2268 3764 2574 3835 φράσαντες
2597 3803 2611 3827 ,
2642 3767 2737 3818 καὶ
2773 3765 2834 3818 τὸ
2867 3765 3221 3819 ἁποστολικὺν
3254 3767 3430 3818 ἐκεῖνο
3472 3767 3832 3836 προσθέντες·

2275 3874 2292 3904 ι
2327 3855 2406 3906 Τὰ
2437 3857 2682 3926 νοήματά
2715 3874 2806 3910 σου
2841 3859 2937 3910 σὺν
2984 3858 3064 3910 σοὶ
3108 3860 3194 3928 εἴη
3229 3860 3308 3921 εἰς
3342 3857 3652 3926 ἀπώλειαν,
3688 3878 3707 3910 ι
3745 3859 3838 3910 ἐπὶ

2266 3946 2361 4016 τὴν
2378 3947 2641 4018 ὀρθότητα
2667 3949 2774 4002 τῶν
2799 3951 3082 4020 δογμάτων
3097 3950 3473 4020 δραμούμεθα,
3497 3951 3589 4004 καὶ
3614 3951 3674 4003 οὐ
3699 3950 3839 4013 ζῶον

2267 4039 2385 4091 κατ’
2422 4039 2686 4104 ἐκείνους,
2713 4041 2845 4094 ἀλλὰ
2881 4043 3027 4114 ζωὴν
3060 4043 3292 4112 ἐροῦμεν
3321 4043 3410 4094 τὸν
3443 4043 3670 4112 Κύριον,
3703 4041 3838 4106 ζωο-

2265 4126 2528 4195 γονοῦσαν
2556 4129 2624 4182 τὰ
2658 4130 2834 4183 πάντα
2877 4131 2951 4193 ὡς
2987 4133 3045 4184 ἐν
3077 4130 3224 4201 αὐτῷ
3253 4132 3517 4185 κινεῖσθαι
3547 4133 3640 4185 καὶ
3669 4129 3835 4198 εἶναι,

2269 4220 2411 4274 κατὰ
2433 4221 2531 4292 τὴν
2555 4221 2771 4274 Παύλου
2799 4224 2999 4293 φωνήν.

2763 4356 2965 4423 ΑΛΛΟ,
2991 4359 3075 4422 εἰς
3099 4357 3162 4410 τὸ
3186 4360 3350 4412 αὐτό.

659 4485 881 4542 Sacram
939 4489 1274 4558 Scripturam
1323 4491 1516 4544 Filium
1565 4507 1758 4546 vocare
1811 4491 2043 4547 Verbum
2083 4493 2157 4565 ⁸³,

2342 4489 2511 4556 Λόγον
2540 4489 2573 4558 ἡ
2610 4488 2730 4541 Θεία
2749 4489 2938 4559 Γραφὴ
2966 4490 3058 4543 τὸν
3092 4491 3218 4542 Υίὸν
3253 4491 3555 4561 ὀνομάζειν,
3577 4491 3673 4544 καὶ
3705 4508 3838 4562 προ-

589 4575 692 4632 hoc
736 4586 842 4643 est,
899 4579 1258 4648 prolationem
1323 4582 1589 4650 ejusmodi
1656 4584 1941 4635 verborum
1988 4583 2166 4652 qualia

590 4677 721 4723 sunt
744 4669 998 4734 humana,
1043 4675 1368 4726 temerarius
1412 4673 1514 4726 iste
1549 4688 1610 4726 ac
1636 4673 1927 4743 prarclarus
1961 4675 2170 4729 scilicet

588 4775 909 4816 arcanorum
958 4760 1054 4816 Dei
1100 4763 1373 4833 interpres
1421 4765 1780 4836 imaginatur:
1827 4781 1932 4818 non
1973 4766 2170 4820 intelli-

588 4867 720 4922 gens
759 4852 901 4922 quod
934 4867 1102 4908 sacrae
1127 4853 1348 4908 Littera:
1372 4856 1520 4909 illum
1566 4857 1635 4910 ita
1684 4872 1750 4910 ex
1795 4866 1977 4911 nostro
2013 4872 2166 4912 more

587 4944 878 5012 appellent.
915 4943 1178 5013 Loquitur
1205 4947 1349 5000 enim
1384 4946 1546 5002 Pater
1577 4964 1774 5002 arcane
1821 4959 1980 5017 atque
2027 4947 2162 5002 inef-

589 5033 818 5088 fabiliter
844 5034 910 5088 ad
958 5034 1179 5101 Filium,
1228 5038 1314 5090 cui
1364 5038 1682 5092 naturaliter
1711 5039 1964 5093 voluntas
1992 5037 2168 5092 l’atris

587 5125 797 5192 cognita
825 5133 930 5188 est,
960 5139 1134 5194 neque
1162 5135 1441 5194 exspectat
1488 5142 1818 5191 sermonem,
1849 5127 1940 5194 qui
1988 5126 2165 5180 occul-

585 5220 694 5265 tam
749 5214 891 5268 illius
937 5215 1268 5270 voluntatem
1317 5217 1569 5286 explicet.
1605 5217 1831 5284 Quando
1876 5219 2043 5285 igitur
2091 5219 2160 5270 de

586 5303 695 5357 Deo
720 5304 920 5359 dicitur
945 5308 1061 5361 sive
1099 5309 1424 5376 prrdicatur
1451 5309 1650 5376 aliquid
1682 5325 1870 5363 eorum
1905 5325 2023 5377 quae
2065 5310 2161 5362 ho-

585 5389 820 5444 minibus
849 5392 1030 5459 potius
1064 5397 1414 5457 conveniunt,
1453 5397 1665 5450 auditor
1690 5398 1828 5450 ultra
1863 5398 2154 5450 humanum

587 5491 790 5531 morem
835 5481 1213 5549 cogitationem
1259 5500 1414 5539 suam
1459 5488 1653 5555 erigat,
1695 5498 1748 5543 et
1797 5489 1862 5542 ad
1904 5491 2158 5558 spiritua-

657 5649 698 5680 "
723 5648 856 5703 Gen.
889 5669 928 5719 ι,
952 5655 1040 5710 26.

1119 5661 1162 5691 ⁸ο
1199 5659 1393 5716 Ezech.
1433 5678 1626 5730 χχχιιι,
1667 5666 1751 5721 Η.

611 5733 647 5786 ι,
682 5719 702 5773 i
736 5735 888 5791 seqq.

1833 5667 1872 5698 ⁶¹
1909 5667 2028 5723 Act.
2068 5683 2182 5733 vttt,
2213 5667 2302 5725 ΞΟ.

2270 4579 2440 4650 φορὰν
2475 4581 2734 4650 ῥημάτων
2770 4579 3022 4634 τοιούτων
3060 4582 3219 4634 ὁποῖά
3249 4583 3363 4635 ἐστι
3392 4583 3456 4636 τά
3493 4581 3836 4656 ἀνθρώπινα,

2268 4667 2599 4734 φαντάζεται
2626 4669 2787 4722 πάλιν
2810 4672 2838 4722 ό
2859 4671 3056 4740 γοργὸς
3083 4673 3163 4734 εἰς
3184 4671 3440 4725 ἀϐουλίαν
3471 4675 3562 4725 καὶ
3587 4675 3841 4738 νεανικὸς

2267 4761 2347 4822 εἰς
2378 4761 2438 4813 τὸ
2481 4762 2556 4831 μὴ
2583 4765 2722 4815 νοεῖν
2765 4761 2940 4831 ὀρθῶς
2965 4763 3034 4815 τὰ
3063 4762 3181 4815 θεῖα
3214 4764 3486 4834 μυστήρια
3505 4781 3518 4793 ·
3553 4767 3654 4818 οὐκ
3680 4768 3838 4831 εἰδὼς

2269 4852 2350 4904 ὅτι
2385 4852 2523 4904 κατὰ
2557 4853 2656 4922 μὲν
2686 4855 2782 4924 τὴν
2812 4854 3090 4923 ἡμετέραν
3137 4855 3423 4926 συνήθειαν
3465 4855 3640 4919 οὓτως
3675 4859 3838 4910 αὑτὸν

2266 4943 2322 4994 αἱ
2362 4942 2501 4996 Οεῖαι
2538 4944 2863 5013 κηρύττουσι
2893 4945 3124 5014 Γραφαί.
3155 4945 3467 5015 Διαλέγεται
3497 4947 3552 4998 δὲ
3581 4948 3840 5019 ἀρρήτως

2269 5034 2456 5103 Πατὴρ
2484 5034 2618 5105 πρὸς
2643 5035 2787 5100 Υίὸν,
2818 5035 3032 5106 ἔχοντος
3055 5036 3216 5088 αὐτοῦ
3243 5037 3490 5105 φυσικῶς
3513 5040 3610 5090 τοῦ
3638 5039 3834 5092 εἰδέναι

2265 5125 2358 5177 τοῦ
2389 5125 2639 5189 τεκόντος
2666 5127 2765 5196 τὴν
2795 5127 3070 5197 βούλησιν,
3102 5128 3161 5181 οὐ
3191 5127 3346 5195 λόγον
3368 5127 3650 5196 ἐκφαίνειν
3677 5129 3828 5182 δυνά-

2271 5234 2430 5286 μενον
2462 5218 2530 5270 τὰ
2569 5219 2927 5290 κεκρυμμένα
2954 5222 3336 5291 περιμένοντος
3360 5261 3373 5285 ,
3406 5221 3528 5272 ἐπεὶ
3558 5223 3651 5273 καὶ
3679 5221 3832 5283 αὑτάς

2269 5313 2415 5364 ἐστιν
2447 5314 2475 5364 ό
2507 5312 2696 5379 Λόγος.
2726 5314 2852 5365 Ὅτε
2887 5314 3063 5368 τοίνυν
3109 5316 3201 5367 ἐπὶ
3236 5315 3371 5367 Θεοῦ
3400 5333 3451 5367 τι
3478 5315 3698 5384 λέγεται
3730 5315 3841 5367 τῶν

2263 5404 2363 5456 ὅσα
2413 5404 2614 5473 μᾶλλον
2642 5403 2948 5474 ἀνθρώποις
2979 5406 3096 5458 ἐστὶ
3134 5405 3576 5476 πρεπωδὲστερα,
3607 5403 3841 5458 ἀναϐαι-

2262 5494 2398 5546 νέτω
2451 5495 2517 5547 τὰ
2561 5494 2681 5546 καθ’
2741 5497 2887 5564 ἡμᾶς
2931 5498 2959 5548 ό
3009 5497 3392 5568 ἀκροώμενος,
3450 5499 3540 5550 καὶ
3600 5499 3693 5549 ἐπὶ
3735 5497 3842 5564 τὴν

2418 5672 2460 5702 ’·²
2495 5672 2510 5725 ι
2543 5671 2680 5725 Tim.
2713 5686 2784 5737 vt,
2827 5673 2910 5726 15.

2989 5674 3032 5706 ⁸³
3074 5677 3191 5733 Act.
3221 5691 3349 5742 xvn,
3391 5675 3480 5729 98.
3561 5676 3607 5708 “
3635 5673 3794 5731 Joan.
