4078 6260
311 317 417 371 δξξς

1691 306 2134 362 TllESAURUS.

3467 317 3572 374 3‘26

317 427 687 502 πνευματικὴν
741 426 838 482 καὶ
885 427 988 500 τὴν
1034 427 1093 480 ὲν
1145 427 1322 498 νοήσει
1369 429 1436 498 τῇ
1487 425 1606 496 θεία
1657 427 1897 498 τρεχέτω

2002 429 2130 492 lem,
2163 427 2360 498 quique
2405 427 2455 481 in
2497 428 2678 482 divino
2719 429 2990 484 intellectu
3033 433 3302 502 consistit,
3351 452 3572 494 sensum

315 520 634 592 κατάληψιν.

583 633 912 697 Ἀντίθεσις
938 630 1024 712 ὡς
1057 631 1128 685 ἐκ
1161 629 1280 686 τῶν
1300 630 1621 702 Εὐνομίου.

392 767 536 821 Ἀλλ’
581 768 684 820 οὐκ
731 767 972 839 ἐξαρκεῖ,
1022 768 1207 836 φησὶν,
1255 768 1337 830 είς
1385 769 1516 822 Υἱοῦ
1558 769 1788 842 δήλωσιν
1839 773 1899 824 τὸ

311 859 486 930 Λόγος
515 858 710 929 ὄνομα,
756 857 864 912 οὐδ’
897 857 964 911 ἂν
993 857 1205 926 γένοιτο
1255 858 1434 930 σαφὴς
1468 861 1501 930 ή
1530 861 1686 914 οὐσία
1730 861 1896 915 αὐτοῦ

313 952 406 1004 διὰ
455 951 558 1022 τῆς
601 951 814 1004 τοιᾶσδε
869 949 1280 1020 προσηγορίας·
1339 949 1564 1021 φέρεται
1629 952 1738 1024 γὰρ
1802 955 1898 1007 καὶ

317 1043 468 1097 κατὰ
497 1040 710 1096 πολλῶν
731 1041 933 1112 ἑτέρων
963 1041 1226 1114 ῥημάτων
1265 1041 1451 1113 ἀργῶν
1476 1060 1535 1096 τε
1567 1046 1660 1098 καὶ
1694 1045 1900 1099 ἀνυπο-

322 1150 534 1187 στατων
541 1175 553 1187 .

797 1246 956 1317 Πρὸς
983 1245 1166 1302 ταῦτα
1191 1245 1399 1312 λύσις.

385 1381 592 1434 Οὐκοῦν
639 1381 896 1450 ἀτονήσει
953 1380 1090 1452 πρὸς
1127 1381 1185 1434 τὸ
1231 1379 1584 1452 παραστῆσαι
1629 1381 1724 1434 τοῦ
1759 1382 1895 1436 Θεοῦ

309 1473 413 1544 τὴν
443 1473 630 1526 οὐσίαν
678 1472 740 1523 τὸ
787 1471 920 1534 Θεὸς
947 1471 1136 1540 ὄνομα.
1188 1470 1568 1542 Φέρεταιγὰρ
1617 1475 1708 1524 καὶ
1757 1471 1899 1526 κατὰ

317 1564 426 1616 τῶν
457 1565 534 1635 μὴ
557 1563 718 1632 φύσει
739 1562 904 1624 θεῶν,
927 1563 1068 1616 κατὰ
1089 1563 1169 1626 τὸ,
1189 1581 1208 1612 ι
1231 1561 1373 1629 Ἐγὼ
1398 1558 1546 1615 εἴπα-
1567 1563 1690 1615 Θεοί
1716 1566 1860 1616 ἐστε.
1875 1582 1893 1614 ι

322 1647 386 1707 Τί
421 1655 478 1708 δὲ
509 1654 750 1708 κωλύσει
779 1655 1006 1706 κάκεῖνο
1031 1653 1226 1720 λέγειν,
1247 1653 1317 1716 ὡς
1345 1653 1580 1724 ἐπείπερ
1605 1654 1668 1706 τὸ
1693 1653 1902 1716 δίκαιος

323 1747 521 1816 ὄνομα,
559 1745 656 1797 καὶ
686 1745 748 1796 τὸ
779 1744 1000 1812 ἀγαθὸς,
1031 1745 1122 1796 καὶ
1147 1744 1205 1796 τὸ
1237 1744 1403 1812 ἅγιος,
1434 1745 1530 1796 καὶ
1571 1745 1658 1797 ἐπ’
1689 1743 1901 1814 ἀνθρὼ-

2003 520 2356 576 conscendat.

2425 631 2509 684 E1-
2547 633 2834 703 objectione
2879 633 3146 690 Eunomii.

2069 767 2234 836 Atqui
2272 781 2378 820 non
2415 767 2632 834 sullicit,
2661 771 2858 842 inquit,
2891 773 3046 828 Verbi
3083 789 3274 830 nomen
3306 775 3372 829 ad
3402 775 3570 844 signi-

2003 857 2316 913 ﬁcationem
2375 859 2518 926 Filii,
2563 877 2738 930 neque
2767 879 2832 918 ex
2865 865 3166 932 hujusmodi
3221 867 3573 937 appellatione

1999 951 2234 1006 essentia
2293 950 2412 1019 ejus
2457 953 2801 1022 explicatur:
2840 957 3074 1012 refertur
3103 959 3248 1012 enim
3299 961 3456 1014 etiam
3505 961 3572 1014 ad

1999 1041 2104 1096 alia
2134 1041 2298 1096 multa
2329 1044 2492 1098 verba
2519 1060 2637 1115 qua:
2675 1047 3018 1116 ltypostatice
3043 1066 3146 1104 non
3179 1052 3468 1106 exsistunt.

2485 1241 2692 1298 Salutio
2728 1243 3060 1312 objectionis.

2071 1373 2210 1445 Ergo
2245 1389 2312 1428 ne
2335 1375 2429 1430 Dei
2455 1377 2668 1445 quidem
2719 1391 2914 1431 nomen
2954 1378 3146 1431 sumi-it
3184 1379 3250 1432 ad
3281 1381 3574 1434 essentiam

2011 1462 2104 1518 Dei
2155 1465 2556 1534 explicandam.
2591 1465 2848 1522 Refertur
2881 1469 3023 1523 enim
3063 1470 3225 1522 etiam
3265 1467 3330 1522 ad
3359 1484 3452 1524 eos
3483 1471 3574 1538 qui

2003 1565 2194 1608 natura
2229 1555 2304 1608 dii
2359 1570 2462 1610 non
2499 1565 2644 1622 sunt,
2675 1555 2832 1624 juxta
2871 1557 3000 1613 illud
3035 1577 3046 1612 :
3091 1579 3108 1610 ι
3157 1559 3268 1628 Ego
3303 1560 3456 1614 dixi:
3491 1560 3572 1614 Dii

2001 1643 2136 1697 estis
2167 1643 2234 1696 “.
2272 1662 2292 1695 ι
2325 1643 2462 1710 Quid
2498 1661 2628 1700 vero
2665 1646 2939 1700 obstiterit
2968 1649 3256 1718 quominus
3300 1651 3462 1704 etiam
3511 1649 3576 1703 il-

2003 1735 2092 1788 lud
2129 1735 2410 1790 dicamus:
2447 1751 2568 1790 cum
2597 1751 2794 1791 nomen
2817 1737 3022 1806 justus,
3059 1748 3111 1792 et
3139 1742 3328 1804 bonus,
3367 1749 3420 1792 et
3449 1755 3576 1794 san-

331 1853 454 1888 πων
501 1836 752 1888 τάττεται
800 1835 1018 1906 (πολλοὶ
1063 1835 1168 1905 γὰρ
1199 1835 1424 1888 τοιοῦτοι
1474 1836 1614 1888 κατὰ
1661 1835 1897 1907 μετοχὴν

2005 1837 2126 1882 ctus
2159 1827 2322 1882 etiam
2369 1829 2436 1882 de
2471 1828 2784 1884 hominibus
2813 1830 3024 1884 dicatur
3051 1831 3223 1902 (multi
3269 1832 3412 1884 enim
3447 1842 3576 1884 sunt

337 1928 432 1981 τοῦ
478 1927 600 1981 κατ’
627 1927 876 1997 ἀλήθειαν
920 1929 1012 1980 καὶ
1050 1927 1218 1991 ὄντως
1265 1927 1470 1996 ἀγαθοῦ
1541 1927 1638 1980 καὶ
1681 1927 1898 1980 δικαίου

335 2019 733 2088 τυγχάνοντος),
785 2021 846 2072 ού
889 2019 1094 2090 κυρίως
1135 2019 1228 2072 ἐπὶ
1278 2017 1413 2070 Θεοῦ
1455 2017 1736 2082 τετάξεται
1785 2015 1898 2070 τῶν

325 2108 623 2186 εἰρημένων
651 2109 909 2175 ἓκαστον;
943 2111 1006 2162 Εἰ
1027 2109 1087 2162 δὲ
1119 2109 1278 2162 κοινὰ
1306 2109 1401 2180 μὲν
1425 2111 1556 2178 ἡμῖν
1583 2109 1715 2180 πρὸς
1735 2107 1898 2161 αὑτὸν

313 2199 378 2252 τὰ
404 2200 671 2269 ὀνόματα,
708 2201 860 2270 αὐτῷ
903 2199 962 2252 δὲ
1005 2201 1156 2270 μόνῳ
1199 2201 1340 2254 κατὰ
1371 2199 1530 2266 φύσιν
1573 2201 1635 2252 τὸ
1666 2202 1898 2270 πρᾶγμα

311 2289 745 2360 ἐπαληθεύεται,
783 2291 940 2342 οὐδὲν
969 2289 1210 2342 κωλύσει
1242 2290 1336 2342 καὶ
1365 2291 1534 2358 Λόγον
1567 2291 1768 2360 κυρίως
1805 2307 1900 2342 κε-

311 2378 562 2446 κλῆσθαι
586 2378 680 2430 τὸν
703 2378 860 2442 Υἱδν,
891 2378 1310 2448 παραστατικήν
1327 2393 1386 2430 τε
1413 2377 1510 2445 τῆς
1535 2378 1718 2440 οὐσίας
1742 2377 1902 2430 αὐτοῦ

309 2469 529 2538 ταύτην
559 2471 712 2539 ἒχειν
751 2469 854 2538 τὴν
897 2469 1252 2538 ἐπωνυμίαν,
1307 2470 1354 2520 εἰ
1405 2468 1496 2520 καὶ
1540 2468 1714 2538 ἕτεροι
1757 2468 1902 2536 λόγοι

307 2560 502 2614 πολλοί
547 2578 702 2622 τινες
731 2556 844 2612 εἶεν
875 2559 1330 2630 καταχρηστικῶς
1361 2560 1452 2612 καὶ¹
1491 2559 1626 2630 πρὸς
1667 2559 1898 2630 μίμησιν

306 2652 403 2703 τοῦ
435 2652 560 2704 κατ’
610 2649 880 2720 ἀλήθειαν
915 2651 1275 2720 κεκλημένου.
1309 2651 1406 2702 Διά
1435 2650 1540 2722 γὰρ
1567 2652 1766 2722 ταύτην
1796 2653 1896 2720 τὴν

309 2744 488 2794 αἰτίαν
516 2743 646 2813 περὶ
669 2741 868 2795 ἑαυτοῦ
902 2758 1070 2812 φησιν
1095 2744 1124 2794 ό
1165 2742 1290 2804 Υἱός
1309 2757 1321 2770 ·
1347 2760 1366 2792 ι
1391 2741 1532 2809 Ἑγώ
1561 2744 1675 2812 εἶμι
1705 2746 1735 2814 ὴ
1763 2745 1894 2815 ἀλή-

314 2835 450 2885 θεια.
477 2831 673 2883 »Ὥστε
704 2831 844 2900 ὅπερ
867 2831 934 2908 ἄν
953 2847 1038 2893 τις
1067 2829 1210 2882 εἴποι
1239 2831 1364 2902 περὶ
1387 2831 1550 2883 αὑτοῦ
1583 2831 1894 2902 θεοπρεπὲς

315 2942 378 2978 τε
405 2925 504 2978 καὶ
527 2923 671 2987 ἄξιον
694 2923 792 2992 τῆς
825 2921 977 2985 Θείας
1003 2921 1328 2991 γεννήσεως,
1349 2923 1464 2992 ὲρεῖ
1493 2923 1590 2992 μὲν
1617 2923 1704 2974 ἐπ’
1725 2922 1892 2975 αὑτοῦ

321 3011 548 3083 κυρίως,
568 3013 657 3063 επὶ
676 3011 732 3063 δὲ
757 3009 864 3062 τῶν
896 3009 1104 3080 ἐτέρων
1125 3009 1326 3070 οὐκέτι,
1356 3009 1813 3082 καταχρηστικῶς
1836 3011 1893 3063 δὲ

333 3101 556 3174 μᾶλλον,
589 3100 830 3171 καθάπερ
857 3101 1092 3171 εἴρηται.

613 3236 916 3301 Ἅντίθεσῳ
938 3237 1017 3302 ὡς
1047 3237 1118 3290 ἐκ
1153 3237 1272 3290 τῶν
1298 3239 1614 3308 Εὑνομίου.

399 3372 572 3441 Λόγος
599 3372 842 3442 εἴρηται,
881 3374 1014 3442 φησὶ
1033 3412 1047 3436 ,
1081 3373 1232 3442 παρὰ
1262 3375 1382 3437 ταῖς
1415 3373 1589 3436 θείαις
1619 3372 1894 3442 Γραφαῖς,

323 3465 422 3535 οὐχ
448 3466 524 3528 ὡς
548 3467 612 3516 ἑκ
645 3467 859 3536 Πατρὸς
891 3467 1035 3520 κατὰ
1064 3467 1228 3536 φύσιν
1257 3469 1539 3538 ὑπάρχων,
1572 3467 1604 3536 ἢ
1631 3466 1794 3526 αὐτὸς
1821 3465 1898 3518 ὣν

318 3561 348 3612 ὁ
395 3557 698 3622 ἐνδιάθετος
745 3560 902 3628 λόγος
927 3599 943 3623 ,
1002 3559 1116 3612 ἀλλ’
1191 3561 1272 3612 ὅτι
1329 3561 1420 3614 τὸν
1473 3559 1689 3629 Πατρός
1743 3559 1898 3627 λόγον

313 3647 556 3712 ἀκούσας
615 3651 710 3702 καὶ
777 3652 908 3720 ἡμῖν
983 3650 1332 3719 ἐξαγγέλλει·
1397 3649 1584 3720 ὥσπερ
1647 3645 1738 3704 οὖν
1803 3651 1897 3702 καὶ

308 3741 590 3812 ἁγιασμὸς
619 3743 874 3814 εἴρηται,
905 3743 986 3796 ὃτι
1011 3743 1266 3811 ἁγιάζει,
1301 3744 1396 3796 καὶ
1427 3741 1740 3812 δικαιοσύνη
1760 3781 1774 3807 ,
1815 3741 1896 3795 ὅτι

305 3832 536 3886 δικαιοῖ.

827 3945 986 4014 Πρὸς-
1019 3946 1194 3999 toi-t0
1219 3947 1420 4012 λύσις.

379 4083 444 4135 Ei
477 4082 654 4151 Λόγος
681 4081 883 4152 ἐκλήθη
913 4121 926 4144 ,
955 4081 1100 4134 κατὰ
1131 4081 1228 4152 τὴν
1258 4081 1374 4152 σὴν,
1403 4075 1446 4134 ὧ
1475 4079 1740 4150 βέλτιστε,
1771 4080 1896 4132 δυσ-

311 4171 547 4242 φημίαν,
580 4171 679 4240 οὐχ
705 4171 788 4223 ὅτι
835 4173 978 4223 κατὰ
1015 4170 1174 4238 φύσιν
1209 4170 1368 4222 τοῦτό
1409 4173 1558 4222 ἐστιν
1589 4172 1655 4222 ὲκ
1685 4169 1899 4238 Πατρός

313 4263 596 4334 προελθὼν
622 4301 637 4324 ,
665 4263 764 4315 καὶ
793 4262 894 4329 τῆς
921 4260 1014 4313 τοῦ
1052 4261 1302 4325 τεκόντος
1335 4261 1522 4323 οὐσίας
1553 4259 1896 4327 ὲκφαντικὸς,

313 4351 424 4404 ἀλλ’
451 4352 534 4404 ὅτι
563 4349 659 4404 τὸν
683 4349 833 4420 παρὰ
861 4349 1070 4420 Πατρὸς
1093 4349 1332 4414 ἀκούσας
1379 4350 1557 4418 λόγον,
1585 4349 1898 4418 ἐξαγγέλλει

313 4441 506 4493 τοῦτον
541 4441 624 4502 εἰς
662 4440 809 4508 ἡμᾶς
831 4454 843 4466 ·
878 4439 1034 4508 τήρει
1075 4439 1168 4493 καὶ
1201 4441 1258 4491 έν
1289 4443 1402 4503 τοῖς
1442 4440 1619 4502 ἄλλοις
1648 4441 1745 4510 τὴν
1774 4441 1895 4510 ἴσην

2009 1917 2146 1972 tales
2191 1933 2288 1988 per
2339 1920 2810 1990 participationem
2856 1920 2969 1990 ejus
2995 1923 3088 1993 qui
3123 1937 3250 1978 vere
3285 1933 3446 1992 atque
3483 1938 3574 1978 re-

2009 2009 2120 2080 ipsa
2145 2009 2318 2066 bonus
2355 2010 2604 2078 etjustus
2631 2015 2756 2082 est).
2795 2028 2900 2068 non
2942 2016 3160 2085 proprie
3205 2016 3415 2086 singula
3461 2017 3576 2072 hac

2006 2115 2125 2170 qua:
2171 2101 2404 2156 diximus
2449 2104 2516 2158 de
2565 2103 2676 2158 Deo
2721 2105 3042 2174 praedicari?
3069 2109 3140 2162 At
3181 2109 3228 2162 si
3271 2111 3574 2164 communia

2005 2187 2222 2256 quidem
2275 2189 2432 2242 nobis
2477 2199 2754 2250 suntcum
2803 2193 2896 2248 illo
2923 2196 3163 2260 nomina,
3211 2197 3304 2252 sed
3349 2199 3414 2254 de
3461 2199 3580 2268 ipso

2009 2287 2214 2332 tantum
2251 2293 2378 2334 vere
2405 2283 2700 2336 secundum
2729 2292 2978 2340 naturam
3011 2287 3286 2352 dicuntur,
3317 2288 3450 2342 nihil
3477 2289 3578 2342 im-

2005 2367 2154 2436 pedit
2182 2368 2476 2436 quominus
2511 2368 2680 2424 Filius
2713 2374 2930 2440 proprie
2957 2374 3170 2428 dicatur
3201 2375 3460 2440 Verbum,
3488 2391 3580 2430 ea-

2007 2473 2111 2528 que
2135 2461 2424 2530 appellatio
2455 2463 2749 2517 essentiam
2791 2465 2910 2534 ejus
2940 2466 3193 2535 explicet,
3227 2469 3446 2522 tametsi
3473 2469 3578 2524 alia

2003 2565 2218 2620 quoque
2247 2553 2411 2606 multa
2435 2555 2542 2608 sint
2571 2555 2734 2610 verba
2763 2557 2988 2614 abusive
3041 2570 3094 2614 et
3125 2561 3192 2633 ad
3219 2561 3578 2618 imitationem

2005 2643 2150 2698 illius
2183 2646 2326 2713 quod
2363 2661 2488 2702 vere
2525 2648 2596 2702 ita
2634 2659 2878 2704 vocatur.
2907 2649 3040 2706 Eam
3069 2653 3211 2708 enim
3255 2655 3324 2708 ob
3353 2671 3574 2711 causam

2002 2733 2174 2790 Filius
2191 2736 2256 2789 de
2274 2737 2454 2806 seipso
2487 2739 2662 2806 inquit
2687 2759 2698 2792 :
2726 2759 2744 2791 ι
2773 2741 2882 2811 Ego
2909 2759 3028 2797 sum
3057 2747 3256 2800 veritas
3289 2747 3358 2800 ⁸⁸.
3395 2767 3414 2800 ι
3435 2751 3579 2814 Quo-

2002 2827 2146 2881 circa
2183 2828 2442 2897 quidquid
2491 2831 2558 2885 de
2613 2848 2678 2887 eo
2713 2834 2916 2888 dixeris
2961 2836 3228 2892 divinitati
3273 2839 3578 2910 divinaeque

2002 2916 2120 2985 ejus
2152 2918 2488 2987 generationi
2525 2923 2854 2976 conveniens
2880 2933 2934 2976 et
2959 2939 3079 2992 par,
3108 2927 3328 2996 proprie
3359 2929 3576 2995 quidem

2001 3008 2066 3062 de
2100 3011 2218 3078 ipso
2251 3011 2432 3076 dices;
2471 3013 2536 3066 de
2577 3013 2698 3068 aliis
2727 3027 2856 3066 vero
2915 3029 3022 3068 non
3063 3015 3216 3086 item,
3262 3017 3357 3072 sed
3405 3019 3581 3087 potius

2003 3100 2246 3166 abusive,
2284 3113 2344 3158 ut
2369 3107 2574 3158 dictum
2606 3114 2708 3159 est.

2395 3237 2552 3309 193
2589 3239 2829 3308 Objectio
2881 3239 3155 3302 Eunamii.

2073 3370 2338 3432 Verbum,
2357 3371 2550 3441 inquit,
2571 3373 2774 3428 dictum
2791 3383 2872 3430 est
2897 3376 2950 3430 in
2971 3391 3122 3434 sacra
3147 3377 3450 3450 Scriptura,
3469 3397 3578 3438 non

2001 3462 2127 3532 quia
2164 3478 2228 3516 ex
2261 3463 2424 3517 Patre
2454 3467 2748 3519 secundum
2773 3477 3018 3522 naturam
3041 3472 3289 3536 exsistat,
3319 3483 3412 3526 aut
3439 3475 3579 3542 quod

1999 3555 2072 3610 sit
2101 3556 2454 3612 intrinsecum
2486 3559 2600 3613 sive
2631 3559 2850 3614 insitum
2877 3560 3020 3616 Patri
3057 3565 3300 3632 verbum,
3328 3567 3420 3620 sed
3450 3567 3580 3633 quia

1999 3647 2176 3702 Patris
2201 3650 2426 3703 verbum
2466 3651 2711 3716 audiens,
2743 3653 2794 3705 id
2825 3653 2980 3708 nobis
3011 3659 3292 3710 annuntiat
3321 3675 3334 3710 :
3360 3660 3500 3712 sicut
3525 3669 3581 3712 et

2000 3739 2360 3793 sanctiﬁcatio
2391 3742 2566 3796 dictus
2599 3753 2702 3806 est,
2729 3743 2854 3810 quia
2903 3745 3228 3812 sanctiﬁcat,
3265 3754 3320 3798 et
3346 3744 3578 3812 justitia,

1997 3829 2122 3900 quia
2141 3832 2426 3898 justilicat.

2515 3947 2719 4001 Salutio
2751 3947 3076 4015 objectiom's.

2071 4077 2324 4150 Si,juxta
2364 4088 2508 4132 tuam
2541 4078 3212 4149 blasphemiam,Verbum
3246 4077 3446 4132 dictum
3473 4087 3578 4144 est,

2000 4184 2104 4224 non
2139 4171 2278 4241 quod
2314 4170 2636 4224 naturaliter
2667 4173 2769 4225 hoc
2793 4172 2864 4226 sit
2891 4186 2955 4226 ex
2991 4171 3152 4226 Patre
3183 4169 3498 4239 procedens,
3524 4181 3578 4226 et

2002 4261 2264 4328 genitoris
2293 4263 2374 4316 sui
2414 4263 2706 4317 essentiam
2735 4262 3043 4328 declarans,
3080 4263 3173 4318 sed
3206 4264 3349 4334 quod
3395 4263 3576 4320 Patris

2003 4353 2221 4406 verbum
2255 4355 2502 4419 audiens,
2540 4355 2694 4410 nobis
2728 4356 2776 4410 id
2811 4357 3116 4420 annuntiet,
3147 4357 3372 4412 observa
3415 4359 3575 4412 etiam

2004 4444 2055 4497 in
2087 4445 2208 4498 aliis
2242 4447 2484 4501 eamdem
2521 4449 2781 4502 rationem
2806 4457 2859 4502 et
2877 4451 3340 4518 consequentiam,
3367 4459 3424 4502 ut
3455 4466 3576 4518 gra-

315 4528 666 4590 ἀκολουθίαν,
711 4528 796 4580 ἵνα
822 4528 913 4580 καὶ
950 4529 1210 4598 μειζόνως
1244 4530 1650 4600 ἅσχημονήσῃς.
1686 4531 1747 4583 El
1785 4533 1893 4602 γὰρ

2002 4535 2122 4588 vius
2182 4541 2526 4606 apertiusque
2571 4540 2872 4608 delinquas.
2921 4539 3056 4594 Nam
3111 4540 3156 4594 si
3211 4541 3440 4594 Verbum
3493 4551 3577 4594 est

313 4623 488 4690 Λόγος
522 4622 675 4673 ἐστὶν
696 4659 712 4686 ,
759 4621 841 4674 ὅτι
886 4621 1044 4689 λόγον
1095 4622 1350 4690 ἀκήκοεν,
1400 4624 1690 4690 ἀναγκαῖον
1731 4625 1902 4676 εἰπεῖν

313 4712 394 4766 ὅτι
427 4714 527 4766 καὶ
555 4711 870 4781 δικαιοσύνη
915 4713 1010 4764 καὶ
1047 4712 1320 4783 ἁγιασμὸς
1364 4715 1531 4776 ἐστιν,
1581 4715 1654 4778 ὡς
1690 4716 1898 4768 δικαιο-

317 4803 486 4876 σύνης
534 4804 632 4857 καὶ
681 4802 956 4873 ἁγιασμοῦ
1005 4805 1255 4874 μέτοχος,
1305 4805 1398 4859 καὶ
1440 4807 1500 4858 οὐ
1550 4807 1692 4859 κατὰ
1737 4806 1900 4874 φύσιν

315 4893 486 4947 ταῦτα
514 4893 797 4963 ὑπάρχων.
827 4893 909 4945 Τὰ
951 4893 1006 4947 δὲ
1037 4895 1113 4964 μὴ
1147 4895 1288 4947 κατὰ
1328 4895 1488 4964 φύσιν
1522 4896 1797 4966 προσόντα
1827 4913 1900 4947 τι·

317 4987 422 5054 σὶν,
453 4989 572 5041 ἀλλ’
605 4987 805 5054 ἔξωθεν
844 4989 1196 5058 ὲπιγεγονότα
1217 5031 1231 5053 ,
1285 4989 1479 5060 ῥᾳδίως
1513 4989 1900 5059 ἁποσυμϐήσε-

311 5097 425 5135 ται.
471 5080 582 5134 Καί
629 5097 760 5134 ποτε
805 5081 1154 5151 δικαιοσύνης
1194 5082 1286 5134 καὶ
1346 5082 1619 5149 ἁγιασμοῦ
1663 5082 1899 5152 ἕρημος,

310 5169 436 5224 καθ’
474 5172 643 5239 ὑμᾶς,
667 5173 696 5224 ὁ
726 5169 822 5224 τοῦ
850 5170 986 5222 Θεοῦ
1020 5171 1192 5238 Λόγος
1230 5174 1497 5238 φανεῖται,
1529 5173 1556 5222 ό
1585 5171 1817 5236 λέγων’(
1843 5169 1897 5220 ’0

311 5261 578 5333 ἑωρακὼς
624 5261 762 5332 ἐμὲ,
809 5261 1028 5332 ἑώρακε
1088 5261 1180 5314 τὸν
1233 5261 1473 5332 Πατέρα.
1513 5280 1529 5310 ι
1582 5260 1895 5326 Φθανούσης

311 5353 602 5426 τοιγαροῦν
669 5357 766 5408 καὶ
823 5356 904 5418 εἰς
964 5354 1125 5406 αὐτὸν
1190 5353 1288 5424 ἤδη
1347 5353 1438 5405 τὸν
1511 5352 1731 5422 Πατέρα
1799 5355 1896 5420 τῆς

313 5447 654 5520 δυσφημίας,
694 5444 1071 5520 παραιτητέον
1107 5443 1216 5496 τῶν
1259 5444 1646 5515 χριστομάχων
1676 5443 1774 5511 τὴν
1801 5461 1895 5494 κα-

313 5537 536 5594 κόνοιαν.

2006 4630 2130 4697 quia
2164 4631 2386 4683 verbum
2429 4629 2654 4692 audivit,
2696 4633 3060 4684 necessarium
3097 4639 3176 4684 esl
3201 4632 3362 4685 etiam
3404 4632 3575 4699 ipsum

2004 4736 2126 4777 esse
2164 4721 2428 4787 justitiam
2472 4729 2524 4774 et
2581 4723 3065 4776 sanctiﬁcatiuncm
3104 4721 3227 4789 quia
3261 4721 3483 4790 justiti-.1:
3522 4731 3579 4774 et

2002 4810 2450 4865 sanctiﬁcationis
2475 4819 2558 4864 est
2589 4813 2882 4880 particeps,
2914 4829 3018 4865 non
3047 4820 3225 4863 autem
3263 4809 3579 4861 naturaliter

2001 4902 2050 4956 id
2082 4916 2224 4954 esse.
2261 4900 2389 4965 Quae
2417 4915 2543 4954 vero
2577 4916 2680 4955 non
2715 4904 3030 4955 naturaliter
3057 4899 3216 4952 alicui
3253 4900 3455 4960 insunt,
3485 4898 3578 4950 sed

1998 4991 2334 5044 extrinsecus
2359 4991 2636 5054 accidunt,
2663 4990 2823 5044 facile
2847 4994 3008 5044 etiam
3038 4998 3261 5055 possunt
3296 5003 3400 5040 non
3434 4989 3576 5040 acci-

1997 5081 2144 5135 dere.
2171 5082 2342 5149 Atque
2361 5080 2432 5133 ita
2469 5081 2777 5150 aliquando,
2800 5079 2957 5147 juxta
2985 5087 3218 5131 vestram
3243 5080 3574 5147 Opinionem,

1994 5171 2203 5240 justitia
2226 5181 2280 5225 ct
2304 5171 2731 5224 sanctificatione
2781 5185 3012 5222 vacuum
3049 5169 3153 5222 erit
3182 5168 3272 5221 Dei
3309 5169 3569 5233 Verbum,

2002 5265 2141 5330 quod
2169 5265 2232 5317 de
2258 5279 2314 5316 se
2337 5263 2496 5316 dicit:
2526 5281 2543 5312 ι
2573 5260 2672 5324 Qui
2701 5261 2831 5312 vidit
2860 5275 2964 5322 tne,
2991 5260 3191 5312 viditet
3221 5259 3433 5314 Patrem
3460 5259 3523 5310 ".
3555 5278 3574 5309 ι

2000 5351 2133 5405 Cum
2173 5353 2332 5422 igitur
2358 5351 2424 5405 ad
2454 5352 2673 5404 Patrem
2705 5351 2878 5419 ipsum
2907 5351 3019 5404 haec
3049 5350 3377 5416 blasphemia
3407 5349 3582 5420 perti-

2002 5455 2146 5508 neat,
2181 5443 2492 5496 detestanda
2536 5441 2729 5497 merito
2761 5448 2844 5495 est
2887 5441 3004 5494 haec
3060 5441 3309 5495 immanis
3344 5441 3582 5497 hostium

1999 5535 2196 5589 Christi
2221 5537 2566 5605 perversitas.

335 5717 378 5752 "
403 5719 544 5778 Psal.
589 5733 792 5785 LXXXI,
832 5713 900 5780 6;
935 5709 1088 5766 Joztn.
1127 5729 1174 5780 ι,
1209 5714 1294 5767 54.
1376 5714 1418 5744 ⁵⁸
1449 5712 1604 5766 Joan.
1640 5727 1746 5772 xiv,
1781 5709 1831 5764 6.

2002 5711 2130 5763 ἰξῑὶιι.
2168 5729 2271 5777 ΧΗ,
2307 5715 2358 5767 9.
