  <div class='ocr_page' id='page_1' title='image "/cluster/home/n/w/nwhite01/storage/ocr_20150623/75/mdp.39015078384495/171.png"; bbox 0 0 4078 6260; ppageno 0'>
   <div class='ocr_carea' id='block_1_1' title="bbox 534 783 2115 880">
    <p class='ocr_par' dir='ltr' id='par_1_1' title="bbox 534 783 2115 880">
     <span class='ocr_line' id='line_1_1' title="bbox 534 783 2115 880; baseline -0.027 -2"><span class='ocrx_word' id='word_1_1' title='bbox 534 828 758 878; x_wconf 90' lang='lat' dir='ltr'><strong>sanctus</strong></span> <span class='ocrx_word' id='word_1_2' title='bbox 809 815 911 868; x_wconf 89' lang='lat' dir='ltr'><strong>alia</strong></span> <span class='ocrx_word' id='word_1_3' title='bbox 961 807 1215 880; x_wconf 59' lang='lat' dir='ltr'><strong>pradicet</strong></span> <span class='ocrx_word' id='word_1_4' title='bbox 1259 801 1325 856; x_wconf 88' lang='lat' dir='ltr'><strong>do</strong></span> <span class='ocrx_word' id='word_1_5' title='bbox 1373 796 1546 860; x_wconf 87' lang='lat' dir='ltr'><strong>Filio,</strong></span> <span class='ocrx_word' id='word_1_6' title='bbox 1603 790 1712 846; x_wconf 92' lang='lat' dir='ltr'><strong>tuis</strong></span> <span class='ocrx_word' id='word_1_7' title='bbox 1765 783 2115 842; x_wconf 87' lang='lat' dir='ltr'><strong>cavillatoriis</strong></span> 
     </span>
    </p>
   </div>
   <div class='ocr_carea' id='block_1_2' title="bbox 533 871 2112 981">
    <p class='ocr_par' dir='ltr' id='par_1_2' title="bbox 533 871 2112 981">
     <span class='ocr_line' id='line_1_2' title="bbox 533 871 2112 981; baseline -0.028 -13"><span class='ocrx_word' id='word_1_8' title='bbox 533 871 1164 981; x_wconf 44' lang='lat' dir='ltr'><strong>apositionibus&#39;potius</strong></span> <span class='ocrx_word' id='word_1_9' title='bbox 1195 903 1354 961; x_wconf 92' lang='lat' dir='ltr'><strong>quam</strong></span> <span class='ocrx_word' id='word_1_10' title='bbox 1387 886 1460 941; x_wconf 83' lang='lat' dir='ltr'><strong>illi</strong></span> <span class='ocrx_word' id='word_1_11' title='bbox 1495 883 1651 938; x_wconf 81' lang='lat' dir='ltr'><strong>[idem</strong></span> <span class='ocrx_word' id='word_1_12' title='bbox 1681 877 1950 933; x_wconf 98' lang='lat' dir='ltr'><strong>adhibeat.</strong></span> <span class='ocrx_word' id='word_1_13' title='bbox 1987 871 2112 941; x_wconf 86' lang='lat' dir='ltr'><strong>Spi-</strong></span> 
     </span>
    </p>
   </div>
   <div class='ocr_carea' id='block_1_3' title="bbox 535 967 2111 1066">
    <p class='ocr_par' dir='ltr' id='par_1_3' title="bbox 535 967 2111 1066">
     <span class='ocr_line' id='line_1_3' title="bbox 535 967 2111 1066; baseline -0.029 -8"><span class='ocrx_word' id='word_1_14' title='bbox 535 967 676 1056; x_wconf 71' lang='lat' dir='ltr'><strong>ritus</strong></span> <span class='ocrx_word' id='word_1_15' title='bbox 725 999 890 1066; x_wconf 79' lang='lat' dir='ltr'><strong>igitur</strong></span> <span class='ocrx_word' id='word_1_16' title='bbox 933 967 1152 1046; x_wconf 84' lang='lat' dir='ltr'><strong>sanctus</strong></span> <span class='ocrx_word' id='word_1_17' title='bbox 1191 979 1422 1052; x_wconf 72' lang='lat' dir='ltr'><strong>appellat</strong></span> <span class='ocrx_word' id='word_1_18' title='bbox 1468 975 1666 1031; x_wconf 87' lang='lat' dir='ltr'><strong>Filium</strong></span> <span class='ocrx_word' id='word_1_19' title='bbox 1717 967 1949 1023; x_wconf 86' lang='lat' dir='ltr'><strong>Verbum</strong></span> <span class='ocrx_word' id='word_1_20' title='bbox 1999 983 2010 1017; x_wconf 92' lang='lat'><strong>:</strong></span> <span class='ocrx_word' id='word_1_21' title='bbox 2060 973 2111 1015; x_wconf 91' lang='lat' dir='ltr'><strong>tu</strong></span> 
     </span>
    </p>
   </div>
   <div class='ocr_carea' id='block_1_4' title="bbox 533 1053 2112 1146">
    <p class='ocr_par' dir='ltr' id='par_1_4' title="bbox 533 1053 2112 1146">
     <span class='ocr_line' id='line_1_4' title="bbox 533 1053 2112 1146; baseline -0.024 -2"><span class='ocrx_word' id='word_1_22' title='bbox 533 1106 668 1146; x_wconf 84' lang='lat' dir='ltr'><strong>vero</strong></span> <span class='ocrx_word' id='word_1_23' title='bbox 702 1054 804 1142; x_wconf 62' lang='lat' dir='ltr'><strong>non</strong></span> <span class='ocrx_word' id='word_1_24' title='bbox 848 1082 1104 1143; x_wconf 84' lang='lat' dir='ltr'><strong>Verbum,</strong></span> <span class='ocrx_word' id='word_1_25' title='bbox 1137 1076 1231 1131; x_wconf 87' lang='lat' dir='ltr'><strong>sed</strong></span> <span class='ocrx_word' id='word_1_26' title='bbox 1259 1069 1418 1126; x_wconf 79' lang='lat' dir='ltr'><strong>Verbi</strong></span> <span class='ocrx_word' id='word_1_27' title='bbox 1451 1063 1769 1137; x_wconf 88' lang='lat' dir='ltr'><strong>participem</strong></span> <span class='ocrx_word' id='word_1_28' title='bbox 1801 1073 1924 1113; x_wconf 92' lang='lat' dir='ltr'><strong>eum</strong></span> <span class='ocrx_word' id='word_1_29' title='bbox 1959 1053 2112 1109; x_wconf 81' lang='lat' dir='ltr'><strong>facis.</strong></span> 
     </span>
    </p>
   </div>
   <div class='ocr_carea' id='block_1_5' title="bbox 534 1145 2114 1243">
    <p class='ocr_par' dir='ltr' id='par_1_5' title="bbox 534 1145 2114 1243">
     <span class='ocr_line' id='line_1_5' title="bbox 534 1145 2114 1243; baseline -0.027 -4"><span class='ocrx_word' id='word_1_30' title='bbox 534 1182 669 1238; x_wconf 85' lang='lat' dir='ltr'><strong>Nam</strong></span> <span class='ocrx_word' id='word_1_31' title='bbox 717 1181 762 1233; x_wconf 89' lang='lat' dir='ltr'><strong>si</strong></span> <span class='ocrx_word' id='word_1_32' title='bbox 807 1175 1008 1231; x_wconf 87' lang='lat' dir='ltr'><strong>idcirco</strong></span> <span class='ocrx_word' id='word_1_33' title='bbox 1039 1171 1212 1243; x_wconf 80' lang='lat' dir='ltr'><strong>ipsum</strong></span> <span class='ocrx_word' id='word_1_34' title='bbox 1248 1162 1383 1219; x_wconf 88' lang='lat' dir='ltr'><strong>dicis</strong></span> <span class='ocrx_word' id='word_1_35' title='bbox 1415 1167 1664 1212; x_wconf 87' lang='lat' dir='ltr'><strong>vocatum</strong></span> <span class='ocrx_word' id='word_1_36' title='bbox 1699 1151 1958 1213; x_wconf 81' lang='lat' dir='ltr'><strong>Verbum,</strong></span> <span class='ocrx_word' id='word_1_37' title='bbox 1989 1145 2114 1213; x_wconf 85' lang='lat' dir='ltr'><strong>quia</strong></span> 
     </span>
    </p>
   </div>
   <div class='ocr_carea' id='block_1_6' title="bbox 535 1237 2118 1343">
    <p class='ocr_par' dir='ltr' id='par_1_6' title="bbox 535 1237 2118 1343">
     <span class='ocr_line' id='line_1_6' title="bbox 535 1237 2118 1343; baseline -0.027 -13"><span class='ocrx_word' id='word_1_38' title='bbox 535 1276 588 1330; x_wconf 93' lang='lat' dir='ltr'><strong>id</strong></span> <span class='ocrx_word' id='word_1_39' title='bbox 621 1272 762 1343; x_wconf 90' lang='lat' dir='ltr'><strong>quod</strong></span> <span class='ocrx_word' id='word_1_40' title='bbox 819 1268 967 1323; x_wconf 85' lang='lat' dir='ltr'><strong>audit</strong></span> <span class='ocrx_word' id='word_1_41' title='bbox 1008 1237 1266 1323; x_wconf 36' lang='lat' dir='ltr'><strong>a&#39;Patre,</strong></span> <span class='ocrx_word' id='word_1_42' title='bbox 1311 1253 1466 1308; x_wconf 88' lang='lat' dir='ltr'><strong>nobis</strong></span> <span class='ocrx_word' id='word_1_43' title='bbox 1513 1245 1818 1308; x_wconf 87' lang='lat' dir='ltr'><strong>annuntiat,</strong></span> <span class='ocrx_word' id='word_1_44' title='bbox 1850 1237 2118 1310; x_wconf 90' lang='lat' dir='ltr'><strong>quomodo</strong></span> 
     </span>
    </p>
   </div>
   <div class='ocr_carea' id='block_1_7' title="bbox 535 1337 2118 1421">
    <p class='ocr_par' dir='ltr' id='par_1_7' title="bbox 535 1337 2118 1421">
     <span class='ocr_line' id='line_1_7' title="bbox 535 1337 2118 1421; baseline -0.027 0"><span class='ocrx_word' id='word_1_45' title='bbox 535 1382 642 1421; x_wconf 90' lang='lat' dir='ltr'><strong>non</strong></span> <span class='ocrx_word' id='word_1_46' title='bbox 667 1364 902 1417; x_wconf 81' lang='lat' dir='ltr'><strong>delirare</strong></span> <span class='ocrx_word' id='word_1_47' title='bbox 931 1348 1246 1411; x_wconf 83' lang='lat' dir='ltr'><strong>eensearis?</strong></span> <span class='ocrx_word' id='word_1_48' title='bbox 1272 1346 1370 1412; x_wconf 84' lang='lat' dir='ltr'><strong>Qui</strong></span> <span class='ocrx_word' id='word_1_49' title='bbox 1405 1341 1548 1394; x_wconf 91' lang='lat' dir='ltr'><strong>enim</strong></span> <span class='ocrx_word' id='word_1_50' title='bbox 1578 1337 1699 1391; x_wconf 88' lang='lat' dir='ltr'><strong>talis</strong></span> <span class='ocrx_word' id='word_1_51' title='bbox 1733 1342 1833 1398; x_wconf 88' lang='lat' dir='ltr'><strong>est,</strong></span> <span class='ocrx_word' id='word_1_52' title='bbox 1869 1345 1972 1385; x_wconf 89' lang='lat' dir='ltr'><strong>non</strong></span> <span class='ocrx_word' id='word_1_53' title='bbox 2000 1341 2118 1381; x_wconf 91' lang='lat' dir='ltr'><strong>am-</strong></span> 
     </span>
    </p>
   </div>
   <div class='ocr_carea' id='block_1_8' title="bbox 535 1419 2118 1527">
    <p class='ocr_par' dir='ltr' id='par_1_8' title="bbox 535 1419 2118 1527">
     <span class='ocr_line' id='line_1_8' title="bbox 535 1419 2118 1527; baseline -0.025 -16"><span class='ocrx_word' id='word_1_54' title='bbox 535 1419 676 1527; x_wconf 81' lang='lat' dir='ltr'><strong>plius</strong></span> <span class='ocrx_word' id='word_1_55' title='bbox 709 1452 969 1513; x_wconf 82' lang='lat' dir='ltr'><strong>Verbum,</strong></span> <span class='ocrx_word' id='word_1_56' title='bbox 999 1445 1093 1500; x_wconf 90' lang='lat' dir='ltr'><strong>sed</strong></span> <span class='ocrx_word' id='word_1_57' title='bbox 1132 1439 1288 1496; x_wconf 81' lang='lat' dir='ltr'><strong>Verbi</strong></span> <span class='ocrx_word' id='word_1_58' title='bbox 1313 1435 1582 1506; x_wconf 87' lang='lat' dir='ltr'><strong>particeps</strong></span> <span class='ocrx_word' id='word_1_59' title='bbox 1617 1439 1699 1483; x_wconf 90' lang='lat' dir='ltr'><strong>est</strong></span> <span class='ocrx_word' id='word_1_60' title='bbox 1727 1445 1739 1480; x_wconf 90' lang='lat'><strong>:</strong></span> <span class='ocrx_word' id='word_1_61' title='bbox 1780 1437 1951 1492; x_wconf 86' lang='lat' dir='ltr'><strong>neque</strong></span> <span class='ocrx_word' id='word_1_62' title='bbox 1973 1419 2118 1474; x_wconf 90' lang='lat' dir='ltr'><strong>enim</strong></span> 
     </span>
    </p>
   </div>
   <div class='ocr_carea' id='block_1_9' title="bbox 541 1513 2122 1614">
    <p class='ocr_par' dir='ltr' id='par_1_9' title="bbox 541 1513 2122 1614">
     <span class='ocr_line' id='line_1_9' title="bbox 541 1513 2122 1614; baseline -0.026 -13"><span class='ocrx_word' id='word_1_63' title='bbox 541 1513 684 1601; x_wconf 79' lang='lat' dir='ltr'><strong>idem</strong></span> <span class='ocrx_word' id='word_1_64' title='bbox 715 1559 809 1614; x_wconf 88' lang='lat' dir='ltr'><strong>per</strong></span> <span class='ocrx_word' id='word_1_65' title='bbox 839 1555 897 1594; x_wconf 91' lang='lat' dir='ltr'><strong>se</strong></span> <span class='ocrx_word' id='word_1_66' title='bbox 924 1537 1085 1591; x_wconf 82' lang='lat' dir='ltr'><strong>fuerit</strong></span> <span class='ocrx_word' id='word_1_67' title='bbox 1111 1532 1380 1603; x_wconf 83' lang='lat' dir='ltr'><strong>particeps</strong></span> <span class='ocrx_word' id='word_1_68' title='bbox 1409 1533 1460 1580; x_wconf 91' lang='lat' dir='ltr'><strong>et</strong></span> <span class='ocrx_word' id='word_1_69' title='bbox 1492 1521 1892 1591; x_wconf 85' lang='lat' dir='ltr'><strong>participatum.</strong></span> <span class='ocrx_word' id='word_1_70' title='bbox 1928 1513 2122 1566; x_wconf 85' lang='lat' dir='ltr'><strong>Exem-</strong></span> 
     </span>
    </p>
   </div>
   <div class='ocr_carea' id='block_1_10' title="bbox 538 1603 2121 1709">
    <p class='ocr_par' dir='ltr' id='par_1_10' title="bbox 538 1603 2121 1709">
     <span class='ocr_line' id='line_1_10' title="bbox 538 1603 2121 1709; baseline -0.025 -16"><span class='ocrx_word' id='word_1_71' title='bbox 538 1639 611 1709; x_wconf 93' lang='lat' dir='ltr'><strong>pli</strong></span> <span class='ocrx_word' id='word_1_72' title='bbox 664 1603 861 1706; x_wconf 69' lang='lat' dir='ltr'><strong>gratia,</strong></span> <span class='ocrx_word' id='word_1_73' title='bbox 919 1629 1064 1683; x_wconf 88' lang='lat' dir='ltr'><strong>aliud</strong></span> <span class='ocrx_word' id='word_1_74' title='bbox 1115 1636 1199 1680; x_wconf 90' lang='lat' dir='ltr'><strong>est</strong></span> <span class='ocrx_word' id='word_1_75' title='bbox 1241 1618 1527 1689; x_wconf 85' lang='lat' dir='ltr'><strong>sapientia,</strong></span> <span class='ocrx_word' id='word_1_76' title='bbox 1581 1612 1724 1666; x_wconf 88' lang='lat' dir='ltr'><strong>aliud</strong></span> <span class='ocrx_word' id='word_1_77' title='bbox 1767 1608 1984 1675; x_wconf 85' lang='lat' dir='ltr'><strong>sapiens</strong></span> <span class='ocrx_word' id='word_1_78' title='bbox 2030 1603 2121 1670; x_wconf 90' lang='lat' dir='ltr'><strong>qui</strong></span> 
     </span>
    </p>
   </div>
   <div class='ocr_carea' id='block_1_11' title="bbox 540 1694 2123 1800">
    <p class='ocr_par' dir='ltr' id='par_1_11' title="bbox 540 1694 2123 1800">
     <span class='ocr_line' id='line_1_11' title="bbox 540 1694 2123 1800; baseline -0.023 -16"><span class='ocrx_word' id='word_1_79' title='bbox 540 1727 820 1800; x_wconf 78' lang='lat' dir='ltr'><strong>sapientia:</strong></span> <span class='ocrx_word' id='word_1_80' title='bbox 868 1722 1139 1794; x_wconf 86' lang='lat' dir='ltr'><strong>particeps</strong></span> <span class='ocrx_word' id='word_1_81' title='bbox 1188 1723 1300 1778; x_wconf 85' lang='lat' dir='ltr'><strong>est;</strong></span> <span class='ocrx_word' id='word_1_82' title='bbox 1358 1709 1506 1764; x_wconf 87' lang='lat' dir='ltr'><strong>aliud</strong></span> <span class='ocrx_word' id='word_1_83' title='bbox 1560 1701 1938 1777; x_wconf 79' lang='lat' dir='ltr'><strong>grammatica,</strong></span> <span class='ocrx_word' id='word_1_84' title='bbox 1979 1694 2123 1750; x_wconf 86' lang='lat' dir='ltr'><strong>aliud</strong></span> 
     </span>
    </p>
   </div>
   <div class='ocr_carea' id='block_1_12' title="bbox 542 1791 2200 1890">
    <p class='ocr_par' dir='ltr' id='par_1_12' title="bbox 542 1791 2200 1890">
     <span class='ocr_line' id='line_1_12' title="bbox 542 1791 2200 1890; baseline -0.023 -14"><span class='ocrx_word' id='word_1_85' title='bbox 542 1791 932 1890; x_wconf 81' lang='lat' dir='ltr'><strong>grammaticus</strong></span> <span class='ocrx_word' id='word_1_86' title='bbox 964 1827 978 1866; x_wconf 88' lang='lat'><strong>:</strong></span> <span class='ocrx_word' id='word_1_87' title='bbox 1030 1811 1260 1865; x_wconf 90' lang='lat' dir='ltr'><strong>alterum</strong></span> <span class='ocrx_word' id='word_1_88' title='bbox 1296 1807 1440 1860; x_wconf 91' lang='lat' dir='ltr'><strong>enim</strong></span> <span class='ocrx_word' id='word_1_89' title='bbox 1474 1808 1558 1855; x_wconf 87' lang='lat' dir='ltr'><strong>est</strong></span> <span class='ocrx_word' id='word_1_90' title='bbox 1590 1812 1674 1851; x_wconf 90' lang='lat' dir='ltr'><strong>res</strong></span> <span class='ocrx_word' id='word_1_91' title='bbox 1712 1796 1849 1862; x_wconf 89' lang='lat' dir='ltr'><strong>ipsa,</strong></span> <span class='ocrx_word' id='word_1_92' title='bbox 1895 1791 2122 1844; x_wconf 90' lang='lat' dir='ltr'><strong>alterum</strong></span> <span class='ocrx_word' id='word_1_93' title='bbox 2156 1828 2200 1886; x_wconf 72' lang='grc' dir='ltr'><strong>Β</strong></span> 
     </span>
    </p>
   </div>
   <div class='ocr_carea' id='block_1_13' title="bbox 541 1883 2124 1982">
    <p class='ocr_par' dir='ltr' id='par_1_13' title="bbox 541 1883 2124 1982">
     <span class='ocr_line' id='line_1_13' title="bbox 541 1883 2124 1982; baseline -0.023 -16"><span class='ocrx_word' id='word_1_94' title='bbox 541 1912 633 1982; x_wconf 90' lang='lat' dir='ltr'><strong>qui</strong></span> <span class='ocrx_word' id='word_1_95' title='bbox 673 1910 751 1964; x_wconf 92' lang='lat' dir='ltr'><strong>rei</strong></span> <span class='ocrx_word' id='word_1_96' title='bbox 794 1907 935 1962; x_wconf 91' lang='lat' dir='ltr'><strong>illius</strong></span> <span class='ocrx_word' id='word_1_97' title='bbox 969 1902 1246 1974; x_wconf 83' lang='lat' dir='ltr'><strong>particeps</strong></span> <span class='ocrx_word' id='word_1_98' title='bbox 1283 1904 1387 1950; x_wconf 87' lang='lat' dir='ltr'><strong>est.</strong></span> <span class='ocrx_word' id='word_1_99' title='bbox 1420 1887 1796 1946; x_wconf 82' lang='lat' dir='ltr'><strong>Necessarium</strong></span> <span class='ocrx_word' id='word_1_100' title='bbox 1831 1883 1994 1952; x_wconf 78' lang='lat' dir='ltr'><strong>igitur</strong></span> <span class='ocrx_word' id='word_1_101' title='bbox 2023 1885 2124 1942; x_wconf 90' lang='lat' dir='ltr'><strong>est,</strong></span> 
     </span>
    </p>
   </div>
   <div class='ocr_carea' id='block_1_14' title="bbox 542 1974 2127 2056">
    <p class='ocr_par' dir='ltr' id='par_1_14' title="bbox 542 1974 2127 2056">
     <span class='ocr_line' id='line_1_14' title="bbox 542 1974 2127 2056; baseline -0.022 2"><span class='ocrx_word' id='word_1_102' title='bbox 542 1974 638 2056; x_wconf 75' lang='lat' dir='ltr'><strong>aut</strong></span> <span class='ocrx_word' id='word_1_103' title='bbox 663 2000 900 2056; x_wconf 85' lang='lat' dir='ltr'><strong>Verbum</strong></span> <span class='ocrx_word' id='word_1_104' title='bbox 947 2008 1076 2049; x_wconf 90' lang='lat' dir='ltr'><strong>esse</strong></span> <span class='ocrx_word' id='word_1_105' title='bbox 1122 1989 1306 2051; x_wconf 81' lang='lat' dir='ltr'><strong>fateri,</strong></span> <span class='ocrx_word' id='word_1_106' title='bbox 1338 1996 1393 2039; x_wconf 88' lang='lat' dir='ltr'><strong>et</strong></span> <span class='ocrx_word' id='word_1_107' title='bbox 1439 1999 1544 2037; x_wconf 90' lang='lat' dir='ltr'><strong>non</strong></span> <span class='ocrx_word' id='word_1_108' title='bbox 1581 1977 1739 2033; x_wconf 66' lang='lat' dir='ltr'><strong>Verbi</strong></span> <span class='ocrx_word' id='word_1_109' title='bbox 1769 1974 2081 2045; x_wconf 82' lang='lat' dir='ltr'><strong>participem</strong></span> <span class='ocrx_word' id='word_1_110' title='bbox 2115 1987 2127 2024; x_wconf 94' lang='lat'>:</span> 
     </span>
    </p>
   </div>
   <div class='ocr_carea' id='block_1_15' title="bbox 545 2068 2128 2159">
    <p class='ocr_par' dir='ltr' id='par_1_15' title="bbox 545 2068 2128 2159">
     <span class='ocr_line' id='line_1_15' title="bbox 545 2068 2128 2159; baseline -0.019 -14"><span class='ocrx_word' id='word_1_111' title='bbox 545 2103 640 2146; x_wconf 82' lang='lat' dir='ltr'><strong>aut</strong></span> <span class='ocrx_word' id='word_1_112' title='bbox 668 2093 713 2146; x_wconf 90' lang='lat' dir='ltr'><strong>si</strong></span> <span class='ocrx_word' id='word_1_113' title='bbox 742 2090 1015 2159; x_wconf 86' lang='lat' dir='ltr'><strong>particeps</strong></span> <span class='ocrx_word' id='word_1_114' title='bbox 1041 2094 1124 2140; x_wconf 90' lang='lat' dir='ltr'><strong>est</strong></span> <span class='ocrx_word' id='word_1_115' title='bbox 1159 2079 1345 2142; x_wconf 84' lang='lat' dir='ltr'><strong>Verbi,</strong></span> <span class='ocrx_word' id='word_1_116' title='bbox 1376 2091 1481 2130; x_wconf 92' lang='lat' dir='ltr'><strong>non</strong></span> <span class='ocrx_word' id='word_1_117' title='bbox 1514 2074 1617 2141; x_wconf 84' lang='lat' dir='ltr'><strong>iam</strong></span> <span class='ocrx_word' id='word_1_118' title='bbox 1653 2068 1886 2124; x_wconf 88' lang='lat' dir='ltr'><strong>Verbum</strong></span> <span class='ocrx_word' id='word_1_119' title='bbox 1916 2075 2128 2117; x_wconf 83' lang='lat' dir='ltr'><strong>vocare.</strong></span> 
     </span>
    </p>
   </div>
   <div class='ocr_carea' id='block_1_16' title="bbox 547 2159 2130 2247">
    <p class='ocr_par' dir='ltr' id='par_1_16' title="bbox 547 2159 2130 2247">
     <span class='ocr_line' id='line_1_16' title="bbox 547 2159 2130 2247; baseline -0.022 -9"><span class='ocrx_word' id='word_1_120' title='bbox 547 2184 680 2238; x_wconf 85' lang='lat' dir='ltr'><strong>Nam</strong></span> <span class='ocrx_word' id='word_1_121' title='bbox 711 2189 1002 2247; x_wconf 89' lang='lat' dir='ltr'><strong>utrumque</strong></span> <span class='ocrx_word' id='word_1_122' title='bbox 1046 2173 1208 2231; x_wconf 86' lang='lat' dir='ltr'><strong>simul</strong></span> <span class='ocrx_word' id='word_1_123' title='bbox 1251 2175 1495 2238; x_wconf 81' lang='lat' dir='ltr'><strong>reSpectn</strong></span> <span class='ocrx_word' id='word_1_124' title='bbox 1542 2162 1624 2218; x_wconf 85' lang='lat' dir='ltr'><strong>sui</strong></span> <span class='ocrx_word' id='word_1_125' title='bbox 1669 2159 1843 2228; x_wconf 88' lang='lat' dir='ltr'><strong>ipsius</strong></span> <span class='ocrx_word' id='word_1_126' title='bbox 1870 2168 1990 2209; x_wconf 88' lang='lat' dir='ltr'><strong>esse</strong></span> <span class='ocrx_word' id='word_1_127' title='bbox 2025 2166 2130 2206; x_wconf 91' lang='lat' dir='ltr'><strong>non</strong></span> 
     </span>
    </p>
   </div>
   <div class='ocr_carea' id='block_1_17' title="bbox 549 2246 2130 2346">
    <p class='ocr_par' dir='ltr' id='par_1_17' title="bbox 549 2246 2130 2346">
     <span class='ocr_line' id='line_1_17' title="bbox 549 2246 2130 2346; baseline -0.023 -15"><span class='ocrx_word' id='word_1_128' title='bbox 549 2283 745 2346; x_wconf 84' lang='lat' dir='ltr'><strong>potest.</strong></span> <span class='ocrx_word' id='word_1_129' title='bbox 806 2246 1076 2336; x_wconf 80' lang='lat' dir='ltr'><strong>Planeqne</strong></span> <span class='ocrx_word' id='word_1_130' title='bbox 1132 2276 1351 2318; x_wconf 81' lang='lat' dir='ltr'><strong>necesse</strong></span> <span class='ocrx_word' id='word_1_131' title='bbox 1411 2267 1516 2318; x_wconf 89' lang='lat' dir='ltr'><strong>est,</strong></span> <span class='ocrx_word' id='word_1_132' title='bbox 1575 2262 1632 2306; x_wconf 88' lang='lat' dir='ltr'><strong>ut</strong></span> <span class='ocrx_word' id='word_1_133' title='bbox 1677 2250 1846 2304; x_wconf 86' lang='lat' dir='ltr'><strong>Filius</strong></span> <span class='ocrx_word' id='word_1_134' title='bbox 1904 2246 2130 2299; x_wconf 89' lang='lat' dir='ltr'><strong>alterum</strong></span> 
     </span>
    </p>
   </div>
   <div class='ocr_carea' id='block_1_18' title="bbox 549 2337 2135 2424">
    <p class='ocr_par' dir='ltr' id='par_1_18' title="bbox 549 2337 2135 2424">
     <span class='ocr_line' id='line_1_18' title="bbox 549 2337 2135 2424; baseline -0.023 -3"><span class='ocrx_word' id='word_1_135' title='bbox 549 2370 740 2421; x_wconf 92' lang='lat' dir='ltr'><strong>horum</strong></span> <span class='ocrx_word' id='word_1_136' title='bbox 775 2364 846 2418; x_wconf 87' lang='lat' dir='ltr'><strong>sit</strong></span> <span class='ocrx_word' id='word_1_137' title='bbox 893 2378 906 2414; x_wconf 90' lang='lat'><strong>:</strong></span> <span class='ocrx_word' id='word_1_138' title='bbox 937 2367 1231 2424; x_wconf 88' lang='lat' dir='ltr'><strong>utrumque</strong></span> <span class='ocrx_word' id='word_1_139' title='bbox 1263 2365 1391 2406; x_wconf 82' lang='lat' dir='ltr'><strong>vero</strong></span> <span class='ocrx_word' id='word_1_140' title='bbox 1431 2356 1792 2414; x_wconf 85' lang='lat' dir='ltr'><strong>nequaquam.</strong></span> <span class='ocrx_word' id='word_1_141' title='bbox 1839 2337 1975 2392; x_wconf 88' lang='lat' dir='ltr'><strong>Cum</strong></span> <span class='ocrx_word' id='word_1_142' title='bbox 2007 2346 2135 2388; x_wconf 85' lang='lat' dir='ltr'><strong>vero</strong></span> 
     </span>
    </p>
   </div>
   <div class='ocr_carea' id='block_1_19' title="bbox 548 2425 2134 2519">
    <p class='ocr_par' dir='ltr' id='par_1_19' title="bbox 548 2425 2134 2519">
     <span class='ocr_line' id='line_1_19' title="bbox 548 2425 2134 2519; baseline -0.023 -7"><span class='ocrx_word' id='word_1_143' title='bbox 548 2457 732 2512; x_wconf 90' lang='lat' dir='ltr'><strong>divina</strong></span> <span class='ocrx_word' id='word_1_144' title='bbox 775 2453 1058 2519; x_wconf 82' lang='lat' dir='ltr'><strong>Scriptura</strong></span> <span class='ocrx_word' id='word_1_145' title='bbox 1096 2447 1268 2516; x_wconf 90' lang='lat' dir='ltr'><strong>ipsum</strong></span> <span class='ocrx_word' id='word_1_146' title='bbox 1321 2438 1552 2512; x_wconf 86' lang='lat' dir='ltr'><strong>appellet</strong></span> <span class='ocrx_word' id='word_1_147' title='bbox 1600 2433 1872 2494; x_wconf 85' lang='lat' dir='ltr'><strong>Verbum,</strong></span> <span class='ocrx_word' id='word_1_148' title='bbox 1918 2425 2134 2479; x_wconf 82' lang='lat' dir='ltr'><strong>valeant</strong></span> 
     </span>
    </p>
   </div>
   <div class='ocr_carea' id='block_1_20' title="bbox 554 2519 2133 2615">
    <p class='ocr_par' dir='ltr' id='par_1_20' title="bbox 554 2519 2133 2615">
     <span class='ocr_line' id='line_1_20' title="bbox 554 2519 2133 2615; baseline -0.022 -13"><span class='ocrx_word' id='word_1_149' title='bbox 554 2548 635 2602; x_wconf 90' lang='lat' dir='ltr'><strong>illi</strong></span> <span class='ocrx_word' id='word_1_150' title='bbox 678 2546 768 2615; x_wconf 88' lang='lat' dir='ltr'><strong>qui</strong></span> <span class='ocrx_word' id='word_1_151' title='bbox 807 2545 980 2612; x_wconf 89' lang='lat' dir='ltr'><strong>ipsum</strong></span> <span class='ocrx_word' id='word_1_152' title='bbox 1025 2553 1132 2592; x_wconf 90' lang='lat' dir='ltr'><strong>non</strong></span> <span class='ocrx_word' id='word_1_153' title='bbox 1174 2533 1437 2594; x_wconf 83' lang='lat' dir='ltr'><strong>Verbum,</strong></span> <span class='ocrx_word' id='word_1_154' title='bbox 1471 2527 1563 2582; x_wconf 89' lang='lat' dir='ltr'><strong>sed</strong></span> <span class='ocrx_word' id='word_1_155' title='bbox 1615 2521 1772 2578; x_wconf 87' lang='lat' dir='ltr'><strong>Verbi</strong></span> <span class='ocrx_word' id='word_1_156' title='bbox 1820 2519 2133 2588; x_wconf 86' lang='lat' dir='ltr'><strong>participem</strong></span> 
     </span>
    </p>
   </div>
   <div class='ocr_carea' id='block_1_21' title="bbox 549 2637 919 2695">
    <p class='ocr_par' dir='ltr' id='par_1_21' title="bbox 549 2637 919 2695">
     <span class='ocr_line' id='line_1_21' title="bbox 549 2637 919 2695; baseline -0.03 1"><span class='ocrx_word' id='word_1_157' title='bbox 549 2654 676 2695; x_wconf 81' lang='lat' dir='ltr'><strong>esse</strong></span> <span class='ocrx_word' id='word_1_158' title='bbox 711 2637 919 2692; x_wconf 81' lang='lat' dir='ltr'><strong>volunt.</strong></span> 
     </span>
    </p>
   </div>
   <div class='ocr_carea' id='block_1_22' title="bbox 911 2744 1779 2849">
    <p class='ocr_par' dir='ltr' id='par_1_22' title="bbox 911 2744 1779 2849">
     <span class='ocr_line' id='line_1_22' title="bbox 911 2744 1779 2849; baseline -0.028 1"><span class='ocrx_word' id='word_1_159' title='bbox 911 2745 1492 2849; x_wconf 80' lang='lat' dir='ltr'><strong>ASSERTIO</strong></span> <span class='ocrx_word' id='word_1_160' title='bbox 1563 2744 1779 2832; x_wconf 80' lang='lat' dir='ltr'><strong>XX.</strong></span> 
     </span>
    </p>
   </div>
   <div class='ocr_carea' id='block_1_23' title="bbox 560 2905 1058 2986">
    <p class='ocr_par' dir='ltr' id='par_1_23' title="bbox 560 2905 1058 2986">
     <span class='ocr_line' id='line_1_23' title="bbox 560 2905 1058 2986; baseline 0 0"><span class='ocrx_word' id='word_1_161' title='bbox 560 2911 719 2986; x_wconf 65' lang='lat' dir='ltr'><strong>me</strong></span> <span class='ocrx_word' id='word_1_162' title='bbox 761 2905 1058 2986; x_wconf 45' lang='lat' dir='ltr'><strong>tuamne</strong></span> 
     </span>
    </p>
   </div>
   <div class='ocr_carea' id='block_1_24' title="bbox 625 2953 2136 3050">
    <p class='ocr_par' dir='ltr' id='par_1_24' title="bbox 625 2953 2136 3050">
     <span class='ocr_line' id='line_1_24' title="bbox 625 2953 2136 3050; baseline -0.023 -12"><span class='ocrx_word' id='word_1_163' title='bbox 625 2953 1398 3050; x_wconf 31' lang='lat' dir='ltr'><strong>“piaviridcircowetDeus</strong></span> <span class='ocrx_word' id='word_1_164' title='bbox 1423 2961 1669 3020; x_wconf 73' lang='lat' dir='ltr'><strong>exultavit</strong></span> <span class='ocrx_word' id='word_1_165' title='bbox 1697 2953 1875 3050; x_wconf 43' lang='lat' dir='ltr'><strong>impun,</strong></span> <span class='ocrx_word' id='word_1_166' title='bbox 1917 2965 1962 3008; x_wconf 84' lang='lat' dir='ltr'><strong>et</strong></span> <span class='ocrx_word' id='word_1_167' title='bbox 1993 2953 2136 3006; x_wconf 80' lang='lat' dir='ltr'><strong>dedit</strong></span> 
     </span>
    </p>
   </div>
   <div class='ocr_carea' id='block_1_25' title="bbox 625 3025 1901 3118">
    <p class='ocr_par' dir='ltr' id='par_1_25' title="bbox 625 3025 1901 3118">
     <span class='ocr_line' id='line_1_25' title="bbox 625 3025 1901 3118; baseline -0.026 -9"><span class='ocrx_word' id='word_1_168' title='bbox 625 3055 675 3109; x_wconf 82' lang='lat' dir='ltr'><strong>ei</strong></span> <span class='ocrx_word' id='word_1_169' title='bbox 707 3025 916 3113; x_wconf 53' lang='lat' dir='ltr'><strong>nronten:</strong></span> <span class='ocrx_word' id='word_1_170' title='bbox 948 3043 1086 3118; x_wconf 81' lang='lat' dir='ltr'><strong>quod</strong></span> <span class='ocrx_word' id='word_1_171' title='bbox 1114 3025 1188 3098; x_wconf 69' lang='lat' dir='ltr'><strong>est</strong></span> <span class='ocrx_word' id='word_1_172' title='bbox 1214 3053 1368 3109; x_wconf 79' lang='lat' dir='ltr'><strong>super</strong></span> <span class='ocrx_word' id='word_1_173' title='bbox 1397 3049 1546 3091; x_wconf 84' lang='lat' dir='ltr'><strong>omne</strong></span> <span class='ocrx_word' id='word_1_174' title='bbox 1569 3045 1754 3085; x_wconf 81' lang='lat' dir='ltr'><strong>nomen</strong></span> <span class='ocrx_word' id='word_1_175' title='bbox 1783 3025 1847 3079; x_wconf 70' lang='grc'><strong>⁸⁸.</strong></span> <span class='ocrx_word' id='word_1_176' title='bbox 1884 3043 1901 3076; x_wconf 75' lang='grc' dir='ltr'><strong>ι</strong></span> 
     </span>
    </p>
   </div>
   <div class='ocr_carea' id='block_1_26' title="bbox 1017 3147 1678 3225">
    <p class='ocr_par' dir='ltr' id='par_1_26' title="bbox 1017 3147 1678 3225">
     <span class='ocr_line' id='line_1_26' title="bbox 1017 3147 1678 3225; baseline -0.024 -14"><span class='ocrx_word' id='word_1_177' title='bbox 1017 3155 1249 3225; x_wconf 85' lang='lat' dir='ltr'><strong>Objectio</strong></span> <span class='ocrx_word' id='word_1_178' title='bbox 1296 3147 1678 3204; x_wconf 74' lang='lat' dir='ltr'><strong>hazreticbrum.</strong></span> 
     </span>
    </p>
   </div>
   <div class='ocr_carea' id='block_1_27' title="bbox 631 3245 2139 3343">
    <p class='ocr_par' dir='ltr' id='par_1_27' title="bbox 631 3245 2139 3343">
     <span class='ocr_line' id='line_1_27' title="bbox 631 3245 2139 3343; baseline -0.021 -12"><span class='ocrx_word' id='word_1_179' title='bbox 631 3275 908 3343; x_wconf 87' lang='lat' dir='ltr'><strong>Scriptum</strong></span> <span class='ocrx_word' id='word_1_180' title='bbox 941 3277 1045 3334; x_wconf 89' lang='lat' dir='ltr'><strong>est,</strong></span> <span class='ocrx_word' id='word_1_181' title='bbox 1081 3265 1338 3334; x_wconf 85' lang='lat' dir='ltr'><strong>inquiunt</strong></span> <span class='ocrx_word' id='word_1_182' title='bbox 1367 3278 1380 3313; x_wconf 90' lang='lat'>:</span> <span class='ocrx_word' id='word_1_183' title='bbox 1421 3276 1441 3309; x_wconf 71' lang='grc' dir='ltr'><strong>ι</strong></span> <span class='ocrx_word' id='word_1_184' title='bbox 1468 3256 1713 3324; x_wconf 81' lang='lat' dir='ltr'><strong>Cogitate</strong></span> <span class='ocrx_word' id='word_1_185' title='bbox 1739 3252 1844 3306; x_wconf 88' lang='lat' dir='ltr'><strong>hoc</strong></span> <span class='ocrx_word' id='word_1_186' title='bbox 1870 3245 2061 3318; x_wconf 84' lang='lat' dir='ltr'><strong>singuli</strong></span> <span class='ocrx_word' id='word_1_187' title='bbox 2088 3245 2139 3300; x_wconf 90' lang='lat' dir='ltr'><strong>in</strong></span> 
     </span>
    </p>
   </div>
   <div class='ocr_carea' id='block_1_28' title="bbox 559 3340 2144 3426">
    <p class='ocr_par' dir='ltr' id='par_1_28' title="bbox 559 3340 2144 3426">
     <span class='ocr_line' id='line_1_28' title="bbox 559 3340 2144 3426; baseline -0.02 -6"><span class='ocrx_word' id='word_1_188' title='bbox 559 3363 735 3426; x_wconf 73' lang='lat' dir='ltr'><strong>vobis,</strong></span> <span class='ocrx_word' id='word_1_189' title='bbox 761 3340 982 3423; x_wconf 33' lang='lat' dir='ltr'><strong>&#39;fratres,</strong></span> <span class='ocrx_word' id='word_1_190' title='bbox 1001 3353 1141 3424; x_wconf 87' lang='lat' dir='ltr'><strong>quod</strong></span> <span class='ocrx_word' id='word_1_191' title='bbox 1159 3360 1213 3406; x_wconf 93' lang='lat' dir='ltr'><strong>et</strong></span> <span class='ocrx_word' id='word_1_192' title='bbox 1242 3350 1297 3404; x_wconf 91' lang='lat' dir='ltr'><strong>in</strong></span> <span class='ocrx_word' id='word_1_193' title='bbox 1327 3346 1547 3403; x_wconf 88' lang='lat' dir='ltr'><strong>Christo</strong></span> <span class='ocrx_word' id='word_1_194' title='bbox 1566 3343 1711 3406; x_wconf 82' lang='lat' dir='ltr'><strong>Jesn,</strong></span> <span class='ocrx_word' id='word_1_195' title='bbox 1734 3340 1826 3410; x_wconf 89' lang='lat' dir='ltr'><strong>qui</strong></span> <span class='ocrx_word' id='word_1_196' title='bbox 1850 3353 1969 3392; x_wconf 91' lang='lat' dir='ltr'><strong>cum</strong></span> <span class='ocrx_word' id='word_1_197' title='bbox 2000 3343 2144 3390; x_wconf 84' lang='lat' dir='ltr'><strong>esset</strong></span> 
     </span>
    </p>
   </div>
   <div class='ocr_carea' id='block_1_29' title="bbox 565 3436 2145 3509">
    <p class='ocr_par' dir='ltr' id='par_1_29' title="bbox 565 3436 2145 3509">
     <span class='ocr_line' id='line_1_29' title="bbox 565 3436 2145 3509; baseline -0.018 -1"><span class='ocrx_word' id='word_1_198' title='bbox 565 3455 621 3509; x_wconf 78' lang='lat' dir='ltr'><strong>in</strong></span> <span class='ocrx_word' id='word_1_199' title='bbox 656 3451 828 3506; x_wconf 79' lang='lat' dir='ltr'><strong>forma</strong></span> <span class='ocrx_word' id='word_1_200' title='bbox 865 3447 981 3508; x_wconf 86' lang='lat' dir='ltr'><strong>Dei,</strong></span> <span class='ocrx_word' id='word_1_201' title='bbox 1020 3459 1125 3498; x_wconf 91' lang='lat' dir='ltr'><strong>non</strong></span> <span class='ocrx_word' id='word_1_202' title='bbox 1167 3441 1410 3509; x_wconf 78' lang='lat' dir='ltr'><strong>rapinam</strong></span> <span class='ocrx_word' id='word_1_203' title='bbox 1457 3436 1756 3489; x_wconf 85' lang='lat' dir='ltr'><strong>arbitratus</strong></span> <span class='ocrx_word' id='word_1_204' title='bbox 1801 3439 1886 3486; x_wconf 89' lang='lat' dir='ltr'><strong>est</strong></span> <span class='ocrx_word' id='word_1_205' title='bbox 1921 3443 1980 3482; x_wconf 87' lang='lat' dir='ltr'><strong>se</strong></span> <span class='ocrx_word' id='word_1_206' title='bbox 2021 3439 2145 3481; x_wconf 85' lang='lat' dir='ltr'><strong>esse</strong></span> 
     </span>
    </p>
   </div>
   <div class='ocr_carea' id='block_1_30' title="bbox 565 3516 2148 3613">
    <p class='ocr_par' dir='ltr' id='par_1_30' title="bbox 565 3516 2148 3613">
     <span class='ocr_line' id='line_1_30' title="bbox 565 3516 2148 3613; baseline -0.02 -15"><span class='ocrx_word' id='word_1_207' title='bbox 565 3541 825 3613; x_wconf 60' lang='lat' dir='ltr'><strong>aequalem</strong></span> <span class='ocrx_word' id='word_1_208' title='bbox 856 3537 1001 3600; x_wconf 86' lang='lat' dir='ltr'><strong>Deo;</strong></span> <span class='ocrx_word' id='word_1_209' title='bbox 1039 3553 1056 3585; x_wconf 76' lang='grc' dir='ltr'><strong>ι</strong></span> <span class='ocrx_word' id='word_1_210' title='bbox 1090 3544 1262 3599; x_wconf 86' lang='lat' dir='ltr'><strong>usque</strong></span> <span class='ocrx_word' id='word_1_211' title='bbox 1291 3543 1356 3583; x_wconf 88' lang='lat' dir='ltr'><strong>eo</strong></span> <span class='ocrx_word' id='word_1_212' title='bbox 1383 3542 1396 3580; x_wconf 91' lang='lat'><strong>:</strong></span> <span class='ocrx_word' id='word_1_213' title='bbox 1434 3545 1451 3578; x_wconf 78' lang='grc' dir='ltr'><strong>ι</strong></span> <span class='ocrx_word' id='word_1_214' title='bbox 1481 3524 1604 3580; x_wconf 92' lang='lat' dir='ltr'><strong>ldeo</strong></span> <span class='ocrx_word' id='word_1_215' title='bbox 1631 3533 1687 3579; x_wconf 91' lang='lat' dir='ltr'><strong>et</strong></span> <span class='ocrx_word' id='word_1_216' title='bbox 1722 3524 1861 3578; x_wconf 90' lang='lat' dir='ltr'><strong>Deus</strong></span> <span class='ocrx_word' id='word_1_217' title='bbox 1889 3516 2148 3574; x_wconf 81' lang='lat' dir='ltr'><strong>exaltavit</strong></span> 
     </span>
    </p>
   </div>
   <div class='ocr_carea' id='block_1_31' title="bbox 567 3617 2149 3696">
    <p class='ocr_par' dir='ltr' id='par_1_31' title="bbox 567 3617 2149 3696">
     <span class='ocr_line' id='line_1_31' title="bbox 567 3617 2149 3696; baseline -0.018 -7"><span class='ocrx_word' id='word_1_218' title='bbox 567 3633 742 3696; x_wconf 89' lang='lat' dir='ltr'><strong>illum,</strong></span> <span class='ocrx_word' id='word_1_219' title='bbox 771 3642 825 3685; x_wconf 90' lang='lat' dir='ltr'><strong>et</strong></span> <span class='ocrx_word' id='word_1_220' title='bbox 853 3628 1000 3682; x_wconf 90' lang='lat' dir='ltr'><strong>dedit</strong></span> <span class='ocrx_word' id='word_1_221' title='bbox 1040 3627 1088 3679; x_wconf 91' lang='lat' dir='ltr'><strong>ei</strong></span> <span class='ocrx_word' id='word_1_222' title='bbox 1135 3636 1333 3677; x_wconf 83' lang='lat' dir='ltr'><strong>nomen</strong></span> <span class='ocrx_word' id='word_1_223' title='bbox 1371 3617 1515 3686; x_wconf 82' lang='lat' dir='ltr'><strong>quod</strong></span> <span class='ocrx_word' id='word_1_224' title='bbox 1546 3626 1631 3670; x_wconf 85' lang='lat' dir='ltr'><strong>est</strong></span> <span class='ocrx_word' id='word_1_225' title='bbox 1663 3628 1824 3683; x_wconf 87' lang='lat' dir='ltr'><strong>super</strong></span> <span class='ocrx_word' id='word_1_226' title='bbox 1860 3624 2022 3665; x_wconf 90' lang='lat' dir='ltr'><strong>omne</strong></span> <span class='ocrx_word' id='word_1_227' title='bbox 2050 3621 2149 3661; x_wconf 85' lang='lat' dir='ltr'><strong>no-</strong></span> 
     </span>
    </p>
   </div>
   <div class='ocr_carea' id='block_1_32' title="bbox 569 3701 2147 3790">
    <p class='ocr_par' dir='ltr' id='par_1_32' title="bbox 569 3701 2147 3790">
     <span class='ocr_line' id='line_1_32' title="bbox 569 3701 2147 3790; baseline -0.02 -6"><span class='ocrx_word' id='word_1_228' title='bbox 569 3743 694 3784; x_wconf 88' lang='lat' dir='ltr'><strong>men</strong></span> <span class='ocrx_word' id='word_1_229' title='bbox 711 3725 780 3778; x_wconf 80' lang='lat'><strong>&quot;.</strong></span> <span class='ocrx_word' id='word_1_230' title='bbox 803 3743 821 3776; x_wconf 72' lang='grc' dir='ltr'><strong>ι</strong></span> <span class='ocrx_word' id='word_1_231' title='bbox 847 3722 904 3778; x_wconf 86' lang='lat' dir='ltr'><strong>Si</strong></span> <span class='ocrx_word' id='word_1_232' title='bbox 932 3733 1062 3790; x_wconf 75' lang='lat' dir='ltr'><strong>ergo</strong></span> <span class='ocrx_word' id='word_1_233' title='bbox 1084 3715 1353 3773; x_wconf 80' lang='lat' dir='ltr'><strong>exaltatus</strong></span> <span class='ocrx_word' id='word_1_234' title='bbox 1375 3717 1462 3765; x_wconf 90' lang='lat' dir='ltr'><strong>est</strong></span> <span class='ocrx_word' id='word_1_235' title='bbox 1490 3723 1518 3762; x_wconf 85' lang='lat' dir='ltr'><strong>a</strong></span> <span class='ocrx_word' id='word_1_236' title='bbox 1551 3706 1684 3770; x_wconf 84' lang='lat' dir='ltr'><strong>Deo,</strong></span> <span class='ocrx_word' id='word_1_237' title='bbox 1712 3713 1766 3760; x_wconf 92' lang='lat' dir='ltr'><strong>et</strong></span> <span class='ocrx_word' id='word_1_238' title='bbox 1791 3701 2147 3774; x_wconf 78' lang='lat' dir='ltr'><strong>gloriﬁcatus,</strong></span> 
     </span>
    </p>
   </div>
   <div class='ocr_carea' id='block_1_33' title="bbox 569 3800 2148 3882">
    <p class='ocr_par' dir='ltr' id='par_1_33' title="bbox 569 3800 2148 3882">
     <span class='ocr_line' id='line_1_33' title="bbox 569 3800 2148 3882; baseline -0.019 -8"><span class='ocrx_word' id='word_1_239' title='bbox 569 3833 636 3873; x_wconf 83' lang='lat' dir='ltr'><strong>ac</strong></span> <span class='ocrx_word' id='word_1_240' title='bbox 663 3814 824 3870; x_wconf 81' lang='lat' dir='ltr'><strong>veluti</strong></span> <span class='ocrx_word' id='word_1_241' title='bbox 880 3826 976 3882; x_wconf 92' lang='lat' dir='ltr'><strong>per</strong></span> <span class='ocrx_word' id='word_1_242' title='bbox 1018 3808 1248 3880; x_wconf 76' lang='lat' dir='ltr'><strong>gratiam</strong></span> <span class='ocrx_word' id='word_1_243' title='bbox 1296 3800 1502 3869; x_wconf 84' lang='lat' dir='ltr'><strong>accepit</strong></span> <span class='ocrx_word' id='word_1_244' title='bbox 1534 3810 1725 3852; x_wconf 89' lang='lat' dir='ltr'><strong>nomen</strong></span> <span class='ocrx_word' id='word_1_245' title='bbox 1777 3806 1941 3863; x_wconf 87' lang='lat' dir='ltr'><strong>super</strong></span> <span class='ocrx_word' id='word_1_246' title='bbox 1983 3802 2148 3846; x_wconf 81' lang='lat' dir='ltr'><strong>omne</strong></span> 
     </span>
    </p>
   </div>
   <div class='ocr_carea' id='block_1_34' title="bbox 570 3885 2147 3973">
    <p class='ocr_par' dir='ltr' id='par_1_34' title="bbox 570 3885 2147 3973">
     <span class='ocr_line' id='line_1_34' title="bbox 570 3885 2147 3973; baseline -0.02 -9"><span class='ocrx_word' id='word_1_247' title='bbox 570 3921 793 3971; x_wconf 86' lang='lat' dir='ltr'><strong>nomen,</strong></span> <span class='ocrx_word' id='word_1_248' title='bbox 824 3902 948 3973; x_wconf 85' lang='lat' dir='ltr'><strong>quia</strong></span> <span class='ocrx_word' id='word_1_249' title='bbox 994 3897 1298 3954; x_wconf 87' lang='lat' dir='ltr'><strong>bumiliavit</strong></span> <span class='ocrx_word' id='word_1_250' title='bbox 1323 3894 1559 3961; x_wconf 89' lang='lat' dir='ltr'><strong>seipsum</strong></span> <span class='ocrx_word' id='word_1_251' title='bbox 1582 3900 1752 3956; x_wconf 86' lang='lat' dir='ltr'><strong>usque</strong></span> <span class='ocrx_word' id='word_1_252' title='bbox 1787 3885 1852 3939; x_wconf 89' lang='lat' dir='ltr'><strong>ad</strong></span> <span class='ocrx_word' id='word_1_253' title='bbox 1887 3890 2147 3937; x_wconf 90' lang='lat' dir='ltr'><strong>mortem:</strong></span> 
     </span>
    </p>
   </div>
   <div class='ocr_carea' id='block_1_35' title="bbox 568 3970 2150 4070">
    <p class='ocr_par' dir='ltr' id='par_1_35' title="bbox 568 3970 2150 4070">
     <span class='ocr_line' id='line_1_35' title="bbox 568 3970 2150 4070; baseline -0.02 -16"><span class='ocrx_word' id='word_1_254' title='bbox 568 4013 700 4070; x_wconf 77' lang='lat' dir='ltr'><strong>ergo</strong></span> <span class='ocrx_word' id='word_1_255' title='bbox 730 3997 990 4050; x_wconf 88' lang='lat' dir='ltr'><strong>honorem</strong></span> <span class='ocrx_word' id='word_1_256' title='bbox 1019 3990 1160 4044; x_wconf 88' lang='lat' dir='ltr'><strong>hunc</strong></span> <span class='ocrx_word' id='word_1_257' title='bbox 1179 3996 1234 4043; x_wconf 91' lang='lat' dir='ltr'><strong>et</strong></span> <span class='ocrx_word' id='word_1_258' title='bbox 1257 3998 1451 4040; x_wconf 90' lang='lat' dir='ltr'><strong>nomen</strong></span> <span class='ocrx_word' id='word_1_259' title='bbox 1469 3993 1629 4050; x_wconf 88' lang='lat' dir='ltr'><strong>super</strong></span> <span class='ocrx_word' id='word_1_260' title='bbox 1644 3975 1824 4032; x_wconf 91' lang='lat' dir='ltr'><strong>omnia</strong></span> <span class='ocrx_word' id='word_1_261' title='bbox 1848 3970 2150 4026; x_wconf 88' lang='lat' dir='ltr'><strong>mercedem</strong></span> 
     </span>
    </p>
   </div>
   <div class='ocr_carea' id='block_1_36' title="bbox 572 4063 2154 4149">
    <p class='ocr_par' dir='ltr' id='par_1_36' title="bbox 572 4063 2154 4149">
     <span class='ocr_line' id='line_1_36' title="bbox 572 4063 2154 4149; baseline -0.021 -2"><span class='ocrx_word' id='word_1_262' title='bbox 572 4101 685 4147; x_wconf 81' lang='lat' dir='ltr'><strong>suae</strong></span> <span class='ocrx_word' id='word_1_263' title='bbox 715 4084 1041 4143; x_wconf 88' lang='lat' dir='ltr'><strong>humilitatis</strong></span> <span class='ocrx_word' id='word_1_264' title='bbox 1069 4079 1298 4149; x_wconf 87' lang='lat' dir='ltr'><strong>accepit,</strong></span> <span class='ocrx_word' id='word_1_265' title='bbox 1333 4090 1440 4130; x_wconf 91' lang='lat' dir='ltr'><strong>non</strong></span> <span class='ocrx_word' id='word_1_266' title='bbox 1477 4081 1670 4126; x_wconf 89' lang='lat' dir='ltr'><strong>natura</strong></span> <span class='ocrx_word' id='word_1_267' title='bbox 1714 4067 1984 4122; x_wconf 80' lang='lat' dir='ltr'><strong>exsistens</strong></span> <span class='ocrx_word' id='word_1_268' title='bbox 2013 4063 2154 4117; x_wconf 88' lang='lat' dir='ltr'><strong>Deus</strong></span> 
     </span>
    </p>
   </div>
   <div class='ocr_carea' id='block_1_37' title="bbox 573 4153 2153 4241">
    <p class='ocr_par' dir='ltr' id='par_1_37' title="bbox 573 4153 2153 4241">
     <span class='ocr_line' id='line_1_37' title="bbox 573 4153 2153 4241; baseline -0.018 -7"><span class='ocrx_word' id='word_1_269' title='bbox 573 4189 668 4235; x_wconf 86' lang='lat' dir='ltr'><strong>aut</strong></span> <span class='ocrx_word' id='word_1_270' title='bbox 697 4177 886 4241; x_wconf 85' lang='lat' dir='ltr'><strong>Filius,</strong></span> <span class='ocrx_word' id='word_1_271' title='bbox 931 4173 1026 4229; x_wconf 90' lang='lat' dir='ltr'><strong>sed</strong></span> <span class='ocrx_word' id='word_1_272' title='bbox 1074 4168 1388 4226; x_wconf 82' lang='lat' dir='ltr'><strong>accessione</strong></span> <span class='ocrx_word' id='word_1_273' title='bbox 1417 4162 1652 4235; x_wconf 87' lang='lat' dir='ltr'><strong>quadam</strong></span> <span class='ocrx_word' id='word_1_274' title='bbox 1701 4159 1752 4213; x_wconf 90' lang='lat' dir='ltr'><strong>id</strong></span> <span class='ocrx_word' id='word_1_275' title='bbox 1797 4155 2041 4211; x_wconf 75' lang='lat' dir='ltr'><strong>effectus.</strong></span> <span class='ocrx_word' id='word_1_276' title='bbox 2097 4153 2153 4206; x_wconf 85' lang='lat' dir='ltr'><strong>Id</strong></span> 
     </span>
    </p>
   </div>
   <div class='ocr_carea' id='block_1_38' title="bbox 573 4247 2152 4336">
    <p class='ocr_par' dir='ltr' id='par_1_38' title="bbox 573 4247 2152 4336">
     <span class='ocr_line' id='line_1_38' title="bbox 573 4247 2152 4336; baseline -0.019 -10"><span class='ocrx_word' id='word_1_277' title='bbox 573 4284 708 4326; x_wconf 79' lang='lat' dir='ltr'><strong>vero</strong></span> <span class='ocrx_word' id='word_1_278' title='bbox 733 4268 878 4336; x_wconf 90' lang='lat' dir='ltr'><strong>quod</strong></span> <span class='ocrx_word' id='word_1_279' title='bbox 905 4264 1207 4332; x_wconf 73' lang='lat' dir='ltr'><strong>adiectione</strong></span> <span class='ocrx_word' id='word_1_280' title='bbox 1239 4260 1418 4328; x_wconf 88' lang='lat' dir='ltr'><strong>aliqua</strong></span> <span class='ocrx_word' id='word_1_281' title='bbox 1450 4263 1590 4324; x_wconf 79' lang='lat' dir='ltr'><strong>eget,</strong></span> <span class='ocrx_word' id='word_1_282' title='bbox 1634 4247 2007 4319; x_wconf 82' lang='lat' dir='ltr'><strong>imperfectum</strong></span> <span class='ocrx_word' id='word_1_283' title='bbox 2049 4251 2152 4309; x_wconf 87' lang='lat' dir='ltr'><strong>est,</strong></span> 
     </span>
    </p>
   </div>
   <div class='ocr_carea' id='block_1_39' title="bbox 577 4342 2157 4428">
    <p class='ocr_par' dir='ltr' id='par_1_39' title="bbox 577 4342 2157 4428">
     <span class='ocr_line' id='line_1_39' title="bbox 577 4342 2157 4428; baseline -0.015 -15"><span class='ocrx_word' id='word_1_284' title='bbox 577 4371 756 4428; x_wconf 87' lang='lat' dir='ltr'><strong>neque</strong></span> <span class='ocrx_word' id='word_1_285' title='bbox 786 4357 839 4409; x_wconf 89' lang='lat' dir='ltr'><strong>in</strong></span> <span class='ocrx_word' id='word_1_286' title='bbox 873 4369 970 4408; x_wconf 89' lang='lat' dir='ltr'><strong>sua</strong></span> <span class='ocrx_word' id='word_1_287' title='bbox 1001 4360 1194 4405; x_wconf 87' lang='lat' dir='ltr'><strong>natura</strong></span> <span class='ocrx_word' id='word_1_288' title='bbox 1227 4349 1529 4403; x_wconf 89' lang='lat' dir='ltr'><strong>absolutmn</strong></span> <span class='ocrx_word' id='word_1_289' title='bbox 1560 4355 1724 4412; x_wconf 90' lang='lat' dir='ltr'><strong>atque</strong></span> <span class='ocrx_word' id='word_1_290' title='bbox 1761 4342 2070 4408; x_wconf 82' lang='lat' dir='ltr'><strong>integrum;</strong></span> <span class='ocrx_word' id='word_1_291' title='bbox 2103 4346 2157 4391; x_wconf 85' lang='lat' dir='ltr'><strong>et</strong></span> 
     </span>
    </p>
   </div>
   <div class='ocr_carea' id='block_1_40' title="bbox 580 4429 2153 4520">
    <p class='ocr_par' dir='ltr' id='par_1_40' title="bbox 580 4429 2153 4520">
     <span class='ocr_line' id='line_1_40' title="bbox 580 4429 2153 4520; baseline -0.015 -17"><span class='ocrx_word' id='word_1_292' title='bbox 580 4448 724 4520; x_wconf 85' lang='lat' dir='ltr'><strong>quod</strong></span> <span class='ocrx_word' id='word_1_293' title='bbox 752 4445 1050 4501; x_wconf 82' lang='lat' dir='ltr'><strong>exaltatum</strong></span> <span class='ocrx_word' id='word_1_294' title='bbox 1087 4438 1377 4507; x_wconf 86' lang='lat' dir='ltr'><strong>aliquando</strong></span> <span class='ocrx_word' id='word_1_295' title='bbox 1411 4435 1530 4500; x_wconf 80' lang='lat' dir='ltr'><strong>fuit,</strong></span> <span class='ocrx_word' id='word_1_296' title='bbox 1559 4445 1782 4487; x_wconf 81' lang='lat' dir='ltr'><strong>necesse</strong></span> <span class='ocrx_word' id='word_1_297' title='bbox 1807 4440 1891 4485; x_wconf 90' lang='lat' dir='ltr'><strong>est</strong></span> <span class='ocrx_word' id='word_1_298' title='bbox 1917 4446 1982 4484; x_wconf 82' lang='lat' dir='ltr'><strong>ex</strong></span> <span class='ocrx_word' id='word_1_299' title='bbox 2015 4429 2153 4482; x_wconf 83' lang='lat' dir='ltr'><strong>infe-</strong></span> 
     </span>
    </p>
   </div>
   <div class='ocr_carea' id='block_1_41' title="bbox 1098 2885 2139 2958">
    <p class='ocr_par' dir='ltr' id='par_1_41' title="bbox 1098 2885 2139 2958">
     <span class='ocr_line' id='line_1_41' title="bbox 1098 2885 2139 2958; baseline -0.022 -3"><span class='ocrx_word' id='word_1_300' title='bbox 1098 2921 1117 2955; x_wconf 78' lang='grc' dir='ltr'><strong>ι</strong></span> <span class='ocrx_word' id='word_1_301' title='bbox 1146 2897 1407 2958; x_wconf 67' lang='lat' dir='ltr'><strong>Sustinuit</strong></span> <span class='ocrx_word' id='word_1_302' title='bbox 1441 2907 1643 2948; x_wconf 84' lang='lat' dir='ltr'><strong>crucem</strong></span> <span class='ocrx_word' id='word_1_303' title='bbox 1677 2885 1970 2958; x_wconf 79' lang='lat' dir='ltr'><strong>ignominia</strong></span> <span class='ocrx_word' id='word_1_304' title='bbox 2015 2899 2139 2958; x_wconf 68' lang='lat' dir='ltr'><strong>con-</strong></span> 
     </span>
    </p>
   </div>
   <div class='ocr_carea' id='block_1_42' title="bbox 1559 357 2795 436">
    <p class='ocr_par' dir='ltr' id='par_1_42' title="bbox 1559 357 2795 436">
     <span class='ocr_line' id='line_1_42' title="bbox 1559 357 2795 436; baseline -0.022 1"><span class='ocrx_word' id='word_1_305' title='bbox 1559 383 1616 436; x_wconf 81' lang='lat' dir='ltr'><strong>S.</strong></span> <span class='ocrx_word' id='word_1_306' title='bbox 1661 373 1937 434; x_wconf 73' lang='lat' dir='ltr'><strong>CYRILLI</strong></span> <span class='ocrx_word' id='word_1_307' title='bbox 1974 362 2438 424; x_wconf 74' lang='lat' dir='ltr'><strong>ALEXANDle</strong></span> <span class='ocrx_word' id='word_1_308' title='bbox 2483 357 2795 414; x_wconf 68' lang='lat' dir='ltr'><strong>ARCHIEP.</strong></span> 
     </span>
    </p>
   </div>
   <div class='ocr_carea' id='block_1_43' title="bbox 1207 493 2184 564">
    <p class='ocr_par' dir='ltr' id='par_1_43' title="bbox 1207 493 2184 564">
     <span class='ocr_line' id='line_1_43' title="bbox 1207 493 2184 564; baseline -0.03 0"><span class='ocrx_word' id='word_1_309' title='bbox 1207 506 1434 564; x_wconf 76' lang='lat' dir='ltr'><strong>ALIUD.</strong></span> <span class='ocrx_word' id='word_1_310' title='bbox 2140 493 2184 547; x_wconf 73' lang='grc' dir='ltr'>Α</span> 
     </span>
    </p>
   </div>
   <div class='ocr_carea' id='block_1_44' title="bbox 3669 344 3782 400">
    <p class='ocr_par' dir='ltr' id='par_1_44' title="bbox 3669 344 3782 400">
     <span class='ocr_line' id='line_1_44' title="bbox 3669 344 3782 400; baseline 0.009 -1"><span class='ocrx_word' id='word_1_311' title='bbox 3669 344 3782 400; x_wconf 72' lang='lat'><strong>328</strong></span> 
     </span>
    </p>
   </div>
   <div class='ocr_carea' id='block_1_45' title="bbox 2876 471 3088 526">
    <p class='ocr_par' dir='ltr' id='par_1_45' title="bbox 2876 471 3088 526">
     <span class='ocr_line' id='line_1_45' title="bbox 2876 471 3088 526; baseline -0.005 -3"><span class='ocrx_word' id='word_1_312' title='bbox 2876 471 3088 526; x_wconf 76' lang='lat' dir='ltr'><strong>.AAAO.</strong></span> 
     </span>
    </p>
   </div>
   <div class='ocr_carea' id='block_1_46' title="bbox 2281 573 3786 663">
    <p class='ocr_par' dir='ltr' id='par_1_46' title="bbox 2281 573 3786 663">
     <span class='ocr_line' id='line_1_46' title="bbox 2281 573 3786 663; baseline -0.018 -11"><span class='ocrx_word' id='word_1_313' title='bbox 2281 597 2394 652; x_wconf 85' lang='grc' dir='ltr'>Οὑκ</span> <span class='ocrx_word' id='word_1_314' title='bbox 2422 591 2919 663; x_wconf 81' lang='grc' dir='ltr'>ἐπινομοθετήσεις,</span> <span class='ocrx_word' id='word_1_315' title='bbox 2969 578 3014 637; x_wconf 80' lang='grc' dir='ltr'><strong>ὦ</strong></span> <span class='ocrx_word' id='word_1_316' title='bbox 3061 576 3418 652; x_wconf 85' lang='grc' dir='ltr'>χριστομάχε,</span> <span class='ocrx_word' id='word_1_317' title='bbox 3453 576 3569 638; x_wconf 86' lang='grc' dir='ltr'>ταῖς</span> <span class='ocrx_word' id='word_1_318' title='bbox 3609 573 3786 637; x_wconf 79' lang='grc' dir='ltr'><strong>θείαις</strong></span> 
     </span>
    </p>
   </div>
   <div class='ocr_carea' id='block_1_47' title="bbox 2217 665 3787 764">
    <p class='ocr_par' dir='ltr' id='par_1_47' title="bbox 2217 665 3787 764">
     <span class='ocr_line' id='line_1_47' title="bbox 2217 665 3787 764; baseline -0.019 -19"><span class='ocrx_word' id='word_1_319' title='bbox 2217 692 2493 764; x_wconf 82' lang='grc' dir='ltr'>Γραφαῖς·</span> <span class='ocrx_word' id='word_1_320' title='bbox 2543 684 2650 739; x_wconf 78' lang='grc' dir='ltr'>οὐδ’</span> <span class='ocrx_word' id='word_1_321' title='bbox 2681 683 2747 736; x_wconf 84' lang='grc' dir='ltr'>ἂν</span> <span class='ocrx_word' id='word_1_322' title='bbox 2773 677 2983 749; x_wconf 82' lang='grc' dir='ltr'>γένοιτό</span> <span class='ocrx_word' id='word_1_323' title='bbox 3021 691 3106 737; x_wconf 86' lang='grc' dir='ltr'><strong>τις</strong></span> <span class='ocrx_word' id='word_1_324' title='bbox 3138 671 3355 742; x_wconf 76' lang='grc' dir='ltr'>ἔκφρων</span> <span class='ocrx_word' id='word_1_325' title='bbox 3394 665 3670 729; x_wconf 82' lang='grc' dir='ltr'>τοσοῦτον,</span> <span class='ocrx_word' id='word_1_326' title='bbox 3708 666 3787 728; x_wconf 80' lang='grc' dir='ltr'><strong>ὡς</strong></span> 
     </span>
    </p>
   </div>
   <div class='ocr_carea' id='block_1_48' title="bbox 2213 756 3788 854">
    <p class='ocr_par' dir='ltr' id='par_1_48' title="bbox 2213 756 3788 854">
     <span class='ocr_line' id='line_1_48' title="bbox 2213 756 3788 854; baseline -0.019 -17"><span class='ocrx_word' id='word_1_327' title='bbox 2213 756 2377 854; x_wconf 69' lang='grc' dir='ltr'>ἕτερά</span> <span class='ocrx_word' id='word_1_328' title='bbox 2410 780 2662 847; x_wconf 84' lang='grc' dir='ltr'>λέγοντος</span> <span class='ocrx_word' id='word_1_329' title='bbox 2689 773 2781 827; x_wconf 81' lang='grc' dir='ltr'><strong>τοῦ</strong></span> <span class='ocrx_word' id='word_1_330' title='bbox 2814 771 2958 826; x_wconf 88' lang='grc' dir='ltr'>θείου</span> <span class='ocrx_word' id='word_1_331' title='bbox 2995 765 3309 836; x_wconf 85' lang='grc' dir='ltr'>Πνεὺματος</span> <span class='ocrx_word' id='word_1_332' title='bbox 3340 759 3470 831; x_wconf 73' lang='grc' dir='ltr'>περὶ</span> <span class='ocrx_word' id='word_1_333' title='bbox 3501 756 3596 810; x_wconf 87' lang='grc' dir='ltr'><strong>τοῦ</strong></span> <span class='ocrx_word' id='word_1_334' title='bbox 3629 756 3788 819; x_wconf 84' lang='grc' dir='ltr'>Υἱοῦ,</span> 
     </span>
    </p>
   </div>
   <div class='ocr_carea' id='block_1_49' title="bbox 2213 848 3792 937">
    <p class='ocr_par' dir='ltr' id='par_1_49' title="bbox 2213 848 3792 937">
     <span class='ocr_line' id='line_1_49' title="bbox 2213 848 3792 937; baseline -0.02 -9"><span class='ocrx_word' id='word_1_335' title='bbox 2213 848 2326 937; x_wconf 75' lang='grc' dir='ltr'>τοῖς</span> <span class='ocrx_word' id='word_1_336' title='bbox 2361 874 2468 934; x_wconf 81' lang='grc' dir='ltr'>σοῖς</span> <span class='ocrx_word' id='word_1_337' title='bbox 2512 863 2793 920; x_wconf 84' lang='grc' dir='ltr'>πείθεσθαι</span> <span class='ocrx_word' id='word_1_338' title='bbox 2821 861 2992 923; x_wconf 79' lang='grc' dir='ltr'><strong>νόθοις</strong></span> <span class='ocrx_word' id='word_1_339' title='bbox 3018 857 3316 926; x_wconf 81' lang='grc' dir='ltr'>σοφίσμασι</span> <span class='ocrx_word' id='word_1_340' title='bbox 3343 850 3563 922; x_wconf 82' lang='grc' dir='ltr'>μᾶλλον,</span> <span class='ocrx_word' id='word_1_341' title='bbox 3584 849 3681 901; x_wconf 73' lang='grc' dir='ltr'><strong>καὶ</strong></span> <span class='ocrx_word' id='word_1_342' title='bbox 3713 848 3792 918; x_wconf 82' lang='grc' dir='ltr'>μὴ</span> 
     </span>
    </p>
   </div>
   <div class='ocr_carea' id='block_1_50' title="bbox 2215 940 3790 1034">
    <p class='ocr_par' dir='ltr' id='par_1_50' title="bbox 2215 940 3790 1034">
     <span class='ocr_line' id='line_1_50' title="bbox 2215 940 3790 1034; baseline -0.018 -15"><span class='ocrx_word' id='word_1_343' title='bbox 2215 965 2408 1034; x_wconf 86' lang='grc' dir='ltr'>ἐκείνῳ</span> <span class='ocrx_word' id='word_1_344' title='bbox 2454 959 2768 1032; x_wconf 79' lang='grc' dir='ltr'>προσέχειν.</span> <span class='ocrx_word' id='word_1_345' title='bbox 2831 953 3002 1021; x_wconf 80' lang='grc' dir='ltr'>Λόγον</span> <span class='ocrx_word' id='word_1_346' title='bbox 3048 943 3337 1016; x_wconf 89' lang='grc' dir='ltr'>τοιγαροῦν</span> <span class='ocrx_word' id='word_1_347' title='bbox 3391 941 3645 1010; x_wconf 80' lang='grc' dir='ltr'>ὀνομάζει</span> <span class='ocrx_word' id='word_1_348' title='bbox 3697 940 3790 992; x_wconf 83' lang='grc' dir='ltr'><strong>τὸν</strong></span> 
     </span>
    </p>
   </div>
   <div class='ocr_carea' id='block_1_51' title="bbox 2217 1029 3789 1119">
    <p class='ocr_par' dir='ltr' id='par_1_51' title="bbox 2217 1029 3789 1119">
     <span class='ocr_line' id='line_1_51' title="bbox 2217 1029 3789 1119; baseline -0.018 -11"><span class='ocrx_word' id='word_1_349' title='bbox 2217 1054 2346 1108; x_wconf 83' lang='grc' dir='ltr'>Υἱὸν</span> <span class='ocrx_word' id='word_1_350' title='bbox 2379 1029 2439 1105; x_wconf 77' lang='grc' dir='ltr'><strong>τὸ</strong></span> <span class='ocrx_word' id='word_1_351' title='bbox 2468 1029 2693 1119; x_wconf 74' lang='grc' dir='ltr'>Πνεῦμα</span> <span class='ocrx_word' id='word_1_352' title='bbox 2717 1046 2778 1099; x_wconf 83' lang='grc' dir='ltr'><strong>τὸ</strong></span> <span class='ocrx_word' id='word_1_353' title='bbox 2803 1044 2955 1112; x_wconf 75' lang='grc' dir='ltr'>ἅγιον</span> <span class='ocrx_word' id='word_1_354' title='bbox 2975 1056 2989 1071; x_wconf 91' lang='grc'><strong>·</strong></span> <span class='ocrx_word' id='word_1_355' title='bbox 3033 1038 3192 1100; x_wconf 85' lang='grc' dir='ltr'>αὑτὸς</span> <span class='ocrx_word' id='word_1_356' title='bbox 3223 1036 3280 1089; x_wconf 80' lang='grc' dir='ltr'><strong>δὲ</strong></span> <span class='ocrx_word' id='word_1_357' title='bbox 3313 1033 3373 1087; x_wconf 89' lang='grc' dir='ltr'><strong>οὑ</strong></span> <span class='ocrx_word' id='word_1_358' title='bbox 3400 1033 3570 1100; x_wconf 81' lang='grc' dir='ltr'>Λόγον</span> <span class='ocrx_word' id='word_1_359' title='bbox 3602 1029 3789 1100; x_wconf 79' lang='grc' dir='ltr'>εἰσφέ-</span> 
     </span>
    </p>
   </div>
   <div class='ocr_carea' id='block_1_52' title="bbox 2220 1121 3794 1217">
    <p class='ocr_par' dir='ltr' id='par_1_52' title="bbox 2220 1121 3794 1217">
     <span class='ocr_line' id='line_1_52' title="bbox 2220 1121 3794 1217; baseline -0.018 -18"><span class='ocrx_word' id='word_1_360' title='bbox 2220 1163 2356 1217; x_wconf 86' lang='grc' dir='ltr'>ρεις,</span> <span class='ocrx_word' id='word_1_361' title='bbox 2384 1141 2521 1196; x_wconf 84' lang='grc' dir='ltr'><strong>ἀλλά</strong></span> <span class='ocrx_word' id='word_1_362' title='bbox 2559 1141 2734 1207; x_wconf 86' lang='grc' dir='ltr'>Λόγου</span> <span class='ocrx_word' id='word_1_363' title='bbox 2770 1136 3013 1206; x_wconf 85' lang='grc' dir='ltr'>μέτοχον.</span> <span class='ocrx_word' id='word_1_364' title='bbox 3043 1129 3107 1182; x_wconf 83' lang='lat' dir='ltr'><strong>El</strong></span> <span class='ocrx_word' id='word_1_365' title='bbox 3137 1127 3245 1196; x_wconf 79' lang='grc' dir='ltr'><strong>γάρ</strong></span> <span class='ocrx_word' id='word_1_366' title='bbox 3277 1124 3366 1180; x_wconf 83' lang='grc' dir='ltr'><strong>διὰ</strong></span> <span class='ocrx_word' id='word_1_367' title='bbox 3389 1122 3550 1177; x_wconf 85' lang='grc' dir='ltr'>τοῦτο</span> <span class='ocrx_word' id='word_1_368' title='bbox 3581 1121 3794 1191; x_wconf 84' lang='grc' dir='ltr'>-κεκλῆ-</span> 
     </span>
    </p>
   </div>
   <div class='ocr_carea' id='block_1_53' title="bbox 2221 1212 3794 1302">
    <p class='ocr_par' dir='ltr' id='par_1_53' title="bbox 2221 1212 3794 1302">
     <span class='ocr_line' id='line_1_53' title="bbox 2221 1212 3794 1302; baseline -0.017 -13"><span class='ocrx_word' id='word_1_369' title='bbox 2221 1212 2342 1289; x_wconf 79' lang='grc' dir='ltr'>σθαι</span> <span class='ocrx_word' id='word_1_370' title='bbox 2393 1233 2496 1302; x_wconf 78' lang='grc' dir='ltr'><strong>φὴς</strong></span> <span class='ocrx_word' id='word_1_371' title='bbox 2545 1230 2706 1283; x_wconf 82' lang='grc' dir='ltr'>αὑτὸν</span> <span class='ocrx_word' id='word_1_372' title='bbox 2756 1227 2948 1293; x_wconf 89' lang='grc' dir='ltr'>Λόγον,</span> <span class='ocrx_word' id='word_1_373' title='bbox 3003 1221 3301 1290; x_wconf 75' lang='grc' dir='ltr'>ἐπειδήπερ</span> <span class='ocrx_word' id='word_1_374' title='bbox 3349 1216 3510 1281; x_wconf 84' lang='grc' dir='ltr'>λόγον</span> <span class='ocrx_word' id='word_1_375' title='bbox 3553 1212 3794 1274; x_wconf 78' lang='grc' dir='ltr'>ἀκούσας</span> 
     </span>
    </p>
   </div>
   <div class='ocr_carea' id='block_1_54' title="bbox 2219 1302 3792 1394">
    <p class='ocr_par' dir='ltr' id='par_1_54' title="bbox 2219 1302 3792 1394">
     <span class='ocr_line' id='line_1_54' title="bbox 2219 1302 3792 1394; baseline -0.016 -16"><span class='ocrx_word' id='word_1_376' title='bbox 2219 1322 2371 1394; x_wconf 74' lang='grc' dir='ltr'>παρὰ</span> <span class='ocrx_word' id='word_1_377' title='bbox 2402 1319 2495 1375; x_wconf 84' lang='grc' dir='ltr'><strong>τοῦ</strong></span> <span class='ocrx_word' id='word_1_378' title='bbox 2527 1319 2760 1390; x_wconf 84' lang='grc' dir='ltr'>Πατρὸς,</span> <span class='ocrx_word' id='word_1_379' title='bbox 2795 1316 2980 1368; x_wconf 79' lang='grc' dir='ltr'>τοῦτον</span> <span class='ocrx_word' id='word_1_380' title='bbox 3024 1313 3102 1374; x_wconf 86' lang='grc' dir='ltr'>εἰς</span> <span class='ocrx_word' id='word_1_381' title='bbox 3132 1305 3630 1380; x_wconf 50' lang='grc' dir='ltr'>ἡμᾶςῖξήγγειλε,</span> <span class='ocrx_word' id='word_1_382' title='bbox 3677 1302 3792 1366; x_wconf 84' lang='grc' dir='ltr'>πῶς</span> 
     </span>
    </p>
   </div>
   <div class='ocr_carea' id='block_1_55' title="bbox 2217 1393 3794 1485">
    <p class='ocr_par' dir='ltr' id='par_1_55' title="bbox 2217 1393 3794 1485">
     <span class='ocr_line' id='line_1_55' title="bbox 2217 1393 3794 1485; baseline -0.016 -16"><span class='ocrx_word' id='word_1_383' title='bbox 2217 1393 2320 1485; x_wconf 86' lang='grc' dir='ltr'><strong>οὑχ</strong></span> <span class='ocrx_word' id='word_1_384' title='bbox 2347 1412 2621 1484; x_wconf 80' lang='grc' dir='ltr'>εὑρεθήσῃ</span> <span class='ocrx_word' id='word_1_385' title='bbox 2650 1407 2831 1479; x_wconf 83' lang='grc' dir='ltr'>ληρῶν</span> <span class='ocrx_word' id='word_1_386' title='bbox 2852 1425 2866 1474; x_wconf 89' lang='grc'>;</span> <span class='ocrx_word' id='word_1_387' title='bbox 2884 1407 2945 1460; x_wconf 83' lang='grc' dir='ltr'>Ὀ</span> <span class='ocrx_word' id='word_1_388' title='bbox 2965 1404 3074 1474; x_wconf 81' lang='grc' dir='ltr'><strong>γάρ</strong></span> <span class='ocrx_word' id='word_1_389' title='bbox 3105 1399 3347 1461; x_wconf 78' lang='grc' dir='ltr'>τοιοῦτος</span> <span class='ocrx_word' id='word_1_390' title='bbox 3396 1396 3582 1450; x_wconf 81' lang='grc' dir='ltr'>οὐκέτι</span> <span class='ocrx_word' id='word_1_391' title='bbox 3623 1393 3794 1462; x_wconf 86' lang='grc' dir='ltr'>Λόγος</span> 
     </span>
    </p>
   </div>
   <div class='ocr_carea' id='block_1_56' title="bbox 2222 1482 3795 1570">
    <p class='ocr_par' dir='ltr' id='par_1_56' title="bbox 2222 1482 3795 1570">
     <span class='ocr_line' id='line_1_56' title="bbox 2222 1482 3795 1570; baseline -0.018 -7"><span class='ocrx_word' id='word_1_392' title='bbox 2222 1482 2391 1570; x_wconf 73' lang='grc' dir='ltr'>ἐστὶν,</span> <span class='ocrx_word' id='word_1_393' title='bbox 2415 1482 2579 1559; x_wconf 33' lang='grc' dir='ltr'><strong>-ἀλλὰ</strong></span> <span class='ocrx_word' id='word_1_394' title='bbox 2619 1502 2794 1570; x_wconf 89' lang='grc' dir='ltr'>Λόγου</span> <span class='ocrx_word' id='word_1_395' title='bbox 2845 1498 3096 1569; x_wconf 82' lang='grc' dir='ltr'><strong>μέτοχος·</strong></span> <span class='ocrx_word' id='word_1_396' title='bbox 3139 1493 3199 1545; x_wconf 91' lang='grc' dir='ltr'><strong>οὑ</strong></span> <span class='ocrx_word' id='word_1_397' title='bbox 3241 1489 3350 1560; x_wconf 85' lang='grc' dir='ltr'>γὰρ</span> <span class='ocrx_word' id='word_1_398' title='bbox 3384 1489 3450 1544; x_wconf 85' lang='grc' dir='ltr'><strong>ἂν</strong></span> <span class='ocrx_word' id='word_1_399' title='bbox 3485 1487 3571 1558; x_wconf 77' lang='grc' dir='ltr'><strong>εἴη</strong></span> <span class='ocrx_word' id='word_1_400' title='bbox 3601 1482 3795 1540; x_wconf 77' lang='grc' dir='ltr'>ταυτὸν</span> 
     </span>
    </p>
   </div>
   <div class='ocr_carea' id='block_1_57' title="bbox 2221 1580 3794 1669">
    <p class='ocr_par' dir='ltr' id='par_1_57' title="bbox 2221 1580 3794 1669">
     <span class='ocr_line' id='line_1_57' title="bbox 2221 1580 3794 1669; baseline -0.016 -15"><span class='ocrx_word' id='word_1_401' title='bbox 2221 1602 2299 1664; x_wconf 84' lang='grc' dir='ltr'>ὡς</span> <span class='ocrx_word' id='word_1_402' title='bbox 2331 1598 2466 1669; x_wconf 87' lang='grc' dir='ltr'>πρὸς</span> <span class='ocrx_word' id='word_1_403' title='bbox 2499 1595 2656 1650; x_wconf 80' lang='grc' dir='ltr'>ἑαυτὸ</span> <span class='ocrx_word' id='word_1_404' title='bbox 2687 1594 2749 1645; x_wconf 92' lang='grc' dir='ltr'><strong>τὸ</strong></span> <span class='ocrx_word' id='word_1_405' title='bbox 2803 1590 3024 1662; x_wconf 88' lang='grc' dir='ltr'>μέτοχόν</span> <span class='ocrx_word' id='word_1_406' title='bbox 3071 1602 3216 1648; x_wconf 87' lang='grc' dir='ltr'>τινος</span> <span class='ocrx_word' id='word_1_407' title='bbox 3267 1584 3363 1638; x_wconf 76' lang='grc' dir='ltr'>καὶ</span> <span class='ocrx_word' id='word_1_408' title='bbox 3419 1580 3794 1652; x_wconf 87' lang='grc' dir='ltr'>μετεχόμενον.</span> 
     </span>
    </p>
   </div>
   <div class='ocr_carea' id='block_1_58' title="bbox 2226 1673 3801 1764">
    <p class='ocr_par' dir='ltr' id='par_1_58' title="bbox 2226 1673 3801 1764">
     <span class='ocr_line' id='line_1_58' title="bbox 2226 1673 3801 1764; baseline -0.018 -15"><span class='ocrx_word' id='word_1_409' title='bbox 2226 1691 2350 1749; x_wconf 78' lang='grc' dir='ltr'>Οἷον</span> <span class='ocrx_word' id='word_1_410' title='bbox 2399 1692 2531 1764; x_wconf 83' lang='grc' dir='ltr'>φέρε</span> <span class='ocrx_word' id='word_1_411' title='bbox 2562 1690 2758 1752; x_wconf 82' lang='grc' dir='ltr'>εἰπεῖν,</span> <span class='ocrx_word' id='word_1_412' title='bbox 2806 1687 2839 1755; x_wconf 79' lang='grc' dir='ltr'>ἡ</span> <span class='ocrx_word' id='word_1_413' title='bbox 2876 1681 3038 1752; x_wconf 80' lang='grc' dir='ltr'>σοφία</span> <span class='ocrx_word' id='word_1_414' title='bbox 3074 1679 3210 1749; x_wconf 90' lang='grc' dir='ltr'>πρὸς</span> <span class='ocrx_word' id='word_1_415' title='bbox 3239 1678 3329 1729; x_wconf 82' lang='grc' dir='ltr'><strong>τὸν</strong></span> <span class='ocrx_word' id='word_1_416' title='bbox 3361 1674 3523 1743; x_wconf 78' lang='grc' dir='ltr'>σοφὸν</span> <span class='ocrx_word' id='word_1_417' title='bbox 3552 1673 3644 1724; x_wconf 84' lang='grc' dir='ltr'><strong>τὸν</strong></span> <span class='ocrx_word' id='word_1_418' title='bbox 3676 1684 3801 1740; x_wconf 68' lang='grc' dir='ltr'>μετι-</span> 
     </span>
    </p>
   </div>
   <div class='ocr_carea' id='block_1_59' title="bbox 2227 1761 3802 1856">
    <p class='ocr_par' dir='ltr' id='par_1_59' title="bbox 2227 1761 3802 1856">
     <span class='ocr_line' id='line_1_59' title="bbox 2227 1761 3802 1856; baseline -0.018 -17"><span class='ocrx_word' id='word_1_419' title='bbox 2227 1786 2420 1856; x_wconf 86' lang='grc' dir='ltr'>έχοντα</span> <span class='ocrx_word' id='word_1_420' title='bbox 2461 1761 2629 1849; x_wconf 53' lang='lat' dir='ltr'><strong>esca;</strong></span> <span class='ocrx_word' id='word_1_421' title='bbox 2655 1819 2668 1841; x_wconf 92' lang='lat'><strong>,</strong></span> <span class='ocrx_word' id='word_1_422' title='bbox 2705 1776 2822 1829; x_wconf 77' lang='grc' dir='ltr'>οὐδὲ</span> <span class='ocrx_word' id='word_1_423' title='bbox 2852 1776 2886 1844; x_wconf 82' lang='grc' dir='ltr'><strong>ἡ</strong></span> <span class='ocrx_word' id='word_1_424' title='bbox 2923 1767 3286 1843; x_wconf 80' lang='grc' dir='ltr'>γραμματικὴ</span> <span class='ocrx_word' id='word_1_425' title='bbox 3321 1764 3460 1835; x_wconf 88' lang='grc' dir='ltr'>πρὸς</span> <span class='ocrx_word' id='word_1_426' title='bbox 3498 1761 3589 1815; x_wconf 88' lang='grc' dir='ltr'><strong>τὸν</strong></span> <span class='ocrx_word' id='word_1_427' title='bbox 3618 1776 3802 1830; x_wconf 82' lang='grc' dir='ltr'>γραμ-</span> 
     </span>
    </p>
   </div>
   <div class='ocr_carea' id='block_1_60' title="bbox 2236 1854 3806 1947">
    <p class='ocr_par' dir='ltr' id='par_1_60' title="bbox 2236 1854 3806 1947">
     <span class='ocr_line' id='line_1_60' title="bbox 2236 1854 3806 1947; baseline -0.018 -18"><span class='ocrx_word' id='word_1_428' title='bbox 2236 1854 2461 1947; x_wconf 79' lang='grc' dir='ltr'>ματικὸν</span> <span class='ocrx_word' id='word_1_429' title='bbox 2493 1872 2582 1925; x_wconf 87' lang='grc' dir='ltr'><strong>τὸν</strong></span> <span class='ocrx_word' id='word_1_430' title='bbox 2608 1868 2905 1940; x_wconf 82' lang='grc' dir='ltr'>μετέχοντα</span> <span class='ocrx_word' id='word_1_431' title='bbox 2930 1860 3253 1930; x_wconf 84' lang='grc' dir='ltr'>αὑτῆς.Ἒτε</span> <span class='ocrx_word' id='word_1_432' title='bbox 3265 1874 3354 1928; x_wconf 88' lang='grc' dir='ltr'><strong>ρον</strong></span> <span class='ocrx_word' id='word_1_433' title='bbox 3372 1856 3478 1924; x_wconf 89' lang='grc' dir='ltr'><strong>γάρ</strong></span> <span class='ocrx_word' id='word_1_434' title='bbox 3503 1872 3555 1906; x_wconf 85' lang='grc' dir='ltr'><strong>τι</strong></span> <span class='ocrx_word' id='word_1_435' title='bbox 3577 1854 3806 1922; x_wconf 80' lang='grc' dir='ltr'>πρᾶγμα</span> 
     </span>
    </p>
   </div>
   <div class='ocr_carea' id='block_1_61' title="bbox 2221 1941 3804 2035">
    <p class='ocr_par' dir='ltr' id='par_1_61' title="bbox 2221 1941 3804 2035">
     <span class='ocr_line' id='line_1_61' title="bbox 2221 1941 3804 2035; baseline -0.02 -13"><span class='ocrx_word' id='word_1_436' title='bbox 2221 1941 2326 2021; x_wconf 73' lang='grc' dir='ltr'>’καὶ</span> <span class='ocrx_word' id='word_1_437' title='bbox 2354 1964 2540 2035; x_wconf 73' lang='grc' dir='ltr'>ἕτερόν</span> <span class='ocrx_word' id='word_1_438' title='bbox 2571 1963 2737 2014; x_wconf 82' lang='grc' dir='ltr'>ἐστιν.</span> <span class='ocrx_word' id='word_1_439' title='bbox 2779 1956 3016 2024; x_wconf 86' lang='grc' dir='ltr'>’Λνάγκη</span> <span class='ocrx_word' id='word_1_440' title='bbox 3044 1952 3222 2005; x_wconf 82' lang='grc' dir='ltr'>τοίνυν</span> <span class='ocrx_word' id='word_1_441' title='bbox 3251 1949 3285 2018; x_wconf 83' lang='grc' dir='ltr'>ἢ</span> <span class='ocrx_word' id='word_1_442' title='bbox 3318 1947 3490 2014; x_wconf 84' lang='grc' dir='ltr'>Λόγον</span> <span class='ocrx_word' id='word_1_443' title='bbox 3523 1941 3804 2014; x_wconf 82' lang='grc' dir='ltr'>ὁμολογεῖν</span> 
     </span>
    </p>
   </div>
   <div class='ocr_carea' id='block_1_62' title="bbox 2234 2033 3804 2122">
    <p class='ocr_par' dir='ltr' id='par_1_62' title="bbox 2234 2033 3804 2122">
     <span class='ocr_line' id='line_1_62' title="bbox 2234 2033 3804 2122; baseline -0.018 -10"><span class='ocrx_word' id='word_1_444' title='bbox 2234 2058 2327 2112; x_wconf 72' lang='grc' dir='ltr'>καὶ</span> <span class='ocrx_word' id='word_1_445' title='bbox 2356 2057 2416 2108; x_wconf 85' lang='grc' dir='ltr'><strong>οὑ</strong></span> <span class='ocrx_word' id='word_1_446' title='bbox 2445 2033 2617 2121; x_wconf 84' lang='grc' dir='ltr'>Λόγου</span> <span class='ocrx_word' id='word_1_447' title='bbox 2659 2050 2882 2122; x_wconf 76' lang='grc' dir='ltr'>μέτοχον</span> <span class='ocrx_word' id='word_1_448' title='bbox 2903 2063 2915 2076; x_wconf 91' lang='grc'><strong>·</strong></span> <span class='ocrx_word' id='word_1_449' title='bbox 2950 2046 2984 2116; x_wconf 84' lang='grc' dir='ltr'>ἢ</span> <span class='ocrx_word' id='word_1_450' title='bbox 3019 2046 3066 2097; x_wconf 90' lang='grc' dir='ltr'>εἰ</span> <span class='ocrx_word' id='word_1_451' title='bbox 3106 2042 3325 2114; x_wconf 76' lang='grc' dir='ltr'>μετέχει</span> <span class='ocrx_word' id='word_1_452' title='bbox 3357 2039 3528 2105; x_wconf 86' lang='grc' dir='ltr'>Λόγου</span> <span class='ocrx_word' id='word_1_453' title='bbox 3549 2076 3564 2100; x_wconf 87' lang='grc'><strong>,</strong></span> <span class='ocrx_word' id='word_1_454' title='bbox 3604 2033 3804 2104; x_wconf 80' lang='grc' dir='ltr'>μηκέτι</span> 
     </span>
    </p>
   </div>
   <div class='ocr_carea' id='block_1_63' title="bbox 2235 2122 3802 2217">
    <p class='ocr_par' dir='ltr' id='par_1_63' title="bbox 2235 2122 3802 2217">
     <span class='ocr_line' id='line_1_63' title="bbox 2235 2122 3802 2217; baseline -0.02 -13"><span class='ocrx_word' id='word_1_455' title='bbox 2235 2149 2405 2217; x_wconf 85' lang='grc' dir='ltr'>Λόγον</span> <span class='ocrx_word' id='word_1_456' title='bbox 2449 2143 2756 2214; x_wconf 80' lang='grc' dir='ltr'>ὀνομάζειν.</span> <span class='ocrx_word' id='word_1_457' title='bbox 2813 2138 3050 2207; x_wconf 79' lang='grc' dir='ltr'>Ἀναιρεῖ</span> <span class='ocrx_word' id='word_1_458' title='bbox 3090 2133 3199 2204; x_wconf 81' lang='grc' dir='ltr'><strong>γάρ</strong></span> <span class='ocrx_word' id='word_1_459' title='bbox 3245 2131 3398 2184; x_wconf 83' lang='grc' dir='ltr'>τοῦτο</span> <span class='ocrx_word' id='word_1_460' title='bbox 3441 2128 3633 2179; x_wconf 84' lang='grc' dir='ltr'>ἐκεῖνο.</span> <span class='ocrx_word' id='word_1_461' title='bbox 3689 2122 3802 2175; x_wconf 83' lang='grc' dir='ltr'>Καὶ</span> 
     </span>
    </p>
   </div>
   <div class='ocr_carea' id='block_1_64' title="bbox 2233 2212 3799 2306">
    <p class='ocr_par' dir='ltr' id='par_1_64' title="bbox 2233 2212 3799 2306">
     <span class='ocr_line' id='line_1_64' title="bbox 2233 2212 3799 2306; baseline -0.02 -14"><span class='ocrx_word' id='word_1_462' title='bbox 2233 2239 2425 2306; x_wconf 81' lang='grc' dir='ltr'>ἐκείνῳ</span> <span class='ocrx_word' id='word_1_463' title='bbox 2454 2235 2613 2288; x_wconf 86' lang='grc' dir='ltr'>τοῦτο</span> <span class='ocrx_word' id='word_1_464' title='bbox 2647 2233 2900 2304; x_wconf 78' lang='grc' dir='ltr'>μάχεται,</span> <span class='ocrx_word' id='word_1_465' title='bbox 2954 2227 3044 2280; x_wconf 74' lang='grc' dir='ltr'><strong>καὶ</strong></span> <span class='ocrx_word' id='word_1_466' title='bbox 3071 2223 3150 2276; x_wconf 82' lang='grc' dir='ltr'>δεῖ</span> <span class='ocrx_word' id='word_1_467' title='bbox 3180 2221 3388 2281; x_wconf 83' lang='grc' dir='ltr'>πάντως</span> <span class='ocrx_word' id='word_1_468' title='bbox 3419 2217 3475 2269; x_wconf 76' lang='grc' dir='ltr'><strong>ἐν</strong></span> <span class='ocrx_word' id='word_1_469' title='bbox 3499 2233 3550 2267; x_wconf 88' lang='grc' dir='ltr'><strong>τι</strong></span> <span class='ocrx_word' id='word_1_470' title='bbox 3580 2212 3690 2265; x_wconf 80' lang='grc' dir='ltr'><strong>τῶν</strong></span> <span class='ocrx_word' id='word_1_471' title='bbox 3721 2212 3799 2262; x_wconf 88' lang='grc' dir='ltr'><strong>εἰ-</strong></span> 
     </span>
    </p>
   </div>
   <div class='ocr_carea' id='block_1_65' title="bbox 2242 2302 3794 2401">
    <p class='ocr_par' dir='ltr' id='par_1_65' title="bbox 2242 2302 3794 2401">
     <span class='ocr_line' id='line_1_65' title="bbox 2242 2302 3794 2401; baseline -0.021 -16"><span class='ocrx_word' id='word_1_472' title='bbox 2242 2302 2490 2401; x_wconf 75' lang='grc' dir='ltr'>ρημένων</span> <span class='ocrx_word' id='word_1_473' title='bbox 2534 2302 2801 2394; x_wconf 80' lang='grc' dir='ltr'>ὑπάρχειν</span> <span class='ocrx_word' id='word_1_474' title='bbox 2828 2319 2919 2372; x_wconf 88' lang='grc' dir='ltr'><strong>τὸν</strong></span> <span class='ocrx_word' id='word_1_475' title='bbox 2948 2316 3076 2370; x_wconf 81' lang='grc' dir='ltr'>Υἱόν</span> <span class='ocrx_word' id='word_1_476' title='bbox 3098 2332 3110 2344; x_wconf 89' lang='grc'><strong>·</strong></span> <span class='ocrx_word' id='word_1_477' title='bbox 3141 2312 3422 2383; x_wconf 64' lang='grc' dir='ltr'>ἀμφότερα</span> <span class='ocrx_word' id='word_1_478' title='bbox 3447 2307 3502 2359; x_wconf 73' lang='grc' dir='ltr'><strong>δὲ</strong></span> <span class='ocrx_word' id='word_1_479' title='bbox 3525 2302 3794 2373; x_wconf 67' lang='grc' dir='ltr'>οὐδαμῶς.</span> 
     </span>
    </p>
   </div>
   <div class='ocr_carea' id='block_1_66' title="bbox 2238 2395 3801 2488">
    <p class='ocr_par' dir='ltr' id='par_1_66' title="bbox 2238 2395 3801 2488">
     <span class='ocr_line' id='line_1_66' title="bbox 2238 2395 3801 2488; baseline -0.019 -14"><span class='ocrx_word' id='word_1_480' title='bbox 2238 2395 2410 2488; x_wconf 77' lang='grc' dir='ltr'>Λόγον</span> <span class='ocrx_word' id='word_1_481' title='bbox 2439 2419 2496 2470; x_wconf 81' lang='grc' dir='ltr'><strong>δὲ</strong></span> <span class='ocrx_word' id='word_1_482' title='bbox 2527 2414 2689 2468; x_wconf 83' lang='grc' dir='ltr'>αὑτὸν</span> <span class='ocrx_word' id='word_1_483' title='bbox 2717 2408 3091 2482; x_wconf 80' lang='grc' dir='ltr'>όνομαζούσης</span> <span class='ocrx_word' id='word_1_484' title='bbox 3121 2406 3218 2474; x_wconf 80' lang='grc' dir='ltr'>τῆς</span> <span class='ocrx_word' id='word_1_485' title='bbox 3253 2402 3401 2464; x_wconf 84' lang='grc' dir='ltr'>θείας</span> <span class='ocrx_word' id='word_1_486' title='bbox 3434 2397 3680 2469; x_wconf 69' lang='grc' dir='ltr'>Γραιρῆς,</span> <span class='ocrx_word' id='word_1_487' title='bbox 3711 2395 3801 2463; x_wconf 66' lang='grc' dir='ltr'><strong>ιε»-</strong></span> 
     </span>
    </p>
   </div>
   <div class='ocr_carea' id='block_1_67' title="bbox 2238 2483 3807 2580">
    <p class='ocr_par' dir='ltr' id='par_1_67' title="bbox 2238 2483 3807 2580">
     <span class='ocr_line' id='line_1_67' title="bbox 2238 2483 3807 2580; baseline -0.018 -17"><span class='ocrx_word' id='word_1_488' title='bbox 2238 2508 2444 2580; x_wconf 79' lang='grc' dir='ltr'>ρῶσθαι</span> <span class='ocrx_word' id='word_1_489' title='bbox 2470 2505 2768 2578; x_wconf 80' lang='grc' dir='ltr'>φράσωμεν</span> <span class='ocrx_word' id='word_1_490' title='bbox 2793 2500 3016 2561; x_wconf 82' lang='grc' dir='ltr'>εἰκότως</span> <span class='ocrx_word' id='word_1_491' title='bbox 3043 2499 3155 2559; x_wconf 84' lang='grc' dir='ltr'>τοῖς</span> <span class='ocrx_word' id='word_1_492' title='bbox 3184 2494 3528 2564; x_wconf 70' lang='grc' dir='ltr'>εἰσφέρουσιν</span> <span class='ocrx_word' id='word_1_493' title='bbox 3563 2486 3724 2542; x_wconf 77' lang='grc' dir='ltr'>αὑτὸν</span> <span class='ocrx_word' id='word_1_494' title='bbox 3748 2483 3807 2536; x_wconf 82' lang='grc' dir='ltr'><strong>οὑ</strong></span> 
     </span>
    </p>
   </div>
   <div class='ocr_carea' id='block_1_68' title="bbox 2237 2593 3075 2670">
    <p class='ocr_par' dir='ltr' id='par_1_68' title="bbox 2237 2593 3075 2670">
     <span class='ocr_line' id='line_1_68' title="bbox 2237 2593 3075 2670; baseline -0.012 -14"><span class='ocrx_word' id='word_1_495' title='bbox 2237 2604 2432 2670; x_wconf 81' lang='grc' dir='ltr'>Λόγον,</span> <span class='ocrx_word' id='word_1_496' title='bbox 2465 2597 2602 2654; x_wconf 83' lang='grc' dir='ltr'>ἀλλὰ</span> <span class='ocrx_word' id='word_1_497' title='bbox 2626 2597 2797 2666; x_wconf 87' lang='grc' dir='ltr'>Λόγου</span> <span class='ocrx_word' id='word_1_498' title='bbox 2829 2593 3075 2665; x_wconf 79' lang='grc' dir='ltr'>μέτοχον.</span> 
     </span>
    </p>
   </div>
   <div class='ocr_carea' id='block_1_69' title="bbox 2748 2709 3308 2804">
    <p class='ocr_par' dir='ltr' id='par_1_69' title="bbox 2748 2709 3308 2804">
     <span class='ocr_line' id='line_1_69' title="bbox 2748 2709 3308 2804; baseline -0.02 0"><span class='ocrx_word' id='word_1_499' title='bbox 2748 2714 3112 2804; x_wconf 88' lang='grc' dir='ltr'>ΛΟΓΟΣ.</span> <span class='ocrx_word' id='word_1_500' title='bbox 3187 2709 3308 2796; x_wconf 84' lang='lat' dir='ltr'><strong>K&#39;.</strong></span> 
     </span>
    </p>
   </div>
   <div class='ocr_carea' id='block_1_70' title="bbox 2240 2868 3818 2946">
    <p class='ocr_par' dir='ltr' id='par_1_70' title="bbox 2240 2868 3818 2946">
     <span class='ocr_line' id='line_1_70' title="bbox 2240 2868 3818 2946; baseline -0.016 -12"><span class='ocrx_word' id='word_1_501' title='bbox 2240 2881 2344 2943; x_wconf 79' lang='grc' dir='ltr'><strong>Εἰς</strong></span> <span class='ocrx_word' id='word_1_502' title='bbox 2375 2879 2464 2944; x_wconf 86' lang='grc' dir='ltr'><strong>τὸ,</strong></span> <span class='ocrx_word' id='word_1_503' title='bbox 2495 2896 2513 2930; x_wconf 72' lang='grc' dir='ltr'><strong>ι</strong></span> <span class='ocrx_word' id='word_1_504' title='bbox 2558 2875 2852 2946; x_wconf 79' lang='grc' dir='ltr'>’Υπέμεινε</span> <span class='ocrx_word' id='word_1_505' title='bbox 2882 2872 3147 2946; x_wconf 42' lang='lat' dir='ltr'><strong>armandae</strong></span> <span class='ocrx_word' id='word_1_506' title='bbox 3183 2868 3485 2946; x_wconf 66' lang='grc' dir='ltr'>αἰσχύνης</span> <span class='ocrx_word' id='word_1_507' title='bbox 3519 2873 3818 2946; x_wconf 54' lang='grc' dir='ltr'>καταρροῖ</span> 
     </span>
    </p>
   </div>
   <div class='ocr_carea' id='block_1_71' title="bbox 2311 2926 3819 3015">
    <p class='ocr_par' dir='ltr' id='par_1_71' title="bbox 2311 2926 3819 3015">
     <span class='ocr_line' id='line_1_71' title="bbox 2311 2926 3819 3015; baseline -0.011 -13"><span class='ocrx_word' id='word_1_508' title='bbox 2311 2926 2512 3015; x_wconf 58' lang='grc' dir='ltr'><em>ἶρήὲἇξ</em></span> <span class='ocrx_word' id='word_1_509' title='bbox 2527 2987 2541 3010; x_wconf 86' lang='grc'><em>,</em></span> <span class='ocrx_word' id='word_1_510' title='bbox 2575 2926 3055 3015; x_wconf 55' lang='grc' dir='ltr'><strong>ἰέιῖἑάιδξθέὸὲ</strong></span> <span class='ocrx_word' id='word_1_511' title='bbox 3084 2941 3269 3015; x_wconf 68' lang='grc' dir='ltr'>αὺτρνς</span> <span class='ocrx_word' id='word_1_512' title='bbox 3292 2926 3686 3015; x_wconf 51' lang='grc' dir='ltr'><strong>’ὖςεερίῖεψωέγε</strong></span> <span class='ocrx_word' id='word_1_513' title='bbox 3720 2926 3819 2979; x_wconf 77' lang='grc' dir='ltr'><strong>καὶ</strong></span> 
     </span>
    </p>
   </div>
   <div class='ocr_carea' id='block_1_72' title="bbox 2311 3000 3813 3088">
    <p class='ocr_par' dir='ltr' id='par_1_72' title="bbox 2311 3000 3813 3088">
     <span class='ocr_line' id='line_1_72' title="bbox 2311 3000 3813 3088; baseline -0.018 -14"><span class='ocrx_word' id='word_1_514' title='bbox 2311 3000 2631 3088; x_wconf 54' lang='grc' dir='ltr'><strong>ἐέὰῥίῦ-ὰτο</strong></span> <span class='ocrx_word' id='word_1_515' title='bbox 2653 3015 2812 3081; x_wconf 80' lang='grc' dir='ltr'><strong>αὐτῷ</strong></span> <span class='ocrx_word' id='word_1_516' title='bbox 2837 3013 2904 3067; x_wconf 81' lang='grc' dir='ltr'>τὸ</span> <span class='ocrx_word' id='word_1_517' title='bbox 2933 3000 3119 3082; x_wconf 47' lang='grc' dir='ltr'>ὄνομα</span> <span class='ocrx_word' id='word_1_518' title='bbox 3149 3011 3212 3064; x_wconf 87' lang='grc' dir='ltr'>τὸ</span> <span class='ocrx_word' id='word_1_519' title='bbox 3242 3007 3393 3075; x_wconf 79' lang='grc' dir='ltr'>ὑπὲρ</span> <span class='ocrx_word' id='word_1_520' title='bbox 3415 3000 3551 3056; x_wconf 49' lang='grc' dir='ltr'>’πᾶν</span> <span class='ocrx_word' id='word_1_521' title='bbox 3573 3000 3779 3067; x_wconf 82' lang='grc' dir='ltr'>ὄνομα.</span> <span class='ocrx_word' id='word_1_522' title='bbox 3795 3013 3813 3046; x_wconf 74' lang='grc' dir='ltr'><strong>ι</strong></span> 
     </span>
    </p>
   </div>
   <div class='ocr_carea' id='block_1_73' title="bbox 2484 3117 3582 3194">
    <p class='ocr_par' dir='ltr' id='par_1_73' title="bbox 2484 3117 3582 3194">
     <span class='ocr_line' id='line_1_73' title="bbox 2484 3117 3582 3194; baseline -0.016 -7"><span class='ocrx_word' id='word_1_523' title='bbox 2484 3129 2803 3194; x_wconf 80' lang='grc' dir='ltr'>Ἁντίθεσις</span> <span class='ocrx_word' id='word_1_524' title='bbox 2831 3127 2910 3193; x_wconf 85' lang='grc' dir='ltr'>ὡς</span> <span class='ocrx_word' id='word_1_525' title='bbox 2930 3127 2998 3180; x_wconf 85' lang='grc' dir='ltr'>ἐκ</span> <span class='ocrx_word' id='word_1_526' title='bbox 3029 3124 3148 3179; x_wconf 85' lang='grc' dir='ltr'><strong>τῶν</strong></span> <span class='ocrx_word' id='word_1_527' title='bbox 3171 3123 3244 3177; x_wconf 83' lang='grc' dir='ltr'><strong>δι’</strong></span> <span class='ocrx_word' id='word_1_528' title='bbox 3281 3117 3582 3182; x_wconf 78' lang='grc' dir='ltr'><strong>ἐναντίας.</strong></span> 
     </span>
    </p>
   </div>
   <div class='ocr_carea' id='block_1_74' title="bbox 2319 3218 3819 3312">
    <p class='ocr_par' dir='ltr' id='par_1_74' title="bbox 2319 3218 3819 3312">
     <span class='ocr_line' id='line_1_74' title="bbox 2319 3218 3819 3312; baseline -0.02 -12"><span class='ocrx_word' id='word_1_529' title='bbox 2319 3242 2652 3312; x_wconf 80' lang='grc' dir='ltr'>Γέγραπται,</span> <span class='ocrx_word' id='word_1_530' title='bbox 2707 3238 2900 3308; x_wconf 73' lang='grc' dir='ltr'>φασίνο</span> <span class='ocrx_word' id='word_1_531' title='bbox 2939 3237 3238 3290; x_wconf 80' lang='grc' dir='ltr'>(Ἕκαστοι</span> <span class='ocrx_word' id='word_1_532' title='bbox 3271 3230 3430 3284; x_wconf 88' lang='grc' dir='ltr'>τοῦτο</span> <span class='ocrx_word' id='word_1_533' title='bbox 3478 3223 3724 3296; x_wconf 81' lang='grc' dir='ltr'>φρονεῖτε</span> <span class='ocrx_word' id='word_1_534' title='bbox 3761 3218 3819 3271; x_wconf 90' lang='grc' dir='ltr'><strong>ἐν</strong></span> 
     </span>
    </p>
   </div>
   <div class='ocr_carea' id='block_1_75' title="bbox 2251 3308 3816 3405">
    <p class='ocr_par' dir='ltr' id='par_1_75' title="bbox 2251 3308 3816 3405">
     <span class='ocr_line' id='line_1_75' title="bbox 2251 3308 3816 3405; baseline -0.019 -14"><span class='ocrx_word' id='word_1_535' title='bbox 2251 3308 2468 3405; x_wconf 56' lang='grc' dir='ltr'>ὑμῖνξὸ</span> <span class='ocrx_word' id='word_1_536' title='bbox 2503 3334 2597 3386; x_wconf 77' lang='grc' dir='ltr'><strong>καὶ</strong></span> <span class='ocrx_word' id='word_1_537' title='bbox 2640 3335 2697 3386; x_wconf 83' lang='grc' dir='ltr'><strong>ὲν</strong></span> <span class='ocrx_word' id='word_1_538' title='bbox 2728 3331 2950 3404; x_wconf 86' lang='grc' dir='ltr'>Χριστῷ</span> <span class='ocrx_word' id='word_1_539' title='bbox 3007 3325 3213 3398; x_wconf 83' lang='grc' dir='ltr'><strong>Ἰησοῦ,</strong></span> <span class='ocrx_word' id='word_1_540' title='bbox 3260 3323 3318 3387; x_wconf 82' lang='grc' dir='ltr'>ὃς</span> <span class='ocrx_word' id='word_1_541' title='bbox 3359 3323 3417 3374; x_wconf 91' lang='grc' dir='ltr'><strong>ἐν</strong></span> <span class='ocrx_word' id='word_1_542' title='bbox 3472 3317 3652 3389; x_wconf 79' lang='grc' dir='ltr'>μορφῇ</span> <span class='ocrx_word' id='word_1_543' title='bbox 3687 3308 3816 3366; x_wconf 86' lang='grc' dir='ltr'>Θεοῦ</span> 
     </span>
    </p>
   </div>
   <div class='ocr_carea' id='block_1_76' title="bbox 2251 3403 3812 3497">
    <p class='ocr_par' dir='ltr' id='par_1_76' title="bbox 2251 3403 3812 3497">
     <span class='ocr_line' id='line_1_76' title="bbox 2251 3403 3812 3497; baseline -0.016 -16"><span class='ocrx_word' id='word_1_544' title='bbox 2251 3403 2533 3497; x_wconf 79' lang='grc' dir='ltr'>ὑπάρχων,</span> <span class='ocrx_word' id='word_1_545' title='bbox 2561 3425 2658 3494; x_wconf 85' lang='grc' dir='ltr'><strong>οὐχ</strong></span> <span class='ocrx_word' id='word_1_546' title='bbox 2688 3403 2980 3496; x_wconf 83' lang='grc' dir='ltr'>ἁρπαγμὸν</span> <span class='ocrx_word' id='word_1_547' title='bbox 3013 3420 3256 3491; x_wconf 78' lang='grc' dir='ltr'>ἡγήσατο</span> <span class='ocrx_word' id='word_1_548' title='bbox 3276 3415 3336 3467; x_wconf 89' lang='grc' dir='ltr'><strong>τὸ</strong></span> <span class='ocrx_word' id='word_1_549' title='bbox 3364 3409 3504 3466; x_wconf 75' lang='grc' dir='ltr'>εἶναι</span> <span class='ocrx_word' id='word_1_550' title='bbox 3533 3411 3624 3463; x_wconf 80' lang='grc' dir='ltr'>ἴσα</span> <span class='ocrx_word' id='word_1_551' title='bbox 3645 3403 3812 3472; x_wconf 79' lang='grc' dir='ltr'><strong>Θεῷ’›</strong></span> 
     </span>
    </p>
   </div>
   <div class='ocr_carea' id='block_1_77' title="bbox 2251 3494 3823 3582">
    <p class='ocr_par' dir='ltr' id='par_1_77' title="bbox 2251 3494 3823 3582">
     <span class='ocr_line' id='line_1_77' title="bbox 2251 3494 3823 3582; baseline -0.014 -10"><span class='ocrx_word' id='word_1_552' title='bbox 2251 3494 2383 3582; x_wconf 28' lang='grc' dir='ltr'>ἕως*</span> <span class='ocrx_word' id='word_1_553' title='bbox 2406 3494 2523 3581; x_wconf 77' lang='grc' dir='ltr'>τοῦ,</span> <span class='ocrx_word' id='word_1_554' title='bbox 2581 3534 2601 3568; x_wconf 73' lang='grc' dir='ltr'><strong>ι</strong></span> <span class='ocrx_word' id='word_1_555' title='bbox 2630 3494 2848 3569; x_wconf 32' lang='grc' dir='ltr'>Διὸ-καὶ</span> <span class='ocrx_word' id='word_1_556' title='bbox 2891 3516 2920 3567; x_wconf 88' lang='grc' dir='ltr'><strong>ό</strong></span> <span class='ocrx_word' id='word_1_557' title='bbox 2960 3511 3091 3574; x_wconf 83' lang='grc' dir='ltr'>Θεὸς</span> <span class='ocrx_word' id='word_1_558' title='bbox 3124 3508 3285 3564; x_wconf 87' lang='grc' dir='ltr'>αὑτὸν</span> <span class='ocrx_word' id='word_1_559' title='bbox 3320 3501 3684 3573; x_wconf 80' lang='grc' dir='ltr'>ὑπερύψωσε,</span> <span class='ocrx_word' id='word_1_560' title='bbox 3728 3494 3823 3546; x_wconf 78' lang='grc' dir='ltr'><strong>καί</strong></span> 
     </span>
    </p>
   </div>
   <div class='ocr_carea' id='block_1_78' title="bbox 2253 3585 3823 3680">
    <p class='ocr_par' dir='ltr' id='par_1_78' title="bbox 2253 3585 3823 3680">
     <span class='ocr_line' id='line_1_78' title="bbox 2253 3585 3823 3680; baseline -0.018 -16"><span class='ocrx_word' id='word_1_561' title='bbox 2253 3608 2544 3680; x_wconf 71' lang='grc' dir='ltr'>ἐχαρίσατο</span> <span class='ocrx_word' id='word_1_562' title='bbox 2597 3607 2746 3677; x_wconf 83' lang='grc' dir='ltr'>αὑτῷ</span> <span class='ocrx_word' id='word_1_563' title='bbox 2796 3606 2967 3675; x_wconf 78' lang='grc' dir='ltr'>ὅνομα</span> <span class='ocrx_word' id='word_1_564' title='bbox 3017 3602 3080 3656; x_wconf 90' lang='grc' dir='ltr'><strong>τὸ</strong></span> <span class='ocrx_word' id='word_1_565' title='bbox 3123 3601 3266 3670; x_wconf 80' lang='grc' dir='ltr'>ὑπὲρ</span> <span class='ocrx_word' id='word_1_566' title='bbox 3316 3598 3424 3650; x_wconf 81' lang='grc' dir='ltr'>πᾶν</span> <span class='ocrx_word' id='word_1_567' title='bbox 3467 3593 3658 3662; x_wconf 74' lang='grc' dir='ltr'>ὄνομα.</span> <span class='ocrx_word' id='word_1_568' title='bbox 3697 3607 3715 3639; x_wconf 82' lang='grc'>›</span> <span class='ocrx_word' id='word_1_569' title='bbox 3761 3585 3823 3638; x_wconf 84' lang='grc' dir='ltr'><strong>Εἰ</strong></span> 
     </span>
    </p>
   </div>
   <div class='ocr_carea' id='block_1_79' title="bbox 2253 3677 3826 3771">
    <p class='ocr_par' dir='ltr' id='par_1_79' title="bbox 2253 3677 3826 3771">
     <span class='ocr_line' id='line_1_79' title="bbox 2253 3677 3826 3771; baseline -0.017 -15"><span class='ocrx_word' id='word_1_570' title='bbox 2253 3677 2431 3756; x_wconf 82' lang='grc' dir='ltr'>τοίνυν</span> <span class='ocrx_word' id='word_1_571' title='bbox 2458 3699 2646 3771; x_wconf 77' lang='grc' dir='ltr'>ὑψώθη</span> <span class='ocrx_word' id='word_1_572' title='bbox 2679 3697 2831 3771; x_wconf 82' lang='grc' dir='ltr'>παρὰ</span> <span class='ocrx_word' id='word_1_573' title='bbox 2851 3693 3130 3756; x_wconf 80' lang='grc' dir='ltr'>τοῦθεοῦ.</span> <span class='ocrx_word' id='word_1_574' title='bbox 3163 3692 3258 3745; x_wconf 77' lang='grc' dir='ltr'>καὶ</span> <span class='ocrx_word' id='word_1_575' title='bbox 3289 3684 3550 3753; x_wconf 76' lang='grc' dir='ltr'>ἐδοξάσθη</span> <span class='ocrx_word' id='word_1_576' title='bbox 3574 3723 3588 3748; x_wconf 86' lang='grc'><em>,</em></span> <span class='ocrx_word' id='word_1_577' title='bbox 3623 3679 3719 3734; x_wconf 73' lang='grc' dir='ltr'>καὶ</span> <span class='ocrx_word' id='word_1_578' title='bbox 3752 3677 3826 3740; x_wconf 82' lang='grc' dir='ltr'><strong>ὡς</strong></span> 
     </span>
    </p>
   </div>
   <div class='ocr_carea' id='block_1_80' title="bbox 2257 3770 3827 3863">
    <p class='ocr_par' dir='ltr' id='par_1_80' title="bbox 2257 3770 3827 3863">
     <span class='ocr_line' id='line_1_80' title="bbox 2257 3770 3827 3863; baseline -0.017 -16"><span class='ocrx_word' id='word_1_579' title='bbox 2257 3794 2315 3847; x_wconf 88' lang='grc' dir='ltr'><strong>ἐν</strong></span> <span class='ocrx_word' id='word_1_580' title='bbox 2343 3770 2704 3863; x_wconf 73' lang='grc' dir='ltr'>ε-χαρίσματος</span> <span class='ocrx_word' id='word_1_581' title='bbox 2744 3770 2899 3861; x_wconf 81' lang='grc' dir='ltr'>μέρει</span> <span class='ocrx_word' id='word_1_582' title='bbox 2945 3787 3070 3856; x_wconf 78' lang='grc' dir='ltr'>ἔσχε</span> <span class='ocrx_word' id='word_1_583' title='bbox 3120 3784 3181 3836; x_wconf 85' lang='grc' dir='ltr'><strong>τὸ</strong></span> <span class='ocrx_word' id='word_1_584' title='bbox 3225 3783 3396 3850; x_wconf 77' lang='grc' dir='ltr'>ὄνομα</span> <span class='ocrx_word' id='word_1_585' title='bbox 3431 3776 3492 3828; x_wconf 84' lang='grc' dir='ltr'><strong>τὸ</strong></span> <span class='ocrx_word' id='word_1_586' title='bbox 3533 3772 3676 3843; x_wconf 84' lang='grc' dir='ltr'>ὑπὲρ</span> <span class='ocrx_word' id='word_1_587' title='bbox 3719 3770 3827 3822; x_wconf 81' lang='grc' dir='ltr'><strong>πᾶν</strong></span> 
     </span>
    </p>
   </div>
   <div class='ocr_carea' id='block_1_81' title="bbox 2256 3865 3829 3954">
    <p class='ocr_par' dir='ltr' id='par_1_81' title="bbox 2256 3865 3829 3954">
     <span class='ocr_line' id='line_1_81' title="bbox 2256 3865 3829 3954; baseline -0.017 -16"><span class='ocrx_word' id='word_1_588' title='bbox 2256 3883 2446 3954; x_wconf 72' lang='grc' dir='ltr'>ὄνομα,</span> <span class='ocrx_word' id='word_1_589' title='bbox 2493 3883 2575 3936; x_wconf 84' lang='grc' dir='ltr'><strong>ὃτι</strong></span> <span class='ocrx_word' id='word_1_590' title='bbox 2620 3881 2983 3934; x_wconf 77' lang='grc' dir='ltr'>ἐταπείνωσεν</span> <span class='ocrx_word' id='word_1_591' title='bbox 3015 3875 3208 3930; x_wconf 84' lang='grc' dir='ltr'>ἐαυτὸν</span> <span class='ocrx_word' id='word_1_592' title='bbox 3245 3872 3404 3944; x_wconf 84' lang='grc' dir='ltr'>μέχρι</span> <span class='ocrx_word' id='word_1_593' title='bbox 3433 3865 3667 3921; x_wconf 83' lang='grc' dir='ltr'>θανάτου</span> <span class='ocrx_word' id='word_1_594' title='bbox 3691 3901 3706 3926; x_wconf 87' lang='grc'><em>,</em></span> <span class='ocrx_word' id='word_1_595' title='bbox 3745 3879 3829 3931; x_wconf 85' lang='grc' dir='ltr'>μι-</span> 
     </span>
    </p>
   </div>
   <div class='ocr_carea' id='block_1_82' title="bbox 2259 3952 3828 4044">
    <p class='ocr_par' dir='ltr' id='par_1_82' title="bbox 2259 3952 3828 4044">
     <span class='ocr_line' id='line_1_82' title="bbox 2259 3952 3828 4044; baseline -0.016 -17"><span class='ocrx_word' id='word_1_596' title='bbox 2259 3952 2382 4028; x_wconf 81' lang='grc' dir='ltr'>σθὸν</span> <span class='ocrx_word' id='word_1_597' title='bbox 2409 3973 2521 4044; x_wconf 73' lang='grc' dir='ltr'>ἔχει</span> <span class='ocrx_word' id='word_1_598' title='bbox 2555 3972 2654 4042; x_wconf 82' lang='grc' dir='ltr'>τῆς</span> <span class='ocrx_word' id='word_1_599' title='bbox 2680 3969 3059 4029; x_wconf 82' lang='grc' dir='ltr'>ταπεινώσεως</span> <span class='ocrx_word' id='word_1_600' title='bbox 3099 3965 3198 4032; x_wconf 81' lang='grc' dir='ltr'>τὴν</span> <span class='ocrx_word' id='word_1_601' title='bbox 3235 3960 3400 4032; x_wconf 86' lang='grc' dir='ltr'>τιμὴν</span> <span class='ocrx_word' id='word_1_602' title='bbox 3438 3956 3533 4010; x_wconf 68' lang='grc' dir='ltr'>καὶ</span> <span class='ocrx_word' id='word_1_603' title='bbox 3569 3954 3631 4007; x_wconf 88' lang='grc' dir='ltr'><strong>τὸ</strong></span> <span class='ocrx_word' id='word_1_604' title='bbox 3660 3952 3828 4019; x_wconf 78' lang='grc' dir='ltr'>ὸνομα</span> 
     </span>
    </p>
   </div>
   <div class='ocr_carea' id='block_1_83' title="bbox 2256 4042 3828 4134">
    <p class='ocr_par' dir='ltr' id='par_1_83' title="bbox 2256 4042 3828 4134">
     <span class='ocr_line' id='line_1_83' title="bbox 2256 4042 3828 4134; baseline -0.018 -15"><span class='ocrx_word' id='word_1_605' title='bbox 2256 4065 2316 4118; x_wconf 87' lang='grc' dir='ltr'><strong>τὸ</strong></span> <span class='ocrx_word' id='word_1_606' title='bbox 2362 4042 2504 4134; x_wconf 67' lang='grc' dir='ltr'>ὑπὲρ</span> <span class='ocrx_word' id='word_1_607' title='bbox 2545 4063 2756 4116; x_wconf 87' lang='grc' dir='ltr'>πάντα·</span> <span class='ocrx_word' id='word_1_608' title='bbox 2797 4060 2857 4113; x_wconf 89' lang='grc' dir='ltr'><strong>οὑ</strong></span> <span class='ocrx_word' id='word_1_609' title='bbox 2887 4058 3046 4126; x_wconf 85' lang='grc' dir='ltr'>φύσει</span> <span class='ocrx_word' id='word_1_610' title='bbox 3093 4056 3226 4117; x_wconf 86' lang='grc' dir='ltr'>Θεὸς</span> <span class='ocrx_word' id='word_1_611' title='bbox 3254 4051 3330 4104; x_wconf 81' lang='grc' dir='ltr'>ὢν</span> <span class='ocrx_word' id='word_1_612' title='bbox 3367 4051 3400 4121; x_wconf 81' lang='grc' dir='ltr'><strong>ἢ</strong></span> <span class='ocrx_word' id='word_1_613' title='bbox 3443 4046 3592 4109; x_wconf 90' lang='grc' dir='ltr'>Υἱὸς,</span> <span class='ocrx_word' id='word_1_614' title='bbox 3621 4043 3736 4097; x_wconf 79' lang='grc' dir='ltr'><strong>ἀλλ’</strong></span> <span class='ocrx_word' id='word_1_615' title='bbox 3766 4042 3828 4092; x_wconf 83' lang='grc' dir='ltr'><strong>ἐκ</strong></span> 
     </span>
    </p>
   </div>
   <div class='ocr_carea' id='block_1_84' title="bbox 2258 4132 3824 4226">
    <p class='ocr_par' dir='ltr' id='par_1_84' title="bbox 2258 4132 3824 4226">
     <span class='ocr_line' id='line_1_84' title="bbox 2258 4132 3824 4226; baseline -0.015 -19"><span class='ocrx_word' id='word_1_616' title='bbox 2258 4132 2579 4226; x_wconf 82' lang='grc' dir='ltr'>προσθήκης</span> <span class='ocrx_word' id='word_1_617' title='bbox 2606 4151 2779 4204; x_wconf 87' lang='grc' dir='ltr'>ταῦτα</span> <span class='ocrx_word' id='word_1_618' title='bbox 2811 4149 3123 4218; x_wconf 89' lang='grc' dir='ltr'>γενόμενος.</span> <span class='ocrx_word' id='word_1_619' title='bbox 3171 4144 3244 4196; x_wconf 90' lang='grc' dir='ltr'><strong>Τὸ</strong></span> <span class='ocrx_word' id='word_1_620' title='bbox 3277 4143 3333 4195; x_wconf 81' lang='grc' dir='ltr'><strong>δὲ</strong></span> <span class='ocrx_word' id='word_1_621' title='bbox 3369 4137 3688 4212; x_wconf 82' lang='grc' dir='ltr'>προσθήκης</span> <span class='ocrx_word' id='word_1_622' title='bbox 3714 4132 3824 4186; x_wconf 79' lang='grc' dir='ltr'>δεόο</span> 
     </span>
    </p>
   </div>
   <div class='ocr_carea' id='block_1_85' title="bbox 2263 4224 3830 4316">
    <p class='ocr_par' dir='ltr' id='par_1_85' title="bbox 2263 4224 3830 4316">
     <span class='ocr_line' id='line_1_85' title="bbox 2263 4224 3830 4316; baseline -0.013 -18"><span class='ocrx_word' id='word_1_623' title='bbox 2263 4224 2441 4316; x_wconf 81' lang='grc' dir='ltr'>μενον,</span> <span class='ocrx_word' id='word_1_624' title='bbox 2477 4242 2664 4304; x_wconf 83' lang='grc' dir='ltr'>ἀτελὲς</span> <span class='ocrx_word' id='word_1_625' title='bbox 2694 4241 2760 4294; x_wconf 81' lang='grc' dir='ltr'><strong>ἂν</strong></span> <span class='ocrx_word' id='word_1_626' title='bbox 2793 4238 2879 4309; x_wconf 80' lang='grc' dir='ltr'>εἴη</span> <span class='ocrx_word' id='word_1_627' title='bbox 2927 4239 3020 4291; x_wconf 73' lang='grc' dir='ltr'><strong>καὶ</strong></span> <span class='ocrx_word' id='word_1_628' title='bbox 3065 4234 3280 4297; x_wconf 79' lang='grc' dir='ltr'>ἐλλιπὲς</span> <span class='ocrx_word' id='word_1_629' title='bbox 3327 4233 3452 4285; x_wconf 87' lang='grc' dir='ltr'>ὅσον</span> <span class='ocrx_word' id='word_1_630' title='bbox 3491 4231 3569 4290; x_wconf 80' lang='grc' dir='ltr'>εἰς</span> <span class='ocrx_word' id='word_1_631' title='bbox 3618 4227 3722 4294; x_wconf 78' lang='grc' dir='ltr'><strong>τὴν</strong></span> <span class='ocrx_word' id='word_1_632' title='bbox 3749 4224 3830 4277; x_wconf 70' lang='lat' dir='ltr'><strong>ol-</strong></span> 
     </span>
    </p>
   </div>
   <div class='ocr_carea' id='block_1_86' title="bbox 2259 4317 3828 4406">
    <p class='ocr_par' dir='ltr' id='par_1_86' title="bbox 2259 4317 3828 4406">
     <span class='ocr_line' id='line_1_86' title="bbox 2259 4317 3828 4406; baseline -0.016 -14"><span class='ocrx_word' id='word_1_633' title='bbox 2259 4338 2414 4392; x_wconf 89' lang='grc' dir='ltr'>κείαν</span> <span class='ocrx_word' id='word_1_634' title='bbox 2437 4335 2615 4406; x_wconf 80' lang='grc' dir='ltr'>φύσιν.</span> <span class='ocrx_word' id='word_1_635' title='bbox 2641 4335 2752 4388; x_wconf 71' lang='grc' dir='ltr'><strong>Καὶ</strong></span> <span class='ocrx_word' id='word_1_636' title='bbox 2773 4333 2832 4386; x_wconf 91' lang='grc' dir='ltr'><strong>τὸ</strong></span> <span class='ocrx_word' id='word_1_637' title='bbox 2863 4330 2996 4402; x_wconf 79' lang='grc' dir='ltr'>ὑψοῦ</span> <span class='ocrx_word' id='word_1_638' title='bbox 3007 4329 3164 4401; x_wconf 88' lang='grc' dir='ltr'>μενόν</span> <span class='ocrx_word' id='word_1_639' title='bbox 3195 4343 3320 4390; x_wconf 86' lang='grc' dir='ltr'>που,</span> <span class='ocrx_word' id='word_1_640' title='bbox 3341 4321 3583 4378; x_wconf 86' lang='grc' dir='ltr'>κάτωθεν</span> <span class='ocrx_word' id='word_1_641' title='bbox 3610 4317 3828 4384; x_wconf 77' lang='grc' dir='ltr'>ἀνάγκη</span> 
     </span>
    </p>
   </div>
   <div class='ocr_carea' id='block_1_87' title="bbox 2260 4404 3830 4497">
    <p class='ocr_par' dir='ltr' id='par_1_87' title="bbox 2260 4404 3830 4497">
     <span class='ocr_line' id='line_1_87' title="bbox 2260 4404 3830 4497; baseline -0.015 -18"><span class='ocrx_word' id='word_1_642' title='bbox 2260 4427 2398 4497; x_wconf 76' lang='grc' dir='ltr'>πρὸς</span> <span class='ocrx_word' id='word_1_643' title='bbox 2430 4404 2586 4479; x_wconf 79' lang='grc' dir='ltr'>τοῦτο</span> <span class='ocrx_word' id='word_1_644' title='bbox 2622 4422 2977 4493; x_wconf 86' lang='grc' dir='ltr'>ἐπαίρεσθαι·</span> <span class='ocrx_word' id='word_1_645' title='bbox 3012 4419 3106 4472; x_wconf 73' lang='grc' dir='ltr'><strong>καὶ</strong></span> <span class='ocrx_word' id='word_1_646' title='bbox 3128 4417 3190 4469; x_wconf 90' lang='grc' dir='ltr'><strong>τὸ</strong></span> <span class='ocrx_word' id='word_1_647' title='bbox 3219 4415 3379 4486; x_wconf 90' lang='grc' dir='ltr'>χάριν</span> <span class='ocrx_word' id='word_1_648' title='bbox 3407 4409 3688 4480; x_wconf 86' lang='grc' dir='ltr'>δεχόμενον</span> <span class='ocrx_word' id='word_1_649' title='bbox 3719 4404 3830 4458; x_wconf 86' lang='grc' dir='ltr'>δεῖ·</span> 
     </span>
    </p>
   </div>
   <div class='ocr_carea' id='block_1_88' title="bbox 580 4495 2140 4594">
    <p class='ocr_par' dir='ltr' id='par_1_88' title="bbox 580 4495 2140 4594">
     <span class='ocr_line' id='line_1_88' title="bbox 582 4495 1527 4520; baseline -0.021 0"><span class='ocrx_word' id='word_1_650' title='bbox 582 4495 724 4520; x_wconf 67' lang='grc'><strong>’1⁷³⁷⁸⁷</strong></span> <span class='ocrx_word' id='word_1_651' title='bbox 758 4495 896 4501; x_wconf 72' lang='lat'><strong>&quot;&quot;&quot;</strong></span> <span class='ocrx_word' id='word_1_652' title='bbox 1182 4495 1196 4507; x_wconf 83' lang='grc' dir='ltr'>ι</span> <span class='ocrx_word' id='word_1_653' title='bbox 1519 4495 1527 4500; x_wconf 86' lang='grc'>,</span> 
     </span>
     <span class='ocr_line' id='line_1_89' title="bbox 580 4519 2140 4594; baseline -0.013 -1"><span class='ocrx_word' id='word_1_654' title='bbox 580 4539 726 4594; x_wconf 87' lang='lat' dir='ltr'><strong>riore</strong></span> <span class='ocrx_word' id='word_1_655' title='bbox 753 4544 895 4590; x_wconf 87' lang='lat' dir='ltr'><strong>statu</strong></span> <span class='ocrx_word' id='word_1_656' title='bbox 927 4548 992 4587; x_wconf 89' lang='lat' dir='ltr'><strong>eo</strong></span> <span class='ocrx_word' id='word_1_657' title='bbox 1017 4529 1290 4585; x_wconf 87' lang='lat' dir='ltr'><strong>sublatum</strong></span> <span class='ocrx_word' id='word_1_658' title='bbox 1317 4540 1435 4582; x_wconf 84' lang='lat' dir='ltr'><strong>esse</strong></span> <span class='ocrx_word' id='word_1_659' title='bbox 1467 4542 1481 4578; x_wconf 91' lang='lat'><strong>:</strong></span> <span class='ocrx_word' id='word_1_660' title='bbox 1514 4533 1569 4579; x_wconf 90' lang='lat' dir='ltr'><strong>et</strong></span> <span class='ocrx_word' id='word_1_661' title='bbox 1594 4522 1734 4592; x_wconf 87' lang='lat' dir='ltr'><strong>quod</strong></span> <span class='ocrx_word' id='word_1_662' title='bbox 1759 4521 1986 4590; x_wconf 75' lang='lat' dir='ltr'><strong>gratiam</strong></span> <span class='ocrx_word' id='word_1_663' title='bbox 2015 4519 2140 4572; x_wconf 38' lang='lat' dir='ltr'><strong>acci&#39;</strong></span> 
     </span>
    </p>
   </div>
   <div class='ocr_carea' id='block_1_89' title="bbox 2242 4495 3831 4594">
    <p class='ocr_par' dir='ltr' id='par_1_89' title="bbox 2268 4495 3831 4586">
     <span class='ocr_line' id='line_1_90' title="bbox 2268 4495 3831 4586; baseline -0.014 -16"><span class='ocrx_word' id='word_1_664' title='bbox 2268 4495 2389 4570; x_wconf 88' lang='grc' dir='ltr'>σθαι</span> <span class='ocrx_word' id='word_1_665' title='bbox 2417 4514 2522 4586; x_wconf 81' lang='grc' dir='ltr'><strong>χρὴ</strong></span> <span class='ocrx_word' id='word_1_666' title='bbox 2553 4514 2771 4577; x_wconf 84' lang='grc' dir='ltr'>πάντως</span> <span class='ocrx_word' id='word_1_667' title='bbox 2803 4505 2862 4566; x_wconf 75' lang='grc' dir='ltr'>οὗ</span> <span class='ocrx_word' id='word_1_668' title='bbox 2903 4511 3148 4581; x_wconf 76' lang='grc' dir='ltr'>δέχεταιο</span> <span class='ocrx_word' id='word_1_669' title='bbox 3199 4507 3293 4560; x_wconf 78' lang='grc' dir='ltr'><strong>καὶ</strong></span> <span class='ocrx_word' id='word_1_670' title='bbox 3344 4504 3406 4556; x_wconf 87' lang='grc' dir='ltr'><strong>τὸ</strong></span> <span class='ocrx_word' id='word_1_671' title='bbox 3445 4496 3704 4570; x_wconf 84' lang='grc' dir='ltr'>τιμᾶσθαι</span> <span class='ocrx_word' id='word_1_672' title='bbox 3735 4495 3831 4564; x_wconf 79' lang='grc' dir='ltr'><strong>ζη-</strong></span> 
     </span>
    </p>
   </div>
   <div class='ocr_carea' id='block_1_90' title="bbox 581 4610 2160 4702">
    <p class='ocr_par' dir='ltr' id='par_1_90' title="bbox 581 4610 2160 4702">
     <span class='ocr_line' id='line_1_91' title="bbox 581 4610 2160 4702; baseline -0.014 -19"><span class='ocrx_word' id='word_1_673' title='bbox 581 4631 685 4702; x_wconf 89' lang='lat' dir='ltr'><strong>pit,</strong></span> <span class='ocrx_word' id='word_1_674' title='bbox 729 4641 790 4682; x_wconf 90' lang='lat' dir='ltr'><strong>ea</strong></span> <span class='ocrx_word' id='word_1_675' title='bbox 846 4625 1066 4678; x_wconf 89' lang='lat' dir='ltr'><strong>omnino</strong></span> <span class='ocrx_word' id='word_1_676' title='bbox 1114 4620 1354 4689; x_wconf 77' lang='lat' dir='ltr'><strong>indigeat</strong></span> <span class='ocrx_word' id='word_1_677' title='bbox 1402 4633 1418 4671; x_wconf 90' lang='lat'><strong>:</strong></span> <span class='ocrx_word' id='word_1_678' title='bbox 1463 4625 1517 4669; x_wconf 92' lang='lat' dir='ltr'><strong>et</strong></span> <span class='ocrx_word' id='word_1_679' title='bbox 1550 4614 1639 4683; x_wconf 90' lang='lat' dir='ltr'><strong>qui</strong></span> <span class='ocrx_word' id='word_1_680' title='bbox 1690 4612 1945 4666; x_wconf 86' lang='lat' dir='ltr'><strong>honorari</strong></span> <span class='ocrx_word' id='word_1_681' title='bbox 1994 4610 2160 4679; x_wconf 90' lang='lat' dir='ltr'><strong>cupit,</strong></span> 
     </span>
    </p>
   </div>
   <div class='ocr_carea' id='block_1_91' title="bbox 583 4699 2162 4790">
    <p class='ocr_par' dir='ltr' id='par_1_91' title="bbox 583 4699 2162 4790">
     <span class='ocr_line' id='line_1_92' title="bbox 583 4699 2162 4790; baseline -0.015 -14"><span class='ocrx_word' id='word_1_682' title='bbox 583 4699 797 4790; x_wconf 78' lang='lat' dir='ltr'><strong>oportet</strong></span> <span class='ocrx_word' id='word_1_683' title='bbox 832 4724 894 4770; x_wconf 88' lang='lat' dir='ltr'><strong>ut</strong></span> <span class='ocrx_word' id='word_1_684' title='bbox 938 4714 1062 4768; x_wconf 88' lang='lat' dir='ltr'><strong>talis</strong></span> <span class='ocrx_word' id='word_1_685' title='bbox 1108 4725 1215 4765; x_wconf 90' lang='lat' dir='ltr'><strong>non</strong></span> <span class='ocrx_word' id='word_1_686' title='bbox 1250 4707 1432 4772; x_wconf 88' lang='lat' dir='ltr'><strong>luerit,</strong></span> <span class='ocrx_word' id='word_1_687' title='bbox 1479 4705 1652 4775; x_wconf 86' lang='lat' dir='ltr'><strong>qualis</strong></span> <span class='ocrx_word' id='word_1_688' title='bbox 1680 4717 1798 4758; x_wconf 89' lang='lat' dir='ltr'><strong>esse</strong></span> <span class='ocrx_word' id='word_1_689' title='bbox 1822 4701 2060 4772; x_wconf 88' lang='lat' dir='ltr'><strong>optabat.</strong></span> <span class='ocrx_word' id='word_1_690' title='bbox 2105 4699 2162 4753; x_wconf 92' lang='lat' dir='ltr'><strong>Si</strong></span> 
     </span>
    </p>
   </div>
   <div class='ocr_carea' id='block_1_92' title="bbox 584 4799 2164 4880">
    <p class='ocr_par' dir='ltr' id='par_1_92' title="bbox 584 4799 2164 4880">
     <span class='ocr_line' id='line_1_93' title="bbox 584 4799 2164 4880; baseline -0.015 -13"><span class='ocrx_word' id='word_1_691' title='bbox 584 4825 716 4880; x_wconf 77' lang='lat' dir='ltr'><strong>ergo</strong></span> <span class='ocrx_word' id='word_1_692' title='bbox 747 4811 929 4864; x_wconf 91' lang='lat' dir='ltr'><strong>datum</strong></span> <span class='ocrx_word' id='word_1_693' title='bbox 966 4814 1049 4860; x_wconf 91' lang='lat' dir='ltr'><strong>est</strong></span> <span class='ocrx_word' id='word_1_694' title='bbox 1077 4803 1152 4856; x_wconf 93' lang='lat' dir='ltr'><strong>illi</strong></span> <span class='ocrx_word' id='word_1_695' title='bbox 1183 4815 1376 4856; x_wconf 89' lang='lat' dir='ltr'><strong>nomen</strong></span> <span class='ocrx_word' id='word_1_696' title='bbox 1407 4813 1568 4867; x_wconf 91' lang='lat' dir='ltr'><strong>super</strong></span> <span class='ocrx_word' id='word_1_697' title='bbox 1590 4809 1750 4850; x_wconf 88' lang='lat' dir='ltr'><strong>omne</strong></span> <span class='ocrx_word' id='word_1_698' title='bbox 1776 4806 1990 4858; x_wconf 90' lang='lat' dir='ltr'><strong>nomen,</strong></span> <span class='ocrx_word' id='word_1_699' title='bbox 2017 4799 2164 4845; x_wconf 88' lang='lat' dir='ltr'><strong>certe</strong></span> 
     </span>
    </p>
   </div>
   <div class='ocr_carea' id='block_1_93' title="bbox 584 4884 2164 4958">
    <p class='ocr_par' dir='ltr' id='par_1_93' title="bbox 584 4884 2164 4958">
     <span class='ocr_line' id='line_1_94' title="bbox 584 4884 2164 4958; baseline -0.017 0"><span class='ocrx_word' id='word_1_700' title='bbox 584 4918 651 4958; x_wconf 79' lang='lat' dir='ltr'><strong>ex</strong></span> <span class='ocrx_word' id='word_1_701' title='bbox 685 4910 874 4955; x_wconf 88' lang='lat' dir='ltr'><strong>natura</strong></span> <span class='ocrx_word' id='word_1_702' title='bbox 901 4912 997 4950; x_wconf 86' lang='lat' dir='ltr'><strong>sua</strong></span> <span class='ocrx_word' id='word_1_703' title='bbox 1029 4896 1130 4948; x_wconf 90' lang='lat' dir='ltr'><strong>hoc</strong></span> <span class='ocrx_word' id='word_1_704' title='bbox 1167 4909 1270 4948; x_wconf 91' lang='lat' dir='ltr'><strong>non</strong></span> <span class='ocrx_word' id='word_1_705' title='bbox 1297 4898 1435 4955; x_wconf 86' lang='lat' dir='ltr'><strong>erat,</strong></span> <span class='ocrx_word' id='word_1_706' title='bbox 1481 4889 1574 4944; x_wconf 83' lang='lat' dir='ltr'><strong>sed</strong></span> <span class='ocrx_word' id='word_1_707' title='bbox 1606 4884 1886 4957; x_wconf 88' lang='lat' dir='ltr'><strong>postmodo</strong></span> <span class='ocrx_word' id='word_1_708' title='bbox 1913 4897 2008 4952; x_wconf 88' lang='lat' dir='ltr'><strong>per</strong></span> <span class='ocrx_word' id='word_1_709' title='bbox 2040 4896 2164 4950; x_wconf 79' lang='lat' dir='ltr'><strong>gra-</strong></span> 
     </span>
    </p>
   </div>
   <div class='ocr_carea' id='block_1_94' title="bbox 588 4971 2160 5050">
    <p class='ocr_par' dir='ltr' id='par_1_94' title="bbox 588 4971 2160 5050">
     <span class='ocr_line' id='line_1_95' title="bbox 588 4971 2160 5050; baseline -0.015 -1"><span class='ocrx_word' id='word_1_710' title='bbox 588 4995 716 5050; x_wconf 86' lang='lat' dir='ltr'><strong>tiam</strong></span> <span class='ocrx_word' id='word_1_711' title='bbox 747 4993 850 5046; x_wconf 89' lang='lat' dir='ltr'><strong>boc</strong></span> <span class='ocrx_word' id='word_1_712' title='bbox 885 4987 1060 5043; x_wconf 81' lang='lat' dir='ltr'><strong>factus</strong></span> <span class='ocrx_word' id='word_1_713' title='bbox 1092 4994 1194 5040; x_wconf 89' lang='lat' dir='ltr'><strong>est.</strong></span> <span class='ocrx_word' id='word_1_714' title='bbox 1239 4984 1391 5050; x_wconf 87' lang='lat' dir='ltr'><strong>Quod</strong></span> <span class='ocrx_word' id='word_1_715' title='bbox 1434 4995 1562 5036; x_wconf 81' lang='lat' dir='ltr'><strong>vero</strong></span> <span class='ocrx_word' id='word_1_716' title='bbox 1597 4980 1668 5032; x_wconf 90' lang='lat' dir='ltr'><strong>ita</strong></span> <span class='ocrx_word' id='word_1_717' title='bbox 1712 4992 1770 5032; x_wconf 94' lang='lat' dir='ltr'><strong>se</strong></span> <span class='ocrx_word' id='word_1_718' title='bbox 1803 4975 1984 5038; x_wconf 88' lang='lat' dir='ltr'><strong>habet,</strong></span> <span class='ocrx_word' id='word_1_719' title='bbox 2019 4971 2160 5026; x_wconf 88' lang='lat' dir='ltr'><strong>Deus</strong></span> 
     </span>
    </p>
   </div>
   <div class='ocr_carea' id='block_1_95' title="bbox 587 5073 1634 5150">
    <p class='ocr_par' dir='ltr' id='par_1_95' title="bbox 587 5073 1634 5150">
     <span class='ocr_line' id='line_1_96' title="bbox 587 5073 1634 5150; baseline -0.016 -10"><span class='ocrx_word' id='word_1_720' title='bbox 587 5098 708 5140; x_wconf 86' lang='lat' dir='ltr'><strong>esse</strong></span> <span class='ocrx_word' id='word_1_721' title='bbox 742 5099 845 5138; x_wconf 91' lang='lat' dir='ltr'><strong>non</strong></span> <span class='ocrx_word' id='word_1_722' title='bbox 888 5089 1101 5150; x_wconf 87' lang='lat' dir='ltr'><strong>potest:</strong></span> <span class='ocrx_word' id='word_1_723' title='bbox 1139 5090 1329 5131; x_wconf 82' lang='lat' dir='ltr'><strong>recens</strong></span> <span class='ocrx_word' id='word_1_724' title='bbox 1354 5073 1497 5129; x_wconf 88' lang='lat' dir='ltr'><strong>enim</strong></span> <span class='ocrx_word' id='word_1_725' title='bbox 1529 5077 1634 5125; x_wconf 87' lang='lat' dir='ltr'><strong>est.</strong></span> 
     </span>
    </p>
   </div>
   <div class='ocr_carea' id='block_1_96' title="bbox 899 5178 1852 5256">
    <p class='ocr_par' dir='ltr' id='par_1_96' title="bbox 899 5178 1852 5256">
     <span class='ocr_line' id='line_1_97' title="bbox 899 5178 1852 5256; baseline -0.017 -11"><span class='ocrx_word' id='word_1_726' title='bbox 899 5188 1074 5244; x_wconf 69' lang='lat' dir='ltr'><strong>Brevis</strong></span> <span class='ocrx_word' id='word_1_727' title='bbox 1106 5187 1260 5256; x_wconf 74' lang='lat' dir='ltr'><strong>hujus</strong></span> <span class='ocrx_word' id='word_1_728' title='bbox 1300 5182 1608 5254; x_wconf 72' lang='lat' dir='ltr'><strong>objectionis</strong></span> <span class='ocrx_word' id='word_1_729' title='bbox 1641 5178 1852 5233; x_wconf 73' lang='lat' dir='ltr'><strong>solutio.</strong></span> 
     </span>
    </p>
   </div>
   <div class='ocr_carea' id='block_1_97' title="bbox 659 5288 2166 5370">
    <p class='ocr_par' dir='ltr' id='par_1_97' title="bbox 659 5288 2166 5370">
     <span class='ocr_line' id='line_1_98' title="bbox 659 5288 2166 5370; baseline -0.012 -12"><span class='ocrx_word' id='word_1_730' title='bbox 659 5303 974 5370; x_wconf 86' lang='lat' dir='ltr'><strong>Qualisnam</strong></span> <span class='ocrx_word' id='word_1_731' title='bbox 1016 5315 1142 5354; x_wconf 84' lang='lat' dir='ltr'><strong>vero</strong></span> <span class='ocrx_word' id='word_1_732' title='bbox 1176 5297 1416 5352; x_wconf 88' lang='lat' dir='ltr'><strong>accessio</strong></span> <span class='ocrx_word' id='word_1_733' title='bbox 1457 5293 1679 5348; x_wconf 90' lang='lat' dir='ltr'><strong>honoris</strong></span> <span class='ocrx_word' id='word_1_734' title='bbox 1718 5291 1771 5344; x_wconf 89' lang='lat' dir='ltr'><strong>in</strong></span> <span class='ocrx_word' id='word_1_735' title='bbox 1801 5303 1866 5344; x_wconf 92' lang='lat' dir='ltr'><strong>eo</strong></span> <span class='ocrx_word' id='word_1_736' title='bbox 1909 5288 2048 5343; x_wconf 83' lang='lat' dir='ltr'><strong>facta</strong></span> <span class='ocrx_word' id='word_1_737' title='bbox 2082 5294 2166 5341; x_wconf 87' lang='lat' dir='ltr'><strong>est</strong></span> 
     </span>
    </p>
   </div>
   <div class='ocr_carea' id='block_1_98' title="bbox 591 5377 2164 5465">
    <p class='ocr_par' dir='ltr' id='par_1_98' title="bbox 591 5377 2164 5465">
     <span class='ocr_line' id='line_1_99' title="bbox 591 5377 2164 5465; baseline -0.012 -16"><span class='ocrx_word' id='word_1_738' title='bbox 591 5397 684 5465; x_wconf 90' lang='lat' dir='ltr'><strong>qni</strong></span> <span class='ocrx_word' id='word_1_739' title='bbox 714 5410 833 5448; x_wconf 91' lang='lat' dir='ltr'><strong>cum</strong></span> <span class='ocrx_word' id='word_1_740' title='bbox 859 5401 1002 5446; x_wconf 84' lang='lat' dir='ltr'><strong>esset</strong></span> <span class='ocrx_word' id='word_1_741' title='bbox 1034 5393 1087 5443; x_wconf 92' lang='lat' dir='ltr'><strong>in</strong></span> <span class='ocrx_word' id='word_1_742' title='bbox 1122 5389 1292 5442; x_wconf 78' lang='lat' dir='ltr'><strong>fortna</strong></span> <span class='ocrx_word' id='word_1_743' title='bbox 1337 5387 1448 5449; x_wconf 90' lang='lat' dir='ltr'><strong>Dei,</strong></span> <span class='ocrx_word' id='word_1_744' title='bbox 1493 5384 1634 5439; x_wconf 89' lang='lat' dir='ltr'><strong>servi</strong></span> <span class='ocrx_word' id='word_1_745' title='bbox 1673 5382 1898 5435; x_wconf 82' lang='lat' dir='ltr'><strong>formam</strong></span> <span class='ocrx_word' id='word_1_746' title='bbox 1951 5377 2164 5433; x_wconf 87' lang='lat' dir='ltr'><strong>induit?</strong></span> 
     </span>
    </p>
   </div>
   <div class='ocr_carea' id='block_1_99' title="bbox 593 5473 2164 5556">
    <p class='ocr_par' dir='ltr' id='par_1_99' title="bbox 593 5473 2164 5556">
     <span class='ocr_line' id='line_1_100' title="bbox 593 5473 2164 5556; baseline -0.013 -14"><span class='ocrx_word' id='word_1_747' title='bbox 593 5489 662 5542; x_wconf 78' lang='lat' dir='ltr'><strong>At</strong></span> <span class='ocrx_word' id='word_1_748' title='bbox 691 5487 963 5556; x_wconf 88' lang='lat' dir='ltr'><strong>quomodo</strong></span> <span class='ocrx_word' id='word_1_749' title='bbox 993 5498 1096 5536; x_wconf 86' lang='lat' dir='ltr'><strong>non</strong></span> <span class='ocrx_word' id='word_1_750' title='bbox 1118 5482 1298 5549; x_wconf 90' lang='lat' dir='ltr'><strong>potius</strong></span> <span class='ocrx_word' id='word_1_751' title='bbox 1319 5476 1622 5531; x_wconf 91' lang='lat' dir='ltr'><strong>imminutio</strong></span> <span class='ocrx_word' id='word_1_752' title='bbox 1651 5473 1873 5528; x_wconf 88' lang='lat' dir='ltr'><strong>dicenda</strong></span> <span class='ocrx_word' id='word_1_753' title='bbox 1901 5480 2004 5536; x_wconf 91' lang='lat' dir='ltr'><strong>est,</strong></span> <span class='ocrx_word' id='word_1_754' title='bbox 2041 5485 2164 5525; x_wconf 88' lang='lat' dir='ltr'><strong>cum</strong></span> 
     </span>
    </p>
   </div>
   <div class='ocr_carea' id='block_1_100' title="bbox 596 5559 2166 5641">
    <p class='ocr_par' dir='ltr' id='par_1_100' title="bbox 596 5559 2166 5641">
     <span class='ocr_line' id='line_1_101' title="bbox 596 5559 2166 5641; baseline -0.009 -15"><span class='ocrx_word' id='word_1_755' title='bbox 596 5575 783 5629; x_wconf 86' lang='lat' dir='ltr'><strong>relicto</strong></span> <span class='ocrx_word' id='word_1_756' title='bbox 837 5573 1060 5641; x_wconf 80' lang='lat' dir='ltr'><strong>majore,</strong></span> <span class='ocrx_word' id='word_1_757' title='bbox 1116 5569 1167 5622; x_wconf 89' lang='lat' dir='ltr'><strong>id</strong></span> <span class='ocrx_word' id='word_1_758' title='bbox 1222 5568 1362 5638; x_wconf 88' lang='lat' dir='ltr'><strong>quod</strong></span> <span class='ocrx_word' id='word_1_759' title='bbox 1412 5567 1589 5619; x_wconf 86' lang='lat' dir='ltr'><strong>minus</strong></span> <span class='ocrx_word' id='word_1_760' title='bbox 1644 5573 1728 5619; x_wconf 89' lang='lat' dir='ltr'><strong>est</strong></span> <span class='ocrx_word' id='word_1_761' title='bbox 1775 5559 2166 5631; x_wconf 87' lang='lat' dir='ltr'><strong>assumpserit?</strong></span> 
     </span>
    </p>
   </div>
   <div class='ocr_carea' id='block_1_101' title="bbox 670 5732 2110 5810">
    <p class='ocr_par' dir='ltr' id='par_1_101' title="bbox 670 5732 2110 5810">
     <span class='ocr_line' id='line_1_102' title="bbox 670 5732 2110 5810; baseline -0.009 -11"><span class='ocrx_word' id='word_1_762' title='bbox 670 5742 1120 5810; x_wconf 71' lang='lat' dir='ltr'><strong>“llebr.xu,2.</strong></span> <span class='ocrx_word' id='word_1_763' title='bbox 1195 5741 1240 5774; x_wconf 75' lang='grc' dir='ltr'>ι’</span> <span class='ocrx_word' id='word_1_764' title='bbox 1273 5739 1502 5808; x_wconf 81' lang='lat' dir='ltr'><strong>Philipp.</strong></span> <span class='ocrx_word' id='word_1_765' title='bbox 1535 5753 1594 5800; x_wconf 84' lang='grc' dir='ltr'>ιι,</span> <span class='ocrx_word' id='word_1_766' title='bbox 1634 5735 1687 5790; x_wconf 88' lang='lat'><strong>9.</strong></span> <span class='ocrx_word' id='word_1_767' title='bbox 1763 5732 2110 5788; x_wconf 79' lang='lat' dir='ltr'><strong>&#39;°lbid.5-9.</strong></span> 
     </span>
    </p>
   </div>
   <div class='ocr_carea' id='block_1_102' title="bbox 2264 4585 3835 4672">
    <p class='ocr_par' dir='ltr' id='par_1_102' title="bbox 2264 4585 3835 4672">
     <span class='ocr_line' id='line_1_103' title="bbox 2264 4585 3835 4672; baseline -0.017 -10"><span class='ocrx_word' id='word_1_768' title='bbox 2264 4607 2408 4672; x_wconf 80' lang='grc' dir='ltr'>τοῦν,</span> <span class='ocrx_word' id='word_1_769' title='bbox 2434 4609 2533 4660; x_wconf 87' lang='grc' dir='ltr'><strong>οὑκ</strong></span> <span class='ocrx_word' id='word_1_770' title='bbox 2560 4603 2698 4660; x_wconf 80' lang='grc' dir='ltr'>εἶναι</span> <span class='ocrx_word' id='word_1_771' title='bbox 2737 4602 2976 4658; x_wconf 85' lang='grc' dir='ltr'>τοιοῦτον</span> <span class='ocrx_word' id='word_1_772' title='bbox 3005 4603 3217 4669; x_wconf 71' lang='grc' dir='ltr'>ἀνάγκη</span> <span class='ocrx_word' id='word_1_773' title='bbox 3246 4597 3444 4665; x_wconf 84' lang='grc' dir='ltr'>λέγειν,</span> <span class='ocrx_word' id='word_1_774' title='bbox 3472 4594 3606 4661; x_wconf 82' lang='grc' dir='ltr'>ὅπερ</span> <span class='ocrx_word' id='word_1_775' title='bbox 3635 4588 3699 4658; x_wconf 81' lang='grc' dir='ltr'><strong>δὴ</strong></span> <span class='ocrx_word' id='word_1_776' title='bbox 3740 4585 3835 4638; x_wconf 73' lang='grc' dir='ltr'><strong>καὶ</strong></span> 
     </span>
    </p>
   </div>
   <div class='ocr_carea' id='block_1_103' title="bbox 2264 4677 3837 4767">
    <p class='ocr_par' dir='ltr' id='par_1_103' title="bbox 2264 4677 3837 4767">
     <span class='ocr_line' id='line_1_104' title="bbox 2264 4677 3837 4767; baseline -0.013 -18"><span class='ocrx_word' id='word_1_777' title='bbox 2264 4697 2515 4766; x_wconf 87' lang='grc' dir='ltr'>γενέσθαι</span> <span class='ocrx_word' id='word_1_778' title='bbox 2565 4696 2829 4767; x_wconf 85' lang='grc' dir='ltr'>βοὺλεται.</span> <span class='ocrx_word' id='word_1_779' title='bbox 2869 4693 2930 4745; x_wconf 80' lang='grc' dir='ltr'><strong>Εἰ</strong></span> <span class='ocrx_word' id='word_1_780' title='bbox 2957 4688 3049 4744; x_wconf 82' lang='grc' dir='ltr'><strong>οὖν</strong></span> <span class='ocrx_word' id='word_1_781' title='bbox 3084 4687 3347 4760; x_wconf 80' lang='grc' dir='ltr'>ἐχαρίσθη</span> <span class='ocrx_word' id='word_1_782' title='bbox 3378 4681 3526 4751; x_wconf 84' lang='grc' dir='ltr'>αὑτῷ</span> <span class='ocrx_word' id='word_1_783' title='bbox 3569 4679 3630 4732; x_wconf 90' lang='grc' dir='ltr'><strong>τὸ</strong></span> <span class='ocrx_word' id='word_1_784' title='bbox 3668 4677 3837 4744; x_wconf 74' lang='grc' dir='ltr'>ὄνομα</span> 
     </span>
    </p>
   </div>
   <div class='ocr_carea' id='block_1_104' title="bbox 2268 4768 3837 4858">
    <p class='ocr_par' dir='ltr' id='par_1_104' title="bbox 2268 4768 3837 4858">
     <span class='ocr_line' id='line_1_105' title="bbox 2268 4768 3837 4858; baseline -0.016 -16"><span class='ocrx_word' id='word_1_785' title='bbox 2268 4789 2328 4842; x_wconf 85' lang='grc' dir='ltr'><strong>τὸ</strong></span> <span class='ocrx_word' id='word_1_786' title='bbox 2355 4789 2494 4858; x_wconf 85' lang='grc' dir='ltr'>ὑπὲρ</span> <span class='ocrx_word' id='word_1_787' title='bbox 2525 4789 2634 4840; x_wconf 81' lang='grc' dir='ltr'><strong>πᾶν</strong></span> <span class='ocrx_word' id='word_1_788' title='bbox 2661 4786 2854 4855; x_wconf 77' lang='grc' dir='ltr'>ὅνομα,</span> <span class='ocrx_word' id='word_1_789' title='bbox 2894 4782 3054 4853; x_wconf 79' lang='grc' dir='ltr'>φύσει</span> <span class='ocrx_word' id='word_1_790' title='bbox 3084 4780 3183 4851; x_wconf 81' lang='grc' dir='ltr'><strong>μὲν</strong></span> <span class='ocrx_word' id='word_1_791' title='bbox 3211 4777 3370 4832; x_wconf 85' lang='grc' dir='ltr'>τοῦτο</span> <span class='ocrx_word' id='word_1_792' title='bbox 3395 4774 3495 4827; x_wconf 88' lang='grc' dir='ltr'><strong>οὑκ</strong></span> <span class='ocrx_word' id='word_1_793' title='bbox 3522 4768 3610 4842; x_wconf 73' lang='grc' dir='ltr'>ἦν,</span> <span class='ocrx_word' id='word_1_794' title='bbox 3644 4768 3837 4836; x_wconf 80' lang='grc' dir='ltr'>γέγονε</span> 
     </span>
    </p>
   </div>
   <div class='ocr_carea' id='block_1_105' title="bbox 2267 4855 3840 4950">
    <p class='ocr_par' dir='ltr' id='par_1_105' title="bbox 2267 4855 3840 4950">
     <span class='ocr_line' id='line_1_106' title="bbox 2267 4855 3840 4950; baseline -0.016 -17"><span class='ocrx_word' id='word_1_795' title='bbox 2267 4881 2324 4933; x_wconf 80' lang='grc' dir='ltr'>δὲ</span> <span class='ocrx_word' id='word_1_796' title='bbox 2359 4881 2586 4950; x_wconf 75' lang='grc' dir='ltr'>ὕστερον</span> <span class='ocrx_word' id='word_1_797' title='bbox 2616 4877 2756 4930; x_wconf 79' lang='grc' dir='ltr'>κατὰ</span> <span class='ocrx_word' id='word_1_798' title='bbox 2807 4874 2966 4945; x_wconf 85' lang='grc' dir='ltr'>χάριν</span> <span class='ocrx_word' id='word_1_799' title='bbox 2991 4890 3005 4904; x_wconf 70' lang='grc'><strong>⁸</strong></span> <span class='ocrx_word' id='word_1_800' title='bbox 3040 4873 3102 4925; x_wconf 88' lang='grc' dir='ltr'><strong>τὸ</strong></span> <span class='ocrx_word' id='word_1_801' title='bbox 3143 4871 3200 4923; x_wconf 80' lang='grc' dir='ltr'><strong>δὲ</strong></span> <span class='ocrx_word' id='word_1_802' title='bbox 3238 4867 3412 4930; x_wconf 75' lang='grc' dir='ltr'>οὕτως</span> <span class='ocrx_word' id='word_1_803' title='bbox 3445 4863 3588 4934; x_wconf 74' lang='grc' dir='ltr'>ἔχον,</span> <span class='ocrx_word' id='word_1_804' title='bbox 3630 4860 3728 4914; x_wconf 88' lang='grc' dir='ltr'><strong>οὑκ</strong></span> <span class='ocrx_word' id='word_1_805' title='bbox 3774 4855 3840 4909; x_wconf 80' lang='grc' dir='ltr'>ἂν</span> 
     </span>
    </p>
   </div>
   <div class='ocr_carea' id='block_1_106' title="bbox 2267 4965 3044 5042">
    <p class='ocr_par' dir='ltr' id='par_1_106' title="bbox 2267 4965 3044 5042">
     <span class='ocr_line' id='line_1_107' title="bbox 2267 4965 3044 5042; baseline -0.012 -18"><span class='ocrx_word' id='word_1_806' title='bbox 2267 4972 2354 5042; x_wconf 80' lang='grc' dir='ltr'>εἴη</span> <span class='ocrx_word' id='word_1_807' title='bbox 2381 4971 2512 5033; x_wconf 80' lang='grc' dir='ltr'>Θεὸς</span> <span class='ocrx_word' id='word_1_808' title='bbox 2530 5008 2543 5032; x_wconf 91' lang='grc'>,</span> <span class='ocrx_word' id='word_1_809' title='bbox 2571 4968 2884 5038; x_wconf 78' lang='grc' dir='ltr'>πρόσφατον</span> <span class='ocrx_word' id='word_1_810' title='bbox 2917 4965 3044 5034; x_wconf 91' lang='grc' dir='ltr'>γάρ.</span> 
     </span>
    </p>
   </div>
   <div class='ocr_carea' id='block_1_107' title="bbox 2379 5149 3739 5240">
    <p class='ocr_par' dir='ltr' id='par_1_107' title="bbox 2379 5149 3739 5240">
     <span class='ocr_line' id='line_1_108' title="bbox 2379 5149 3739 5240; baseline -0.002 -15"><span class='ocrx_word' id='word_1_811' title='bbox 2379 5172 2532 5240; x_wconf 75' lang='grc' dir='ltr'>Πρὸς</span> <span class='ocrx_word' id='word_1_812' title='bbox 2574 5169 2758 5224; x_wconf 83' lang='grc' dir='ltr'>ταῦτα</span> <span class='ocrx_word' id='word_1_813' title='bbox 2787 5169 2968 5233; x_wconf 80' lang='grc' dir='ltr'>λύσις</span> <span class='ocrx_word' id='word_1_814' title='bbox 3005 5163 3226 5234; x_wconf 67' lang='grc' dir='ltr'><strong>ἐφεξῆς</strong></span> <span class='ocrx_word' id='word_1_815' title='bbox 3257 5159 3336 5224; x_wconf 82' lang='grc' dir='ltr'><strong>ὡς</strong></span> <span class='ocrx_word' id='word_1_816' title='bbox 3363 5158 3432 5209; x_wconf 76' lang='grc' dir='ltr'>έν</span> <span class='ocrx_word' id='word_1_817' title='bbox 3463 5149 3739 5221; x_wconf 66' lang='grc' dir='ltr'><strong>ἐπιτομῇ·</strong></span> 
     </span>
    </p>
   </div>
   <div class='ocr_carea' id='block_1_108' title="bbox 2342 5258 3839 5354">
    <p class='ocr_par' dir='ltr' id='par_1_108' title="bbox 2342 5258 3839 5354">
     <span class='ocr_line' id='line_1_109' title="bbox 2342 5258 3839 5354; baseline -0.021 -15"><span class='ocrx_word' id='word_1_818' title='bbox 2342 5287 2452 5338; x_wconf 75' lang='grc' dir='ltr'><strong>Καὶ</strong></span> <span class='ocrx_word' id='word_1_819' title='bbox 2484 5283 2610 5338; x_wconf 85' lang='grc' dir='ltr'>ποία</span> <span class='ocrx_word' id='word_1_820' title='bbox 2636 5283 2824 5354; x_wconf 86' lang='grc' dir='ltr'>γέγονε</span> <span class='ocrx_word' id='word_1_821' title='bbox 2851 5279 3139 5351; x_wconf 81' lang='grc' dir='ltr'>προσθήκη</span> <span class='ocrx_word' id='word_1_822' title='bbox 3165 5273 3327 5344; x_wconf 79' lang='grc' dir='ltr'>τιμῆς</span> <span class='ocrx_word' id='word_1_823' title='bbox 3360 5266 3437 5338; x_wconf 76' lang='grc' dir='ltr'>τῷ</span> <span class='ocrx_word' id='word_1_824' title='bbox 3460 5269 3516 5318; x_wconf 79' lang='grc' dir='ltr'><strong>ὲν</strong></span> <span class='ocrx_word' id='word_1_825' title='bbox 3539 5264 3724 5336; x_wconf 68' lang='grc' dir='ltr'>μορφῇ</span> <span class='ocrx_word' id='word_1_826' title='bbox 3750 5258 3839 5331; x_wconf 75' lang='grc' dir='ltr'>μὲν</span> 
     </span>
    </p>
   </div>
   <div class='ocr_carea' id='block_1_109' title="bbox 2273 5353 3845 5445">
    <p class='ocr_par' dir='ltr' id='par_1_109' title="bbox 2273 5353 3845 5445">
     <span class='ocr_line' id='line_1_110' title="bbox 2273 5353 3845 5445; baseline -0.017 -18"><span class='ocrx_word' id='word_1_827' title='bbox 2273 5375 2571 5445; x_wconf 84' lang='grc' dir='ltr'>ὑπάρχοντι</span> <span class='ocrx_word' id='word_1_828' title='bbox 2598 5373 2754 5436; x_wconf 86' lang='grc' dir='ltr'>Θεοῦ,</span> <span class='ocrx_word' id='word_1_829' title='bbox 2783 5368 3128 5438; x_wconf 79' lang='grc' dir='ltr'>ἐνδυσαμένῳ</span> <span class='ocrx_word' id='word_1_830' title='bbox 3154 5365 3210 5416; x_wconf 76' lang='grc' dir='ltr'><strong>δὲ</strong></span> <span class='ocrx_word' id='word_1_831' title='bbox 3243 5362 3340 5432; x_wconf 81' lang='grc' dir='ltr'>τὴν</span> <span class='ocrx_word' id='word_1_832' title='bbox 3368 5356 3461 5410; x_wconf 83' lang='grc' dir='ltr'><strong>τοῦ</strong></span> <span class='ocrx_word' id='word_1_833' title='bbox 3496 5353 3688 5408; x_wconf 77' lang='grc' dir='ltr'>δούλου</span> <span class='ocrx_word' id='word_1_834' title='bbox 3717 5364 3845 5418; x_wconf 85' lang='grc' dir='ltr'>μορ·</span> 
     </span>
    </p>
   </div>
   <div class='ocr_carea' id='block_1_110' title="bbox 2273 5436 3848 5536">
    <p class='ocr_par' dir='ltr' id='par_1_110' title="bbox 2273 5436 3848 5536">
     <span class='ocr_line' id='line_1_111' title="bbox 2273 5436 3848 5536; baseline -0.019 -16"><span class='ocrx_word' id='word_1_835' title='bbox 2273 5467 2412 5536; x_wconf 81' lang='grc' dir='ltr'><strong>φήν;</strong></span> <span class='ocrx_word' id='word_1_836' title='bbox 2445 5464 2566 5527; x_wconf 82' lang='grc' dir='ltr'><strong>Πῶς</strong></span> <span class='ocrx_word' id='word_1_837' title='bbox 2594 5464 2651 5517; x_wconf 79' lang='grc' dir='ltr'><strong>δὲ</strong></span> <span class='ocrx_word' id='word_1_838' title='bbox 2677 5462 2875 5533; x_wconf 78' lang='grc' dir='ltr'>μᾶλλον</span> <span class='ocrx_word' id='word_1_839' title='bbox 2904 5460 3003 5512; x_wconf 85' lang='grc' dir='ltr'><strong>οὑκ</strong></span> <span class='ocrx_word' id='word_1_840' title='bbox 3025 5452 3366 5527; x_wconf 72' lang='grc' dir='ltr'>ἠλαττῶσθαι</span> <span class='ocrx_word' id='word_1_841' title='bbox 3395 5446 3596 5512; x_wconf 78' lang='grc' dir='ltr'>δόξειεν</span> <span class='ocrx_word' id='word_1_842' title='bbox 3621 5442 3708 5504; x_wconf 82' lang='grc' dir='ltr'><strong>ἂν,</strong></span> <span class='ocrx_word' id='word_1_843' title='bbox 3729 5441 3757 5491; x_wconf 87' lang='grc' dir='ltr'>ὁ</span> <span class='ocrx_word' id='word_1_844' title='bbox 3787 5436 3848 5488; x_wconf 83' lang='grc' dir='ltr'><strong>τὸ</strong></span> 
     </span>
    </p>
   </div>
   <div class='ocr_carea' id='block_1_111' title="bbox 2277 5529 3850 5624">
    <p class='ocr_par' dir='ltr' id='par_1_111' title="bbox 2277 5529 3850 5624">
     <span class='ocr_line' id='line_1_112' title="bbox 2277 5529 3850 5624; baseline -0.025 -5"><span class='ocrx_word' id='word_1_845' title='bbox 2277 5529 2458 5623; x_wconf 57' lang='grc' dir='ltr'>μέῖζόν</span> <span class='ocrx_word' id='word_1_846' title='bbox 2508 5529 2798 5624; x_wconf 34' lang='grc' dir='ltr'>ἀφεὶς-καὶ</span> <span class='ocrx_word' id='word_1_847' title='bbox 2845 5552 2905 5605; x_wconf 85' lang='grc' dir='ltr'><strong>τὸ</strong></span> <span class='ocrx_word' id='word_1_848' title='bbox 2957 5550 3176 5603; x_wconf 77' lang='grc' dir='ltr'>ἔλαττον</span> <span class='ocrx_word' id='word_1_849' title='bbox 3210 5537 3522 5604; x_wconf 80' lang='grc' dir='ltr'>ἁνα).α6ών;</span> <span class='ocrx_word' id='word_1_850' title='bbox 3563 5531 3697 5595; x_wconf 85' lang='grc' dir='ltr'>Θεὸς</span> <span class='ocrx_word' id='word_1_851' title='bbox 3747 5529 3850 5582; x_wconf 86' lang='grc' dir='ltr'>ὑπ-</span> 
     </span>
    </p>
   </div>
  </div>
