4078 6260
310 310 413 363 ὅέί)

1695 299 2130 402 THESAU‘BUS.

3463 303 3568 358 53-0

311 427 486 497 ἅρχων
513 421 746 492 γέγονεν
771 420 1088 490 ἄνθρωπος,
1119 419 1206 472 ἵνα
1227 421 1375 472 ποῖον
1405 419 1544 492 εὕρῃ
1569 421 1794 490 μισθόν;
1821 423 1892 473 Ἢ

2001 422 2138 474 Deus
2159 421 2424 474 exsistens
2452 420 2626 474 factus
2645 428 2726 473 est
2753 419 2932 482 homo,
2953 417 3238 486 qualcnme
3267 421 3569 484 mercedem

311 515 416 578 πῶς
440 512 708 582 ἐδοξάσθη
733 514 764 565 6
795 511 904 564 ἀπὸ
920 509 1080 580 δόξης
1106 512 1186 573 είς
1211 511 1438 580 ἀτιμίαν
1462 509 1889 580 καταϐεϐηκώςς

308 606 427 668 Πῶς
460 605 520 657 δὲ
549 606 778 672 γέγονεν
823 599 1030 672 ὑψηλὸς
1084 603 1112 654 6
1154 602 1253 670 τῆς
1297 599 1552 670 θεότητος
1583 601 1642 653 τὸ
1677 599 1894 670 ἀξίωμα

306 695 612 767 ὑπεριδὼν,
645 695 740 745 καὶ
779 694 860 755 είς
892 691 1294 761 ἀνθρωπότητα
1336 691 1646 758 κατελθών;
1695 693 1818 756 Πῶς
1865 696 1893 746 6

303 786 612 851 κατελθὼν,
643 785 868 854 γέγονεν
913 783 1058 847 iw);
1107 783 1276 836 Ποίαν
1307 785 1418 854 ἔχει
1461 783 1742 854 βελτίωσιν
1775 785 1802 836 6
1835 785 1892 836 ὲν

306 880 566 932 ἐλάττοσι
599 875 840 945 γεγονὼς
865 874 922 938 ἐξ
951 873 1284 944 ἀμεινόνιον;
1321 876 1381 926 Εἰ
1408 873 1540 937 Θεὸς
1567 875 1640 927 ὢν
1671 873 1892 944 ὕψιστος

311 971 408 1023 καὶ
439 971 498 1021 ἐν
537 967 763 1037 ὑψηλοῖς
809 966 1079 1018 κατοικῶν
1129 963 1394 1033 ὑψοῦσθαι
1436 965 1674 1033 λέγεται,
1712 965 1893 1018 ποῖ.δὲ

313 1061 398 1115 ἔτι
431 1060 574 1131 μετὰ
603 1057 698 1128 τὴν
729 1055 820 1109 τοῦ
847 1056 980 1109 Θεοῦ
1007 1054 1166 1123 φύσιν
1203 1055 1536 1126 ἀναϐήσεται
1563 1055 1623 1108 τὸ
1655 1055 1894 1126 ὑψούμε-

315 1171 442 1216 νον;
484 1151 608 1214 Πῶς
633 1151 689 1202 δὲ
718 1145 784 1220 ἦν
813 1149 1068 1212 ταπεινὸς
1095 1149 1123 1200 6
1147 1150 1204 1200 ἐν
1233 1147 1454 1212 κόλποις
1474 1147 1548 1201 ὢν
1571 1147 1668 1201 τοῦ
1695 1147 1894 1219 ὑψηλο-

281 1283 284 1288 .
317 1246 480 1299 τὰτου
513 1243 760 1313 Πατρός;
791 1241 955 1304 Ποίας
981 1241 1300 1310 προσθήκης
1323 1240 1491 1293 ἐδεῖτο
1520 1239 1681 1304 Θεός;
1715 1241 1778 1294 El
1805 1239 1892 1292 διὰ

315 1334 474 1388 τοῦτο
499 1332 900 1404 καταϐέϐηκεν,
921 1333 1006 1384 ἵνα
1027 1331 1121 1384 καὶ
1139 1332 1348 1402 ὑψωθῇ,
1367 1331 1450 1394 τίς
1474 1328 1540 1402 ἦν
1565 1333 1598 1401 ἡ
1620 1331 1776 1401 χρεία
1791 1331 1890 1400 τῆς

313 1423 704 1490 καταϐάσεωςς
743 1425 806 1476 Εἰ
837 1423 927 1475 διὰ
961 1423 1120 1475 τοῦτο
1150 1421 1516 1476 ἐταπείνωσεν
1551 1421 1763 1484 ἑαυτὸν,
1805 1421 1892 1474 ἵνα

314 1519 408 1572 καὶ
436 1516 698 1587 δοξασθῇ,
734 1515 816 1576 τίς
846 1509 916 1586 ἦν
941 1519 976 1586 ἠ
1006 1513 1162 1585 χρεία
1187 1511 1286 1584 τῆς
1319 1513 1734 1580 ταπεινώσεως;
1767 1513 1892 1576 Πῶς

315 1611 371 1664 δὲ
400 1612 500 1664 οὐκ
527 1611 734 1678 ἄσοφος
763 1609 792 1661 6
827 1608 964 1677 μετὰ.
990 1609 1148 1660 πόνου
1175 1607 1368 1678 ζητῶν,
1398 1607 1428 1660 ὅ
1453 1605 1546 1660 καὶ
1562 1607 1688 1676 δίχα
1717 1603 1894 1659 πόνων

321 1700 466 1771 ἔχειν
501 1697 768 1762 ἐδύνατο;
809 1696 934 1758 Πῶς
979 1693 1132 1748 ἔλαϐε
1181 1691 1240 1748 τὸ
1283 1697 1452 1768 ὄνομα
1495 1698 1558 1750 τὸ
1601 1695 1742 1769 ὑπὲρ
1780 1697 1894 1748 πᾶν

326 1792 502 1860 τινομα
531 1791 561 1842 6
592 1787 881 1851 διαπαντὸς
911 1790 966 1840 ἐν
989 1787 1134 1860 αὐτῷ
1161 1789 1460 1860 προσκυνού
1471 1805 1663 1858 μενος;

2001 511 2362 579 accepturus?
2411 511 2515 564 Aut
2566 511 2832 580 quomodo
2879 509 3209 578 gleriﬁcatus
3255 521 3338 562 est
3399 513 3490 578 qui
3541 527 3572 566 e

2001 605 2170 670 gloria
2215 603 2280 654 ad
2336 601 2792 670 contemptibilem
2846 609 3040 655 statum
3101 599 3422 654 descendit?
3467 601 3572 656 Ant

1999 693 2271 760 quomodo
2311 691 2605 756 exaltatus,
2659 692 2748 760 qui
2809 707 2838 744 e
2903 691 3196 746 divinitatis
3247 691 3459 760 fastigio
3507 693 3570 744 ad

2002 783 2392 836 humanitatem
2439 799 2498 836 se
2541 783 2793 836 demisit?
2823 783 3098 850 Quomodo
3129 793 3304 837 autem
3333 783 3424 852 qui
3473 781 3570 834 de-

1999 875 2226 934 scendit.
2276 886 2494 926 erectus
2542 875 2664 928 est?
2713 879 2820 928 Ant
2863 892 2968 944 quo
3001 889 3160 946 paeto
3213 875 3398 930 melior
3431 875 3570 928 illita.

1999 957 2236 1016 conditio
2265 973 2348 1018 est
2372 961 2582 1028 elTecta,
2620 965 2710 1034 qui
2749 965 2912 1018 veluti
2949 980 2978 1018 e
3014 963 3306 1032 majoribus
3337 975 3392 1018 et
3441 979 3568 1034 pra!-

2000 1053 2356 1108 stautioribus
2399 1055 2465 1108 ad
2501 1055 2710 1108 minora
2749 1053 3014 1110 devenit?
3045 1053 3102 1110 Si
3157 1055 3298 1110 Deus
3331 1071 3450 1108 eum
3507 1057 3570 1106 sit

1999 1141 2314 1208 altissimus,
2347 1153 2400 1198 et
2429 1143 2480 1196 iu
2529 1143 2758 1198 excelsis
2787 1143 3056 1208 habitans,
3101 1144 3328 1198 exaltari
3360 1143 3573 1198 dicitur.

1999 1247 2230 1300 quonam
2270 1235 2404 1286 ultra
2443 1231 2534 1286 Dei
2580 1241 2824 1286 naturam
2875 1233 2926 1286 id
2960 1235 3102 1300 quod
3142 1236 3412 1286 eraltatur
3445 1249 3576 1285 cou-

2000 1327 2262 1382 seendet?
2287 1325 2392 1380 Aut
2421 1327 2686 1396 quomodo
2719 1325 2933 1380 lmmilis
2965 1336 3104 1388 erat,
3149 1327 3202 1378 in
3237 1327 3356 1380 sinu
3399 1325 3576 1380 excel-

1999 1417 2200 1474 sissimi
2235 1415 2413 1472 Patris
2457 1417 2765 1472 exsistens?
2797 1419 2902 1471 Aut
2948 1433 3054 1486 qua
3102 1417 3416 1471 accessione
3461 1417 3574 1470 sive

2003 1509 2338 1564 incremento
2374 1510 2648 1580 indigebat
2676 1509 2856 1565 Deus?
2890 1509 2946 1564 Si
2978 1509 3180 1562 ideirco
3210 1507 3490 1562 descendit
3517 1517 3574 1560 ut

1999 1603 2354 1666 exaltaretur,
2393 1604 2518 1671 quid
2547 1611 2664 1656 erat
2709 1617 2844 1670 opus
2879 1601 3183 1656 descensu?
3235 1599 3289 1654 Si
3329 1601 3446 1654 ideo
3485 1615 3572 1653 se-

2001 1693 2178 1762 ipsum
2228 1693 2546 1756 humiliavit,
2585 1703 2642 1746 ut
2676 1691 3088 1762 glorificaretur,
3121 1689 3276 1762 195
3299 1691 3424 1760 quid
3458 1699 3574 1744 erat

1919 1786 1962 1839 Β
1991 1799 2126 1854 npus
2155 1783 2568 1840 humiliatione?
2592 1795 2682 1838 aut
2715 1787 2986 1853 quomodo
3023 1801 3126 1838 nou
3175 1785 3246 1838 sit
3275 1779 3574 1836 censendus

335 1887 598 1956 insipiens
627 1887 713 1953 qui
753 1885 806 1938 id
834 1899 1020 1952 magno
1055 1899 1174 1938 cum
1217 1884 1400 1939 labore
1435 1881 1648 1954 quierit,
1687 1883 1830 1952 quod
1871 1885 2004 1936 citra
2047 1881 2280 1934 laborent
2321 1881 2518 1936 habere
2580 1880 2796 1950 potest?
2831 1881 2898 1933 At
2930 1883 3196 1950 quomodo
3235 1881 3440 1950 accepit
3475 1895 3572 1932 no-

338 1997 456 2034 men
494 1983 632 2048 quod
663 1989 742 2032 est
773 1991 933 2047 super
967 1993 1128 2032 omne
1152 1993 1370 2044 nomen,
1407 1980 1498 2046 qui
1527 1993 1740 2048 semper
1767 1977 1820 2031 in
1847 1977 1964 2046 ipso
1990 1985 2072 2029 est
2110 1975 2400 2028 adoratus?

734 2092 932 2161 Ῥητὰ,
963 2093 1054 2146 ὅτι
1085 2094 1231 2159 Θεὸς
1263 2097 1294 2146 ὁ
1337 2095 1493 2160 Υιός.

389 2223 406 2254 ι
443 2204 504 2256 Ὀ
533 2203 670 2266 Θεὸς
697 2204 756 2256 ἐν
777 2202 857 2271 τῷ
880 2200 1108 2270 ὀνόματί
1135 2219 1230 2258 σου
1243 2205 1412 2259 σῶσόν
1435 2220 1550 2272 με’»
1575 2201 1686 2264 καὶ,
1703 2202 1896 2270 «Προσ-

311 2295 722 2365 κυνησὰτωσαν
763 2293 844 2362 τῷ
876 2293 1104 2362 ὀνόματί
1138 2310 1256 2358 σου,
1291 2293 1496 2362 Κύριε,
1541 2292 1616 2361 τῷ
1662 2294 1894 2363 μεγάλῳ.

315 2385 434 2454 Πρὸ
465 2383 564 2436 τοῦ
598 2382 758 2453 ἡλίου
789 2381 1038 2450 διαμένει
1075 2381 1140 2432 τὸ
1169 2381 1340 2450 ὗνομα
1377 2379 1562 2432 αὐτοῦ.
1593 2381 1717 2432 Δότε
1747 2381 1902 2446 δόξαν

310 2475 552 2544 ὀνόματι
589 2473 782 2526 αὐτοῦ.
807 2468 966 2526 Οὗτοι
997 2473 1054 2524 ἐν
1087 2471 1312 2554 ἅρμασι,ν
1329 2473 1418 2522 καὶ
1442 2467 1582 2525 οὗτοι
1613 2474 1670 2523 ἐν
1697 2473 1896 2534 ἵπποις,

308 2569 475 2635 ἡμεῖς
535 2565 594 2618 δὲ
652 2567 716 2617 ἐν
781 2563 1012 2632 ὀνόματι
1071 2561 1279 2632 Κυρίου
1338 2561 1472 2614 Θεοῦ
1527 2563 1678 2630 ἡμῶν
1726 2578 1896 2634 μεγα-

307 2655 724 2726 λυνθησόμεθα.
763 2675 782 2704 ι
851 2653 978 2717 Πῶς
1031 2649 1126 2706 οὖν
1171 2651 1392 2716 ἔλασεν,
1441 2654 1576 2722 ὅπερ
1620 2653 1758 2724 ἔχων
1807 2655 1898 2709 ἀεὶ

310 2751 566 2820 φαίνεται
585 2766 603 2814 ;

897 2865 941 2916 Λ
951 2862 1088 2928 ὐσις
1124 2857 1314 2930 ἑτέρα.

399 3005 463 3057 Et
491 3021 512 3053 ι
539 3005 595 3055 ἐν
627 3001 766 3072 ἀρχῇ
791 2993 860 3069 ἦν
887 3000 918 3051 6
939 2997 1134 3065 Λόγος,
1170 2999 1264 3050 καὶ
1287 2997 1416 3060 Θεὸς
1441 2992 1510 3068 ἦν
1534 2999 1562 3050 6
1590 2999 1784 3066 Λόγος,
1803 2997 1898 3052 καὶ

333 3091 402 3164 ἦν
447 3095 506 3144 ἐν
553 3093 692 3161 ἀρχῇ
725 3090 856 3159 πρὸς
891 3089 982 3141 τὸν
1016 3087 1176 3152 Θεὸν,
1213 3107 1231 3138 ι
1285 3085 1512 3158 ὓστερον
1557 3087 1614 3138 δὲ
1657 3087 1746 3142 διὰ
1797 3086 1898 3158 τὴν

341 3183 614 3253 ἡμετέραν
635 3181 898 3251 σωτηρίαν
914 3179 1279 3232 ἐταπείνωσεν
1307 3177 1520 3240 ἐαυτὸν,
1543 3177 1632 3230 διά
1659 3195 1718 3230 τε
1739 3178 1899 3230 τοῦτο

343 3271 610 3341 ὑψοῦσθαι
641 3270 886 3338 λέγεται,
918 3267 1030 3332 πῶς
1073 3270 1176 3322 οὐκ
1209 3267 1360 3322 ἐσται
1391 3269 1554 3320 παντί
1583 3285 1660 3338 τῳ
1703 3267 1894 3334 σαφὲς,

2271 2093 2626 2146 Auctoritates
2661 2095 2798 2162 quod
2839 2085 3012 2146 Filius
3049 2093 3115 2148 sit
3155 2092 3314 2148 Deus.

2081 2219 2098 2250 ι
2127 2199 2284 2264 Dens,
2307 2201 2359 2254 in
2383 2202 2598 2256 nomine
2619 2213 2712 2256 tuo
2727 2201 2932 2258 salvum
2953 2218 3037 2258 me
3051 2203 3136 2258 fac
3153 2206 3228 2270 ¹¹;
3253 2225 3271 2256 ι
3292 2215 3368 2268 et,
3391 2225 3408 2256 ι
3431 2207 3572 2258 Ado-

2007 2303 2126 2344 rent
2169 2307 2362 2346 nomen
2382 2303 2554 2356 tuum,
2581 2293 2830 2357 Domine,
2861 2309 3116 2364 magnum
3141 2297 3210 2351 ⁸¹.
3233 2297 3376 2351 Ante
3405 2299 3574 2350 solem

2003 2393 2280 2450 permanet
2301 2397 2494 2437 nomen
2515 2384 2634 2452 ejus
2653 2385 2722 2438 ".
2751 2383 2882 2439 Date
2895 2385 3120 2458 gloriam
3139 2387 3340 2442 nomini
3367 2387 3486 2456 ejus
3509 2387 3574 2442 “.

2005 2472 2064 2526 Ili
2104 2475 2156 2526 in
2185 2475 2435 2530 curribus
2467 2485 2522 2530 et
2551 2475 2604 2530 hi
2637 2477 2690 2530 in
2715 2477 2892 2546 equis,
2933 2491 3034 2532 nos
3064 2487 3242 2533 autem
3281 2479 3332 2532 in
3361 2481 3578 2536 nomine

2003 2563 2214 2620 Domini
2251 2566 2342 2620 Dei
2395 2569 2562 2622 nostri
2618 2570 3080 2637 magnilicabimur
3111 2571 3178 2624 ³³.
3225 2593 3244 2622 ι
3293 2571 3574 2640 Quomodo

2003 2655 2168 2727 Igitur
2195 2657 2400 2728 accepit
2437 2659 2578 2730 quod
2610 2677 2827 2732 semper
2867 2661 3119 2718 habuisse
3153 2665 3437 2720 cernitur?

2604 2853 2724 2912 Alia
2767 2861 2979 2916 solutio.

2077 2995 2133 3050 Si
2158 3013 2176 3046 ι
2199 2995 2434 3050 Verbum
2457 3006 2572 3050 erat
2589 2997 2640 3050 in
2661 2995 2948 3066 principio,
2963 3007 3016 3053 et
3031 2999 3170 3054 Deus
3190 3013 3308 3056 erat
3325 3002 3577 3072 Verbum.

2005 3099 2060 3142 et
2086 3099 2198 3142 erat
2253 3089 2306 3142 in
2357 3089 2622 3160 principio
2669 3091 2808 3160 apud
2849 3091 3014 3145 Deum
3040 3093 3148 3156 ⁸⁸.»
3201 3095 3406 3152 ultimis
3453 3113 3580 3155 vero

2009 3180 2338 3250 temporibus
2366 3191 2588 3250 propter
2616 3191 2856 3237 nostram
2887 3184 3113 3239 salutem
3145 3185 3448 3242 humiliavit
3489 3205 3578 3244 se-

2008 3272 2182 3340 ipsum
2207 3271 2280 3338 ",
2306 3283 2466 3340 atque
2489 3273 3032 3331 idcircohumiliatus
3059 3289 3178 3332 esse
3197 3278 3394 3334 dicitur
3425 3301 3438 3336 :
3471 3297 3579 3352 quo

340 3367 530 3432 ὅτιπερ
565 3363 626 3415 οὐ
663 3361 788 3430 περὶ
818 3360 912 3430 τὴν
941 3360 1035 3414 τοῦ
1062 3361 1238 3426 Λόγου
1269 3359 1430 3427 φύσιν
1460 3355 1622 3410 τοῦτο
1652 3356 1896 3424 γίνεσθαι

2005 3373 2160 3434 pacto
2195 3377 2300 3416 non
2329 3363 2684 3422 fueritcuivis
2714 3367 3080 3435 manifestum,
3113 3387 3218 3426 non
3241 3373 3384 3426 circa
3419 3373 3576 3430 Verbi

341 3457 644 3524 συμϐαίνει,
669 3456 784 3508 ἀλλ’
817 3457 894 3518 εἰς
922 3455 986 3508 τὸ
1013 3459 1113 3526 τῆς
1133 3453 1551 3526 ἁνθρωπότητος
1583 3453 1898 3521 μυστήριονς

335 3545 402 3620 ᾯ
423 3549 532 3618 γὰρ
553 3548 782 3617 ἁρμόσει
811 3546 873 3598 τὸ
909 3547 1188 3610 ταπεινὸν,
1223 3545 1398 3616 τούτῳ
1430 3542 1604 3598 καὶτὸ
1639 3541 1900 3612 ὑψοῦσθαι

329 3640 560 3710 πρέπειν
598 3635 900 3690 ἀκολουθεῖ.
939 3636 1206 3690 Ταπεινὸν
1234 3634 1290 3689 δὲ
1315 3637 1506 3706 χρῆμα
1551 3637 1585 3704 ἡ
1623 3633 1902 3703 ἀνθρωπό-

325 3749 459 3800 της,
494 3729 623 3800 περὶ
653 3727 825 3797 αὐτὴν
875 3727 982 3797 ἄρα
1015 3726 1110 3780 καὶ
1155 3727 1216 3780 τὸ
1247 3725 1514 3796 ὑψοῦσθαι
1557 3723 1898 3794 νοηθήσεται.

324 3821 402 3874 υὺ
437 3819 702 3888 πρότερον
732 3819 788 3871 δὲ
821 3820 949 3889 περὶ
981 3819 1072 3872 τοῦ
1099 3817 1234 3871 Θεοῦ
1263 3818 1436 3886 Λόγου
1466 3815 1708 3870 τοιοῦτόν
1735 3833 1786 3868 τι
1817 3816 1902 3868 λέ-

321 3929 532 3980 γουσαν
551 3908 853 3982 εὑρήσομεν
871 3911 969 3981 τὴν
997 3911 1244 3982 Γραφὴν,
1265 3913 1314 3964 εί
1347 3911 1443 3980 μὴ,
1473 3929 1490 3960 ι
1515 3909 1657 3981 Σὰρξ
1686 3907 1901 3976 γέγονε,

319 4008 422 4059 'xa‘.
459 4006 775 4076 ἐσκήνωσεν
813 4007 869 4057 ἐν
905 4005 1056 4074 ἡμῖν.
1103 4021 1120 4053 ι
1149 4004 1213 4054 El
1241 4002 1422 4056 τοίνυν
1453 4003 1580 4073 περὶ
1607 4001 1703 4072 τὴν
1730 4002 1899 4072 πρόσ-

315 4097 486 4165 ληψιν
509 4095 613 4164 τῆς
643 4093 844 4164 σαρκὸς
870 4095 904 4162 ἡ
940 4093 1268 4154 ταπείνωσις
1294 4091 1621 4162 γεγενῆσθαι
1649 4090 1864 4158 λέγεται
1887 4128 1901 4154 ,

313 4187 388 4238 δι’
415 4185 590 4254 αὐτὴν
629 4183 784 4234 ἐσται
819 4183 914 4234 καὶ
949 4181 1078 4251 περὶ
1099 4182 1324 4252 αὐτὴνή
1357 4181 1582 4250 ῦψωσις.

829 4313 1032 4376 ΑΛΛΟ,
1067 4316 1154 4380 εἰς
1185 4315 1251 4368 τὸ
1281 4309 1445 4367 αὐτό.

409 4451 468 4504 '0
487 4447 704 4511 Παῦλος
729 4450 1053 4502 ἐπιστέλλων
1071 4453 1256 4521 φησὶν,
1280 4453 1360 4504 ὅτι
1382 4469 1398 4500 ι
1425 4449 1737 4521 Πρόδρομος
1764 4449 1903 4520 ὑπὲρ

303 4543 486 4615 ἡμῶν
517 4540 770 4612 εἰσῆλθεν
809 4541 1034 4610 Ἰησοῦς,
1058 4545 1156 4595 οὐκ
1182 4544 1260 4604 εἰς
1284 4542 1552 4594 ἀντίτυπα
1583 4540 1690 4594 τῶν
1717 4540 1904 4611 ἀληθι-

303 4637 434 4687 uti»;
455 4677 470 4696 ,
515 4632 633 4684 ἀλλ’
663 4633 743 4695 εἰς
783 4632 944 4684 αὑτὸν
969 4633 1058 4685 τὸν
1087 4633 1346 4702 οὐρανὸν,
1377 4632 1470 4684 νῦν
1505 4631 1904 4702 ἐμφανισθῆναι

2005 3467 2276 3524 naturam,
2301 3459 2394 3513 sed
2430 3461 2574 3514 circa
2599 3459 2952 3517 humanitatis
2989 3465 3304 3533 mysterium
3353 3466 3452 3520 hoc
3483 3483 3576 3520 ac—

2003 3549 2238 3604 cidisse?
2304 3549 2438 3606 Natu
2500 3554 2584 3606 cui
2653 3555 2928 3610 humilitas
2977 3557 3246 3626 congruit,
3301 3559 3352 3612 ei
3413 3559 3575 3613 etiam

2001 3641 2228 3697 exaltari
2276 3645 2560 3700 conveniet
2610 3665 2623 3700 :
2671 3649 2820 3716 atqui
2871 3649 3180 3704 humanitas
3225 3650 3444 3704 humilis
3491 3667 3576 3704 res

2001 3742 2086 3787 est
2109 3751 2120 3787 :
2143 3735 2268 3788 huic
2292 3735 2454 3806 igitur
2479 3739 2736 3793 exaltatio
2767 3739 3050 3794 tribuenda
3079 3749 3181 3794 est.
3219 3739 3400 3808 Neque
3433 3741 3575 3794 enim

2003 3837 2214 3876 sacram
2258 3821 2592 3894 Scripturam
2639 3829 2788 3897 prius
2839 3829 2944 3882 tale
2978 3829 3252 3896 quidpiam
3298 3832 3364 3882 de
3408 3829 3580 3884 Verbo

2004 3913 2202 3969 dixisse
2220 3917 2708 3986 comperies,quam
2728 3928 3016 3986 quatenus,
3039 3935 3057 3967 ι
3080 3919 3218 3972 Caro
3243 3915 3444 3972 factum
3471 3929 3576 3982 est.

2001 4015 2054 4058 et
2085 4005 2350 4060 habitavit
2383 4007 2433 4058 in
2468 4007 2620 4060 nobis
2643 4008 2708 4059 ⁸⁸.
2742 4026 2758 4057 ι
2783 4007 2838 4060 Si
2876 4021 3002 4075 ergo
3035 4007 3328 4060 secundum
3364 4023 3575 4062 assum-

2005 4099 2238 4166 ptionem
2255 4099 2438 4151 carnis
2466 4097 2768 4152 humiliatio
2795 4093 2935 4151 facta
2961 4113 3080 4152 esse
3106 4097 3326 4164 dicitur,
3357 4114 3578 4170 propter

2005 4193 2141 4248 hanc
2166 4205 2220 4249 et
2241 4193 2384 4248 circa
2422 4195 2562 4247 hanc
2591 4194 2754 4246 etiam
2787 4191 3044 4247 exultatio
3069 4192 3206 4247 facta
3243 4195 3421 4250 fuerit.

2531 4319 2762 4395 ALIUD,
2805 4331 2857 4382 in
2895 4331 3050 4386 idem.

2077 4463 2268 4518 Paulus
2299 4466 2364 4516 ad
2395 4465 2649 4520 llehrteos
2675 4466 2938 4529 scribens,
2965 4467 3037 4520 ita
3072 4468 3147 4521 ait
3177 4486 3188 4520 :
3226 4487 3242 4517 ι
3273 4467 3579 4524 Prtecursor

2003 4571 2098 4623 pro
2123 4558 2282 4610 nobis
2310 4558 2551 4611 introivit
2607 4557 2783 4624 Jesus,
2821 4573 2923 4610 non
2973 4559 3021 4610 in
3065 4559 3390 4626 exemplaria
3428 4577 3580 4613 vern-

2009 4664 2149 4710 rum,
2177 4651 2270 4702 sed
2301 4650 2354 4700 in
2387 4651 2558 4716 ipsum
2598 4651 2816 4712 coelum,
2853 4659 2908 4702 ιιι
2945 4661 3201 4717 appareat
3233 4667 3374 4704 nunc
3409 4652 3576 4703 vultui

303 4727 402 4796 τῷ
435 4725 718 4796 προσώπῳ
750 4723 844 4775 τοῦ
874 4722 1007 4774 Θεοῦ
1042 4723 1181 4792 ὑπὲρ
1213 4722 1388 4792 ἡμῶν.
1425 4742 1442 4771 ι
1473 4723 1682 4794 Ὥσπερ
1723 4719 1814 4775 οὖν
1845 4723 1897 4774 ἐν

2013 4737 2100 4789 Dei
2133 4752 2228 4802 pro
2265 4737 2419 4788 nobis
2448 4738 2512 4788 ".
2556 4757 2574 4788 ι
2608 4739 3064 4803 Quemadmodum
3094 4742 3248 4806 igitur
3281 4755 3494 4806 semper
3529 4742 3578 4790 in

301 4821 436 4878 τοῖς
471 4817 728 4886 οὐρανοῖς
758 4815 853 4867 καὶ
890 4817 945 4866 ὲν
977 4813 1254 4884 προσώπῳ
1279 4813 1372 4866 τοῦ
1404 4815 1612 4886 [ἰατρὸς
1641 4815 1902 4883 ὑπάρχων

303 4912 428 4972 ἀεὶ,
454 4907 554 4960 νῦν
593 4908 736 4974 ὑπὲρ
767 4905 923 4974 ἡμῶν
955 4906 1261 4976 εἰσέρχεται
1295 4907 1392 4974 μὲν
1426 4907 1504 4968 εἰς
1533 4907 1620 4957 τὸν
1650 4902 1900 4974 οὐρανὸν,

303 4998 694 5069 ἐμφανίζεται
724 4997 779 5048 δὲ
803 4996 880 5066 τῷ
909 4997 1102 5068 Πατρί·
1132 4998 1272 5050 οὕτω
1307 4999 1467 5050 πάλιν
1508 4998 1602 5049 καὶ
1629 4997 1723 5050 νῦν
1764 4995 1903 5065 ὑπὲρ

299 5096 330 5160 ἡ
347 5089 486 5160 μῶν
507 5085 738 5156 ὑψοῦται
761 5089 854 5140 καὶ
873 5087 1176 5156 δοξάζεται,
1201 5091 1293 5142 καὶ
1309 5088 1574 5159 λαμϐάνει
1603 5107 1618 5137 ι
1651 5087 1710 5140 τὸ
1731 5088 1902 5156 ὄνομα

293 5181 368 5231 τὸ
406 5175 562 5245 ὑπὲρ
600 5178 706 5229 πᾶν
747 5177 935 5248 ὄνομα·
963 5197 982 5229 ι
1019 5179 1082 5230 ἵν’
1113 5179 1385 5250 ὥσπερεέν
1416 5179 1560 5248 αὐτῷ
1589 5179 1680 5230 καὶ
1705 5181 1784 5240 είς
1813 5179 1900 5231 τὸν

293 5267 562 5340 οὐρανὸν
609 5269 968 5338 εἰσερχόμεθα
1016 5272 1109 5324 καὶ
1148 5271 1557 5342 ἐμφανιζόμεθα
1587 5270 1663 5339 τῷ
1708 5272 1902 5340 Πατρὶ,

289 5363 462 5416 οὕτω
493 5359 738 5428 πάλινρν
768 5361 918 5431 αὑτῷ
939 5359 1306 5434 δοξαζόμενοι,
1341 5365 1435 5415 καί
1468 5361 1782 5432 ὑψούμενοι,
1812 5367 1904 5416 καὶ

287 5455 430 5509 υἱοῦ
463 5451 606 5505 Θεοῦ
636 5455 1088 5524 χρηματίςωμεν.

373 5635 424 5666 ⁸¹
469 5637 598 5690 Psal
651 5657 774 5702 Lm,
807 5642 863 5695 5.
939 5642 984 5673 ⁸¹
1021 5638 1159 5692 Psal.
1206 5634 1516 5692 t.xxt|t."21.

327 5710 386 5763 1.
423 5705 482 5763 Ξ.
565 5711 612 5741 ⁵⁷
649 5711 886 5763 Philinn.
913 5728 974 5763 ιι.
1006 5710 1056 5762 7.
1138 5709 1180 5738 ⁵⁵³
1222 5706 1375 5759 .loan.
1413 5723 1450 5763 I.
1491 5708 1505 5758 l

428 5706 482 5764 Ξ.
565 5711 612 5741 ⁵⁷
649 5711 886 5781 Philipp.
913 5728 974 5774 ιι,
1006 5710 1056 5762 7.
1138 5709 1180 5738 ⁵⁸
1222 5706 1375 5759 Joan.
1413 5723 1450 5769 I,
1491 5707 1570 5758 lr’t.

601 5805 884 5864 Ριτιιοι..
920 5803 1034 5864 Gtt.
1075 5801 1318 5862 LXX".

1595 5635 1639 5664 ⁵³
1673 5630 1811 5686 Psal.
1844 5651 1964 5696 va.
2001 5637 2052 5687 ἓξ.

1649 5705 1691 5734 ⁸⁹
1736 5703 1894 5758 Hebr.
1933 5723 2006 5762 l\'.
2043 5707 2122 5756 2i.

2007 4830 2179 4889 malis,
2227 4840 2280 4882 et
2323 4845 2502 4884 cctam
2549 4833 2685 4886 facie
2733 4835 2908 4886 Patris
2953 4836 3243 4894 exsisteus,
3293 4849 3434 4884 nunc
3485 4848 3580 4899 pro

2009 4920 2162 4972 nobis
2199 4920 2513 4985 ingreditur,
2565 4933 2620 4974 et
2671 4934 2891 4989 apparet
2927 4938 3106 4973 curam
3153 4922 3308 4973 Patre
3349 4939 3362 4972 :
3397 4923 3466 4974 ita
3505 4925 3580 4973 ιι-

2008 5012 2188 5064 cissim
2226 5025 2362 5062 nunc
2388 5011 2654 5064 exaltatur
2683 5029 2776 5080 pro
2806 5011 2957 5064 uobis
2981 5021 3032 5062 et
3055 5012 3406 5077 gloriﬁcatur,
3437 5012 3580 5064 aeri-

2012 5104 2191 5170 pitque
2227 5120 2244 5152 ι
2275 5117 2464 5154 nomen
2493 5103 2633 5169 quod
2665 5112 2748 5156 est
2769 5117 2929 5167 super
2951 5116 3108 5153 unme
3141 5117 3330 5154 nomen
3357 5102 3436 5156 ‘°:
3473 5123 3489 5153 ι
3525 5113 3580 5156 ιιι

2007 5194 2458 5261 queumdtnodum
2492 5195 2544 5248 in
2577 5195 2694 5262 ipso
2715 5197 2876 5247 etiam
2913 5195 2963 5246 in
3000 5193 3190 5247 (uelum
3231 5196 3581 5262 ingredimur,

2009 5296 2061 5338 et
2086 5299 2402 5352 apparemus
2427 5301 2603 5338 coram
2632 5285 2817 5350 Patre,
2853 5286 2922 5337 ita
2957 5286 3116 5337 etiam
3150 5286 3198 5338 in
3234 5287 3346 5352 ipso
3376 5285 3577 5354 gloritiv

2010 5379 2114 5430 rati
2142 5389 2192 5431 et
2224 5377 2462 5440 exaltati,
2499 5377 2588 5431 ﬁlii
2623 5379 2714 5432 Dei
2755 5393 2968 5446 quoque
3003 5394 3255 5433 vocmnur
3281 5381 3344 5428 θ’.

2135 5637 2178 5664 ⁵³
2219 5635 2356 5690 Psal.
2397 5653 2541 5700 Lxu,
2579 5635 2662 5687 l7.
2743 5637 2791 5664 5"
2823 5635 2962 5688 l‘sal.
2995 5655 3103 5700 ιιι,
3140 5641 3192 5693 8.
3272 5640 3316 5671 ⁸⁸
3351 5638 3501 5693 Jn-n.
3539 5655 3578 5698 ι.

2201 5707 2244 5734 ⁸ο
2280 5706 2369 5758 Phi
2401 5709 2508 5773 ipp.
2545 5723 2600 5768 It,
2635 5707 2686 5754 υ.
