4078 6260
543 393 643 450 331

1225 499 1455 556 ALIUD.

618 619 932 676 Servatoris
976 617 1142 672 nostri
1183 615 1234 668 in
1270 615 1467 669 caelum
1517 609 1941 678 assumptionem
1991 604 2140 661 Psal-

549 712 707 767 mista
739 709 1024 765 declarans
1045 721 1139 777 per
1163 704 1447 774 Spiritum,
1486 701 1557 756 ita
1587 701 1662 754 ait
1691 716 1707 756 :
1743 718 1760 750 ι
1793 697 1988 753 Tollite
2024 709 2140 765 por-

551 799 653 869 las,
669 801 964 873 principes,
985 805 1212 860 vestras,
1235 801 1290 848 et
1309 791 1616 856 clevamini,
1643 799 1813 860 portae
1831 789 2136 853 aeternales,

549 905 602 950 et
629 893 875 949 introibit
903 907 996 946 rex
1041 887 1226 958 gloriae
1253 886 1318 938 θ’.
1354 903 1373 936 ι
1420 883 1518 938 Hic
1550 883 1694 937 enim
1733 881 1936 936 sanctis
1969 879 2137 935 coelo-

552 1002 670 1040 rnm
723 982 1012 1036 virtutibus
1068 977 1305 1048 Spiritus
1369 975 1638 1043 imperat,
1695 981 1753 1026 ut
1816 970 2138 1042 ingredienti

547 1077 761 1131 Christo
796 1083 980 1142 portas
1014 1071 1281 1140 aperiant.
1330 1065 1491 1136 Atqui
1521 1074 1640 1119 erat
1669 1065 1831 1119 etiam
1877 1073 2003 1118 ante
2049 1077 2136 1117 as-

549 1165 914 1234 sumptiOnem
981 1162 1122 1216 intra
1178 1171 1387 1230 portas,
1445 1167 1499 1212 ct
1543 1156 1597 1212 in
1647 1156 1836 1222 caelis,
1886 1155 2138 1210 utDeus.

554 1259 716 1330 196
747 1257 886 1324 Quid
919 1256 1087 1325 igitur
1107 1269 1244 1323 opus
1279 1253 1376 1308 fuit
1407 1249 1673 1320 ejusmodi
1723 1249 1978 1304 mandato
2016 1245 2139 1317 Spi-

551 1350 730 1404 ritus?
759 1350 867 1403 Aut
889 1347 1159 1417 quomodo
1191 1345 1282 1415 qui
1325 1345 1469 1398 intus
1515 1352 1618 1407 est,
1655 1339 1878 1394 introire
1902 1336 2141 1393 dicitur?

552 1439 1021 1507 Quemadmodum
1077 1437 1244 1507 igitur
1286 1449 1390 1489 non
1426 1441 1692 1502 quatenus
1720 1439 1802 1484 est
1844 1429 2005 1492 Deus,
2045 1429 2138 1482 sed

550 1540 819 1598 quatenus
855 1529 1038 1592 homo,
1092 1534 1314 1594 propter
1355 1539 1453 1578 nos
1502 1531 1557 1576 et
1607 1536 1705 1590 pro
1750 1520 1906 1576 nobis
1953 1529 2140 1588 portas

551 1618 810 1674 caelorum
845 1617 1165 1686 ingreditur,
1201 1629 1298 1668 nos
1336 1613 1388 1666 in
1418 1628 1510 1667 eas
1547 1626 1641 1682 per
1670 1627 1726 1668 se
1765 1610 2136 1674 introducens,

549 1724 779 1779 eamque
823 1718 1042 1779 pr0pler
1090 1723 1186 1761 nos
1235 1707 1373 1760 viam
1425 1703 1748 1758 instauravit
1799 1725 1810 1758 :
1852 1704 1922 1756 ita
1972 1704 2137 1758 etiam

1528 382 1596 437 ‘S.
1639 378 1917 436 CYRII.LI
1958 373 2428 431 ALEXANDRINI
2469 376 2789 432 ABCIIIEP.

3718 371 3832 423 5'51

2923 491 3005 544 AA
3017 492 3132 543 A0-

2313 605 2418 658 Τοῦ
2457 605 2706 676 Σωτῆρος
2753 603 2909 674 ἡμῶν
2942 601 3039 672 τὴν
3081 603 3159 665 είς
3203 601 3465 672 οὐρανοὺς
3494 601 3763 674 ἀνάληψιν
3797 606 3827 658 ὁ

2240 696 2546 768 Ψαλμῳδὸς
2592 695 2956 767 ἐξηγούμενος
2999 694 3087 748 διὰ
3131 692 3225 746 τοῦ
3273 693 3594 764 Πνεύματος
3641 695 3823 767 λέγει’

2249 812 2266 843 ι
2294 793 2498 862 Ἀρατε
2533 791 2728 854 πύλας,
2763 793 2810 844 οἱ
2844 791 3136 860 ἄρχοντες,
3169 787 3344 859 ὑμῶν,
3381 787 3476 842 καὶ
3515 788 3823 860 ἐπάρθητε,

2242 884 2409 938 πύλαι
2427 883 2654 948 αίὼνιοι,
2672 883 2764 937 καλ⁸
2788 881 3152 936 εἰσελεύσεται
3168 883 3195 934 ὁ
3213 879 3478 944 Βασιλεὺς
3491 879 3594 950 τῆς
3608 880 3784 950 δόξης.
3802 902 3821 933 ι

2255 975 2520 1031 Ἐνταῦθα
2550 976 2658 1046 γὰρ
2687 977 2805 1039 ταῖς
2833 974 2890 1027 ἐν
2918 975 3031 1036 τοῖς
3053 973 3302 1044 οὐρανοῖς
3326 971 3510 1039 ἁγίαις
3531 969 3828 1040 δυνάμεσιν

2241 1061 2520 1121 ἐπιτάττει
2544 1066 2604 1120 τὸ
2620 1066 2842 1136 Πνεῦμα
2870 1064 2967 1128 τὰς
2985 1063 3157 1127 πύλας
3187 1062 3426 1132 ἀνοίγειν
3456 1063 3828 1134 είσερχομὲνῳ

2241 1161 2482 1233 Χριστῷ.
2501 1160 2639 1214 Ἀλλ’
2657 1155 2723 1232 ἦν
2747 1159 2840 1213 καὶ
2869 1159 2976 1230 πρὸ
2995 1159 3093 1229 τῆς
3122 1156 3443 1228 ἀναλήψεως
3473 1158 3602 1210 εἵσω
3627 1174 3688 1210 τε
3719 1157 3825 1211 τῶν

2241 1255 2424 1309 πυλῶν
2451 1255 2545 1308 καὶ
2567 1254 2623 1306 ἐν
2657 1255 2769 1315 τοῖς
2798 1253 3047 1323 οὐρανοῖς
3077 1252 3151 1314 ὡς
3176 1249 3328 1314 Θεὸς.
3361 1249 3425 1302 Τί
3453 1245 3545 1303 οῦν
3578 1249 3688 1303 ἔδει
3717 1250 3825 1304 τῶν

2239 1346 2495 1401 τοιούτων
2525 1344 2618 1398 τοῦ
2670 1343 2989 1415 Πνεύματος
3039 1341 3509 1413 προσταγμάτων;
3541 1343 3614 1395 Ἦ
3645 1343 3760 1407 πῶς
3797 1345 3825 1396 ὁ

2241 1438 2386 1492 ἔνδον
2416 1436 2491 1490 ὢν
2539 1435 2885 1506 εἰσέρχεσθαι
2929 1434 3177 1503 λέγεται;
3215 1435 3424 1504 Ὥσπερ
3459 1428 3552 1487 οῦν
3590 1435 3650 1487 ού
3693 1434 3824 1492 καθὸ

2240 1531 2371 1594 Θεός
2401 1531 2569 1595 ἐστιν,
2607 1527 2745 1582 ἀλλά
2779 1527 2915 1580 καθὸ
2944 1526 3250 1598 ἄνθρωπος,
3287 1525 3353 1578 δι’
3385 1527 3536 1597 ἡμᾶς
3565 1527 3662 1580 καὶ⁵
3687 1527 3822 1598 ὑπὲρ

2240 1620 2398 1691 ἡμῶν
2433 1620 2532 1682 τὰς
2573 1617 2681 1670 τῶν
2711 1615 2956 1689 οὐρανῶν
2989 1615 3300 1684 εἰσέρχεται
3333 1612 3508 1676 πύλας
3529 1655 3544 1680 ,
3585 1613 3735 1682 ἡμᾶς
3767 1615 3824 1666 ἐν

2241 1713 2433 1775 αὐταῖς
2480 1710 2716 1780 εἰσάγων
2769 1707 2838 1761 δι’
2885 1706 3102 1769 ἐαυτοῦ,
3163 1705 3257 1757 καὶ
3307 1703 3514 1772 ταύτην
3565 1701 3632 1772 διῘ
3682 1704 3826 1774 ἡμᾶς

551 1817 671 1855 ευηι
703 1801 777 1854 sit
811 1800 1128 1863 altissimus,
1165 1799 1436 1852 exaltatur
1461 1806 1682 1866 propter
1712 1811 1832 1861 nos,
1866 1805 1922 1849 ut
1954 1797 2134 1859 homo,

2244 1803 2545 1858 ἐνεκαίνισε
2586 1803 2684 1872 τὴν
2721 1799 2873 1852 ὀδόν⁹
2908 1797 3051 1851 οὕτω
3101 1797 3194 1849 καὶ
3251 1793 3476 1863 ὕψιστος
3519 1794 3825 1864 τυγχάνων,

552 1902 610 1947 ut
660 1908 757 1947 nos
804 1892 1104 1948 exaltemur
1159 1892 1211 1944 in
1261 1890 1376 1959 ipso
1433 1897 1677 1959 gestante
1727 1886 2139 1941 similitudinem

553 1987 753 2052 nostri,
792 1995 956 2054 utque
1010 1986 1082 2040 ita
1147 1983 1466 2039 reformaret
1527 1996 1625 2035 nos
1674 1979 1725 2034 in
1777 1979 2016 2048 seipsum
2074 1977 2140 2031 ad

552 2079 843 2149 imaginem
862 2077 1159 2143 Creatoris,
1183 2078 1490 2130 instaurans
1509 2081 1780 2139 naturam,
1803 2071 2142 2141 pristinoque

550 2172 713 2224 statui
746 2171 1062 2225 restituens.

551 2371 932 2425 Annotationes
968 2369 1166 2437 aliquot
1214 2368 1278 2420 de
1327 2367 1701 2421 incarnatione
1751 2364 2142 2437 eodem__pert'i-

621 2452 818 2496 nentes.
866 2439 930 2493 In
973 2433 1130 2505 illud,
1165 2457 1184 2490 ι
1219 2437 1374 2492 Dedit
1414 2438 1516 2503 illi,
1555 2457 1574 2490 ι
1613 2446 1744 2495 etc..
1786 2445 1833 2488 et
1891 2452 1910 2487 ι
1945 2433 2141 2505 ξυρεῖ-

616 2513 865 2566 exultavit
891 2512 1084 2573 ipsum,
1117 2503 1139 2560 ⁷»
1176 2507 1384 2578 aliaque
1412 2508 1671 2578 ejusmodi
1699 2523 1814 2576 quae
1843 2507 1906 2559 de
1929 2503 2140 2558 Christo

622 2583 868 2634 dicuntur
901 2580 967 2633 ⁸³.

638 2691 874 2746 Verbum
905 2692 994 2746 Dei
1015 2706 1229 2760 semper
1247 2701 1330 2745 est
1355 2690 1678 2744 altissimum
1708 2699 1765 2744 ut
1799 2687 1962 2756 Deus;
1989 2689 2140 2744 exal-

553 2792 700 2837 tatur
737 2793 914 2837 autem
948 2791 1007 2835 ut
1038 2782 1198 2835 homo
1232 2799 1246 2835 :
1283 2794 1515 2851 cumque
1549 2779 1620 2834 sit
1668 2778 1866 2832 nullius
1904 2778 2139 2847 indigus,

552 2889 611 2930 ut
655 2876 818 2941 Deus,
876 2873 1076 2928 dicitur
1125 2872 1398 2942 accipere,
1451 2883 1509 2925 ut
1564 2873 1759 2937 homo;
1813 2870 2140 2924 adorabatur

550 2981 787 3038 semper,
823 2976 879 3019 ut
924 2963 1066 3020 Deus
1117 2983 1130 3018 :
1180 2978 1325 3018 nunc
1376 2964 1748 3017 adorationem
1798 2961 2043 3030 suscipit,
2081 2969 2139 3013 ut

553 3062 734 3116 homo.
779 3056 837 3112 Si
879 3066 938 3112 ut
982 3057 1143 3111 homo
1177 3063 1424 3108 mortuus
1461 3062 1567 3118 est,
1629 3052 1730 3106 hoc
1785 3061 1963 3105 tamen
2005 3049 2138 3105 nihil

2245 1896 2475 1966 ὑψοῦται
2504 1895 2572 1949 δι’
2598 1894 2765 1964 ἡμᾶς,
2786 1893 2860 1956 ὼς
2889 1890 3200 1961 ἄνθρωπος,
3231 1888 3300 1941 ἵν’
3331 1888 3494 1958 ἡμεῖς
3521 1885 3826 1957 ὑψωθῶμεν
3929 1929 3933 1933 .

2244 1989 2302 2039 ἐν
2352 1987 2501 2058 αὐτῷ
2551 1985 2803 2058 φοροῦντι
2862 1983 2960 2054 τὴν
3012 1981 3149 2054 πρὸς
3193 1982 3343 2052 ἡμᾶς
3384 1981 3662 2050 ὁμοίωσιν,
3731 1980 3826 2032 καὶ

2243 2075 2412 2139 οὕτως
2444 2073 2817 2146 ἀναμορφὼσῃ
2864 2072 3003 2144 πρὸς
3051 2071 3243 2124 ἑαυτὸν
3281 2072 3358 2133 είς
3388 2069 3444 2122 τὸ
3485 2070 3606 2122 κατ’
3633 2069 3822 2122 εἰκόνα

2243 2168 2337 2222 τοῦ
2382 2168 2665 2231 κτίσαντος
2685 2207 2698 2232 ,
2737 2163 3108 2230 ἀνακαινίζων
3133 2164 3233 2233 τὴν
3267 2163 3418 2232 φύσιν
3446 2161 3634 2232 ὥσπερ
3655 2157 3722 2232 ἦν
3755 2162 3814 2226 ἐξ

2243 2265 2439 2333 ἀρχῆς.

2242 2376 2486 2443 Σχόλια,
2513 2373 2642 2439 περὶ
2673 2371 3034 2439 σαρκώσεως
3063 2369 3166 2443 τὸν
3186 2369 3376 2443 (εί-τὸν
3401 2364 3816 2443 ἕχονταῄιςοῦν.

2313 2436 2416 2509 Εἰς
2445 2443 2509 2496 τὸ
2537 2483 2551 2502 ,
2583 2436 2627 2494 ἰ
2681 2436 3036 2508 Ἐᾆίιιρίσατο
3081 2439 3322 2508 adnixi»
3378 2439 3498 2509 καὶ,
3553 2455 3570 2485 ι
3617 2436 3824 2509 ’Υπερ-

2311 2506 2561 2583 oduacar
2615 2506 2834 2583 αὐτώ·ι
2881 2531 2899 2562 ι
2953 2510 3051 2564 καὶ
3113 2510 3230 2565 ὅσα
3281 2506 3540 2563 τοιαῦτα
3591 2506 3829 2574 ,λέγεται

2313 2582 2445 2653 περὶ
2477 2582 2758 2654 Χριστοῦ.

2316 2698 2576 2769 ’Υψιστος
2603 2700 2632 2750 ὀ
2660 2695 2753 2749 τοῦ
2783 2695 2918 2749 Θεοῦ
2949 2695 3120 2764 Λόγος
3147 2695 3251 2758 ἀεὶ,
3288 2693 3424 2747 καθὸ
3453 2693 3615 2756 Θεός·
3659 2691 3831 2760 ὑψοῦ-

2240 2811 2330 2847 ται
2361 2793 2416 2845 δέ
2462 2793 2537 2854 ὡς
2564 2791 2847 2862 ἄνθρωπος
2867 2806 2880 2818 ·
2913 2789 3167 2860 ἀνενδεὴς
3197 2787 3270 2840 ὢν
3298 2786 3375 2850 ὡς
3403 2786 3554 2850 Θεὸς,
3606 2785 3830 2855 λαμὸἀο

2242 2900 2352 2935 νειν
2388 2881 2463 2945 ὠς
2497 2880 2783 2952 ἄνθρωπος
2803 2879 3051 2946 λέγεται·
3085 2880 3473 2950 προσεκυνεῖτο
3504 2877 3657 2948 παρὰ
3688 2851 3861 2952 πάν-ξ

2241 2990 2348 3026 των
2397 2973 2474 3033 ὡς
2515 2949 2646 3033 Θεὸς
2668 3011 2682 3034 ,
2716 2970 2928 3042 δέχεται
2960 2969 3054 3024 νῦν
3083 2949 3181 3042 τήν
3213 2969 3585 3041 προσκύνησιν
3631 2968 3708 3031 ὡς
3736 2968 3829 3022 ἄν-
3858 2949 3861 2974 ἶ

2241 3064 2478 3137 θρωπος.
2511 3061 2573 3116 El
2607 3063 2684 3127 ὼς
2705 3063 2992 3135 ἄνθρωπος
3017 3063 3281 3130 ἀπέθανε,
3315 3063 3410 3116 καὶ
3431 3062 3601 3132 ψόγον
3637 3062 3827 3114 οὐδένα

549 3153 800 3222 dignitati
848 3151 942 3206 Dei
977 3149 1140 3204 Verbi
1194 3149 1471 3213 detrahit;
1519 3147 1590 3201 ita
1640 3147 1806 3200 etiam
1863 3144 2006 3198 nulla
2055 3153 2134 3198 est

2239 3157 2318 3228 τῷ
2363 3155 2483 3227 Θεῷ
2514 3155 2670 3226 Λόγῳ
2702 3155 2861 3208 τοῦτο
2906 3155 3319 3227 προστρίϐεται,
3376 3155 3528 3208 οὐδὲν
3575 3154 3823 3224 ἀδικήσει

548 3242 901 3305 contumelia,
935 3243 980 3296 si
1015 3241 1229 3296 dicatur
1258 3239 1534 3309 accepisse
1577 3238 1777 3306 aliquid
1821 3256 1834 3291 :
1874 3237 2136 3306 quemad-

551 3335 768 3387 modum
819 3332 964 3386 enim
1011 3331 1142 3385 illud
1195 3331 1515 3384 humanitati
1571 3328 1789 3391 accidit,
1849 3327 1919 3380 ita
1971 3329 2135 3381 etiam

553 3427 686 3477 haec.
726 3421 784 3477 Si
819 3436 941 3476 eum
973 3420 1293 3475 immortalis
1319 3420 1412 3484 sit,
1447 3429 1509 3473 ut
1541 3419 1702 3482 Deus,
1748 3427 1993 3471 mortuus
2015 3429 2136 3470 esse

555 3515 754 3569 dicitur
783 3522 840 3567 ut
872 3514 1065 3578 homo,
1095 3512 1390 3567 altissimus
1415 3527 1536 3567 eum
1564 3511 1666 3574 sit,
1695 3520 1753 3565 ut
1783 3509 1924 3564 Deus
1944 3548 1960 3574 ,
1987 3507 2132 3563 exal-

562 3616 707 3662 tatus
731 3606 952 3672 dicitur,
983 3615 1041 3660 ut
1071 3607 1251 3660 homo.

669 3719 945 3785 Quomodo
974 3719 1131 3774 Jeeus
1167 3717 1409 3773 Christus
1435 3718 1499 3771 eit
1535 3718 1587 3770 in
1619 3716 1790 3786 gloria
1825 3713 2026 3768 Patris.

623 3833 758 3902 Quia
789 3848 886 3904 per
919 3834 1273 3889 humanitatis
1318 3832 1742 3902 assumptionem
1776 3830 1917 3900 quod
1957 3827 2136 3900 perdi-

555 3936 665 3981 tum
698 3935 814 3981 erat
863 3937 1237 3996 recuperatum
1269 3935 1383 3991 cst,
1416 3926 1557 3996 quod
1599 3923 1890 3980 contritum
1929 3922 2135 3976 instau-

555 4028 729 4073 ratum
759 4027 860 4083 est,
893 4019 1036 4089 quod
1078 4019 1299 4074 errabat
1340 4031 1662 4072 conversum
1695 4030 1759 4070 ac
1798 4014 2078 4070 reductum
2118 4031 2130 4066 :

553 4124 670 4179 qua:
692 4111 874 4166 omnia
909 4118 1157 4181 spectant
1185 4112 1250 4164 ad
1279 4108 1506 4180 gloriam
1547 4106 1640 4163 Dei
1669 4120 1732 4162 ac
1753 4105 1951 4161 Patris.

1222 4221 1456 4278 ALIUD.

627 4330 708 4398 Si,
734 4333 877 4388 Deus
903 4349 1025 4387 cum
1057 4345 1225 4398 esset,
1252 4335 1412 4388 homo
1437 4334 1612 4389 factus
1639 4346 1743 4398 est,
1766 4345 1928 4404 atque
1957 4337 2060 4390 hoc
2079 4351 2135 4390 re

555 4421 671 4494 ipsa
707 4424 893 4479 subire
922 4424 1111 4489 voluit,
1139 4440 1298 4478 nemo
1333 4425 1638 4480 oﬂcndalur
1671 4427 1716 4480 si
1745 4441 1864 4494 quae
1885 4427 2134 4480 humani-

2239 3249 2334 3303 καὶ
2361 3249 2422 3301 τὸ
2454 3247 2711 3316 λέγεσθαι
2735 3247 2952 3299 λαϐεῖν’
2988 3246 3180 3317 ὥσπερ
3211 3247 3322 3317 γὰρ
3355 3247 3534 3300 ἐκεῖνο
3564 3244 3694 3316 περὶ
3726 3245 3821 3314 τὴν

2239 3341 2637 3412 ἀνθρωπότητα
2700 3338 2942 3408 γέγονεν,
2990 3337 3134 3393 οὕτω
3163 3339 3259 3392 καὶ
3298 3338 3469 3391 ταῦτα
3501 3337 3718 3406 ὁμοίως.
3758 3336 3819 3390 EI

2237 3433 2506 3495 ἀθάνατος
2550 3432 2625 3485 ὢν
2674 3431 2826 3495 Θεὸς,
2861 3431 3076 3498 λέγεται
3118 3430 3374 3484 τεθνάναι
3405 3430 3480 3491 ὡς
3513 3427 3813 3498 ἄνθρωπος,

2241 3524 2502 3593 ’Υψιστος
2552 3522 2626 3575 ὢν
2680 3522 2754 3586 ὡς
2803 3521 2954 3584 Θεὸς,
2999 3519 3262 3589 eoos-seat
3313 3519 3552 3586 λέγεται,
3603 3517 3678 3578 ὡς
3728 3514 3803 3568 ἀν.

2237 3615 2266 3668 θ
2274 3632 2473 3686 ρωπος.

2275 3729 2408 3796 Πῶς
2443 3727 2685 3796 Ἰησοῦς
2715 3728 2969 3797 Χριστός
3001 3729 3088 3792 εἰς
3120 3725 3310 3790 δόξαν
3347 3724 3495 3779 Θεοῦ
3531 3725 3780 3792 Πατρός.

2311 3846 2430 3897 Ὅτι
2473 3843 2563 3897 διὰ
2613 3842 2714 3913 τῆς
2759 3841 3223 3912 ἐνανθρωπήσεως
3275 3839 3335 3892 τὸ
3395 3839 3675 3902 ἀπολωλὸς
3725 3840 3810 3891 ἀν-

2236 3937 2413 4008 εσώθη
2439 3953 2450 3966 ·
2483 3935 2544 3988 τὸ
2575 3934 3032 4006 συντετριμμένον
3054 3932 3482 4003 κατεδεσμεύθη,
3514 3932 3576 3984 τὸ
3606 3929 3814 3985 πλανώο

2238 4046 2399 4101 μενον
2450 4027 2800 4099 ἐπεστράφη*
2843 4027 3108 4081 συντείνει
3145 4025 3200 4078 δέ
3224 4024 3396 4079 ταῦτα
3430 4025 3510 4088 είς
3538 4023 3695 4088 δόξαν
3722 4021 3809 4074 τοῦ

2234 4119 2370 4175 Θεοῦ
2408 4121 2498 4174 καὶ
2523 4118 2754 4189 Πατρός.

2917 4234 3118 4285 ΑΛΛΟ.

2303 4348 2365 4400 Εἰ
2396 4347 2528 4411 Θεὸς
2549 4345 2627 4399 ὢν
2654 4347 2877 4415 γέγονεν
2898 4345 3203 4416 ἄνθρωπος,
3231 4347 3326 4399 καὶ
3349 4346 3493 4416 ἔργῳ
3521 4345 3677 4397 τοῦτο
3706 4363 3806 4398 παο

2235 4436 2348 4489 θεῖν
2381 4437 2644 4507 ὑπέμεινε
2668 4479 2683 4503 ,
2717 4435 3154 4501 σκανδαλιζὲσθω
3185 4437 3376 4508 μηδεὶς
3396 4476 3411 4501 ,
3441 4438 3486 4488 εί
3529 4435 3597 4488 τὰ
3619 4437 3686 4506 τῇ
3719 4438 3813 4489 ἀν-

555 4517 654 4570 tati
699 4526 754 4572 et
790 4516 973 4572 servili
1021 4516 1324 4572 conditioni
1363 4518 1710 4585 conveniunt,
1761 4519 1924 4573 etiam
1978 4519 2031 4573 in
2074 4534 2131 4574 se

2239 4528 2550 4602 θρωπότητι
2594 4528 2873 4600 πρέποντα
2925 4528 3019 4582 καὶ
3059 4527 3136 4598 τῷ
3176 4529 3414 4599 σχήματι
3453 4525 3529 4598 τῷ
3557 4525 3807 4595 οἰκετικῷ

552 4610 823 4680 gestavit;
865 4625 1012 4677 nam,
1045 4619 1104 4664 ut
1141 4611 1325 4675 homo,
1356 4620 1409 4665 et
1435 4610 1682 4680 accipere
1710 4619 1764 4665 et
1795 4610 2021 4666 exaltari
2047 4611 2130 4666 di-

551 4705 710 4756 citur.
746 4703 847 4768 Qui
898 4716 1026 4757 vero
1068 4703 1456 4757 humanitatem
1509 4703 1677 4769 ipsam
1740 4702 1924 4765 subiit,
1981 4712 2130 4759 certe

554 4796 875 4864 reprehendi
905 4809 1012 4849 non
1048 4796 1238 4864 possit,
1275 4795 1320 4849 si
1361 4795 1524 4849 etiam
1557 4811 1619 4850 ea
1653 4809 1774 4864 quae
1802 4796 2125 4851 humanitati

551 4887 766 4958 propria
806 4894 931 4942 sunt
965 4888 1150 4942 subire
1179 4903 1284 4940 non
1325 4896 1534 4942 recuset
1571 4905 1584 4941 :
1632 4889 1905 4958 proprium
1946 4897 2124 4943 autem

552 4983 798 5034 humanae
839 4989 1048 5035 naturae
1085 4989 1168 5035 est
1204 4994 1233 5033 a
1259 4979 1374 5034 Deo
1399 4981 1663 5049 accipere,
1693 4980 1844 5050 juxta
1884 4979 2012 5034 illud
2044 4981 2126 5034 di-

549 5081 694 5127 ctum
729 5091 741 5127 :
786 5090 806 5124 (
835 5072 974 5140 Quid
1015 5075 1158 5128 enim
1195 5073 1360 5127 habes
1386 5075 1528 5142 quod
1562 5087 1666 5128 non
1706 5074 1958 5143 accepisti
1995 5072 2122 5142 “?,r

550 5167 772 5235 Accepit
808 5165 974 5234 igitur
1005 5173 1064 5219 ut
1102 5165 1262 5220 homo
1308 5180 1404 5234 per
1436 5166 1687 5233 gratiam,
1724 5181 1843 5236 quae
1885 5174 1943 5221 ut
1987 5166 2126 5221 Deus

550 5256 738 5314 habuit
759 5258 1101 5314 naturaliter.

1227 5369 1451 5426 ALIUD.

619 5483 676 5540 Si
705 5481 868 5538 Pater
896 5483 1077 5538 omnia
1103 5494 1359 5551 operatur
1377 5497 1472 5552 per
1506 5482 1698 5538 Filium
1717 5483 1808 5550 “‘,
1839 5492 1894 5539 et
1921 5483 2124 5552 absque

551 5580 668 5649 ipso
699 5580 896 5632 factum
943 5587 1027 5633 est
1064 5577 1199 5631 nihil
1244 5577 1314 5641 ",
1351 5577 1657 5632 necessario
1705 5576 1992 5632 dicendum
2039 5585 2122 5634 est

552 5674 725 5742 ipsum
749 5671 850 5725 sibi
882 5669 984 5738 ipsi
1009 5669 1393 5724 exaltationem
1427 5669 1663 5738 dedisse,
1697 5671 2039 5741 gratiamque
2091 5686 2121 5725 a

2239 4621 2463 4691 φέρεται
2495 4623 2589 4675 καὶ
2621 4623 2707 4674 ἐπ’
2735 4620 2897 4674 αὐτοῦ
2921 4639 2932 4651 ·
2969 4621 3045 4684 ὼς
3077 4620 3187 4691 γὰρ
3221 4621 3508 4692 ἄνθρωπος
3551 4620 3646 4672 καὶ
3675 4619 3828 4689 λαμ-.

2237 4712 2422 4766 σάνειν
2452 4712 2546 4766 καὶ
2570 4711 2837 4781 ὑψοῦσθαι
2865 4711 3101 4781 λέγεται.
3120 4713 3176 4766 '0
3205 4712 3259 4764 δέ
3287 4713 3387 4782 τὴν
3419 4710 3814 4780 ἀνθρωπότητα

2236 4805 2406 4874 αὐτὴν
2440 4805 2739 4874 ὑπομείνας
2765 4843 2779 4868 ,
2811 4805 2910 4857 οὐκ
2955 4804 3020 4858 ἂν
3061 4805 3300 4872 εὐλόγως
3326 4803 3568 4873 ψὲγοιτο,
3615 4803 3711 4856 καὶ
3749 4802 3812 4854 τὰ

2235 4891 2334 4962 τῆς
2361 4892 2779 4964 ἀνθρωπότητος
2818 4893 2924 4946 ἴδια
2971 4894 3201 4965 φορέσαι
3248 4893 3323 4964 μὴ
3354 4893 3811 4964 παραιτούμενος.

2242 4984 2399 5038 Ἵδιον
2425 4985 2482 5038 δέ
2509 4984 2797 5057 ἀνθρώπου
2831 4985 3049 5055 φύσεως
3071 4987 3131 5039 τὸ
3155 4986 3219 5038 λα
3229 4986 3454 5056 μσάνειν
3482 4983 3632 5056 παρά
3654 4985 3812 5050 Θεοῦ,

2230 5075 2374 5130 κατά
2407 5076 2467 5128 τὸ
2497 5075 2658 5147 ῥητὸν
2686 5076 2747 5129 τὸ
2775 5075 2950 5144 ).ἐγον’
2986 5094 3004 5127 ι
3043 5077 3109 5129 Τί
3149 5076 3258 5147 γὰρ
3301 5075 3444 5147 ἔχεις
3487 5074 3516 5128 ὅ
3547 5075 3648 5129 οὐκ
3696 5076 3814 5128 ἕλα-

2231 5169 2356 5236 6ες;
2395 5188 2412 5221 ι
2453 5169 2690 5238 Εῐληφεν
2729 5168 2836 5240 ἄρα
2863 5169 2940 5234 ὼς
2965 5168 3250 5240 ἄνθρωπος
3276 5167 3417 5222 κατὰ
3440 5168 3606 5238 χάριν
3625 5210 3640 5236 ,
3673 5167 3812 5237 ᾇπερ

2203 5251 2205 5254 ί
2231 5257 2376 5332 εἶχεν
2399 5261 2473 5326 ὠς
2499 5261 2632 5324 Θεὸς
2658 5261 2924 5330 φυσικῶς.

2911 5376 3116 5430 AAAO.

2300 5488 2363 5540 EI
2409 5487 2586 5542 πάντα
2631 5486 2698 5540 δι’
2733 5484 2860 5538 Υἱοῦ
2903 5487 2931 5538 ὁ
2971 5484 3161 5556 Πατὴρ
3191 5484 3487 5556 ἐργάζεται
3511 5526 3526 5552 ,
3557 5486 3728 5557 χωρίς
3753 5501 3810 5539 τε

2230 5577 2395 5632 αὑτοῦ
2427 5578 2655 5646 γέγονεν
2679 5577 2852 5640 οὐδὲν,
2880 5577 3176 5644 ἀναγκαῖον
3210 5579 3404 5644 εἰπεῖν,
3435 5577 3627 5649 ὅτιπερ
3650 5577 3811 5640 αὐτὸς

2228 5665 2296 5742 ἦν
2343 5669 2522 5740 ἐαυτῷ
2569 5669 2661 5724 καὶ
2702 5669 2762 5723 τὸ
2808 5667 3072 5738 ὑψοῦσθαι
3121 5668 3317 5737 διδοὺς,
3374 5667 3470 5722 καὶ
3513 5667 3614 5742 τὴν
3664 5665 3811 5738 παρά

619 5828 664 5859 ⁸³
692 5823 835 5881 I‘sal.
861 5839 1018 5889 mn,
1049 5823 1098 5875 7.
1179 5824 1222 5854 ⁸³
1248 5821 1477 5892 Philipp.
1518 5839 1574 5889 ll,
1607 5824 1660 5879 9.
1738 5825 1780 5856 “
1823 5823 1838 5879 I
1879 5825 2007 5880 Cor.
2051 5841 2123 5891 Iv,

2277 5825 2344 5858 W
2384 5824 2543 5880 Joan.
2583 5841 2633 5888 ι’,
2671 5826 2754 5878 l7.
2836 5826 2880 5857 ⁸⁸
2918 5824 3076 5882 Joan.
3109 5841 3148 5890 ι,
3189 5827 3243 5880 5.
