4078 6260
515 364 621 432 535

1505 369 1573 422 δ.
1614 365 1889 421 cum.“
1926 353 2404 420 A‘LEXANDRINI
2440 364 2760 422 ARCHIEP.

3687 344 3798 412 33b

512 497 656 570 quod
679 501 901 566 propter
934 495 1031 546 nos
1067 486 1364 544 in‘Chr-is‘to
1379 484 1667 555 "impletur,
1698 493 1883 540 ut'nos
1909 483 1961 538 in
1989 483 2097 554 ipso

2205 481 2272 536 δι’
2305 485 2456 559 ἡμᾶς
2479 485 2536 538 ὲν
2555 481 2778 554 Χριστῷ
2803 479 3202 551 πληρούμενον,
3219 475 3313 532 ’ῖνα
3335 477 3495 551 ἡμεῖς
3516 464 3815 545 ἀγιασθὼέ

512 589 938 648 sanotilicemur.

1186 695 1412 754 ALIUD.

899 837 979 893 Ea:
1006 835 1292 919 objeqtione
1321 829 1708 886 hmreticorum.

588 977 858 1046 Scriptum
895 981 997 1038 est,
1030 970 1283 1041 inquiunt
1325 987 1338 1023 :
1373 987 1391 1019 ι
1428 963 1672 1020 Dilexisti
1713 960 2006 1031 justitiam,
2044 971 2101 1017 et

519 1070 679 1127 odisti
728 1068 1102 1134 iniquitatem,
1153 1062 1359 1116 idcirco
1403 1056 1561 1112 unxit
1618 1065 1670 1110 te
1725 1055 1906 1120 Deus,
1960 1046 2100 1109 Deus

489 1173 638 1221 ,tuus
668 1160 736 1214 ⁷ο.
764 1179 781 1210 ι
818 1157 930 1212 Non
963 1158 1128 1226 igitur
1161 1156 1213 1209 in
1240 1153 1555 1207 universum
1583 1156 1808 1202 unctum
1833 1161 1956 1201 esse
1986 1145 2099 1200 Do-

513 1255 718 1307 minum
745 1251 1016 1312 dabimus,
1050 1247 1153 1302 nisi
1185 1244 1463 1300 dilexisset
1506 1240 1774 1313 justitiam
1815 1247 1871 1294 et
1898 1237 2100 1293 odisset

509 1343 876 1412 iniquitatem.
915 1339 1032 1395 Vox
1067 1341 1212 1394 enim
1270 1339 1410 1402 hac,
1436 1335 1653 1400 idcirco,
1712 1346 1832 1402 quae
1877 1345 2097 1386 causam

508 1437 799 1506 significat,
852 1437 1083 1502 adjecta,
1130 1430 1437 1487 unctionem
1485 1438 1741 1496 tanquam
1797 1424 2097 1480 mercedem

509 1529 726 1584 virtutis
756 1542 878 1583 esse
904 1526 1163 1580 ostendit.
1196 1523 1251 1579 Si
1283 1537 1410 1577 vero
1441 1520 1645 1575 idcirco
1687 1518 1926 1588 ungitur,
1970 1516 2097 1586 quia

504 1621 774 1691 justitiam
807 1617 992 1674 dilexit
1023 1625 1078 1670 et
1118 1614 1234 1669 odit
1279 1611 1645 1682 iniquitatem,
1684 1622 1815 1675 ergo
1853 1605 2099 1663 sanctiﬁ-

509 1712 780 1768 cationem
814 1711 954 1765 dono
1000 1706 1218 1777 accipit.
1250 1703 1352 1771 Qui
1391 1717 1522 1758 vero
1571 1699 1881 1772 adjectione
1918 1697 2098 1768 aliqua

509 1813 652 1875 eget,
690 1800 1040 1874 imperfectus
1076 1800 1148 1854 sit
1173 1803 1411 1866 oportet,
1451 1809 1626 1864 neque
1671 1793 1818 1848 Patri
1854 1789 2098 1864 perfecto

508 1899 724 1952 similis.

1023 2025 1232 2083 Salutio
1258 2023 1586 2093 objectionis.

585 2168 780 2237 Surge,
807 2165 898 2234 qui
926 2158 1154 2226 dormis,
1175 2169 1224 2216 et
1252 2159 1520 2215 suscitare
1551 2172 1583 2213 e
1605 2155 1835 2211 mortuis
1854 2155 2101 2225 “,atque

505 2262 633 2318 audi
675 2260 940 2323 vicissim,
977 2256 1251 2311 hmretice.
1287 2253 1422 2320 Quia
1470 2251 1675 2321 inquit,
1731 2267 1750 2301 ι
1781 2247 1952 2305 Odisti
1998 2250 2102 2304 ini-

505 2356 791 2427 quitatem,
847 2361 902 2406 et
953 2349 1190 2404 dilexisti
1235 2347 1532 2416 justitiam,
1584 2345 1790 2400 idcirco
1841 2343 1994 2399 unxit
2049 2353 2100 2398 te

507 2450 686 2504 Deus:
724 2464 744 2498 ι
778 2458 884 2499 ιιοη
919 2441 1265 2511 utquispiam
1310 2438 1455 2493 illam
1489 2439 1798 2492 unctionem
1828 2436 2097 2491 mercedis

505 2541 622 2595 loco
659 2536 934 2605 accepisse
959 2533 1286 2601 suspicetur,
1326 2530 1419 2585 sed
1467 2539 1527 2582 ut
1565 2528 1670 2582 hoc
1694 2537 1870 2598 .pacto
1893 2527 2096 2580 dictum

505 2628 891 2696 inteiligamus.
921 2623 1137 2677 Primus
1161 2629 1345 2673 noster
1378 2632 1576 2688 parens
1608 2617 1775 2672 Adam
1818 2616 2098 2670 mutabilis

507 2721 609 2776 fuit
637 2729 864 2778 naturae,
889 2715 1089 2784 quique
1111 2710 1384 2767 interdum
1410 2712 1624 2780 quidem
1639 2709 1916 2781 justitiam
1952 2722 2099 2762 ama-

508 2823 610 2876 ret,
657 2821 710 2864 et
743 2807 1082 2877 iniquitatem
1119 2806 1324 2858 odisset
1358 2821 1371 2858 :
1414 2803 1688 2857 interdum
1718 2817 1847 2856 vero
1882 2801 1932 2856 in
1964 2815 2096 2856 con-

506 2903 734 2959 trarium
762 2900 1004 2955 habitum
1032 2897 1348 2951 transiliret.
1370 2895 1504 2951 Cum
1533 2895 1676 2948 enim
1700 2893 1801 2949 hoc
1819 2894 2097 2964 proprium

506 2996 577 3052 sit
611 3002 818 3047 naturas
853 2989 1132 3055 mutabili,
1175 2987 1432 3042 seductus
1474 2985 1576 3040 [uit
1613 3000 1642 3039 a
1687 2984 1916 3040 diabolo.
1962 2982 2094 3037 Cum

506 3094 637 3141 vero
660 3084 726 3138 ad
753 3083 1054 3137 curandum
1087 3081 1230 3134 hunc
1262 3079 1511 3134 morbum
1549 3078 1914 3132 necessarium
1953 3086 2099 3130 esset

509 3190 568 3235 ut
612 3175 950 3233 immutabile
1000 3175 1093 3230 Dei
1125 3172 1364 3229 Verbum
1394 3172 1632 3241 seipsum
1668 3185 1767 3240 pro
1800 3169 1953 3222 nobis
1983 3165 2098 3221 dia-

507 3268 630 3324 bolo
658 3274 978 3336 opponeret,
1011 3272 1089 3329 ut,
1119 3263 1575 3334 quemadmodum
1609 3277 1703 3332 per
1733 3261 1875 3316 illius
1915 3271 2092 3315 muta-

508 3361 770 3414 bilitatem
824 3358 948 3411 victi
1003 3369 1253 3420 eramus,
1321 3355 1393 3408 ita
1444 3369 1542 3423 per
1606 3353 2096 3408 immutabilitatem

507 3445 672 3503 Verbi
711 3447 1016 3502 vincamus.
1057 3445 1262 3499 Idcirco
1299 3445 1538 3513 ungitur,
1574 3453 1759 3515 utpote
1803 3459 2016 3515 semper
2045 3455 2099 3500 et

509 3538 922 3594 itnmutabiliter
975 3527 1256 3608 justitiam
1322 3535 1581 3604 diligens,
1647 3547 1703 3591 et
1759 3537 2096 3607 iniquitatem

509 3646 728 3687 exosam
761 3630 987 3694 habens,
1033 3628 1237 3699 quique
1264 3627 1459 3681 mutari
1491 3637 1744 3697 nequeat.
1774 3627 1908 3682 Cum
1938 3628 2100 3698 igitur

510 3723 642 3780 dicit
687 3740 701 3776 :
751 3741 768 3774 ι
807 3720 1050 3776 Dilexisti
1101 3720 1367 3790 justitiam
1416 3726 1470 3772 et
1517 3719 1676 3775 odisti
1731 3719 2097 3790 iniquitatem,

512 3816 714 3872 idcirco
747 3816 903 3870 unxit
928 3825 978 3869 te
1013 3803 1171 3880 Deus,
1212 3831 1231 3864 ι
1270 3813 1344 3868 ita
1384 3811 1662 3882 intellige:
1701 3811 1835 3866 Cum
1877 3827 1944 3866 ex
1983 3826 2100 3866 om-

512 3907 673 3966 nibus
713 3908 914 3964 creatis
951 3905 1265 3960 mutabilem
1312 3915 1560 3958 naturam
1606 3904 1930 3958 habentibus
1967 3903 2099 3957 nihil

511 4001 726 4057 diabolo
777 4001 1045 4056 obsistere
1104 4007 1319 4076 posset;
1373 4004 1427 4050 tu
1478 4009 1607 4050 vero
1655 4009 1720 4050 ex
1773 3993 2097 4049 immutabili

513 4094 671 4148 Patre
703 4090 1053 4148 immutabilis
1083 4090 1378 4153 exsistens,
1411 4088 1552 4143 Deus
1586 4086 1847 4152 Verbum,
1881 4099 2100 4157 semper

508 4185 773 4255 justitiam
819 4183 1018 4252 diligis,
1069 4191 1123 4235 et
1170 4181 1513 4249 iniquitatem
1580 4179 1789 4244 odisti,
1845 4179 1998 4233 unxit
2047 4187 2101 4234 te

517 4279 682 4339 Deus,
712 4286 770 4329 ut
791 4275 843 4328 in
870 4283 941 4336 te,
971 4282 1024 4327 et
1044 4272 1483 4340 quideinprimo,
1517 4271 1752 4324 heroinis
1787 4280 1973 4323 natura
2004 4269 2098 4322 ad-

516 4381 704 4421 versus
725 4381 846 4421 eum
875 4365 1063 4416 victrix
1091 4364 1364 4415 evaderet.

730 4577 957 4645 ALIUD,
1006 4593 1070 4630 ex
1099 4575 1277 4629 eodem
1316 4574 1619 4646 syllogismo
1650 4575 1876 4628 illatum.

590 4711 757 4768 Multa
777 4707 1145 4780 hujuscemodi
1165 4707 1215 4760 in
1233 4722 1383 4760 sacra
1403 4705 1682 4774 Scriptura
1707 4705 1903 4761 de'Deo
1922 4706 2096 4760 at’Pa-

525 4817 607 4863 tre
624 4804 894 4866 dicuntur,
913 4798 1054 4870 quod
1084 4799 1245 4870 199
1266 4816 1285 4850 ι
1303 4797 1488 4854 Justus
1515 4800 1769 4854 Dominus
1787 4809 1840 4854 et
1858 4800 2098 4868 justitins

521 4899 714 4956 dilexit
754 4897 819 4951 ⁷³.
854 4914 872 4948 ι
906 4894 972 4948 Et
998 4908 1208 4950 .rursus
1251 4909 1266 4946 :
1313 4911 1330 4943 ι
1364 4891 1536 4947 Odisti
1576 4907 1767 4947 omnes
1812 4902 2099 4963 operantcs

516 4987 851 5060 iniquitatem
880 4985 947 5042 ".
974 5003 992 5036 ι
1027 4983 1158 5039 llem
1186 5000 1200 5036 :
1235 5001 1253 5035 ε
1282 4981 1394 5052 Ego
1417 4981 1674 5037 Dominus
1695 4983 1785 5052 qui
1818 4983 1982 5051 diligo
2007 4983 2098 5052 ju-

513 5080 740 5142 stitiam,
771 5083 824 5130 et
869 5074 958 5130 odi
1006 5072 1226 5144 rapinas
1252 5087 1318 5126 ex
1365 5071 1651 5142 iniquitate
1683 5072 1750 5125 ⁷⁸.
1784 5091 1803 5125 ι
1839 5075 2000 5143 Atqui
2049 5075 2093 5128 si

513 5172 637 5239 quis
669 5171 814 5224 dicat
846 5185 861 5222 :
891 5166 1116 5237 Magnus
1145 5166 1404 5221 Dominus
1441 5173 1642 5228 noster,
1673 5165 1798 5234 quia
1827 5163 2094 5236 justitiam

525 5263 699 5334 diligit
743 5269 797 5316 et
822 5260 934 5314 odit
961 5259 1299 5329 iniquitatem
1327 5276 1342 5314 :
1374 5274 1443 5312 an
1485 5259 1674 5314 titulus
1707 5261 1812 5324 hic,
1845 5276 2089 5332 magnus,

521 5358 627 5413 erit
657 5354 768 5408 Deo
797 5367 860 5407 ac
887 5351 1032 5406 Patri
1064 5363 1274 5406 merces
1299 5350 1538 5418 vlrtutis,
1569 5352 1852 5420 quod-haec
1879 5353 2097 5424 quidem

516 5458 680 5513 amet,
702 5446 786 5499 illa
812 5458 939 5499 vero
954 5442 1128 5499 oderit
1144 5441 1342 5498 iCerte
1363 5445 1774 5513 nemoﬁunquam
1794 5445 1929 5500 adeo
1947 5445 2096 5500 insa-

517 5539 697 5591 nierit.
747 5535 1212 5602 Quemadmodum
1254 5534 1420 5604 igitur
1471 5533 1780 5604 hujusmodi
1835 5547 1983 5592 recte
2031 5551 2094 5592 ac

516 5629 602 5698 pie
626 5631 694 5682 de
726 5625 884 5680 Patre
915 5627 1168 5682 dicuntur
1203 5643 1217 5680 :
1257 5627 1330 5680 ita
1367 5629 1533 5682 etiam
1565 5635 1712 5683 recte
1733 5627 1799 5684 de
1843 5627 1979 5684 Filio
2010 5629 2095 5684 in-

2205 587 2305 644 μεν
2339 579 2394 627 ὲν
2427 574 2591 644 αύτῷ.

2905 690 3107 741 ΑίΧΛΟ.

2528 822 2628 888 Ὣς
2648 822 2718 886 ἐξ
2754 821 3113 887 ἀντιθέσεως
3145 821 3476 889 αἱρετικῶν.

2271 954 2610 1028 Γέγραπται,
2649 954 2833 1024 φασίν·
2869 973 2887 1005 ι
2945 947 3267 1025 Ἦγάπησας
3305 955 3678 1027 δικαιοσύνην,
3704 957 3810 1010 καὶ

2199 1049 2472 1120 ἐμίσησας
2503 1046 2755 1119 ἀνομίαν,
2780 1047 2866 1101 διὰ
2888 1047 3046 1100 τοῦτο
3070 1046 3255 1118 ἔχρισέ
3290 1064 3348 1100 σε
3375 1049 3404 1102 6
3434 1047 3587 1112 Θεός,
3617 1051 3645 1100 6
3663 1048 3809 1109 Θεός

2205 1157 2320 1193 σου.
2356 1157 2374 1190 ι
2409 1137 2521 1191 Ούκ
2547 1139 2612 1192 ἂν
2640 1133 2732 1192 οὖν
2761 1139 2898 1202 ὅλως
2924 1137 3210 1210 κεκρίσθαι
3253 1139 3345 1193 τὸν
3398 1138 3603 1211 Κύριον
3628 1139 3803 1192 δώσο-

2206 1249 2326 1302 μεν,
2355 1231 2404 1283 εί
2434 1229 2508 1302 μὴ
2537 1220 2884 1302 δικαιοσύνην
2913 1231 3192 1301 ἠγάπησε,
3233 1231 3330 1284 καὶ
3370 1231 3636 1302 ἐμίσησεν
3682 1231 3802 1284 ἀδι-

2204 1321 2347 1375 κίαν.
2367 1321 2424 1375 Ὀ
2454 1321 2564 1393 γὰρ
2592 1309 2889 1390 σύνδεσμος
2917 1323 2946 1374 6
2973 1321 3360 1390 αίτιολογικὺς,
3395 1307 3669 1388 τουτέστι,
3694 1323 3804 1377 διὰ

2203 1413 2399 1477 τοῦτο,
2427 1412 2632 1484 μεταξὺ
2694 1412 2966 1483 κείμενος,
3004 1412 3205 1482 μισθὸν
3259 1411 3453 1485 ῶσπερ
3501 1415 3706 1486 ἀρετὴς
3732 1416 3802 1470 τὸ

2203 1505 2414 1577 χρίσμα
2463 1504 2716 1558 δεικνύει.
2772 1505 2834 1557 Εί
2865 1504 2922 1558 δὲ
2973 1498 3065 1558 διὰ
3107 1504 3267 1558 τοῦτο
3310 1506 3550 1578 χρίεται,
3595 1509 3679 1562 ὅτι
3716 1509 3792 1561 διο

2204 1596 2498 1668 καιοσύνην
2523 1598 2734 1668 ἀγαπᾷ,
2771 1596 2866 1650 καὶ
2899 1597 3115 1650 ἀδικίαν
3152 1600 3322 1668 μισεῖ,
3360 1598 3534 1670 δῶρον
3563 1599 3676 1670 ἔχει
3702 1597 3799 1654 τὸν

2205 1687 2496 1759 ἁγιασμόν.
2537 1688 2594 1741 Ὁ
2623 1687 2679 1741 δὲ
2716 1687 3035 1760 προσθήκης
3061 1689 3206 1752 τινὸς
3229 1689 3468 1761 δεηθεὶς,
3504 1692 3701 1764 ἀτελὴς
3727 1693 3796 1748 ἂν

2205 1781 2313 1850 εἴη,
2348 1781 2441 1834 καὶ
2468 1781 2565 1850 οὐχ
2599 1783 2784 1851 ὅμοιος
2825 1779 2900 1851 τῷ
2941 1779 3130 1852 τελείῳ
3166 1781 3364 1852 Πατρί.

2695 2002 2853 2070 Πρὸς
2879 2001 3056 2056 τοῦτο
3094 2002 3296 2069 λύσις.

2267 2122 2526 2210 Ἐγειραι
2559 2141 2587 2192 6
2621 2137 2927 2203 καθεύδων,
2957 2139 3052 2191 καὶ
3087 2136 3298 2191 ἀνάστα
3322 2139 3383 2192 ὲκ
3414 2138 3520 2192 τῶν
3548 2141 3772 2213 νεκρῶν,

2200 2235 2295 2288 καί
2331 2232 2539 2304 ἀκούσῃ
2563 2232 2742 2296 πάλιν,
2782 2230 3061 2301 αἱρετικέ.“
3095 2231 3335 2302 Ἐπειδὴ,
3388 2233 3569 2304 φησιν,
3602 2253 3620 2285 ι
3659 2233 3773 2303 spi-

2202 2343 2374 2398 σησας
2399 2324 2636 2392 ἀδικίαν,
2667 2323 2765 2377 καὶ
2783 2323 3079 2394 ἠγάπησας
3100 2321 3473 2396 δικαιοσύνην,
3508 2326 3596 2380 διά
3623 2326 3774 2379 τοῦτο

2199 2419 2387 2492 ἔχρισε
2421 2434 2480 2470 σε
2500 2418 2528 2470 6
2552 2416 2719 2481 Θεὸς,
2760 2436 2778 2467 ι
2808 2417 2908 2487 οὐχ
2933 2417 3018 2470 ἵνα
3045 2415 3239 2487 μισθὸν
3261 2417 3466 2489 ἀρετῆς
3498 2418 3559 2471 τὸ
3582 2419 3783 2490 χρίσμα

2197 2508 2444 2565 δεδόσθαι
2467 2526 2547 2572 τις
2566 2505 2831 2578 ὑπολάϐῃ,
2864 2507 2980 2561 ἀλλ’
3023 2508 3110 2561 ἵνα
3142 2509 3369 2561 τοιῶσδε
3409 2511 3694 2580 νοήσωμεν
3731 2510 3788 2562 τὸ

2198 2605 2509 2674 λεγόμενον.
2563 2603 2817 2674 Τρεπτῆς
2867 2603 3129 2674 ὑπάρχων
3163 2603 3378 2673 φύσεως
3424 2605 3453 2656 6
3481 2603 3788 2675 προπάτωρ

2212 2697 2401 2768 Ἀδὰμ,
2433 2696 2526 2749 καὶ
2554 2694 2815 2766 πεφυκὼς
2839 2695 3056 2750 ἐσθ’ὃτε
3089 2696 3215 2750 ποτὲ
3246 2695 3346 2768 μὲν
3380 2695 3479 2766 τὴν
3509 2695 3789 2750 δικαιοσύ-

2198 2807 2297 2860 νην
2331 2791 2552 2862 ἀγαπᾷν
2587 2790 2682 2843 καὶ
2715 2793 2895 2861 μισεῖν
2942 2791 3043 2862 τὴν
3099 2789 3331 2854 ἀδικίαν,
3382 2791 3514 2843 ποτὲ
3542 2790 3600 2842 δὲ
3625 2789 3790 2844 πάλιν

2198 2885 2277 2947 είς
2305 2880 2403 2954 τὴν
2423 2883 2670 2937 ἐναντίαν
2697 2883 2809 2950 ἕξιν
2833 2884 3168 2956 μεταπηδᾷν,
3204 2883 3295 2937 καὶ
3325 2884 3544 2954 ἀγαπᾷν
3571 2884 3670 2954 μὲν
3695 2883 3792 2955 τὴν

2199 2974 2436 3039 ἀδικίαν,
2491 2977 2670 3046 μισεῖν
2700 2976 2762 3029 δὲ
2790 2977 2890 3046 τὴν
2923 2974 3274 3048 δικαιοσύνην
3320 2974 3514 3046 (τοῦτο
3544 2976 3656 3048 γὰρ
3686 2977 3793 3030 τῶν

2197 3065 2546 3138 τρεπομένην
2609 3066 2984 3139 ἐχόντωντὴν
3035 3067 3200 3136 φύσιν
3244 3066 3433 3138 ἴδιον),
3470 3066 3791 3139 παρηνέχθη

2202 3157 2352 3230 πάρά
2380 3156 2473 3213 τοῦ
2496 3157 2768 3213 διαϐόλου.
2815 3150 3030 3231 Ἐπειδὴ
3057 3160 3114 3213 δὲ
3143 3159 3281 3230 πρὸς
3304 3160 3404 3229 τὴν
3433 3158 3528 3212 τοῦ
3550 3159 3790 3213 τοιούτου

2198 3253 2505 3322 νοσήματος
2538 3251 2690 3305 λύσιν
2717 3251 2823 3306 ἔδει
2861 3252 2952 3305 τὸν
2989 3252 3269 3324 ἄτρεπτον
3319 3253 3414 3306 τοῦ
3439 3250 3578 3307 Θεοῦ
3625 3253 3793 3321 Λόγον

2201 3346 2392 3400 ἑαυτὸν
2435 3345 2753 3417 ὑπὲρὴμῶν
2787 3345 3084 3399 ἀντιθεῖναι
3115 3345 3192 3418 τῷ
3228 3346 3472 3418 πονηρῷ,
3515 3346 3791 3417 ἵν’ὦσπερ

2199 3438 2287 3491 διά
2305 3439 2404 3508 τῆς
2434 3437 2645 3491 ἐκείνου
2708 3440 2918 3508 τροπῆς
2953 3438 3325 3508 ὲνικήθημεν,
3385 3429 3531 3493 οὕτω
3577 3439 3664 3493 διὰ
3695 3441 3793 3510 τῆς

2199 3529 2461 3600 ἀτρεψίας
2499 3527 2594 3580 τοῦ
2627 3528 2802 3597 Λόγου
2835 3532 3234 3600 κρατήσωμενο
3271 3530 3360 3583 διά
3390 3531 3553 3584 τοῦτο
3581 3531 3792 3602 χρίεται

2200 3618 2276 3682 ὡς
2303 3618 2392 3672 ἀεὶ
2417 3619 2514 3672 καὶ
2532 3617 3020 3691 [ἀ]-παραλλάκτως
3060 3620 3410 3693 δικαιοσύνην
3430 3621 3685 3690 ἀγαπῶν,
3704 3624 3794 3676 καὶ

2204 3709 2377 3780 μισῶν
2410 3709 2646 3775 ἀδικίαν,
2696 3711 2789 3764 καὶ
2840 3713 3115 3783 τραπῆναι
3160 3713 3234 3782 μὴ
3273 3712 3594 3783 δυνάμενος.
3627 3716 3791 3767 Ὅταν

2200 3798 2293 3859 οὖν
2325 3802 2482 3874 λέγῃ,
2523 3803 2890 3874 ιἮγάπησας
2938 3804 3320 3876 δικαιοσύνην,
3374 3806 3471 3860 καὶ
3525 3807 3792 3878 ἐμίσησας

2201 3894 2434 3958 ἀδικίαν,
2459 3895 2545 3949 διά
2572 3895 2730 3948 τοῦτο
2760 3895 2945 3966 ἔχρισέ
2977 3914 3035 3950 σε
3061 3899 3088 3950 6
3129 3896 3290 3960 Θεὸς,
3331 3916 3349 3949 ι
3381 3898 3642 3969 τοιαύτην
3675 3898 3791 3953 τινὰ

2200 3985 2358 4058 δέχου
2391 3985 2627 4040 διάνοιαν
2646 4005 2657 4017 ·
2695 3987 2917 4059 Ἐπειδὴ
2939 3989 3158 4043 πάντων
3183 3989 3294 4042 τῶν
3322 3991 3569 4060 γενητῶν
3593 4008 3789 4062 τρεπο-

2204 4079 2372 4150 μένην
2394 4080 2632 4149 ἑχόντων
2659 4081 2756 4152 τὴν
2784 4080 2946 4150 φύσιν
2977 4081 3128 4134 οὐδὲν
3158 4081 3389 4151 ἠδύνατο
3418 4084 3688 4154 μάχεσθαι
3715 4083 3792 4154 τῷ

2199 4170 2451 4242 διαὸόλῳ,
2501 4173 2565 4225 σὺ
2585 4171 2649 4224 δὲ
2709 4171 2768 4238 ἐξ
2799 4172 3070 4243 ἀτρέπτου
3125 4172 3341 4243 Πατρὸς
3389 4173 3662 4246 ἄτρεπτος
3691 4175 3786 4238 ὢν,

2200 4263 2331 4328 Θεὸς
2355 4265 2546 4333 Λόγος,
2575 4264 2667 4317 ἀεὶ
2694 4265 3040 4336 δικαιοσύνην
3069 4265 3316 4336 ἀγαπᾷς,
3355 4268 3454 4338 τήν
3495 4285 3552 4320 τε
3571 4268 3786 4321 ἀδικίαν

2204 4358 2400 4426 μισεῖς,
2425 4356 2610 4426 έχρισέ
2637 4373 2694 4408 σε
2726 4359 2754 4408 6
2783 4357 2935 4420 Θεὸς,
2990 4358 3075 4410 ἵνα
3105 4358 3162 4410 ὲν
3193 4360 3275 4412 σοὶ
3329 4360 3421 4413 καὶ
3457 4358 3651 4432 πρώτῳ
3683 4360 3784 4430 τὴν

2200 4445 2490 4517 ἀνθρώπου
2528 4447 2692 4518 φύσιν
2720 4449 2850 4520 παρ’
2881 4449 3020 4503 αὐτὰ
3055 4450 3293 4505 νικῶσαν
3327 4451 3605 4525 θεάσηται.

2133 4587 2174 4638 Ι)
2274 4582 2482 4643 ΑΛΛΟ.
2499 4582 2568 4636 ἐκ
2595 4583 2700 4637 τοῦ
2721 4585 2907 4639 αὐτοῦ
2936 4587 3248 4657 συναχθὲν
3271 4589 3719 4660 συλλογισμοῦ.

2271 4717 2601 4790 Εὑρίσκεται
2626 4718 2774 4791 παρά
2802 4722 2867 4791 τῇ
2894 4721 3015 4792 θεία
3037 4723 3227 4794 Γραφῇ
3260 4724 3389 4796 περὶ
3411 4723 3503 4777 τοῦ
3537 4722 3673 4777 Θεοῦ
3697 4725 3793 4778 καὶ

2201 4807 2414 4879 Πατρὸς
2453 4807 2680 4878 κείμενα
2726 4809 2952 4865 τοιαῦτα
2996 4811 3189 4877 πολλὰ,
3224 4813 3306 4865 ὅτι
3341 4832 3360 4864 ι
3412 4814 3633 4876 Δίκαιος
3680 4813 3796 4866 Κύ-

2203 4917 2317 4972 ριος
2352 4899 2444 4954 καὶ
2473 4899 2822 4964 δικαιοσύνας
2840 4903 3118 4975 ἠγάπησε.
3150 4922 3167 4955 ι
3205 4903 3315 4957 Καὶ
3341 4904 3524 4958 πάλιν·
3565 4922 3582 4954 ι
3634 4905 3792 4975 Ἐμί⁴

2203 5009 2376 5064 σησας
2410 4992 2617 5055 πάντας
2642 4994 2768 5057 τοὺς
2806 4995 3207 5069 ἐργαζομένους
3238 4996 3336 5068 τὴν
3362 4997 3611 5068 ἀνομίαν.
3643 5017 3661 5049 ι
3684 4999 3798 5053 Καὶ

2205 5085 2388 5139 πάλιν·
2425 5104 2443 5136 ι
2483 5085 2759 5158 Ἐγῶείμι
2809 5089 3014 5161 Κύριος
3067 5091 3096 5142 ὁ
3143 5089 3374 5159 ἀγαπῶν
3405 5089 3796 5162 δικαιοσύνην,

2207 5181 2301 5228 καὶ
2327 5177 2498 5247 μισῶν
2533 5180 2873 5250 ἁρπάγματα
2919 5181 2978 5247 ἐξ
3020 5181 3256 5246 ἀδικίας.
3302 5200 3321 5232 ι
3363 5176 3474 5253 τΔρ
3507 5176 3603 5236 οὖν
3624 5182 3679 5235 εί
3712 5199 3799 5245 τις

2207 5270 2303 5322 καὶ
2325 5267 2413 5322 διὰ
2438 5268 2610 5323 ταῦτα
2639 5270 2806 5340 λέγοι·
2837 5272 3026 5341 Μέγας
3058 5272 3086 5326 6
3139 5271 3342 5344 Κύριος
3381 5272 3562 5344 ἡμῶν,
3595 5274 3674 5326 ὅτι
3695 5275 3799 5343 τὴν

2207 5359 2553 5433 δικαιοσύνην
2597 5363 2806 5435 ἀγαπᾷ,
2860 5367 3010 5434 μισεῖ
3063 5365 3119 5418 δὲ
3174 5365 3274 5436 τὴν
3319 5365 3552 5432 ἀδικίαν,
3604 5366 3798 5436 μισθὸς

2202 5450 2355 5507 ἔσται
2377 5452 2456 5524 τῷ
2485 5453 2605 5524 Θεῷ
2645 5455 2737 5508 καὶ
2765 5456 2940 5526 Πατρὶ
2969 5456 3030 5510 τὸ
3057 5457 3248 5526 μέγας
3275 5458 3370 5510 καὶ
3425 5457 3631 5527 ἀρετῆς
3664 5459 3796 5512 ἀντ-

2203 5543 2495 5609 απόδοσις,
2545 5545 2627 5599 ὅτι
2685 5546 2808 5599 τάδε
2873 5548 2974 5618 μὲν
3006 5550 3229 5620 ἀγαπᾷ,
3264 5552 3413 5620 μισεῖ
3460 5549 3516 5603 δὲ
3567 5551 3792 5614 ὲκεῖνα;

2219 5631 2357 5684 Ἀλλ’
2385 5633 2484 5686 οὐκ
2525 5634 2589 5689 ἄν
2619 5651 2702 5697 τις
2734 5635 2876 5691 οὕτω
2922 5639 3115 5708 μανείη
3148 5640 3298 5693 ποτέ.
3333 5641 3546 5701 ’Ὠσπερ
3576 5635 3672 5693 οὖν
3700 5642 3796 5702 ἐπὶ

583 5803 635 5840 ⁷⁵
665 5802 809 5860 Psal.
835 5817 976 5871 ιιιν,
1007 5803 1060 5859 8.
1139 5804 1177 5834 τι
1217 5804 1414 5874 Ephes.
1441 5820 1492 5871 ν,
1526 5807 1612 5860 Η.
1689 5808 1734 5840 ⁷⁸
1764 5806 1906 5862 Ρειι.
1947 5823 1998 5873 x,
2033 5808 2088 5864 8.

2202 5810 2462 5879 ‘Psal.‘v,
2500 5811 2550 5867 7.
2632 5813 2680 5846 ⁷⁸
2707 5813 2812 5872 lsa.
2845 5831 2966 5885 Δωιι,
2999 5817 3052 5874 8.
