4078 6260
332 329 438 384 337

1741 343 2185 402 'i'llESAURUS.

3515 361 3635 418 538.

337 439 421 494 τοῦ
449 439 666 510 [ἰατρὸς
695 441 942 508 εὐσεϐῶς
990 449 1195 502 νοεῖται
1229 445 1298 500 τὰ
1353 447 1574 503 τοιῶσδε
1627 451 1918 522 λεγόμενα

2041 459 2206 528 telligi
2249 471 2494 530 possunt.
2532 463 2668 520 Nam
2709 464 2890 536 imago
2919 469 3298 540 archetypum,
3329 478 3386 526 et
3423 474 3616 530 arche-

334 531 499 594 οὕτως
521 530 590 583 ἄν
612 533 856 602 εὐλόγως
881 537 1187 610 ἐκληφθείη
1221 541 1316 593 καὶ
1357 541 1442 610 ἐφ’
1473 543 1621 596 Υἱοῦ.
1651 545 1794 615 Πρὸς
1824 548 1934 618 γὰρ

330 623 388 677 τὸ
411 622 726 694 ἀρχέτυπον
751 629 784 698 ή
827 629 1020 698 εἰκὼν,
1045 631 1142 684 καὶ
1173 632 1306 702 πρὸς
1335 633 1434 702 τὴν
1468 635 1655 688 εἰκόνα
1688 636 1748 690 τὸ
1777 637 1934 708 ἀρχέ-

323 734 494 772 τυπον
503 760 517 773 .

2039 562 2194 624 typus
2231 556 2518 628 imaginem
2561 560 2746 624 refert.

327 833 440 900 Εἰς
479 836 548 889 τὸ
570 838 896 916 ῥητόνῌτρῦ
930 840 1300 916 ᾉποστόλου
1333 842 1398 916 τὸ
1425 843 1610 916 λέγον
1629 860 1643 874 ·
1687 865 1704 898 ι
1729 846 1918 902 Ἐκάθ·

2037 839 2112 894 In
2141 843 2340 916 dictum
2377 843 2512 916 illud
2555 845 2714 900 Pauli
2739 865 2756 902 :
2789 867 2806 899 ι
2835 847 2988 904 Sedet
3023 849 3076 903 in
3107 851 3318 904 dextera
3349 851 3611 916 magnitu-

407 921 546 992 ιρι-εν
581 909 652 992 έν
681 907 848 992 δεξιᾷ
884 908 994 976 τῆς
1047 907 1602 992 μεταλωσύιῃςλὲν
1631 917 1954 992 tit-#23101},

411 979 686 1042 τοσούτῳ
713 979 990 1046 κρείττων
1015 979 1334 1050 γενόμενος
1359 979 1476 1036 τῶν·
1504 979 1792 1056 ἁγγέλωὶι.
1836 1006 1856 1038 ι

414 1089 482 1140 Ui
515 1091 612 1160 τῆς
631 1093 815 1155 οὐσίας
839 1093 930 1146 τοῦ
954 1093 1090 1147 Θεοῦ
1118 1095 1292 1164 Λόγον
1345 1096 1653 1167 τολμῶντες
1698 1118 1934 1170 κατηγο-

347 1180 484 1248 ρεῖν.
517 1183 607 1234 καὶ
640 1181 728 1236 τὸν
763 1183 892 1238 Υίδν
926 1187 1037 1249 τοῖς
1071 1190 1324 1258 γενητοῖς
1353 1190 1668 1246 συντάττειν
1701 1185 1932 1248 σπουδάέ

345 1269 531 1336 ζοντές
556 1291 704 1342 φασι,
748 1277 1099 1348 (ποριζόμενοι
1122 1279 1220 1350 τὴν
1256 1279 1532 1351 ἀλήθειαν’
1571 1283 1634 1336 Εἰ
1665 1284 1930 1356 κρείττων

339 1363 528 1430 γέγονε
561 1366 666 1418 τῶν
693 1367 944 1440 ἀγγέλων
993 1371 1022 1424 6
1075 1369 1222 1434 Υἱὸς,
1254 1371 1366 1424 ἀπὸ
1421 1373 1650 1444 τροπῆς-
1681 1375 1790 1444 ἄρα
1816 1375 1930 1446 ἔχει

337 1451 494 1505 τοῦτο
521 1457 618 1526 τῆς
653 1457 744 1510 ἐπὶ
780 1459 842 1514 τὸ
869 1458 1116 1530 ἄμεινον·
1144 1459 1172 1512 ὃ
1211 1459 1319 1530 γὰρ
1356 1461 1457 1516 οὐκ
1489 1457 1556 1533 ἦν
1583 1463 1820 1531 ἐγένετο.
1857 1465 1942 1526 Τό

338 1543 473 1608 ὅλως
508 1549 934 1614 μεταποιεῖσθαι
967 1551 1276 1622 δυνάμενον,
1341 1553 1434 1606 καὶ
1493 1555 1600 1608 ἀπό
1651 1571 1798 1620 τινος
1851 1559 1930 1621 είς

339 1633 526 1705 ἕτερόν
579 1656 634 1692 τι
685 1641 1130 1713 παραφέρεσθαι,
1173 1645 1406 1716 τρεπτῆς
1447 1647 1516 1701 ἂν
1567 1649 1652 1718 εἴη
1693 1649 1926 1718 φύσεως.

342 1727 408 1780 El.
439 1729 498 1782 δὲ
521 1734 789 1810 τρεπτῆς,
819 1734 981 1804 δῆλον
1035 1737 1114 1788 ὅτι
1163 1737 1506 1810 καὶγενητῆς
1533 1783 1546 1806 ,

349 1835 380 1870 τ
389 1822 554 1890 ροπὴ.
749 1807 752 1810 ’

823 1939 978 2006 me;
1027 1942 1202 1996 τοῦτο
1237 1946 1442 2012 λύσις.

419 2045 636 2114 Πρῶτον
663 2049 760 2117 μὲν
789 2045 884 2102 οὖν
912 2055 1184 2124 προσήκει
1239 2058 1329 2109 τὸν
1385 2062 1464 2123 εἰς
1521 2059 1748 2132 ἔρευναν
1813 2063 1926 2117 τῶν

340 2137 492 2190 θείων
541 2139 887 2195 εἰσόαίνοντα
937 2144 1203 2214 Γραφῶν,
1251 2148 1342 2201 τὸν
1397 2152 1586 2221 καιρὸν
1640 2155 1924 2226 ἐπιτηρεῖν

331 2227 451 2280 καθ’
479 2229 538 2282 ὃν
567 2229 788 2296 λέγεται
835 2233 900 2285 τδ
929 2235 1098 2304 δηλοῦ
1109 2255 1292 2306 μενον,
1353 2242 1448 2294 καὶ
1482 2245 1766 2311 πρόσωπον
1791 2249 1924 2319 παρ’

331 2313 416 2381 οὗ,
447 2319 484 2389 ἦ
517 2320 582 2372 δι’
623 2313 708 2384 οῦ,
743 2323 780 2392 ἢ
809 2325 946 2392 περὶ
985 2319 1046 2379 οὗ
1089 2327 1328 2391 λέγεται·
1358 2331 1496 2384 οὕτω
1527 2337 1635 2404 γὰρ
1663 2336 1728 2388 ἂν
1757 2313 1928 2390 ἀπλα-

333 2409 435 2480 vi“;
471 2413 504 2480 ἡ
537 2411 752 2466 διάνοια
779 2414 1084 2487 φυλαχθείη
1121 2422 1234 2483 τοῖς
1264 2421 1438 2491 ὀρθῶς
1476 2424 1714 2480 ἐθέλουσι
1766 2431 1924 2486 νοεῖν.

329 2499 672 2570 Γνωσόμεθα
705 2504 810 2574 μὲν
843 2502 940 2558 οὖν
982 2507 1042 2560 τὸ
1081 2509 1190 2563 ἀπὸ
1229 2507 1329 2564 ’τοῦ
1381 2516 1570 2585 καιροῦ
1617 2521 1923 2590 χρήσιμον,

321 2591 436 2644 τῶν
463 2592 640 2660 ἁγίων
661 2597 994 2652 ἀποστόλων
1040 2601 1330 2668 ἀκούοντες
1372 2605 1635 2674 λεγόντων
1665 2613 1884 2684 Χριστῷ
1903 2633 1920 2646 ·

329 2701 348 2732 ι
386 2683 524 2736 Πότε
547 2685 726 2738 ταῦτα
757 2687 938 2750 ἔσται,
975 2691 1068 2743 καὶ
1097 2691 1153 2744 τί
1175 2693 1234 2746 τὸ
1259 2699 1482 2766 σημεῖον
1519 2702 1612 2769 τῆς
1638 2701 1736 2770 σῆς
1773 2683 1922 2776 παρ.

323 2775 540 2842 ουσίαςς
581 2796 602 2828 ι
650 2779 746 2830 Ἐκ
769 2779 828 2832 δὲ
863 2781 962 2832 τοῦ
982 2781 1056 2853 μὴ
1079 2784 1277 2838 είδέναι
1299 2789 1506 2858 καιρὸν,
1532 2775 1920 2867 ἐζημιώθησαν

325 2869 378 2920 oi
409 2871 536 2939 περὶ
569 2870 868 2940 Ὑμέναιον
901 2875 998 2926 καὶ
1053 2876 1412 2949 Ἀλέξανδρον,
1439 2883 1754 2952 νομίσαντες
1785 2889 1918 2942 ἀνά-

337 2973 522 3010 στασιν
549 2959 648 3030 ἠδη
687 2963 1000 3029 γεγονέναι,
1050 2968 1142 3019 καὶ
1190 2969 1346 3023 τοῦτο
1387 2971 1654 3041 λέγοντες.
1711 2977 1832 3031 ’Ότι
1861 2979 1920 3034 δὲ

341 3047 452 3100 τῶν
474 3051 772 3118 προσώπων
827 3055 1104 3123 ἀναγκαία
1147 3061 1240 3112 καὶ
1289 3063 1636 3137 ὲπωφελὴςή
1677 3069 1916 3136 γνῶσις,

1605 1737 1674 1810 ἦς
1719 1743 1848 1796 [διον
1892 1747 1938 1815 ἡ.

2123 913 2262 964 diuis
2289 913 2343 966 in
2367 915 2612 981 excelsis,
2637 928 2790 974 tanto
2813 921 2997 974 melior
3019 920 3190 988 {actus
3207 921 3422 992 Iangelis
3439 913 3514 978 θ’.
3547 939 3566 974 ι

2104 1087 2204 1156 Qui
2235 1091 2528 1147 essentiam
2567 1091 2725 1150 Verbi
2781 1097 2876 1152 Dei
2929 1099 3254 1154 calumniari
3304 1100 3528 1166 audent,
3557 1109 3612 1154 et

2033 1175 2226 1232 Filium
2261 1181 2402 1236 inter
2425 1192 2708 1240 creaturas
2733 1187 2979 1256 redigere
3005 1201 3296 1258 conantur,
3329 1191 3613 1246 veritatem

2033 1269 2400 1332 adulterantes
2433 1275 2504 1330 ita
2541 1277 2693 1332 aiunt
2721 1295 2736 1332 :
2769 1279 2822 1332 Si
2862 1279 3032 1334 Filius
3073 1281 3254 1338 factus
3295 1291 3382 1338 est
3425 1284 3616 1338 melior

2032 1361 2280 1432 angelis;
2307 1381 2438 1436 ergo
2473 1380 2538 1422 ex
2577 1369 2877 1426 mutatione
2911 1371 2964 1426 in
2995 1373 3188 1426 melius
3245 1373 3294 1427 id
3346 1389 3612 1430 consecu-

2034 1461 2118 1508 tus
2147 1465 2231 1508 est
2263 1471 2276 1508 :
2311 1455 2482 1514 factus
2509 1459 2652 1516 enim
2686 1471 2788 1528 est,
2821 1463 2964 1532 quod
2995 1479 3098 1518 non
3129 1475 3269 1518 erat.
3303 1463 3456 1529 Quod
3485 1479 3612 1518 vero

2035 1543 2086 1596 in
2133 1545 2456 1616 universum
2495 1551 2688 1604 mutari
2743 1561 2920 1622 potest
2975 1561 3028 1607 et
3087 1568 3149 1608 ex
3201 1569 3308 1606 uno
3365 1553 3418 1607 in
3465 1553 3614 1608 aliud

2033 1635 2340 1706 transferri,
2377 1643 2650 1696 mutabilis
2675 1653 2878 1700 natura:
2905 1643 2994 1708 sit,
3033 1659 3252 1698 necesse
3281 1655 3386 1698 est.
3423 1643 3480 1698 Si
3515 1659 3608 1699 ve-

2033 1741 2094 1780 ro
2147 1730 2419 1796 mutabilis
2463 1744 2668 1790 naturae
2725 1745 2828 1799 est,
2877 1738 2982 1792 erit
3039 1741 3202 1792 etiam
3247 1747 3464 1804 creata},
3521 1737 3607 1794 cui

1959 1831 2000 1882 Β
2031 1820 2246 1888 propria
2281 1831 2366 1876 est
2395 1827 2644 1880 mutatio.

2543 1935 2750 1994 Salutio
2776 1939 3106 2008 objectiom’r.

2099 2054 2338 2109 Primum
2365 2053 2584 2124 quidem
2622 2061 2836 2122 oportet
2885 2071 3010 2111 eum
3063 2056 3152 2126 qui
3205 2057 3272 2112 ad
3313 2055 3608 2128 investiga-

2031 2147 2227 2203 tionem
2259 2160 2534 2200 sacrarum
2588 2145 2996 2216 Scripturarum
3041 2147 3276 2212 accedit,
3309 2147 3608 2206 observare

2031 2247 2240 2308 tempus
2291 2251 2396 2307 quo
2425 2237 2628 2308 aliquid
2683 2239 2906 2306 dicitur,
2961 2249 3018 2294 et
3067 2255 3356 2310 personam
3385 2257 3416 2296 a
3451 2257 3558 2312 qua
3587 2283 3606 2308 ,

2027 2345 2246 2406 propter
2277 2335 2428 2405 quid,
2463 2341 2518 2390 et
2551 2333 2617 2388 de
2645 2349 2752 2403 quo
2789 2335 2988 2388 dicitur
3013 2351 3028 2390 :
3055 2335 3128 2389 ita
3159 2335 3308 2390 enim
3337 2335 3430 2404 qui
3459 2345 3606 2388 recte

2026 2427 2234 2480 sentire
2283 2426 2486 2492 velint,
2531 2427 2670 2480 citra
2721 2425 2886 2480 ullum
2943 2441 3186 2482 errorem
3233 2442 3354 2498 quae
3405 2426 3606 2494 scripta

2025 2527 2151 2572 sunt
2185 2517 2510 2588 intelligent.
2551 2518 2834 2590 Temporis
2865 2520 3051 2590 itaque
3083 2521 3374 2574 utilitatem
3407 2533 3606 2590 cogno-

2024 2625 2262 2673 scemus,
2291 2625 2414 2665 cum
2457 2612 2740 2668 audiemus
2785 2623 3008 2668 sanctos
3054 2613 3328 2683 apostolos
3353 2613 3418 2666 ad
3447 2611 3608 2666 Citri-

2024 2707 2166 2753 stum
2214 2699 2454 2754 dicentes
2497 2718 2512 2752 :
2547 2720 2566 2752 ι
2615 2701 2840 2767 Quando
2874 2703 2988 2758 haec
3041 2713 3220 2768 erunt,
3267 2713 3324 2756 et
3353 2703 3498 2772 quod
3531 2701 3608 2756 si-

2024 2805 2188 2860 gnum
2216 2800 2301 2846 est
2347 2793 2426 2846 tui
2465 2795 2732 2850 adventus
2772 2795 2864 2849 "‘2
2903 2813 2922 2846 ι
2981 2793 3304 2866 Hymenaeus
3353 2797 3514 2848 etiam
3549 2805 3606 2848 et

2023 2883 2330 2938 Alexander
2363 2895 2582 2954 propter
2625 2887 2994 2954 ignorantiam
3032 2889 3292 2956 temporis
3329 2897 3604 2950 errarunt,

2023 2986 2332 3033 asserentes
2359 2981 2816 3034 resurrectionem
2841 2981 2954 3048 jam
2987 2981 3186 3036 factam
3225 2983 3432 3036 esse".
3453 2981 3606 3047 Quod

2022 3087 2154 3126 vero
2215 3087 2574 3142 personarum
2613 3075 2800 3130 notitia
2843 3075 3153 3130 necessaria
3207 3075 3468 3142 utilisque
3511 3076 3604 3136 sit,

346 3139 606 3207 εἰσόμεθα
623 3143 802 3208 πάλιν,
819 3147 944 3200 ὅταν
964 3149 990 3199 6
1005 3149 1270 3221 Εὐνοῦχος
1295 3154 1427 3226 λέγῃ
1445 3157 1582 3228 πρὸς
1610 3159 1876 3214 Φίλιππον
1897 3179 1912 3192 ·

2024 3179 2082 3218 ea
2135 3139 2634 3236 ett—intelligemus,
2693 3179 2814 3220 cum
2853 3169 3136 3222 eunuchus
3181 3168 3278 3221 ad--
3297 3139 3606 3236 Philippum

355 3248 374 3280 ι
412 3231 610 3322 ιὶέομαί
639 3251 752 3298 σου,
777 3239 902 3308 περὶ
921 3241 1056 3305 τίνος
1078 3245 1106 3295 6
1129 3247 1410 3318 προφήτης
1439 3249 1610 3318 λέγει,
1635 3253 1762 3322 περὶ
1787 3255 1914 3307 ἑαυ-

345 3321 500 3418 τοῦ]
553 3326 678 3418 περι
714 3329 894 3401 ἐτέρου
939 3335 1120 3402 τινὸς;
1165 3357 1184 3389 ι
1221 3337 1356 3409 ἢὼς
1409 3342 1538 3394 ὅταν
1583 3344 1614 3396 6
1649 3347 1917 3418 μακάριος

343 3414 570 3479 Παῦλος,
597 3417 692 3470 τοῦ
719 3421 964 3494 Σωτῆρος
989 3427 1050 3478 τὸ
1080 3429 1370 3498 πρόσωπον
1409 3434 1758 3506 εἰσφέρεσθαι
1794 3438 1918 3508 βου-

337 3505 574 3604 λόμενος,
611 3509 768 3604 λένγῃι
805 3535 822 3566 ι
873 3515 986 3586 Ἐφ’
1015 3519 1074 3570 ὃν
1100 3520 1206 3594 γὰρ
1257 3521 1472 3592 λέγεται
1517 3505 1709 3592 ταῦτα,
1745 3505 1918 3604 φολῆς

333 3597 526 3670 ἑτέρας
549 3603 878 3675 μετέσχηκε.
923 3609 1195 3682 Πρόδηλον
1223 3613 1352 3685 γὰρ,
1381 3616 1461 3670 ὅτι
1487 3617 1546 3682 ἐξ
1588 3597 1916 3676 Ἰούδανάνα-

327 3689 589 3745 τέταλκεν
621 3695 652 3745 6
685 3695 908 3768 Κύριος.
945 3717 963 3751 ι
1023 3701 1146 3754 Ὅτι
1191 3703 1248 3756 δὲ
1292 3707 1384 3760 καὶ
1440 3708 1500 3761 τὸ
1546 3713 1778 3782 πρᾶγμα
1839 3714 1912 3784 μὴ

327 3784 546 3851 ἀγνοεῖν
583 3788 903 3855 ἀναγκαῖον,
926 3793 1174 3848 ἐντεῦθεν
1203 3796 1356 3852 ἔσται
1387 3802 1716 3870 καταφανές.
1745 3793 1914 3861 ’Ὅταν

326 3873 440 3944 γὰρ
475 3876 524 3927 οἱ
553 3880 824 3950 προφῆται
847 3881 916 3935 τὰ
931 3900 998 3935 πε
1009 3885 1059 3955 ρὶ
1081 3885 1174 3938 τοῦ
1197 3887 1447 3961 Σωτῆρος
1473 3910 1646 3966 προκη
1659 3895 1912 3965 ρῦττωσι,

327 3969 422 4058 καὶ
456 3969 484 4020 ό
516 3968 616 4038 μὲν
643 3969 798 4044 λέγῃ·
826 3991 846 4024 ι
893 3973 1024 4029 Ἰδοὺ
1057 3978 1092 4048 ἡ
1135 3979 1404 4050 παρθένος
1433 3985 1490 4037 έν
1514 3988 1714 4058 γαστρὶ
1739 3988 1907 4052 ἕξει-ι

325 4057 554 4150 ἑτέρωθι
577 4060 634 4113 δὲ
673 4063 857 4127 πάλιν,
897 4065 1026 4144 «ΙὩς
1051 4068 1320 4138 πρόϐατον
1343 4073 1435 4126 ἐπὶ
1467 4057 1682 4147 σφαγὴν
1712 4079 1908 4150 ῆχθηοι

327 4150 426 4243 και
453 4149 530 4222 μὴ
557 4155 766 4223 κυρίως
789 4156 862 4210 τὰ
889 4158 1112 4214 τοιαῦτα
1139 4163 1326 4234 νοῆται
1354 4167 1482 4238 περὶ
1515 4169 1782 4238 Χριστοῦ,
1817 4189 1916 4243 μα-

327 4241 466 4310 κράν
505 4259 612 4295 που
669 4246 771 4316 τῆς
807 4248 1064 4319 ἀληθείας
1098 4253 1126 4306 6
1176 4254 1301 4318 νοῦς
1329 4257 1631 4327 οἰχήσεται,
1675 4263 1767 4314 καὶ
1804 4263 1912 4318 τῶν

326 4331 570 4386 εὐσεϐῶν
597 4337 1384 4414 ὲκπετασθήσεταινοημάτων.
1419 4345 1716 4416 Ἀναγκαία
1737 4353 1914 4407 τοίνυν

325 4421 432 4473 τῶν
463 4423 772 4494 εἰρημένων
797 4428 828 4498 ἡ
859 4429 1202 4502 ὲπιτήρησις.
1244 4435 1713 4508 Ἐπιτηρηθέντων
1734 4441 1912 4496 τοίνυν

2025 3256 2100 3308 ait
2124 3273 2138 3310 :
2175 3275 2192 3307 ι
2219 3255 2330 3311 Oro
2365 3265 2435 3320 te,
2472 3256 2538 3310 de
2563 3271 2672 3326 quo
2703 3257 2947 3328 loquitur
2975 3259 3242 3329 propheta
3271 3259 3296 3312 ?
3325 3259 3394 3312 de
3425 3259 3606 3330 seipso

2025 3355 2118 3401 aut
2151 3347 2216 3402 de
2237 3347 2344 3404 alio
2371 3349 2552 3420 aliquo
2579 3350 2670 3405 ⁷⁸⁸1
2708 3369 2728 3403 ι
2757 3352 2864 3406 Aut
2895 3353 3116 3422 quando
3157 3351 3358 3408 Paulus
3403 3353 3606 3408 Serva-

2026 3439 2158 3494 toris
2175 3453 2462 3507 personam
2487 3441 2710 3514 intelligi
2743 3443 2950 3508 volens,
2969 3445 3102 3498 dicit
3126 3463 3140 3499 :
3173 3463 3192 3496 ι
3227 3443 3302 3500 De
3325 3461 3434 3515 quo
3455 3447 3602 3500 enim

2025 3529 2140 3584 haec
2184 3531 2466 3598 dicuntur,
2515 3533 2559 3588 is
2594 3535 2660 3590 de
2702 3534 2806 3589 alia
2852 3537 3000 3590 tribu
3027 3545 3125 3590 est.
3157 3536 3497 3593 Manifestum
3519 3549 3605 3594 est

2023 3623 2164 3691 quod
2203 3639 2270 3678 ex
2301 3624 2436 3680 Juda
2466 3635 2622 3683 ortus
2655 3638 2736 3684 est
2777 3627 3036 3685 Dominus
3067 3631 3136 3686 '"t
3175 3649 3194 3682 ι
3229 3631 3382 3698 Quod
3421 3641 3604 3686 autem

2023 3728 2244 3770 necesse
2281 3717 2352 3772 sit
2387 3734 2500 3774 rem
2533 3720 2704 3790 ipsam
2731 3736 2838 3776 non
2872 3723 3146 3792 ignorare,
3197 3723 3324 3778 inde
3363 3733 3602 3779 constat.

2023 3805 2248 3872 Quando
2283 3811 2428 3864 enim
2483 3814 2762 3883 pr0pheta:
2789 3851 2806 3878 ,
2842 3827 2963 3881 quae
2997 3813 3064 3866 ad
3101 3813 3379 3866 Christum
3435 3815 3604 3881 perti—

2023 3906 2173 3962 nent,
2234 3902 2558 3970 praedicunt,
2599 3914 2765 3974 atque
2803 3905 2892 3958 hic
2931 3905 3149 3973 quidem
3191 3905 3326 3958 dicit
3365 3919 3378 3954 :
3415 3921 3431 3954 ι
3465 3903 3606 3958 Ecce

2025 3989 2188 4060 200
2233 3992 2386 4061 virgo
2434 3993 2488 4046 in
2536 4003 2694 4048 utero
2744 3993 3020 4059 concipiet
3062 3992 3143 4056 '°;
3197 4009 3216 4042 ι
3246 3991 3374 4046 alibi
3415 4007 3542 4048 vero
3589 4011 3604 4048 :

2028 4097 2046 4130 ι
2077 4079 2230 4134 Sicut
2256 4081 2374 4134 ovis
2424 4081 2618 4134 ductus
2656 4081 2722 4134 ad
2749 4080 3078 4134 occisionem
3115 4079 3184 4144 “,
3210 4097 3228 4131 ι
3259 4078 3362 4133 nisi
3391 4081 3607 4150 proprie

2023 4169 2136 4226 haec
2173 4170 2240 4225 de
2267 4169 2490 4225 Christo
2523 4171 2920 4240 intelligantur,
2975 4184 3174 4226 sensus
3231 4170 3388 4240 longe
3435 4185 3464 4224 a
3507 4185 3604 4226 ve-

2023 4263 2182 4320 ritate
2204 4263 2506 4329 aberrabit,
2556 4272 2610 4316 et
2649 4276 2678 4316 a
2711 4261 2816 4332 piis
2863 4261 3297 4333 cogitationibus
3330 4261 3601 4318 deﬂectet.

2021 4353 2338 4412 Necessaria
2367 4356 2534 4426 igitur
2562 4341 2855 4411 esteorum
2898 4369 3018 4425 qute
3058 4354 3316 4411 dicuntur
3354 4357 3604 4412 conside-

2021 4450 2180 4504 ratio.
2217 4449 2272 4504 Si
2298 4451 2420 4519 quis
2453 4464 2583 4520 ergo
2621 4457 2871 4505 accurate
2916 4449 3316 4506 animadvertat
3363 4461 3598 4522 tempus,

325 4515 578 4586 ἀκριϐῶς
609 4517 822 4590 καιροῦ,
884 4523 978 4574 καὶ
1022 4525 1354 4596 προσώπου,
1407 4531 1501 4582 καὶ
1553 4533 1910 4605 πράγματος,

2024 4554 2328 4607 personam,
2360 4551 2414 4595 et
2445 4557 2582 4607 rem,
2639 4541 2741 4598 hoc
2770 4557 2798 4596 a
2836 4542 3005 4598 Paulo
3049 4542 3257 4598 dictum
3294 4558 3420 4598 esse
3447 4561 3598 4600 com-

325 4607 683 4679 εὖρεθὴσεται
731 4611 899 4665 ταῦτα
943 4613 1118 4683 λέγων
1163 4619 1192 4670 6
1243 4619 1469 4688 Παῦλος,
1516 4623 1595 4676 ὄτι
1657 4624 1723 4679 δι’
1763 4629 1912 4698 ἡμᾶς

326 4701 750 4792 ὲνηνθρὼπησεν
772 4704 801 4756 6
827 4705 922 4758 τοῦ
952 4705 1088 4761 Θεοῦ
1133 4711 1322 4779 Λόγος,
1355 4715 1442 4768 ὄθε
1482 4717 1588 4769 τῶν
1625 4720 1911 4792 ἁμαρτιῶν

325 4789 482 4858 ἡμῶν
513 4789 855 4864 καθαρισμὸν
877 4797 1240 4868 ποιησάμενος
1272 4803 1523 4857 ἐκάθισεν
1547 4809 1604 4859 ὲν
1633 4789 1779 4880 δεξιᾷ
1809 4813 1910 4881 τῆς

328 4881 723 4955 μεγαλωσύνης
747 4889 816 4939 ὲν·
866 4887 1109 4959 ὑψηλοῖς,
1142 4894 1258 4946 τότε
1284 4897 1544 4964 κρείττων
1573 4901 1764 4967 γέγονε
1801 4903 1908 4955 τῶν

323 4973 595 5066 αγγέλων·
623 4977 686 5029 οὐ
711 4979 808 5048 τὴν
837 4981 998 5049 φύσιν
1033 4983 1112 5046 είς
1163 4985 1348 5059 ἔτερόν
1387 5007 1437 5042 τι
1493 4993 1835 5063 μεταϐαλὼν,
1874 4997 1906 5066 ἦ

324 5065 464 5136 ὅπερ
487 5068 586 5121 οὐκ
607 5068 682 5125 ὣν
709 5071 957 5140 φαίνεται
992 5077 1277 5148 πρότερον,
1307 5080 1531 5154 ὕστερον
1567 5085 1828 5152 γεγονώς·
1849 5089 1910 5140 οὐ

325 5154 436 5224 γὰρ
461 5159 710 5231 περὶτῆς
742 5163 960 5231 φύσεως
979 5168 1074 5220 τοῦ
1110 5169 1241 5223 Υίοῦ
1275 5172 1370 5225 νῦν
1396 5176 1424 5226 6
1465 5173 1622 5242 λόγος
1664 5180 1780 5230 ἐστὶ
1832 5180 1910 5249 τῷ

323 5249 546 5344 Πζαύλῳ,
577 5252 712 5308 ἀλλὰ
746 5258 876 5328 περὶ
921 5260 1260 5332 πράγματος.
1283 5269 1575 5337 γενομένου
1628 5270 1685 5322 ἐν
1731 5273 1910 5344 καιρῷ

323 5341 422 5410 τῆς
453 5343 942 5418 ὲνανθρωπήσεως.
988 5353 1197 5408 Οὐκοῦν
1238 5357 1298 5409 οὐ
1355 5362 1419 5429 τῇ
1467 5360 1624 5427 φύσει
1677 5363 1787 5415 τῶν
1815 5365 1913 5432 ἀγ-

324 5432 494 5498 γέλων
517 5437 616 5508 τὴν
635 5437 732 5490 τοῦ
763 5439 894 5492 Υίοῦ
932 5442 1090 5510 φύσιν
1111 5447 1494 5517 συγκρίνεσθαι
1520 5451 1708 5518 θέλων,
1732 5455 1912 5524 κρείτ-

318 5541 440 5579 τονα
489 5527 600 5580 τῶν
657 5529 914 5596 ἀγγέλων
973 5533 1135 5586 αὑτὸν
1169 5539 1493 5606 γεγενῆσθαί
1528 5559 1717 5611 φησιν,
1778 5543 1911 5600 ἀλλὰ

393 5687 439 5718 ⁷⁵
471 5686 642 5742 Hebr.
681 5704 722 5750 ι,
755 5688 811 5752 5,
845 5687 897 5740 4.

983 5690 1029 5720 ⁷⁸
1060 5690 1248 5767 Μαιιίιζ
1280 5711 1424 5767 xxiv,
1456 5700 1508 5758 5.

305 5763 348 5794 ³ο
377 5756 488 5814 lsa.
527 5773 630 5824 vn,
670 5757 762 5811 Η.

845 5757 888 5789 ει
926 5755 1028 5815 isa.
1063 5759 1178 5829 Lill,
1216 5763 1265 5816 7.

1599 5703 1640 5733 ⁷⁷
1671 5700 1711 5754 ΙΙ
1745 5703 1880 5758 Tim.
1917 5719 1979 5771 tt,
2024 5706 2108 5770 17,
2151 5707 2258 5774 18.⁸

2018 4633 2210 4703 periet,
2237 4633 2474 4688 Verbum
2531 4634 2624 4688 Dei
2660 4645 2880 4705 propter
2935 4652 3032 4692 nos
3072 4637 3414 4691 iucarnatum
3453 4653 3598 4699 esse.

2022 4725 2237 4791 quando
2281 4726 2524 4794 purgatis
2565 4727 2802 4795 peccatis
2848 4729 3050 4783 nostris
3100 4729 3241 4782 sedit
3283 4729 3334 4780 in
3377 4730 3602 4780 dextera

2019 4813 2321 4882 maiestatis
2353 4816 2404 4869 in
2432 4818 2702 4884 excelsis;
2755 4827 2884 4874 tunc
2927 4819 3118 4873 melior
3167 4819 3374 4888 angelis
3417 4819 3594 4872 factus

2017 4915 2100 4959 est
2134 4925 2146 4960 :
2187 4921 2294 4960 non
2335 4917 2528 4962 natura
2573 4910 2741 4979 ipsius
2771 4911 2822 4964 itt
2863 4911 3007 4964 aliud
3036 4911 3316 4979 quidpiam
3366 4919 3607 4978 mutata,

2019 4999 2283 5067 autquod
2324 5009 2483 5053 antea
2523 5017 2629 5054 non
2661 5011 2817 5067 erat,
2863 5012 3050 5069 postea
3098 5001 3364 5068 elfectus;
3415 5018 3592 5071 neque

2018 5092 2158 5145 enim
2186 5091 2385 5146 Paulus
2422 5107 2564 5146 nunc
2598 5093 2662 5146 de
2689 5101 2880 5144 natura
2918 5091 3042 5146 Filii
3089 5093 3352 5162 loquitur,
3407 5095 3500 5150 sed
3542 5099 3606 5150 de

2019 5200 2076 5237 re
2107 5197 2225 5252 quae
2254 5184 2393 5238 facta
2424 5193 2507 5237 est
2541 5193 2787 5252 tempore
2833 5183 3247 5238 incarnationis.
3276 5185 3392 5240 Non
3432 5187 3596 5257 igitur

2019 5285 2267 5328 naturam
2300 5275 2423 5329 Filii
2483 5288 2604 5327 cum
2665 5283 2856 5328 natura
2905 5275 3218 5345 angelorum
3278 5291 3599 5346 comparare

2022 5365 2227 5429 volens,
2253 5367 2690 5436 prastantiorem
2732 5367 2906 5435 ipsum
2928 5368 3137 5437 angelis
3183 5368 3436 5422 effectum
3482 5385 3602 5426 esse

2021 5458 2118 5522 ait,
2151 5461 2246 5512 sed
2277 5473 2364 5513 res
2395 5468 2556 5528 atque
2608 5457 2854 5512 actiones
2903 5459 3044 5514 inter
3074 5474 3136 5514 se
3167 5469 3467 5529 comparat,
3511 5473 3598 5517 at-

2019 5565 2122 5617 que
2155 5551 2254 5604 hac
2286 5550 2493 5605 ratione
2523 5548 2960 5618 praestantiorem
2997 5551 3198 5607 factum
3229 5565 3352 5608 esse
3403 5551 3596 5610 Filium

2335 5708 2378 5739 ⁷⁸
2407 5709 2524 5764 Act.
2566 5721 2680 5770 vni,
2714 5706 2801 5758 51.
2891 5708 2934 5738 τ’
2973 5708 3136 5766 Hebr.
3187 5728 3280 5780 vn,
3335 5714 3393 5767 15
3519 5713 3601 5767 Η.
