4078 6260
493 354 594 418 539

1526 352 1583 406 S.
1623 351 1900 407 CYltlLIJ
1942 354 2416 411 ALEXANDRINI
2460 351 2760 409 ARCl-IIEP

3657 357 3766 411 340

491 472 746 530 ostendit.
784 471 878 528 Est
911 486 1040 527 vero
1071 471 1162 526 hic
1217 470 1346 525 dicti
1396 483 1588 523 sensus
1649 487 1661 522 :
1713 467 1908 522 Paulus
1947 484 2070 522 cum

2176 471 2522 540 πραγμάτων
2587 472 2821 524 ποιεῖται
2883 473 3211 542 σύγκρισιν·
3263 472 3358 525 καὶ
3409 473 3554 527 κατὰ
3603 473 3765 528 τοῦτο

493 563 733 620 Hebraeis
753 566 1047 628 disserens,
1069 576 1373 631 magnaque
1405 559 1656 614 libertate
1686 562 2068 613 demonstrare

491 655 682 710 volens
738 654 1098 708 ministerium
1146 651 1346 706 Christi
1393 649 1744 718 praestantius
1797 648 1964 702 fuisse
2017 657 2070 702 et

492 748 878 816 prophetarum
909 745 1167 798 missione
1212 754 1267 797 et
1292 741 1768 797 administratione
1811 741 1943 810 legis
1973 757 2071 809 per

493 841 713 911 angelos
762 841 925 902 facta,
965 852 1028 892 ex
1070 836 1330 904 dignitate
1377 849 1739 902 personarum
1780 848 2067 904 c0mpara-

495 934 694 990 tionem
727 930 877 996 facit,
906 938 960 984 et
989 929 1201 999 inquit:
1242 946 1259 978 ι
1296 926 1435 982 Olim
1472 925 1612 979 Dens
1639 927 1867 996 loquens
1902 925 2067 995 patri-

492 1025 594 1090 bus
635 1025 689 1079 in
747 1022 1049 1092 prophetis,
1097 1021 1411 1076 novissimis
1461 1021 1580 1074 istis
1630 1019 1818 1073 diebus
1861 1018 2072 1074 locutus

492 1127 574 1175 est
604 1117 760 1172 nobis
790 1117 844 1170 in
892 1115 1050 1177 Filio,
1078 1129 1236 1184 quem
1287 1113 1571 1168 constituit
1626 1111 1897 1166 breredem
1948 1111 2070 1164 uni-

491 1225 792 1275 versorum,
833 1225 928 1280 per
962 1225 1122 1277 quem
1163 1206 1292 1262 fecit
1319 1217 1373 1261 et
1417 1207 1638 1262 saacula.
1698 1205 1799 1271 Qui
1841 1220 1964 1258 cum
1999 1206 2072 1258 sit

492 1302 745 1372 splendor
796 1301 1024 1370 glorize,
1080 1310 1137 1354 et
1181 1299 1470 1352 character
1528 1296 1855 1351 substantia:
1905 1295 2021 1364 ejus
2051 1333 2066 1356 ,

491 1406 823 1465 portansque
855 1395 1037 1447 omnia
1067 1391 1244 1447 Verbo
1277 1389 1493 1445 virtutis
1518 1404 1648 1453 suae,
1685 1389 2064 1458 purgationem

493 1494 838 1555 peccatorum
875 1485 1101 1552 faciens,
1130 1483 1283 1537 sedet
1326 1482 1393 1535 ad
1431 1481 1711 1537 dexteram
1767 1478 2069 1548 majestatis

496 1582 546 1632 in
577 1577 804 1632 excelsis
835 1577 904 1632 ⁸’.
962 1595 980 1634 ι
1030 1576 1165 1631 Cum
1215 1576 1378 1643 igitur
1424 1583 1625 1628 tantam
1669 1572 1892 1641 gloriam
1933 1571 2072 1625 Filio

493 1669 753 1734 ascribit,
785 1677 840 1723 et
887 1683 1005 1738 qum
1045 1675 1255 1721 natura:
1307 1665 1486 1726 Patris
1527 1664 1741 1733 propria
1797 1673 1924 1719 sunt
1970 1662 2071 1732 ipsi

493 1759 869 1813 accommodat
910 1751 925 1810 ε
963 1768 1089 1811 tunc
1124 1757 1275 1810 illum
1302 1753 1459 1810 tanto
1492 1755 1930 1824 praestantiorem
1975 1771 2072 1807 an-

2172 561 2456 630 κρείττονα
2497 559 2589 613 τὸν
2639 559 2766 614 Υίὸν
2823 559 3075 628 γενέσθαι
3135 559 3318 628 φησίν.
3352 561 3546 614 Ἔσται
3580 561 3637 614 δὲ
3667 561 3763 614 τοῦ

2170 653 2460 723 λεγομένου
2489 653 2724 716 τοιοῦτος
2754 655 2782 706 ὁ
2815 653 2956 717 νοῦς·
2995 653 3053 706 "O
3085 652 3296 717 Παῦλος
3337 653 3610 724 Ἑϐραίοις
3648 655 3766 708 δια-

2170 745 2462 815 λεγόμενος
2507 746 2600 799 καὶ
2656 744 2792 812 μετά
2844 744 3048 816 πολλῆς
3100 745 3423 818 παρρησίας
3479 745 3764 812 ἀποδεῖξαι

2174 835 2478 906 βουληθεὶς,
2529 837 2609 890 ὅτι
2662 836 2928 906 κρείττων
2949 837 3098 890 ἐστὶν
3156 839 3188 907 ἡ
3244 837 3482 909 Χριστοῦ
3516 839 3766 892 διακονία

2172 927 2267 980 καὶ
2300 927 2398 998 τῆς
2431 926 2540 980 τῶν
2563 927 2863 998 προφητῶν
2915 928 3220 998 ἀποστολῆς
3250 929 3345 982 καὶ
3378 929 3472 982 τοῦ
3507 930 3764 1002 διακονη-

2174 1018 2358 1073 Θὲντος
2377 1018 2445 1071 δι’
2470 1019 2717 1087 ἀγγέλων
2778 1018 2968 1090 νόμου,
3025 1020 3132 1073 ἀπὸ
3174 1022 3272 1091 τῆς
3310 1021 3421 1075 τῶν
3451 1024 3764 1092 προσώπων

2173 1112 2325 1176 ἀξίας
2358 1113 2591 1167 ποιεῖται
2619 1111 2719 1183 τὴν
2747 1111 3056 1183 σύγκρισιν,
3090 1111 3184 1165 καί
3217 1131 3372 1184 φησι·
3408 1133 3427 1163 ‹
3458 1115 3636 1168 Πάλαι
3666 1115 3763 1169 λα-

2173 1202 2344 1273 λήσας
2382 1203 2410 1254 ὁ
2457 1201 2590 1266 Θεὸς
2637 1204 2751 1265 τοῖς
2789 1202 3062 1273 πατράσιν
3103 1203 3262 1274 ἡμῶν
3318 1206 3374 1256 ἐν
3410 1207 3520 1268 τοῖς
3546 1211 3760 1277 προφή-

2173 1309 2311 1356 ταις,
2365 1293 2450 1346 ἐπ’
2507 1293 2737 1363 ἐσχάτου
2791 1293 2899 1346 τῶν
2967 1295 3189 1365 ἡμερῶν
3257 1297 3463 1352 τούτων
3499 1297 3761 1368 ἐλάλησεν

2174 1390 2304 1458 ἡμῖν
2335 1387 2391 1439 ὲν
2424 1386 2557 1457 Υἱῷ,
2589 1386 2648 1439 ὃν
2705 1386 2870 1457 ἔθηκε
2921 1387 3259 1458 κληρονόμον
3314 1389 3554 1455 πάντων,
3607 1391 3676 1444 δι’
3702 1386 3760 1445 οὗ

2174 1478 2266 1532 καὶ
2306 1479 2530 1548 ἐποίησε
2564 1477 2690 1542 τοὺς
2747 1477 2969 1541 αἰῶνας.
3021 1480 3116 1540 Ὃς
3155 1477 3230 1532 ὢν
3285 1479 3631 1550 ἀπαύγασμα
3664 1483 3761 1552 τῆς

2173 1569 2330 1641 δόξης
2358 1571 2452 1624 καὶ
2474 1571 2762 1642 χαρακτὴρ
2787 1571 2888 1642 τῆς
2907 1571 3257 1636 ὑποστάσεως
3281 1573 3470 1638 αὐτοῦ,
3499 1578 3680 1646 φέρων
3705 1595 3759 1629 τε

2173 1663 2242 1717 τὰ
2270 1661 2446 1716 πάντα
2491 1661 2568 1732 τῷ
2627 1663 2831 1733 ῥήματι
2876 1663 2975 1735 τῆς
3031 1663 3319 1734 δυνάμεως
3368 1667 3556 1730 αὐτοῦ,
3592 1668 3757 1735 καθα-

2179 1756 2370 1825 ρισμὸν
2390 1754 2499 1808 τῶν
2527 1753 2815 1825 ἁμαρτιῶν
2836 1756 3224 1826 ποιησάμενος,
3246 1757 3500 1811 ἐκάθισεν
3532 1760 3589 1814 ἐν
3615 1760 3762 1832 δεξιᾷ

493 1850 625 1921 gelis
655 1849 854 1909 factum
880 1865 998 1910 esse
1025 1852 1121 1915 ait,
1143 1859 1345 1920 quanto
1369 1851 1532 1904 etiam
1571 1848 1920 1917 praestantius
1950 1863 2061 1917 pra:

2174 1846 2262 1899 τοῦ
2290 1846 2480 1917 θρόνου
2512 1847 2612 1916 τῆς
2645 1846 3036 1917 μεγαλωσύνης
3057 1849 3114 1900 ὲν
3149 1847 3395 1919 ὑψηλοῖς.
3426 1869 3443 1901 ι
3478 1849 3760 1922 Τοσαύτην

494 1945 604 2000 illis
634 1959 830 2010 nomen
861 1953 944 1999 est
973 1944 1220 2013 adeptus,
1256 1949 1450 2011 utpote
1477 1940 1670 2005 Filius,
1707 1949 1762 1995 et
1788 1941 1983 2006 hmres,
2016 1949 2070 1993 et

491 2035 766 2106 splendor,
797 2045 852 2089 et
886 2035 1194 2099 character,
1235 2043 1290 2089 et
1315 2034 1513 2104 imago,
1539 2042 1595 2088 et
1622 2033 1674 2087 in
1705 2033 1901 2088 eodem
1928 2031 2067 2087 solio

490 2131 708 2200 sedens,
740 2139 796 2182 et
833 2139 1069 2182 creator.
1101 2127 1267 2198 Atqui
1291 2126 1333 2180 si
1366 2139 1465 2194 per
1509 2126 1628 2179 haec
1672 2123 1843 2178 multo
1890 2121 2078 2178 excel-

489 2218 692 2274 lentior
713 2217 920 2288 angelis
969 2228 1244 2283 censelur,
1293 2214 1647 2270 excellentior
1694 2216 1860 2269 etiam
1901 2213 2070 2282 ipsius

490 2310 598 2364 erit
633 2309 1032 2372 administratio
1065 2323 1226 2377 quam
1253 2309 1486 2362 illorum.
1534 2304 1669 2364 Cum
1703 2321 1830 2361 vero
1869 2305 2065 2360 dicitur

492 2398 666 2458 factus
694 2415 837 2462 esse,
866 2416 972 2453 non
1008 2401 1152 2470 quod
1187 2414 1250 2455 ex
1297 2397 1468 2453 nihilo
1516 2397 1580 2452 ad
1623 2411 1742 2452 esse
1788 2395 2073 2450 traductus

491 2491 565 2545 sit
602 2491 942 2560 signiﬁcatur
969 2493 1128 2561 (erat
1156 2490 1301 2555 enim
1341 2485 1574 2542 Verbum
1600 2488 1650 2541 in
1677 2486 1943 2553 principio
1977 2485 2071 2554 ⁸³),

495 2597 670 2658 neque
721 2584 862 2651 quod
899 2599 928 2637 a
973 2583 1180 2638 minore
1212 2583 1265 2634 in
1311 2582 1486 2650 majus
1521 2586 1760 2634 mutatus
1801 2579 1873 2633 sit
1926 2577 2073 2648 (per-

495 2676 671 2731 lectus
727 2675 871 2730 enim
908 2683 989 2727 est
1043 2673 1215 2737 Filius
1256 2687 1323 2736 ex
1367 2673 1610 2742 perfecto
1684 2668 1934 2739 Patre),
1977 2667 2070 2722 sed

494 2763 638 2829 quod
663 2763 827 2817 veluti
853 2779 916 2817 ex
939 2761 1344 2832 comparatione
1369 2761 1555 2830 gloria
1584 2768 1636 2815 et
1656 2757 1938 2829 dignitatis
1960 2772 2073 2810 ma-

488 2856 578 2922 jus
601 2867 651 2910 et
671 2856 828 2926 201
861 2857 1038 2911 minus
1060 2865 1337 2926 appareat.
1383 2853 1854 2921 Quemadmodum
1883 2851 1928 2907 si
1949 2850 2073 2920 quis

493 2939 766 3018 hominem
807 2964 947 3018 equo
981 2951 1247 3015 conferat,
1285 2949 1431 3006 dicat
1460 2947 1620 3001 abeo
1667 2944 1759 3014 qui
1788 2944 2072 2998 mstimarit

494 3039 767 3096 hominem
798 3043 1234 3111 prtestantiorem
1273 3041 1500 3104 factum,
1554 3037 1683 3107 quia
1731 3038 1802 3090 sit
1845 3034 2073 3090 talionis

491 3136 783 3204 particeps.
833 3134 968 3188 Nam
1001 3134 1144 3204 quod
1177 3134 1279 3188 hoc
1307 3131 1528 3186 verbum
1556 3130 1673 3197 ﬁeri
1726 3143 1828 3182 non
1859 3141 2073 3192 semper

495 3238 708 3282 natura:
755 3227 1109 3283 mutationem
1168 3223 1462 3292 signiﬁcet,
1509 3221 1858 3274 manifestum
1912 3217 2072 3270 fuerit
2100 3196 2141 3253 C

493 3337 560 3375 ex
598 3321 798 3374 Davide
829 3318 1043 3373 dicente
1073 3317 1139 3373 ad
1175 3317 1342 3371 Deum
1375 3333 1389 3368 :
1418 3333 1437 3365 ι
1471 3313 1595 3369 Fias
1626 3314 1754 3367 mihi
1809 3313 1866 3365 in'
1909 3311 2073 3365 Deum

492 3421 864 3483 protectorem
893 3411 978 3478 ⁸⁵;
1009 3429 1026 3462 ι
1053 3420 1107 3464 et
1149 3425 1362 3464 rursum
1389 3423 1403 3462 :
1443 3427 1461 3460 ι
1488 3406 1783 3464 Factusest
1813 3404 1941 3458 mihi
1967 3403 2072 3458 Do-

495 3505 676 3558 minus
702 3503 753 3557 in
779 3502 1008 3557 salutem
1033 3501 1117 3565 3“;
1154 3519 1172 3552 ι
1203 3509 1257 3554 et
1289 3517 1302 3553 :
1343 3518 1360 3550 ι
1387 3498 1586 3554 Factus
1613 3507 1693 3552 est
1724 3497 1852 3552 mihi
1889 3495 2072 3550 Domi-

495 3612 598 3650 nus
633 3595 685 3649 itt
738 3594 1004 3662 refugium
1047 3594 1116 3648 'i'.
1168 3613 1186 3645 ι
1242 3590 1750 3646 Administrationis
1796 3590 1962 3660 igitur
2015 3598 2069 3642 et

493 3685 702 3756 gloria,
740 3701 845 3739 non
873 3696 1080 3742 natura!
1121 3688 1174 3740 in
1218 3684 1257 3758 Ε
1265 3685 1356 3738 ilio
1411 3683 1476 3736 ad
1520 3682 1746 3753 angelos
1789 3695 2070 3750 compara-

494 3779 568 3834 tio
596 3778 673 3833 ﬁt.

494 3983 750 4051 Exempla
784 3982 971 4052 quibus
1003 3981 1306 4035 declaratur
1341 3994 1512 4052 vocem
1542 3979 1698 4039 hanc,
1739 3974 2000 4052 t_ntelt'o_r,
2047 3993 2065 4030 ι

562 4056 619 4109 in
653 4046 808 4110 sacra
839 4050 1114 4121 Scriptura
1144 4053 1305 4107 etiam
1339 4051 1402 4105 de
1433 4050 1496 4102 iis
1528 4063 1647 4118 qua:
1668 4046 1897 4121 inuitant
1937 4046 2072 4098 inter

563 4142 617 4178 se
650 4124 870 4185 distant,
907 4116 994 4176 aut
1021 4124 1224 4177 ratione
1260 4133 1485 4184 natural,
1515 4116 1608 4170 aut
1644 4116 1946 4186 dignitatis,
1981 4127 2068 4168 aut

562 4198 845 4248 secundum
883 4209 1182 4247 mensuram
1207 4193 1394 4263 gratia:
1438 4190 1706 4256 usurpari.

562 4308 836 4375 Quantum
871 4307 937 4360 ad
969 4306 1197 4378 gratiam
1237 4321 1250 4356 :
1296 4322 1313 4356 ε
1353 4301 1541 4356 Melior
1583 4311 1666 4355 est
1711 4300 1826 4354 dies
1881 4315 1982 4352 una
2018 4299 2069 4349 in

491 4399 650 4454 atriis
677 4399 786 4453 tuis
812 4412 973 4467 super
1002 4396 1149 4451 mille
1171 4396 1250 4460 37;
1278 4415 1295 4446 ι
1337 4395 1470 4463 quid
1497 4392 1639 4447 enim
1678 4392 1886 4460 aequale
1916 4391 2070 4444 atriis

491 4493 807 4550 cmleslibus
842 4491 1070 4546 inveniri
1100 4488 1324 4561 potest?
1355 4486 1626 4562 Quantum
1679 4483 1743 4537 ad
1791 4484 2070 4538 dissimili-

491 4586 732 4642 tudinem
767 4593 1018 4641 natura}:
1057 4602 1074 4636 ι
1112 4581 1357 4651 Accipite
1389 4577 1691 4634 doctrinam
1717 4615 1731 4642 ,
1760 4584 1814 4630 et
1837 4591 1940 4631 non
1979 4591 2069 4629 ar-

486 4687 744 4751 gentum;
779 4676 971 4730 melior
1019 4675 1163 4743 enim
1216 4682 1300 4728 est
1343 4670 1607 4742 sapientia
1657 4683 1819 4738 quam
1865 4667 2070 4736 lapides

486 4768 642 4825 electi
674 4766 742 4821 ⁸⁸.
791 4785 810 4824 t
849 4765 1019 4820 Isaias
1071 4765 1136 4820 de
1183 4762 1449 4822 eunuchis
1477 4761 1643 4818 Deum
1684 4762 1952 4817 dicentem
1989 4759 2070 4812 in-

484 4863 682 4933 ducit;
715 4881 735 4914 ι
776 4859 923 4915 Dabo
959 4859 1041 4916 eis
1076 4873 1271 4914 nomen
1313 4865 1602 4924 teternum,
1638 4857 1779 4928 quod
1824 4863 1908 4910 est
1962 4867 2073 4907 mes

486 4956 592 5010 lius
620 4969 783 5025 quam
817 4953 913 5008 ﬁlii
957 4962 1013 5010 et
1057 4951 1182 5008 ﬁliae
1216 4950 1286 5005 ⁸³.
1319 4969 1337 5004 t
1376 4948 1568 5005 Melius
1603 4949 1808 5018 itaque,
1861 4961 1966 5000 non
2004 4945 2070 4996 de

487 5046 676 5115 quavis
709 5045 1036 5110 diﬂ'erentia,
1070 5045 1166 5100 sed
1211 5043 1277 5100 de
1314 5059 1510 5114 magna
1547 5050 1603 5097 et
1653 5035 2064 5110 incomparabili

489 5151 860 5210 saepenumero
894 5138 1210 5195 excellentia
1243 5137 1463 5196 dicitur.

794 5254 1031 5321 ALIUD,
1058 5254 1115 5310 t'n
1144 5255 1384 5310 candent
1407 5254 1745 5316 sententiam.

558 5368 758 5425 Beatus
811 5368 1014 5424 Paulus
1062 5383 1220 5423 suum
1281 5367 1451 5435 ipsius
1503 5367 1707 5422 dictum
1764 5365 2064 5436 explicans,

487 5459 1034 5528 manifestissimeque
1055 5459 1349 5515 ostendens
1372 5459 1629 5527 quidnam
1648 5457 1868 5524 sithoc,
1901 5478 1920 5508 ε
1954 5457 2066 5511 Me-

488 5549 590 5617 lior
628 5549 807 5603 factus
857 5549 1061 5619 angelis
1087 5550 1172 5614 ’°,
1228 5567 1245 5600 ι
1287 5550 1354 5602 ad
1396 5563 1461 5604 ea
1512 5563 1632 5616 quae
1674 5547 1815 5603 dixit
1848 5548 2016 5603 infert
2052 5567 2064 5600 :

1535 5723 1579 5752 '“
1601 5722 1744 5778 Psal.
1777 5739 1904 5784 xxx,
1943 5725 1995 5779 5.

1350 5793 1394 5822 ”
1431 5794 1533 5847 lsa.
1566 5809 1668 5858 LVI,
1705 5795 1756 5846 εἰ.

559 5727 603 5758 ⁸³
627 5723 791 5778 Hebr.
823 5739 862 5787 ι,
889 5721 1005 5774 1-5.
1082 5723 1126 5752 ⁸³
1153 5722 1308 5775 Joan.
1333 5737 1367 5776 ι.
1409 5726 1454 5774 l.

488 5798 576 5871 ιι.
651 5796 695 5838 ⁸⁸
730 5793 888 5863 Prov.
919 5805 1035 5854 vm,
1066 5790 1150 5853 10,
1190 5791 1272 5844 Η.

2073 5726 2118 5755 ⁸⁵
2147 5724 2286 5779 Psal.
2317 5744 2481 5793 cxrlt,
2510 5731 2600 5787 ‘28.

1836 5795 1880 5823 9°
1917 5795 2075 5848 l'lcltt'.
2109 5813 2145 5860 I,

2171 1938 2352 1992 τοίνυν
2371 1939 2616 2010 περιθεὶς
2641 1939 2716 2010 τῷ
2739 1939 2854 2010 Υίῷ
2875 1939 2972 2010 τὴν
2992 1940 3175 2006 δόξαν,
3207 1941 3303 1995 καὶ
3334 1943 3401 1995 τά
3428 1944 3525 2013 τῆς
3544 1944 3758 2012 φύσεως

2173 2029 2266 2082 τοῦ
2300 2031 2514 2101 Πατρὸς
2548 2031 2657 2083 ἴδια
2693 2029 2980 2101 προσάψας
3019 2031 3190 2102 αύτῷ,
3237 2034 3354 2087 τότε
3399 2036 3528 2105 φησὶ
3570 2036 3755 2105 κρείτ-

2171 2137 2301 2177 τονα
2320 2121 2574 2189 γενέσθαι
2595 2121 2704 2176 τῶν
2733 2123 3004 2192 ἀγγέλων,
3027 2124 3136 2195 ὅσῳ
3159 2124 3253 2177 καὶ
3278 2125 3455 2196 μεῖζον
3479 2126 3588 2195 ἔχει
3617 2129 3748 2197 παρ’

2173 2214 2418 2280 ἐκείνους
2468 2215 2529 2269 τὸ
2579 2216 2772 2286 ὄνομα,
2835 2217 2909 2280 ὡς
2962 2217 3090 2281 Υἱὸς
3130 2218 3222 2271 καὶ
3277 2219 3622 2289 κληρονόμος,
3655 2218 3749 2272 καὶ

2175 2310 2538 2380 ἀπαύγασμα,
2561 2311 2655 2363 καὶ
2676 2311 2984 2382 χαρακτὴρ,
3010 2313 3105 2365 καὶ
3127 2311 3308 2376 εἰκὼν,
3329 2312 3420 2364 καὶ
3439 2312 3569 2381 -ὃμόΘ
3579 2329 3752 2382 ρονος,

2174 2403 2267 2456 καὶ
2299 2404 2550 2474 ποιητής.
2582 2404 2645 2457 El
2675 2403 2732 2456 δὲ
2763 2403 2897 2457 πολὺ
2929 2405 3197 2474 κρείττων
3236 2405 3331 2457 καὶ
3359 2402 3759 2474 διαφορώτερος

2173 2493 2282 2546 τῶν
2309 2494 2559 2562 ἀγγέλων
2589 2493 2678 2548 διὰ
2697 2494 2869 2550 ταῦτα
2915 2499 3138 2561 νοεῖται,
3172 2495 3439 2566 κρείττων
3465 2495 3572 2564 ἄρα
3602 2495 3695 2548 καὶ
3727 2495 3762 2564 ἡ

2174 2585 2338 2639 αὐτοῦ
2371 2587 2469 2657 τῆς
2499 2587 2722 2641 ἐκείνων
2753 2588 3052 2653 διακονίας.
3085 2589 3351 2660 Σημαίνοι
3380 2589 3423 2642 δ’
3452 2588 3516 2642 ἂν
3539 2590 3764 2651 εἰκότως

2174 2678 2362 2732 ἐνθάδε
2389 2679 2451 2732 τὸ
2484 2698 2502 2732 ι
2529 2679 2773 2750 γέγονεν,
2803 2701 2820 2732 ›
2849 2683 2910 2736 ού
2940 2683 3036 2752 τὴν
3075 2685 3141 2736 ἐκ
3172 2682 3265 2736 τοῦ
3295 2681 3368 2752 μὴ
3394 2682 3548 2745 ὅντος
3589 2683 3668 2745 είς
3705 2680 3768 2734 τὸ

2175 2764 2316 2824 εῖναι
2349 2773 2690 2844 παραγωγὴν
2719 2770 2818 2846 (ἦν
2843 2774 2952 2844 γὰρ
2984 2777 3012 2828 ὁ
3041 2775 3215 2843 Λόγος
3269 2777 3326 2829 ὲν
3371 2775 3590 2846 ἀρχῇ),
3644 2773 3766 2826 οὐδὲ

2171 2862 2273 2933 τὴν
2294 2861 2354 2927 ἐξ
2374 2863 2656 2929 ἐλάττονος
2679 2865 2758 2930 είς
2782 2885 2834 2919 τι
2863 2868 3046 2938 μεῖζον
3067 2867 3366 2940 μεταϐολὴν
3394 2873 3410 2933 (
3429 2867 3632 2929 τέλειος
3656 2865 3767 2936 γὰρ

2174 2956 2240 3009 ἐκ
2269 2955 2476 3009 τελείου
2507 2958 2720 3028 Πατρὸς
2753 2959 2999 3030 ὑπῆρχεν
3025 2962 3054 3014 ὁ
3083 2960 3234 3032 Υἱὸς)
3262 3001 3276 3022 ,
3333 2959 3449 3013 ἀλλ’
3484 2958 3678 3026 ὥσπερ
3708 2959 3766 3010 ὲν

2177 3047 2459 3119 συγκρίσει
2484 3049 2644 3120 δόξης
2673 3052 2766 3103 καὶ
2816 3052 3127 3122 ἀξιώματος
3148 3053 3209 3106 τὸ
3246 3050 3430 3124 μεῖζον
3455 3052 3551 3104 καὶ
3585 3052 3765 3121 κρεῖτ-

2174 3157 2264 3193 τον
2297 3139 2484 3210 ὀφθέν.
2509 3141 2718 3215 ’Ὠσπερ
2745 3142 2812 3196 ἂν
2834 3143 2887 3196 εί
2912 3161 2996 3207 τις
3029 3145 3313 3216 ἄνθρωπος
3341 3145 3496 3214 ἵππῳ
3536 3142 3762 3212 συγκρί-

2177 3246 2339 3294 νοιτο,
2374 3231 2467 3283 καὶ
2493 3229 2706 3298 λέγοιτο
2753 3234 3017 3304 κρείττων
3061 3234 3226 3288 αὑτοῦ
3248 3234 3578 3302 γεγενῆσθαι
3615 3232 3764 3301 παρᾶ

2175 3325 2288 3386 τοῖς
2311 3323 2664 3394 δοκιμάζουσι
2720 3324 2808 3378 διὰ
2833 3325 2894 3379 τὸ
2944 3325 3082 3380 εἶναι
3133 3327 3373 3395 λογικόν.
3401 3327 3523 3379 ’Ότι
3554 3325 3665 3395 γὰρ
3703 3325 3764 3377 τὸ

2175 3417 2456 3484 γενέσθαι
2487 3418 2548 3470 οὐ
2572 3420 2790 3483 πάντως
2839 3420 3056 3487 φύσεως
3109 3419 3367 3490 σημαίνει
3425 3417 3758 3489 μεταϐολὴν,

2177 3506 2445 3576 πρόδηλον
2474 3507 2628 3561 ἔσται
2656 3508 2744 3561 διὰ
2765 3509 2859 3562 τοῦ
2889 3509 3135 3577 λέγοντος
3167 3510 3304 3580 πρὸς
3341 3509 3498 3573 Θεόν,
3545 3527 3564 3558 ‹
3599 3508 3761 3560 Γενοῦ

2179 3615 2267 3668 μοι
2297 3600 2376 3660 εἰς
2403 3599 2536 3652 Θεὸν
2563 3601 2999 3670 ὑπερασπιστήν·
3032 3620 3050 3652 ο
3085 3601 3180 3654 καὶ
3224 3601 3407 3654 πάλιν·
3446 3620 3463 3652 ι
3516 3599 3766 3667 Ἐγένετό

2179 3705 2268 3759 μοι
2297 3689 2502 3759 Κύριος
2565 3693 2644 3754 εἰς
2682 3691 3025 3761 καταφυγήν
3061 3710 3079 3742 ›
3141 3689 3256 3753 καὶ,
3307 3710 3325 3743 ι
3373 3690 3626 3757 Ἐγένετό
3678 3706 3760 3760 μοι

2175 3779 2378 3850 Κύριος
2408 3783 2486 3844 είς
2537 3783 2831 3853 σωτηρίαν.
2871 3803 2888 3835 ι
2943 3786 3228 3847 Διακονίας
3275 3785 3382 3854 ἄρα
3425 3785 3521 3837 καὶ
3565 3783 3757 3854 δόξης.

2177 3872 2269 3924 καὶ
2297 3873 2358 3924 οὐ
2382 3872 2614 3942 φύσεως,
2643 3875 2719 3945 τῷ
2750 3875 2863 3945 Υἰῷ
2892 3875 3026 3946 πρὸς
3065 3876 3329 3944 ἀγγέλους
3362 3879 3394 3946 ἡ
3425 3877 3737 3945 σύγκρισις.

2175 3983 2510 4051 Παράθεσις
2524 3985 2726 4052 ῥητῶν
2745 3988 3135 4054 σημαίνουσα
3165 3988 3251 4042 ὅτι
3277 3988 3395 4048 τὰς
3417 3990 3722 4056 κρείττων,
3738 4007 3754 4038 ι

2245 4056 2282 4126 ἡ
2319 4056 2448 4126 θεία
2481 4057 2692 4126 Γραφὴ
2733 4059 2832 4111 καί
2860 4059 2958 4110 ἐπὶ
2979 4059 3099 4112 τῶν
3128 4059 3287 4112 πολὺ
3315 4058 3755 4125 διεστηκότων,

2246 4125 2463 4198 amat
2502 4125 2616 4179 τὸν
2646 4127 2757 4193 τῆς
2812 4131 3055 4196 φύσεως
3115 4132 3323 4198 λόγον,
3378 4129 3594 4194 ﬁxa-rit
3648 4128 3755 4194 τὴν

2247 4197 2430 4260 ἀξίαν
2452 4199 2714 4266 τίθησιν,
2743 4198 2779 4267 ἢ
2812 4202 2964 4252 κατὰ
2995 4199 3059 4253 τὸ
3098 4197 3318 4269 μέτρον
3347 4199 3455 4269 τῆς
3493 4200 3751 4269 χάριτος.

2248 4314 2409 4367 Ὅσον
2469 4315 2549 4377 εἰς
2578 4315 2675 4387 τὴν
2722 4316 2911 4387 χάριν·
2948 4336 2965 4368 ι
3006 4318 3293 4388 Κρείσσων
3328 4317 3510 4390 ἡμέρα
3559 4317 3656 4387 μία
3691 4318 3750 4366 ἐν

2173 4406 2292 4466 ταῖς
2325 4405 2516 4468 αύλαῖς
2541 4422 2634 4458 σου
2677 4407 2816 4476 ὑπὲρ
2847 4407 3112 4477 χιλιάδας·
3141 4429 3159 4460 ›
3213 4409 3266 4461 τί
3303 4411 3413 4482 γὰρ
3466 4410 3575 4462 ἴσον
3603 4408 3755 4460 ἔσται

2175 4493 2283 4547 τῶν
2312 4494 2488 4548 αὐλῶν
2517 4497 2624 4550 τῶν
2655 4497 2829 4552 ούσῶν
2854 4501 2911 4552 ἐν
2933 4503 3046 4563 τοῖς
3069 4501 3348 4570 οὐρανοῖς;
3377 4501 3469 4563 Εἰς
3509 4498 3761 4569 ἀνομοιόο

2175 4602 2318 4656 τητα
2343 4585 2579 4654 φύσεως·
2620 4607 2637 4638 ‹
2678 4589 2884 4642 Λάϐετε
2920 4591 3157 4655 παιδίαν,
3187 4591 3280 4644 καὶ
3333 4591 3407 4662 μὴ
3458 4591 3722 4662 ἀργύριον
3745 4605 3758 4618 ⁸

2174 4677 2446 4748 κρείσσων
2467 4678 2576 4752 γὰρ
2605 4682 2766 4762 σοφία
2788 4680 2955 4736 λίΟων
2986 4682 3278 4736 ἐκλεκτῶν.
3323 4703 3342 4735 ›
3379 4684 3612 4745 Ἡσαΐας
3637 4683 3765 4753 περὶ

2172 4769 2280 4823 τῶν
2337 4770 2608 4842 εὐνούχων
2671 4775 2915 4845 εἰσξέρει
2953 4775 3183 4844 λέγοντα
3246 4775 3398 4828 Θεόν·
3436 4795 3456 4828 t
3490 4777 3764 4846 Κρείσσον

2174 4861 2306 4914 υἱῶν
2331 4863 2424 4916 καὶ
2472 4862 2788 4935 Θυγατέρων
2836 4867 3009 4939 ὄνομα
3052 4866 3274 4921 αἰώνιον
3315 4866 3473 4921 δώσω
3499 4869 3705 4931 αὐτοῖς.
3738 4887 3756 4919 ι

2175 4955 2385 5010 Οὐκοῦν
2420 4956 2480 5009 τὸ
2521 4960 2794 5028 κρεῖσσον,
2844 4962 2943 5028 οὐκ
2983 4961 3076 5013 ἐπὶ
3128 4962 3225 5032 τῆς
3266 4961 3538 5031 τυχούσης
3577 4965 3765 5031 διαφο-

2180 5049 2298 5114 ρᾶς,
2331 5048 2466 5100 ἀλλὰ
2490 5049 2584 5102 καὶ
2613 5049 2707 5102 ἐπὶ
2733 5052 2974 5122 μεγάλης
3010 5053 3102 5106 καί⁸
3139 5054 3473 5123 ᾀσυγκρίτου
3502 5055 3764 5125 πολλάκις

2179 5137 2448 5208 ὑπεροχῆς
2478 5141 2748 5196 τάττεται.
3755 5134 3757 5136 Ι

2661 5256 2864 5319 ΑΛΛΟ,
2888 5258 2970 5322 εἰς
2999 5258 3067 5312 τὸ
3094 5261 3260 5314 αὐτό.

2255 5365 2725 5436 Ἐπεξηγούμενος
2779 5368 2876 5440 τὴν
2939 5371 3149 5428 οἰκείαν
3188 5373 3372 5444 φωνὴν
3421 5375 3447 5426 ό
3489 5377 3761 5446 μακάριος

2170 5455 2401 5520 Παῦλος,
2423 5459 2516 5510 καὶ
2548 5459 2858 5528 σαφέστατα
2881 5462 3233 5530 δεικνύων,τί
3257 5465 3374 5516 ἐστι
3396 5465 3475 5530 τὸ,
3515 5487 3532 5518 ι
3564 5469 3761 5538 Κρείτ-

2171 5565 2278 5600 των
2311 5550 2605 5617 γενόμενος
2631 5551 2739 5604 τῶν
2775 5554 3045 5622 ἀγγέλων,
3080 5575 3098 5606 ι
3150 5558 3404 5628 ἐπιφέρει
3466 5562 3581 5623 τοῖς
3616 5562 3762 5630 εἰρη-

2679 5732 2723 5763 ”
2746 5731 2888 5789 Psal.
2918 5749 3071 5803 xcm,
3092 5737 3182 5795 2'2.
3261 5739 3305 5772 ⁸⁷
3339 5737 3482 5794 Psal.
3515 5753 3754 5807 Lxxxut,

2183 5797 2231 5848 ιί.
