4078 6260
352 300 446 354 3H

1771 289 2208 351 TIIESAURUS.

3513 276 3617 331 542

358 415 551 485 μένοις⁸
581 430 600 462 ι
641 409 760 465 Τίνι
791 410 905 483 γὰρ
948 407 1073 465 εῐπέ
1116 427 1244 465 ποτε
1272 409 1380 464 τῶν
1428 409 1694 478 ἀγγέλων·
1747 407 1932 463 Κάθου

2101 403 2198 459 Cui
2238 400 2382 456 enim
2428 412 2664 468 unquam
2689 395 3002 468 angelorum
3037 393 3174 450 dixit
3210 412 3222 446 :
3256 391 3396 446 Sede
3424 406 3453 445 a
3487 392 3621 446 dex-

355 511 416 561 ἑκ
443 503 635 569 δεξιῶν
665 520 804 575 μου;
843 523 865 557 a
904 508 1002 558 καὶ
1036 505 1116 558 ὅτι
1166 503 1295 574 περὶ
1313 502 1406 557 τοῦ
1441 499 1575 555 Υἱοῦ
1601 501 1934 574 γέγραπται·

360 616 377 646 ι
402 595 511 649 Καὶ
537 594 1080 667 προσκυνησάτωσαν
1106 593 1257 666 αύτῷ
1282 594 1480 658 πάντες
1500 592 1719 663 ἄγγελοι
1742 592 1900 648 Θεοῦ.
1916 611 1934 644 ι

350 686 412 740 Εἰ
451 686 512 741 δὲ
538 686 691 756 ὁτῆς
729 687 1075 758 συγκρίσεως
1104 686 1299 754 λόγος,
1338 684 1400 739 τὸ
1455 685 1554 757 μὲν
1590 685 1667 751 ώς
1710 683 1942 754 συγκαθ-

349 778 618 849 εζόμενον
637 777 716 849 τῷ
726 780 841 832 Πατ
851 779 903 850 pl.
923 778 1016 831 καὶ
1035 776 1511 848 προσκυνούμενον
1530 776 1796 847 εἰσφέρει,
1815 778 1942 840 τοὺς

350 870 413 924 δὲ
442 870 522 933 ὡς
552 870 968 941 παρεστηκότας
1012 886 1070 922 τε
1102 869 1195 923 καὶ
1230 871 1551 940 προσκυνεῖν
1581 868 1943 939 ἐπιτεταγμέ-

358 978 517 1029 νους,
537 962 639 1016 οὐκ
663 961 754 1014 ἐπὶ
779 961 874 1031 τῆς
902 960 1086 1023 οὐσίας
1135 961 1287 1014 ἔσται
1328 961 1561 1024 πάντως
1587 960 1667 1020 τὸ,
1710 979 1728 1010 ι
1764 958 1944 1031 κρείτ-

366 1070 497 1106 τωνο
538 1071 559 1105 a
601 1052 716 1106 ἀλλ’
757 1054 815 1105 ὲν
841 1055 953 1115 τοῖς
990 1054 1117 1122 περὶ
1153 1052 1251 1123 τὴν
1291 1053 1482 1105 οὐσίαν
1524 1049 1801 1122 ἀξιώμασι
1850 1051 1945 1103 καὶ

368 1147 492 1207 ταῖς
518 1144 714 1208 ἔξωθεν
761 1143 862 1213 τῆς
898 1144 1113 1213 φύσεως
1145 1144 1353 1213 τιμαῖς.
1404 1140 1615 1195 Ούκούν
1656 1142 1755 1210 οὐχ
1802 1140 1862 1195 ἓν
1892 1157 1945 1193 τι

370 1237 480 1289 τῶν
496 1236 740 1306 γενητῶν
761 1239 789 1290 ὁ
824 1236 977 1301 Υἱὸς,
1010 1236 1125 1289 ἀλλ’
1151 1234 1338 1306 ἔτερόν
1361 1254 1412 1288 τι
1440 1236 1588 1305 παρὰ
1607 1233 1802 1296 ταῦτα,
1824 1250 1948 1287 του·

368 1326 535 1393 τέστι,
567 1328 735 1395 Λόγος
771 1326 906 1390 ἴδιος
935 1325 1032 1379 τοῦ
1061 1326 1291 1397 Πατρός.

863 1438 1073 1503 ΑΛΛΟ,
1092 1439 1177 1504 εὶς
1201 1436 1263 1490 τὸ
1288 1437 1452 1490 αὑτό.

438 1552 514 1607 Τὸ
550 1573 569 1606 ι
609 1556 863 1624 γέγονεν,
885 1573 904 1606 a
948 1556 1039 1608 ὅτε
1066 1555 1218 1625 μόνον
1244 1554 1336 1607 καὶ
1366 1552 1488 1606 καθ’
1522 1552 1685 1607 έαυτδ
1708 1552 1950 1621 λέγεται,

374 1645 633 1718 σημαίνει
660 1647 851 1702 πολλὰ·
882 1647 981 1701 καὶ
1010 1648 1074 1700 οὑ
1101 1639 1308 1709 πάντως
1337 1644 1695 1709 ὑποστάσεώς
1717 1645 1835 1697 ἐστι
1862 1643 1956 1714 δη-

2049 496 2149 551 tris
2185 495 2321 550 meis
2344 493 2439 548 ἰτ
2463 511 2482 545 ι
2516 501 2570 547 et
2598 490 2742 561 quod
2773 491 2838 544 de
2881 487 3020 542 Filio
3058 485 3319 555 scriptum
3358 494 3441 538 est
3469 500 3484 537 :
3515 481 3622 537 «Et

2048 588 2276 642 adorent
2304 601 2427 642 eum
2460 599 2650 640 omnes
2679 579 2853 650 angeli
2885 580 2978 635 Dei
2998 578 3069 632 ".
3122 595 3142 630 ι
3191 576 3250 632 Si
3292 588 3424 630 vero
3467 587 3619 630 com-

2046 679 2351 751 parationis
2379 678 2519 732 ratio
2559 677 2675 731 hac
2700 682 2803 739 est,
2827 682 2886 728 ut
2925 672 3069 728 hunc
3110 669 3328 739 quidem
3375 664 3620 719 assiden-

2050 783 2157 828 tem
2188 772 2337 827 Patri
2361 778 2415 827 et
2450 771 2737 825 adoratum
2763 767 3007 831 inducat,
3043 761 3167 818 illos
3210 773 3339 815 vero
3384 759 3622 813 circum-

2049 874 2255 921 stantes
2280 873 2334 920 et
2361 863 2595 918 adorare
2624 860 2812 930 iussos
2839 878 2853 914 :
2880 865 3027 914 certe
3056 854 3210 918 illud,
3264 870 3284 904 ι
3321 849 3513 905 melior
3537 888 3552 913 ,
3599 864 3618 898 ι

2050 970 2158 1010 non
2199 954 2266 1008 de
2291 952 2536 1008 essentia
2566 950 2781 1005 dicetur
2807 989 2824 1014 ,
2875 946 2969 1004 sed
3011 946 3078 1001 de
3122 941 3472 1011 dignitatibus
3505 952 3626 1007 qua:

2050 1046 2370 1105 substantia
2404 1044 2681 1108 accidunt,
2731 1044 2904 1112 deque
2937 1038 3264 1095 extrinsecis
3295 1045 3501 1090 natura
3524 1032 3623 1087 lto-

2052 1138 2298 1194 noribus.
2331 1135 2450 1191 Non
2476 1144 2561 1190 est
2588 1134 2756 1204 igitur
2803 1146 2946 1186 unus
2980 1145 3051 1186 ex
3075 1129 3278 1185 creatis
3304 1126 3497 1191 Filius,
3535 1125 3628 1179 sed

2053 1229 2328 1284 diversum
2350 1225 2627 1296 quidpiam
2647 1224 2719 1280 ab
2740 1222 2828 1287 iis,
2858 1221 2961 1277 hoc
2981 1220 3371 1289 est,proprium
3398 1214 3630 1272 Verbum

2053 1319 2253 1375 Patris.

2584 1426 2818 1493 ALIUD,
2848 1427 2906 1481 in
2931 1425 3094 1480 idem.

2134 1564 2153 1597 ‹
2176 1543 2378 1599 Factus
2410 1551 2496 1598 est
2521 1585 2535 1609 ,
2582 1557 2603 1593 ι
2631 1541 2848 1610 quando
2870 1538 3067 1603 solum,
3091 1549 3155 1590 ac
3189 1548 3284 1605 per
3315 1547 3376 1587 se
3405 1529 3630 1594 dicitur,

2062 1640 2231 1695 multa
2274 1637 2586 1710 signiﬁcat;
2632 1649 2809 1707 neque
2847 1634 2900 1689 in
2947 1633 3267 1687 universum
3301 1622 3632 1697 hypostasim

375 1738 631 1806 λωτικον,
688 1739 804 1792 ἀλλ’
832 1740 962 1793 ὅταν
990 1737 1135 1809 αὐτῷ
1174 1755 1228 1791 τι
1258 1736 1611 1807 συνάπτηται,
1656 1735 1778 1788 τότε
1815 1751 1954 1803 γνω-

2069 1733 2287 1787 denotat
2341 1729 2481 1786 :sed
2529 1745 2651 1785 cum
2697 1728 2774 1782 illi
2822 1724 3026 1796 aliquid
3072 1719 3463 1793 coniungitur,
3519 1723 3633 1769 tum

391 1831 499 1898 ριεῖ
526 1829 626 1901 τὴν
652 1829 769 1884 καθ’
790 1823 851 1884 οὗ
877 1831 1250 1900 κατηγορεῖται
1276 1828 1522 1898 δύναμινο
1552 1821 1687 1892 οἷον,
1709 1826 1844 1896 φέρε
1868 1825 1950 1878 εί-

395 1921 538 1984 πεῖν,
573 1918 758 1988 γέγονέ
791 1937 873 1983 τις
896 1919 1101 1985 τέκτων
1134 1919 1165 1990 ἢ
1207 1919 1459 1984 λιθοξόος,
1504 1918 1565 1971 οὐ
1610 1918 1831 1982 πάντως
1860 1917 1955 1971 ἄν·

392 2012 607 2082 θρωπος
639 2011 721 2067 ἵνα
760 2011 859 2064 καῖ
887 2011 1116 2065 τέκτων·
1154 2010 1268 2066 ἀλλ’
1303 2010 1602 2082 ἐπειδήπερ
1640 2009 1952 2081 ἄνθρωπος,

384 2100 566 2168 γέγονε
595 2101 827 2163 τέκτων,
883 2105 985 2174 τῆς
1029 2103 1227 2174 τέχνης
1247 2101 1321 2156 ὢν
1350 2102 1617 2169 δεκτικὸς,
1669 2105 1761 2157 καὶ
1811 2102 1956 2156 κατὰ

374 2190 540 2261 μόνης
561 2192 752 2246 ἐνθάδε
776 2193 880 2264 τῆς
910 2195 1228 2264 ἐπιστήμης
1259 2194 1498 2264 χωρήσει
1526 2194 1587 2246 τδ
1621 2212 1640 2245 ι
1675 2195 1950 2262 γέγονεν,›

372 2282 437 2333 οὐ
472 2281 693 2346 πάντως
719 2284 870 2336 κατὰ
894 2284 998 2351 τῆς
1028 2282 1374 2346 ὑποστάσεως
1410 2282 1445 2352 ἢ
1497 2284 1596 2353 τῆς
1622 2285 1696 2348 εἰς
1727 2284 1787 2336 τὸ
1826 2281 1959 2335 εἶναι

381 2375 751 2445 παραγωγῆς.
804 2374 1023 2427 Ούκοῦν
1071 2376 1121 2426 εἰ
1154 2374 1362 2442 λέγοιτο
1419 2374 1653 2444 Χριστὸς
1710 2375 1964 2447 κρείττων

379 2463 719 2532 γεγενῆσθαι
772 2463 883 2517 τῶν
925 2463 1198 2532 ἀγγέλων,
1240 2463 1299 2517 ού
1352 2465 1479 2534 περὶ
1506 2464 1598 2517 τὸν
1633 2465 1728 2536 τῆς
1758 2464 1965 2534 φύσεως

374 2550 539 2618 λόγον
599 2551 716 2622 ἔχει
768 2553 871 2625 τὴν
927 2553 1250 2626 σύγκρισιν,
1297 2553 1431 2607 ἀλλὰ
1485 2558 1612 2627 περὶ
1679 2555 1842 2626 τιμὴν
1874 2555 1965 2609 καὶ

369 2641 613 2714 ἀξίωμα.

840 2736 1055 2799 AAAO,
1104 2737 1191 2803 sic
1234 2739 1298 2791 τὸ
1342 2737 1506 2792 αὐτό.

453 2867 470 2899 ι
500 2846 757 2917 Τοσούτῳ
778 2828 1065 2919 κρείτ-των,
1074 2849 1361 2919 γενόμενος
1382 2849 1490 2903 τῶν
1517 2849 1804 2919 ἀγγέλων.’
1825 2869 1845 2903 ι
1893 2851 1969 2904 Τὸ

389 2958 412 2992 a
440 2941 660 3010 γέγονεν
696 2960 716 2992 ι
761 2942 812 2994 εἰ
857 2941 954 2994 καὶ
1002 2942 1146 2995 κατὰ
1203 2941 1301 3011 τῆς
1356 2942 1542 3006 οὐσίας
1584 2943 1829 2997 τάττοιτο
1871 2942 1967 2996 τοῦ

322 3022 333 3062 ³
391 3030 546 3094 Υἱοῦ,
574 3031 726 3085 οὐδὲν
751 3031 918 3102 αὐτὴν
942 3031 1195 3104 ἀδικήσει
1232 3033 1329 3102 τῆς
1382 3032 1581 3098 λέξεως
1617 3035 1653 3105 ἡ
1697 3033 1929 3104 δύναμις
1953 3075 1969 3099 ,

2054 1826 2173 1895 ejus
2196 1826 2262 1880 de
2292 1840 2399 1894 quo
2437 1824 2766 1894 prmdicatnr
2794 1822 2900 1875 vim
2934 1829 3100 1889 atque
3151 1816 3412 1871 virtutem
3454 1808 3635 1865 decla-

2056 1929 2140 1974 rat
2170 1936 2184 1972 :
2216 1927 2293 1983 ut,
2322 1913 2552 1985 exempli
2589 1912 2786 1985 gratia,
2809 1911 2982 1967 factus
3013 1918 3097 1965 est
3123 1905 3318 1975 aliquis
3345 1902 3516 1968 faber,
3552 1899 3635 1954 vel

2057 2010 2382 2066 statuarius:
2414 2022 2519 2061 non
2556 2007 2607 2060 in
2633 2004 2940 2059 universum
2970 2003 3131 2057 homo
3168 2009 3223 2053 ut
3250 2006 3304 2053 et
3332 1995 3517 2063 faber;
3542 1996 3636 2050 sed

2058 2102 2270 2172 quando
2292 2103 2451 2154 homo
2479 2082 2652 2175 factus
2676 2104 2760 2152 est
2783 2096 2955 2161 faber,
2978 2096 3111 2149 artis
3138 2105 3307 2160 capax
3339 2088 3632 2152 exsistens,

2059 2196 2127 2250 de
2168 2191 2280 2250 sola
2319 2190 2546 2248 scientia
2588 2190 2788 2245 dicitur
2829 2187 2979 2252 illud,
3012 2185 3173 2257 202
3213 2202 3231 2235 ι
3258 2182 3431 2237 factus
3470 2189 3573 2245 est,
3614 2198 3634 2230 ι

2061 2300 2166 2341 non
2212 2292 2391 2339 autem
2428 2282 2495 2337 de
2539 2282 2704 2352 ipsius
2751 2277 3055 2351 ltyposmsi,
3080 2285 3172 2330 aut
3205 2275 3271 2330 de
3302 2273 3639 2328 traductione

2061 2376 2127 2429 ad
2169 2390 2310 2430 esse.
2356 2372 2619 2441 Quocirca
2659 2370 2704 2425 si
2755 2369 2964 2423 dicatur
3007 2366 3259 2420 Christus
3302 2362 3476 2416 factus
3523 2371 3642 2414 esse

2064 2465 2253 2520 melior
2281 2462 2505 2534 angelis,
2528 2458 2861 2530 comparatio
2890 2456 3005 2511 hac
3043 2454 3109 2509 ad
3140 2454 3403 2508 rationem
3437 2457 3642 2504 natura

2065 2556 2344 2613 referenda
2370 2570 2475 2611 non
2501 2560 2607 2620 est,
2636 2552 2728 2608 sed
2758 2551 2826 2605 ad
2861 2549 3123 2606 honorem
3149 2556 3205 2602 et
3231 2544 3568 2616 dignitatem.

2594 2708 2754 2767 ALlU
2764 2710 2827 2774 Β,
2843 2711 2901 2764 lu
2923 2708 3084 2763 idem.

2144 2850 2164 2883 ι
2196 2829 2370 2884 Tanto
2400 2826 2575 2882 factus
2606 2835 2688 2882 est
2725 2826 2916 2881 melior
2945 2822 3172 2892 angelis.
3218 2840 3238 2874 ›
3268 2820 3325 2874 1η
3359 2818 3463 2873 hoc
3492 2816 3644 2872 dicto

2070 2923 2117 2978 si
2151 2937 2253 2976 vox
2292 2919 2409 2976 haec
2441 2939 2459 2972 ι
2499 2918 2674 2973 factus
2709 2925 2793 2971 est
2817 2959 2832 2982 ,
2896 2934 2913 2965 ι
2956 2914 3022 2967 ad
3069 2912 3357 2967 essentiam
3392 2909 3515 2963 Filii
3559 2921 3646 2960 re-

2076 3013 2281 3068 feratur
2308 3053 2323 3077 ,
2358 3010 2493 3066 nihil
2525 3008 2601 3063 illi
2636 3005 2834 3062 olliciet
2870 3004 3032 3073 huius
3072 3003 3222 3057 vocis
3249 3002 3353 3065 vis,
3410 3013 3530 3067 qua:
3567 2998 3651 3049 in-

402 3121 706 3192 ίιδιαφόρως
729 3090 982 3192 κειμένης
1016 3090 1442 3186 ποὶλάκιςικατὰ
1591 3090 1963 3196 γεννωμέινωνί

2076 3106 2393 3163 diﬂerenter
2432 3115 2809 3172 saepenumero
2843 3100 2907 3153 de
2959 3095 3158 3167 genitis
3198 3093 3438 3164 ponitur.
3487 3090 3648 3157 Atqui

417 3213 545 3268 Ἐπὶ
562 3214 659 3284 μὲν
686 3210 778 3269 οὖν
803 3215 907 3267 τῶν
932 3213 1096 3278 ὅντως
1124 3216 1424 3286 γινομένων
1471 3218 1564 3273 καὶ
1596 3217 1937 3287 ποιουμένων
1956 3259 1971 3282 ,

406 3310 508 3362 οὐκ
534 3308 599 3362 ἄν
621 3325 705 3371 τις
729 3307 984 3371 ἐπιδείξαι
1026 3309 1087 3361 τὸ
1142 3306 1435 3377 γεννᾶσθαι
1480 3308 1735 3379 κείμενον
1767 3309 1974 3379 κυρίως

405 3402 494 3455 καὶ
529 3400 672 3453 κατὰ
694 3399 871 3469 φύσιν
896 3400 977 3452 ὅτι
1009 3400 1113 3453 κᾶν
1155 3398 1492 3471 γεννώμενον
1532 3400 1811 3471 φαίνηται,
1862 3401 1976 3471 ἔχει

399 3492 503 3563 πρὸ
536 3490 729 3545 ἑαυτοῦ
752 3492 811 3544 τὸ
838 3492 1167 3563 πεποιῆσθαι
1213 3490 1365 3562 παρὰ
1391 3491 1486 3545 τοῦ
1514 3494 1824 3557 κτίσαντος.
1851 3488 1977 3547 Οἷον

395 3561 681 3654 ἄνθρωπος
716 3585 972 3653 γεννᾶται
1013 3561 1144 3653 μὲν,
1201 3561 1495 3654 πεποίηται
1539 3583 1618 3647 δὲ,
1660 3584 1754 3637 καὶ
1786 3561 1977 3657 κύριον

394 3675 560 3731 αὐτοῦ
589 3676 747 3729 τοῦτο
779 3675 979 3744 μᾶλλον
1006 3676 1039 3745 ἢ
1063 3676 1123 3727 τὺ
1144 3674 1415 3747 δεύτερον.
1446 3675 1510 3728 Et
1541 3675 1597 3728 δὲ
1624 3676 1717 3728 καὶ
1738 3675 1979 3745 λέγοιντύ

393 3788 540 3834 τινες
569 3769 660 3822 διὰ
686 3768 779 3822 τοῦ
805 3767 945 3821 Πνεύ
954 3784 1120 3839 ματος
1148 3766 1525 3836 γεγεννῆσθαι,
1558 3766 1695 3820 ἀλλὰ
1715 3768 1810 3819 καὶ
1832 3760 1979 3821 οὗτοι

399 3860 540 3932 πρὸς
576 3860 807 3930 μίμησιν
854 3858 947 3912 τοῦ
990 3858 1207 3929 ἀληθῶς
1258 3857 1609 3927 γεννηθέντος
1656 3858 1720 3910 ὲκ
1763 3858 1980 3929 Πατρδς

394 3952 535 4007 Θεοῦ
564 3953 761 4020 Λόγου,
790 3951 886 4004 καὶ
910 3950 1011 4003 οὐκ
1044 3950 1151 4014 ἔξω
1199 3948 1293 4002 τοῦ
1319 3948 1649 4018 πεποιῆσθαι
1678 3950 1980 4019 τυγχάνου-

394 4062 501 4099 σιν’
526 4044 669 4099 ὥστε
708 4043 771 4097 τὸ
820 4043 920 4112 τῆς
970 4042 1276 4112 γεννήσεως
1321 4039 1492 4110 ὄνομα
1526 4040 1982 4111 καταχρηστικῶς

394 4138 460 4191 ἂν
491 4136 581 4208 εἴη
638 4135 840 4209 μᾶλλον
868 4134 903 4206 ἢ
938 4133 1182 4204 φυσικῶς
1235 4135 1292 4186 ἐν
1338 4134 1450 4194 τοῖς
1503 4133 1770 4201 γενητοῖς.
1824 4130 1898 4183 To
1922 4131 1982 4185 δὲ

399 4229 685 4303 γεννηθὲν,
723 4229 829 4282 κᾶν
858 4226 1111 4295 γενέσθαι
1148 4226 1400 4297 λέγηται,
1442 4223 1596 4275 οὐδὲν
1637 4222 1895 4291 ὑπομένει
1922 4222 1983 4276 τὸ

403 4324 623 4396 βλάϐος,
658 4321 1057 4394 ἀδιαφορούσης
1096 4322 1222 4392 περὶ
1251 4317 1407 4372 τοῦτο
1436 4318 1533 4387 τῆς
1571 4315 1718 4380 Θείας
1742 4316 1980 4386 Γραφῆς.

2076 3202 2142 3255 de
2174 3200 2240 3253 iis
2264 3212 2385 3268 quae
2413 3211 2473 3252 re
2502 3209 2627 3248 vera
2670 3191 2812 3247 facta
2859 3198 3008 3250 sunt,
3046 3201 3207 3241 nemo
3248 3192 3396 3238 certe
3436 3180 3653 3251 proprie

2077 3309 2142 3349 ac
2190 3290 2511 3348 naturaliter
2550 3286 2653 3342 dici
2704 3283 2955 3341 ostendet
2992 3279 3280 3352 generari;
3335 3276 3462 3346 quia
3520 3282 3656 3328 tam-

2075 3386 2176 3441 etsi
2210 3391 2522 3455 generatum
2547 3384 2827 3448 appareat,
2859 3374 3023 3430 habet
3051 3380 3230 3427 tamen
3262 3376 3386 3423 ante
3414 3379 3474 3422 se
3504 3364 3649 3435 quod

2077 3476 2279 3531 factum
2315 3477 2385 3529 sit
2418 3488 2446 3527 a
2476 3471 2758 3527 Creatore.
2792 3464 3265 3535 Quemadmodum
3299 3461 3461 3515 homo
3483 3472 3653 3527 gene-

2079 3578 2230 3624 ratur
2256 3567 2494 3637 quidem,
2533 3565 2706 3619 l'actns
2735 3570 2914 3616 tamen
2941 3565 3026 3613 est
3056 3572 3071 3608 :
3106 3561 3271 3623 atque
3300 3551 3405 3606 hoc
3433 3549 3652 3619 quidem

2079 3658 2157 3713 illi
2195 3656 2368 3725 magis
2416 3653 2698 3724 proprium
2730 3660 2857 3714 est,
2910 3659 3075 3717 quam
3131 3641 3284 3699 illud.
3332 3638 3391 3694 Si
3414 3652 3543 3693 vero
3574 3637 3655 3690 di-

2079 3756 2273 3803 cantur
2323 3744 2565 3800 nonnulli
2612 3757 2710 3812 per
2759 3740 3023 3810 Spiritum
3078 3733 3246 3806 geniti
3272 3746 3393 3788 esse
3431 3729 3573 3785 :sed
3601 3738 3657 3784 et

2081 3840 2135 3894 lii
2168 3839 2234 3909 pd
2266 3837 2624 3893 imitationem
2660 3833 2848 3896 Verbi,
2888 3828 3032 3899 quod
3081 3839 3208 3881 vero
3249 3839 3314 3877 ex
3361 3822 3522 3875 Patre
3566 3834 3658 3887 ge-

2081 3932 2255 3987 nitum
2280 3938 2389 3996 est,
2432 3929 2507 3983 ita
2537 3934 2806 3981 vocantur
2839 3941 2853 3977 :
2888 3919 3013 3976 facti
3052 3927 3231 3971 tamen
3271 3927 3393 3967 esse
3421 3925 3526 3963 non
3567 3910 3659 3963 de-

2081 4023 2307 4086 sinunt;
2349 4020 2603 4089 quocirca
2643 4010 3011 4086 generationis
3044 4019 3239 4061 nomen
3290 4000 3514 4056 abusive
3558 4013 3659 4065 po-

2085 4116 2190 4171 tius
2219 4128 2381 4183 quam
2409 4109 2627 4180 proprie
2655 4107 2722 4161 de
2750 4105 2817 4158 iis
2842 4116 2961 4172 qua:
2983 4099 3123 4153 facta
3164 4100 3314 4157 sunt,
3341 4098 3657 4160 usurpatur.

2082 4182 2333 4264 Genitum
2365 4218 2514 4266 vero,
2561 4197 2780 4253 tametsi
2832 4196 3043 4251 dicatur
3076 4189 3280 4245 factum
3325 4199 3479 4251 esse,
3529 4182 3661 4239 nihil

2088 4301 2271 4354 damni
2310 4298 2436 4351 inde
2487 4292 2742 4365 percipit,
2776 4303 2899 4346 cum
2954 4299 3108 4342 sacra
3165 4282 3449 4351 Scriptura
3497 4276 3661 4333 indil-

400 4368 710 4485 λέγει’-γὰρ
734 4368 821 4467 6τῖ
845 4368 1222 4481 {reseae-“ra
1387 4368 1502 4459 υἱοί
1698 4368 1796 4458 ξεαί

2087 4390 2326 4447 l‘erenter
2365 4406 2431 4445 eo
2476 4396 2685 4443 utatur.
2722 4383 2864 4439 Dicit
2907 4378 3052 4452 quod
3104 4376 3230 4431 facti
3262 4374 3371 4429 sint
3410 4370 3513 4429 Job
3565 4368 3661 4425 lilii

400 4467 565 4577 τ-έρες
590 4467 759 4578 τρεῖς.
786 4467 896 4558 Καί
916 4503 1094 4557 πάλιν·
1138 4522 1156 4553 ι
1178 4467 1287 4554 ἓΗν
1331 4497 1583 4570 Ἀϐραὰμ
1624 4498 1816 4551 ἑκατὸν
1843 4467 1963 4551 satin

2089 4494 2317 4553 septem,
2350 4494 2404 4538 et
2433 4482 2559 4536 tilias
2590 4488 2700 4533 tres
2735 4476 2802 4531 ’³.
2830 4475 2961 4529 Item
2993 4487 3009 4527 :
3048 4489 3066 4524 ι
3103 4468 3233 4525 Erat
3254 4467 3526 4522 Abraham
3573 4477 3666 4518 an-

2763 4568 2774 4578 .
2870 4564 2889 4578 r
2958 4574 2967 4578 -
3107 4577 3115 4578 κ
3160 4568 3172 4578 .
3227 4559 3265 4578 -9
3333 4557 3478 4578 l--“-
3524 4553 3664 4578 an..-

401 4599 492 4653 ὅτε
521 4596 738 4665 ἐγένετο
783 4594 932 4663 αὐτῷ
990 4591 1176 4645 Ἰσαὰκ
1222 4593 1250 4643 ὁ
1288 4589 1403 4650 υἱὸς
1449 4588 1633 4643 αὐτοῦ.
1675 4607 1695 4640 a
1734 4589 1796 4641 Εἰ
1821 4587 1877 4641 δὲ
1920 4588 1982 4641 τὸ

402 4685 743 4758 γεννώμενον
801 4683 1056 4753 γενέσθαι
1119 4681 1334 4750 λέγεται
1383 4682 1475 4733 καὶ
1522 4680 1609 4731 ἐπ’
1654 4678 1979 4750 ἀνθρώπων,

405 4779 766 4848 ἀδιαφορείτω
794 4794 877 4839 τις
904 4774 1065 4829 τοῦτο
1117 4772 1329 4828 ἀκούων
1379 4772 1475 4825 καὶ
1514 4772 1644 4842 περὶ
1680 4770 1775 4824 τοῦ
1823 4769 1981 4823 Tim").

422 4873 545 4926 Ἐπὶ
567 4870 626 4925 δὲ
658 4870 767 4924 τῶν
790 4867 1037 4939 γενητῶν
1063 4868 1164 4920 οὐκ
1221 4865 1573 4934 ἀδιαφορήσει
1609 4862 1698 4916 διὰ
1724 4863 1816 4915 τὸν
1845 4878 1982 4932 προ-

409 4961 631 5019 αποδεδο
638 4960 793 5031 μένον
805 4958 985 5028 λόγον.

1092 5158 1296 5212 AAAO.

610 5283 714 5348 Εἰς
741 5281 808 5335 τὸ
828 5277 1013 5349 fabro,
1038 5276 1118 5341 ὡς
1142 5275 1213 5327 ὲκ
1249 5269 1369 5326 τῶν
1392 5269 1466 5322 δι’
1490 5268 1787 5321 ἐναντίας.

477 5395 812 5464 Γέγραπται,
840 5390 1147 5461 φησὶ,περ“ι
1169 5386 1325 5450 Υἱοῦ,
1363 5385 1446 5437 ὅτι
1489 5400 1508 5432 ι
1543 5379 1795 5448 Τοσούτῳ
1818 5378 1997 5448 κρείτ-

1749 5469 1996 5539 φιλοῦσιν
2103 5466 2293 5521 melior
2320 5462 2498 5516 lactus
2535 5458 2603 5513 sit
2634 5452 2859 5524 angelis.
2897 5470 2914 5502 ι
2962 5448 3095 5504 Cum
3147 5457 3277 5498 vero
3309 5435 3676 5505 comparatio-

407 5508 514 5543 των
541 5489 834 5559 γενόμενος
854 5483 967 5538 τῶν
995 5482 1267 5552 ἀγγέλων.
1310 5498 1327 5530 t
1375 5474 1598 5546 Ἐπειδὴ
1644 5473 1702 5528 δὲ

2093 4590 2284 4628 norum
2335 4585 2551 4627 centum
2593 4568 2812 4638 quando
2866 4564 3041 4619 lactus
3094 4568 3178 4616 est
3219 4559 3265 4613 ei
3332 4557 3480 4613 lsaac
3524 4553 3666 4607 ﬁlius

2092 4668 2210 4737 ejus
2239 4667 2306 4721 “.
2352 4685 2371 4716 ι
2410 4665 2465 4720 Si
2498 4679 2624 4716 vero
2654 4662 2795 4730 quod
2831 4666 3147 4729 generatum
3183 4663 3287 4714 est,
3317 4648 3519 4702 factum
3545 4658 3665 4698 csse

2090 4761 2288 4815 dicitur
2310 4759 2471 4811 etiam
2508 4756 2563 4808 in
2593 4754 2928 4815 hominibus,
2963 4747 3336 4803 indill‘erenter
3370 4742 3472 4793 hoc
3496 4735 3661 4789 etiam

2092 4852 2346 4918 accipiat,
2390 4850 2434 4903 si
2474 4847 2596 4916 quis
2642 4850 2709 4901 de
2756 4844 2893 4899 Filio
2943 4842 2994 4896 id
3028 4838 3133 4892 dici
3177 4832 3436 4887 audierit.
3486 4829 3561 4882 De
3604 4829 3668 4884 iis

2100 4948 2276 4995 autem
2311 4956 2430 5009 qua:
2470 4938 2609 4991 facta
2662 4946 2809 5000 sunt,
2847 4949 2951 4987 non
2995 4932 3122 4983 item
3164 4921 3534 4978 indifferenter
3579 4933 3671 4976 ac-

2097 5034 2282 5105 cipiet,
2323 5033 2391 5086 ob
2422 5032 2685 5084 rationem
2712 5028 2824 5096 jam
2858 5025 3079 5078 dictam.

2766 5134 2997 5189 ALIUD.

2291 5258 2356 5312 In
2387 5257 2562 5320 idem,
2618 5268 2681 5306 ex
2738 5246 3027 5318 objectione
3078 5239 3465 5296 Irwrelicorum.

2170 5357 2440 5439 Scriptum
2466 5375 2571 5431 est,
2623 5360 2895 5432 inquiunt,
2934 5358 2999 5411 de
3034 5354 3190 5416 Filio,
3239 5350 3405 5417 quod,
3452 5364 3469 5394 ι
3520 5352 3670 5397 mmo

408 5579 462 5634 αἱ
494 5526 833 5652 συιγκρῗξειξ
853 5575 943 5631 ἀεὶ
963 5526 1209 5642 γίνέξιθαι
1239 5569 1369 5639 περι
1400 5568 1467 5620 τὰ
1492 5526 1713 5636 ὁμοειδῆ
1734 5559 1875 5631 (οὐδὲ
1894 5559 1963 5626 γά

2112 5573 2207 5613 ncs
2256 5568 2470 5623 semper
2537 5549 2652 5604 fieri
2707 5543 2916 5600 soleant
2975 5543 3117 5597 inter
3162 5550 3225 5591 ea
3273 5546 3393 5603 quae
3435 5526 3673 5602 ejusdem

465 5740 511 5771 "
540 5738 712 5798 Hebr.
745 5754 785 5802 ι,
826 5734 882 5788 5.
968 5732 1012 5762 ⁹¹
1043 5731 1169 5786 ibid.
1216 5731 1266 5783 6.
1348 5728 1392 5757 ⁵³
1431 5725 1531 5780 Job
1562 5739 1599 5791 l,
1636 5722 1690 5774 ἓ.
1768 5718 1813 5748 οδ
1852 5715 1983 5771 Gen.
2022 5732 2136 5784 xxi,
2169 5717 2221 5769 ti.
