4078 6260
465 290 569 348 5ιὸ

1471 295 1528 350 S.
1570 294 1841 351 CYRILLI
1883 291 2343 346 ALEXANDRlNI
2387 293 2702 346 ARCIIIEP.

3623 293 3731 348 5H

467 421 592 469 sunt
627 411 822 482 speciei
858 413 1055 482 (neque
1087 412 1230 467 enim
1265 411 1530 481 quispiam
1585 421 1732 468 recte
1765 410 2037 466 hominem

2144 409 2210 463 ἄν
2240 428 2322 473 τις
2347 411 2581 478 εὐλόγως
2612 413 2763 480 ἵππῳ
2792 409 3082 480 συγκρίναι
3116 409 3207 460 τὸν
3231 407 3518 478 ἄνθρωπον
3542 410 3573 478 ἦ
3606 410 3731 462 κυνὶ

469 521 610 575 equo
639 504 952 564 contulerit.
991 515 1083 558 ant
1114 519 1266 557 ovem
1295 505 1436 572 cani,
1495 504 1588 558 sed
1623 503 1896 560 hominem
1936 501 2036 554 hn-

470 597 710 651 minibus
738 637 753 660 ,
792 605 845 650 et
896 611 1047 650 ovem
1085 596 1168 649 avi
1198 594 1239 664 ),
1293 596 1666 658 necessarium
1701 594 1924 648 omnino
1957 602 2041 646 est

471 702 529 743 nt
563 690 761 745 factum
793 705 910 744 esse
949 689 1140 742 Filium
1191 688 1480 749 fateamur.
1528 702 1651 742 cum
1681 695 2036 756 comparetur

471 781 696 850 angelis,
723 795 948 849 quormn
985 788 1174 832 natura
1213 777 1350 830 facta
1380 787 1483 831 est.

963 888 1174 943 Salutio
1207 889 1531 956 abjectiouis.

539 1008 724 1060 Solent
783 1005 999 1072 quidem
1053 1003 1494 1071 comparationes
1538 1003 1680 1056 inter
1732 1018 1817 1057 res
1859 1003 2042 1070 specie

467 1095 848 1149 convenientes
875 1093 1012 1147 ﬁeri.
1048 1091 1153 1146 Sed
1184 1107 1306 1146 cum
1337 1091 1602 1158 ejusmozli
1635 1092 1777 1144 inter
1804 1106 1861 1143 se
1893 1107 2038 1142 eom-

465 1197 766 1256 parantur,
829 1200 1015 1239 voc-ein
1067 1183 1232 1247 illam,
1277 1201 1295 1232 ι
1351 1181 1544 1236 melior
1591 1201 1608 1232 ι
1655 1197 1762 1234 non
1813 1180 2044 1234 libenter

467 1291 640 1347 neque
676 1277 896 1346 proprie
923 1275 1256 1338 admittunt;
1291 1273 1382 1326 sed
1415 1274 1587 1340 magis
1635 1282 1690 1325 et
1731 1273 1909 1324 minus
1942 1286 2039 1339 po.-

466 1373 572 1426 tius
605 1371 686 1426 eis
717 1368 995 1433 convenit,
1030 1375 1122 1420 aut
1150 1381 1260 1435 pra
1296 1366 1569 1427 interdum
1597 1365 1762 1418 etiam
1801 1365 1922 1432 plus
1974 1363 2040 1416 de

465 1465 545 1518 eis
587 1463 692 1517 dici
729 1478 743 1513 :
800 1460 1000 1529 quippe
1033 1474 1153 1528 quae
1207 1458 1380 1527 magis
1424 1456 1698 1534 propriam
1751 1470 2041 1525 compara-

468 1558 663 1612 tionem
716 1555 951 1611 ostendit
997 1570 1011 1618 ξ
1061 1555 1128 1607 ita
1163 1551 1372 1620 [Josepli
1421 1551 1692 1606 formosus
1724 1551 1844 1620 plus
1879 1567 2039 1619 quam

465 1652 662 1704 fratres
695 1650 775 1702 sui
809 1646 1004 1700 dicitur
1031 1646 1098 1696 ’⁵.
1131 1642 1296 1698 Stella
1329 1658 1459 1701 vero
1503 1657 1614 1696 non
1847 1643 2044 1697 dicitur

2143 505 2201 556 τό
2231 505 2518 574 πρόϐατον,
2538 559 2550 566 _
2582 504 2694 557 ἀλλ’
2747 503 3031 574 ἄνθρωπον
3080 500 3178 570 μὲν
3228 499 3554 571 ἀνθρώποις,
3577 500 3639 554 τὸ
3672 501 3730 553 δὲ

2144 592 2413 663 πρόϐατον
2442 593 2520 662 τῷ
2560 592 2862 662 προϐάτῳ),
2894 591 3108 658 ἀνάγκη
3133 590 3283 642 πᾶσα
3325 589 3550 659 γενητὸν
3589 584 3728 642 εἶναι

2145 683 2520 753 συνομολογεῖν
2543 683 2634 735 τὸν
2665 683 2811 744 Υἰδν,
2853 682 2910 744 ὃς
2949 680 3200 749 ἀγγέλοις
3249 680 3596 749 συγκρίνεται
3619 681 3729 740 τοῖς

2143 775 2374 845 γενητὴν
2397 773 2576 845 ἔχουσι
2605 773 2700 845 τὴν
2731 774 2910 842 φύσιν.

2573 939 2613 978 ⁸
2641 889 2794 958 Πρὸς
2827 888 3003 942 τοῦτο
3025 889 3224 952 λύσις.

2211 1003 2427 1058 Φιλοῦσι
2451 1005 2546 1074 μὲν
2567 999 3019 1072 ὁμολογουμένως
3070 999 3126 1052 ὲν
3174 999 3288 1056 τοῖς
3339 995 3642 1066 ὁμοειδέσιν
3673 993 3731 1044 αἱ

2147 1099 2462 1169 συγκρίσεις
2517 1094 2780 1162 γίνεσθαι.
2833 1092 2969 1145 Ἀλλ’
3007 1093 3137 1143 ὅταν
3193 1089 3260 1142 τὰ
3312 1086 3540 1141 τοιαῦτα
3593 1088 3729 1154 πρός

2143 1191 2348 1261 ἄλληλα
2382 1189 2653 1260 κρίνηται.
2689 1188 2747 1239 τὸ
2799 1205 2816 1237 t
2857 1185 3124 1254 κρείττων
3166 1201 3182 1231 ›
3241 1181 3499 1248 λέγεσθαι
3543 1182 3726 1248 μισεῖ,

2146 1287 2240 1338 καὶ
2268 1285 2366 1337 οὐκ
2398 1283 2615 1345 οἰκείως
2675 1278 2977 1342 ὲπιδέξεται
3035 1277 3133 1346 τὴν
3162 1268 3367 1344 φωνήν·
3413 1271 3648 1342 ἁρμόσει
3673 1271 3729 1322 δὲ

2144 1378 2230 1431 ἐπ’
2260 1376 2439 1430 αὐτῶν
2477 1375 2536 1426 τὸ
2572 1373 2773 1443 μᾶλλον
2797 1373 2891 1426 καὶ
2921 1370 2980 1425 τὸ
3009 1364 3191 1440 ἦττον,
3224 1367 3318 1428 καὶ
3357 1365 3417 1418 τὸ
3444 1365 3726 1434 διαφερόν-

2143 1485 2250 1529 τως
2281 1465 2556 1534 λέγεσθαι,
2587 1464 2679 1521 καὶ
2732 1463 2794 1515 τὸ
2839 1461 3001 1514 πλέον
3055 1458 3165 1512 ἔσθ’
3195 1459 3302 1510 ὅτε·
3335 1456 3369 1508 ἂ
3395 1454 3459 1526 δὴ
3512 1456 3605 1507 καὶ
3635 1472 3728 1506 xo-

2147 1558 2409 1631 ριωτέραν
2469 1556 2703 1611 δεικνύει
2767 1555 2862 1626 τὴν
2914 1553 3234 1627 σύγκρισιν·
3289 1552 3468 1614 οὕτως
3530 1551 3727 1619 Ἰωσὴφ

2144 1654 2342 1723 ὡραῖος
2376 1649 2527 1720 παρά
2555 1649 2679 1711 τοὺς
2710 1645 2991 1719 ἀδελφούς.
3060 1645 3259 1714 Ἀστὴρ
3285 1643 3344 1695 δὲ
3383 1640 3544 1705 πᾲλιν
3575 1641 3731 1692 ἀστέ-

463 1741 656 1796 melior
689 1754 850 1808 quam
882 1737 988 1790 alia
1026 1736 1205 1798 stella,
1235 1737 1327 1790 sed
1386 1734 1670 1802 excellere
1719 1735 1917 1805 gloria.
1961 1734 2039 1787 Ita

2147 1756 2239 1806 po;
2277 1739 2337 1790 οὐ
2373 1737 2658 1806 κρείττων,
2693 1735 2829 1788 ἀλλά
2881 1733 3129 1804 διαφέρει
3165 1735 3220 1784 ἐν
3273 1732 3401 1802 δόξῃ
3429 1748 3444 1762 ο
3487 1729 3660 1793 οὕτως
3703 1732 3730 1781 6

464 1835 724 1890 Servator
751 1832 968 1901 quando.
1007 1830 1317 1895 hominibus
1365 1838 1424 1882 ut
1469 1829 1632 1888 homo
1662 1837 2036 1896 comparatur,

399 1989 404 1994 I
461 1940 570 1980 non
606 1923 806 1979 dicitur
859 1921 1053 1978 melior
1103 1920 1548 1992 pulchritudine,
1605 1919 1700 1974 sed
1769 1918 2042 1978 formosus

461 2031 574 2084 pra:
601 2015 728 2070 liliis
756 2014 1036 2077 hominum
1062 2013 1131 2067 “.
1185 2011 1318 2073 Cum
1347 2025 1476 2066 vero
1506 2026 1626 2082 qua:
1657 2011 1887 2066 diversae
1917 2025 2042 2082 spe-

459 2108 563 2163 ciei
595 2117 724 2162 sunt
766 2107 908 2162 inter
932 2121 991 2165 se
1024 2111 1436 2174 comparantur,
1472 2111 1585 2157 tum
1622 2103 1792 2173 magis
1820 2103 2042 2172 proprie

459 2201 684 2262 dicitur,
723 2199 935 2262 melius.
995 2199 1170 2266 Atque
1199 2198 1270 2252 ita
1309 2197 1577 2267 scriptum
1629 2204 1713 2249 est
1757 2212 1769 2246 :
1802 2214 1821 2246 ι
1853 2194 2043 2249 Melior

460 2301 542 2345 est
573 2291 716 2349 enim
751 2289 1019 2357 sapientia
1045 2304 1208 2359 quam
1238 2289 1446 2358 lapides
1463 2289 1692 2362 pretiosi
1712 2289 1778 2356 ",
1817 2307 1836 2341 ›
1873 2289 2036 2356 Qum—

455 2397 586 2439 nam
616 2381 760 2442 enim
794 2390 878 2439 est
911 2381 1144 2436 societas
1183 2388 1392 2442 naturae
1424 2379 1704 2449 sapientiae
1729 2395 1851 2435 cum
1899 2381 2034 2448 lapi-

464 2475 666 2535 dibus!
701 2473 756 2536 Si
803 2488 945 2545 ergo~
989 2472 1328 2543 comparatio
1389 2487 1574 2525 rerum
1629 2473 1809 2541 specie
1844 2487 2043 2531 conve-

465 2565 732 2622 nientium
768 2565 931 2618 aliam
964 2565 1235 2618 rationem
1284 2563 1468 2625 habet,
1525 2561 1591 2617 de
1633 2564 1700 2617 iis
1751 2580 1878 2618 vero
1923 2580 2042 2634 quae

463 2657 756 2712 secundum
821 2664 1068 2712 naturam
1129 2670 1280 2709 suam
1335 2653 1568 2709 diversa:
1619 2665 1744 2708 sunt
1800 2657 2040 2724 speciei,

463 2749 658 2806 melius
680 2749 879 2803 dicitur
905 2763 922 2802 :
958 2757 1106 2803 certe
1147 2747 1316 2818 Filius
1339 2747 1546 2816 angelis
1561 2748 1758 2802 similis
1783 2764 1889 2802 non
1914 2751 2040 2812 erit,

465 2855 643 2910 neque
679 2839 852 2905 factus
881 2847 940 2900 ut
973 2839 1071 2904 illi,
1104 2840 1198 2895 sed
1233 2839 1583 2911 hyperbolico
1630 2842 2040 2910 comparatione

466 2937 569 2989 hoc
622 2934 730 2988 lict.
767 2934 944 3002 Atque
964 2948 1026 2987 ea
1072 2932 1186 3002 ipsa
1224 2934 1433 2989 ratione
1456 2949 1560 3003 qua
1599 2935 1797 2989 dicitur
1825 2934 2038 3001 melior,

463 3025 690 3080 diversae
720 3024 898 3093 potius
926 3039 1088 3093 quam
1117 3023 1357 3092 ejusdem
1395 3027 1595 3096 speciei
1625 3042 1748 3090 cum
1801 3027 1882 3088 eis
1911 3029 2034 3094 erit,

991 3135 1224 3201 ALIUD,
1264 3137 1318 3191 in
1355 3138 1510 3193 idem.

535 3249 616 3314 Si,
646 3249 774 3315 quia
797 3262 954 3300 sacra
986 3247 1267 3315 Scriptura
1303 3249 1433 3303 dicit
1465 3267 1476 3304 :
1506 3269 1522 3300 ι
1549 3249 1722 3305 Tanto
1751 3252 1939 3306 melior
1966 3251 2044 3306 fa-

463 3347 586 3393 ctus
619 3339 852 3408 angelis,
885 3359 904 3390 ›
945 3339 1185 3408 ejusdem
1218 3340 1415 3406 speciei
1451 3356 1574 3394 cum
1610 3344 1814 3415 angelis
1843 3354 1924 3399 est
1951 3344 2041 3398 Fi-

466 3431 591 3494 lius,
631 3440 817 3498 utpote
854 3431 937 3486 eis
982 3441 1356 3499 comparatus,
1389 3432 1600 3487 videant
1634 3450 1796 3504 quam
1835 3436 2046 3504 pericu-

466 3525 579 3578 losa
613 3523 736 3578 inde
767 3532 1025 3591 sequatur
1070 3525 1482 3592 consequentia.
1522 3525 1659 3592 Quid
1693 3528 1837 3582 enim
1869 3529 2048 3583 oberit

465 3615 754 3686 quominus
811 3614 920 3669 Deo
969 3614 1212 3670 assidere
1259 3615 1500 3686 angelos,
1551 3632 1766 3686 unaque
1811 3633 1934 3672 cum
1980 3634 2045 3673 eo

465 3721 696 3777 regnare
748 3706 1032 3769 dicamus,
1089 3699 1350 3773 nihilque
1395 3707 1746 3764 excellentius
1797 3709 1849 3763 in
1907 3709 2044 3764 Filio

461 3813 624 3870 quam
659 3798 712 3853 in
763 3798 977 3870 angelis
1021 3799 1184 3855 esse!
1214 3797 1347 3853 Nam
1391 3814 1512 3869 quae
1553 3801 1794 3870 ejusdem
1846 3803 2043 3872 speciei

465 3901 611 3955 sunt,
645 3890 864 3946 tametsi
905 3890 1196 3960 quamdam
1253 3891 1392 3946 inter
1437 3906 1495 3946 se
1536 3890 1899 3947 diﬂerentiam
1945 3895 2043 3948 ha-

465 3985 654 4049 beant,
685 3982 926 4052 ejusdem
963 3991 1143 4039 tamen
1179 3993 1304 4039 sunt
1356 3995 1585 4040 naturae.
1625 3984 1736 4039 Hac
1769 3985 1912 4039 enim
1959 4001 2046 4039 ra-

467 4075 615 4130 tione
655 4077 817 4130 etiam
848 4073 1090 4144 ejusdem
1122 4076 1324 4146 speciei
1349 4076 1478 4132 sint.
1511 4076 1777 4144 Quocirca
1815 4093 1938 4139 cum
1979 4077 2046 4132 de

466 4164 673 4234 angelis
699 4165 910 4218 dicatur
932 4181 945 4217 :
970 4182 988 4214 ι
1018 4163 1248 4220 Faciens
1271 4165 1492 4236 angelos
1513 4181 1640 4222 suos
1669 4167 1892 4237 spiritus
1910 4168 1994 4233 "",
2021 4187 2040 4220 ι

463 4257 530 4310 de
560 4254 695 4308 Filio
723 4264 902 4308 autem
935 4272 948 4306 :
984 4272 1001 4304 ι
1031 4252 1200 4309 Sedes
1230 4266 1340 4321 tua,
1375 4255 1537 4322 Deus,
1572 4259 1624 4312 in
1650 4259 1906 4314 saeculum
1940 4275 2042 4314 sa:-

465 4346 569 4402 culi
596 4345 674 4411 ”;
707 4363 726 4396 ›
764 4354 819 4398 et
846 4343 1046 4413 angeli,
1072 4345 1227 4414 juxta
1260 4345 1474 4400 illorum
1521 4345 1853 4414 opinionem,
1895 4351 2041 4420 ejus-

2145 1830 2357 1900 Σωτὴρ,
2396 1830 2484 1883 ὅτε
2507 1832 2618 1894 τοῖς
2639 1826 2944 1897 ἀνθρώποις
2999 1826 3075 1889 ὡς
3101 1825 3389 1896 ἄνθρωπος
3439 1825 3724 1894 συγκρίνει

2143 1939 2254 1987 ται,
2290 1920 2350 1974 ού
2384 1919 2648 1991 κρείττων
2689 1918 2874 1981 κάλλει
2906 1917 3149 1985 λέγεται.
3174 1916 3291 1969 ἀλλ’
3321 1915 3522 1983 ὡραῖος
3573 1914 3726 1984 παρὰ

2141 2015 2269 2081 τοὺς
2304 2013 2454 2076 υἱοὺς
2477 2012 2585 2064 τῶν
2611 2009 2932 2081 ἀνθρώπων.
2961 2010 3090 2076 Ὅτε
3115 2007 3171 2060 δὲ
3199 2009 3263 2061 τὰ
3285 2006 3550 2076 ἑτεροειδῆ
3584 2005 3722 2075 πρὸς

2143 2104 2350 2180 ἄλληλα
2396 2104 2495 2175 τὴν
2536 2102 2820 2174 σύγκρισιν
2850 2101 2983 2171 ἔχει,
3041 2099 3164 2153 τότε
3203 2084 3413 2167 λέγεται
3438 2097 3498 2149 τὺ
3537 2098 3720 2166 κρεῖτ-

2143 2213 2234 2249 τον
2261 2191 2785 2266 οἰκειότερονηοῦτω
2809 2191 2904 2246 καὶ
2921 2191 3252 2262 γέγραπται·
3277 2188 3585 2258 «Κρείσσων
3608 2185 3718 2254 γάρ

2147 2290 2306 2360 σοφία
2337 2288 2500 2343 λίθων
2533 2285 2860 2341 πολυτελῶν.
2899 2305 2916 2336 ι
2958 2284 3094 2336 Ποία
3124 2282 3180 2336 δὲ
3225 2280 3487 2343 κοινωνὶαί
3510 2277 3722 2346 φύσεως

2147 2383 2308 2454 σοφία
2349 2383 2442 2436 καὶ
2493 2380 2699 2446 λίθοις;
2733 2381 2795 2432 Ei
2853 2378 3031 2431 τοίνυν
3061 2377 3251 2445 ἓτερον
3284 2373 3385 2444 μὲν
3425 2371 3540 2451 εχει
3561 2370 3729 2422 τύπον

2145 2477 2202 2530 ἐν
2231 2477 2344 2537 τοῖς
2372 2472 2672 2544 ὁμοειδέσιν
2701 2473 2734 2540 ἡ
2763 2470 3075 2540 σύγκρισις,
3103 2467 3196 2520 ἐπὶ
3229 2466 3286 2519 δὲ
3317 2465 3428 2517 τῶν
3463 2462 3733 2533 ἀνομοίων

2145 2566 2287 2620 κατὰ
2307 2567 2404 2636 τὴν
2428 2564 2589 2633 φύσιν
2617 2563 2678 2615 τὸ
2701 2563 2948 2633 κρεῖττον
2973 2559 3248 2620 τάττεται,
3290 2556 3392 2609 οὐκ
3417 2554 3574 2607 ἔσται
3625 2555 3735 2616 τοῖς

2145 2658 2396 2726 ἀγγέλοις
2422 2657 2605 2727 ὅμοιος
2637 2655 2665 2708 6
2697 2653 2845 2717 Υἱὸς,
2879 2652 3000 2706 οὐδὲ
3036 2650 3264 2722 γενητὸς
3287 2649 3481 2719 ὥσπερ
3513 2649 3734 2708 ἐκεῖνοι,

2145 2750 2258 2804 ἀλλ’
2288 2749 2652 2821 ὑπερϐολικὴν
2708 2747 2822 2818 ἔχει
2867 2745 2966 2816 τὴν
3012 2745 3322 2814 σύγκρισιν.
3376 2742 3484 2793 Καὶ
3523 2739 3613 2792 διὰ
3643 2738 3736 2791 τοῦ

2143 2842 2398 2911 λέγεσθαι
2465 2841 2729 2912 κρείττων
2770 2879 2785 2904 ,
2851 2835 3154 2908 ἑτεροειδὴς
3207 2834 3359 2887 ἔσται
3435 2831 3636 2903 μᾶλλον
3702 2829 3734 2900 ἢ

2142 2935 2411 3008 ὁμοειδής.

2619 3133 2824 3198 ΑΛΛΟ,
2865 3133 2949 3196 εὶς
2990 3129 3053 3184 τὸ
3093 3130 3262 3183 αὐτό.

2219 3252 2282 3306 ΕΞ
2315 3249 2400 3304 διὰ
2428 3249 2488 3302 τὸ
2513 3247 2692 3316 λέγειν
2717 3247 2817 3318 τὴν
2847 3244 3072 3316 Γραφὴν
3093 3283 3107 3308 ,
3142 3263 3160 3295 ‹
3185 3242 3438 3312 Τοσούτῳ
3471 3241 3732 3312 κρείττων

2147 3342 2437 3412 γενόμενος
2467 3341 2575 3401 τῶν
2611 3340 2877 3410 ἀγγέλων,
2912 3358 2929 3390 ι
2966 3336 3217 3408 ὁμοειδὴς
3246 3336 3400 3395 ἔσται
3423 3341 3534 3398 τοῖς
3567 3335 3730 3404 ἀγγέ-

2145 3435 2258 3498 λοις
2305 3437 2334 3488 ὁ
2382 3435 2508 3498 Υἱὸς
2548 3433 2621 3496 ὡς
2657 3431 2793 3503 πρὸς
2834 3431 3032 3494 αὐτοὺς
3078 3428 3216 3500 ἔχων
3269 3429 3370 3500 τὴν
3421 3430 3729 3498 σύγκρισιν,

2145 3526 2430 3598 ὀράτωσαν
2465 3527 2556 3578 ποῖ
2588 3542 2718 3579 ποτε
2753 3526 2781 3577 ὁ
2811 3523 2969 3592 λόγος
3000 3523 3185 3586 αὐτοῖς
3224 3521 3735 3591 κινδυνεύσει.”Ωρα

2146 3619 2255 3690 γὰρ
2288 3617 2568 3688 ὁμολογεῖν
2599 3619 2692 3671 καὶ
2725 3615 3163 3687 συγκαθεσθῆναι
3214 3613 3474 3668 δύνασθαι
3505 3613 3586 3684 τῷ
3618 3612 3733 3682 Θεῷ

2144 3712 2270 3773 τοὺς
2297 3709 2562 3778 ἀγγέλους
2603 3710 2697 3772 καὶ
2744 3707 3163 3778 συμϐασιλεύειν
3200 3705 3347 3776 αὑτῷ
3371 3724 3384 3736 ·
3419 3705 3517 3760 καὶ
3544 3705 3607 3758 τὸ
3636 3721 3728 3757 περ

2150 3801 2327 3874 ριττδν
2355 3801 2506 3854 οὐδὲν
2545 3802 2602 3853 ὲν
2642 3800 2757 3871 Υἱῷ
2784 3802 2913 3871 παρ’
2950 3799 3212 3862 ἐκείνους.
3234 3799 3313 3853 Τὰ
3343 3798 3455 3870 γὰρ
3479 3798 3730 3868 ἀλλήλοις

2145 3891 2390 3962 ὁμοειδῆ,
2429 3891 2530 3945 κᾶν
2569 3891 2668 3963 ἔχῃ
2715 3891 2839 3944 τινὰ
2887 3892 3023 3961 πρὸς
3072 3890 3278 3961 ἄλληλα
3315 3891 3413 3960 τὴν
3444 3889 3727 3961 διαφορὰν,

2146 3984 2283 4038 ἀλλὰ
2305 3984 2405 4055 τῆς
2437 3985 2607 4054 αὐτῆς
2635 3985 2818 4056 ἔχεται
2846 3984 3081 4054 φύσεως.
3099 3983 3256 4038 Οὕτω
3284 3982 3392 4052 γὰρ
3422 3983 3490 4036 ἂν
3526 3983 3612 4052 εἴη
3639 3981 3731 4034 καὶ

2142 4079 2384 4150 ὁμοειδῆ.
2415 4076 2621 4140 Οὐκοῦν
2663 4078 2965 4148 ἐπειδήπερ
2995 4077 3124 4147 περὶ
3163 4075 3264 4146 μὲν
3297 4074 3547 4144 ἀγγέλων
3583 4073 3732 4141 λέγε-

2142 4188 2265 4225 ται·
2326 4170 2424 4228 «Ὀ
2469 4170 2640 4235 ποιῶν
2684 4170 2810 4237 τοὺς
2859 4169 3124 4236 ἀγγέλους
3163 4165 3327 4228 αὐτοῦ
3364 4164 3669 4236 πνεύματα,
3705 4182 3722 4213 ι

2145 4260 2274 4329 περὶ
2321 4259 2381 4323 δὲ
2409 4258 2504 4324 τοῦ
2535 4258 2699 4311 Υἱοῦ’
2735 4277 2753 4311 ι
2777 4258 2836 4311 Ὀ
2872 4258 3060 4329 θρόνος
3104 4274 3221 4323 σου,
3259 4259 3287 4310 ὁ
3333 4257 3488 4321 Θεὸς,
3526 4259 3603 4317 εἰς
3635 4254 3724 4306 τὸν

2143 4350 2318 4405 αἰῶνα
2344 4350 2436 4417 τοῦ
2472 4350 2690 4417 αἰῶνος,
2724 4369 2742 4402 ι
2788 4350 3052 4420 ὁμοειδεῖς
3076 4349 3133 4409 δὲ
3157 4349 3377 4418 ἄγγελοι
3409 4349 3502 4402 καὶ
3537 4350 3565 4400 6
3597 4347 3721 4409 Υἱὸς

462 4437 585 4490 dem
615 4435 728 4489 sint
749 4435 945 4502 Speciei
975 4450 1094 4488 cum
1125 4435 1282 4501 Filio,
1313 4437 1437 4505 quia
1470 4437 1722 4492 nimirum
1753 4439 1872 4496 ideo
1897 4442 2040 4510 quod

2148 4444 2266 4495 κατ’
2302 4442 2561 4509 ἐκείνους.
2592 4442 2680 4510 διὰ
2728 4443 2789 4509 τὸ
2837 4442 2973 4512 πρὸς
3017 4443 3217 4507 αὐτοὺς
3262 4444 3320 4510 ὲν
3363 4441 3442 4514 τῷ
3472 4441 3726 4510 λέγεσθαι

463 4529 664 4583 dicitur
697 4527 909 4593 melior,
947 4542 1068 4582 cum
1103 4528 1187 4584 eis
1229 4543 1576 4598 comparatur
1603 4545 1620 4583 :
1653 4532 1786 4585 nihil
1818 4534 2043 4588 obstite-

465 4620 537 4673 rit
584 4618 878 4688 quominus
923 4619 1084 4672 etiam
1137 4620 1312 4690 angeli
1357 4622 1568 4690 possint
1620 4623 1862 4678 assidere
1902 4625 2041 4689 Deo;

463 4712 683 4766 tametsi
731 4725 890 4764 nemo
917 4725 1104 4766 eorum
1157 4727 1275 4766 eam
1313 4713 1626 4782 dignitatem
1669 4715 1736 4768 sit
1782 4717 2041 4785 adeptus;

461 4806 799 4874 frustraque,
844 4813 902 4858 ut
943 4805 1236 4859 veri-simile
1283 4815 1389 4869 est,
1437 4805 1636 4860 Paulus
1673 4807 1806 4862 dicit
1839 4828 1852 4862 :
1891 4829 1909 4861 ι
1943 4809 2040 4865 Cui

461 4897 606 4952 enim
671 4911 906 4963 unquam
958 4897 1272 4967 angelorum
1333 4898 1518 4953 dixit:
1565 4897 1702 4954 Sede
1750 4918 1779 4955 a
1839 4905 2043 4958 dextris

459 4991 597 5045 meis
629 4989 688 5042 ‘?
719 5009 736 5040 ι
779 4990 887 5044 Aut
951 4991 1221 5060 quomodo
1291 4992 1416 5046 illud
1476 5001 1726 5061 tauquam
1779 4997 2038 5054 eximium

462 5079 690 5150 largitur
719 5077 876 5146 Filio,
919 5081 962 5134 si
1007 5082 1321 5151 angelorum
1367 5098 1582 5152 quoque
1628 5096 1818 5139 natura
1855 5087 1906 5141 id
1938 5089 2039 5145 sibi

459 5172 724 5238 vindicat,
770 5172 1036 5240 siquidem
1072 5173 1312 5242 ejusdem
1355 5185 1480 5228 sunt
1525 5191 1647 5230 cum
1686 5191 1749 5242 eo
1800 5178 2041 5246 speciei?

459 5263 653 5327 Omnia
694 5263 838 5317 cnim
877 5264 1035 5326 unius
1066 5276 1266 5319 natura:
1298 5267 1581 5330 attributa,
1632 5284 1752 5320 cum
1785 5269 2036 5325 omnibus

458 5353 696 5422 ejusdem
725 5355 922 5422 speciei
951 5365 1076 5409 sunt
1099 5359 1428 5410 communia.
1455 5357 1832 5427 Praerogativae
1856 5369 2034 5415 autent

460 5459 580 5522 quae
625 5444 931 5512 adjectione
978 5446 1154 5517 aliqua
1186 5448 1419 5516 cuipiam
1474 5449 1746 5513 accidunt,
1800 5452 1866 5504 ad
1903 5452 2032 5505 sub-

458 5536 709 5588 stantiam
753 5551 858 5590 ItOtt
903 5523 1192 5605 pertinent.
1246 5538 1490 5608 Exempli
1520 5541 1713 5612 gratia,
1765 5558 1870 5597 uua
1913 5544 2033 5612 qui-

529 5715 574 5756 n
592 5713 729 5772 Gen.
757 5726 944 5777 xxxix,
981 5712 1034 5768 6.
1109 5717 1158 5750 θ’
1184 5713 1326 5770 Psal.
1363 5731 1505 5780 XLIV,
1531 5717 1582 5771 5.

1664 5721 1706 5750 9⁷
1748 5719 1904 5775 Prov.
1947 5737 2062 5788 vm,
2099 5724 2177 5777 l9.

2148 4531 2412 4602 κρείττων
2447 4532 2595 4601 ἔχειν¹
2639 4532 2740 4601 τὴν
2788 4531 3097 4602 σύγκρισιν·
3127 4533 3287 4604 ρύδὲν
3340 4531 3448 4602 ἄρα
3493 4530 3729 4584 κωλύσει

2147 4624 2240 4678 καὶ
2284 4623 2552 4692 ἀγγέλους
2595 4623 2854 4678 δύνασθαι
2909 4623 3342 4694 συγκαθεσθῆναι
3390 4623 3467 4694 τῷ
3510 4622 3651 4693 Θεῷ,
3682 4623 3730 4674 εἰ

2147 4715 2242 4768 καὶ
2265 4718 2338 4786 μή
2368 4734 2450 4780 τις
2472 4717 2651 4770 αὐτῶν
2675 4715 2879 4788 ἠξιώθη
2907 4716 3001 4785 τοῦ
3028 4717 3372 4788 πράγματος.
3393 4715 3504 4769 Καὶ
3530 4715 3728 4787 μάτην,

2147 4808 2224 4870 ὡς
2249 4808 2417 4875 εἰκὸς,
2447 4810 2475 4862 6
2504 4809 2714 4875 Παῦλος
2746 4809 2931 4877 λέγει·
2968 4828 2985 4860 ‹
3014 4808 3130 4861 Τίνι
3168 4810 3276 4880 γὰρ
3307 4805 3426 4861 εἶπέ
3460 4825 3588 4860 ποτε
3626 4808 3730 4859 τῶν

2147 4900 2394 4969 ἀγγέλων
2411 4919 2424 4929 ’
2449 4901 2634 4954 Κάθου
2658 4905 2721 4954 ἐκ
2743 4901 2931 4965 δεξιῶν
2965 4918 3096 4970 μου;
3127 4902 3226 4954 ι”Η
3255 4901 3372 4974 πῶς
3397 4900 3554 4973 τοῦτο
3579 4900 3731 4966 δίδωέ

2152 5010 2235 5047 σιν
2261 4993 2336 5057 ὡς
2358 4993 2634 5066 ἐξαίρετον
2658 4993 2736 5064 τῷ
2760 4993 2893 5064 Υἱῷ,
2923 4993 3187 5064 ἑλκούσης
3213 4993 3344 5046 αὐτὸ
3372 4993 3510 5062 πρὸς
3531 4993 3729 5063 ἑαυτὴν

2149 5085 2243 5138 καὶ
2275 5085 2374 5157 τῆς
2407 5085 2513 5139 τῶν
2553 5087 2801 5155 ἀγγέλων
2837 5086 3073 5156 φύσεως,
3109 5087 3266 5159 εἴπερ
3299 5084 3436 5137 εἰσὶν
3465 5086 3731 5156 ὁμοειδεῖς

2143 5177 2280 5250 πρὸς
2312 5178 2507 5251 αὑτό-ιη
2541 5179 2717 5251 Κοινὰ,
2753 5180 2861 5249 γὰρ
2904 5179 3074 5232 ἅπασι
3124 5182 3238 5242 τοῖς
3278 5179 3549 5256 ὁμοειδέσι
3577 5179 3643 5232 τὰ
3676 5179 3730 5230 ἐν

2143 5272 2208 5340 τῇ
2245 5270 2380 5341 αὐτῇ
2416 5270 2575 5339 φύσει
2610 5271 2945 5342 κείμενα.Τὰ
2968 5272 3024 5325 δὲ
3050 5274 3113 5325 ὲκ
3145 5273 3466 5344 προσθήκης
3496 5273 3728 5340 ἐπισυμ-

2144 5360 2398 5414 6αίνοντά
2418 5379 2529 5415 τισι
2557 5363 3028 5435 πλεονεκτήματα,
3056 5365 3156 5434 τῆς
3184 5363 3372 5426 οὐσίας
3419 5365 3518 5433 οὐχ
3559 5362 3722 5415 ἀπτε-

2141 5470 2250 5505 ται.
2285 5448 2410 5506 Οἷον
2447 5455 2545 5524 μία.
2581 5455 2679 5525 μὲν
2705 5455 3013 5526 ἀνθρώποις
3049 5458 3081 5526 ἡ
3114 5455 3297 5525 φύσις,
3331 5453 3624 5507 πλουτοῦσι
3671 5452 3724 5504 δὲ

2140 5545 2201 5596 οὐ
2235 5545 2455 5608 πάντες,
2484 5545 2611 5600 οὔτε
2656 5548 2762 5618 μὴν
2790 5547 3166 5618 βασιλεύουσι·
3199 5547 3439 5600 δεκτικοὶ
3483 5545 3538 5598 δὲ
3577 5547 3723 5615 ὅμως

3317 5732 3329 5759 ¹
3362 5727 3526 5783 Ht‘lir.
3562 5745 3596 5788 ι.
3643 5729 3726 5784 l5.

2261 5727 2304 5753 ’³η
2338 5724 2496 5778 Ηυιηκ
2538 5744 2574 5790 ι,
2605 5729 2652 5779 7.
2737 5733 2778 5760 θ’
2822 5729 2964 5785 l‘stil.
2996 5745 3139 5796 .\uv,
3182 5730 3233 5781 7.
