4078 6260
391 326 490 378 5ὒῦ

1785 332 2214 390 l‘llESAUllUS.

3545 351 3648 404 διε

393 439 478 490 καὶ
507 437 712 490 τούτων
736 437 898 492 εἰσίν.
919 435 1064 491 Ἀλλ’
1083 439 1254 504 οὐδεὶς
1276 439 1560 512 ἐπιτρέπει
1587 447 1694 508 τοῖς
1721 446 1952 514 ἀγγέλοις

2079 450 2200 504 dem
2228 461 2310 506 est
2345 452 2620 508 hominum
2665 465 2874 524 natura,
2918 467 2970 511 at
3003 476 3106 514 non
3139 477 3330 516 omnes
3359 475 3484 518 sunt
3512 485 3647 534 opu-

388 529 480 598 τὴν
515 529 646 582 Tia?)
681 529 840 592 δόξαν
869 534 1060 600 φορεῖν
1083 549 1096 560 ·
1149 533 1176 584 6
1224 532 1322 599 μὲν
1364 534 1472 606 γὰρ
1501 537 1796 608 Δεσπότης,
1823 537 1890 590 τὰ
1915 538 1972 590 δὲ

385 620 547 674 δοῦλα
589 623 870 690 τυγχάνει.
919 623 1033 692 Οὐχ
1083 625 1349 694 ὁμογενὴς
1397 625 1506 696 ἄρα
1559 631 1672 691 τοῖς
1722 631 1973 697 ἀγγέλοις

385 715 558 776 ἐστιν,
587 717 616 768 δ
658 713 736 783 θεῷ
779 715 954 784 [la-:91
1007 715 1426 785 συμϐασιλεύων
1475 721 1568 772 καὶ
1621 721 1974 791 συγκαθήμε-

387 823 500 868 νος.

393 1008 599 1060 ΑΛΛΟ.
633 1010 760 1061 Ὅτι
796 1009 908 1076 οὐχ
945 1009 1218 1078 ὁμοφυὴς
1267 1011 1392 1076 τοῖς
1427 991 1700 1080 ἀγῗγέλοις
1745 1013 1778 1066 ό
1815 1013 1964 1078 Υἱός.

463 1188 680 1255 Ποίημα
725 1189 814 1240 καὶ
865 1190 1090 1261 ποιητὴς
1119 1191 1217 1244 οὐκ
1251 1192 1316 1246 ἄν
1352 1209 1480 1246 ποτε
1509 1193 1608 1262 τῆς
1640 1194 1814 1263 αὐτῆς
1857 1189 1970 1246 εἷεν

389 1276 620 1342 φύσεως.
651 1278 878 1348 Ἕτερον
925 1279 1034 1348 γάρ
1084 1296 1136 1330 τι
1183 1280 1242 1332 τὸ
1287 1281 1496 1344 ποιοῦν,
1531 1284 1626 1334 καὶ
1671 1281 1860 1353 ἕτερον
1911 1282 1969 1334 τὸ

385 1368 710 1437 ποιούμενον
739 1373 908 1423 ἐστιν.
959 1372 1020 1424 Εἰ
1050 1372 1158 1442 γὰρ
1195 1371 1266 1442 μὴ
1297 1373 1471 1436 οὕτως
1501 1373 1633 1443 ἔχει,
1665 1374 1718 1426 τί
1743 1374 1804 1426 τὸ
1833 1374 1970 1426 διαι-

381 1457 510 1528 ροῦν
535 1460 679 1512 κατά
703 1459 866 1526 φύσιν
899 1461 1005 1514 τῶν
1041 1461 1280 1531 γενητῶν
1311 1461 1402 1514 τὸν
1425 1461 1586 1527 Θεύν;
1623 1461 1754 1514 Ὅτε
1787 1461 1966 1514 τοίνυν

380 1551 558 1604 πάντα
598 1552 667 1604 δι’
699 1553 835 1606 Υἱοῦ
866 1557 892 1606 6
913 1553 1044 1618 Θεὸς
1075 1555 1166 1606 καὶ
1195 1554 1384 1624 Πατὴρ
1406 1553 1720 1625 ἐργάζεται,
1751 1553 1808 1606 ἓν
1836 1553 1967 1606 δέτι

381 1640 492 1694 τῶν
523 1642 750 1694 πάντων
787 1644 908 1696 ἐστὶ
933 1644 1084 1714 καὶὴ
1117 1645 1218 1696 τῶν
1245 1644 1491 1713 ἀγγέλων
1526 1645 1710 1714 φύσις,
1746 1645 1968 1714 γέγονεν

389 1734 500 1803 ἄρα
533 1734 598 1786 δι’
629 1734 766 1787 Υἱοῦ
799 1737 894 1788 καὶ
929 1737 1230 1808 πεποίηται.
1265 1740 1372 1810 Οὐχ
1409 1740 1678 1809 ὁμογενὴς
1724 1735 1816 1792 οὖν
1853 1740 1965 1800 τοῖς

395 1825 462 1876 δι’
500 1825 668 1879 αὑτοῦ
695 1829 1002 1896 γενομένοις
1029 1831 1115 1883 καὶ
1144 1830 1226 1883 διὰ
1251 1831 1440 1884 τούτου
1473 1835 1721 1900 φανεῖται
1741 1849 1752 1860 ·
1803 1831 1916 1884 ἀλλ’
1939 1832 1966 1882 6
1999 1797 2040 1852 Β

401 1915 502 1983 μὲν
543 1917 758 1986 φορέει-ει
807 1919 900 1972 τοῦ
932 1920 1275 1991 Δημιουργοῦ
1307 1923 1406 1994 τὴν
1437 1923 1614 1988 ἀξίαν,
1657 1923 1726 1975 τὲ
1773 1923 1829 1976 δὲ
1866 1921 1966 1992 τὴν

392 2005 532 2059 κατά
575 2007 634 2060 τὸ
669 2010 1000 2080 πεποιῆσθαι
1051 2011 1317 2067 δουλείαν.
1354 2033 1372 2064 ι
1403 2015 1483 2068 Τὰ
1507 2014 1612 2086 γὰρ
1645 2013 1962 2084 σύμπαντα,

381 2099 529 2167 φησι,
559 2097 721 2152 δοῦλά
751 2117 870 2170 σου,
901 2122 920 2154 ι
953 2105 986 2173 ἡ
1017 2103 1140 2157 Θεία
1163 2105 1380 2175 Γραφή.

413 2299 784 2376 Δρᾼθζᾯτι
811 2303 928 2368 οὐκ
961 2304 1259 2376 ὁμογενὴς
1289 2305 1414 2370 τοῖς
1435 2305 1716 2376 *ἀγγέλοις
1737 2310 1766 2362 ὀ
1789 2309 1920 2374 Υἱὸς

451 2367 554 2421 διὰ
589 2370 656 2422 τὸ
693 2367 1290 2440 λέγεσθαίκρὲίττῶν
1310 2367 1506 2429 abici»:
1525 2367 1890 2446 γεγενῆσθαι.

449 2479 572 2530 Πᾶν
593 2479 736 2550 ὅπερ
764 2481 834 2534 ἂν
864 2483 1124 2553 φαίνηται
1159 2487 1382 2554 γεγονὸς
1415 2487 1532 2540 κατ’
1551 2489 1752 2551 οὐσίαν,
1779 2491 1868 2544 καὶ
1888 2493 1964 2552 εὶς

365 2570 427 2621 τὸ
465 2573 544 2640 μὴ
577 2567 724 2626 εἶναι
755 2575 1052 2644 καταλήξει
1087 2577 1216 2628 ποτὲ
1238 2577 1560 2647 θελήσαντος
1591 2580 1682 2632 τοῦ
1701 2583 1960 2652 Δημιονρα

363 2663 462 2729 γοῦ
486 2679 501 2692 ⁸
551 2665 650 2716 καὶ
700 2663 844 2735 ὅπερ
877 2665 944 2718 ἂν
983 2667 1096 2736 ἔχοι
1123 2668 1287 2736 φύσιν
1329 2669 1420 2722 τοῦ
1469 2669 1658 2724 παθεῖν
1686 2673 1956 2744 δεκτικὴν,

363 2753 548 2820 πάθοι,
573 2755 644 2808 ἂν
677 2756 726 2807 ει
765 2757 864 2808 καὶ
895 2758 972 2827 μή
1023 2777 1108 2812 πω
1153 2759 1407 2813 πέπονθε.
1444 2762 1514 2814 Τὸ
1545 2762 1600 2814 δὲ
1633 2764 1860 2834 πάσχειν
1893 2768 1956 2820 οὐ

363 2850 626 2917 πεφυκὸς,
663 2850 764 2902 οὐκ
796 2847 866 2902 ἄν
891 2867 944 2902 τι
985 2849 1148 2904 πάθοι
1185 2852 1336 2914 ποτὲ,
1371 2853 1464 2906 καὶ
1503 2854 1690 2926 ἕτερόν
1733 2874 1788 2909 τι
1814 2859 1958 2928 παρ’

371 2942 548 2998 ἐκεῖνὸ
579 2945 716 2996 ἐστι·
746 2943 840 2998 καὶ
885 2942 948 2995 τὸ
990 2944 1078 2996 ἀεὶ
1123 2943 1382 3010 ὡσαύτως
1425 2947 1503 3012 ὃν,
1537 2947 1658 3001 οὔτε
1689 2949 1784 3002 τοῦ
1817 2945 1956 3004 εἶναι

379 3029 602 3100 ἡρξατο,
626 3030 748 3088 οὔτε
781 3033 883 3101 μὴν
923 3027 1034 3085 οἶδε
1078 3035 1172 3086 τὸν
1205 3037 1298 3088 ἐπὶ
1341 3037 1482 3090 τέλει
1514 3037 1734 3110 δρόμον,
1763 3041 1954 3112 ὥσπερ

2079 537 2230 602 lenti,
2278 550 2374 594 aut
2408 558 2582 612 reges,
2615 547 2860 614 quamvis
2915 557 3092 601 tamen
3125 552 3290 604 etiam
3334 557 3644 608 earumdem

2077 644 2259 684 rerum
2309 633 2416 686 sint
2441 651 2689 704 capaces.
2722 637 2788 690 At
2827 655 2985 692 nemo
3019 640 3226 708 angelis
3257 641 3378 694 Filii
3415 643 3645 712 gloriam

2074 723 2280 778 deferet
2309 743 2322 778 :
2351 743 2476 780 nam
2504 730 2590 784 hic
2625 729 2906 794 Dominus,
2936 733 3006 786 illi
3037 749 3160 786 vero
3185 735 3322 788 servi
3355 749 3498 787 sunt.
3533 735 3646 790 Non

2073 822 2156 866 est.
2186 813 2346 882 igitur
2389 819 2628 882 ejusdem
2663 823 2876 889 generis
2911 837 3034 878 cum
3079 825 3282 894 angelis
3329 825 3522 892 Filius,
3554 829 3642 896 qui

2075 919 2174 956 una
2203 919 2326 958 cum
2357 905 2520 962 Patre
2557 921 2746 979 regnat
2780 914 2936 982 eique
2979 917 3206 971 assidet.

2071 1017 2236 1090 204
2265 1020 2498 1076 ALIUD.
2534 1022 2688 1088 Quod
2731 1043 2832 1078 non
2880 1029 2948 1080 sit
2989 1029 3224 1096 ejusdem
3277 1045 3482 1086 munra:
3529 1050 3644 1086 cum

2647 1097 2848 1164 angelis
2885 1097 3082 1152 Filius.

2141 1203 2364 1258 Creator
2415 1215 2468 1260 cl
2514 1218 2762 1262 creatura
2815 1227 3087 1278 utinquam
3147 1213 3390 1282 ejusdem
3445 1223 3648 1270 natura:

2071 1295 2290 1350 fuerint.
2329 1299 2490 1350 Aliud
2539 1301 2680 1352 enim
2713 1310 2796 1354 est
2831 1301 2882 1354 id
2929 1304 3070 1370 quod
3105 1315 3276 1370 creat,
3321 1307 3466 1360 aliud
3506 1313 3648 1375 quod

2069 1400 2306 1442 creatur.
2350 1388 2482 1443 Nam
2520 1391 2564 1442 si
2615 1405 2700 1445 res
2749 1393 2822 1444 ita
2863 1408 2922 1446 se
2951 1409 3056 1446 non
3105 1393 3354 1460 haberet,
3387 1397 3644 1464 quidnam

2072 1481 2430 1548 distingueret
2483 1481 2646 1534 Deum
2695 1485 2988 1536 secundum
3039 1493 3288 1538 naturam
3337 1501 3366 1538 a
3413 1487 3647 1540 creatis?

2069 1569 2202 1625 Cum
2241 1573 2404 1638 igitur
2427 1573 2566 1626 Deus
2589 1585 2652 1628 ac
2681 1571 2840 1628 Pater
2877 1575 3058 1630 omnia
3099 1591 3196 1646 per
3225 1575 3418 1630 Filium
3449 1591 3640 1644 Opere-

2071 1671 2159 1716 tur
2191 1682 2204 1716 :
2237 1680 2400 1718 unum
2439 1681 2564 1720 vero
2611 1681 2676 1720 ex
2723 1669 2974 1722 omnibus
3006 1677 3090 1722 est
3137 1669 3297 1722 etiant
3331 1669 3640 1738 angelorum

2073 1765 2264 1809 natura
2295 1775 2308 1808 :
2337 1757 2474 1810 facta
2517 1757 2698 1827 itaque
2743 1769 2828 1813 est
2857 1769 2910 1814 et
2937 1771 3118 1814 creata
3151 1777 3246 1830 per
3281 1761 3496 1814 Filium.
3531 1760 3642 1814 lla':

2071 1845 2182 1914 ipsa
2213 1847 2374 1916 igitur
2403 1847 2608 1902 ratione
2645 1863 2748 1902 non
2775 1859 2858 1902 est
2897 1849 3140 1918 ejusdem
3179 1850 3390 1918 generis
3419 1863 3540 1902 cum
3575 1849 3642 1900 iis

2069 1951 2188 2004 quae
2217 1952 2310 2006 per
2338 1937 2506 2006 ipsum
2541 1939 2680 1992 facta
2709 1949 2858 2006 sunt;
2881 1939 2976 1994 sed
3007 1941 3094 1994 ltic
3123 1941 3340 2010 quidem
3365 1939 3640 1994 Creatoris

2067 2027 2378 2098 dignitatem
2421 2029 2706 2094 obtinebit,
2731 2033 2812 2086 ltze
2837 2048 2966 2087 vero
3003 2047 3064 2086 ea
3115 2032 3328 2086 ratione
3363 2047 3468 2100 qua
3501 2031 3638 2086 facta

2065 2127 2210 2182 sunt,
2243 2121 2492 2176 servilem
2541 2125 2930 2178 conditionem.
2969 2143 2988 2176 ι
3023 2123 3286 2180 Uuiversa
3330 2125 3474 2178 enim
3521 2137 3638 2176 ser-

2066 2215 2217 2268 viunt
2257 2215 2372 2280 tibi,
2412 2235 2430 2267 ι
2467 2217 2644 2285 inquit
2675 2233 2828 2274 sacra
2875 2217 3154 2288 Scriptura
3179 2221 3222 2270 '.

2063 2325 2295 2401 Milli-ll.
2347 2329 2500 2394 Quod
2535 2348 2636 2384 non
2672 2335 2738 2384 sit
2782 2333 3016 2401 ejusdem
3045 2331 3244 2401 generis
3287 2349 3402 2386 cum
3438 2331 3640 2398 angelis

2127 2397 2304 2450 Filius
2349 2401 2466 2452 ideo
2494 2403 2620 2470 quia
2655 2397 2836 2454 melior
2863 2403 2994 2466 ipsis
3025 2397 3198 2460 factus
3235 2417 3344 2456 esse
3375 2397 3594 2454 dicitur.

2133 2511 2406 2582 Quidquid
2466 2513 2760 2568 secundum
2820 2515 3174 2570 substantiam
3230 2529 3383 2566 suam
3437 2511 3638 2566 factum

2061 2613 2160 2666 est,
2183 2615 2352 2670 potest
2380 2605 2542 2657 etiam
2571 2603 2782 2660 volente
2805 2605 3065 2662 Creatore
3093 2607 3144 2660 in
3173 2606 3396 2660 nihilum
3432 2605 3634 2672 redigi;

2061 2703 2116 2749 et
2144 2698 2402 2766 quidquid
2433 2699 2596 2754 habet
2627 2709 2874 2754 naturam
2909 2699 3175 2768 passionis
3210 2713 3486 2768 capacem,
3521 2699 3634 2750 ﬁeri

2061 2799 2237 2854 potest
2292 2799 2348 2842 ιιι
2399 2793 2658 2859 patiatur,
2711 2793 2926 2845 tametsi
2985 2794 3218 2845 nondum
3279 2806 3494 2860 passum
3543 2789 3632 2844 sit.

2060 2878 2330 2946 Quidquid
2377 2892 2570 2936 natura
2613 2885 2688 2936 ita
2731 2895 3104 2951 comparatum
3137 2893 3242 2948 est,
3281 2893 3336 2936 ut
3369 2884 3478 2952 pati
3535 2897 3636 2934 uou

2059 2973 2250 3038 possit,
2284 2983 2434 3027 certe
2459 2989 2733 3042 nunquam
2763 2975 3026 3044 patietur,
3054 2983 3108 3028 et
3147 2975 3422 3027 diversum
3450 2981 3532 3025 est
3571 2971 3637 3022 ab

2061 3061 2150 3116 illo
2181 3081 2192 3116 :
2223 3075 2277 3118 et
2317 3065 2458 3132 quod
2505 3079 2720 3134 semper
2749 3067 2938 3117 eodem
2993 3067 3148 3118 modo
3188 3065 3422 3126 exsistit,
3465 3079 3640 3128 neque

383 3122 454 3174 τὰ
483 3121 576 3175 τοῦ
621 3121 756 3182 εῖναι
788 3123 1080 3195 ἀρξάμενα.
1101 3125 1242 3179 Ἀλλ’
1276 3127 1375 3180 οὐκ
1422 3127 1486 3181 ἄν
1532 3146 1616 3192 τις
1658 3131 1802 3184 εἴποι
1831 3131 1952 3183 νοῦν

2063 3155 2356 3208 exsistendi
2409 3154 2620 3209 initium
2655 3155 2864 3220 habuit,
2898 3171 3070 3224 neque
3118 3157 3182 3208 ad
3239 3157 3512 3210 interitum
3549 3163 3640 3208 aut

385 3213 548 3282 ἔχων,
580 3215 648 3266 τὰ
671 3215 930 3285 τοσαύτην
955 3215 1146 3286 έχοντα
1175 3219 1311 3287 πρὸς
1343 3218 1548 3290 ἄλληλα
1589 3220 1690 3291 τὴν
1721 3223 1954 3274 ἐναντιό-

381 3323 540 3377 τητα,
581 3309 673 3360 καὶ
719 3307 858 3362 οὕτω
899 3309 1032 3362 κατὰ
1062 3309 1225 3378 φύσιν
1267 3310 1612 3382 διεστηκότα,
1639 3313 1852 3382 ὀμοφυῆ
1892 3331 1951 3366 τε

376 3397 511 3454 εἶναι
553 3401 646 3454 καὶ
675 3401 774 3470 τῆς
799 3401 964 3472 αὐτῆς
997 3403 1265 3472 ὑπάρχειν
1309 3403 1519 3466 οὐσίας.
1556 3402 1618 3456 Εἰ
1651 3403 1828 3456 τοίνυν
1859 3406 1951 3457 ἐπὶ

373 3491 472 3561 μὲν
503 3490 613 3544 τῶν
643 3492 960 3561 ποιημάτων
985 3493 1060 3555 ὡς
1085 3493 1462 3562 ὑποκειμένων
1491 3494 1586 3546 καὶ
1603 3495 1778 3565 φθορᾷ
1801 3495 1952 3563 λέγε-

366 3603 490 3640 ται.
536 3602 555 3635 ι
587 3585 752 3637 Αὐτοὶ
799 3585 1150 3638 ἀπολοῦνται·
1184 3605 1202 3637 ι
1255 3586 1349 3638 ἐπὶ
1377 3587 1434 3640 δὲ
1462 3585 1556 3640 τοῦ
1591 3587 1758 3654 Υἱοῦ,
1793 3590 1863 3642 Σὺ
1893 3589 1949 3642 δὲ

361 3679 655 3749 διαμένεις
687 3678 918 3748 κάκεῖνα
957 3679 1058 3748 μὲν
1103 3677 1570 3748 παλαιωθήσεται,
1602 3679 1676 3744 ὼς
1714 3682 1948 3752 γενητὴν

364 3770 558 3839 ἔχοντα
601 3769 700 3839 τὴν
747 3770 940 3838 φύσινο
975 3769 1068 3822 τοῦ
1105 3769 1162 3822 δὲ
1188 3769 1318 3822 Υἱοῦ
1355 3790 1372 3822 ι
1402 3771 1472 3823 τὰ
1517 3770 1608 3841 ἔτη
1645 3772 1743 3824 οὐκ
1769 3773 1946 3826 ὲκλεί-

362 3864 543 3932 ψουσι·
573 3883 592 3916 ι
636 3863 753 3926 πῶς
799 3865 1048 3935 ὀμοφυὴς
1094 3863 1247 3918 ἔσται
1299 3866 1410 3928 τοῖς
1456 3865 1710 3934 ἀγγέλοις
1740 3867 1767 3919 6
1795 3867 1942 3932 Υἱὸς,

359 3957 474 4018 τοῖς
518 3955 904 4026 πεποιημένοις
950 3957 978 4008 6
1033 3955 1282 4026 ποιητὴς,
1317 3958 1430 4019 τοῖς
1481 3957 1868 4026 γεγενημένοις
1917 3960 1946 4010 6

353 4047 640 4117 ἀγένητος,
687 4049 802 4111 τοῖς
845 4046 1142 4118 παρελθεῖν
1188 4047 1508 4118 δυναμένοις
1535 4051 1562 4101 6
1593 4047 1847 4114 αἰώνιος;
1883 4050 1944 4102 ΕΞ

351 4141 464 4211 γὰρ
499 4139 592 4192 καὶ
625 4139 896 4192 ἀθάνατόν
924 4155 976 4191 τι
1017 4139 1206 4208 χρῆμα
1233 4142 1262 4192 6
1287 4138 1519 4207 ἄγγελός
1570 4143 1686 4194 ἐστι
1730 4141 1817 4194 διὰ
1844 4143 1942 4210 τὴν

347 4230 498 4294 οὕτω
532 4231 797 4302 κειμένην
825 4231 910 4282 ἐπ’
933 4229 1080 4300 αὐτῷ
1113 4229 1205 4282 τοῦ
1242 4230 1570 4299 ποιησαντος
1599 4231 1850 4301 βούλησίν
1881 4250 1940 4284 τε

348 4323 452 4386 καὶ
481 4323 665 4393 χάριν,
691 4321 806 4374 ἀλλ’
833 4321 1062 4392 ἐπείπερ
1081 4319 1254 4393 ἀρχὴν
1281 4321 1374 4374 τοῦ
1405 4318 1543 4375 εἶναι
1575 4323 1706 4394 ἔχει,
1729 4324 1941 4378 δύναιτ’

346 4415 422 4469 ἃν
455 4417 552 4467 καὶ
610 4415 688 4476 εἰς
732 4413 885 4476 τέλος
933 4412 1127 4468 ἐλθεῖν.
1153 4413 1370 4478 Φύσεως
1404 4414 1460 4466 δὲ
1494 4416 1937 4489 πλεονεκτήματα

343 4509 470 4569 τοῖς
515 4504 727 4575 ἔχουσίν
766 4506 914 4570 ἐστιν
951 4505 1168 4576 ἰσχυρὰ,
1192 4507 1284 4559 καὶ
1316 4508 1436 4578 οὐχὶ
1485 4508 1561 4578 τῷ
1609 4511 1934 4580 πεποιηκότι

340 4597 712 4668 Θεῷ.’ᾭσπερ
751 4593 844 4652 οὖν
874 4599 968 4652 καὶ
1009 4599 1070 4652 τὸ
1121 4598 1231 4670 πῦρ
1279 4601 1568 4654 καυστικὸν
1616 4602 1712 4672 μέν
1764 4605 1934 4668 ἐστιν,

337 4689 470 4752 ἀλλ’
503 4691 562 4743 οὐ
599 4690 676 4760 τῷ
706 4690 856 4760 Θεῷ·
891 4691 1033 4746 οὕτω
1081 4692 1176 4744 καὶ
1216 4691 1444 4760 ἄγγελος
1495 4695 1758 4759 ἀθάνατος
1810 4697 1932 4766 μὲν,

339 4779 468 4841 ἀλλ’
496 4779 556 4831 οὗ
584 4779 662 4850 τῷ
687 4779 824 4850 Θεῷ.
857 4781 1034 4844 Μόνος
1060 4782 1168 4852 γὰρ
1195 4783 1356 4845 αὐτὸς
1401 4783 1605 4852 κυρίως
1644 4787 1930 4848 ἀθάνατος,

337 4871 600 4942 φυσικῶς
651 4871 811 4943 ἔχων,
864 4873 965 4936 οὐκ
1008 4874 1116 4928 ἀπὸ
1161 4874 1401 4946 χάριτος,
1452 4875 1549 4944 τὴν
1610 4877 1931 4945 ἀσφάλειαν,

333 4965 502 5017 ὥσπε
507 4981 540 5034 ρ
567 4963 636 5016 τὰ
663 4965 866 5035 γενητᾴ

331 5251 552 5315 ΔᾹΛΟ,
579 5251 730 5320 μετὰ
749 5251 1137 5326 ἀποδείξεως,
1156 5253 1256 5326 ’ὅτι
1283 5253 1524 5326 ἄγγελοι
1546 5253 1660 5320 μὲν
1689 5251 1922 5320 δοῦλοι,

790 5323 1106 5389 Δεσπότης
1143 5323 1212 5376 δὲ
1253 5327 1284 5377 ὁ
1330 5324 1483 5387 Υἱός.

409 5436 472 5488 Εἰ
499 5437 674 5501 οὐδεὶς
710 5437 936 5489 δύναται
963 5438 1180 5505 ἀφεῖναι
1210 5437 1502 5507 ἁμαρτίας,
1526 5439 1573 5488 εἰ
1606 5440 1679 5508 μὴ
1714 5437 1870 5508 μόνος
1896 5439 1924 5490 6

325 5525 486 5588 Θεὸς,
521 5527 718 5597 ἀφίησι
749 5527 807 5579 δὲ
833 5529 862 5579 6
887 5527 1034 5590 Υἱὸς,
1065 5527 1197 5589 Θεὸς
1226 5529 1352 5595 ἄρα,
1386 5527 1477 5578 καὶ
1507 5529 1564 5579 οὐ
1607 5531 1719 5590 τοῖς
1770 5530 1924 5597 ποιή-

328 5634 497 5686 μασιν
548 5618 1172 5691 ἐναρίθμιος.”Λγγελοι
1230 5620 1326 5688 μὲν
1373 5621 1479 5688 γὰρ
1535 5620 1917 5689 προσεύχονται

401 5759 420 5800 ’-
458 5759 601 5814 l’sal.
631 5775 824 5826 ρει-ιιι,
865 5759 950 5816 91.
1035 5761 1099 5791 Μ
1134 5761 1270 5815 Ρδίιι.
1312 5781 1383 5824 ι;ι,
1410 5764 1498 5824 27,
1531 5765 1620 5815 ~28.

1967 4479 2014 4533 Ι)

2059 3241 2218 3294 linem
2261 3257 2480 3312 Verget'e
2507 3255 2704 3314 potest,
2740 3245 3192 3316 quemadmodum
3231 3245 3318 3298 illa
3346 3261 3466 3314 qua:
3495 3249 3634 3299 exsi-

2057 3335 2230 3387 stendi
2261 3334 2470 3389 initium
2505 3337 2827 3392 habuerunt.
2879 3341 3040 3410 Atqui
3073 3355 3230 3394 nemo
3259 3355 3404 3394 sana:
3435 3341 3634 3394 mentis

2055 3422 2252 3477 dixerit
2293 3437 2353 3478 ea
2386 3441 2504 3494 quae
2556 3429 2690 3482 adeo
2716 3431 2984 3483 contraria
3015 3429 3154 3484 inter
3182 3446 3240 3484 se
3273 3443 3418 3494 sunt,
3443 3441 3496 3485 et
3523 3443 3634 3485 tan-

2054 3525 2238 3585 topere
2270 3527 2464 3572 natura
2493 3519 2774 3588 dissident,
2807 3521 3049 3592 ejusdem
3087 3535 3294 3580 naturm
3317 3533 3480 3594 atque
3507 3523 3632 3578 sub-

2051 3609 2265 3664 stantiae
2295 3625 2439 3665 esse.
2491 3613 2548 3668 Si
2595 3629 2725 3684 ergo
2773 3615 2840 3670 de
2879 3617 3166 3681 creaturis,
3213 3626 3630 3692 utpoterorrn-

2049 3701 2218 3770 ptioni
2247 3703 2516 3772 obnoxiis,
2545 3705 2744 3760 dicitur
2775 3726 2789 3762 :
2830 3727 2848 3758 ι
2877 3709 2994 3780 lpsa
3020 3712 3309 3780 peribunt;
3345 3730 3362 3762 ›
3397 3712 3459 3764 de
3493 3709 3630 3762 Filio

2051 3804 2228 3850 autem
2276 3814 2288 3850 :
2341 3816 2358 3848 ι
2413 3797 2492 3852 Tu
2523 3815 2656 3854 vero
2693 3815 2982 3870 permanes
3007 3842 3020 3868 ,
3063 3823 3080 3854 ι
3127 3813 3183 3858 et
3219 3822 3236 3853 ι
3265 3801 3382 3872 Ipsa
3419 3815 3628 3854 vett-ra-

2048 3897 2200 3940 sceut
2227 3927 2240 3952 ,
2277 3907 2296 3940 ι
2355 3898 2547 3959 utpote
2591 3904 2834 3946 creatam
2877 3893 3130 3948 habentia
3179 3902 3468 3956 naturam;
3509 3891 3625 3943 Filii

2049 3993 2174 4034 vero
2201 3997 2220 4030 ι
2251 3981 2380 4034 anni
2419 3996 2526 4034 nou
2563 3983 2814 4037 deﬁcient
2839 3983 2906 4014 ³·⁴
2934 4001 2947 4038 :
2981 4005 2998 4035 ι
3039 3983 3317 4050 quoruon
3340 3983 3444 4034 erit
3491 3981 3629 4046 ejus-

2046 4067 2164 4122 dem
2205 4079 2414 4122 uatura:
2455 4085 2576 4122 cum
2616 4071 2823 4140 angelis
2863 4071 3051 4136 Filius,
3077 4088 3197 4126 cum
3236 4070 3468 4124 conditis
3499 4085 3626 4123 con-

2045 4156 2206 4220 ditor,
2247 4171 2368 4210 cum
2418 4157 2618 4211 creatis
2656 4169 2894 4225 creator,
2949 4176 3070 4214 cum
3104 4159 3433 4214 trausitoriis
3469 4169 3626 4213 teter-

2045 4251 2182 4304 nus?
2209 4249 2340 4303 Nam
2370 4249 2472 4304 etsi
2517 4251 2739 4322 angelus
2787 4251 3093 4308 immortale
3121 4253 3374 4323 quiddam
3412 4253 3500 4316 sit,
3545 4252 3622 4304 id-

2043 4354 2146 4408 que
2180 4357 2244 4394 «ιιι
2281 4341 2555 4398 voluntate
2584 4353 2636 4398 et
2669 4345 2932 4400 beneﬁcio
2963 4343 3258 4410 Creatoris,
3290 4361 3410 4400 cum
3442 4357 3620 4399 tamen

2045 4434 2334 4490 exsistendi
2379 4437 2702 4508 principium
2753 4439 2970 4504 habeat,
3017 4449 3196 4510 potest
3245 4439 3408 4494 etiam
3461 4437 3619 4492 linem

2040 4527 2245 4580 sortiri.
2275 4525 2560 4584 Naturales
2590 4531 2737 4584 enim
2769 4531 3162 4601 praerogativa},
3193 4545 3312 4594 qua:
3345 4529 3618 4584 nonnullis

2039 4619 2304 4672 creaturis
2337 4619 2541 4685 insunt,
2574 4622 2766 4676 valida:
2797 4633 2922 4676 sunt
2953 4640 2967 4676 :
2999 4623 3138 4690 apud
3171 4621 3338 4675 Deum
3368 4636 3498 4673 vero
3529 4621 3618 4685 tl"i

2038 4726 2130 4763 eas
2162 4713 2385 4778 creavit,
2429 4715 2562 4767 nihil
2595 4727 2741 4770 sunt.
2786 4713 3246 4781 Quemadmodum
3287 4715 3448 4782 igitur
3479 4713 3618 4778 ignis

2039 4800 2226 4851 urendi
2265 4800 2370 4853 vim
2402 4803 2584 4867 habet,
2622 4806 2716 4857 sed
2749 4821 2853 4858 non
2897 4806 3044 4870 Deo;
3083 4807 3157 4857 ita
3191 4813 3244 4857 et
3270 4803 3489 4870 angelus
3521 4801 3620 4851 im-

2039 4889 2284 4944 mortalis
2315 4893 2530 4958 quidem
2573 4905 2680 4960 est,
2716 4897 2806 4949 sed
2851 4911 2953 4948 non
2994 4897 3121 4947 Deo.
3157 4893 3271 4961 Ipse
3300 4894 3439 4945 enim
3471 4891 3618 4944 solus

2040 4979 2255 5045 proprie
2297 4989 2379 5032 cst
2427 4983 2769 5046 immortalis,
2821 4984 3159 5045 naturaliter,
3217 4997 3318 5034 non
3351 4998 3444 5049 per
3491 4997 3614 5050 gra-

2043 5069 2169 5121 tiam
2205 5081 2558 5136 utcrealura,
2588 5075 2893 5126 ﬁrmitatem
2935 5076 3076 5127 illaut
3113 5084 3164 5128 et
3201 5075 3608 5142 perpetuitatem

2039 5157 2089 5211 in
2127 5174 2185 5212 se
2227 5162 2448 5217 habens.

2037 5269 2267 5337 ALILD,
2297 5273 2914 5346 cum“demonstratione,
2947 5279 3082 5343 quod
3115 5276 3286 5346 angeli
3317 5277 3417 5329 sint
3451 5277 3603 5339 servi,

2391 5341 2562 5396 Filius
2594 5361 2735 5408 vero,
2769 5341 3043 5399 Dominus.

2105 5451 2158 5503 Si
2199 5467 2355 5506 nemo
2386 5463 2561 5522 potest
2601 5455 2878 5507 remittere
2914 5469 3158 5523 peccata,
3197 5456 3355 5526 205
3386 5457 3482 5510 nisi
3515 5473 3602 5506 su-

2031 5537 2113 5591 lus
2158 5540 2315 5605 Deus,
2373 5543 2599 5596 remittit
2649 5558 2776 5595 vero
2833 5544 2998 5600 Filius
3034 5566 3046 5601 :
3081 5547 3222 5602 Deus
3270 5551 3446 5616 itaque
3500 5560 3604 5609 Bal,

2031 5645 2203 5698 neque
2234 5635 2503 5688 creaturis
2539 5636 2998 5692 anuutucrantlus.
3035 5643 3219 5709 Auge-li
3250 5642 3390 5695 enim
3424 5653 3604 5700 oram.
