4078 6260
496 369 602 423 547

496 483 738 537 dicentes
782 496 794 530 :

496 570 773 625 misereris
813 568 1140 632 Jerusalem,
1196 576 1250 621 et
1302 567 1513 620 urbium
1568 561 1791 617 Juda‘?
1823 581 1840 614 ι
1898 560 2071 616 Filius

497 678 630 717 vero
662 677 781 716 cum
815 669 1084 731 potestate
1117 660 1286 714 dicit:
1325 676 1342 708 ι
1377 657 1566 721 Homo,
1601 655 1942 709 dimittuntur
1976 651 2068 706 tibi

497 764 718 823 peccata
754 763 840 808 tua
865 752 908 809 ⁸.
939 772 957 804 ι
996 751 1110 806 Non
1139 760 1222 805 est
1253 751 1412 820 igitur
1444 746 1681 815 ejusdem
1707 745 1922 817 generis
1947 759 2068 798 cum

498 845 716 900 domino
741 859 948 908 servus,
995 858 1167 912 neque
1194 844 1240 896 ei
1269 840 1357 910 qui
1398 839 1622 908 largitur
1655 838 1698 893 is
1743 837 1833 907 qui
1858 837 1989 906 petit
2015 843 2072 889 ut

499 939 751 1007 accipiat.

499 1028 710 1085 ALIUD
737 1029 855 1081 huic
890 1027 1078 1090 simile,
1113 1026 1251 1095 quod
1277 1023 1450 1078 Filius
1479 1041 1580 1077 non
1611 1023 1676 1076 sit
1708 1037 2067 1076 annumeran-

1131 1097 1228 1148 dus
1257 1097 1436 1149 servis.

570 1209 714 1264 Deus
756 1209 1048 1279 prophetas
1096 1206 1278 1269 mittit,
1313 1206 1401 1274 qui
1442 1204 1660 1272 exigant
1711 1201 1945 1254 fructum
1995 1199 2072 1251 vi-

495 1317 636 1367 nea',
679 1302 795 1370 qui,
833 1313 1190 1369 praeterquam
1227 1297 1369 1367 quod
1412 1295 1543 1349 nihil
1596 1304 1938 1363 acceperunt,
1993 1294 2075 1346 in—

498 1394 713 1448 terfecti
755 1403 900 1447 sunt.
953 1391 1233 1456 Servator,
1261 1403 1318 1444 ut
1352 1389 1631 1451 Dominus,
1662 1385 1840 1440 debita
1884 1384 2072 1439 remit-

499 1485 585 1546 tit,
621 1493 675 1538 et
708 1485 758 1536 in
791 1483 927 1537 alios
961 1483 1184 1538 colonos
1208 1481 1466 1536 transfert
1501 1481 1710 1533 vineam
1737 1478 1778 1543 ⁷,
1815 1489 1873 1532 ut
1913 1478 2076 1531 herus

500 1583 555 1627 et
588 1574 884 1640 Dominus;
947 1574 1038 1629 sed
1099 1582 1155 1628 et
1205 1572 1381 1643 angeli
1435 1569 1888 1625 administrationi
1945 1567 2076 1636 legis

508 1665 824 1720 inserviisse
857 1667 1283 1736 comperiantur,
1317 1675 1370 1720 et
1405 1663 1536 1718 nihil
1571 1676 1757 1717 eorum
1801 1676 1921 1731 quae
1955 1661 2080 1715 fecit

507 1758 695 1823 Filius,
727 1757 943 1813 fecisse.
983 1757 1096 1812 Non
1135 1767 1217 1813 est
1241 1758 1406 1828 igitur
1437 1756 1677 1827 ejusdem
1710 1754 1922 1824 generis
1951 1769 2073 1808 cum

508 1850 711 1919 angelis
757 1849 960 1917 Filius,
1005 1849 1100 1906 sed
1137 1849 1395 1919 Magister
1424 1859 1478 1902 et
1514 1848 1794 1901 Dominus.

504 2024 734 2087 ALIUD,
779 2025 1107 2094 explicatius,
1141 2028 1278 2095 quod
1316 2025 1471 2087 illud,
1515 2043 1532 2075 ι
1570 2024 1760 2078 Melior
1799 2027 1968 2082 lactus
2004 2037 2079 2079 est

577 2098 841 2165 angelis",
885 2115 901 2146 ι
939 2097 1006 2149 ad
1039 2097 1395 2164 (li/Terentiam
1433 2097 1964 2149 administratiwmm
2002 2113 2084 2148 re-

580 2169 851 2233 ferendum
890 2168 978 2219 sil.

583 2275 781 2330 Paulus
803 2278 866 2329 de
906 2276 1042 2330 Filio
1075 2278 1246 2345 inquit
1276 2293 1290 2330 :
1331 2296 1348 2327 ‹
1379 2277 1553 2330 Tanto
1579 2277 1766 2330 melior
1793 2275 1966 2332 factus
1998 2293 2087 2332 an-

510 2369 644 2436 gelis
675 2383 688 2420 :
725 2387 742 2419 ι
784 2384 887 2422 non
944 2368 1085 2436 quod
1138 2369 1228 2421 Dei
1272 2367 1431 2422 Verbi
1473 2377 1722 2423 naturam
1771 2369 2086 2438 angelorum

514 2472 726 2516 naturae
756 2476 1071 2529 comparare
1113 2461 1258 2525 velit,
1298 2477 1470 2531 neque
1515 2462 1801 2516 dissimiles
1834 2464 2087 2517 substan-

511 2553 614 2606 tias
654 2552 841 2606 eodem
889 2553 1048 2605 modo
1097 2567 1160 2605 ac
1213 2553 1424 2606 ratione
1468 2553 1739 2606 examinet
1771 2551 1905 2620 (Deo
1946 2555 2087 2606 enim

513 2645 647 2698 nihil
689 2644 1014 2712 comparari,
1054 2653 1144 2697 aut
1175 2642 1412 2697 conferri
1453 2644 1676 2714 potest),
1721 2646 1813 2698 sed
1858 2645 2090 2698 admini-

513 2737 838 2790 strationum
867 2735 1204 2790 differentias
1235 2737 1507 2805 preponit,
1552 2746 1609 2788 ut
1639 2751 1702 2789 cx
1740 2735 2089 2790 administra-

517 2829 663 2881 tione
693 2842 813 2897 qua:
861 2826 1054 2895 cuique
1094 2829 1381 2881 commissa
1437 2838 1542 2891 est,
1584 2829 1712 2895 quid
1757 2827 1984 2896 quisque
2023 2827 2093 2880 sit

463 2962 468 2968 .
514 2926 892 2989 cognoscatur.
929 2918 1080 2985 Quod
1129 2934 1257 2972 vero
1291 2938 1307 2969 ι
1344 2916 1535 2972 melior
1566 2937 1584 2969 ι
1637 2919 1701 2971 ad
1734 2919 2094 2986 comparatio-

518 3025 639 3062 nem
686 3009 1171 3064 administrationis
1239 3010 1552 3076 augelorun‘t
1619 3009 1935 3064 referendus
1982 3011 2092 3074 sit,

518 3100 639 3154 inde
697 3100 982 3154 manifeste
1036 3110 1290 3153 constat:
1335 3099 1674 3168 propositum
1725 3111 1840 3153 erat
1889 3099 2089 3164 Paulo,

517 3194 803 3247 ostendere
833 3208 949 3260 qua:
989 3207 1086 3262 per
1119 3192 1397 3246 Christum
1444 3191 1878 3260 przedicabantur
1911 3191 2094 3262 legali-

525 3288 622 3338 bus
648 3285 930 3354 praeceptis
959 3285 1112 3353 longe
1150 3285 1527 3353 prtestantiora
1567 3301 1708 3339 esse.
1746 3283 1898 3339 Unde
1935 3285 2096 3354 igitur

524 3377 626 3428 hoc
656 3376 1030 3429 demonstrat?
1067 3376 1146 3428 Ad
1176 3375 1644 3430 administratores
1687 3392 1744 3429 se
1784 3377 2052 3430 convertit
2081 3396 2094 3430 :

520 3477 575 3520 et
621 3482 685 3520 ex
731 3482 916 3520 eorum
951 3465 1251 3520 diﬂ'erentia
1298 3482 1357 3520 ea
1400 3482 1518 3535 qua:
1551 3482 1647 3537 per
1698 3468 1841 3537 ipsos
1872 3468 2098 3521 admini—

521 3569 688 3612 strata
740 3567 866 3611 sunt
918 3559 1169 3614 restituat.
1208 3558 1400 3627 Angeli
1452 3574 1580 3627 ergo
1612 3559 1992 3614 administrant
2028 3561 2100 3613 le-

521 3665 663 3718 gem,
699 3658 753 3702 et
791 3664 886 3717 per
911 3664 1002 3702 eos
1038 3650 1382 3718 pronuntiata
1412 3658 1532 3715 est;
1566 3648 1734 3704 Filius
1786 3665 1914 3704 vero
1947 3651 2094 3704 noti-

523 3743 653 3794 tiam
685 3756 875 3794 eorum
908 3756 1027 3810 qua:
1052 3756 1148 3807 per
1167 3739 1516 3810 Evangelium
1547 3740 1939 3794 annuntiautur
1965 3757 2103 3812 pra!-

523 3839 687 3892 dicat.
722 3835 888 3906 Atqui
929 3835 1135 3898 melior,
1171 3835 1363 3904 inquit,
1399 3833 1671 3888 estFilius
1702 3850 1861 3903 quam
1894 3837 2097 3906 angeli;

523 3942 790 4001 quatenus
836 3929 1185 3984 excellentior
1236 3928 1638 3983 administratio
1692 3929 1765 3983 illi
1815 3931 2102 3985 commissa

523 4035 629 4089 est,
658 4041 720 4079 ea
757 4023 967 4078 ratione
995 4023 1189 4077 melior
1218 4033 1322 4077 est.
1351 4021 1815 4077 Administranlur
1843 4026 1984 4078 enim
2020 4039 2106 4078 res

529 4133 739 4188 magna:
779 4133 806 4170 a
846 4117 1076 4187 magnis,
1125 4127 1174 4170 et
1211 4132 1390 4184 parva:
1431 4131 1459 4168 a
1497 4117 1696 4184 parvis.
1743 4117 1972 4184 Magnus
2011 4134 2106 4170 au-

527 4220 633 4264 tem
684 4218 766 4264 est
802 4209 988 4273 Filius,
1036 4217 1302 4277 quatenus
1354 4217 1437 4262 est
1501 4208 1756 4277 splendor
1808 4217 1861 4262 et
1910 4209 2106 4263 chara-

529 4303 721 4367 cter’,
768 4310 822 4354 et
873 4311 1142 4369 quatenus
1184 4301 1233 4353 ei
1281 4301 1478 4352 dicitur
1522 4318 1534 4352 :
1583 4319 1600 4352 ι
1634 4299 1773 4354 Sede
1821 4316 1850 4352 a
1901 4301 2109 4356 dextris

531 4394 666 4447 meis
692 4392 766 4457 ";
808 4411 826 4443 ι
871 4402 1140 4460 quatenus
1175 4392 1582 4459 primogenitus,
1625 4402 1679 4444 et
1719 4393 1784 4446 ab
1831 4393 1961 4460 ipsis
2007 4410 2104 4446 au-

530 4485 665 4554 gelis
698 4484 980 4536 adoratur.
1012 4483 1200 4548 Angeli
1230 4497 1356 4532 vero
1382 4481 1510 4534 nihil
1542 4497 1730 4534 eorum
1765 4483 1980 4546 habent,
2014 4485 2105 4538 scd
2141 4490 2187 4548 ι)

532 4587 592 4630 ut
649 4574 880 4629 ministri
935 4575 1323 4635 circumstant,
1358 4582 1415 4626 ιιι
1459 4574 1597 4626 servi
1650 4573 1815 4644 206
1859 4576 2108 4641 adorant,

534 4669 1008 4735 ministeriumque
1051 4681 1203 4719 suum
1234 4673 1492 4733 praestant
1533 4675 1750 4732 promer
1785 4682 1877 4720 eos
1909 4669 1998 4736 qni
2028 4685 2113 4720 sa-

536 4763 701 4816 lutem
737 4769 864 4814 sunt
904 4757 1244 4812 consecuturi
1290 4757 1352 4810 “.
1397 4755 1572 4812 Tanto
1619 4757 1799 4825 itaque
1853 4769 2114 4824 prmstan-

535 4855 641 4907 tior
668 4860 751 4907 est
783 4848 1180 4905 administratio
1222 4848 1529 4912 Servaloris
1582 4863 1742 4918 quam
1780 4850 2111 4919 angelorum,

534 4953 735 5014 quanto
772 4957 908 4995 unus
947 4940 1162 5010 quidem
1203 4939 1255 4994 in
1313 4939 1440 5002 illis,
1493 4939 1644 4994 alteri
1693 4950 1868 4994 autem
1923 4942 1974 4994 in
2028 4944 2111 4995 his

537 5043 844 5092 versantur.
895 5033 1040 5087 Hauc
1096 5033 1257 5103 igitur
1298 5033 1367 5087 ob
1417 5047 1634 5086 causam
1680 5032 1875 5088 Paulus
1930 5035 2113 5088 volens

538 5141 855 5196 c0mparare
890 5125 1030 5179 inter
1061 5139 1120 5178 se
1154 5125 1316 5179 hasce
1346 5123 1864 5190 administrationes,
1896 5126 2066 5195 inquit
2099 5145 2110 5180 :

545 5237 563 5269 ‹
601 5217 790 5274 Melior
815 5217 987 5271 factus
1021 5215 1244 5285 angelis.
1277 5233 1295 5266 ι
1340 5215 1475 5269 Cum
1507 5230 1635 5270 vero
1673 5216 1738 5268 ad
1781 5218 2115 5270 substantia-

543 5327 660 5364 rttm
696 5309 1158 5377 comparationem
1199 5311 1364 5375 venit,
1415 5309 1634 5378 inquit:
1673 5327 1690 5359 ι
1725 5308 1934 5374 Quanto
1965 5309 2118 5364 diffe-

547 5404 756 5457 rentius
784 5401 1032 5456 Christus
1067 5401 1172 5455 illis
1220 5416 1417 5454 nomen
1457 5399 1680 5453 sortitus
1711 5401 1875 5454 est”.
1918 5419 1936 5450 ›
1991 5400 2103 5455 Non

542 5497 650 5564 jam
685 5495 757 5547 ait
801 5495 1004 5560 melius,
1038 5495 1131 5547 sed
1167 5494 1535 5562 di/ferentius:
1567 5493 1709 5562 quod
1744 5494 1958 5562 quidem
2001 5512 2118 5549 ma-

550 5601 708 5655 gnam
743 5586 1108 5640 diversitatem
1140 5585 1426 5654 siguillcat.

643 5719 836 5778 5Zach.
859 5739 898 5786 t,
931 5723 1018 5778 ιε.

1096 5729 1115 5757 ο
1136 5724 1318 5779 Matth.
1345 5726 1492 5791 11,2.

561 5796 648 5852 Η.
731 5793 770 5823 ¹¹
799 5795 923 5850 ibid.
952 5793 1004 5848 4.

1510 357 1569 411 S.
1613 351 1888 408 CYRILIJ
1931 343 2398 401 ALEXANDRINI
2435 344 2752 399 ARCHIEP.

839 499 856 528 ‹
908 477 1134 534 Domine
1188 475 1565 544 omnipotens,
1625 484 1907 539 usquequo
1957 481 2096 520 non,

2201 462 2415 531 έγοντες
2439 482 2451 494 ο
2513 481 2531 512 ‹
2566 461 2738 532 Κύριε
2775 455 3191 526 παντοκράτωρ,
3224 453 3329 516 ’έως
3382 451 3526 512 τίνος
3565 449 3625 501 οὐ
3679 448 3752 518 μὴ

1571 5725 1590 5756 ⁷
1619 5723 1802 5778 Matth.
1828 5741 1943 5793 im,
1967 5727 2154 5785 28-“.

3645 329 3752 384 548

2171 554 2398 624 ἐλεήσῃς
2431 553 2529 623 τὴν
2567 549 2924 621 Ἰερουσαλὴμ
2969 548 3063 600 καὶ
3106 545 3204 609 τάς
3259 542 3446 605 πόλεις
3491 539 3693 603 Ἰούδα;
3729 557 3748 589 ι

2181 643 2240 694 '0
2287 643 2340 694 δὲ
2377 642 2501 703 Υἱὸς
2550 636 3005 704 ὲξουσιαστικῶςο
3067 655 3083 686 ι
3117 633 3432 704 Ἄνθρωπε,
3479 627 3755 698 ἀφέωνταί

2174 751 2256 786 σοι
2287 733 2343 785 αί
2368 731 2654 802 ἀμαρτίαι.
2686 749 2702 780 ι
2739 731 2850 799 Οὐχ
2876 727 3134 798 ὁμογενὲς
3161 721 3255 778 οὖν
3287 724 3395 795 ἄρα
3418 721 3496 790 τῷ
3517 721 3757 790 δεσπότῃ

2172 819 2230 871 τὸ
2263 818 2448 872 δοῦλον
2467 856 2479 878 .
2509 816 2630 870 οὔτε
2662 817 2742 888 τῷ
2771 816 3117 888 χαριζομένῳ
3146 815 3207 867 τὸ
3258 812 3445 866 αἱτοῦν
3472 812 3559 864 ἵνα
3591 809 3754 879 λάϐῃ.

2249 1001 2431 1056 ΑΛΛΟ
2461 998 2648 1060 τούτῳ
2677 996 2899 1119 (morm;
2927 996 3028 1118 ira
3046 996 3156 1048 οὐκ
3184 994 3254 1046 ἐν
3283 992 3408 1058 τοῖς
3437 991 3687 1055 δούλοις

2974 1084 3078 1119 (0c.

2974 1084 3078 1130 (ος.

2257 1161 2600 1216 Ἀποστέλλει
2633 1161 2756 1224 τοὺς
2792 1161 3076 1232 προφήτας
3104 1160 3130 1210 ὁ
3158 1156 3291 1218 Θεὸς
3324 1155 3632 1224 ἀπαιτῆσαι
3661 1153 3754 1206 τοῦ

2174 1254 2494 1326 ἀμπελῶνος
2520 1254 2644 1316 τοὺς
2678 1255 2944 1324 καρποὺς,
2979 1251 3028 1304 οἳ
3060 1251 3195 1320 πρὸς
3227 1247 3302 1318 τῷ
3334 1247 3469 1318 μηδὲ
3497 1246 3756 1299 δύνασθαι

2174 1346 2377 1410 λαϐεῖν,
2416 1346 2510 1398 καὶ
2531 1344 2820 1398 ἀπέθανον.
2840 1344 2898 1396 '0
2923 1341 3113 1412 Σωτὴρ
3145 1340 3220 1402 ὡς
3246 1337 3526 1408 Δεσπότης
3549 1337 3642 1391 καὶ
3664 1337 3755 1400 re;

2174 1437 2394 1506 ὁφειλάς
2419 1437 2632 1506 ἀφίησι,
2651 1436 2744 1488 καὶ
2773 1437 2852 1498 εἰς
2880 1434 3099 1505 ἑτέρους
3126 1431 3406 1501 γεωργοὺς
3435 1429 3754 1500 μετατίθησι

2176 1526 2265 1580 τὸν
2291 1525 2590 1596 ἀμπελῶνα
2621 1524 2695 1588 ὡς
2742 1524 3006 1592 δεσπότης
3056 1522 3149 1576 καὶ
3196 1521 3436 1591 Κύριος·
3479 1521 3760 1590 φαίνονται

2176 1619 2233 1673 δὲ
2274 1619 2370 1672 καὶ
2402 1620 2470 1689 τῇ
2504 1616 2596 1670 τοῦ
2637 1617 2799 1687 νόμου
2835 1617 3080 1686 διακονία
3124 1616 3574 1686 ὑπηρετήσαντες
3605 1615 3766 1681 ἀγγε-

2178 1713 2280 1777 λοι,
2317 1712 2411 1765 καὶ
2442 1712 2769 1783 ποιήσαντες
2806 1710 2961 1762 οὐδὲν
2985 1704 3059 1763 ὧν
3095 1709 3355 1779 εποίησεν
3382 1709 3410 1760 6
3447 1708 3596 1770 Υἱὸς.
3628 1708 3764 1760 Οὐκ-

2112 1811 2152 1866 B
2181 1803 2275 1857 οῦν
2304 1805 2402 1873 οὐχ
2432 1802 2701 1874 ὁμογενὴς
2727 1802 2981 1872 ἀγγέλοις
3007 1803 3175 1868 ἐστὶν,
3203 1801 3342 1856 ἀλλὰ
3369 1800 3646 1867 Δεσπότης
3676 1798 3768 1851 καὶ

2184 1897 2426 1968 Κύριος.“

2185 1991 2366 2046 ΑΛΛυ
2387 2030 2402 2052 ,
2435 1988 2872 2059 διηγηματικῶς
2902 1987 2989 2040 ὅτι
3035 1986 3102 2039 τὸ
3140 2005 3158 2036 ι
3191 1985 3496 2059 Κρείττωιί
3525 1983 3768 2059 γενόμε-

2255 2078 2362 2127 νος
2384 2054 2832 2128 trba-dﬁcitur,
2864 2080 2880 2110 ο
2926 2059 3038 2110 οὐκ
3081 2054 3303 2128 οὐσιῶν
3325 2055 3582 2122 εἰσφέρει
3615 2054 3762 2119 σύγ-

2257 2126 2478 2200 κρισιν,
2513 2126 2676 2185 ἀλλὰ
2704 2129 2947 2198 μᾶλλον
2980 2126 3316 2180 διακονιῶν.

2265 2265 2283 2296 ι
2315 2244 2564 2314 Τοσούτῳ
2613 2242 2879 2313 κρείττων
2927 2241 3215 2310 γενόμενος
3264 2239 3372 2292 τῶν
3428 2238 3702 2305 ἀγγέλων,
3735 2255 3752 2285 ι

2189 2339 2282 2391 ἐπὶ
2310 2336 2406 2390 τοῦ
2439 2335 2569 2388 Υἰοῦ
2606 2352 2768 2405 φησιν
2810 2336 2837 2387 ὁ
2879 2333 3111 2394 Παῦλος,
3147 2333 3208 2385 ού
3241 2334 3307 2403 τῇ
3341 2329 3500 2400 φύσει
3528 2329 3636 2381 τῶν
3667 2329 3764 2394 ἀγ·-

2187 2427 2364 2496 γέλων
2395 2427 2493 2498 τὴν
2524 2426 2618 2478 τοῦ
2648 2424 2784 2481 Θεοῦ
2803 2425 2978 2491 Λόγου
3013 2420 3399 2492 συγκρίνεσθαι
3437 2418 3627 2482 θέλων,
3650 2417 3773 2470 οὐδὲ

2189 2520 2295 2575 τῶν
2321 2520 2589 2591 ἀνομοίων
2619 2518 2819 2571 οὐσιῶν
2847 2517 3023 2582 ἐξίσου
3058 2515 3379 2585 ποιούμενος
3405 2513 3504 2584 τὴν
3531 2511 3776 2576 ἐξέτασιν

2192 2614 2541 2685 (ἀσύγκριτον
2559 2611 2666 2681 γὰρ
2694 2612 2925 2681 πρᾶγμα
2953 2609 3202 2679 θεότητος
3227 2606 3320 2658 καὶ
3336 2602 3774 2674 ἀπαράὃλητον),

2191 2705 2328 2758 ἀλλά
2359 2705 2457 2774 τὴν
2499 2704 2590 2756 ἐπὶ
2617 2705 2733 2765 ταῖς
2763 2701 3060 2763 διακονίαις
3091 2699 3355 2771 εἰσφέρων
3381 2697 3670 2766 διαφορὰν,
3705 2695 3778 2747 ἵν’

2193 2797 2286 2865 ἀφ’
2320 2787 2394 2848 ὧν
2427 2795 2653 2856 ἕκαστος
2684 2789 2976 2858 ἐπιστεύθη
3006 2791 3100 2842 καὶ
3144 2789 3515 2859 ᾠκονόμησεν,
3554 2789 3618 2840 ἐκ
3656 2786 3780 2839 τού-

2192 2905 2300 2942 των
2325 2890 2472 2950 ὃστις
2505 2886 2591 2956 εἴη
2635 2884 3122 2954 γινώσκηται.”οτι
3151 2881 3290 2934 δὲτὸ
3321 2899 3339 2932 ι
3369 2881 3635 2952 κρείττων
3661 2899 3677 2930 ι
3705 2879 3780 2941 ὡς

2196 2982 2332 3052 πρὸς
2366 2981 2463 3052 τὴν
2485 2978 2594 3031 τῶν
2622 2962 2870 3045 ἀγγέλων
2895 2974 3172 3028 διακονίαν
3202 2973 3314 3042 ἔχει
3341 2971 3440 3041 τὴν
3466 2971 3777 3041 σύγκρισιν,

2197 3072 2394 3142 γένοιτ’
2429 3072 2494 3125 ἂν
2539 3069 2749 3125 ἐνθένδε
2781 3069 3106 3137 καταφανές·
3147 3066 3350 3127 Σκοπὸς
3379 3061 3448 3136 ἦν
3474 3065 3552 3134 τῷ
3584 3063 3778 3132 Παύλῳ

2200 3165 2486 3239 κρείττονα
2513 3161 2620 3215 τῶν
2645 3160 2883 3230 νομικῶν
2913 3157 3261 3228 ὲνταλμάτων
3292 3155 3557 3221 ἐπιδεῖξαι
3599 3154 3666 3206 τὰ
3695 3153 3780 3206 διὰ

2198 3255 2436 3329 Χριστοῦ
2485 3254 2885 3325 κηρυττόμενα.
2918 3249 3092 3303 Πόθεν
3122 3246 3216 3302 οὖν
3245 3250 3480 3302 ποιεῖται
3516 3248 3616 3311 τὰς
3647 3248 3779 3300 ἀπο-

2200 3352 2424 3417 δείξεις;
2468 3350 2591 3402 Ἐπὶ
2618 3347 2743 3410 τοὺς
2772 3344 3154 3405 διακονοῦντας
3183 3344 3370 3413 χωρεῖ,
3388 3343 3482 3394 καὶ
3516 3345 3634 3403 ταῖς
3656 3341 3776 3392 τού-

2200 3459 2306 3493 των
2335 3440 2620 3508 διαφοραῖς
2647 3435 2924 3503 ἀναλόγως
2955 3432 3126 3504 ὁρίξει
3156 3433 3224 3485 τὰ
3259 3433 3349 3484 ὑπ’
3372 3431 3552 3484 αὐτῶν
3599 3430 3777 3483 61mm—

2203 3533 2459 3604 νούμενα.
2481 3529 2736 3598 ’Ἄγγελοι
2773 3528 2870 3599 μὲν
2898 3521 2991 3580 οῦν
3016 3523 3321 3577 διακονοῦσι
3352 3523 3446 3575 τὸν
3475 3523 3661 3591 νόμον,
3691 3521 3784 3574 καὶ

2203 3625 2445 3696 λαλεῖται
2497 3623 2562 3675 δι’
2599 3621 2780 3676 αὐτῶν
2802 3638 2814 3650 ·
2840 3621 2867 3673 ὁ
2900 3621 2954 3673 δὲ
2979 3621 3125 3684 Υἱὸς,
3157 3621 3254 3690 τὴν
3282 3617 3370 3670 διὰ
3398 3617 3508 3670 τῶν
3549 3615 3786 3684 Εὑαγγε-

2203 3719 2334 3771 λίων
2368 3713 2625 3786 κηρύττει
2656 3713 2876 3783 γνῶσιν.
2897 3713 3058 3766 ’Δλλά
3089 3711 3372 3782 κρείττων,
3405 3711 3592 3778 φησὶν,
3619 3709 3648 3760 6
3671 3709 3781 3768 Υἱὸς

2206 3810 2312 3863 τῶν
2362 3807 2630 3876 ἀγγέλων·
2681 3806 2817 3860 καθὸ
2859 3806 2968 3858 τῶν
3014 3804 3313 3874 ἀμεινόνων
3347 3804 3590 3871 κατέστη
3614 3803 3784 3856 διάκορ

2207 3918 2317 3963 νος,
2347 3898 2488 3952 κατά
2516 3898 2674 3951 τοῦτο
2702 3897 2986 3969 κρείττων.
3025 3898 3361 3948 Διακονεῖται
3399 3894 3455 3946 δὲ
3483 3895 3551 3946 τὰ
3586 3892 3789 3964 μεγάλα

2207 3995 2296 4048 διὰ
2327 3993 2596 4064 μεγάλων,
2625 3992 2718 4044 καὶ
2751 3989 2819 4042 τὰ
2853 3989 3025 4060 μικρά
3058 3989 3144 4042 διὰ
3186 3988 3294 4040 τῶν
3329 3986 3562 4057 μικρῶν.
3609 3985 3790 4052 Μέγας

2208 4085 2264 4137 δὲ
2317 4087 2344 4137 6
2392 4081 2710 4147 Υἱὸς,καοὸ
2763 4079 3105 4149 ἀπαύγασμα
3153 4079 3246 4132 καὶ
3296 4077 3610 4147 χαρακτὴρ,
3664 4073 3795 4128 καθὸ

2211 4175 2431 4232 ἀκούει·
2466 4195 2483 4227 ι
2517 4174 2702 4229 Κάθου
2736 4175 2798 4227 ἐκ
2830 4172 3016 4238 δεξιῶν
3059 4188 3182 4240 μου·
3218 4190 3235 4223 ι
3281 4170 3415 4224 καθὸ
3453 4169 3794 4240 πρωτότοκος

2212 4274 2308 4325 καὶ
2353 4270 2443 4324 ὑπ’
2475 4268 2656 4321 αὐτῶν
2689 4265 2936 4334 ἀγγέλων
2967 4263 3462 4334 προσκυνούμενος.
3503 4262 3565 4313 Οἱ
3606 4261 3657 4312 δὲ
3696 4261 3792 4326 ἀγα

2213 4364 2385 4433 γελοι,
2411 4361 2614 4416 τούτων
2645 4359 2817 4421 οὐδὲν,
2855 4357 2970 4420 ἀλλ’
2999 4357 3047 4408 οἱ
3084 4356 3180 4426 μὲν
3209 4354 3285 4417 ὡς
3316 4351 3617 4423 λειτουργοὶ
3652 4366 3791 4419 παρ-

2215 4455 2534 4527 εστήκασιν,
2583 4452 2658 4514 ὡς
2705 4448 2879 4502 δοῦλοι
2931 4445 3351 4517 προσκυνοῦσιν,
3403 4443 3478 4507 ὡς
3525 4441 3793 4513 ὑπηρέται

2215 4548 2467 4618 τρέχουσι
2501 4544 2588 4598 διὰ
2613 4544 2736 4605 τοὺς
2771 4541 3063 4612 μέλλοντας
3107 4537 3466 4608 κληρονομεῖν
3501 4533 3794 4604 σωτηρίαν.

2219 4641 2264 4692 Κ
2274 4640 2497 4711 ρείττων
2528 4637 2637 4708 ἄρα
2663 4635 2754 4687 τοῦ
2791 4633 3042 4702 Σωτῆρος
3067 4632 3100 4702 ή
3125 4629 3367 4683 διακονία
3396 4627 3498 4697 τῆς
3538 4627 3604 4678 δι’
3638 4625 3800 4694 ἀγγέ-

2218 4733 2346 4797 λων,
2377 4732 2594 4801 ὅσῳπερ
2626 4731 2653 4780 ὁ
2685 4727 2781 4798 μὲν
2811 4728 2866 4778 ὲν
2895 4725 3126 4788 τούτοις,
3154 4723 3203 4774 οἱ
3235 4722 3291 4774 δὲ
3328 4722 3385 4773 ἐν
3427 4719 3676 4780 ἐκείνοις.
3704 4717 3800 4770 Διά

2219 4823 2422 4893 ταύτην
2455 4817 2744 4891 τοιγαροῦν
2777 4819 2872 4888 τὴν
2900 4817 3079 4870 αἰτίαν
3108 4817 3136 4868 6
3166 4812 3377 4876 Παῦλος
3404 4814 3504 4874 τὰς
3529 4809 3798 4872 διακονίας

2223 4918 2504 4986 συγκρῖναι
2528 4913 2773 4982 θελήσας,
2805 4911 2952 4978 λέγει
2971 4925 2982 4937 ·
3021 4928 3038 4960 ‹
3071 4907 3352 4978 Κρείττων
3380 4904 3672 4974 γενόμενος
3693 4902 3800 4954 τῶν

2221 5009 2482 5078 ἀγγέλων.
2517 5008 2674 5058 ι”Οτε
2703 5003 2758 5056 δὲ
2795 5003 2888 5055 ἐπὶ
2927 5002 3025 5074 τὴν
3052 5001 3160 5052 τῶν
3189 4997 3387 5051 οὐσιῶν
3416 4996 3643 5066 ἔρχεται
3671 4993 3800 5061 σύγ-

2221 5122 2422 5174 κρισιν,
2457 5103 2637 5170 λέγει·
2677 5100 2858 5167 «Ὃσῳ
2892 5093 3290 5166 διαφορώτερον
3321 5089 3450 5157 παρ’
3482 5088 3686 5150 αὐτοὺς
3712 5103 3802 5139 κε-

2226 5198 2635 5271 κληρονόμηκεν
2667 5191 2856 5261 ὄνομα.
2883 5208 2900 5240 ι
2925 5187 3141 5252 Οὐκέτι,
3167 5185 3439 5253 κρεῖττον
3458 5225 3471 5249 ,
3499 5183 3657 5243 ἀλλά,
3677 5181 3800 5233 δια-

2227 5290 2579 5360 φορώτερον,
2611 5285 2640 5338 ὃ
2685 5284 2748 5339 δὴ
2798 5281 2892 5336 καὶ
2933 5279 3131 5349 πολλὴν
3165 5277 3408 5348 εἰσφέρει
3442 5277 3541 5348 τὴν
3579 5273 3803 5340 ἐξαλλα-

2226 5385 2350 5454 γῆν.

2231 5719 2580 5790 ⁸11εὸτ.π,4.
2667 5709 2924 5766 'ibid.3.
3009 5697 3423 5764 l“Psal.cm,l.
3506 5693 3804 5757 “Hebr-.1,
