4078 6260
372 377 474 435 5όὲ

1786 374 2237 434 THESAURUS.

3457 376 3480 394 ’
3549 391 3651 444 55o

367 500 701 570 Παρὰθεσις
736 499 976 572 ῥητῶν,
1004 498 1137 569 περὶ
1180 498 1638 572 ἀνθρωπότητος
1672 498 1957 572 Χριστοῦ.

2064 497 2344 567 Appendix
2390 499 2651 572 dictarunt
2707 458 3159 572 de__li_umanitate
3213 501 3450 572 Christi,-
3513 521 3660 572 pra-

430 569 530 627 καὶ
568 573 753 637 λύσις
793 570 1025 638 ἐφεξῆς
1069 573 1157 635 εἰς
1194 569 1283 633 τό,
1322 588 1340 621 ι
1371 570 1643 634 Τοσούτῳ
1671 571 1958 637 κρείττων

431 645 757 713 γενόμενος
793 642 915 694 τῶν
950 639 1243 710 ἄγη-ἐνίων.
1276 657 1294 690 ι

434 756 561 810 Ὀτι
591 756 655 809 τὸ
689 774 705 805 ι
734 754 998 825 κρείττων
1032 772 1049 803 ι
1100 751 1289 805 ένθάδε
1338 749 1643 821 τιθέμενον,
1680 750 1788 804 τῶν
1840 750 1959 803 δια-

365 847 605 901 κονικῶν
638 846 880 916 εἰσφέρει
911 843 1011 914 τὴν
1030 840 1339 912 σύγκρισιν,
1371 841 1716 911 γνωσόμεθα,
1738 836 1955 892 Παύλου

368 940 661 1007 λέγοντος·
698 956 716 988 ι
748 937 808 990 Εἰ
859 934 968 1005 γὰρ
1018 934 1047 987 6
1089 932 1157 986 δι’
1191 932 1439 1001 ἀγγέλων
1486 930 1731 1002 λαληθεὶς
1776 930 1953 999 λόγος,

374 1031 599 1099 ἐγένετο
629 1028 862 1098 βέϐαιος,
898 1028 993 1106 καὶ
1036 1028 1190 1079 πᾶσα
1228 1024 1542 1095 παράϐασις
1575 1023 1671 1077 καὶ
1700 1022 1955 1093 παρακοὴ

374 1122 569 1178 ἔλαϐεν
590 1121 791 1175 ἔνδικον
809 1118 1251 1191 μισθαποδοσίαν,
1271 1116 1388 1179 πῶς
1406 1117 1567 1187 ἡμεῖς
1580 1114 1957 1185 ἐκφευξόμεθα

374 1215 627 1284 τοιαύτης
653 1213 826 1284 ἀμελή
836 1229 1026 1275 σαντες
1048 1210 1321 1281 σωτηρίας
1337 1249 1352 1274 ,
1379 1209 1501 1279 ἥτις
1521 1207 1697 1278 ἀρχὴν
1718 1206 1958 1261 λαϐοῦσα

372 1306 647 1361 λαλεῖσθαι
696 1305 787 1359 διὰ
825 1304 923 1357 τοῦ
957 1302 1185 1375 Κυρίου,
1211 1301 1317 1354 ὑπὸ
1345 1301 1453 1354 τῶν
1485 1298 1835 1353 ἀκουσάντων
1875 1300 1957 1363 εἰς

367 1400 513 1469 ἡμᾶς
538 1395 868 1466 ὲϐεϐαιὼθη;
902 1415 921 1448 ι
961 1394 1072 1449 Καὶ
1093 1393 1254 1448 πάλιν
1273 1410 1289 1423 ο
1327 1413 1344 1444 ι
1367 1391 1661 1460 ’Λθετήσας
1682 1408 1766 1453 τις
1790 1391 1956 1461 νόμον

364 1491 627 1557 Μωσέως,
645 1489 818 1560 χωρὶς
845 1486 1144 1559 οἰκτιρμῶν
1161 1486 1251 1539 ἐπὶ
1276 1484 1428 1539 δυσὶν
1458 1483 1489 1554 ἦ
1513 1483 1657 1553 τρισὶ
1685 1483 1955 1553 μάρτυσιν

367 1587 734 1658 ἀποθνήσκει.
765 1585 930 1655 Πόσῳ
967 1584 1169 1637 δοκεῖτε
1197 1582 1440 1653 χείρονος
1473 1579 1839 1651 ἀξιωθήσεται
1870 1596 1954 1632 τι-

374 1680 588 1750 μωρίας
619 1681 649 1731 6
674 1677 771 1731 τὸν
798 1676 928 1729 Υἱδν
955 1675 1049 1727 τοῦ
1080 1674 1208 1728 Θεοῦ
1238 1672 1629 1742 καταπατήσας
1656 1688 1670 1737 ;
1705 1691 1722 1722 ι
1759 1671 1955 1724 Καίτοι

378 1771 429 1822 εὶ
477 1768 571 1822 διὰ.
618 1768 684 1821 τὸ
732 1766 1019 1837 κρείττονα
1048 1764 1288 1833 λέγεσθαι
1329 1763 1437 1816 τῶν
1473 1762 1723 1830 ἀγγέλων
1766 1761 1951 1824 αὑτὸν,

2138 578 2290 642 terea
2333 568 2524 625 solutio
2577 570 2689 637 ejus
2749 570 2873 621 dicti
2909 584 2927 622 :
2965 586 2984 621 ι
3020 568 3190 624 Tanta
3239 569 3426 626 melior
3476 568 3654 642 factus

2137 639 2358 707 angelis.
2395 659 2413 691 ι

2135 747 2290 814 Quod
2336 764 2438 804 vox
2483 768 2502 801 ι
2543 749 2755 813 melior,
2796 768 2814 801 ι
2841 763 2906 803 eo
2937 748 3054 804 loco
3081 752 3275 819 posita,
3308 753 3655 807 administra-

2067 843 2272 895 tionum
2325 842 2786 908 comparationem
2835 842 3121 911 signiticet,
3166 844 3530 911 intelligemus
3585 860 3649 901 ex

2066 933 2232 988 Paulo
2271 932 2528 987 dicente:
2571 952 2590 984 ι
2629 931 2685 987 Si
2721 935 2867 988 enim
2915 936 3006 1005 qui
3058 952 3153 1003 per
3201 935 3420 1004 angelos
3456 935 3652 1005 dictus

2063 1030 2148 1076 est
2175 1036 2383 1084 sermo.
2429 1020 2606 1076 lactus
2646 1032 2733 1077 est
2766 1022 2976 1089 firmus,
3008 1037 3060 1080 et
3106 1027 3153 1081 si
3181 1027 3357 1079 onuiis
3389 1030 3650 1094 praevari-

2064 1116 2206 1167 catio
2233 1126 2287 1167 et
2327 1114 2698 1170 inobedientia
2742 1119 2953 1187 accepit
2984 1120 3192 1189 justam
3230 1119 3645 1174 retributionem

2066 1205 2352 1271 mercedis,
2388 1207 2665 1275 quomodo
2704 1222 2804 1263 nos
2847 1206 3191 1279 elfugiemus,
3228 1210 3272 1265 si
3310 1218 3517 1265 tantam
3555 1226 3652 1265 ue-

2064 1298 2389 1367 glexerimus
2434 1296 2664 1353 salutem
2733 1314 2875 1370 qum,
2919 1315 3040 1354 cum
3097 1301 3311 1355 initium
3360 1303 3657 1373 accepisset

2064 1388 2306 1443 enarrari
2352 1403 2447 1458 per
2498 1389 2808 1457 Dominum,
2864 1390 2932 1444 ab
2978 1392 3057 1445 eis
3098 1391 3191 1460 qui
3241 1392 3556 1458 audierunt,
3601 1393 3653 1446 in

2064 1493 2163 1532 nos
2207 1478 2527 1532 conﬁrmata
2561 1488 2645 1533 est
2670 1478 2755 1533 l’?
2789 1500 2805 1528 ι
2853 1480 2917 1535 Ει
2953 1496 3182 1535 rursus:
3219 1498 3238 1532 ι
3274 1479 3486 1534 lrritam
3533 1481 3655 1548 quis

2067 1567 2273 1623 faciens
2313 1568 2483 1638 legem
2520 1567 2678 1636 Mosi,
2734 1571 2853 1625 sine
2903 1570 3006 1625 ulla
3044 1571 3397 1627 miseratione
3433 1572 3483 1624 in
3515 1571 3652 1624 duo-

2066 1662 2166 1716 bus
2212 1670 2306 1715 aut
2337 1664 2508 1717 tribus
2549 1662 2778 1718 testibus
2810 1663 3063 1717 moritur.
3092 1661 3308 1730 Quanto
3351 1661 3521 1731 magis
3556 1676 3655 1730 pu-

2068 1755 2196 1807 tatis
2242 1769 2364 1808 eum
2415 1755 2664 1824 graviora
2719 1757 2916 1810 mereri
2967 1755 3259 1824 supplicia,
3315 1753 3408 1823 qui
3454 1752 3649 1807 Filium

384 1856 531 1914 εἶναι
553 1859 636 1912 δεῖ
659 1857 876 1921 πάντως
916 1856 1096 1919 αὐτοῖς
1120 1855 1212 1909 καὶ
1238 1854 1449 1924 ὁμοφυῆ
1484 1852 1560 1925 (αί
1584 1852 1695 1924 γὰρ
1726 1851 1957 1923 συγκρί-

2068 1846 2156 1899 Dei
2193 1843 2698 1898 concolcaverit"?
2729 1864 2749 1899 ι
2807 1845 2966 1914 Atqui
3017 1845 3085 1911 si,
3120 1844 3246 1914 quia
3294 1844 3410 1913 ipse
3457 1842 3653 1896 dicitur

390 1969 504 2015 σεις
518 1951 609 2004 ἐπὶ
623 1950 729 2002 τῶν
752 1948 998 2019 ἀλλήλοις
1015 1946 1409 2020 προσεοικότων
1427 1945 1639 2014 φιλοῦσι
1656 1944 1958 2015 γίνεσθαι),

381 2043 434 2095 τί
458 2040 658 2110 μᾶλλον
687 2039 792 2092 ἔδει
827 2038 1072 2109 χείρονος
1108 2035 1395 2102 ἀξιοῦσθαι
1430 2036 1697 2107 τιμωρίας
1731 2034 1822 2088 τὸν
1859 2052 1961 2087 κα-

368 2130 709 2184 ταπατοῦντα
760 2132 856 2185 τὸν
899 2131 1051 2194 Υίὸν,
1084 2131 1145 2182 οὐ
1196 2129 1454 2198 τοιαύτης
1506 2129 1823 2198 μετέχοντος
1864 2126 1960 2180 τοῦ

363 2223 814 2287 κατ-ἀπατοῦντος
861 2223 991 2285 τοὺς
1038 2220 1309 2288 ἀγγέλους
1348 2219 1436 2272 διὰ
1473 2220 1569 2288 τῆς
1598 2218 1961 2291 παραϐάσεως

360 2313 459 2366 του
484 2313 820 2381 λαληθέντος
846 2310 1102 2380 νόμουζδΰ
1125 2308 1305 2363 αὐτῶν
1326 2326 1342 2375 ;
1368 2308 1427 2360 '0
1447 2306 1551 2378 γὰρ
1572 2308 1649 2371 εἱς
1668 2310 1789 2371 τοὺς
1812 2309 1963 2371 ίσους

368 2406 469 2459 καὶ
503 2403 777 2474 ὁμοειδεῖς
812 2400 1138 2472 ἐξυϐρίζων,
1166 2402 1267 2470 τῆς
1305 2400 1472 2470 αὐτῆς
1506 2400 1571 2454 ἂν
1596 2400 1815 2463 εἰκότως
1842 2417 1965 2469 μετ-

368 2496 492 2564 έχοι
522 2493 825 2564 τιμωρίας,
859 2492 957 2546 καὶ
986 2485 1048 2546 οὗ
1077 2490 1186 2544 τῶν
1217 2489 1583 2560 ἀδικουμένων
1607 2490 1704 2543 οὐκ
1727 2489 1840 2544 ἔστι
1861 2491 1963 2545 δια·

361 2585 530 2654 φορὰ,
548 2583 645 2636 καὶ
675 2584 787 2636 τῶν
820 2584 1100 2641 κολάσεων
1128 2582 1382 2652 ὁμοιότης
1397 2582 1627 2650 εὐλόγως
1644 2581 1708 2635 ἂν
1730 2582 1956 2650 γένοιτο.

356 2675 497 2728 Νυνὶ
540 2673 599 2726 δὲ
645 2674 675 2725 6
710 2673 817 2744 μὲν
858 2674 945 2736 εἰς
995 2672 1080 2724 τὸν
1114 2672 1241 2723 Υίὸν
1282 2671 1686 2741 ἐξαμαρτάνων,
1719 2671 1962 2743 χείρονος

357 2765 732 2836 ἀξιωθήσεται
764 2763 1047 2835 τιμωρίας
1068 2779 1079 2791 ·
1110 2765 1138 2815 6
1164 2762 1220 2815 δὲ
1250 2765 1329 2825 εἰς
1350 2762 1438 2815 τὸν
1471 2762 1560 2816 ὑπ’
1585 2764 1831 2831 ἀγγέλων
1862 2763 1961 2817 λα-

357 2855 596 2926 ληθέντα
655 2855 845 2924 νόμον,
879 2853 1179 2913 ἐλάττονος.
1214 2851 1325 2919 Οὐχ
1374 2851 1638 2923 ὁμογενὴς
1688 2851 1797 2924 ἄρα
1848 2855 1963 2916 τοῖς

361 2947 613 3017 ἀγγέλοις
645 2948 882 3012 ἐκεῖνος,
910 2948 993 3009 εἰς
1030 2945 1088 2997 ὃν
1119 2943 1213 2997 καὶ
1250 2939 1430 3013 μεῖζόν
1459 2946 1575 2997 ἐστι
1616 2945 1677 2998 τὸ
1709 2945 1963 3017 ἀμαρτά-

363 3055 475 3090 νειν
493 3053 509 3067 ο
537 3039 631 3091 καὶ
657 3038 720 3091 τὸ
752 3036 1029 3108 τιμωρίας
1066 3022 1283 3106 μέτρον,
1319 3033 1593 3110 ἀναλόγως
1623 3038 1688 3108 τῇ
1717 3037 1959 3108 ὑπεροχῇ

368 3127 462 3197 τοῦ
502 3129 837 3201 πατηθέντος
863 3129 1156 3182 ὲκτίνεται.

1060 3420 1264 3477 AAAO.

649 3533 750 3597 Ὧς
785 3532 856 3597 ἐξ
891 3533 1255 3601 ἀντιθέσεως
1289 3536 1378 3599 είς
1416 3533 1484 3587 τὸ
1521 3532 1690 3586 αὐτό.

432 3644 714 3716 Χείρονος,
748 3647 935 3712 φασὶν,
972 3644 1218 3710 ἀξιοῦται
1268 3647 1539 3715 τιμωρίας
1581 3649 1610 3696 ὁ
1657 3642 1961 3714 ἐξαμαρτά-

363 3754 469 3790 νων
499 3738 581 3799 εἰς
606 3736 701 3789 τὸν
729 3735 880 3798 Υἱὸν,
908 3736 985 3799 ὡς
1013 3738 1093 3798 είς
1131 3736 1353 3806 μείζονα
1374 3736 1483 3789 τῶν
1509 3734 1962 3805 ἀγγέλων.Τοῦτο

366 3826 424 3880 δὲ
446 3820 609 3880 αὺτὸν
626 3826 688 3879 οὺ
711 3827 933 3889 πάντως
955 3826 1059 3890 ἔξω
1077 3827 1178 3897 τῆς
1200 3829 1337 3899 πρὸς
1357 3828 1623 3896 ἀγγέλους
1642 3827 1962 3898 ὀμογενείας

370 3918 624 3986 γενέσθαι
651 3921 817 3973 ποιεῖ.
837 3917 1145 3986 Ἀναλόγως
1182 3919 1293 3990 γὰρ
1317 3922 1384 3990 τῇ
1416 3920 1630 3989 ἑκάστῳ
1653 3936 1962 3991 χρεωστουσ-

373 4010 511 4081 μένῃ
543 4012 674 4080 τιμῇ
697 4009 792 4064 καὶ
819 4011 852 4080 ὴ
877 4010 960 4073 είς
980 4010 1141 4062 αὐτὸν
1167 4008 1323 4080 ὕϐρις
1348 4011 1716 4079 ὲκμετρεῖται.
1736 4009 1960 4081 Ἐπειδὴ

364 4102 547 4155 τοίνυν
597 4103 866 4172 κρείττων
914 4102 1109 4171 γέγονε
1161 4102 1274 4155 τῶν
1321 4103 1570 4170 ἀγγέλων
1597 4105 1627 4156 ὁ
1663 4103 1811 4167 Υίὸς,
1848 4103 1961 4173 ἔχει

369 4194 684 4267 βαρυτέρως
708 4195 808 4265 τὴν
839 4194 1113 4266 τιμωρίαν
1139 4197 1168 4249 6
1196 4197 1277 4258 είς
1309 4195 1473 4248 αὐτὸν
1506 4195 1923 4265 ἐξαμαρτάνων.

611 4309 769 4375 Πρός
809 4306 998 4363 ταῦτα
1033 4308 1215 4374 ,λύσις
1252 4307 1322 4361 ἐκ
1362 4308 1469 4361 τοῦ
1512 4309 1720 4362 αὐτοῦ.

449 4421 654 4492 Ἐχρῆν
685 4415 778 4475 οὖν
807 4408 899 4473 ἐπὶ
937 4422 1002 4491 τῇ
1054 4419 1363 4491 παραϐάσει
1408 4421 1516 4473 τῶν
1541 4422 1777 4492 νομικῶν
1810 4422 1959 4475 ἐντο-

365 4509 499 4574 λῶν,
542 4510 618 4583 μὴ
642 4510 920 4580 ἀναλόγως
950 4513 1062 4572 τοῖς
1091 4511 1383 4583 πλημμελή
1394 4528 1526 4581 μασι
1553 4512 1651 4576 τὰς
1688 4503 1959 4584 τιμωρίας

365 4602 668 4674 ὁρίζεσθαι,
702 4602 838 4672 μηδὲ
873 4601 1090 4666 πάντως
1133 4601 1211 4672 τῷ
1266 4602 1487 4673 μεγέθει
1539 4603 1639 4674 τῆς
1683 4605 1960 4677 ἁμαρτίας

372 4695 805 4768 συμμετρεῖσθαι
845 4695 945 4768 τὴν
992 4694 1235 4757 κόλασιν,
1267 4694 1400 4748 ἀλλά
1443 4694 1644 4765 μᾶλλον
1683 4696 1961 4768 ὁρίζεσθαι

370 4789 507 4863 πρὸς
531 4790 632 4861 τὴν
659 4788 818 4856 ἀξίαν
839 4786 935 4842 τοῦ
963 4787 1384 4860 διακονήσαντος
1420 4788 1588 4859 αὐτὴν
1612 4790 1868 4857 ἀγγέλου.
1896 4790 1959 4842 Εἰ

367 4880 606 4935 δὲτοῖηο
641 4880 739 4951 μὲν
773 4880 872 4952 οὐχ
910 4879 1129 4951 ὁρῶμεν
1155 4880 1467 4950 γενόμενον,
1506 4875 1585 4942 εἷς
1626 4880 1681 4933 δὲ
1715 4884 1742 4934 6
1771 4881 1959 4950 νόμος,

368 4974 581 5029 πολλῶν
613 4975 782 5028 ὄντων
806 4974 1079 5043 ἀγγέλων,
1108 4973 1202 5026 καὶ
1226 4971 1313 5025 διὰ
1340 4971 1450 5024 τῶν
1478 4971 1657 5025 αὐτῶν
1680 4970 1960 5041 τιμωριῶν

368 5066 550 5137 τρέχει
577 5066 643 5121 τὰ
668 5067 1041 5138 ἁμαρτήματα
1057 5083 1069 5095 ’
1095 5066 1194 5119 οὐκ
1215 5065 1323 5138 ἄρα
1344 5064 1544 5133 ἀληθὲς
1564 5064 1623 5116 τὸ
1646 5065 1957 5133 λεγόμενον,

369 5158 452 5211 ὅτι
494 5158 737 5231 χείρονος
786 5157 1149 5231 ἀξιωθήσεται
1200 5158 1474 5229 τιμωρίας
1523 5159 1550 5210 6
1596 5158 1676 5220 εἰς
1708 5157 1799 5210 τὸν
1834 5156 1959 5210 Υξὸν

371 5251 780 5322 ἐξαμαρτάνων,
814 5253 891 5316 ὼς
939 5252 1018 5315 εἰς
1066 5251 1354 5322 κρείττονα
1384 5248 1492 5302 τῶν
1522 5248 1791 5318 ἀγγέλων,
1833 5247 1961 5302 ἀλλ’

367 5342 445 5406 ὡς
487 5344 569 5408 είς
613 5345 888 5415 έτεροφυᾶ
935 5344 1027 5397 καὶ
1070 5343 1205 5396 πολὺ
1243 5340 1716 5413 παρηλλαγμένον.
1748 5340 1811 5392 Οἱ
1861 5342 1958 5411 μὲν

368 5435 475 5508 γὰρ
494 5437 731 5509 γενητοὶ,
756 5437 785 5490 ὁ
813 5436 871 5489 δὲ
900 5435 1031 5500 Θεὸς
1061 5434 1336 5504 ἀληθινὸς,
1370 5433 1430 5485 οὐ
1460 5432 1566 5485 τῶν
1592 5431 1834 5501 γενητῶν
1856 5426 1955 5497 εἷς,

366 5528 481 5584 οὐδὲ
505 5530 643 5603 πρὸς
677 5529 824 5585 αὐτὰ
851 5528 950 5600 τὴν
984 5528 1273 5600 σύγκρισιν
1305 5527 1472 5599 ἔχων·
1507 5524 1620 5579 ἀλλ’
1647 5525 1866 5594 ὅσῳπερ
1894 5524 1959 5578 ἂν

364 5622 523 5688 αὐτὸς
556 5621 993 5694 ἀξιολογώτερος
1025 5622 1292 5691 φαίνεται,
1328 5620 1567 5690 τοσούτῳ
1616 5617 1825 5689 μείζονι
1867 5620 1958 5671 καὶ

424 5802 467 5853 l'
494 5801 665 5870 Hebr.
705 5818 771 5863 tt,
804 5803 862 5865 ‘2.
894 5803 958 5879 ‘3.
1039 5803 1080 5834 η
1112 5799 1273 5857 llcbr.
1315 5818 1365 5855 x.
1395 5801 1483 5853 28.
1513 5799 1582 5852 29

2067 1934 2257 1989 meiior
2297 1934 2522 2005 angelis,
2569 1937 2941 1991 necessarium
2988 1936 3144 2006 plane
3175 1946 3259 1991 est
3297 1936 3462 1990 etiam
3506 1934 3653 2004 ejus-

2062 2028 2182 2080 dem
2233 2041 2354 2079 cum
2406 2025 2539 2095 ipsis
2584 2037 2792 2082 natum
2849 2043 2971 2083 esse
3002 2027 3463 2098 (comparationes
3507 2026 3650 2081 enim

2064 2118 2204 2173 inter
2235 2133 2321 2172 res
2360 2118 2598 2186 sibiipsis
2641 2119 2849 2175 similes
2878 2121 2991 2175 fieri
3021 2122 3246 2190 solent),
3283 2137 3383 2175 cur
3405 2121 3654 2188 graviore

2061 2211 2327 2281 supplicio
2358 2209 2497 2267 allici
2546 2214 2790 2283 oportuit
2835 2229 2957 2267 eum
2993 2217 3082 2284 qui
3118 2214 3316 2268 Filium
3363 2212 3650 2268 conculca-

2065 2304 2221 2369 verit,
2255 2321 2376 2359 cum
2406 2304 2579 2360 levius
2611 2305 2933 2375 supplicium
2970 2315 3284 2360 mereantur
3307 2305 3396 2375 qui
3429 2303 3654 2375 angelos

2063 2397 2531 2463 conculcaveriut,
2580 2397 3017 2467 transgressione
3048 2397 3183 2463 legis
3215 2413 3312 2467 per
3346 2398 3495 2468 ipsos
3526 2412 3652 2467 pro-

2065 2487 2372 2541 nuntialae?
2393 2487 2527 2541 Nam
2553 2488 2642 2557 qui
2666 2488 2903 2557 aequales
2921 2489 3276 2558 ejusdemque
3300 2488 3501 2557 speciei
3529 2502 3654 2542 con-

2067 2578 2287 2633 tumelia
2334 2576 2524 2647 allicit,
2573 2580 2771 2636 merito
2803 2582 3052 2635 eamdem
3087 2596 3304 2651 pmnam
3341 2589 3652 2635 mereatur:

2062 2684 2297 2737 eumque
2349 2683 2540 2723 eorum
2605 2670 2696 2739 qui
2746 2671 2940 2741 injuria
2983 2671 3160 2727 allecti
3200 2683 3330 2728 sunt
3385 2671 3526 2726 nulla
3589 2671 3655 2724 sit

2065 2760 2395 2827 dill‘erentia,
2436 2761 2703 2832 supplicia
2737 2780 2954 2834 quoque
2983 2765 3210 2836 aequalia
3257 2781 3377 2819 esse
3413 2773 3653 2834 oportet.

2063 2849 2333 2905 Czeterum
2369 2853 2459 2922 qui
2490 2852 2544 2907 in
2587 2853 2784 2908 Filium
2834 2857 3123 2927 delinquit,
3160 2858 3411 2929 graviore
3443 2856 3654 2926 suppli-

2064 2943 2149 2996 cio
2176 2942 2444 3011 allicitnr;
2476 2944 2566 3014 qui
2612 2959 2744 2998 vero
2780 2945 2831 2998 in
2869 2945 3040 3017 legem
3079 2947 3147 3000 ab
3178 2948 3384 3015 angelis
3417 2962 3657 3015 pronun-

2067 3034 2275 3099 tiatam,
2324 3034 2546 3088 leviore.
2592 3033 2708 3089 NOII
2755 3045 2838 3089 est
2877 3036 3039 3104 igitur
3070 3035 3239 3090 Filius
3286 3036 3526 3105 ejusdem
3561 3052 3657 3107 ge-

2068 3127 2215 3180 neris
2258 3141 2380 3180 cum
2419 3126 2645 3195 angelis,
2693 3142 2813 3180 cum
2846 3127 3065 3197 gravius
3102 3128 3171 3182 sit
3217 3128 3472 3181 delictum
3515 3130 3656 3197 quod

1982 3217 2025 3276 C
2062 3213 2114 3267 in
2151 3215 2298 3268 illum
2349 3217 2711 3269 committitur
2741 3231 2902 3285 quam
2936 3218 3079 3287 quod
3120 3217 3171 3272 in
3206 3217 3330 3283 llos,
3360 3227 3413 3271 et
3451 3217 3656 3288 suppli-

2066 3307 2211 3361 cium
2246 3309 2717 3377 preportionatum
2754 3308 3007 3379 gravitati
3043 3310 3224 3365 delicti
3257 3310 3548 3380 irrogetur.

2734 3441 2974 3501 ALIUD.

2302 3548 2387 3606 Ea:
2418 3552 2710 3622 Objection:
2739 3555 3110 3610 hereticorum
3152 3558 3208 3611 in
3238 3559 3400 3612 idem.
3494 3606 3505 3611 ι

2129 3662 2381 3729 Gravius,
2434 3667 2710 3737 inquiunt,
2761 3672 2984 3741 punitur
3024 3673 3113 3737 qui
3161 3674 3430 3743 delinquit
3466 3674 3519 3726 in
3564 3671 3655 3725 Fi-

2062 3754 2218 3822 lium,
2247 3761 2626 3818 ut,maxitnum
2657 3766 2996 3832 angelorum.
3022 3766 3290 3819 Caeterum
3317 3783 3421 3819 non
3453 3767 3656 3819 idcirco

2062 3847 2261 3902 desinit
2292 3866 2417 3906 esse
2460 3853 2707 3923 ejusdem
2739 3858 2955 3923 generis
2992 3874 3112 3925 eum
3148 3859 3375 3923 angelis.
3412 3858 3543 3910 Nam
3589 3873 3653 3909 ex

2063 3936 2271 3993 hunore
2326 3941 2418 4009 qui
2456 3944 2689 4011 singulis
2732 3945 2978 4007 debetur,
3028 3948 3355 3996 contumelia
3395 3947 3556 3997 etiam
3602 3948 3649 3997 ei

2062 4028 2222 4083 allata
2253 4034 2577 4087 aestimatur.
2607 4036 2741 4088 Cum
2772 4036 2939 4102 igitur
2974 4036 3149 4088 lactus
3177 4037 3245 4086 sit
3269 4035 3436 4088 Filius
3463 4036 3653 4089 melior

2062 4123 2288 4190 angelis,
2321 4124 2484 4193 207
2514 4126 2734 4192 gravius
2778 4141 2993 4195 quoque
3046 4127 3369 4196 supplicium
3418 4132 3652 4185 sumitur

2063 4212 2129 4268 de
2152 4229 2220 4269 eo
2251 4217 2340 4283 qui
2372 4216 2423 4268 in
2458 4216 2633 4285 ipsum
2664 4227 2875 4284 peccat.

2408 4326 2620 4381 Salutio
2663 4328 2970 4399 objectionis
2999 4348 3062 4385 ex
3096 4333 3299 4385 eodem.

2132 4439 2380 4507 Oportuit
2427 4439 2611 4510 itaque
2648 4442 2698 4495 in
2754 4447 3187 4513 transgressione
3218 4446 3470 4514 legalium
3509 4464 3648 4516 pne-

1992 4540 2342 4627 Dceptorum
2397 4550 2499 4587 non
2540 4534 2771 4604 irrogari
2815 4552 3006 4605 pmnas
3055 4538 3268 4594 delictis
3302 4541 3652 4610 proportione

2066 4626 2497 4693 reSpondentes;
2548 4643 2723 4697 neque
2774 4630 2997 4682 omnino
3048 4632 3369 4699 supplicium
3429 4641 3652 4700 peccata

2062 4717 2522 4779 commensurari,
2558 4718 2651 4772 sed
2695 4720 2872 4789 potius
2920 4735 3018 4787 pro
3047 4722 3309 4788 dignitate
3353 4721 3524 4787 angeli
3579 4719 3654 4771 le-

2063 4822 2180 4873 gem
2216 4807 2647 4863 atlministrantis
2688 4811 2788 4864 hoc
2814 4811 3066 4865 delinire.
3101 4811 3169 4875 At
3196 4826 3325 4863 vero
3358 4810 3399 4861 si
3436 4825 3538 4861 non
3582 4809 3650 4860 ita

2061 4884 2264 4950 factum
2293 4914 2413 4953 esse
2442 4902 2717 4955 cernimus
2747 4920 2759 4955 :
2794 4918 2898 4954 una
2933 4910 3113 4955 autem
3147 4911 3231 4956 est.
3261 4902 3370 4963 lex,
3401 4915 3523 4952 cum
3555 4914 3652 4952 an-

2062 4988 2162 5059 geli
2196 4990 2302 5044 sint
2339 4991 2516 5055 multi,
2548 5003 2708 5058 atque
2737 4993 2925 5046 iisdem
2954 4996 3130 5061 pmnis
3162 5002 3381 5061 peccata
3419 4993 3652 5061 puniun-

2070 5091 2198 5135 tur:
2236 5097 2339 5135 non
2394 5093 2475 5136 est
2530 5084 2695 5151 igitur
2730 5101 2913 5139 verum
2963 5086 3091 5139 illud
3140 5087 3365 5145 dictum,
3405 5085 3651 5152 graviore

2067 5174 2330 5243 supplicio
2361 5174 2583 5243 dignum
2632 5192 2753 5230 esse
2797 5177 2883 5244 qui
2919 5177 2970 5229 in
3007 5177 3203 5231 Filium
3244 5177 3554 5247 deliquerit,
3595 5188 3651 5232 ut

2067 5264 2118 5316 in
2168 5263 2461 5318 maximum
2497 5265 2834 5333 angelorum,
2873 5268 2965 5320 sed
3001 5279 3057 5320 ιιι
3092 5268 3144 5321 in
3193 5284 3259 5323 eo
3290 5271 3378 5336 qui
3426 5269 3651 5325 alterius

2067 5362 2270 5406 natura!
2321 5354 2584 5424 sitquam
2632 5356 2832 5426 angeli,
2893 5359 3228 5426 multumque
3275 5360 3341 5411 ab
3369 5360 3445 5410 eis
3495 5359 3645 5413 tlill'e-

2066 5453 2171 5499 rat.
2226 5443 2362 5498 Nam
2409 5448 2589 5517 angeli
2643 5450 2812 5504 creati
2863 5462 3025 5513 sunt,
3060 5451 3229 5505 Filius
3260 5459 3440 5504 autem
3488 5465 3648 5503 verus

2066 5534 2229 5602 Deus,
2262 5552 2367 5590 non
2401 5554 2540 5593 untts
2574 5554 2641 5593 ex
2670 5540 2890 5605 creatis,
2931 5557 3108 5612 neque
3140 5542 3431 5612 quidquam
3469 5543 3645 5597 simile

2067 5639 2188 5676 cum
2221 5623 2301 5679 eis
2327 5624 2574 5693 habens;
2608 5626 2702 5682 sed
2739 5639 2943 5698 quanto
2971 5630 3086 5701 ipse
3117 5641 3200 5687 est
3227 5631 3439 5703 dignior
3478 5642 3643 5700 atque
