4078 6260
475 358 577 413 3"“

1478 367 1535 422 S.
1579 367 1855 424 CYRlLLI
1903 369 2374 427 ALEXANDRINI
2416 374 2738 431 ARClllEP.

3643 378 3763 434 55‘1‘

477 479 865 547 excellentior,
924 491 1075 539 tanto
1135 485 1323 554 majori
1385 486 1733 556 graviorique
1783 487 2055 556 supplicio

2175 491 2515 564 (αλεπωτέρᾳ
2537 494 2778 566 τιμωρίᾳ
2805 492 3110 548 ὑπεύθυνον
3127 493 3260 548 ὄντα
3283 494 3546 548 δεικνύων
3570 495 3662 550 τὸν
3682 497 3762 550 τὰ

477 571 770 626 obnoxium
800 591 918 631 esse
943 578 1224 634 declarans
1247 596 1366 634 eum
1400 580 1489 649 qui
1519 580 1771 634 mandata
1809 595 1909 635 sua
1938 580 2056 637 lue-

480 665 546 716 rit
590 675 982 734 transgressus.

476 801 708 878 Αιιυο,
751 807 1062 878 ειτγὶίδάρηι,
1097 807 1234 874 quod
1269 807 1405 860 bona
1441 810 1507 860 sit
1547 808 1934 878 ntilissimaqne
1962 815 2060 865 ad-

549 875 997 943 ministrationum
1040 879 1386 942 comparatio,
1425 879 1731 943 anqelornm
1779 875 1980 935 scilicet
2010 894 2056 936 et

551 940 704 1005 Filii,
755 947 851 1018 rint
900 946 1036 998 vocis
1075 965 1093 995 ι
1125 940 1310 1018 nielior
1337 940 1706 1015 simpl—anatis.
1749 951 1866 1016 Quo
1907 963 2056 1018 parto

545 1018 682 1065 enim
727 1015 909 1066 melior
944 1018 1144 1085 angelis
1186 1017 1275 1079 sit,
1306 1028 1352 1070 et
1389 1032 1609 1088 quanto,
1647 1037 1710 1074 ea:
1759 1015 1824 1076 iis
1860 1015 2058 1076 intelli-

548 1099 744 1152 gemas.

545 1214 728 1282 Angeli
750 1215 921 1287 legem
942 1219 1263 1286 edixerunt;
1292 1224 1386 1277 sed
1423 1223 1505 1279 lex
1559 1225 1691 1279 nihil
1729 1225 1956 1294 perfecit
1986 1229 2053 1281 ’⁵.

470 1307 643 1364 Filius
686 1321 866 1363 autem
917 1313 1143 1381 perfecit
1186 1330 1322 1383 OpllS
1358 1315 1557 1371 Patris.
1595 1318 1873 1375 Perfectus
1914 1321 2055 1376 enim

471 1412 553 1454 est
592 1401 642 1453 in
687 1401 884 1468 pietate
909 1403 998 1471 qui
1034 1403 1204 1472 ipsius
1245 1405 1453 1476 legibus
1490 1409 1789 1464 instructus
1821 1421 1923 1464 est.
1950 1409 2056 1465 Rc-

472 1493 658 1561 gnavit
677 1508 820 1549 mors
838 1496 1001 1550 etiam
1023 1497 1154 1567 legis
1177 1507 1447 1568 tempore:
1473 1502 1726 1556 nimirum
1749 1504 1844 1557 «ab
1864 1505 2055 1569 Adam,

477 1585 682 1652 inquit,
715 1601 886 1656 usque
920 1587 984 1640 ad
1007 1587 1188 1642 Mosen
1225 1590 1290 1644 ¹⁶.
1323 1609 1342 1641 ι
1367 1592 1578 1648 Abolita
1604 1605 1783 1648 autem
1805 1605 1888 1648 est
1913 1611 2058 1649 mors

478 1693 564 1744 pet
643 1678 962 1746 Christum;
1033 1698 1207 1751 neque
1257 1684 1402 1738 enim
1461 1687 1694 1754 amplius
1769 1688 1820 1740 in
1886 1688 2055 1741 Adam

480 1774 746 1826 morimur
780 1815 794 1837 ,
847 1779 940 1830 sed
993 1777 1042 1828 in
1093 1779 1314 1832 Christo
1368 1779 1715 1833 vivilicatnnr
1746 1781 1808 1832 ‘7.
1851 1783 1894 1834 A
1946 1784 2055 1834 Dan

2161 583 2326 637 αὑτοῦ
2363 586 2792 655 παραϐαίνοντα.

2159 809 2366 868 AAAO,
2389 809 2456 861 ἐκ
2481 809 2599 862 τῶν
2626 809 2856 874 αὺτώνξ,
2885 809 2972 863 ὅτι
3009 809 3168 877 κα.ὶὴ
3195 809 3292 863 καὶ
3327 809 3768 879 χρησιμωτάτη,

2235 879 2348 931 τῶν
2383 879 2702 932 διακονιῶν
2736 881 2772 946 ἡ
2806 881 3145 949 σύγκρισις,
3178 880 3288 947 τῆς
3316 899 3380 934 τε
3425 879 3544 934 τῶν
3577 879 3754 948 ἀγγέ-

2229 954 2355 1003 λων
2387 951 2480 1002 καί
2515 951 2618 1004 τοῦ
2661 951 2814 1013 Υἰοῦ,
2847 952 2952 1004 τοῦ
2999 971 3016 1001 ‹
3058 952 3340 1017 κρείττων
3367 971 3384 1002 ›
3425 950 3541 1016 τὴν
3573 951 3758 1004 δύναη

2224 1037 2332 1089 μιν
2361 1021 2795 1088 ἑρμηνεύουσιι.
2838 1021 2972 1084 Πῶς
2993 1022 3103 1089 γὰρ
3128 1021 3410 1091 κρείττων
3437 1020 3558 1074 τῶν
3579 1021 3755 1091 d776-

2228 1097 2355 1144 λων
2387 1092 2517 1144 ἐστὶ
2547 1093 2645 1144 καὶ
2673 1093 2890 1154 πόσον,
2923 1091 2991 1154 ἐξ
3023 1090 3224 1146 αὐτῶν
3249 1093 3626 1160 γνωσόμεθα.

2235 1225 2491 1294 Ἄγγελοι
2523 1223 2614 1279 τὸν
2650 1225 2812 1295 νόμον
2850 1226 3142 1297 ἐλάλησαν,
3170 1225 3284 1279 ἀλλ’
3319 1226 3472 1279 οὐδὲν
3513 1227 3754 1279 ἐτελείω-

2163 1317 2491 1387 σενόνόμος.
2510 1317 2567 1369 Ὀ
2591 1317 2645 1370 δὲ
2660 1317 2784 1380 Υίὸς
2813 1318 3095 1370 ἐτελείωσε
3119 1318 3178 1369 τὸ
3203 1317 3364 1384 ἔργον
3393 1318 3488 1370 τοῦ
3516 1319 3747 1390 Πατρός.

2160 1407 2377 1471 Τέλειος
2410 1410 2518 1480 γὰρ
2552 1410 2630 1472 εἰς
2660 1409 2939 1463 εὐσέϐειαν
2976 1411 3004 1462 6
3031 1411 3142 1471 τοῖς
3169 1408 3333 1462 αὑτοῦ
3361 1410 3549 1476 νόμοις
3589 1411 3748 1464 παιδ-

2161 1501 2964 1572 αγωγούμενος.Ἐϐασίλευσεν
3007 1505 3034 1555 6
3070 1502 3301 1565 θάνατος
3350 1502 3445 1554 καὶ
3493 1503 3635 1555 κατᾶ
3663 1506 3750 1555 τὸν

2159 1593 2446 1664 τοῦ,νόμου
2471 1596 2678 1666 καιρόν·
2706 1613 2724 1646 ι
2750 1597 2808 1648 Ἀ
2821 1597 2883 1648 πὸ
2900 1596 3009 1666 γὰρ
3051 1594 3244 1664 ’Λδὰμη
3281 1595 3438 1665 φησὶ,
3471 1596 3567 1648 καὶ
3591 1596 3750 1666 μέχρι

2160 1687 2422 1752 Μωσέως.
2454 1706 2472 1739 ι
2508 1689 2740 1742 Λέλυται
2770 1689 2824 1741 δὲ
2866 1689 3091 1751 θάνατος
3128 1688 3217 1740 διὰ
3258 1687 3499 1759 Χριστοῦ
3524 1706 3537 1719 ο
3571 1687 3750 1741 οὐκέτι

2161 1780 2270 1849 γὰρ
2321 1782 2378 1832 ἐν
2422 1779 2590 1849 Ἀδὰμ
2629 1780 3070 1852 ἀποθνήσκομεν,
3108 1780 3223 1832 ἀλλ’
3251 1781 3309 1831 ἐν
3344 1779 3567 1851 Χριστῷ
3617 1778 3748 1843 ζωο-

477 1867 544 1917 ad
588 1865 853 1922 Bersabee
905 1868 1094 1934 legali:
1167 1873 1807 1941 prmcepta‘denuntiata
1882 1884 2012 1928 sunt
2041 1915 2054 1937 ,

2175 1869 2479 1941 ποιούμεθα.
2503 1869 2636 1922 Ἀπὸ
2677 1870 2784 1923 Δάν
2837 1871 2930 1923 καὶ
2975 1871 3079 1933 ἕως
3117 1871 3406 1940 Βηρσαϐεέ
3441 1872 3509 1924 τὰ
3555 1872 3752 1940 νομικὶ

476 1965 700 2026 eratque
725 1959 776 2010 in
806 1959 919 2013 sola
946 1959 1129 2015 Jutlma
1159 1973 1317 2016 notus
1365 1962 1503 2016 Deus
1531 1962 1593 1993 ¹⁷¹
1623 1981 1636 2016 :
1669 1979 1810 2016 nunc
1841 1978 1965 2017 vero
2000 1964 2052 2017 in

474 2065 690 2105 omnem
724 2061 926 2106 terram
965 2054 1134 2108 exivit
1163 2070 1328 2110 sonus
1359 2055 1476 2124 ejus
1501 2055 1565 2121 ¹⁸,
1600 2070 1898 2126 omnesque
1930 2057 2058 2111 edo-

475 2143 549 2196 cti
578 2153 704 2197 sunt
751 2160 779 2196 a
811 2143 944 2209 Deo,
979 2162 1084 2200 non
1131 2147 1199 2201 ab
1239 2147 1468 2216 angelis,
1505 2147 1599 2203 sed
1634 2164 1660 2201 a
1693 2147 1800 2202 Deo
1837 2147 1924 2200 "'.
1966 2150 2054 2203 Dei

476 2235 620 2288 enim
651 2236 814 2288 etiam
837 2234 919 2290 lex
935 2245 1035 2298 est.
1060 2239 1154 2292 sed
1184 2239 1516 2306 perangelos
1545 2239 1755 2308 prolata
1787 2241 1828 2272 ¹⁹
1851 2256 1867 2304 ;
1891 2239 2058 2295 Filius

477 2335 656 2378 antem
692 2325 865 2394 inquit
893 2343 905 2380 :
944 2345 964 2378 ι
1009 2328 1118 2397 Ego
1141 2329 1255 2398 ipse
1289 2329 1513 2399 loquens
1538 2329 1727 2384 adsum
1755 2331 1840 2384 "'.
1874 2350 1891 2382 ι
1916 2332 2060 2398 Quo-

473 2415 642 2478 circa,
670 2413 826 2483 juxta
852 2413 1001 2469 Pauli
1030 2420 1382 2483 sententiam,
1411 2428 1612 2488 quanto
1637 2418 2058 2477 diﬂ'erentiorem

475 2515 669 2560 nactus
696 2515 779 2562 est
801 2509 1352 2576 administrationem,
1385 2522 1440 2566 et
1474 2523 1678 2579 quanto
1710 2515 1951 2571 melioris
1979 2525 2060 2568 te-

476 2600 730 2655 stamenti
775 2616 1005 2670 sponsor
1044 2601 1222 2657 factus
1251 2613 1335 2658 est
1360 2605 1429 2670 ¹⁰,
1469 2614 1619 2661 tanto
1659 2607 1823 2660 etiam
1874 2609 2058 2663 excel-

478 2692 680 2746 lentior
702 2694 808 2746 erit
832 2695 1040 2765 angelis
1071 2713 1085 2749 :
1118 2711 1227 2750 non
1260 2697 1471 2752 ratione
1490 2707 1699 2753 natura:
1727 2701 1807 2755 eis
1837 2715 2059 2771 compa-

479 2793 654 2850 ratus,
685 2787 778 2840 sed
814 2794 965 2842 tanto
997 2790 1246 2857 superior
1276 2801 1478 2859 quanto
1505 2791 1647 2847 Deus
1676 2795 1925 2849 essentiae
1967 2811 2057 2850 ra-

483 2879 626 2933 tione
645 2889 824 2934 creata
855 2881 1149 2936 antecellit.
1178 2881 1355 2938 Diclio
1386 2884 1568 2952 itaque
1591 2885 1726 2951 haec,
1749 2905 1766 2937 ι
1794 2887 2010 2953 melior,
2036 2907 2056 2939 ι

482 2976 548 3028 ad
597 2975 1125 3030 administrationem
1178 2976 1368 3042 relata,
1427 2989 1628 3048 quanto
1677 2993 1796 3033 eam
1846 2980 2060 3034 illorum

480 3069 950 3124 administratione
1000 3071 1435 3140 pra‘stantiorem
1487 3072 1894 3142 diguioremque
1941 3089 2062 3128 esse

477 3163 746 3226 ostendit,
786 3171 937 3215 tanto
969 3163 1137 3234 magis
1176 3161 1369 3216 Filium
1410 3179 1572 3232 supra
1616 3175 1854 3218 creatam
1905 3174 2064 3219 natu-

477 3267 595 3308 ram
630 3254 863 3309 extollit.
901 3253 966 3308 Et
1011 3230 1218 3323 angelis
1247 3230 1660 3326 quidem—208
1687 3267 1744 3309 ut
1779 3258 1955 3312 servis
1988 3259 2066 3312 in-
2094 3230 2136 3287 θ’

481 3345 738 3399 feriorem
809 3345 1338 3401 administrationem
1406 3348 1640 3414 tribuit,
1683 3347 1820 3403 Filio
1887 3359 2067 3405 autem

480 3454 601 3492 eam
638 3453 759 3507 qua:
785 3437 926 3495 Filio
955 3446 1010 3493 et
1040 3439 1268 3493 Domino
1301 3451 1586 3510 congruat.
1619 3440 1754 3497 Nam
1794 3443 1846 3497 in
1881 3443 2070 3499 melio-

483 3532 652 3594 ribus,
698 3540 756 3584 nt
791 3531 965 3601 inquit
992 3529 1295 3602 Scriptura,
1332 3534 1848 3602 repromissionibus
1892 3536 2071 3591 sanci-

485 3634 573 3679 tus
607 3634 692 3678 cst
717 3624 782 3676 ".

483 3758 732 3823 ALIUD,
778 3760 919 3830 quod
968 3761 1155 3814 melior
1197 3764 1262 3816 sit
1322 3760 1417 3815 Dei
1466 3760 1622 3815 Verbi
1677 3765 2072 3820 administratio

552 3848 710 3903 quam
759 3832 1097 3903 angelorum,
1144 3834 1304 3885 etiam
1363 3834 1484 3885 aliis
1529 3834 1702 3886 modis
1732 3849 1748 3886 :
1778 3845 1825 3886 et
1873 3847 2070 3903 quanto

554 3902 740 3956 melior
767 3913 839 3954 est
873 3902 1288 3967 administratio,
1321 3912 1462 3957 tanta
1498 3915 1543 3957 et
1580 3902 2071 3959 administratorem

560 3974 828 4027 meliorem
860 3989 992 4027 esse.

558 4109 756 4164 Paulus
804 4109 882 4164 ait
929 4129 944 4165 :
997 4109 1312 4177 «Quoniam
1359 4110 1501 4179 quod
1558 4109 1896 4181 impossibile
1954 4122 2072 4167 erat

487 4201 613 4272 legi,
643 4203 698 4256 in
733 4217 841 4271 quo
877 4203 1256 4258 inlirmabatur
1300 4219 1396 4272 per
1420 4206 1673 4269 carnem,
1711 4205 1851 4260 Deus
1877 4202 2070 4258 Filium

488 4310 646 4346 suum
677 4296 898 4347 mittens
927 4294 978 4346 in
1006 4294 1418 4348 similitudinem
1443 4295 1626 4349 carnis
1658 4296 1886 4364 peccati,
1923 4305 1978 4350 et
2007 4297 2074 4350 de

491 4396 716 4455 peccato
743 4385 1016 4438 damnavit
1055 4395 1334 4455 peccatum
1372 4386 1426 4439 in
1467 4401 1655 4451 carne,
1691 4397 1748 4440 tit
1794 4388 2071 4457 signiﬁca-

493 4480 568 4534 tio
607 4478 744 4548 legis
797 4479 1115 4546 impleretur
1150 4479 1202 4534 in
1255 4479 1432 4542 nobis,
1484 4479 1573 4547 qui
1623 4494 1726 4556 non
1777 4481 2072 4534 secundum

2165 1964 2566 2034 προστάγματα
2594 1963 2961 2034 διηγγέλλετο,
2995 1965 3089 2016 καὶ
3131 1959 3199 2034 ἦν
3250 1965 3307 2015 ὲν
3356 1964 3488 2035 μόνῃ
3517 1967 3582 2034 τῇ
3625 1963 3748 2016 Ἰου-

2163 2058 2289 2129 δαίᾳ
2317 2057 2556 2125 γνωστὸς
2579 2060 2607 2110 6
2641 2057 2773 2120 Θεός
2797 2072 2811 2084 ·
2845 2057 2961 2109 νυνὶ
2989 2056 3045 2109 δὲ
3077 2058 3157 2120 είς
3189 2057 3364 2109 πᾶσαν
3398 2056 3496 2126 τὴν
3535 2058 3638 2124 γῆν
3670 2055 3748 2120 ἐξ·

2163 2151 2328 2220 ἦλθεν
2352 2152 2380 2202 6
2410 2149 2647 2220 φθόγγος
2682 2149 2868 2213 αὑτοῦ,
2888 2150 2983 2203 καὶ
3013 2150 3270 2218 γεγόνασι
3296 2149 3489 2211 πάντες
3506 2148 3739 2200 διδακτοὶ

2165 2241 2322 2308 Θεοῦ,
2361 2244 2462 2296 οὑκ
2495 2242 2761 2311 ἀγγέλων,
2791 2243 2924 2297 ἁλλᾶ
2956 2241 3111 2296 Θεοῦ.
3146 2241 3279 2294 Θεοῦ
3327 2240 3420 2310 μὲν
3462 2241 3568 2312 γὰρ
3597 2243 3689 2292 καὶ
3713 2243 3738 2293 ὀ

2166 2335 2349 2406 νόμος,
2388 2335 2523 2390 ἀλλὰ
2556 2336 2622 2389 δι’
2655 2336 2937 2406 ἀγγέλων·
2975 2338 3003 2390 6
3031 2338 3086 2390 δὲ
3121 2337 3248 2400 Υἱός
3300 2353 3460 2406 φησιν
3482 2353 3494 2366 °
3530 2355 3546 2386 ι
3582 2335 3743 2398 Ali-:6;

2165 2427 2194 2479 6
2222 2426 2398 2480 λαλῶν
2429 2427 2679 2498 πάρειμι.
2715 2447 2733 2479 ι
2793 2428 3003 2482 Οὐκοῦν
3056 2427 3199 2482 κατὰ
3245 2427 3342 2498 τὴν
3398 2428 3492 2479 τοῦ
3541 2427 3750 2480 Παύλου

2168 2518 2376 2588 φωνὴν,
2409 2517 2518 2588 ὅσῳ
2543 2517 2956 2589 διαφορωτέρας
2977 2516 3243 2588 τετύχηκε
3263 2515 3629 2587 λειτουργίας,
3668 2514 3755 2566 καὶ

2168 2606 2276 2677 ὅσῳ
2321 2608 2628 2678 κρείττονος
2673 2607 2939 2679 διαθήκης
2981 2607 3203 2676 γέγονεν
3253 2605 3472 2675 ἔγγυος,
3508 2605 3756 2658 τοσοῦτον

2169 2701 2424 2771 ὑπερέξει
2453 2702 2578 2764 τοὺς
2608 2701 2893 2770 ἀγγέλους,
2922 2701 3020 2771 οὑχ
3046 2701 3122 2764 ὠς
3153 2701 3287 2772 πρὸς
3316 2703 3516 2764 αὐτοὺς
3541 2716 3761 2769 συγκρι-

2169 2793 2390 2863 νόμενος
2409 2793 2551 2846 κατὰ
2563 2792 2660 2863 τὴν
2682 2792 2864 2863 φύσιν,
2884 2792 3020 2847 ἀλλὰ
3035 2793 3288 2846 τοσοῦτον
3304 2792 3759 2863 ὑπεραιρόμενος,

2169 2885 2291 2939 ὅσον
2324 2884 2631 2955 ἀπῴκισται
2683 2885 2790 2952 τῶν
2837 2887 3082 2954 γενητῶν
3115 2887 3142 2938 6
3175 2885 3306 2949 Θεὸς
3336 2886 3481 2939 κατά
3529 2883 3624 2938 τὸν
3668 2884 3764 2953 τῆς

2169 2980 2359 3042 οὐσίας
2391 2978 2566 3047 λόγον.
2599 2980 2672 3032 Τὸ
2700 2980 2808 3050 ἄρα
2849 2999 2867 3031 ι
2897 2981 3160 3049 κρείττων
3187 2998 3204 3029 ι
3233 2980 3326 3032 ἐπὶ
3355 2980 3454 3049 τῆς
3489 2977 3766 3038 διακονίας

2171 3071 2493 3144 φερόμενον,
2523 3073 2646 3125 ὅσον
2687 3072 2856 3144 αὑτὴν
2888 3072 2986 3142 τῆς
3017 3071 3242 3124 ἐκείνων
3271 3070 3507 3124 δεικνύει
3543 3069 3767 3140 μείζονα

2171 3166 2268 3218 καὶ
2315 3164 2672 3236 ὑψηλοτέραν,
2703 3164 2957 3218 τοσοῦτον
3002 3164 3210 3234 ἐξαίρει
3243 3163 3342 3233 τῆς
3381 3163 3490 3216 τῶν
3520 3161 3766 3232 γενητῶν

2171 3257 2390 3327 φύσεως
2434 3256 2527 3310 τὸν
2553 3255 2699 3309 Υίόν.
2727 3256 2838 3309 Καὶ
2883 3257 2996 3318 τοῖς
3034 3254 3132 3325 μὲν
3174 3255 3428 3324 ἀγγέλοις
3455 3255 3531 3317 ὼς
3561 3252 3768 3316 δούλοις

2169 3351 2434 3420 ἀπονέμει
2483 3349 2760 3403 διακονίαν
2811 3348 2911 3419 τὴν
2955 3346 3248 3400 ἐλάττονα·
3293 3345 3375 3416 τῷ
3417 3346 3473 3398 δὲ.
3501 3344 3637 3414 Υίῷ,
3668 3346 3768 3412 τὴν

2171 3442 2286 3513 Υίῷ
2335 3442 2655 3512 πρέπουσαν
2703 3441 2799 3495 καὶ
2847 3438 3260 3510 Δεσπὸτῃ.Ἐπὶ
3304 3438 3414 3510 γὰρ
3466 3439 3765 3510 κρείττοσι,

2173 3534 2360 3607 φησὶν,
2397 3533 2754 3603 ἐπαγγελίαις
2786 3531 3231 3603 νενομοθέτηται.

2173 3759 2376 3824 ΑΛΛΟ,
2407 3759 2495 3812 ὅτι
2537 3759 2817 3827 κρείττων
2844 3760 2882 3828 ἡ
2929 3760 3035 3814 τοῦ
3075 3759 3222 3811 Θεοῦ
3254 3759 3450 3824 Λόγου
3490 3755 3762 3808 διακονία

2247 3828 2356 3896 τῆς
2401 3829 2520 3882 τῶν
2569 3829 2860 3899 ἀγγέλων,
2896 3831 2994 3884 καὶ
3025 3831 3154 3883 καθ’
3183 3828 3422 3894 ἑτέρους
3467 3830 3759 3894 τρόπους·

2244 3899 2370 3966 ὅσῳ
2402 3899 2470 3952 δὲ
2501 3902 2785 3968 κρείττων
2812 3901 2987 3968 αὕτη,
3033 3899 3304 3964 τοσούτῳ
3341 3899 3439 3951 καὶ
3492 3903 3524 3952 ὀ
3574 3899 3769 3950 διακο-

2244 3970 2446 4036 νήσας
2473 3972 2680 4024 αὐτόν.

2255 4106 2318 4160 Ὀ
2349 4106 2561 4170 Παῦλός
2593 4123 2758 4177 φησιν
2777 4124 2790 4136 ο
2834 4108 2990 4159 «Ὅτι
3015 4107 3076 4160 τὸ
3103 4107 3368 4160 ἀδύνατον
3398 4103 3494 4157 τοῦ
3526 4103 3694 4173 νόμον.)
3717 4104 3772 4154 ἐν

2173 4193 2218 4267 ᾧ
2247 4198 2464 4271 ἠσθένει
2510 4199 2599 4252 διά
2639 4199 2741 4269 τῆς
2778 4201 3001 4271 σαρκὸς,
3046 4203 3075 4255 6
3125 4200 3258 4264 Θεὸς
3301 4199 3390 4252 τὸν
3425 4198 3618 4251 ἑαυτοῦ
3648 4197 3775 4249 Υίὲν

2176 4293 2400 4362 πέμψας
2445 4295 2504 4346 ὲν
2547 4292 2853 4364 ὁμοιώματι
2905 4291 3108 4364 σαρκὸς
3157 4291 3453 4364 ἁμαρτίας,
3495 4291 3587 4344 καὶ
3643 4290 3770 4358 περὶ

2177 4385 2454 4455 ἁμαρτίας
2485 4383 2778 4455 κατέκρινε
2814 4384 2917 4454 τὴν
2949 4385 3224 4455 ἁμαρτίαν
3256 4385 3312 4435 ἐν
3345 4387 3409 4453 τῇ
3439 4381 3614 4447 σαρκί.
3651 4399 3668 4429 ι
3705 4379 3767 4432 Εἰ

2175 4475 2231 4527 δὲ
2253 4473 2552 4545 ἠσθένησεν
2579 4477 2606 4528 6
2631 4475 2795 4546 νόμος
2826 4479 3157 4548 κατακρῖναι
3187 4476 3284 4548 τὴν
3311 4475 3584 4547 ἁμαρτίαν
3613 4474 3669 4524 ὲν
3699 4474 3770 4540 τῇ

489 4588 710 4626 carnem
759 4571 1118 4634 ambulamus,
1179 4569 1276 4625 sed
1321 4573 1616 4624 secundum
1657 4570 1921 4639 Spiritum
1949 4573 2016 4624 ".
2050 4589 2066 4622 i

2181 4565 2368 4636 σαρκὶ,
2405 4567 2696 4638 κατέκρινε
2726 4568 2782 4622 δὲ
2813 4570 2840 4621 6
2874 4569 3129 4640 Χριστὸς,
3152 4569 3414 4638 δεκτικὴν
3441 4567 3612 4637 αὐτὴν
3643 4567 3775 4621 ἀπο-

489 4669 642 4735 Quod
675 4667 718 4722 si
753 4666 838 4721 lex
879 4682 982 4720 non
1014 4665 1189 4734 potuit
1214 4675 1494 4735 peccatum
1527 4664 1578 4718 in
1611 4680 1776 4718 carne
1808 4665 2073 4719 condem-

490 4775 641 4825 nare,
694 4758 1081 4814 condemnavit
1149 4766 1332 4810 autem
1398 4754 1683 4819 Christus;
1738 4757 1937 4824 quippe
1982 4755 2073 4823 qui

489 4868 710 4910 carnem
753 4851 990 4922 Spiritus
1028 4851 1201 4905 sancti
1231 4862 1486 4917 capacem
1515 4844 1716 4911 elTecit,
1759 4846 1831 4899 ita
1863 4858 1920 4899 ut
1951 4861 2072 4913 pose

489 4951 660 5001 simus
701 4945 883 4999 dicere
915 4962 927 4998 :
957 4941 1075 4996 .lam
1129 4957 1234 4996 non
1283 4954 1472 4994 sumus
1521 4939 1573 4992 in
1623 4953 1822 5000 carne,
1878 4939 1970 4992 sed
2019 4937 2072 4990 in

491 5041 696 5110 Spiritu
719 5039 764 5069 ”
793 5057 806 5092 :
843 5037 1016 5090 l'aelus
1053 5035 1216 5104 igitur
1249 5041 1334 5088 est
1365 5032 1528 5085 etiam
1571 5032 1671 5085 liac
1713 5031 1924 5085 ratione
1957 5045 2072 5084 me-

491 5134 589 5185 lior
616 5130 824 5200 angelis
851 5144 946 5197 per
971 5143 1105 5197 quos
1136 5127 1219 5182 lex
1250 5125 1397 5180 edita
1430 5133 1513 5179 est
1543 5141 1555 5176 :
1583 5133 1638 5178 et
1667 5138 1879 5176 rursum
1910 5138 2071 5174 inun-

489 5228 590 5278 ilus
633 5222 734 5277 sub
761 5221 876 5290 lege
924 5221 1323 5275 condemnatus
1372 5225 1456 5272 est
1503 5225 1723 5284 propter
1761 5223 2072 5284 peccatum.

491 5312 727 5366 Advenit
777 5318 957 5362 autem
998 5307 1169 5362 Filius
1208 5324 1315 5361 non
1365 5316 1419 5360 ul
1470 5306 1759 5360 damnaret
1792 5307 2073 5369 mundum,

494 5404 589 5460 sed
616 5412 678 5457 ut
703 5401 941 5456 salvaret
969 5399 1227 5453 mundum
1249 5398 1321 5465 ",
1350 5412 1523 5466 neque
1547 5395 1867 5474 supplicium
1899 5405 2077 5450 sumat

495 5498 570 5551 de
592 5505 841 5566 peccato,
888 5494 980 5548 sed
1017 5502 1074 5545 tit
1109 5499 1454 5560 peccatorum
1492 5488 1868 5543 remissionem
1898 5489 2078 5541 omni-

499 5589 599 5644 bus
628 5587 912 5657 largiatur.
950 5584 1140 5640 Melior
1173 5584 1339 5652 igitur
1369 5591 1453 5636 est
1480 5580 1571 5650 qni
1598 5579 1880 5648 jtistiﬁcat,
1917 5596 2076 5650 quam

573 5704 615 5734 "
641 5701 808 5757 Hebr.
843 5715 937 5760 vti,
979 5697 1062 5751 l9.
1135 5698 1177 5725 ¹⁶
1210 5697 1365 5750 Rom.
1405 5713 1456 5759 v,
1490 5698 1575 5749 14.

505 5774 570 5810 ια’
601 5773 736 5830 Joan
791 5787 840 5823 vi
867 5810 880 5830 ,
922 5769 1007 5822 45.
1096 5767 1136 5796 ¹⁹
1177 5764 1295 5816 Gal.
1324 5780 1417 5830 iit,
1467 5769 1551 5821 10.

505 5850 559 5913 5,
589 5847 641 5901 lt.
720 5843 762 5874 ²³
789 5842 914 5897 ibid.
945 5840 999 5894 9.
1080 5837 1122 5866 ²“’
1158 5832 1310 5889 Joan.
1343 5851 1422 5903 nt,
1453 5838 1534 5892 l7.

1635 5767 1698 5797 '9'
1740 5767 1843 5821 lsa.
1892 5781 1983 5826 LII,
2026 5768 2075 5817 ti.

1648 5695 1689 5726 ⁸⁷
1724 5697 1740 5750 1
1783 5696 1908 5748 Cor.
1952 5695 2033 5756 l5,
2070 5695 2156 5747 9:2.

2155 5765 2199 5794 ¹⁰
2236 5764 2395 5817 ΙΙνΙιΓ.
2440 5783 2508 5818 \‘it
2539 5809 2549 5828 ,
2594 5769 2682 5822 ‘22.

2181 4659 2360 4725 δείξας
2412 4660 2506 4712 τοῦ
2557 4661 2714 4730 ἁγίου
2771 4663 3108 4733 Πνεύματος,
3158 4663 3234 4726 ὡς
3287 4663 3544 4716 δύνασθαι
3599 4661 3779 4728 λέγειν

2181 4753 2330 4821 ἡμᾶς
2350 4769 2362 4782 ·
2383 4753 2496 4806 Οὐκ
2521 4755 2686 4826 ἐσμὲν
2715 4756 2771 4808 ὲν
2801 4757 2986 4828 σαρκὶ,
3010 4757 3124 4809 ἀλλ’
3145 4758 3203 4809 ὲν
3232 4757 3534 4827 Πνεύματι·
3555 4755 3782 4824 γέγονεν

2181 4844 2290 4913 ἄρα
2316 4845 2409 4898 καὶ
2435 4841 2576 4898 κατὰ
2605 4845 2764 4900 τοῦτο
2795 4848 3061 4917 κρείττων
3085 4848 3356 4916 ἀγγέλων,
3383 4847 3448 4899 δι’
3466 4840 3542 4899 ὧν
3569 4847 3598 4898 6
3619 4845 3785 4913 νόμος

2181 4934 2489 5006 λελάληται·
2523 4939 2617 4991 καὶ
2656 4939 2816 4992 πάλιν
2855 4941 2883 4991 ὁ
2916 4941 3119 5009 κόσμος
3167 4939 3272 4992 ὑπὸ
3323 4938 3422 5009 μὲν
3469 4937 3564 4989 τοῦ
3613 4938 3784 5005 νόμου

2181 5029 2534 5100 κατεκρίνετο
2565 5029 2652 5082 διὰ
2678 5032 2776 5102 τὴν
2798 5032 3094 5101 ἁμαρτίαν.
3115 5030 3310 5101 Ἐπεδή
3322 5046 3460 5100 μησε
3496 5029 3552 5080 δὲ
3576 5030 3605 5080 6
3629 5027 3783 5089 Υἱὸς,

2179 5120 2277 5189 οὐχ
2308 5121 2395 5173 ἵνα
2428 5122 2588 5194 κρίνῃ
2620 5123 2713 5175 τὸν
2745 5123 2969 5192 κόσμον,
2995 5123 3107 5176 ἀλλ’
3135 5124 3221 5175 ἵνα
3254 5121 3401 5192 σώσῃ
3430 5119 3520 5172 τὸν
3549 5120 3787 5190 κόσμον,

2177 5211 2298 5264 οὐδὲ
2347 5213 2666 5284 ἀπαιτήσων
2707 5215 2828 5268 τινὰ
2857 5215 3152 5286 τιμωρίαν,
3188 5213 3302 5268 ἀλλ’
3333 5213 3420 5266 ἵνα
3449 5213 3588 5265 πᾶσι
3621 5212 3786 5282 χαρίο

2182 5321 2363 5374 σηται.
2401 5307 2680 5376 Κρείττων
2716 5305 2808 5360 οἷν
2858 5310 2886 5360 6
2928 5307 3154 5361 δικαιῶν
3199 5305 3294 5362 τοῦ
3329 5305 3783 5376 κατακρίνοντος,

2183 5399 2448 5467 κρείττων
2485 5400 2580 5451 τοῦ
2609 5397 2968 5465 ἀπαιτοῦντος
3015 5405 3043 5455 6
3089 5401 3470 5473 χαριζόμενος,
3512 5400 3787 5470 κρείττων

2180 5490 2274 5542 τοῦ
2314 5491 2388 5560 μὴ
2428 5491 2746 5561 ἰσχύσαντος
2775 5497 3103 5566 κατακρῖναι
3152 5493 3252 5563 τὴν
3301 5492 3578 5564 ἁμαρτίαν
3621 5492 3680 5544 ὲν
3716 5493 3786 5559 τῇ

2186 5583 2370 5650 σαρκὶ,
2416 5584 2444 5633 6
2491 5583 2583 5634 καὶ
2631 5583 2789 5637 τοῦτο
2836 5585 3129 5656 πληρώσας
3160 5584 3304 5648 Υἱός.
3336 5584 3620 5654 Κρείττων
3671 5581 3787 5660 ἄρα

2239 5697 2303 5725 ”'
2343 5695 2483 5748 l’sal.
2522 5713 2685 5756 ωιτν,
2715 5698 2772 5752 2.
2856 5700 2898 5730 η
2936 5699 3076 5753 l‘sal.
3107 5715 3264 5753 xviii.
3297 5696 3368 5755 ii;
3399 5697 3557 5750 Rom.
3605 5698 3782 5762 ι,18.

2763 5770 2803 5800 ¹¹
2843 5769 3004 5824 lleln'.
3058 5785 3187 5826 viti.
3229 5771 3281 5820 li.
3354 5769 3398 5798 ”
3443 5767 3602 5821 Rom.
3641 5784 3782 5835 vm,
