4078 6260
401 387 506 449 355

1847 387 1940 442 ’ΤΗ
1951 391 2122 444 ESAL‘
2135 393 2222 446 ιιι]
2235 389 2292 446 S.

3553 397 3668 456 δεςι

381 504 538 558 -κατά
571 500 734 556 τοῦτο
765 500 876 553 τῶν
911 499 1162 568 ἀγγέλων
1195 500 1302 553 τῶν
1340 500 1434 552 τὸν
1469 499 1668 570 ἀσθενῆ
1701 500 1792 552 καὶ
1825 517 1993 552 κατα-

2098 503 2184 571 qui
2219 505 2564 569 condemnat,
2618 504 2808 560 melior
2843 505 2934 574 qui
2963 505 3182 558 ven-iam
3233 507 3464 576 largitur
3503 521 3664 576 quam

390 593 650 666 κρίνοντα
679 592 1041 662 λαλησάντων
1073 593 1257 662 νόμον.

2093 593 2184 660 qui
2221 607 2434 661 pomum
2477 595 2682 664 exigit;
2717 595 2908 648 melior
2935 603 3018 648 est
3063 609 3130 648 eo
3173 594 3266 662 qui
3301 605 3581 660 peceatum
3615 595 3666 646 iu

387 703 560 744 carne
605 689 978 744 condemnare
1010 702 1116 740 non
1149 687 1344 755 potuit,
1375 685 1422 739 is
1457 686 1550 756 qui
1601 687 1702 741 hoc
1761 685 2014 755 praestitit
2053 685 2239 740 Filius.
2273 685 2460 740 Melior
2504 688 2686 760 itaque
2719 688 2820 740 hac
2893 687 3096 740 ratione
3139 695 3222 742 est
3257 701 3420 754 quam
3467 685 3668 756 angeli,

379 787 488 856 qui
526 785 862 841 imbecillam
892 793 946 840 et
977 784 1432 840 condemnautem
1469 783 1638 854 legem
1682 783 1988 838 ediderunt.

435 901 648 964 AAAO,
673 898 762 954 ὅτι
789 900 924 965 τοῖς¹
946 897 1281 970 ποιήμασιν
1312 898 1351 964 ἢ
1381 897 1506 970 τοῖς
1533 898 1812 970 ἀγγέλοις
1838 899 1952 966 οὐχ

938 969 1211 1039 ὀμοφυὴς
1247 971 1281 1023 ὀ
1301 969 1452 1035 Υἱός.

478 1086 545 1139 El
571 1085 784 1157 ποίημά
810 1089 956 1142 ἐστιν
985 1089 1014 1140 6
1035 1087 1182 1154 Υἱὸς,
1204 1085 1298 1138 καὶ
1320 1087 1566 1158 ὀμοφυὴς
1581 1087 1692 1149 τοῖς
1713 1083 1987 1154 ἀγγέλοις,

407 1179 784 1235 καλείσθωσαν
807 1181 901 1234 καὶ
925 1180 1078 1233 αὐτοὶ
1097 1178 1248 1250 παρὰ
1271 1178 1602 1249 τοῦᾙατρὸς
1629 1177 1818 1248 ὥσπερ
1840 1179 1986 1230 ἐκεῖ-

393 1290 498 1335 ’νος
527 1273 632 1325 υἱοὶ
650 1315 662 1338 ,
700 1272 732 1342 ἢ
755 1272 920 1336 αὐτὸς
949 1271 1136 1344 ὥσπερ
1161 1273 1360 1325 ἐκεῖνοι
1389 1271 1636 1340 ἄγγελος.
1655 1269 1798 1322 Ἀλλ’
1813 1267 1990 1322 οὐδενὶ

393 1361 514 1416 *τῶν
556 1363 806 1432 ἀγγέλων
859 1361 982 1418 εἶπέ
1027 1381 1154 1418 ποτε
1181 1381 1195 1396 ⁸
1235 1381 1254 1415 ι
1283 1364 1412 1428 Υἱός
1447 1381 1546 1434 μου
1577 1359 1626 1416 εἱ
1657 1365 1744 1429 σὺ,
1773 1381 1792 1414 3
1847 1361 1988 1416 κατὰ

399 1459 498 1530 τὴν
525 1457 620 1511 τοῦ
659 1458 878 1512 Παύλου
916 1459 1124 1528 φωνήν·
1160 1455 1286 1511 οὔτε
1321 1457 1427 1527 μὴν
1455 1455 1618 1520 αὐτὸς
1647 1455 1878 1524 ἄγγελος
1897 1471 1986 1507 κει-

401 1549 673 1618 κλημένος
703 1549 956 1618 φαίνεται
985 1549 1124 1601 κατὰ
1147 1548 1426 1618 ἀλήθειαν.
1472 1547 1902 1610 Καθεζέσθωσαν
1929 1548 1984 1599 ὲν

403 1640 557 1710 δεξιᾷ
585 1640 680 1693 τοῦ
705 1641 926 1711 Ila-:96;
957 1639 1140 1711 ὥσπερ
1167 1640 1293 1703 Υἱός
1311 1657 1322 1668 ·
1355 1639 1470 1694 ἀλλ’
1487 1639 1664 1703 οὐδεὶς
1689 1637 1798 1690 τῶν
1827 1639 1992 1706 ἀγγέ-

2093 887 2336 955 ALIUD,
2385 893 2524 960 quod
2571 889 2746 944 Filius
2797 908 2898 944 non
2933 892 2998 944 sit
3040 889 3268 959 ejusdem
3306 901 3510 944 natura:
3549 907 3666 944 cum

2569 963 2828 1015 creaturis
2855 961 2930 1015 uel
2961 961 3184 1029 angelis.

2165 1071 2222 1126 Si
2263 1071 2430 1127 Filius
2471 1083 2554 1127 cst
2604 1085 2876 1138 creatura,
2931 1083 2984 1128 et
3018 1075 3258 1142 ejusdem
3297 1085 3500 1130 natura:
3545 1089 3666 1128 cum

2089 1164 2314 1232 angelis,
2345 1174 2608 1216 vocentur
2631 1165 2794 1218 etiam
2836 1165 2934 1232 ipsi
2969 1181 2996 1218 a
3019 1164 3176 1219 Patre
3209 1165 3324 1232 lilii,
3362 1169 3500 1220 sicut
3543 1165 3666 1232 ille;

2095 1263 2188 1307 aut
2217 1261 2438 1308 vocetur
2467 1253 2602 1322 ipse,
2639 1253 3097 1322 quemadmodum
3139 1255 3238 1319 illi,
3281 1257 3520 1326 angelus.
3554 1257 3672 1312 Cat-

2095 1353 2268 1397 terum
2325 1343 2524 1396 nemini
2577 1343 2890 1412 angelorum
2947 1357 3186 1412 unquam
3236 1347 3372 1400 dixit
3407 1365 3420 1400 :
3457 1365 3474 1398 ι
3504 1347 3674 1404 Filius

2095 1449 2246 1490 meus
2271 1449 2328 1490 es
2369 1445 2446 1502 tu,
2479 1453 2498 1487 3
2537 1445 2592 1490 ut
2615 1437 2691 1490 ait
2729 1437 2926 1492 Paulus
2949 1437 3030 1501 ";
3069 1453 3244 1506 neque
3281 1439 3396 1508 ipse
3433 1455 3668 1508 unquam

2097 1527 2324 1596 angelus
2369 1543 2554 1582 revera
2605 1529 2780 1582 dictus
2826 1539 2930 1584 est.
2983 1529 3220 1584 Sedeaut
3263 1531 3426 1584 etiam
3477 1531 3551 1584 illi
3602 1533 3670 1586 ad

2096 1617 2368 1670 dexteram
2409 1615 2608 1682 Patris,
2649 1621 2788 1672 sicut
2811 1617 3004 1674 Filius.
3038 1619 3200 1688 Atqui
3241 1635 3398 1674 nemo
3429 1635 3670 1689 unquam

407 1687 1350 1802 ltSV.ouyxaﬁqrat‘1§3ﬂatrpi,60:16
1379 1732 1578 1803 μᾶλκον
1609 1687 1991 1801 τέαρεστήέασι

2098 1709 2404 1778 angelorum
2448 1711 2651 1764 assedit
2684 1709 2866 1778 Patri;
2899 1713 2992 1766 sed
3031 1687 3212 1780 potius
3251 1687 3539 1766 astiterunt.
3571 1713 3672 1768 mi-

407 1823 867 1894 Δ’Λειτουργοῦψιες
897 1823 1058 1894 αὐτῷ.
1091 1825 1406 1892 Λεγέτωσαν
1437 1823 1657 1891 ἄγγελοι
1679 1821 1992 1875 διατάττον-

415 1923 519 1978 ’τες
566 1913 752 1986 ὥσπερ
783 1915 810 1966 6
839 1915 984 1977 Υἱός·
1037 1934 1056 1965 ‹
1081 1914 1220 1982 Ἐγὼ
1263 1915 1320 1968 δὲ
1362 1915 1504 1983 λέγω
1529 1915 1658 1984 ὑμῖν
1683 1931 1695 1942 ·
1729 1933 1748 1964 3
1785 1912 1900 1964 ἀλλ’
1931 1911 1992 1964 οὐ

413 2005 578 2060 Δτοῦτό
619 2023 797 2074 φασιν,
853 2007 984 2061 ἀλλὰ
1037 2008 1273 2077 μᾶλλο-λ’
1323 2027 1338 2058 ι
1381 2007 1714 2076 Ἀπεστᾶλην
1761 2003 1995 2073 λαλῆσαι

417 2097 549 2166 πρὸς
572 2097 647 2148 σέ.
685 2115 702 2145 3
742 2097 850 2149 Καὶ
875 2100 924 2150 οἱ
962 2099 1061 2168 μὲν
1089 2099 1454 2162 διακονοῦσιν,
1483 2101 1510 2152 6
1542 2099 1596 2150 δὲ
1629 2097 1990 2151 διακονεῖται·

391 2209 430 2234 ·ί
455 2190 584 2243 Ἰδοὺ
631 2191 762 2262 γὰρ,
793 2193 982 2260 φησιν,
1017 2193 1247 2260 ἄγγελοι
1291 2192 1669 2263 προσελθόντες
1715 2192 1996 2261 διηκόνουν

399 2279 576 2349 αὐτῷ.
611 2299 630 2330 3
687 2283 802 2334 Καὶ
836 2283 864 2333 6
904 2281 1003 2350 μὲν
1033 2282 1153 2333 ἐστι
1181 2281 1530 2350 δημιουργὸς,
1553 2283 1602 2332 οἱ
1647 2281 1703 2334 δὲ
1743 2281 1994 2348 γεγόνασι

403 2373 474 2424 δι’
509 2372 702 2424 αὺτοῦ·
739 2373 834 2424 καὶ
863 2373 918 2423 οἱ
954 2372 1052 2439 μὲν
1096 2370 1512 2440 προσκυνοῦσιν,
1545 2373 1572 2420 6
1601 2371 1656 2422 δὲ
1683 2373 1994 2440 προσκυνεί-

405 2477 506 2513 ται
527 2476 542 2490 ·
586 2461 684 2514 καὶ
715 2462 768 2512 οἱ
803 2461 902 2530 μὲν
937 2460 1165 2528 ἄγγελοι
1193 2459 1294 2522 τὰς
1327 2460 1430 2512 τῶν
1459 2461 1698 2529 οὐρανῶν
1723 2460 1892 2524 πύλας
1919 2459 1998 2514 αἴ-

411 2567 536 2621 ρειν
586 2552 1020 2623 προστάττονται
1042 2568 1056 2579 ·
1085 2553 1113 2604 6
1151 2551 1208 2603 δὲ
1240 2551 1538 2620 εἰσέρχεται
1565 2551 1638 2614 ὡς
1664 2551 1864 2622 Κύριος
1891 2551 1996 2604 τῶν

383 2643 718 2712 ιδυνάμεων,
744 2643 824 2706 ὡς
852 2643 1110 2711 βασιλεὺς
1139 2643 1242 2711 τῆς
1269 2643 1454 2710 δόξης’
1487 2642 1578 2695 καὶ
1629 2645 1674 2695 οὶ
1721 2645 1818 2712 μὲν
1853 2643 1998 2714 ζωῆς

407 2735 705 2805 μετέχουσι
753 2735 856 2804 τῆς
891 2735 1044 2802 παρὰ
1073 2733 1232 2786 Θεοῦ·
1264 2736 1292 2786 6
1320 2733 1378 2786 δὲ
1419 2737 1516 2803 τῆς
1546 2733 1686 2804 ζωῆς
1721 2737 1836 2788 ἐστι
1871 2753 1997 2806 χορ-

387 2825 557 2895 ηηγὸς,
591 2824 761 2885 αὐτὸς
786 2822 902 2892 ζωὴ
929 2826 1044 2884 τοῖς
1071 2825 1238 2875 πᾶσιν
1265 2824 1538 2892 ὑπάρχων.
1571 2825 1679 2876 Καὶ
1705 2827 1732 2878 6
1761 2827 1862 2896 μὲν
1889 2843 1996 2896 φη-

408 2929 523 2967 σιν·
563 2933 581 2966 ι
604 2912 748 2980 Ἐγὼ
796 2913 890 2965 καὶ
917 2913 946 2964 6
977 2911 1170 2982 Πατὴρ
1201 2911 1258 2964 ἓν
1289 2914 1473 2982 ἐσμεν,
1509 2931 1525 2964 3
1559 2915 1652 2966 καί
1691 2934 1710 2966 ι
1731 2915 1790 2967 Ὀ
1817 2915 1984 2986 ἐωραιι

413 3004 522 3066 κὼς
569 3005 690 3074 ἐμὲ,
725 3001 938 3073 ἑώρακε
986 3001 1080 3054 τὸν
1129 3002 1369 3072 Πατέρα,
1401 3019 1418 3053 3
1471 3004 1582 3067 καὶ,
1622 3023 1638 3054 ι
1669 3003 1857 3058 Πάντα
1895 3005 1998 3059 ὅσα
2023 3027 2066 3083 C

423 3093 537 3162 ἔχει
584 3095 612 3145 6
644 3093 856 3162 Πατὴρ,
891 3091 1000 3160 ἐμά
1047 3093 1183 3156 ἐστι,
1219 3109 1238 3141 3
1279 3091 1374 3144 καὶ
1412 3109 1430 3142 ι
1463 3090 1600 3160 Ἐγώ
1631 3095 1746 3162 εἰμι
1794 3094 1854 3146 τὺ
1881 3093 1998 3161 φῶς

422 3180 518 3234 τοῦ
551 3181 777 3250 κόσμου,
807 3201 825 3231 3
874 3182 962 3234 καὶ
999 3181 1184 3249 ιἘγώ
1237 3182 1352 3250 εἰμι
1405 3182 1436 3252 ἡ
1478 3181 1776 3246 ἀνάστασις
1827 3183 1922 3235 καὶ
1965 3185 1998 3254 ἡ

413 3269 566 3344 ζωή·
601 3294 618 3325 3
653 3273 870 3342 ἄγγελοι
905 3273 956 3326 δὲ
978 3273 1071 3336 τὰς
1093 3273 1356 3337 τοιαύτας
1398 3274 1458 3326 οὐ
1493 3273 1733 3344 τολμῶσι
1765 3275 1999 3344 φθέγγε-

409 3365 552 3419 σθαι
584 3365 784 3433 φωνάς.
817 3364 930 3417 Κᾶν
957 3365 1114 3436 ἐντῷ
1140 3365 1366 3434 ὀνόματι
1397 3363 1490 3418 τοῦ
1521 3365 1654 3418 Υἱοῦ
1686 3366 1999 3436 προσευξώ-

425 3454 582 3525 μεθα,
611 3455 816 3525 ὅσαπερ
854 3454 918 3507 ἂν
957 3456 1290 3525 αἱτήσωμεν,
1321 3453 1608 3523 ληψόμεθα
1633 3471 1644 3483 ·
1679 3455 1739 3506 ἐν
1778 3455 2000 3525 ὀνόματι

401 3544 470 3600 ’δὲ
499 3547 608 3600 τῶν
637 3548 882 3615 ἀγγέλων
910 3547 1008 3600 οὐκ
1033 3547 1098 3600 ἄν
1132 3563 1216 3609 τις
1243 3545 1624 3616 προσεύξαιτο.
1658 3546 1767 3598 Καὶ
1794 3546 1869 3616 τῷ
1899 3547 1997 3617 μὲν

417 3641 530 3711 Υἰῴ
563 3641 662 3693 σὺν
687 3641 763 3710 τῷ
791 3641 968 3711 Πατρὶ
997 3640 1094 3692 καὶ
1125 3640 1262 3710 μετὰ
1287 3641 1501 3710 Πατρδς
1529 3642 1558 3709 ἡ
1585 3639 1743 3703 δόξα·
1777 3639 1996 3707 ἄγγελοι

413 3735 468 3787 δὲ
497 3737 558 3787 οὐ
591 3733 927 3798 δοξάζονται,
959 3733 1096 3787 ἀλλὰ
1148 3733 1346 3803 μᾶλλον
1393 3732 1674 3799 δοξάζουσι
1721 3733 1858 3803 μετὰ
1903 3733 1996 3786 τοῦ

395 3829 628 3898 ﬂat-.96;
655 3829 747 3880 τὸν
773 3827 922 3879 Υἱόν.
951 3826 1078 3889 Πῶς
1103 3823 1196 3879 οῦν
1225 3827 1498 3895 τοσαύτης
1527 3827 1788 3896 κειμένης
1815 3827 1999 3896 διαφο-

407 3921 518 3990 ρᾶς
557 3918 756 3989 μεταξὺ
798 3918 907 3971 τῶν
951 3917 1200 3986 ἀγγέλων
1239 3918 1332 3972 καὶ
1376 3917 1470 3970 τοῦ
1501 3917 1652 3982 Υῐοῦ,
1685 3918 1782 3990 τῆς
1829 3919 1999 3990 αὐτῆς

401 4011 598 4072 ὀὐσίας
647 4005 786 4063 εἶναι
839 4008 1278 4080 νομισθήσονται,
1329 4009 1540 4072 οὐδενὸς
1590 4010 1998 4082 συγχωροῦντος

395 4103 605 4170 ->.ὁγου;
649 4103 956 4170 Ἀναλόγως
1003 4101 1112 4172 γὰρ
1162 4105 1227 4172 τῇ
1284 4103 1392 4156 τῶν
1446 4102 1751 4173 προσώπων
1785 4103 1912 4174 ἀξίᾳ
1937 4103 1998 4156 τὸ

411 4195 509 4264 τῆς
543 4195 760 4262 φύσεως
795 4195 1050 4266 διάφορον
1076 4195 1444 4265 ὁρισθήσεται.

447 4309 651 4372 ΛΑΜ),
683 4309 772 4360 ὅτι
805 4308 902 4361 καὶ
934 4307 1028 4360 ἐπὶ
1059 4307 1173 4392 rei},
1215 4307 1442 4375 Παῖρός
1487 4309 1824 4374 εὑρίσκεται
1861 4310 1924 4362 τὸ
1944 4351 1956 4373 ,

1027 4396 1044 4428 ι
1079 4391 1332 4447 εγενετο.
1371 4398 1390 4430 3

497 4490 556 4542 '0
587 4489 892 4559 Ψαλμῳδὺς
943 4490 1093 4558 λέγει
1119 4506 1133 4521 ·
1177 4511 1196 4542 ι
1237 4491 1402 4544 Γενοῦ
1447 4510 1536 4563 μοι
1558 4493 1638 4558 εἰς
1668 4493 1798 4547 Θεὸν
1824 4496 1992 4565 ὑπερ-

415 4581 708 4650 ασπιστήν·
749 4600 766 4631 3
813 4583 906 4634 καὶ
957 4583 1154 4645 πάλιν,
1197 4601 1214 4633 t
1261 4583 1506 4652 Ἐγένετό
1555 4603 1644 4656 μοι
1692 4589 1772 4650 εἰς
1820 4603 1994 4658 σωτη-

420 4671 560 4740 ρίαν.
605 4690 624 4723 3
658 4673 720 4724 Εἰ
749 4673 803 4724 δὲ
835 4674 926 4726 ἐπὶ
949 4674 1042 4727 τοῦ
1081 4673 1210 4728 Υἱοῦ
1235 4675 1326 4727 καὶ
1359 4676 1530 4729 ταῦτα
1556 4678 1818 4747 φήσουσιν
1849 4679 1996 4750 εἰρῆ-

417 4763 563 4826 σθαι,
619 4766 714 4818 καὶ
763 4764 990 4829 ἄκοντες
1047 4765 1197 4836 αὑτῷ
1254 4769 1690 4838 μαρτυρήσουσιν
1747 4770 1828 4822 ὅτι
1882 4769 1993 4832 τοῖς

411 4855 713 4923 κτίσμασιν
753 4858 854 4910 οὐκ
879 4857 1024 4911 ἐστιν
1055 4859 1320 4929 ὀμοφυὴς,
1367 4862 1394 4912 6
1426 4861 1550 4922 τοὺς
1586 4861 1774 4927 ἁγξους
1802 4861 1998 4913 διασώ-

407 4949 542 5012 ζων,
573 4953 864 5020 καταφυγή
891 4968 948 5002 τε
974 4954 1158 5014 αὐτοῖς
1186 4954 1280 5004 καὶ
1311 4952 1486 5023 σκέπη
1520 4955 1862 5022 φαινόμενος.
1891 4955 1996 5005 Καὶ

414 5037 573 5090 Ιιοῦτο
593 5039 704 5108 γὰρ
735 5039 885 5093 ἔσται
923 5043 1068 5112 μόνῳ
1101 5041 1310 5111 πρέπον
1337 5043 1474 5112 Θεῷ.

417 5236 625 5311 ΛΛ-Λυ,
647 5239 732 5303 εἰς
763 5239 851 5301 τὸ,
873 5259 900 5311 _t
939 5240 1210 5311 Τοσούτῳ
1231 5243 1512 5309 κρείττων
1537 5244 1856 5311 πνιγόμενος
1879 5241 1995 5294 τῶν·

484 5305 771 5381 ἀηέλωφλ
807 5327 824 5358 3
861 5307 950 5381 ὅτι
994 5310 1059 5363 τὸ
1093 5329 1110 5360 ι
1154 5305 1494 5381 πῖενόμενος,
1536 5305 1554 5362 ἱ
1583 5305 1852 5366 οιῗκατὰ
1883 5312 1992 5379 τῆς

486 5377 700 5440 οὐσίας
735 5379 1009 5445 νοητέον.

485 5489 546 5542 Εἰ
589 5490 650 5542 τὸ
683 5509 700 5542 ι
737 5491 1033 5562 γενόμενος
1077 5513 1096 5546 3
1135 5497 1353 5557 πάντως
1411 5495 1665 5564 σημαίνει
1703 5495 1846 5557 τινὸς
1896 5495 1993 5566 τὴν

411 5583 516 5636 ἀπὸ
544 5582 638 5635 τοῦ
669 5583 746 5653 μὴ
776 5584 930 5647 ὄντος
955 5586 1033 5649 εἰς
1065 5587 1123 5638 τὸ
1157 5582 1294 5639 εἶναι
1329 5586 1582 5657 πάροδον,
1626 5587 1716 5639 καὶ
1748 5587 1832 5638 ἀεὶ
1855 5589 1992 5640 κατὰ

477 5738 524 5769 ’⁸
553 5738 714 5791 llehr.
747 5755 784 5802 ι,
827 5739 882 5794 5.
961 5741 1007 5770 ²⁶
1043 5740 1226 5792 Matth.
1271 5756 1340 5804 IV,
1386 5741 1471 5795 il.

413 5809 498 5864 15.
573 5809 618 5840 ³⁸
648 5808 808 5864 Joun.
849 5824 964 5874 vttt,
999 5811 1084 5864 ii.
1159 5813 1196 5841 ³¹
1237 5810 1394 5866 Joau.
1441 5829 1518 5871 x1.
1549 5813 1635 5866 95.

1549 5743 1616 5772 ’δ’
1647 5739 1791 5795 Psal.
1827 5757 1980 5806 nm,
2018 5745 2168 5796 7-10.

1717 5813 1759 5842 ³¹
1792 5809 1946 5864 Joan.
1978 5830 2086 5876 MV,
2130 5815 2215 5867 15.

2097 1801 2394 1854 nistrantes
2422 1801 2492 1854 ei.
2531 1801 2788 1856 Dicantur
2816 1817 2946 1856 vero
2977 1803 3137 1858 etiam
3177 1803 3350 1872 angeli
3396 1803 3670 1872 imperau-

2097 1901 2200 1956 tes,
2241 1901 2302 1946 ut
2345 1892 2560 1949 Filius:
2595 1913 2612 1946 ι
2643 1893 2756 1964 Ego
2804 1905 2986 1949 autem
3039 1895 3190 1950 vobis
3219 1897 3340 1951 dico
3373 1915 3388 1950 :
3421 1915 3438 1948 3
3467 1899 3562 1952 sed
3606 1911 3672 1951 ne

2097 1984 2200 2038 hoc
2251 1983 2468 2052 quidem
2525 1985 2708 2040 dicere
2760 2001 2856 2041 eos
2917 1987 3222 2055 compcrias
3257 2003 3272 2038 :
3311 1987 3404 2040 sed
3455 1987 3670 2056 potius;

2102 2091 2119 2122 ι
2152 2071 2343 2128 Missus
2383 2089 2502 2129 sum
2535 2075 2678 2146 loqui
2712 2079 2780 2130 ad
2821 2085 2890 2130 te.
2934 2095 2952 2128 3
2997 2075 3174 2145 Atque
3221 2077 3272 2130 Ιιί
3302 2077 3520 2146 quidem
3571 2079 3672 2130 mi-

2097 2166 2352 2232 nistrant,
2395 2168 2520 2222 huic
2545 2183 2678 2222 vero
2733 2167 3114 2222 ministratur:
3145 2186 3164 2218 ι
3205 2167 3340 2222 Ecce
3390 2169 3558 2232 enim,
3591 2169 3672 2222 in-

2095 2257 2232 2326 quit,
2281 2259 2454 2330 angeli
2503 2259 2770 2330 progressi
2829 2261 3212 2314 ministrabant
3255 2261 3304 2314 ei
3329 2261 3398 2317 “.
3431 2279 3448 2311 3
3496 2261 3672 2330 Atque

2097 2349 2186 2404 hic
2219 2351 2434 2420 quidem
2467 2361 2550 2406 est
2595 2351 2842 2412 Creator,
2883 2351 2933 2406 hi
2979 2367 3107 2406 vero
3157 2366 3248 2420 per
3281 2351 3458 2419 ipsum
3501 2351 3670 2404 creati

2093 2451 2256 2504 sunt;
2293 2441 2348 2494 hi
2382 2443 2630 2508 adorant,
2661 2441 2748 2495 ille
2777 2443 3068 2508 adorator;
3101 2441 3274 2511 angeli
3305 2451 3490 2510 portas
3517 2441 3674 2496 caelo-

2095 2549 2214 2586 rum
2243 2534 2726 2602 tollerejubentur,
2755 2535 2870 2603 ipse
2899 2536 3358 2602 vero‘ingreditur
3395 2535 3464 2588 ιιι¹
3493 2535 3673 2588 Domi-

2097 2643 2198 2682 nus
2229 2635 2576 2694 pmcstatum,
2611 2639 2668 2682 ut
2697 2643 2786 2681 rex
2813 2627 3084 2698 glorize'”
3107 2645 3120 2694 ;
3147 2629 3317 2700 angeli
3359 2629 3522 2699 209
3553 2629 3674 2684 vitae

2097 2721 2384 2789 participes
2421 2721 2554 2774 ﬁunt
2598 2737 2626 2772 ει
2677 2721 2822 2774 Deo:
2855 2723 2940 2774 hic
2980 2737 3108 2775 vero
3133 2721 3258 2774 vitae
3303 2721 3528 2790 largitor
3567 2733 3671 2788 est,

2097 2813 2322 2877 ipsemet
2357 2813 2460 2863 vita
2483 2811 2746 2865 omnibus
2771 2813 3060 2866 exsistens.
3092 2811 3187 2866 llic
3215 2813 3348 2866 dicit
3379 2829 3392 2865 :
3433 2833 3452 2864 ι
3485 2813 3594 2884 Ego
3621 2824 3676 2866 et

2097 2903 2258 2957 Pater
2281 2919 2444 2957 unum
2467 2921 2654 2958 sumus
2675 2905 2752 2970 ’ῖς
2785 2925 2802 2956 3
2839 2915 2892 2958 et
2921 2923 2934 2959 :
2970 2925 2986 2956 t
3015 2907 3114 2970 Qui
3153 2909 3282 2958 vidit
3313 2921 3420 2970 tne,
3457 2909 3588 2960 vidit
3621 2917 3676 2960 et

2099 2998 2318 3053 Patrem
2347 2999 2428 3064 '3;
2461 3017 2478 3048 3
2533 3008 2588 3052 et
2625 3015 2638 3050 :
2689 3017 2706 3048 ι
2736 2997 2926 3051 Omnia
2969 3013 3090 3066 quae
3137 2999 3300 3052 habet
3347 2998 3509 3052 Pater
3559 3017 3677 3056 mea

2100 3101 2228 3144 sunt
2251 3091 2320 3142 ".
2355 3109 2373 3141 3
2411 3099 2484 3156 et,
2520 3107 2538 3140 ι
2569 3089 2682 3158 Ego
2710 3105 2828 3142 sum
2857 3091 2954 3142 lux
2999 3091 3182 3142 tnundi
3205 3091 3285 3154 '°;
3320 3109 3340 3142 3
3375 3099 3428 3144 et
3464 3105 3478 3143 :
3515 3109 3533 3142 ι
3569 3091 3678 3162 Ego

2099 3197 2218 3238 sum
2243 3181 2572 3238 resurrectio
2601 3191 2656 3237 et
2707 3181 2816 3234 vita
2843 3181 2920 3248 ³¹;
2953 3201 2972 3234 3
3021 3182 3198 3252 angeli
3223 3191 3424 3248 autem,
3469 3183 3678 3252 ejusce-

2101 3276 2241 3330 modi
2292 3277 2473 3330 dicere
2521 3291 2626 3330 non
2675 3276 2892 3330 audent.
2935 3274 3203 3352 Praeterea
3259 3277 3304 3330 si
3351 3277 3404 3330 in
3461 3279 3678 3334 nomine

2099 3369 2222 3423 Filii
2269 3371 2630 3436 oraverimus,
2666 3383 3002 3440 quascunque
3037 3371 3392 3439 .pctieritnus,
3441 3373 3676 3442 accipie—

2101 3477 2222 3517 mus
2242 3461 2320 3529 ³⁸;
2359 3464 2408 3516 in
2444 3465 2662 3517 nomine
2693 3472 2872 3517 autem
2909 3463 3244 3534 angelorum,
3288 3479 3446 3520 nemo
3485 3480 3676 3520 orave-

2101 3555 2190 3608 rit.
2227 3555 2288 3609 Et
2317 3553 2456 3611 Filio
2479 3556 2696 3626 quidem
2729 3571 2832 3610 una
2870 3571 2988 3610 cum
3025 3555 3187 3610 Patre
3214 3558 3382 3626 gloria
3416 3559 3674 3622 debetur;

2103 3649 2307 3717 angelis
2337 3665 2468 3705 vero
2501 3650 2667 3719 gloria
2721 3665 2830 3704 non
2863 3651 3128 3714 defertur,
3168 3653 3260 3704 sed
3301 3651 3478 3720 potius
3518 3651 3674 3718 glori-

2105 3741 2268 3796 ﬁcaut
2295 3741 2488 3796 Filium
2525 3759 2644 3796 cum
2687 3741 2868 3799 Patre.
2896 3741 3177 3808 QuOnIodo
3215 3743 3378 3812 igitur
3407 3759 3527 3796 cum
3560 3753 3677 3794 tan-

2105 3845 2214 3890 tum
2246 3836 2318 3889 sit
2354 3837 2644 3892 discrimen
2679 3835 2818 3890 inter
2845 3835 3062 3902 angelos
3095 3844 3150 3889 et
3187 3833 3406 3899 Filium,
3437 3835 3674 3904 ejusdem

2097 3927 2348 3982 essentia:
2395 3943 2516 3983 esse
2559 3929 2948 3989 censebantur,
3001 3941 3124 3979 cum
3157 3925 3207 3977 id
3238 3924 3379 3977 nulla
3427 3924 3563 3975 ratio
3593 3922 3676 3974 fe.-

2101 4018 2218 4072 rat?
2249 4019 2468 4072 Natura:
2503 4021 2646 4072 enim
2694 4017 2999 4070 dill'ereutia
3041 4029 3393 4084 personarum
3433 4013 3674 4082 dignitati

2099 4111 2448 4178 proportione
2479 4109 2711 4178 quadam
2747 4107 3054 4174 respondet.

2313 4305 2542 4370 ALIUD,
2581 4309 2720 4376 quod
2753 4305 2910 4358 etiam
2939 4303 3000 4357 de
3043 4303 3200 4356 Putre
3232 4305 3454 4366 dicatur,

2694 4397 2710 4428 t
2755 4377 2926 4446 [actus
2955 4386 3049 4430 est.
3087 4394 3102 4426 3

2175 4489 2455 4544 Psalmista
2481 4489 2653 4560 inquit
2687 4505 2700 4542 :
2736 4505 2754 4539 ι
2789 4487 2912 4541 Fias
2944 4488 3069 4542 mihi
3104 4489 3153 4540 in
3207 4487 3370 4541 Dcnm
3403 4499 3676 4557 protecto-

2106 4597 2214 4636 rem
2251 4583 2326 4650 aa;
2361 4603 2377 4634 3
2410 4593 2462 4636 et
2486 4599 2704 4637 rursum
2745 4596 2755 4628 :
2798 4599 2815 4632 ι
2867 4581 3064 4635 Factus
3100 4591 3182 4634 est
3246 4583 3372 4635 mihi
3435 4583 3485 4634 in
3530 4583 3676 4635 salu-

2103 4682 2206 4726 tem
2235 4673 2300 4725 ³³.
2340 4695 2356 4724 3
2394 4673 2545 4738 Quod
2575 4673 2620 4726 si
2661 4674 2725 4726 de
2755 4671 2891 4726 Filio
2940 4673 3050 4725 lure
3101 4673 3240 4723 dicta
3277 4687 3393 4725 esse
3455 4681 3676 4725 conten-

2103 4765 2253 4826 dant,
2304 4764 2468 4818 etiam
2555 4763 2799 4817 nolentes
2877 4761 3217 4815 testabuntur
3264 4762 3405 4829 quod
3491 4761 3535 4812 is
3583 4763 3673 4830 qtti

2099 4866 2315 4909 sanctos
2368 4855 2603 4922 protegit
2657 4864 2724 4909 et
2754 4863 3058 4916 conservat,
3086 4870 3188 4906 non
3214 4855 3282 4907 sit
3305 4852 3544 4918 ejusdem
3579 4869 3674 4906 na—

2103 4957 2234 5000 tura:
2268 4962 2388 4999 cum
2448 4948 2764 5012 creaturis;
2813 4963 2932 5016 cum
2982 4947 3112 5014 ipsis
3170 4943 3434 5012 refugium
3509 4953 3674 5012 atque

2101 5036 2341 5091 defensio
2375 5053 2492 5092 esse
2524 5047 2796 5093 cernatur.
2831 5036 2942 5091 Hoc
2967 5037 3116 5090 enim
3169 5037 3267 5089 soli
3339 5034 3448 5090 Deo
3477 5051 3674 5093 conve—

2102 5131 2201 5184 nil.

2102 5241 2329 5304 ALIUD,
2363 5243 2498 5309 quod
2531 5243 2581 5294 in
2607 5241 2701 5294 illo
2732 5241 2912 5305 dicto;
2976 5257 2996 5290 ι
3042 5239 3207 5293 Tanto
3272 5242 3458 5295 melior
3498 5241 3670 5309 factus

2168 5325 2243 5366 est
2272 5313 2490 5379 angelis,
2533 5331 2549 5363 3
2587 5314 2794 5365 rerbum
2821 5329 2839 5362 t
2881 5311 3052 5379 [actus
3087 5323 3162 5365 est
3207 5330 3224 5360 3
3267 5329 3370 5366 non
3408 5314 3470 5366 de
3499 5329 3670 5366 essen-

2165 5387 2236 5436 tia
2278 5382 2670 5450 intelligendum
2691 5391 2787 5435 est.

2169 5495 2223 5549 Si
2263 5514 2278 5547 I
2329 5495 2514 5563 f:tctus'_
2541 5504 2622 5549 est
2653 5513 2671 5545 3
2718 5509 2932 5563 semper
2969 5495 3190 5549 omnino
3248 5497 3516 5566 signiﬁcat
3569 5497 3672 5552 ιιΙὶ-

2098 5588 2223 5657 quid
2254 5601 2281 5640 a
2315 5587 2482 5642 nihilo
2517 5586 2582 5640 ad
2619 5600 2737 5640 esse
2772 5588 3116 5650 translatum,
3150 5599 3200 5642 et
3232 5604 3446 5659 semper
3477 5606 3538 5644 ea
3569 5606 3670 5644 vox

2247 5743 2290 5774 ¹⁷
2316 5743 2473 5796 Joan.
2507 5756 2559 5802 κ,
2595 5740 2682 5792 50.
2761 5741 2802 5770 ²⁸
2828 5741 2980 5796 Joan.
3017 5760 3125 5808 xw,
3152 5745 3202 5800 9.

2294 5814 2336 5845 ³³
2378 5811 2522 5865 Ρ5ί11.
2557 5825 2681 5872 xxx,
2711 5810 2762 5863 ’5.

3282 5749 3326 5778 ²⁹
3363 5746 3518 5800 Joan.
3555 5755 3668 5804 xw,

2840 5812 2882 5844 ³³
2915 5814 3058 5872 I‘sal.
3091 5830 3259 5873 (ζει-ιι.
3301 5818 3394 5868 H.
