4078 6260
1497 337 1554 392 S.
1595 325 1870 388 CYBILLI
1910 316 2380 379 ALEXANDRINI
2419 319 2739 376 ARCHIEP.

3625 319 3733 375 350

455 468 524 526 de
549 468 850 525 substantia
878 463 1229 536 intelligenda
1252 470 1370 527 est;
1406 458 1729 528 quibusnam
1762 449 1899 505 dixit
1932 445 2027 499 l’a-

2158 467 2230 536 ﬁ;
2259 467 2444 530 οὐσίας
2486 468 2519 537 ἡ
2562 466 2703 532 λέξις
2740 464 3018 528 τάττεται,
3048 462 3188 516 τίσιν
3226 460 3414 530 ἔλεγεν
3442 462 3470 514 6
3502 461 3732 532 Σωτήρ·

456 568 542 617 ter
574 575 588 611 :
624 577 641 610 ι
685 556 856 612 l-‘iatis
878 556 1254 611 misericordes
1272 552 1414 605 sicut
1437 549 1596 602 Pater
1636 552 1815 597 vester
1866 540 2029 592 (mle-

462 653 560 710 stis
593 652 906 707 misericors
942 658 1024 704 est
1051 646 1136 699 ³⁵2
1170 662 1187 697 ι
1242 644 1298 696 Si
1358 640 1501 696 enim
1556 644 1714 691 erant
1743 634 1853 702 jam
1882 631 1918 684 ii
1968 628 2034 681 ad

459 760 598 816 quos
631 758 811 799 sermo
841 742 931 797 ille
977 740 1196 795 habitus
1255 734 1377 796 fuit,
1439 728 1710 800 quomodo
1768 726 1879 778 ltzcc
1907 737 2033 816 vox,

460 813 611 907 ﬁeri,
645 850 861 906 semper
899 832 1167 903 signiticet
1216 826 1610 881 traductionem
1633 820 1699 873 ad
1739 817 1893 872 esse?
1936 813 2039 907 Nee

459 905 565 999 que
597 905 828 983 enimid
856 922 998 991 quod
1038 922 1149 991 jam
1196 930 1298 982 est,
1336 915 1429 971 sed
1493 912 1636 982 quod
1685 926 1791 963 non
1842 917 1944 968 est,
1971 905 2038 959 ad

459 1035 582 1076 esse
614 1017 935 1076 traducitur.
967 1013 1023 1067 Si
1092 1021 1274 1066 autem
1302 1010 1446 1078 ﬁeri,
1472 1020 1597 1061 cum
1626 1004 1694 1057 de
1743 1003 1905 1056 rebus
1928 1000 2039 1068 jam

460 1110 845 1167 exsistentibus
866 1107 1087 1168 dicitur,
1148 1120 1254 1159 non
1312 1102 1526 1155 initiutn
1594 1097 1862 1167 quoddam
1898 1090 2043 1145 exsi-

460 1202 641 1257 stendi
673 1201 727 1255 in
755 1199 891 1270 ipsis
919 1198 1210 1269 signiﬁcat,
1246 1195 1339 1249 sed
1368 1194 1545 1262 potius
1567 1188 1916 1244 mutationem
1946 1182 2047 1236 ali-

464 1292 619 1362 cujus
647 1292 701 1347 in
733 1291 960 1359 aliquid,
1000 1289 1142 1343 nulla
1185 1295 1334 1341 certe
1382 1285 1521 1337 ratio
1556 1290 1712 1350 coget
1737 1289 1795 1331 ιιι
1819 1277 1873 1331 in
1908 1274 2044 1329 Filio

464 1384 578 1448 Dei,
645 1400 665 1436 ι
727 1383 907 1438 lactus
949 1389 1050 1444 est,
1127 1397 1146 1431 ι
1216 1376 1510 1431 essentiam
1599 1371 1768 1438 ipsius
1840 1364 2048 1438 signiﬁ-

462 1485 568 1533 cet.

668 1617 835 1688 210
903 1573 1483 1669 ASSEBTIO
1563 1572 1825 1661 XXI.

467 1728 534 1785 In
567 1731 763 1785 dictum
790 1727 926 1782 illud
946 1726 1220 1796 Apostoli:
1254 1745 1272 1777 t
1303 1722 1642 1796 Considerate
1666 1717 1963 1796 αροειοίιιοι
1992 1724 2049 1796 _e_t

531 1799 841 1880 ponti/ich
863 1786 1207 1880 εοηίὲεεὶοηξξ
1257 1807 1449 1849 nostrae
1490 1786 1709 1880 Jesnm,
1748 1786 2049 1880 qui
2082 1790 2124 1845 Β

512 1856 605 1925 ist
624 1856 781 1940 ρξ’ᾳηὶ
815 1867 932 1937 fecit
962 1856 1134 1936 ipsum
1162 1867 1245 1917 "z
1278 1885 1296 1918 ι
1323 1879 1390 1918 ea:
1413 1856 1918 1933 quoinfermr'quod
1952 1856 2044 1908 Fi-

536 1941 638 1995 lius
672 1954 774 1993 non
803 1942 871 1993 sit
905 1954 1057 2007 Opus,
1092 1948 1181 1990 aut
1199 1946 1463 1991 creatura.

541 2118 596 2173 Si
630 2116 800 2172 Filius
830 2123 914 2171 est
964 2122 1239 2175 creatura,
1290 2125 1515 2166 necesse
1557 2118 1642 2163 est
1687 2105 1846 2159 fateri
1879 2104 2050 2174 ipsum

467 2213 631 2268 etiam
667 2225 788 2265 esse
811 2223 977 2262 unum
1004 2205 1204 2270 aliquid
1232 2203 1297 2259 ἐκ
1326 2203 1579 2258 omnibus
1602 2240 1617 2265 ,
1649 2213 1823 2269 neque
1852 2198 2054 2250 habere

471 2302 689 2358 deitatis
721 2298 1158 2370 praerogativam,
1197 2295 1450 2349 nimirum
1487 2306 1700 2361 semper
1755 2289 2045 2345 exsistere.

471 2394 601 2449 Atsi
630 2394 732 2449 boc
763 2406 952 2445 verum
981 2397 1085 2455 est,
1122 2388 1303 2443 omnia
1331 2394 1512 2440 autem
1584 2384 1728 2437 facta
1774 2392 1900 2437 sunt
1960 2393 2055 2449 per

472 2487 693 2550 Filium,
731 2492 786 2538 et
808 2483 927 2537 sine
960 2481 1075 2550 ipso
1105 2478 1308 2534 factum
1337 2487 1420 2533 est
1465 2476 1602 2531 nihil
1643 2475 1687 2507 ³⁷
1710 2493 1724 2541 ;
1749 2489 1880 2541 ergo
1914 2474 2052 2527 Ver-

475 2579 600 2632 bum
655 2577 893 2646 seipsum
926 2582 1094 2628 creat.
1121 2572 1231 2627 Sed
1286 2586 1396 2640 quo
1419 2577 1575 2640 pacto
1603 2567 1772 2638 possit
1809 2566 1861 2620 ιιι
1914 2566 2055 2633 quod

475 2671 713 2737 nondum
743 2668 978 2732 exsistit,
1008 2667 1245 2733 seipsutn
1269 2663 1335 2717 ad
1363 2677 1484 2717 esse
1524 2657 1847 2715 traducere?
1879 2658 1948 2711 At
2009 2655 2055 2711 si

476 2767 582 2819 hoc
654 2760 988 2831 impossibile
1042 2769 1168 2822 est,
1206 2774 1310 2813 non
1370 2765 1453 2813 est
1518 2757 1684 2826 igitur
1715 2753 1884 2808 Filius
1916 2765 2054 2806 unus

475 2874 543 2912 ex
567 2855 845 2921 omnibus,
880 2868 967 2919 ne,
997 2853 1042 2908 si
1078 2850 1329 2905 omnibus
1354 2858 1767 2911 annumeretur,
1801 2859 1955 2899 suum
1981 2843 2059 2913 ip-

475 2950 588 3005 sius
619 2961 754 3016 opus
778 2960 899 3001 esse
946 2944 1206 2998 videatur.

1144 3054 1303 3111 ALIU
1320 3055 1382 3110 D.

552 3175 608 3231 Si
652 3176 825 3232 Filius
859 3184 943 3229 est
969 3184 1220 3229 creatura
1244 3158 1266 3228 ~:
1299 3180 1524 3225 vocatur
1550 3178 1727 3225 autem
1759 3176 1814 3221 et
1860 3176 1943 3220 cst
1972 3180 2058 3220 sa—

477 3271 681 3340 pientia
704 3268 881 3322 Patris
899 3268 964 3329 ³⁸,
989 3268 1080 3337 qui
1113 3267 1294 3322 omnia
1318 3266 1368 3317 in
1390 3265 1653 3332 sapientia
1681 3263 1807 3316 fecit
1827 3261 1870 3292 ³⁹
1895 3279 1907 3315 :
1930 3276 2060 3329 ergo

479 3361 741 3428 sapientia
769 3359 1003 3427 scipsam
1027 3358 1174 3413 fecit.
1201 3359 1271 3410 At
1298 3358 1340 3410 si
1373 3357 1476 3410 hoc
1504 3357 1793 3410 absurdum
1814 3365 1920 3419 est,
1954 3370 2057 3406 non

480 3459 564 3504 est
588 3463 715 3519 ergo
741 3457 988 3502 creatura
1032 3446 1224 3509 Filius,
1277 3447 1375 3500 hoc
1410 3455 1512 3512 est,
1551 3447 1813 3516 sapientia
1862 3444 2059 3509 Panis,

486 3555 551 3595 ne
574 3541 806 3609 seipsam
833 3553 1049 3593 creasse
1082 3539 1312 3592 dicatur.

1163 3651 1391 3707 ALIUD.

553 3743 609 3799 Si
639 3743 807 3799 Filius
833 3753 918 3800 est
946 3743 1154 3810 factus;
1183 3756 1404 3799 vocatur
1435 3754 1612 3799 autem
1642 3756 1799 3799 etest
1825 3746 2059 3814 putentia

483 3847 538 3893 et
590 3836 853 3907 sapientia
892 3838 983 3893 Dei
1008 3838 1103 3890 M’:
1150 3837 1249 3891 fuit
1290 3853 1418 3907 ergo
1478 3847 1690 3905 tempus
1742 3836 1958 3906 aliquod
2006 3836 2059 3890 in

483 3947 590 4002 quo
623 3931 762 3987 Deus
797 3932 1033 4000 potentia
1062 3942 1115 3986 et
1143 3931 1404 4002 sapientia
1436 3930 1605 3985 caruit
1634 3947 1649 3998 ;
1675 3931 1927 3985 nimirum
1957 3946 2062 3985 non

483 4025 776 4079 exsistente
797 4023 954 4079 Filio.
982 4024 1245 4080 Creatura
1277 4029 1421 4079 enim
1453 4039 1518 4079 ex
1541 4038 1606 4078 eo
1634 4022 1777 4093 quod
1830 4040 1936 4080 non
1983 4032 2067 4078 est

486 4116 564 4172 tit.
589 4119 659 4169 At
698 4116 855 4170 Pater
890 4132 1103 4185 semper
1122 4127 1242 4173 erat
1301 4117 1518 4188 sapiens
1564 4125 1618 4172 et
1663 4126 1876 4188 potens.
1936 4116 2067 4170 Erat

486 4208 667 4278 itaque
687 4218 742 4263 et
778 4207 950 4263 Filius
990 4210 1079 4279 qui
1120 4211 1235 4265 haec
1258 4210 1358 4287 ipsi
1395 4217 1499 4265 est.

1159 4319 1393 4378 ALIUD.

560 4414 616 4468 Si
656 4412 827 4469 Filius
849 4422 932 4468 est
964 4419 1235 4479 creatura,
1268 4426 1396 4468 vere
1426 4422 1602 4468 autem
1661 4413 1789 4467 dicit
1820 4432 1832 4468 :
1885 4433 1902 4466 ι
1963 4412 2063 4480 Qui

488 4507 620 4561 vidit
658 4520 766 4570 tne,
794 4505 930 4559 vidit
957 4504 1171 4559 Patrem
1210 4518 1389 4559 meum
1422 4504 1522 4569 “,3
1558 4505 1610 4559 in
1636 4514 1883 4560 creatura
1911 4520 2067 4575 appa—
2097 4485 2143 4539 ί)

488 4611 572 4656 ret
602 4601 784 4669 imago
826 4598 1025 4664 Patris,
1058 4596 1339 4669 archetypi
1366 4597 1481 4652 sive
1533 4597 1861 4667 exemplaris
1884 4598 1964 4652 sui
1997 4598 2070 4652 si-

489 4693 847 4749 militudinem
872 4690 1136 4748 referens.
1171 4690 1324 4759 Quod
1355 4691 1401 4745 si
1454 4690 1529 4746 ita
1558 4700 1662 4757 est,
1697 4690 1842 4746 nulla
1875 4700 1957 4748 est
1983 4690 2068 4746 itt-

489 4797 571 4839 ter
593 4794 900 4840 creaturam
926 4793 982 4839 et
1016 4781 1185 4838 Deum
1207 4781 1550 4851 dill'erentia;
1583 4783 1689 4838 imo
1739 4800 1870 4839 vero
1903 4785 2068 4840 etiam

468 4879 604 4947 ipse
634 4878 740 4932 erit
771 4888 1043 4933 creatura.
1072 4876 1239 4947 Atqui
1269 4877 1313 4933 si
1340 4886 1586 4933 creatura
1610 4893 1712 4933 non
1743 4887 1845 4944 est,
1905 4894 2071 4949 appa-

489 4981 567 5026 ret
586 4982 763 5027 autem
802 4983 944 5028 totus
967 4971 1020 5026 in
1048 4969 1216 5037 Filio;
1254 4986 1362 5026 non
1393 4977 1476 5026 cst
1512 4986 1640 5042 ergo
1666 4981 1914 5028 creatura
1975 4971 2067 5025 Fi-

490 5062 593 5117 lius
619 5065 707 5133 qui
735 5076 817 5120 est
837 5067 1013 5136 imago
1046 5066 1248 5120 Patris.

1148 5179 1380 5238 ALIUD.

562 5274 619 5343 Si
645 5290 813 5344 Filius
839 5301 923 5345 est
949 5302 1221 5356 creatura,
1258 5308 1381 5348 cum
1420 5293 1583 5348 Pater
1611 5296 1785 5350 factus
1813 5312 1916 5351 non
1953 5298 2020 5350 sit
2051 5314 2064 5350 :

489 5378 621 5434 dicit
639 5397 767 5437 vero
794 5385 861 5436 de
885 5384 1098 5452 seipso:
1137 5402 1157 5435 ι
1197 5385 1297 5450 Qui
1330 5385 1463 5440 vitlit
1492 5403 1599 5450 mc,
1635 5387 1765 5440 vidit
1792 5387 2062 5454 Patrem,»

490 5473 761 5539 quomodo
788 5473 843 5527 in
871 5488 937 5529 eo
966 5476 1108 5544 quod
1148 5474 1307 5544 211
1380 5489 1621 5532 creatum
1686 5491 1791 5545 est,
1819 5480 1873 5536 id
1925 5483 2067 5549 quod

464 5566 735 5617 'creatum
762 5579 864 5618 non
892 5576 978 5620 est
996 5567 1309 5622 omnimodc
1336 5570 1656 5638 apparebit?
1677 5571 1739 5627 Et
1766 5572 1812 5627 si
1848 5581 2064 5628 creatu—

2141 577 2160 609 ‹
2193 558 2412 612 Γίνεσθε
2458 561 2819 629 οἰκτίρμονες,
2862 556 3046 619 καθὼς
3088 556 3184 609 καὶ
3226 556 3254 607 6
3288 554 3482 626 Πατὴρ
3516 554 3671 625 ὑμῶν
3705 557 3737 607 6

2135 650 2386 720 οὐράνιος
2418 650 2716 720 οἰκτίρμων
2746 648 2920 714 ὲστίν;
2960 665 2979 699 ι
3010 647 3073 699 Εἰ
3103 647 3200 717 μὲν
3225 639 3319 699 οὖν
3352 644 3600 715 ὑπῆρχον
3627 644 3735 715 ήδη

2139 741 2275 812 πρὸς
2300 741 2394 804 οὒς
2416 737 2483 812 ἧν
2510 743 2541 794 6
2571 740 2745 808 λόγος,
2782 739 2897 805 πῶς
2931 739 2996 793 ἂν
3028 739 3284 810 σημαίνοι
3315 738 3534 801 πάντως
3560 738 3623 790 τὸ
3646 736 3744 808 τί·

2138 838 2352 889 νεσθαι
2382 834 2481 905 τὴν
2515 836 2593 896 είς
2622 833 2682 886 τὸ
2723 829 2865 885 εἶναι
2898 832 3167 901 πάροδον;
3208 832 3283 884 Οὐ
3320 830 3429 902 γὰρ
3454 830 3519 884 ἂν
3555 830 3739 901 δήπου

2140 928 2201 981 τὸ
2235 928 2333 999 ἤδη
2370 927 2429 981 ὃν
2452 928 2533 990 είς
2571 926 2631 979 τὸ
2659 921 2799 978 εἶναι
2830 927 3066 996 φέροιτο,
3105 925 3241 979 ἀλλὰ
3271 924 3334 977 τὸ
3370 925 3444 994 μὴ
3475 923 3556 976 ὃν.
3589 922 3654 975 Εἰ
3679 922 3743 975 δὲ

2142 1022 2287 1075 κατὰ
2313 1020 2421 1074 τῶν
2467 1020 2637 1073 ὅντων
2670 1019 2729 1071 τὸ
2775 1020 3045 1087 γίνεσθαι
3093 1018 3369 1087 κείμενον,
3416 1017 3518 1069 οὐκ
3560 1016 3741 1085 ἀρχήν

2142 1130 2266 1167 τινα
2301 1112 2558 1183 σημαίνει
2589 1112 2688 1182 τῆς
2730 1111 3017 1182 ὑπάρξεως
3052 1110 3280 1173 τούτων,
3313 1108 3451 1163 ἀλλὰ
3483 1108 3584 1178 τὴν
3626 1105 3743 1160 ἀπό

2144 1221 2290 1266 τινος
2329 1205 2408 1268 εἷς
2453 1222 2506 1257 τι
2536 1204 2863 1275 μεταὸολὴν,
2890 1204 3065 1267 οὐδεὶς
3111 1203 3418 1271 ἀναγκάσει
3445 1200 3604 1269 λόγος
3642 1200 3741 1252 ἐπὶ

2146 1296 2239 1349 τοῦ
2271 1297 2400 1349 Υίοῦ
2445 1297 2537 1350 τοῦ
2569 1297 2728 1364 Θεοῦ,
2754 1297 2816 1349 τὸ
2847 1316 2863 1347 t
2915 1297 3208 1366 γενόμενος
3246 1314 3264 1347 ι
3297 1294 3396 1367 τῆς
3448 1291 3742 1362 ὑπάρξεως

2150 1383 2293 1441 εἶναι
2325 1405 2391 1460 ση
2401 1389 2680 1459 μαντικόν.
3176 1399 3189 1410 '

2625 1578 2987 1664 ΛΟΓΟΣ
3060 1579 3217 1662 ΚΑ
3238 1635 3261 1660 .

2149 1738 2251 1802 Είς
2298 1737 2364 1790 τὸ
2428 1735 2617 1804 ρητιῖκν
2662 1735 2769 1788 τοῦ
2810 1728 3207 1789 Ἀποστόλουέ
3255 1753 3273 1785 t
3311 1736 3743 1804 Κατανοήσατε

2224 1806 2337 1877 τὼζ
2378 1807 2727 1861 ἀπόστολον
2773 1805 2873 1861 καὶ
2924 1806 3221 1877 ἀρχιερέα
3264 1804 3739 1877 τῆςνόμολογίας

2220 1876 2391 1945 ἡμῶν
2432 1878 2685 1944 Ἰησοῦν,
2709 1877 2928 1929 πιστὸν
2957 1870 3103 1929 ὄντα
3152 1870 3232 1939 τῷ
3269 1870 3589 1944 ποιήσοντι
3615 1870 3737 1931 ἀὐξ-

2222 1949 2362 2001 τόνο
2405 1966 2424 1998 ›
2465 1948 2530 2000 τὸ
2561 1947 2629 2000 δὲ
2657 1948 3096 2016 συναγόμενον,
3130 1945 3220 1999 ὅτι
3248 1948 3318 1999 οὺ
3345 1950 3571 2017 ποίημα
3595 1948 3736 2001 οὐδὲ

2224 2018 2443 2088 κτίσμα
2473 2021 2506 2071 ό
2535 2019 2682 2083 Υἱός.

2224 2136 2289 2188 Εί
2329 2134 2541 2204 ποίημά
2567 2135 2717 2187 ἐστιν
2746 2135 2775 2186 6
2804 2133 2956 2196 Υἱὸς,
2987 2130 3047 2184 ἓν
3072 2148 3125 2184 τι
3154 2132 3247 2185 καὶ
3271 2130 3428 2184 αὑτὸν
3454 2126 3592 2184 εἶναι
3620 2130 3726 2183 τῶν

2155 2229 2375 2282 πάντων
2407 2227 2622 2296 ἀνάγκη
2658 2225 3110 2297 προσομολογείν,
3146 2225 3246 2277 οὐκ
3270 2223 3453 2293 ἔχοντα
3485 2222 3583 2292 τῆς
3607 2222 3724 2275 6εό-

2155 2334 2316 2388 τητος
2339 2316 2400 2370 τὸ
2432 2316 2730 2386 ἐξαίρετον,
2771 2316 2832 2369 τὸ
2861 2316 2963 2385 ,ἀεὶ
2997 2310 3161 2378 εἶναι,
3203 2314 3368 2384 φημί.
3404 2314 3468 2367 Ei
3497 2314 3554 2366 δὲ
3577 2313 3732 2366 τοῦτο

2155 2411 2372 2482 ἀληθὲς,
2416 2411 2592 2464 πάντα
2621 2411 2678 2463 δὲ
2708 2410 2901 2478 γέγονε
2937 2409 3006 2463 δι’
3045 2408 3199 2472 Υἱοῦ,
3231 2410 3328 2461 καὶ
3360 2407 3532 2479 χωρὶς
3576 2406 3736 2460 αὑτοῦ

2156 2500 2375 2570 ἐγένετο
2392 2499 2514 2553 οὐδὲ
2539 2498 2618 2562 ἓν,
2654 2498 2847 2551 ἑαυτὸν
2870 2499 2900 2551 6
2922 2497 3095 2566 Λόγος
3118 2497 3463 2567 δημιουργεῖ.
3497 2494 3608 2547 Καὶ
3631 2492 3741 2556 πῶς

2159 2591 2226 2647 ἂν
2253 2591 2522 2661 ἐνδέχοιτο
2550 2591 2715 2661 μήπω
2744 2588 2823 2655 ὃν,
2867 2588 3026 2642 ἑαυτὸ
3060 2588 3334 2660 παράγειν
3368 2588 3449 2650 εἰς
3475 2584 3537 2637 τὸ
3564 2580 3702 2637 εἶναι
3726 2598 3741 2648 ;

2160 2686 2222 2738 Et
2242 2685 2299 2737 δὲ
2329 2684 2488 2736 τοῦτο
2519 2682 2801 2747 ἀδύνατον,
2832 2684 2932 2735 οὐκ
2972 2681 3080 2754 ἄρα
3115 2680 3173 2734 ἓν
3210 2680 3318 2733 τῶν
3357 2680 3579 2733 πάντων
3601 2678 3745 2730 ἐστὶν

2158 2777 2187 2829 6
2216 2778 2365 2843 Υἱὸς,
2399 2778 2487 2831 ἵνα
2538 2777 2623 2849 μὴ.
2655 2780 2766 2841 τοῖς
2810 2780 2945 2831 πᾶσι
2985 2775 3511 2847 συναριθμούμενος,
3555 2772 3747 2827 ἑαυτοῦ

2161 2870 2424 2940 φαίνηται
2456 2869 2688 2939 ποίημα.

2847 3073 3050 3129 ΑΛΛΟ.

2235 3183 2297 3236 Εἰ
2328 3183 2536 3255 ποίημά
2565 3185 2711 3237 ἐστιν
2740 3187 2768 3238 ὁ
2789 3184 2936 3248 Υἱὸς,
2972 3184 3215 3240 καλεῖται
3241 3184 3298 3239 δὲ
3325 3182 3419 3240 καὶ
3445 3186 3565 3241 ἐστι
3590 3186 3749 3259 σοφία

2162 3276 2254 3329 τοῦ
2286 3276 2517 3347 Πατρὸς,
2548 3276 2605 3342 ὃς
2648 3278 2826 3330 πάντα
2872 3281 2930 3331 ἐν
2965 3279 3126 3351 σοφίᾳ.
3164 3280 3443 3352 ἐποίησεν,
3491 3281 3749 3352 ὲαυτὴνὴ

2165 3370 2326 3439 σοφία
2352 3372 2510 3423 ποιεῖ.
2546 3370 2607 3422 Et
2639 3368 2695 3423 δὲ
2735 3371 2893 3424 τοῦτο
2926 3373 3148 3437 ἄτοπον,
3180 3374 3280 3427 οὐκ
3319 3373 3434 3426 ἔστι
3482 3374 3695 3445 ποίημα
3722 3376 3750 3426 6

2165 3463 2313 3527 Υἱὸς,
2343 3462 2638 3528 τουτέστιν,
2669 3466 2702 3535 ἡ
2737 3465 2897 3535 σοφία
2930 3465 3024 3519 τοῦ
3060 3466 3291 3538 Πατρὺς,
3327 3467 3413 3519 ἵνα
3451 3469 3528 3539 μὴ
3555 3468 3751 3539 ἑαυτὴν

2167 3555 2491 3625 ἐργάζηται.

2849 3670 3052 3724 ΑΛΛΟ.

2236 3761 2298 3813 Et
2329 3760 2555 3829 γέγονεν
2577 3762 2618 3826 ,ὁ
2649 3761 2797 3826 Υἱὸς,
2838 3762 3086 3817 καλεῖται
3131 3763 3188 3825 δὲ
3220 3763 3315 3818 καὶ
3352 3763 3467 3817 ἐστι
3501 3764 3643 3819 Θεοῦ
3665 3764 3749 3818 δύ-

2167 3869 2333 3922 ναμις
2360 3851 2451 3905 καὶ
2474 3851 2610 3905 Θεοῦ
2667 3854 2848 3922 σοφία,
2890 3850 2958 3926 ἦν
3004 3855 3113 3926 ἄρα
3157 3857 3370 3926 χρόνος,
3415 3857 3475 3910 ἐν
3504 3850 3664 3929 ᾧπερ
3686 3854 3752 3927 ἦν

2166 3943 2368 4011 ἄσοψὸς
2398 3959 2459 3995 τε
2491 3944 2585 3997 καὶ
2622 3944 2882 4010 ἀδύνατος
2915 3947 2943 3998 6
2969 3947 3123 4013 Θεὸς,
3169 3948 3271 4001 οὐκ
3301 3947 3452 4011 ὄντος
3495 3948 3654 4003 Υἰοῦ.
3683 3949 3756 4003 Τὸ

2165 4036 2276 4105 γὰρ
2302 4036 2519 4107 ποίημα
2547 4037 2763 4101 πάντως
2800 4040 2863 4092 ἐκ
2891 4039 2984 4093 τοῦ
3031 4041 3107 4112 μὴ
3131 4041 3283 4105 ὄντος
3312 4043 3546 4107 γίνεται.
3584 4042 3754 4111 Σοφὺς

2166 4129 2222 4182 δὲ
2248 4123 2317 4200 ἦν
2334 4128 2424 4182 ἀεὶ
2453 4129 2548 4181 καὶ
2594 4129 2817 4193 δυνατὸς
2851 4131 2879 4183 6
2906 4132 3116 4203 Πατήρ.
3148 4128 3257 4186 Ἦν
3284 4132 3394 4205 ἄρα
3421 4134 3515 4188 καὶ
3542 4133 3670 4198 Υἱὸς
3696 4132 3753 4197 ὃς

2166 4221 2340 4276 ταῦτά
2367 4223 2513 4276 ἐστιν
2539 4220 2706 4293 αὐτῷ.

2824 4342 2835 4356 ⁹
2863 4340 3068 4395 ΑΛΛΟ.

2241 4429 2304 4482 Et
2342 4430 2555 4502 ποίημά
2593 4434 2740 4486 ὲστιν
2764 4432 2793 4485 6
2822 4432 2971 4497 Υἱὸς,
2999 4433 3149 4502 λέγει
3180 4433 3238 4487 δὲ
3276 4434 3551 4507 ἀληθεύων
3574 4449 3590 4463 ·
3631 4454 3649 4487 ι
3690 4435 3748 4489 '0

2174 4519 2434 4591 ἑωρακὼς
2469 4522 2592 4592 ἐμὲ,
2640 4522 2854 4595 ἑώρακε
2896 4524 2989 4578 τὸν
3036 4526 3278 4596 Πατέρα⁸
3313 4546 3333 4579 ι
3385 4529 3444 4581 ὲν
3475 4529 3542 4598 τῇ
3579 4525 3754 4580 κτίσει

2172 4613 2420 4682 φαίνεται
2453 4614 2544 4668 τοῦ
2576 4615 2786 4689 Πατρὸς
2820 4618 2853 4687 ἡ
2903 4617 3088 4683 εἰκὼν,
3126 4617 3329 4689 ἔχουσα
3356 4619 3453 4690 τὴν
3495 4620 3757 4691 ὁμοίωσιν

2174 4705 2309 4776 πρὸς
2338 4706 2400 4759 τὸ
2428 4706 2754 4777 ἀρχέτυπον.
2789 4707 2852 4761 Εἰ
2877 4707 2933 4761 δὲ
2972 4708 3151 4772 τοῦτο,
3191 4711 3344 4764 οὐδὲν
3385 4713 3442 4766 ὲν
3470 4713 3538 4782 τῇ
3579 4711 3760 4765 κτίσει

2172 4799 2269 4852 καὶ
2304 4798 2380 4869 τῷ
2408 4798 2529 4869 Θεῷ
2559 4799 2620 4852 τὸ
2639 4799 2925 4871 διάφορονο
2954 4801 3105 4856 ἔσται
3131 4802 3188 4856 δὲ
3212 4802 3424 4874 ποίημα
3456 4804 3549 4857 καὶ
3572 4804 3756 4867 αὑτός.

2172 4891 2236 4943 Εἰ
2264 4890 2320 4943 δὲ
2349 4891 2450 4944 οὐκ
2474 4890 2590 4945 ἔστι
2630 4892 2860 4962 ποίημα,
2894 4893 3145 4961 φαίνεται
3168 4893 3225 4946 δὲ
3249 4893 3369 4957 ὅλος
3403 4896 3461 4947 ὲν
3494 4893 3632 4964 Υίῷ,
3661 4894 3765 4948 οὐκ

2172 4984 2282 5055 ἄρα
2312 4984 2525 5055 ποίημά
2544 4986 2690 5037 ἐστιν
2721 4986 2749 5041 ὁ
2771 4985 2899 5049 Υἱὸς
2925 4988 2958 5056 ὴ
2983 4985 3149 5041 εἰκὼν
3170 4986 3261 5039 τοῦ
3293 4986 3525 5058 Πατρός.

2858 5190 3066 5243 ΑΛΛΟ.

2246 5303 2308 5355 Εἰ
2359 5302 2571 5373 ποίημά
2611 5302 2805 5355 ὲστινὸ
2836 5302 2985 5365 Υἱὸς,
3033 5302 3127 5356 τοῦ
3166 5301 3379 5374 Πατρὶς
3408 5300 3469 5355 οὐ
3507 5300 3766 5370 ποιηθέν-

2176 5411 2285 5459 τος,
2316 5394 2464 5463 λέγει
2498 5395 2556 5448 δὲ
2596 5395 2725 5466 περὶ
2775 5387 3009 5447 ὲαυτοῦ³
3041 5411 3060 5445 t
3118 5394 3178 5447 Ὀ
3223 5391 3488 5466 ἑωρακὼς
3519 5393 3643 5463 ἐμὲ,
3669 5390 3767 5444 ἐώ-

2178 5503 2311 5559 ρακε
2340 5487 2431 5541 τὸν
2475 5486 2715 5556 Πατέρα’
2754 5506 2772 5537 ι
2819 5485 2937 5550 πῶς
2988 5488 3045 5540 ὲν
3087 5485 3165 5557 τῷ
3200 5486 3559 5557 πεποιημένῳ
3596 5485 3658 5538 τὸ
3691 5486 3769 5555 μὴ

2176 5575 2399 5646 ποιηθὲν
2432 5575 2869 5647 ἀπαραλλάκτως
2895 5578 3174 5647 φανεῖται;
3208 5577 3319 5631 Καὶ
3344 5577 3393 5629 εί
3422 5575 3638 5646 ποίημα
3668 5574 3768 5640 ὢν,

564 5717 610 5801 ις
650 5717 778 5772 an.
822 5718 1027 5801 Vl,n36.
1105 5719 1150 5750 ³⁸
1192 5719 1355 5778 llebr.
1392 5739 1475 5789 tu,
1512 5725 1563 5794 l,
1597 5723 1654 5779 ‘2.
1729 5727 1773 5759 "
1813 5725 1969 5782 Joau.
2014 5746 2052 5797 ι,

2217 5731 2260 5763 ³⁸
2293 5731 2312 5787 Ι
2342 5731 2466 5787 Cor.
2502 5746 2542 5797 ι,
2566 5731 2656 5786 24.
2735 5734 2779 5766 ³⁹
2810 5733 2951 5789 Psal.
2985 5750 3104 5801 cm,
3134 5733 3221 5788 24.
3298 5732 3343 5763 ‘°
3373 5732 3391 5785 ι
3416 5730 3547 5786 Cor.
3591 5747 3633 5799 ι,
3671 5728 3768 5785 ει.

496 5789 536 5820 ⁸⁸
572 5787 730 5846 Joan.
769 5804 876 5855 xtv,
909 5789 963 5844 9.
