4078 6260
361 358 457 415 537

1764 351 2035 409 TllESAU
2045 350 2138 407 RU
2148 348 2208 405 S.

3518 342 3623 396 539.

361 474 498 543 λέγει
523 491 537 505 ’
581 491 599 524 ι
648 473 708 526 Ὀ
739 471 1005 543 ἑωρακὼς
1038 473 1158 543 ἐμὲ,
1188 470 1402 542 ἑώρακε
1425 472 1517 524 τὸν
1553 470 1795 542 Πατέρα,
1835 489 1854 521 ι
1892 469 1943 522 τί

2057 481 2108 521 ra
2149 479 2271 521 cum
2302 464 2392 529 sit,
2443 464 2571 520 dicit
2602 481 2617 519 ε
2646 480 2663 514 ι
2697 461 2799 530 Qui
2838 462 2966 517 vidit
3001 476 3105 527 me,
3152 462 3283 516 vidit
3324 459 3562 523 Patrem,
3600 478 3619 510 ο

359 564 584 619 κωλύσει
618 564 712 617 καὶ
737 566 888 634 ἡμᾶς
918 567 986 635 τῇ
1024 563 1162 634 αὐτῇ
1204 563 1508 634 κεχρῆσθαι
1547 565 1723 634 φωνῇ,
1760 563 1809 614 εἰ
1846 580 1947 632 μη-

358 659 435 710 δὲν
465 657 653 727 ἕτερον
683 655 812 726 παρ’
841 656 992 725 ἡμᾶς
1020 657 1048 707 6
1075 654 1225 717 Υἱὸς,
1264 655 1401 708 καθὸ
1434 653 1646 724 ποίημα
1665 652 1761 707 καὶ
1788 651 1949 713 αὐτὸς

360 746 546 816 ὥσπερ
577 747 772 816 ήμεῖς;
807 742 972 797 Ἀλλὰ
1001 742 1163 797 τοῦτο
1200 743 1400 797 ἄτοπον
1420 759 1431 771 ·
1470 743 1531 796 οὐ
1570 742 1679 812 γὰρ
1711 743 1770 796 ὲν
1794 741 1951 812 ποιή-

364 851 496 903 ματι
520 833 617 887 τοῦ
645 836 720 905 μὴ
751 832 1069 903 ποιηθέντος
1092 835 1126 903 ἡ
1156 833 1436 904 ὁμοιότης.
1461 835 1575 888 οὐκ
1607 832 1717 904 ἄρα
1739 831 1950 903 ποίημα

364 929 390 978 6
417 927 548 991 Υἱὸς
586 929 620 998 ὴ
656 926 751 980 τοῦ
780 926 991 997 Πατρὸς
1022 926 1445 997 ἀπαράλλακτος
1478 924 1665 979 εἰκών.

1046 1210 1256 1265 ΑΛΛΟ.

436 1322 503 1375 El
538 1321 747 1393 ποίημά
795 1324 946 1377 ἐστιν
980 1324 1009 1377 6
1035 1321 1185 1391 Υἱὸς,
1232 1323 1383 1394 λέγει
1422 1326 1481 1380 δὲ
1525 1326 1832 1399 ἀληθεύων,
1871 1330 1954 1384 ὅτι

374 1433 391 1465 ι
427 1414 611 1468 Πάντα
645 1417 745 1469 ὅσα
774 1415 888 1486 ἔχει
920 1419 949 1471 6
976 1418 1189 1491 Πατὴρ,
1232 1419 1344 1488 ἐμά
1384 1420 1555 1473 ἐστιν·
1594 1440 1614 1473 ι
1662 1422 1815 1475 οὐδὲν
1844 1424 1954 1493 ἄρα

332 1531 346 1545 ·
368 1505 621 1575 περιττὸν
649 1509 709 1559 ὲν
733 1506 856 1578 Θεῷ
884 1508 982 1561 καὶ
1009 1508 1324 1579 κτίσμασιν.
1358 1511 1409 1562 ει
1438 1510 1618 1565 πάντα
1661 1512 1954 1583 πρόσεστιν

367 1596 549 1660 αὐτοῖς
568 1599 672 1651 ὅσα
712 1599 808 1651 καὶ
834 1598 916 1668 τῷ
954 1601 1146 1670 Πατρί.
1188 1602 1253 1653 Εἰ
1291 1601 1347 1654 δὲ
1382 1603 1542 1656 τοῦτο
1565 1604 1767 1659 ἄτοπον
1798 1604 1954 1673 (πολὺ

371 1691 480 1760 γὰρ
508 1691 572 1743 τὸ
603 1690 763 1744 Θεῖον
802 1692 916 1745 τῶν
941 1695 1253 1763 ποιημάτων
1298 1695 1657 1767 ἀπῴκισται),
1700 1698 1801 1751 οὐκ
1847 1697 1957 1767 ἄρα

2051 557 2180 627 quid
2200 556 2382 612 obstat
2412 558 2698 627 quominus
2730 556 2892 610 etiam
2944 569 3041 608 nos
3093 553 3281 607 eadem
3332 567 3463 607 voce
3502 562 3626 606 uta-

2053 664 2195 713 mur,
2220 649 2266 704 si
2305 649 2522 718 quidem
2562 648 2696 703 nihil
2721 647 2994 701 diversum
3020 654 3105 699 est
3148 660 3178 699 a
3229 642 3387 699 nobis
3432 652 3625 713 quate-

2052 756 2154 796 nus
2176 750 2229 796 et
2260 741 2375 810 ipse
2397 751 2643 797 creatura
2674 750 2755 795 est
2784 748 2842 793 ut
2873 737 3011 793 nos?
3046 735 3151 792 Sed
3191 737 3293 792 hoc
3328 735 3624 790 absurdum

2051 841 2175 887 est:
2215 847 2390 903 neque
2421 833 2568 888 enim
2592 832 2647 886 in
2680 846 2746 888 eo
2792 832 2933 901 quod
2964 839 3206 885 creatum
3262 826 3503 898 est,ejus
3535 826 3628 894 qui

2053 932 2272 977 creatus
2327 939 2433 977 non
2495 931 2577 976 est
2632 920 2924 976 similitudo
2980 919 3246 977 consistit.
3276 915 3393 973 Non
3422 926 3506 970 est
3529 916 3631 985 igi-

2054 1024 2141 1067 tur
2205 1024 2456 1067 creatura
2523 1013 2712 1080 Filius,
2784 1015 2876 1084 qui
2937 1022 3020 1069 est
3075 1012 3383 1068 omnimoda
3450 1007 3630 1063 Patris

2052 1101 2255 1172 imago.

2720 1211 2954 1268 ALIUD.

2127 1322 2183 1377 Si
2211 1323 2384 1378 Filius
2410 1333 2494 1379 est
2520 1333 2857 1386 creatura,et
2888 1338 3013 1378 vere
3035 1324 3167 1377 dicit
3192 1340 3206 1377 :
3235 1342 3254 1374 ι
3299 1322 3490 1378 Omnia
3517 1338 3635 1393 qua!

2059 1416 2223 1469 habet
2253 1414 2414 1468 Pater
2456 1430 2572 1470 mea
2610 1425 2737 1470 sunt
2770 1416 2861 1467 ἠς
2912 1433 2930 1466 ι
2971 1413 3105 1468 nihil
3164 1414 3328 1483 igitur
3360 1428 3442 1469 eat
3496 1430 3635 1484 pra:-

2057 1506 2288 1560 stantius
2321 1505 2373 1558 iu
2395 1508 2501 1562 Deo
2524 1522 2684 1576 quam
2716 1507 2766 1560 in
2789 1504 3074 1570 creaturis,
3123 1504 3171 1558 si
3202 1504 3382 1558 omnia
3415 1503 3521 1559 illis
3555 1504 3638 1558 in-

2056 1607 2184 1653 sunt
2222 1613 2344 1667 qua:
2377 1597 2543 1653 Patri.
2564 1598 2634 1652 At
2658 1599 2703 1654 si
2722 1600 2824 1654 hoc
2858 1599 3153 1653 absurdum
3176 1605 3262 1650 est
3290 1595 3457 1665 (Deus
3486 1601 3633 1650 enim

2060 1687 2324 1742 immensa
2356 1687 2659 1743 differentia
2693 1704 2721 1743 a
2751 1688 3015 1743 creaturis
3044 1686 3251 1757 distat),
3285 1701 3390 1741 non
3420 1695 3506 1740 est
3534 1686 3637 1753 igi-

378 1778 598 1847 ποίημά
625 1780 772 1831 ἐστιν
798 1782 827 1833 6
850 1781 996 1845 Υἱὸς,
1019 1776 1062 1849 ᾧ
1101 1786 1271 1838 πάντα
1301 1786 1559 1852 πρόσεστι
1598 1786 1850 1857 φυσικῶς
1885 1787 1956 1841 τὰ

2061 1786 2150 1832 tur
2172 1789 2417 1833 creatura
2442 1780 2613 1835 Filius
2639 1781 2724 1835 cui
2762 1781 2941 1836 omnia
2973 1781 3158 1835 insunt
3175 1778 3495 1834 naturaliter
3517 1792 3639 1848 quat

386 1868 484 1923 τοῦ
516 1871 729 1941 Πατρδς
760 1871 863 1925 ἴδια
896 1874 988 1926 καὶ
1015 1874 1265 1946 ἐξαίρετα

1055 1990 1263 2044 AAAO.

450 2097 511 2149 El
536 2096 743 2169 ποίημά
766 2100 915 2153 ἐστιν
940 2102 968 2155 6
993 2101 1147 2167 Υἱὸς,
1180 2103 1257 2177 μὴ
1285 2106 1553 2161 καλείσθω
1579 2107 1765 2179 Πατὴρ
1785 2108 1955 2162 αὐτοῦ

370 2191 403 2242 ‘6
429 2190 577 2254 Θεὸς,
626 2191 767 2244 ἀλλὰ
815 2192 1018 2263 μᾶλλον
1066 2195 1304 2266 ποιητὴς
1353 2196 1388 2265 ἢ
1437 2197 1783 2269 δημιουργός.
1826 2199 1957 2264 Υἱὸς

376 2277 484 2347 γὰρ
513 2278 758 2333 δεικνύει
790 2282 1029 2352 πατέρα,
1051 2285 1150 2336 καὶ
1181 2286 1395 2355 ποίημα
1412 2287 1503 2340 τὸν
1527 2286 1870 2359 δημιουργόν.
1896 2288 1957 2341 Εἰ

375 2370 433 2421 δὲ
467 2370 663 2441 Πατὴρ
692 2371 945 2425 καλεῖται
967 2374 1065 2426 nat
1087 2373 1206 2427 ἐστι
1237 2376 1394 2439 Θεὸς,
1435 2378 1536 2429 οὐκ
1558 2380 1663 2449 ἄρα
1693 2379 1899 2450 ποίημα
1932 2380 1960 2432 6

381 2460 535 2524 Υἱὸς,
567 2461 710 2515 ἀλλὰ
751 2463 1024 2535 γέννημα,
1052 2463 1151 2535 οὐχ
1197 2466 1272 2530 ὠς
1300 2468 1529 2539 ποιητὴν
1559 2469 1646 2522 τὸν
1672 2468 1822 2535 Θεὸν,
1851 2471 1961 2526 ἀλλ’

366 2551 459 2611 εὼς
486 2552 718 2623 Πατέρα
740 2551 963 2624 δηλοῦν.

1073 2669 1284 2724 ΔΛΛΟ.

444 2781 509 2834 Ei
548 2780 765 2853 ποίημά
798 2783 953 2836 ἐστιν
983 2784 1013 2836 6
1046 2783 1191 2849 Υἱὸς,
1235 2785 1312 2857 μὴ
1351 2786 1619 2843 καλείσθω
1658 2791 1855 2862 Λόγος,
1885 2793 1963 2866 μὴ

2058 1870 2202 1926 Patri
2228 1873 2443 1941 propria
2472 1873 2781 1944 eximiaque
2810 1873 3017 1928 insunt.

2711 1986 2949 2044 ALIUD.

2132 2092 2188 2148 Si
2213 2093 2380 2151 Filius
2401 2104 2483 2151 est
2512 2106 2783 2164 creatura,
2800 2112 2871 2151 ne
2887 2107 3107 2153 vocetur
3134 2098 3295 2155 Pater
3316 2099 3431 2166 ejus
3460 2098 3627 2163 Deus,

2060 2188 2152 2243 sed
2192 2188 2373 2257 potius
2397 2196 2613 2243 creator
2642 2197 2735 2243 aut
2756 2188 2957 2259 Opifex.
2988 2188 3158 2246 Filius
3214 2191 3358 2245 enim
3407 2192 3642 2246 ostendit

2062 2287 2295 2350 patrem,
2326 2287 2379 2333 et
2405 2289 2657 2334 creatura
2697 2290 3021 2335 creatorem.
3061 2279 3155 2334 Sin
3205 2292 3385 2335 autem
3420 2290 3643 2335 vocatur

2061 2379 2117 2425 et
2145 2381 2229 2425 est
2258 2369 2422 2436 Deus,
2453 2385 2558 2425 non
2587 2371 2773 2440 utique
2802 2382 3053 2426 creatura
3086 2382 3167 2426 est
3199 2372 3394 2437 Filius,
3426 2373 3518 2427 sed
3546 2388 3642 2443 ge-

2063 2461 2264 2527 nimen,
2293 2462 2461 2517 Deum
2497 2476 2605 2517 non
2628 2472 2688 2517 ut
2713 2463 3001 2528 factorem,
3030 2465 3124 2519 sed
3180 2474 3238 2520 ut
3288 2463 3503 2518 Patrem
3554 2463 3646 2519 de-

2062 2563 2391 2610 monstrans.

2747 2668 2982 2728 ALIUD.

2140 2785 2199 2842 Si
2232 2784 2400 2840 Filius
2420 2793 2506 2840 est
2530 2792 2805 2852 creatura,
2838 2802 2906 2842 ne
2935 2797 3156 2843 vocetur
3178 2786 3439 2852 Verbum,
3473 2801 3539 2842 ne
3559 2801 3647 2844 sa-

371 2872 562 2942 ‘trozpia,
596 2872 672 2943 μὴ
706 2871 966 2944 δύναμις,
1019 2876 1096 2945 μὴ
1128 2876 1491 2950 ἀπαύγασμα,
1523 2881 1556 2952 ἢ
1586 2882 1760 2939 ταῦτα
1807 2887 1956 2941 κοινὰ

2070 2879 2300 2951 pientia,
2332 2893 2399 2934 ne
2430 2880 2669 2949 potentia
2707 2880 2775 2946 ⁸⁸,
2802 2896 2872 2936 ne
2934 2883 3188 2950 splendor
3219 2883 3302 2936 “z
3355 2892 3452 2937 aut
3500 2893 3651 2939 certe

372 2962 475 3014 καὶ
498 2963 606 3026 τοῖς
634 2961 815 3026 ἄλλοις
842 2962 999 3017 ἔσται
1027 2967 1347 3037 ποιήμασιν,
1374 2970 1530 3043 εἴπερ
1559 2971 1696 3035 ὅλως
1715 2975 1967 3048 κεχώρη-

2070 2971 2377 3025 communia
2405 2971 2519 3025 haec
2541 2978 2703 3025 erunt
2732 2973 2896 3026 etiam
2962 2988 3083 3026 cum
3116 2973 3237 3028 aliis
3283 2975 3580 3038 creaturis;
3606 2977 3650 3029 si

384 3071 483 3106 κεν
509 3054 649 3145 αὔτα
681 3058 866 3145 φορεῖν
908 3055 1125 3127 ποίημα
1155 3056 1232 3110 ὢν
1270 3058 1392 3113 καθ’
1432 3060 1576 3145 ὑμᾶς
1607 3066 1636 3117 6
1664 3062 1811 3129 Υἱός.
1845 3067 1956 3121 Κᾶν

2070 3061 2288 3131 quidem
2322 3061 2513 3117 horum
2547 3061 2788 3116 omnium
2816 3076 3070 3132 capacem
3103 3077 3226 3118 esse
3243 3063 3422 3117 dicitis
3452 3064 3649 3120 Filium

396 3144 507 3215 γάρ
525 3161 578 3197 τι
601 3144 762 3197 πλέον
788 3143 894 3199 τῶν
922 3146 1100 3200 ἄλλων
1141 3148 1302 3201 αὐτὸν
1328 3149 1470 3220 ἔχειν
1505 3143 1704 3226 λέγητε
1731 3157 1956 3228 ποιημά-

2074 3153 2164 3222 qui
2202 3161 2405 3217 tamen,
2434 3166 2503 3207 ex
2526 3161 2705 3208 vestra
2736 3153 3025 3219 sententia,
3062 3162 3146 3209 est
3204 3164 3472 3209 creatura.
3518 3155 3649 3210 Nam

400 3251 529 3299 των,
559 3233 670 3286 ἀλλ’
699 3233 847 3288 ἔσται
873 3235 1029 3289 πάλιν
1061 3237 1217 3291 οὐδὲν
1239 3234 1402 3311 ἦττον
1425 3242 1660 3315 ποίημα.
1699 3245 1763 3300 Εἰ
1793 3247 1850 3300 δὲ
1876 3248 1956 3301 sui

2073 3246 2287 3300 tametsi
2315 3262 2438 3300 eum
2461 3244 2664 3317 aliquid
2694 3246 2927 3318 amplius
2956 3263 3116 3317 quam
3174 3247 3412 3316 reliquas
3441 3257 3657 3303 creatuo

407 3325 504 3393 μὲν
536 3323 643 3378 τῶν
671 3325 842 3380 ἄλλων
868 3328 1074 3393 οὐδενὸς
1105 3329 1175 3383 τὰ
1202 3332 1432 3387 τοιαῦτα
1459 3334 1698 3404 λέγεται,
1730 3338 1878 3410 μόνῳ
1912 3339 1956 3393 δὲ

2073 3352 2162 3391 ras
2194 3338 2396 3393 habere
2461 3339 2749 3405 censeatis,
2797 3338 3149 3395 nihilominus
3221 3348 3403 3396 tamen
3490 3343 3651 3396 etiam
3748 3378 3751 3383 λ

401 3418 626 3489 πρέπειν
667 3419 743 3489 τῷ
796 3419 907 3490 Υἱῷ
959 3421 1380 3492 ἐπαληθεύεται,
1439 3428 1542 3482 οὐκ
1598 3430 1711 3501 ἄρα
1759 3430 1818 3485 ἒν
1860 3432 1956 3488 τῶι

2071 3436 2322 3483 creatura
2349 3438 2451 3486 est.
2479 3428 2544 3483 At
2580 3431 2624 3485 si
2660 3431 2725 3486 dc
2756 3432 2903 3486 nulla
2947 3433 3050 3486 alia
3091 3442 3343 3488 creatura
3378 3432 3651 3502 ejusmodi

399 3512 707 3581 ποιημάτων
744 3513 916 3579 ἐστὶν,
952 3514 1090 3569 ἀλλὰ
1130 3517 1340 3587 καρπὸς
1370 3519 1471 3591 τῆς
1518 3521 1710 3587 οὐσίας
1732 3523 1827 3578 τοῦ
1855 3526 1969 3582 Πα-

380 3600 531 3671 τράς.

1076 3816 1285 3870 ΑΛΔΟ.

456 3918 521 4013 Et
543 3921 717 3975 πάντα
744 3923 811 3976 δι’
842 3923 976 3978 Υἱοῦ
1006 3924 1333 3997 γεγενῆσθαί
1368 3948 1531 4001 φησιν
1555 3936 1587 4004 ἠ
1615 3935 1735 3991 θεία
1758 3940 1970 4013 Γραφὴ,

2073 3516 2349 3587 dicuntur,
2381 3522 2475 3577 sed
2507 3522 2607 3576 soli
2644 3522 2781 3579 Filio
2823 3539 2949 3580 vere
2984 3526 3349 3581 conveniunt:
3405 3540 3512 3581 non
3569 3535 3654 3580 est

2074 3609 2236 3679 igitur
2269 3612 2436 3670 Filius
2461 3630 2600 3671 unus
2629 3629 2694 3669 ex
2721 3616 3009 3682 creaturis,
3041 3617 3135 3672 sed
3172 3618 3376 3673 fructus
3404 3619 3655 3673 essentia:

2075 3701 2271 3759 Patris.

2745 3820 2978 3877 ALIUD.

2147 3929 2203 3985 Si
2234 3931 2511 4002 Scriptura
2536 3951 2689 3990 sacra
2726 3938 2909 3991 omnia
2964 3952 3059 4005 per
3102 3936 3294 3989 Filium
3346 3935 3486 3987 facta
3532 3947 3654 3990 esse

388 4011 596 4082 ποίημα
618 4012 675 4067 δέ
704 4031 789 4078 τις
811 4017 909 4069 καὶ
937 4017 1036 4087 οὐχ
1060 4018 1188 4072 Υίὸν
1218 4021 1472 4092 ὁμολογεῖ
1503 4024 1593 4078 τὸν
1622 4028 1815 4098 Λόγον,
1849 4011 1956 4086 Υεδ·

2080 4020 2332 4087 aﬂirntat,
2377 4032 2431 4077 at
2459 4039 2553 4077 vos
2576 4023 2819 4077 Verbum
2854 4032 3157 4077 creaturam
3211 4038 3330 4077 esse
3369 4024 3649 4077 contendi-

387 4103 488 4196 οίηι
512 4103 623 4196 ἔχει
651 4104 805 4170 θεός.
843 4106 910 4160 Εἰ
946 4106 1003 4161 δὲ
1032 4109 1193 4196 ’ξοῦτο
1218 4112 1436 4183 ἀληθὲς,
1476 4117 1594 4181 πῶς
1640 4118 1793 4176 ἔσται
1817 4140 1956 4196 ποιηι

2081 4116 2166 4176 tis,
2190 4127 2294 4167 non
2333 4111 2571 4169 Filium:
2601 4114 2741 4167 Deus
2770 4128 2899 4182 ergo
2921 4112 3114 4167 Filium
3149 4128 3253 4166 non
3290 4113 3470 4168 habet.
3500 4113 3652 4182 Quod

388 4194 508 4263 τὴς,
555 4195 657 4248 οὐκ
707 4196 849 4266 ἔχων
888 4198 959 4251 δι’
1008 4193 1070 4253 οὗ
1115 4200 1186 4255 τὰ
1229 4204 1408 4258 πάντα
1452 4206 1784 4278 ὲργάξεται;
1840 4193 1956 4270 Ἀλλ

2078 4202 2123 4255 si
2142 4216 2327 4256 verum
2372 4211 2477 4269 est,
2522 4201 2794 4272 quomodo
2820 4203 2924 4257 erit
2957 4214 3192 4267 creator,
3236 4218 3359 4256 cum
3418 4219 3524 4257 non
3562 4204 3657 4258 ha-

389 4284 686 4377 ἐργάζεται
713 4288 811 4341 καὶ
838 4288 1163 4377 δημιουργεῖ
1192 4294 1261 4347 τὰ
1289 4296 1469 4350 πάντα
1494 4298 1627 4362 Θεός
1651 4317 1665 4331 °
1698 4300 1844 4357 ἔστιν
1870 4306 1956 4377 ἇρε

2080 4294 2204 4348 heat
2257 4308 2352 4363 per
2378 4310 2537 4364 quem
2608 4296 2789 4350 omnia
2849 4295 3039 4350 creat?
3092 4295 3255 4365 Atqui
3311 4305 3568 4364 operatur
3601 4305 3656 4351 et

390 4377 483 4430 καὶ
518 4380 548 4431 6
582 4376 715 4442 Υἱὸς
745 4381 814 4434 δι’
843 4375 904 4433 οὗ
930 4382 999 4436 τὰ
1022 4384 1218 4453 πάντα,
1252 4386 1312 4439 τὸ
1348 4377 1732 4463 εἶναιθποίημα
1756 4375 1956 4466 διαφεύ

2081 4395 2228 4439 creat
2270 4387 2450 4441 omnia
2479 4387 2662 4442 Deus:
2725 4397 2808 4442 est
2841 4401 2970 4456 ergo
3020 4394 3072 4440 et
3114 4385 3299 4451 Filius,
3347 4401 3442 4456 per
3493 4402 3653 4456 quem

390 4485 504 4536 γων
525 4470 602 4533 ὡς
628 4469 784 4535 Θεός.

1076 4673 1281 4728 ΑΛΛΟ.

583 4779 680 4848 Ὠς
712 4781 781 4847 ἐξ
818 4783 1178 4853 ἀντιθέσεως
1231 4789 1351 4845 τῶν
1380 4791 1456 4847 δι’
1492 4795 1789 4866 ἐναντίας.

460 4916 743 4984 Βουλήσει,
792 4924 980 4989 φασὶν,
1026 4925 1055 4978 6
1094 4923 1285 4997 Πατὴρ
1324 4893 1414 4982 τον
1462 4929 1589 4985 Υἱὸν
1638 4932 1971 5003 ὑποστήσας,

2005 4510 2053 4569 D
2079 4474 2283 4541 omnia,
2312 4475 2521 4532 alienus
2546 4478 2614 4532 ab
2636 4492 2701 4533 eo
2730 4486 2788 4532 ut
2808 4478 2878 4532 sit
2903 4486 3174 4541 creatura,
3198 4477 3655 4548 quemadmodum

2082 4565 2239 4621 Deus.

2746 4684 2978 4740 ALIUD.

2449 4791 2536 4845 Ex
2567 4794 2855 4863 objections
2882 4794 3268 4848 haereticorum.

2150 4925 2332 4991 Pater,
2372 4926 2647 4997 inquiunt,
2678 4929 2953 4982 voluntate
2983 4926 3179 4981 Filium
3216 4921 3657 4985 substituensﬁta

386 5006 564 5072 οὕτως
613 5010 775 5064 αὑτὸν
819 5012 1040 5084 ἐποίησε
1074 5016 1168 5069 καὶ
1214 5017 1564 5089 δημιουργόν.
1616 5022 1751 5076 Ἀπὸ
1778 5022 1835 5076 δὲ
1868 5028 1956 5097 τῆς

2079 5031 2295 5086 quoque
2317 5027 2371 5071 et
2400 5018 2574 5087 ipsum
2604 5029 2903 5075 creatorem
2934 5016 3135 5071 eﬂ‘ecit.
3166 5016 3240 5069 Ex
3266 5015 3499 5068 essentia
3528 5027 3658 5067 vero

386 5099 578 5163 οὐσίας
599 5100 692 5154 τοῦ
721 5102 933 5173 Πατρὺς
961 5104 1022 5158 οὗ
1050 5124 1229 5177 φαμεν
1269 5110 1535 5181 ὑπάρχειν
1565 5113 1749 5177 αὑτὸν,
1784 5114 1870 5168 ἵνα
1891 5116 1967 5187 μὴ

2078 5108 2256 5163 Patris
2305 5124 2428 5163 eum
2484 5112 2747 5165 exsistere
2802 5122 3081 5176 negamus,
3157 5123 3226 5162 ne
3285 5104 3454 5159 sectio
3507 5120 3655 5175 qua:-

384 5194 531 5263 τομή
571 5211 655 5259 τις
683 5198 779 5249 καὶ
821 5199 1091 5271 ἀπόρροια
1143 5203 1326 5271 νοῆται
1372 5205 1501 5273 περὶ
1543 5205 1639 5275 τὴν
1693 5205 1956 5276 ἄφραστοι

2080 5201 2202 5253 dam
2239 5210 2331 5254 aut
2382 5200 2575 5256 divisio
2636 5203 2686 5256 in
2738 5201 2824 5255 illa
2878 5198 3136 5254 ineﬂ'ahili
3170 5197 3406 5254 essentia
3444 5206 3655 5251 statua-

388 5280 608 5355 ἐκείνην
638 5286 846 5342 οὐσίαν.

875 5403 1033 5471 Πρὸς
1071 5404 1246 5459 τοῦτο
1285 5407 1488 5471 λύσις.

469 5513 607 5567 Ἀλλ’
629 5513 747 5569 ἔστι
776 5516 954 5570 ταῦτα
976 5516 1141 5588 λῆρος
1168 5519 1263 5571 καὶ
1290 5518 1524 5589 φλυαρία
1554 5520 1744 5591 πολλή,
1783 5522 1977 5595 Ἀπόῤ-

2080 5300 2183 5345 tut.

2477 5406 2640 5477 212
2687 5404 2895 5462 Salutio
2925 5405 3253 5475 objectionis.

2151 5517 2309 5573 Mersa
2332 5535 2505 5590 nugae,
2538 5537 2797 5591 meraque
2822 5520 3174 5577 deliramenta
3208 5522 3323 5575 haec
3349 5529 3494 5575 sunt.
3553 5519 3653 5575 Se-

382 5603 507 5673 ροια
521 5605 624 5677 μὲν
643 5606 755 5677 γὰρ
771 5606 870 5659 καὶ
891 5604 1055 5676 τομὴ,
1086 5606 1181 5659 καὶ
1193 5607 1291 5659 ὃσα
1311 5606 1534 5660 τοιαῦτα
1560 5606 1729 5677 πάθη,
1752 5608 1956 5662 νοείσθο

2081 5611 2187 5667 ctio
2215 5613 2359 5667 enim
2382 5623 2436 5669 et
2468 5613 2682 5680 divisio,
2736 5614 2961 5683 alimque
3016 5615 3066 5670 id
3108 5628 3277 5684 genus
3343 5610 3657 5667 aﬁectiones

443 5785 487 5817 ⁴¹
517 5784 681 5855 Joan,
712 5801 827 5854 xw,
859 5783 951 5839 i5.
1032 5784 1076 5815 ‘3
1109 5783 1273 5841 lCor.
1306 5802 1344 5852 t,
1381 5785 1470 5841 24.
1551 5784 1594 5817 ⁸⁸
1621 5784 1783 5840 llehr.
1820 5798 1859 5843 ι,
1885 5783 1937 5838 '5.
