4078 6260
439 384 544 439 559

1460 381 1517 436 S.
1560 380 1836 435 CYltlLLl
1878 376 2351 432 ALEXANDRINI
2392 378 2708 432 ARCHIEP.

3599 376 3704 430 360

440 495 760 566 corporibus
799 497 1125 560 tribuantur,
1159 494 1351 564 quibus
1378 505 1430 550 et
1458 497 1669 552 alfectio
1701 498 1813 552 sive
1838 497 2018 567 passio

2127 498 2254 568 περὶ
2286 497 2352 550 τά
2382 498 2628 567 σώματα,
2663 493 2742 559 οἷς
2770 497 2861 548 καὶ
2893 495 2951 547 τὸ
2978 493 3209 563 πάσχειν
3241 493 3467 544 οἰκεῖον·
3501 492 3529 542 ό
3561 490 3616 544 δὲ
3645 491 3704 544 τὸ

441 590 652 656 propria
690 597 812 652 e5t;
867 589 957 657 qui
1006 604 1132 645 vero
1192 603 1487 659 corporeus
1539 603 1644 640 non
1707 598 1808 651 est,
1843 587 1911 641 ab
1953 601 2017 641 eo

441 679 603 730 etiam
639 695 913 748 corporea:
964 680 1280 735 affectiones
1312 681 1499 732 alienae
1542 678 1887 749 sunt.Gignit
1917 681 2017 732 ita-

443 786 544 838 que
577 771 710 824 citra
739 769 896 824 dilam
922 773 1212 825 sectiOnetu
1241 780 1331 822 aut
1372 771 1676 840 passionem
1707 771 1751 824 is
1799 773 1890 840 qui
1948 772 2019 824 itt-

441 878 732 932 t-orporens
761 873 858 916 est.
899 862 1154 928 Qum-nant
1189 863 1333 914 enim
1377 862 1560 929 passio
1614 862 1714 916 soli
1770 864 2018 916 accidere

443 954 706 1014 cernitur,
739 967 859 1004 cum
894 969 958 1004 ex
988 967 1045 1004 se
1076 953 1245 1020 gignit
1273 951 1500 1004 linuen?
1540 953 1796 1018 Quaenam
1826 954 2018 1007 divisio

444 1046 638 1099 :u-cidit
667 1045 1037 1112 igni,quando
1087 1044 1536 1099 illurniuatioriem
1579 1061 1642 1100 ex
1679 1061 1739 1100 se
1779 1047 2020 1100 emittit?

443 1138 507 1187 At
539 1136 582 1188 si
622 1136 728 1187 han:
756 1136 978 1204 gignunt
1008 1137 1140 1188 citra
1200 1135 1364 1187 ullam
1425 1137 1848 1204 separatiouem,
1890 1152 2018 1206 pro-

441 1230 750 1292 ducuntque
777 1241 836 1277 ea
868 1241 988 1293 qua:
1008 1227 1060 1278 in
1081 1226 1211 1294 ipsis
1234 1240 1360 1279 sunt
1386 1227 1588 1294 absque
1612 1227 1716 1280 ulla
1746 1228 2014 1296 passione,

441 1318 712 1384 quomodo
741 1332 844 1367 non
875 1315 1044 1369 multo
1070 1316 1238 1385 magis
1257 1317 1448 1370 horum
1472 1329 1684 1371 creator
1705 1334 1768 1371 ex
1797 1334 1891 1372 sua
1922 1334 2018 1370 na-

447 1422 564 1461 tura
607 1408 1230 1477 eiuittetsplendorem?
1261 1410 1364 1462 Aut
1414 1410 1682 1477 quomodo
1739 1410 2019 1463 character

443 1502 510 1551 ab
542 1500 772 1567 imagine
789 1499 1116 1566 separetur?
1152 1499 1380 1568 Semper
1407 1501 1550 1552 enim
1585 1501 1697 1553 haec
1733 1499 2016 1568 conjuncta

443 1605 568 1646 sunt
598 1591 865 1660 Sillttli‘qlle
910 1592 1194 1645 exsistunt.
1262 1590 1356 1643 Sin
1419 1606 1546 1644 vero
1598 1592 1752 1660 juxta
1800 1592 2015 1645 illorum

443 1685 770 1752 opinionem,
805 1682 956 1736 arida
989 1698 1054 1737 ac
1111 1684 1313 1738 sterilis
1336 1693 1421 1736 est
1451 1682 1543 1736 Dei
1572 1694 1762 1736 natura
1802 1700 1815 1734 :
1869 1698 2018 1750 quae-

446 1792 568 1829 nant
597 1792 660 1828 ex
708 1777 823 1843 ipso
879 1777 1176 1843 procedens
1222 1776 1474 1830 voluntas
1522 1777 1706 1830 efﬁcax
1747 1788 1850 1839 est,
1899 1791 2016 1844 quae

444 1868 675 1931 Filium,
713 1877 770 1919 tit
816 1867 888 1918 illi
921 1867 1120 1931 volunt,
1154 1868 1451 1932 substituit,
1501 1868 1736 1920 creatrix
1780 1868 2021 1935 quatdam

445 1962 734 2020 t'XSiSlCII“,
757 1968 1010 2010 eteorum
1029 1973 1148 2026 quae
1165 1975 1268 2014 non
1293 1960 1560 2013 exsistunt
1583 1958 1862 2012 ell‘ectrix?
1888 1956 2022 2012 Cum

446 2068 464 2099 t,
482 2050 589 2101 nim
611 2050 911 2101 detrectant
942 2048 1118 2113 fateri,
1147 2063 1209 2101 ex
1256 2049 1490 2102 essentia
1557 2047 1734 2101 Patris
1781 2048 2022 2117 genitum

446 2156 564 2194 esse
586 2156 778 2194 creans
812 2141 979 2209 ipsius
1009 2140 1264 2202 Verbum,
1299 2155 1327 2191 a
1362 2141 1588 2194 veritate
1620 2142 1670 2192 in
1702 2141 1839 2192 hunc
1865 2155 2019 2194 erro-

448 2249 562 2285 rem
596 2233 869 2285 labuntur.
911 2233 1003 2285 Est
1032 2231 1172 2284 enim
1207 2231 1374 2284 Filius
1408 2233 1524 2284 viva
1557 2243 1719 2298 atque
1768 2233 2024 2284 essentia.

447 2325 566 2377 liter
598 2323 922 2378 inexsistens
950 2323 1126 2377 Patris
1157 2323 1425 2387 voluntas,
1461 2334 1514 2377 ct
1569 2322 1802 2376 Verbum
1833 2323 2021 2392 ipsius,

447 2432 541 2486 per
570 2418 708 2485 quod
739 2416 916 2471 omnia
952 2425 1220 2484 operatur.

448 2548 750 2602 Obiter-vatio
782 2566 846 2602 ea:
867 2566 1018 2621 sacra
1061 2549 1356 2616 Scriptura,
1381 2552 1517 2618 quod
1546 2550 1702 2603 etiam
1727 2551 1792 2603 de
1836 2553 1902 2603 iis
1934 2552 2026 2621 qui

511 2621 825 2671 naturaliter
847 2620 950 2685 ﬁlii
980 2629 1120 2681 sunt,
1149 2638 1166 2668 ι
1194 2623 1422 2686 genitum
1465 2636 1592 2684 esse,
1628 2638 1646 2670 ι
1697 2630 1743 2672 et
1773 2640 1789 2669 ι
1825 2620 2025 2688 factum

505 2705 634 2751 esse,
673 2707 689 2736 ι
733 2688 1099 2755 indifferenter
1128 2689 1360 2742 dicatur.

521 2821 748 2874 Nomina
781 2820 912 2874 nihil
943 2819 1204 2880 (tiiieittttt,
1251 2835 1372 2873 cunt
1430 2835 1517 2874 res
1570 2821 1698 2889 ipsze
1763 2822 1920 2875 aliter
1968 2838 2026 2877 se

453 2914 672 2967 habent.
712 2910 945 2966 Tametsi
985 2913 1124 2964 enini
1172 2913 1238 2965 iis
1283 2911 1371 2980 qui
1407 2919 1600 2967 natura
1627 2914 1718 2966 ﬁlii
1746 2923 1892 2978 sunt,
1921 2929 2028 2968 ser-

453 3006 636 3058 vitutis
673 3021 861 3057 nomen
911 3006 1346 3057 accommodetur
1373 3047 1386 3069 ,
1427 3005 1688 3060 naturalis
1734 3007 2026 3060 nobilitatis

452 3099 696 3168 dignitati
726 3097 859 3150 nihil
896 3097 1142 3167 derogat.
1179 3100 1355 3164 Atque
1385 3099 1456 3150 ita
1501 3099 1662 3151 etiam
1693 3099 1738 3151 si
1764 3099 1850 3167 qui
1878 3100 2027 3167 geni-

2121 583 2259 639 εἶναι
2290 588 2444 657 σῶμα
2485 585 2780 655 διαφυγὼν,
2829 585 2921 637 καὶ
2964 583 3032 636 τὰ
3063 583 3331 653 σωμάτων
3356 581 3704 649 διαφεύξεται

2122 678 2290 748 παθη.
2341 680 2526 731 Τίκτει
2575 676 2859 746 τοιγαροῦν
2910 676 3223 745 ἀμερίστως
3272 673 3364 726 καὶ
3407 673 3638 736 ἀπαθῶς
3679 677 3706 726 ό

2121 766 2432 838 ἀσώματος.
2476 771 2631 821 Ποῖον
2673 768 2781 840 γάρ
2828 769 2996 830 πάθος
3045 767 3170 836 περὶ
3205 766 3293 818 τὸν
3331 765 3482 835 ἥλιον
3511 769 3704 836 ὁρᾶται

2120 862 2421 930 γινόμενον,
2450 862 2534 914 ὅτε
2571 861 2746 913 τίκτει
2777 859 2834 913 τὸ
2873 861 3015 928 φῶς;
3051 861 3209 920 Ποῖος
3253 857 3540 926 συμϐαίνει
3575 860 3701 928 περὶ

2119 953 2180 1005 τὸ
2211 953 2320 1023 πῦρ
2354 952 2638 1022 μερισμὸς,
2671 955 2798 1006 ὅταν
2839 952 3104 1023 ὲκπέμπῃ
3134 953 3221 1004 τὸν
3263 953 3321 1017 ἐξ
3352 949 3546 1003 ἑαυτοῦ
3589 969 3696 1018 φικ-

2120 1049 2344 1113 τισμόν;
2379 1044 2441 1097 El
2473 1043 2529 1094 δὲ
2555 1042 2726 1096 ταῦτα
2752 1043 2913 1112 γεννᾷ
2942 1043 3039 1112 μὲν
3063 1044 3397 1112 ἀμερίστως,
3425 1044 3698 1112 ἐκπέμπει

2121 1137 2175 1189 δὲ
2203 1137 2269 1188 τὰ
2315 1137 2373 1203 ἐξ
2423 1137 2628 1188 ἑαυτῶν
2674 1134 2920 1197 ἀπαθῶς,
2960 1136 3075 1197 πῶς
3114 1135 3173 1186 οὐ
3219 1135 3399 1206 πολλῷ
3444 1136 3647 1204 μᾶλλον
3675 1138 3702 1188 ὁ

2119 1227 2322 1280 τούτων
2382 1227 2610 1298 ποιητὴς
2660 1229 2758 1297 τῆς
2805 1227 2998 1280 ἑαυτοῦ
3056 1226 3270 1295 φύσεως
3327 1227 3597 1297 ἑκπέμψει
3642 1227 3703 1280 τὸ

2119 1319 2492 1388 ἀπαύγασμα;
2524 1320 2657 1372 Πότε
2681 1319 2965 1390 χαρακτὴρ
2993 1319 3199 1380 εἰκόνος
3225 1319 3555 1388 χωρίζεται;
3593 1319 3705 1371 Ἀεὶ

2118 1411 2228 1480 γάρ
2261 1412 2394 1481 αὐτῇ
2443 1410 2766 1480 συμπέφυκέ
2805 1427 2864 1461 τε
2900 1409 2992 1460 καὶ
3025 1408 3344 1478 ἐνυπάρχει.
3382 1409 3444 1460 Ei
3489 1408 3546 1460 δὲ
3581 1407 3702 1460 κατ’

2118 1503 2358 1564 ἐκείνους
2386 1501 2446 1571 ξη
2459 1501 2524 1571 ρὰ
2555 1503 2648 1554 καὶ
2686 1501 2930 1570 ἄκαρπός
2962 1504 3108 1553 ὲστιν
3136 1503 3168 1570 ἡ
3202 1499 3296 1552 τοῦ
3337 1499 3492 1569 Θεοῦλ
3517 1501 3700 1567 φύσις,
3775 1531 3778 1534 -

2119 1593 2252 1662 τίςή
2300 1590 2359 1655 ὲξ
2387 1591 2552 1644 αὑτοῦ
2590 1591 2926 1662 προελθοῦσα
2961 1591 3214 1660 βούλησις
3250 1578 3503 1662 ἐνεργὴς,
3543 1591 3578 1661 ἢ
3613 1592 3702 1644 καὶ

2117 1685 2207 1738 τὸν
2241 1684 2365 1736 Υίὸν
2415 1685 2534 1736 κατ’
2567 1683 2806 1746 ἐκείνους
2859 1683 3157 1752 ὑπέστησε,
3196 1683 3566 1754 δημιουργική
3619 1700 3702 1746 τις

2121 1772 2254 1828 οὖσα
2283 1777 2376 1829 καὶ
2413 1776 2521 1830 τῶν
2562 1777 2662 1828 οὐκ
2707 1777 2874 1829 ὄντων
2922 1776 3220 1846 ποιητική;
3261 1776 3563 1844 Φεύγοντες
3595 1776 3701 1848 γὰρ

2055 1848 2095 1901 Β
2125 1870 2183 1921 τὸ
2215 1872 2278 1921 ὲκ
2309 1869 2410 1938 τῆς
2435 1869 2622 1931 οὐσίας
2643 1867 2736 1922 τοῦ
2762 1868 2975 1938 Πατρὸς
3014 1867 3376 1938 γεγεννῆσθαι
3407 1869 3586 1935 λέγειν
3612 1869 3700 1921 τὸν

2125 1961 2455 2032 δημιουργὸν
2500 1960 2665 2014 αὑτοῦ
2705 1960 2897 2028 Λόγον,
2940 1961 3003 2011 ὲκ
3041 1960 3137 2029 τῆς
3170 1959 3428 2030 ἀληθείας
3460 1961 3537 2021 είς
3567 1959 3698 2012 αὐτὸ

2127 2051 2558 2105 συνελαύνονται.
2593 2052 2748 2104 Ἐστι
2796 2052 2903 2122 γὰρ
2933 2051 3059 2114 Υἱὸς
3088 2051 3121 2121 ὴ
3157 2051 3305 2114 ζῶσα
3341 2053 3429 2104 καὶ
3458 2050 3694 2113 ἐνούσιος

2124 2145 2217 2196 τοῦ
2251 2145 2463 2216 Πατρος
2503 2143 2778 2214 βούλησις,
2821 2145 2916 2198 καὶ
2945 2146 2972 2198 ὁ
3008 2145 3179 2212 Λόγος
3219 2145 3398 2209 αὐτοῦ,
3436 2145 3501 2197 δι’
3525 2137 3586 2195 οὗ
3618 2143 3689 2197 τὰ

2128 2238 2306 2291 πάντα
2338 2237 2656 2307 ἐργάζεται.

2140 2554 2519 2621 Ἐπιτιήρησις
2551 2552 2667 2606 ἀπὸ
2700 2546 2811 2618 τῆς
2853 2551 3014 2621 θείας
3049 2546 3317 2619 Γραφῆς,
3349 2548 3435 2621 ὅτι
3479 2547 3574 2621 καὶ
3602 2545 3699 2621 ἐπὶ

2198 2616 2525 2692 τῶν-ζώσει
2564 2621 2725 2682 υἱῶν,
2851 2641 2868 2671 ‹
2897 2616 3220 2692 ἐγὼ-οντα»
3257 2621 3295 2686 ἢ
3324 2619 3422 2671 καὶ
3454 2637 3472 2669 ι
3510 2616 3702 2684 ἐποιή-

2199 2698 2398 2760 θησαν
2446 2711 2463 2742 ι
2507 2692 2691 2744 κεῖται
2719 2691 3069 2758 ἀδιαφόρως.

2199 2826 2362 2879 Οὐδὲν
2412 2828 2464 2878 αἱ
2500 2824 2669 2888 λέξεις
2719 2823 3016 2886 ἀδικοῦσιν,
3069 2824 3197 2876 ὅταν
3242 2822 3444 2892 ἑτέρως
3496 2819 3594 2891 ἔχῃ
3637 2821 3704 2873 τά

2128 2917 2270 2988 πράγ
2286 2933 2447 2987 ματα.
2467 2916 2587 2967 Ἐπὶ
2618 2915 2726 2984 γάρ
2747 2914 2855 2966 τῶν
2879 2911 3212 2982 φύσειξυίῶν,
3245 2911 3347 2963 κᾶν
3369 2909 3428 2962 τὺ
3460 2908 3561 2977 τῆς
3581 2907 3703 2960 δου-

2127 3011 2277 3072 λείας
2315 3008 2483 3078 ὄνομα
2525 3007 2806 3076 τάττηται,
2842 3006 2902 3057 οὐ
2951 3004 3299 3074 παραιτεῖται
3332 2998 3428 3070 τῆς
3469 2998 3702 3067 φυσικῆς

2131 3098 2407 3167 εὐγενείας
2441 3098 2502 3149 τὸ
2548 3095 2785 3166 ἀξίωμα.
2827 3093 2945 3148 Κᾶν
2995 3095 3021 3146 ὁ
3066 3093 3344 3162 γεννηθεὶς
3377 3089 3697 3160 πεποιῆσθαι

454 3200 537 3241 tus
561 3200 661 3252 est,
696 3189 868 3242 factus
900 3203 1019 3242 esse
1069 3189 1302 3254 dieatur,
1341 3190 1578 3257 quandiu
1646 3205 1826 3243 veram
1869 3207 2018 3244 suam

2124 3189 2370 3260 λέγηται,
2406 3189 2510 3250 ’έως
2547 3187 2610 3240 ἂν
2643 3186 2791 3256 αὐτῷ
2825 3184 3194 3256 περισώζηται
3225 3183 3284 3236 τὸ
3318 3181 3697 3253 ἀληθέστερον.

451 3281 710 3348 originem
747 3281 966 3345 retinet,
994 3297 1186 3334 nomen
1220 3283 1394 3350 ipsum
1421 3281 1470 3333 ei
1521 3283 1716 3335 damno
1762 3298 1882 3336 esse
1922 3299 2025 3336 non

455 3371 933 3438 potest.Naturam
965 3373 1108 3424 enim
1168 3389 1274 3425 non
1340 3374 1556 3427 nomina
1607 3375 1658 3426 in
1717 3376 2026 3430 universum

459 3460 802 3528 inquirimus.
831 3461 962 3514 Cum
993 3463 1153 3530 igitur
1183 3465 1246 3515 de
1273 3464 1452 3531 genito
1479 3465 1572 3517 Dei
1605 3459 1782 3520 Verbo
1809 3467 2022 3532 dicitur,

454 3553 595 3620 quod
618 3552 689 3605 sit
709 3552 880 3605 [idolis
902 3553 949 3606 ei
975 3553 1063 3620 qui
1095 3553 1219 3606 fecit
1242 3554 1513 3622 ipsuth,
1545 3571 1608 3609 nc
1633 3558 1754 3624 quis
1781 3559 2026 3626 proprie-

455 3654 616 3697 tatem
646 3645 975 3696 exsistentia:
995 3645 1164 3712 ipsius
1187 3645 1566 3710 calumnietur,
1605 3651 1696 3702 sed
1719 3657 1809 3700 aut
1831 3649 2027 3702 intelli-

454 3747 538 3803 gat
566 3737 771 3790 ratione
811 3737 1208 3790 incarnationis
1237 3737 1463 3802 dictum,
1500 3749 1592 3790 aut
1643 3739 1778 3792 nihil
1829 3738 2021 3794 efficiat

455 3831 662 3882 veritati
702 3845 895 3883 nomen
941 3829 1084 3898 quod
1116 3825 1482 3884 indiﬂ‘erenter
1519 3830 1798 3898 accipitur.
1841 3830 2026 3885 Betsa-

454 3920 547 3973 hee
605 3919 947 3974 Salomoncm
1012 3937 1226 3975 servum
1286 3921 1449 3974 David
1501 3923 1731 3987 vocavit,
1796 3925 2022 3978 dicens:

457 4029 472 4060 ι
506 4007 729 4063 Servutn
767 4022 912 4063 luunt
945 4011 1285 4064 Saluntouetn
1317 4012 1382 4064 ⁸⁵.
1431 4031 1447 4062 ι
1471 4010 1657 4066 Patres
1677 4028 1890 4081 quoque
1922 4027 2024 4066 saa-

451 4119 764 4170 pcnnniero
787 4120 880 4158 eos
903 4105 992 4172 qui
1023 4121 1084 4156 ex
1118 4107 1246 4174 ipsis
1283 4107 1446 4172 geniti
1480 4117 1602 4159 sunt
1631 4121 1816 4160 servos
1832 4114 2026 4161 vocant

450 4206 503 4245 et
530 4212 734 4261 servos,
774 4197 930 4251 ﬁlios.
954 4197 1025 4250 Ca
1046 4207 1216 4250 terunt
1256 4201 1468 4250 nomina
1501 4210 1749 4252 naturam
1780 4216 1884 4253 non
1923 4200 2025 4253 im-

452 4294 679 4346 tnulant,
707 4288 798 4338 sed
827 4289 1002 4352 potius
1036 4296 1360 4352 petestatent
1397 4290 1606 4341 illorum
1636 4291 1726 4356 qui
1781 4291 1857 4344 ita
1906 4291 2024 4346 illos

452 4375 729 4441 appellare
757 4376 1073 4440 voluerunt,
1114 4381 1436 4448 signiﬁcant.
1467 4382 1618 4446 Quod
1651 4395 1828 4435 autem
1857 4386 2020 4437 etiam

452 4465 487 4517 ii
517 4467 607 4532 qui
636 4467 804 4533 geniti
833 4477 978 4530 sunt,
1019 4487 1037 4518 ‹
1079 4468 1202 4522 facti
1244 4489 1262 4520 ι
1315 4473 1587 4535 ditantur,
1635 4473 1757 4525 inde
1793 4475 2022 4528 manife-

2129 3282 2279 3334 οὐδὲν
2307 3279 2413 3333 ἀπὸ
2433 3282 2529 3349 τῆς
2558 3279 2755 3343 λέξεως
2784 3277 3042 3348 ὑπομένει
3088 3277 3147 3328 τὸ
3185 3276 3446 3345 ἀδίκημα.
3492 3275 3557 3327 Ἥ
3595 3273 3700 3343 γὰρ

2129 3373 2312 3440 φύσις,
2341 3371 2401 3423 ού
2441 3371 2658 3432 πάντως
2771 3368 2917 3434 λέξις
2948 3366 3279 3432 ἐξετάζεται.
3314 3366 3482 3418 Ὅταν
3525 3365 3700 3417 τοίνυν

2127 3465 2220 3517 ἐπὶ
2250 3464 2340 3517 τοῦ
2375 3464 2724 3534 γεννηθέντος
2755 3460 2894 3517 Θεοᾶ
2920 3461 3092 3528 Λόγου
3125 3461 3360 3530 φέρηται
3388 3459 3466 3521 τὸ,
3507 3457 3699 3511 Πιστὺν

2128 3556 2255 3610 ὂντα
2279 3557 2355 3626 τῷ
2392 3558 2676 3624 ποιήσαντι
2717 3553 2868 3616 αὐτὸ,
2898 3552 2971 3623 μὴ
2995 3551 3439 3620 συκοφαντείσθω
3469 3550 3528 3602 τὸ
3569 3550 3699 3620 γνή-

2131 3665 2242 3700 σιον
2264 3648 2360 3717 τῆς
2400 3645 2686 3716 ὑπάρξεως
2721 3643 2908 3704 αὐτοῦ,
2942 3643 3055 3695 ἀλλ’
3101 3643 3134 3713 ἤ
3182 3642 3406 3695 νοείσθω
3443 3643 3574 3713 περὶ
3612 3642 3702 3695 τὸν

2125 3739 2223 3809 τῆς
2281 3738 2742 3809 ἐνανθρωπήσεως
2784 3735 2960 3802 λόγον,
3008 3735 3041 3805 ἢ
3088 3733 3253 3804 μηδὲν
3307 3734 3562 3786 ἀδικείτω
3606 3733 3700 3804 τὴν

2127 3832 2388 3901 ἀλήθειαν
2410 3833 2470 3884 τὸ
2503 3829 2603 3899 τῆς
2630 3827 2829 3893 λέξεως
2858 3829 3168 3898 ἀδιάφορον.
3188 3826 3467 3896 Βηρσαϐεέ
3496 3827 3587 3878 τὸν
3609 3827 3692 3878 Σο-

2124 3923 2340 3994 λομῶνα
2369 3922 2552 3974 δοῦλον
2577 3920 2758 3973 ἐκάλει
2785 3920 2878 3972 τοῦ
2906 3920 3085 3982 Δαϐὶδ,
3111 3920 3343 3986 λέγουσα
3365 3935 3377 3947 ·
3417 3938 3437 3970 ι
3467 3919 3572 3972 Τὸν
3593 3917 3700 3970 δοῦ-

2125 4013 2213 4066 λόν
2244 4031 2336 4065 σου
2374 4011 2680 4080 Σολομῶνα.
2728 4029 2744 4060 ι
2781 4009 2888 4061 Καὶ
2929 4011 3164 4078 πατέρες
3202 4008 3460 4070 πολλάκις
3486 4009 3614 4071 τοὺς
3642 4003 3701 4070 ἐξ

2126 4105 2332 4158 ἑαυτῶν
2379 4102 2734 4172 γεννηθέντας
2783 4100 2997 4162 δούλους
3044 4099 3399 4162 ἀποκαλοῦσι,
3441 4100 3535 4152 καὶ
3575 4099 3696 4160 τοὺς

2124 4197 2338 4259 οἰκέτας
2373 4197 2542 4258 υἱούς.
2586 4195 2725 4248 Ἀλλ’
2760 4196 2858 4266 οὐχ
2886 4197 2941 4248 αἱ
2971 4194 3145 4260 λέξεις
3175 4193 3271 4262 τὴν
3315 4193 3479 4259 φύσιν
3504 4192 3696 4248 ἀλλάτ-

2123 4309 2298 4351 τουσι,
2331 4287 2529 4358 μᾶλλον
2549 4285 2606 4340 δὲ
2639 4287 2734 4355 τὴν
2762 4285 3008 4350 ἐξουσίαν
3048 4286 3155 4336 τῶν
3181 4284 3323 4336 οὕτω
3363 4282 3692 4352 βουλομένων

2125 4381 2419 4434 ἀποκαλεῖν
2437 4378 2884 4431 ἐπιδεικνύουσιν.
2913 4378 3032 4428 Ὀτι
3053 4376 3107 4427 δὲ
3130 4376 3222 4427 καὶ
3243 4375 3336 4426 ἐπὶ
3365 4374 3472 4427 τῶν
3502 4389 3688 4440 γεννω-

2129 4473 2302 4542 μένων
2333 4470 2734 4539 εΰρίσκεταιιτὸ
2767 4489 2783 4517 ι
2825 4469 3066 4538 ἐποίησε.
3101 4486 3117 4518 ι
3142 4468 3297 4537 δῆλον
3328 4465 3588 4520 ἐντεῦθεν.
3628 4463 3686 4515 Ὀ

449 4567 589 4606 stunt
616 4565 716 4607 est.
747 4555 906 4625 213
937 4557 1194 4610 Ezechias
1224 4560 1363 4610 enim
1399 4560 1467 4612 ita
1506 4561 1680 4627 inquit
1715 4579 1726 4614 :
1768 4580 1784 4611 ι
1819 4563 1897 4615 Ab
1931 4563 2020 4616 h0-

2130 4563 2223 4630 μὲν
2267 4563 2373 4628 γὰρ
2415 4559 2659 4628 Ἐζεκίας
2707 4559 2897 4626 φησίν
2934 4577 2950 4606 t
3001 4557 3130 4608 Ἀπὸ
3177 4556 3285 4625 γὰρ
3331 4555 3428 4622 τῆς
3461 4555 3690 4623 σήμερον

448 4647 634 4699 dicrno
659 4647 745 4698 die
776 4648 913 4700 [ilius
944 4649 1134 4701 faciant
1169 4647 1234 4703 “.
1278 4669 1296 4701 ι
1360 4649 1423 4704 Ει
1479 4653 1543 4704 de
1593 4649 1692 4706 Job
1758 4654 2016 4720 scriptum

445 4749 529 4792 est
565 4755 577 4790 ε
645 4758 661 4790 ι
695 4738 842 4793 Facti
881 4752 1006 4794 sunt
1038 4743 1084 4795 ei
1119 4743 1210 4795 hlii
1241 4753 1465 4812 septem,
1491 4754 1544 4798 et
1572 4744 1691 4799 (ilia:
1751 4755 1856 4800 tres
1888 4745 1954 4798 ⁸⁷.
1997 4765 2015 4796 ι

402 4883 414 4892 ,
447 4832 502 4884 Si
531 4847 658 4902 ergo
704 4835 753 4885 in
785 4833 1112 4900 hominibus,
1171 4852 1274 4889 non
1333 4837 1574 4891 absolute
1627 4840 1864 4903 nomina,
1926 4842 2018 4892 sed

447 4939 534 4976 res
571 4924 713 4993 ipsas
751 4925 1041 4992 intuentes,
1091 4943 1209 4996 qum
1261 4929 1512 4983 dicuntur
1553 4929 2011 4998 interpretamur:

444 5015 710 5080 quomodo
738 5033 840 5070 non
902 5018 1110 5070 utiliter
1161 5019 1299 5072 idem
1365 5023 1415 5074 itt
1479 5019 1614 5076 Filio
1659 5019 1750 5075 Dei
1803 5031 2009 5075 statue-

443 5106 590 5159 ntus?

1148 5311 1374 5365 ALIUD.

506 5417 730 5483 Nomen,
758 5419 924 5487 ﬁlius,
955 5422 1360 5490 generationem
1386 5437 1450 5475 ex
1501 5433 1652 5491 patre
1721 5424 2012 5494 signiﬁcat,

447 5518 691 5560 creatura
723 5523 872 5574 vero,
903 5511 1047 5578 quod
1110 5512 1348 5566 exterius
1417 5515 1767 5569 constitutum
1825 5527 1928 5571 est.
1957 5516 2012 5571 Si

441 5611 570 5666 ergo
593 5595 763 5651 Filius
792 5608 897 5664 cst,
931 5615 998 5654 ne
1033 5612 1249 5656 vocetur
1293 5616 1539 5659 creatura
1579 5622 1593 5660 :
1653 5610 1698 5660 si
1763 5621 2011 5663 creatura

515 5773 584 5810 “‘
617 5771 779 5826 Hebr.
819 5788 901 5838 III,
931 5774 985 5827 2.
1057 5777 1101 5805 "
1134 5775 1193 5829 III
1231 5775 1359 5844 Heg.
1391 5796 1428 5846 ι,
1467 5783 1548 5837 19.

1631 5785 1672 5812 ιλ
1705 5782 1764 5835 IV
1801 5783 1930 5849 Reg.
1962 5800 2073 5847 χιι,
2099 5785 2150 5837 ’5.

2125 4649 2313 4702 παιδία
2349 4648 2578 4717 ποιήσω.
2613 4667 2630 4699 ι
2670 4648 2804 4717 Περὶ
2839 4648 2894 4698 δὲ
2929 4647 3022 4698 τοῦ
3069 4645 3184 4697 ’1ὼό
3237 4647 3565 4716 γέγραπται,
3613 4643 3692 4693 ὅτι

2129 4761 2146 4791 ι
2190 4740 2465 4806 Ἐγένοντο
2489 4739 2635 4807 αὐτῷ
2677 4739 2780 4789 υἱοὶ
2810 4737 2946 4811 έπτά
2977 4738 3068 4788 καὶ
3113 4735 3412 4805 θυγατέρες
3457 4736 3624 4803 τρεῖς.
3670 4750 3687 4782 ι

2123 4833 2183 4884 Εἰ
2215 4831 2392 4883 τοίνυν
2428 4831 2514 4881 ἐπ’
2546 4828 2849 4898 ἀνθρώπων
2882 4830 2940 4881 οὺ
2983 4831 3099 4890 ταῖς
3135 4827 3443 4896 ἀκριϐείαις
3467 4825 3575 4876 τῶν
3610 4823 3688 4874 λέ·

2119 4922 2275 4989 ξεων,
2302 4921 2437 4974 ἀλλὰ
2475 4923 2540 4989 τῇ
2574 4919 2732 4987 φύσει
2764 4920 2871 4972 τῶν
2907 4919 3246 4988 πραγμάτων
3279 4917 3574 4987 ἐνορῶντες
3599 4919 3688 4967 ἑκ-

2115 5015 2383 5084 δεχόμεθα
2434 5013 2493 5065 τό
2538 5011 2890 5081 λαλούμενονο
2935 5011 3049 5072 πῶς
3102 5014 3200 5064 οὐκ
3248 5009 3562 5076 ἀναγκαίως
3603 5006 3688 5057 τὸν

2121 5108 2283 5159 αὑτὸν
2333 5102 2718 5173 διακεισόμεθα
2774 5103 2972 5169 τρόπον
3021 5104 3112 5155 ἐπὶ
3164 5100 3258 5154 τοῦ
3305 5100 3451 5152 θείου
3499 5099 3687 5166 γεννή·

2123 5210 2288 5262 ματος
2307 5209 2322 5256 ;

2799 5309 3005 5361 ΑΛΛΟ.

2186 5424 2258 5476 Τὸ
2289 5426 2415 5489 υἱὸς
2447 5423 2616 5494 ὄνομα
2645 5423 2746 5493 τὴν
2775 5423 2838 5474 ἐκ
2873 5420 3077 5489 πατρὸς
3117 5419 3371 5488 σημαίνει
3399 5415 3650 5485 γέννησιν
3670 5431 3682 5444 -

2111 5517 2172 5568 τὸ
2203 5517 2258 5568 δὲ
2288 5518 2536 5584 ποίημα,
2571 5517 2632 5570 τὸ
2681 5515 2878 5582 ἔξωθεν
2938 5512 3346 5579 συνιστάμενον.
3392 5509 3454 5560 Εἰ
3508 5507 3687 5558 τοίνυν

2114 5609 2239 5669 Υἱός
2269 5611 2404 5668 ἐστι,
2433 5606 2506 5677 μὴ
2541 5607 2811 5661 καλείσθω
2835 5606 3076 5674 ποίημα·
3119 5604 3168 5654 εί
3201 5598 3411 5669 ποίημά
3438 5598 3577 5662 ἔστι,
3612 5595 3687 5666 μὴ

2231 5783 2271 5812 ⁸⁷
2299 5781 2398 5838 Job
2433 5799 2472 5847 ι,
2505 5786 2556 5836 ‘2.
