4078 6260
325 276 422 332 3ﬁl

1745 267 2190 330 TllESAURUS.

3491 285 3600 340 36'!

325 389 588 446 καλείσθω
619 389 982 460 ψευδώνυμος
1013 389 1162 453 Υἱός.
1209 389 1348 444 Ἀλλ’
1377 389 1506 453 Υἱὸς
1545 390 1790 446 καλεῖται
1819 393 1916 446 καὶ

2024 397 2124 455 est,
2183 406 2251 446 ne
2312 391 2448 450 falso
2505 397 2724 452 nomine
2785 405 3010 454 vocetur
3071 399 3260 454 Filius.
3321 397 3596 456 Caeterum

324 487 460 538 ἔστιν
479 499 492 514 ³
521 483 722 537 οὐκοῦν
754 483 816 535 οὐ
847 481 1085 553 ποίημα.

319 599 524 663 ΑΔΑΟ,
573 599 760 668 λόγος
795 596 1054 670 πιθανὸς
1091 595 1406 670 δεικνύων,
1435 596 1526 652 ὅτι
1571 599 1644 653 οὐ
1687 599 1916 670 ποίημὰ

911 668 1087 720 ἐστιν
1125 671 1160 722 ὁ
1202 668 1357 734 Υἱός.

393 781 600 851 Εἴρηκέ
651 798 754 834 που
784 779 1042 850 Σολομῶν
1065 783 1095 834 ό
1123 779 1442 850 σοφώτατος
1465 821 1482 847 ,
1513 783 1598 836 ὅτι
1633 799 1650 834 t
1683 784 1914 855 Σύμπαν

312 874 374 925 τὸ
415 876 634 944 ποίημα
663 874 780 937 ἄξει
805 875 832 926 ὁ
865 873 997 937 Θεὸς
1025 876 1104 937 εἰς
1135 874 1338 946 κρίσιν.
1370 895 1390 928 ι
1433 876 1498 928 Ei
1519 875 1700 930 τοίνυν
1725 875 1784 930 ἓν
1805 877 1915 930 τῶν

326 969 656 1038 ποιημάτων
703 968 850 1020 ἐστὶν
893 969 922 1020 ό
957 967 1108 1030 Υἱὸς,
1155 967 1458 1038 ἀχθήσεται
1494 968 1590 1022 καὶ
1631 969 1796 1033 αὐτὸς
1835 971 1916 1034 είς

330 1063 536 1131 κρίσιν.
572 1061 680 1114 Καὶ
723 1060 840 1124 πῶς
866 1059 1150 1131 ἀληθεύσει
1197 1060 1372 1128 λέγων
1409 1063 1540 1132 περὶ
1577 1063 1798 1128 ἑαυτοῦ,
1831 1063 1914 1116 ὅτι

338 1171 358 1204 ι
409 1154 466 1208 Ὀ
497 1153 686 1224 Πατὴρ
731 1153 908 1225 κρίνει
957 1153 1168 1220 οὐδένα,
1199 1152 1340 1206 ἀλλὰ
1383 1155 1564 1208 πᾶσαν
1601 1153 1698 1226 τὴν
1733 1155 1916 1227 κρίσιν

332 1244 532 1297 δέδωκε
565 1245 642 1314 τῷ
680 1244 828 1316 Υίῷ;
869 1263 888 1296 ι
923 1245 995 1296 Ἦ
1029 1243 1150 1306 πῶς
1175 1245 1206 1296 ὁ
1228 1244 1430 1316 Δανιὴλ
1457 1246 1516 1298 οὐ
1543 1244 1806 1315 ψεύσεται
1827 1247 1916 1300 λέ-

330 1354 442 1405 γων
477 1340 558 1390 ὅτι
589 1339 742 1410 αὐτῷ
781 1337 938 1409 ἐδόθη
965 1337 1000 1408 ἠ
1039 1337 1256 1407 κρίσις;
1294 1337 1572 1408 Ἀληθεύει
1621 1340 1706 1394 δέ·
1753 1341 1918 1406 αὐτὸς

326 1433 432 1504 γάρ
457 1434 606 1484 ἐστιν
636 1433 664 1483 ό
695 1433 994 1504 ἐρχόμενος
1027 1433 1210 1502 κρῖναι
1264 1429 1476 1496 ζῶντας
1509 1433 1606 1486 καὶ
1659 1434 1912 1506 νεκρούς.

323 1525 532 1578 Οὐκοῦν
557 1527 620 1577 οὺ
647 1525 886 1595 ποίημα,
923 1523 1042 1576 οὐδὲ
1065 1525 1172 1578 τῶν
1197 1524 1414 1578 πάντων
1443 1525 1526 1588 ἓν,
1557 1527 1646 1580 ἵνα
1678 1528 1752 1598 μὴ
1782 1527 1920 1598 ἄγη-

325 1633 419 1670 ται
449 1619 546 1670 καὶ
573 1617 742 1679 αὐτὸς
767 1617 846 1678 εἰς
879 1617 1081 1685 κρίσιν.

343 1822 558 1880 ΑΛΛΟ,
591 1821 1022 1890 διηγηματικῶς
1048 1823 1133 1889 εἰς
1169 1825 1250 1886 τὸ,
1298 1844 1316 1876 ι
1352 1823 1782 1891 Κατανοήσατε
1811 1825 1921 1878 τόν

420 1893 768 1966 ἀπόσ-τονζον
796 1893 1190 1966 καὶ-ἀρχιερέα
1215 1893 1323 1962 τῆς
1362 1897 1686 1965 ὁμολογίας
1725 1893 1918 1966 ἡμῶν,

418 1963 637 2034 πιστόν
663 1963 802 2014 ὄντα
819 2031 828 2034 Α
845 1962 924 2026 τῷ
951 1965 1274 2032 ποιήσαντι
1317 1962 1536 2019 αὐτόν·
1557 1962 1601 2018 ⁷»
1636 1966 1736 2020 καί
1765 1962 1922 2034 ἑξῆς

413 2033 452 2098 ἡ
479 2031 709 2084 διάνοια
737 2031 842 2087 τοῦ
857 2034 1074 2102 ῥητοῦ.

403 2147 476 2200 Οὐ
493 2146 708 2218 τὴντοῦ
735 2149 916 2218 Λόγου
944 2149 1108 2219 φύσιν
1131 2149 1496 2222 ἐξηγούμενος
1514 2153 1542 2204 ὁ
1576 2152 1920 2218 Ἀπόστολος,

323 2239 556 2294 τοιαῦτά
603 2259 800 2311 φησιν,
837 2243 978 2295 ἀλλὰ
1024 2243 1124 2312 τὴν
1159 2242 1298 2314 μετὰ
1354 2245 1552 2314 σαρκὸς
1593 2245 1922 2315 οἰκονομίαν.

328 2331 474 2382 Πότε
505 2333 614 2400 γὰρ
659 2331 892 2398 γέγονεν
933 2333 1228 2402 ἀρχιερεὺς
1275 2333 1376 2402 τῆς
1423 2333 1708 2402 ὁμολογίας
1739 2333 1928 2405 ἡμᾶν-νς

331 2423 476 2474 Πότε
525 2422 584 2474 δὲ
637 2421 974 2492 ἁπόστολος;
1008 2423 1144 2500 Πότε
1193 2425 1250 2477 δὲ
1297 2425 1488 2488 πιστὸς,
1523 2425 1604 2496 τῷ
1650 2427 1930 2496 ποιήσαντι

326 2513 531 2578 αὺτόν;
567 2510 646 2566 *Η
685 2515 776 2567 ὅτε
820 2515 889 2566 δι’
917 2517 1066 2585 ἡμᾶς
1094 2516 1188 2568 καὶ
1221 2516 1360 2587 ὑπὲρ
1391 2517 1540 2586 ἡμῶν
1571 2517 1794 2590 γέγονεν
1833 2517 1926 2573 ἄν·

326 2601 572 2672 θρωπος,
623 2603 724 2656 καὶ
759 2605 904 2657 κατὰ
935 2605 1034 2674 τὴν
1083 2605 1328 2659 Ἰωάννου
1361 2607 1558 2678 φωνὴν,
1597 2628 1615 2658 ι
1663 2609 1720 2662 Ὀ
1755 2609 1924 2678 Λόγος

329 2699 464 2772 σὰρξ
509 2700 754 2768 ἐγένετο.
802 2719 822 2750 ›
867 2700 1002 2752 Τότε
1041 2699 1132 2769 .τῷ
1171 2701 1454 2770 ποιήσαντι
1489 2701 1673 2766 αὐτὸν,
1721 2701 1796 2768 ὡς
1829 2703 1924 2757 ἄν·

329 2789 568 2862 θρωπος,
599 2793 696 2847 καὶ
727 2791 922 2855 πιστὸς
957 2792 1174 2860 ἐγένετο
1199 2791 1420 2863 πληρῶν
1457 2783 1620 2847 αὐτοῦ
1649 2799 1712 2849 τδ
1739 2795 1920 2868 ἔργον,

335 2883 580 2952 καθάπερ
605 2883 768 2946 αὐτὸς
797 2882 954 2950 ἔλεγε
977 2899 992 2912 ·
1021 2883 1144 2936 τότε
1191 2883 1412 2952 γέγονεν
1449 2884 1745 2950 ἀπόστολος
1779 2887 1924 2958 ὑπὲρ

341 2973 494 3042 ημῶν
514 2977 608 3027 καὶ
622 2975 682 3028 δι’
701 2976 846 3045 ἡμᾶς
867 2975 1216 3042 ἀποσταλείς·
1238 2977 1360 3030 τότε
1388 2978 1580 3046 γέγονε
1602 2979 1702 3050 τῆς
1727 2980 1922 3051 ὁμολο-

2017 480 2186 538 Filius
2210 493 2262 540 et
2295 497 2535 556 vocatur,
2565 497 2619 544 et
2651 499 2736 546 est
2766 507 2780 543 :
2819 505 2924 546 non
2985 499 3069 546 est
3099 491 3262 560 igitur
3313 503 3596 548 creatura.

2017 593 2250 664 ALIUD,
2271 599 2566 654 verisimilis
2591 601 2926 680 ratiocinatio
2949 601 3224 658 ostendens
3249 601 3390 672 quod
3411 601 3600 662 Filius

2557 686 2660 726 non
2682 681 2750 726 ut
2782 685 3042 732 creatura.

2086 777 2532 850 Sapientissimus
2557 784 2648 840 ille
2707 785 2964 845 Salomon
3019 788 3216 846 alicubi
3263 790 3338 846 ita
3363 789 3590 860 inquit:

2022 889 2040 924 ι
2075 870 2302 927 Omnem
2359 883 2662 932 creaturam
2691 879 2856 936 ducet
2883 880 3024 938 Deus
3083 881 3150 936 ad
3193 881 3454 951 judicium
3487 881 3588 936 ⁸⁸.»

2018 961 2074 1018 Si
2095 979 2224 1036 ergo
2251 963 2424 1021 Filius
2447 977 2532 1023 est
2555 983 2720 1024 unum
2753 971 2960 1042 aliquid
2994 987 3060 1028 ex
3119 973 3338 1038 creatis,
3365 973 3620 1028 ducetur.

2015 1053 2178 1108 etiam
2209 1053 2324 1122 ipse
2355 1055 2408 1108 in
2431 1055 2720 1126 judicium.
2753 1061 2918 1132 Atqui
2941 1063 3212 1131 quomodo
3265 1077 3392 1118 vere
3451 1063 3598 1118 dicet

2017 1141 2084 1196 de
2115 1142 2328 1212 seipso:
2356 1161 2376 1194 ι
2407 1143 2567 1200 Pater
2585 1161 2696 1202 non
2731 1147 2936 1217 judicat
2969 1167 3330 1224 quemquam,
3357 1153 3454 1212 sed
3485 1168 3598 1210 om-

2019 1247 2088 1290 ne
2109 1233 2372 1304 judicium
2395 1235 2542 1292 dedit
2565 1236 2702 1294 Filio
2729 1241 2810 1294 "‘3
2839 1241 2984 1298 sAut
3007 1245 3282 1314 quomodo
3309 1259 3414 1302 non
3445 1261 3600 1302 men-

2019 1325 2184 1382 tietnr
2237 1327 2430 1386 Daniel
2484 1331 2690 1401 dicens,
2741 1335 2888 1404 quod
2946 1336 3048 1404 ipsi
3085 1336 3272 1392 datum
3319 1347 3405 1392 est
3447 1337 3596 1406 judi-

2019 1417 2162 1472 cium
2189 1419 2282 1474 '°?
2315 1421 2422 1478 Sed
2453 1437 2580 1479 vere
2621 1425 2752 1480 dicit
2798 1442 2810 1478 :
2851 1427 2966 1496 ipse
3017 1426 3166 1484 enim
3218 1435 3478 1484 venturus
3515 1438 3600 1482 est

2021 1511 2086 1566 ad
2105 1511 2460 1582 judicandum
2491 1519 2640 1574 vivos
2661 1528 2720 1574 et
2757 1531 2996 1576 mortuos
3029 1520 3116 1574 δ”.
3142 1519 3262 1576 Non
3322 1531 3406 1578 est
3433 1523 3600 1592 igitur

2020 1613 2292 1672 creatura,
2313 1621 2486 1676 neque
2517 1624 2656 1664 unus
2684 1625 2750 1664 ex
2774 1612 3043 1678 omnibus,
3067 1628 3132 1668 ne
3157 1613 3408 1668 nimirum
3429 1614 3596 1670 etiam

2021 1695 2137 1763 ipse
2165 1696 2218 1750 in
2247 1695 2506 1765 judicium
2541 1701 2792 1756 ducatur.

2024 1807 2254 1876 ALIUD,
2275 1813 2584 1889 egoplicatius
2615 1817 2670 1889 in
2689 1817 2844 1882 illud,
2881 1837 2900 1870 ι
2937 1817 3276 1874 Considerate
3303 1823 3598 1889 apostolum

2092 1891 2140 1934 et
2171 1885 2470 1960 pontiﬁcem
2497 1888 2838 1960 confessionis
2873 1899 3070 1944 nostra:
3089 1889 3274 1946 Iesum
3303 1885 3596 1960 Christum,

2091 1955 2178 2018 qui
2197 1951 2462 2032 ﬁdelis-est
2499 1957 2546 2009 ei
2561 1951 2648 2032 qui
2668 1959 2792 2032 fecit
2824 1961 2992 2029 ipsum
3028 1977 3050 2016 :
3077 1980 3095 2012 ι
3135 1973 3182 2016 et
3210 1963 3450 2032 deinceps
3477 1951 3600 2020 uerri

2083 2023 2338 2076 sententia
2363 2023 2522 2094 hujus
2547 2023 2696 2084 dicti.

2097 2133 2214 2190 Non
2241 2147 2487 2194 naturam
2524 2137 2684 2196 Verbi
2715 2144 2996 2202 declarans
3031 2135 3230 2204 Paulus
3287 2149 3400 2206 haec
3438 2149 3596 2218 dixit,

2026 2226 2120 2282 sed
2142 2227 2286 2284 illius
2317 2231 2769 2290 incarnationem.
2833 2237 3058 2304 Quando
3085 2241 3232 2294 enim
3291 2239 3470 2296 lactus
3516 2253 3602 2296 est

2025 2322 2270 2390 pontifex
2319 2324 2682 2382 conlcssionis
2725 2329 2964 2386 nostrae?
3015 2333 3233 2402 quando
3295 2333 3601 2402 apostolus?

2027 2413 2244 2484 quando
2279 2415 2454 2472 ﬁdelis
2493 2419 2542 2474 ei
2592 2421 2682 2490 qui
2736 2421 2912 2491 ipsum
2955 2415 3121 2480 fecit?
3161 2423 3352 2481 Nonne
3387 2429 3603 2496 quando

2025 2515 2250 2574 propter
2309 2521 2410 2562 nos
2469 2517 2524 2564 et
2579 2523 2678 2580 pro
2725 2512 2882 2568 nobis
2930 2513 3106 2569 lactus
3143 2527 3228 2571 est
3255 2517 3440 2582 homo.
3465 2525 3520 2572 et
3545 2527 3604 2571 ut

2025 2595 2262 2654 Joannes
2313 2601 2524 2668 scribit,
2565 2619 2585 2654 ι
2639 2603 2872 2660 Verbum
2924 2621 3052 2662 caro
3089 2607 3290 2664 factum
3343 2609 3538 2663 est"?
3577 2627 3596 2660 ο

2027 2687 2180 2744 Tunc
2207 2689 2398 2748 lactori
2423 2711 2542 2764 suo,
2579 2706 2636 2752 ut
2664 2699 2850 2767 homo,
2879 2699 3052 2756 ﬁdelis
3075 2701 3250 2757 lactus
3278 2712 3384 2770 est,
3435 2703 3600 2774 perﬁ-

2027 2782 2180 2837 ciens
2203 2797 2337 2852 Opus
2361 2785 2525 2856 illius,
2565 2789 2707 2844 sicut
2735 2792 2850 2861 ipse
2889 2801 3118 2849 testatur
3139 2793 3204 2826 ἰ·
3233 2811 3248 2848 :
3277 2805 3405 2850 tunc
3436 2795 3602 2848 etiam

2026 2877 2300 2946 apostolus
2321 2879 2614 2947 factusest,
2641 2898 2742 2953 pro
2765 2887 2920 2940 nobis
2944 2895 2998 2940 et
3017 2898 3237 2958 propter
3259 2905 3357 2943 nos
3377 2889 3598 2943 missus:

2030 2977 2154 3023 tunc
2179 2969 2352 3026 lactus
2386 2983 2466 3028 est
2489 2975 2732 3044 pontifex
2756 2975 3112 3034 confessionis
3133 2989 3353 3044 nostrae,
3370 2979 3602 3036 oﬁ‘erens

348 3069 473 3135 γὶας
496 3069 650 3138 ἡμῶν
675 3070 978 3141 ἀρχιερεὺς,
1007 3071 1336 3143 προσφέρων
1368 3073 1468 3142 τῆς
1491 3073 1730 3137 πίστεως
1761 3075 1920 3144 ἡμῶν

2025 3063 2426 3122 confessionem
2467 3069 2587 3122 ﬁdei
2635 3078 2835 3124 nostra:
2867 3069 3038 3138 Patri,
3083 3081 3138 3128 et
3182 3089 3377 3142 corpus
3422 3090 3602 3140 suum,

349 3161 450 3233 τὴν
489 3161 774 3230 ὁμολογίαν
805 3163 880 3234 τῷ
917 3165 1112 3236 Πατρὶ,
1138 3165 1236 3218 καὶ
1259 3165 1324 3218 τὸ
1351 3165 1479 3220 ἴδιον
1525 3167 1707 3237 σῶμα,
1745 3167 1920 3221 καθά-

352 3271 462 3324 περ
493 3271 544 3306 τι
574 3254 718 3324 Θῦμα
767 3257 1044 3325 προσάγων
1095 3256 1350 3328 ἄμωμον,
1392 3260 1478 3312 ἵνα
1517 3259 1727 3323 πάντας
1777 3261 1924 3332 ἡμᾶς

349 3346 416 3398 δι’
466 3346 628 3398 αὐτοῦ
669 3347 950 3420 καθαρίσῃ.
984 3351 1078 3402 Ἂν
1126 3351 1308 3404 τοίνυν
1355 3352 1580 3423 λέγηται
1613 3354 1742 3422 περὶ
1795 3353 1922 3408 Υἰοῦ

348 3438 427 3490 ὅτι
463 3437 648 3505 γέγονε
701 3440 906 3506 πιστὸς,
945 3443 1024 3494 ὅτι
1055 3442 1280 3511 γέγονεν
1329 3445 1652 3510 ἀπόστολος,
1703 3445 1925 3516 γέγονεν

346 3530 654 3599 ἀρχιερεὺς,
693 3533 766 3603 μὴ
801 3535 944 3588 κατὰ
989 3536 1090 3606 τῆς
1136 3538 1322 3604 οὐσίας
1353 3539 1518 3592 αὐτοῦ
1569 3540 1822 3611 φερέσθω
1865 3543 1926 3596 τὸ

340 3624 510 3694 ῥῆμα,
559 3625 695 3678 ἀλλὰ
743 3628 884 3682 κατὰ
929 3631 1028 3700 τῆς
1073 3630 1182 3683 τῶν
1233 3633 1572 3704 πραγμάτων
1617 3637 1920 3708 ποιότητος.

350 3715 570 3786 Ἐπειδὴ
591 3719 684 3769 καὶ
699 3717 927 3784 Παῦλος,
961 3721 1258 3791 ἅνθρωπος
1287 3723 1362 3776 ὢν
1385 3727 1477 3778 καὶ
1507 3727 1770 3799 ὑπάρχων
1795 3729 1919 3800 ἤδη,

330 3807 562 3874 γέγονεν
597 3809 912 3877 ἀπόστολος,
953 3813 1049 3866 καὶ
1087 3816 1296 3886 Μωσῆς
1322 3816 1578 3882 ὡσαύτως
1608 3821 1800 3889 γέγονε
1830 3839 1922 3874 πι-

325 3899 462 3962 στὸς
494 3901 552 3954 ἐν
601 3900 706 3970 ὅλῳ
743 3903 822 3973 τῷ
873 3903 1010 3975 οἴκῳ
1041 3907 1230 3972 αὐτοῦ,
1275 3910 1368 3963 καὶ
1407 3909 1618 3981 Ἀαρὼν
1657 3912 1923 3976 ὡσαύτως

311 3988 558 4058 γέγονεν
592 3993 886 4066 ἀρχιερεὺς
932 3999 992 4050 ὲν
1024 3999 1202 4070 ἐαυτῷ
1232 4002 1324 4054 καὶ
1363 4002 1532 4057 πάλαι
1559 4003 1650 4058 τὸν
1691 4005 1924 4077 Σωτῆρα

311 4083 580 4154 μορφῶν.
614 4086 826 4158 Ὄντιερ
861 4091 980 4161 γὰρ,
999 4091 1200 4163 τρόπον
1229 4095 1258 4146 ό
1293 4093 1500 4167 Ἀαρὼν
1529 4097 1629 4149 οὐκ
1659 4098 1924 4168 ἐγεννήθη

307 4173 436 4244 μὲν
465 4176 782 4247 ἀρχιερεὺς,
818 4180 1034 4245 πολλοῖς
1059 4181 1117 4235 δὲ
1153 4183 1379 4254 ὕστερον
1409 4187 1622 4257 χρόνοις
1645 4188 1804 4242 τοῦτο
1835 4189 1926 4258 γέ-

299 4282 480 4334 γονε,
511 4267 604 4320 τὸν
635 4270 848 4341 ποδήρη
902 4275 1348 4347 περιϐαλόμενος,
1387 4279 1483 4332 καὶ
1515 4279 1614 4352 τὴν
1653 4281 1920 4351 ἐπωμίδα,

297 4361 429 4410 καὶ
457 4357 530 4412 τὰ
557 4359 696 4413 ἄλλα
727 4361 830 4432 τῆς
879 4364 1158 4437 ἱερατικῆς
1198 4368 1424 4438 ἐσθῆτος
1460 4371 1734 4442 σχήματα,
1779 4373 1922 4444 ἇπερ

288 4445 374 4521 ἦν
431 4449 574 4521 ἔργα
627 4457 936 4522 γυναικῶνο
989 4460 1080 4512 τὸν
1112 4461 1276 4516 αὑτὸν
1307 4464 1372 4535 δὴ
1428 4467 1630 4536 τρόπον
1676 4467 1768 4519 καὶ
1828 4467 1920 4519 ἐπὶ

283 4543 596 4617 Χριστοῦ.
632 4543 740 4600 Ἦν
783 4551 881 4619 μὲν
921 4552 1030 4623 γὰρ
1054 4554 1084 4604 ὁ
1119 4555 1292 4622 Λόγος
1324 4559 1382 4610 ὲν
1431 4559 1594 4630 ἀρχῇ,
1636 4557 1816 4628 πολλῷ
1861 4560 1918 4612 δὲ

282 4637 414 4691 iis":
440 4653 566 4706 ερον
595 4640 772 4712 χρόνῳ
803 4644 1025 4712 γέγονεν
1049 4647 1190 4716 ὑπὲρ
1217 4649 1374 4720 ἡμῶν
1399 4651 1710 4722 ἀρχιερεὺς,
1731 4652 1922 4724 ὥσπερ

279 4731 451 4784 τινὰ
503 4731 722 4804 ποδήρη
757 4735 846 4789 τὸν
891 4739 956 4790 ἐκ
997 4742 1254 4807 γυναικὸς
1301 4741 1584 4813 ἄνθρωπον
1631 4747 1749 4815 ἤτοι
1797 4747 1922 4801 ναὸν

285 4823 628 4880 ἀναλαϐών
653 4843 666 4856 ⁸
704 4827 792 4882 ἵνα
835 4829 911 4900 τῷ
947 4832 1062 4904 ἰδίῳ
1099 4835 1290 4904 αἵματι
1340 4837 1612 4911 καθαρίσῃ
1649 4839 1744 4891 τὸν
1771 4839 1920 4904 λαὸν,

281 4918 528 4973 ἑαυτὸν
581 4924 964 4989 προσενεγκὼν
1017 4925 1092 4989 ὡς
1145 4928 1316 4997 ἀμνὸν
1367 4929 1598 5001 ἄμωμον
1643 4931 1720 5000 τῷ
1768 4932 1920 5001 Θεῷο

283 5032 309 5064 ‹
363 5012 460 5066 Οὐ
503 5010 622 5080 γὰρ
661 5015 916 5086 ἐποίησεν
951 5019 1244 5089 ἁμαρτίαν,
1285 5023 1405 5076 οὐδὲ
1447 5025 1644 5096 εὑρέθη
1683 5025 1832 5088 δόλος
1868 5029 1924 5079 ὲν

273 5105 372 5173 τῷ
437 5101 685 5170 στόματι
717 5107 906 5162 αὐτοῦ.
949 5131 967 5162 ι

277 5225 450 5274 Ὀτι
491 5217 684 5294 οὐδέν
705 5222 910 5294 ἕτερον
941 5230 1264 5294 σημαίνειν
1298 5231 1586 5294 υϐούλεται
1611 5232 1672 5283 τὸ
1716 5234 1922 5294 πιστὸς,

617 5291 656 5356 ἡ
699 5293 784 5346 ὅτι
825 5291 1078 5365 ἀληθινός
1117 5301 1216 5353 καὶ
1259 5291 1638 5364 ἀναλλοίωτος.

367 5407 606 5468 Πιστὸς
636 5410 666 5459 ὁ
699 5409 890 5480 Σωτὴρ
926 5413 1168 5467 καλεῖται
1193 5416 1436 5480 δικαίως,
1466 5417 1595 5485 μίαν
1623 5417 1764 5488 ὑπὲρ
1788 5419 1922 5470 πάι-

271 5521 410 5556 των
480 5497 686 5552 θυσίαν
735 5503 1140 5572 προσενεγκὼν,
1187 5508 1286 5575 τὴν
1343 5507 1510 5578 αὐτὴν
1563 5509 1649 5560 ἀεὶ
1690 5508 1782 5560 καὶ
1830 5509 1928 5561 οὐκ

367 5669 426 5698 ⁵⁸
465 5665 660 5719 Εσθῐε.
695 5681 794 5728 xu.
827 5669 912 5722 Η.
992 5669 1035 5702 ⁸³
1071 5671 1225 5724 .lnan.
1251 5689 1305 5734 v,
1340 5673 1426 5725 ~22.
1511 5676 1552 5702 '“
1587 5675 1718 5728 Dan.
1743 5689 1830 5728 vn.
1871 5675 1921 5726 i3

2024 5673 2058 5726 ι.
2144 5673 2207 5700 δ”·
2235 5669 2272 5725 ll
2300 5669 2438 5723 Tim.
2476 5681 2546 5733 Iv,
2569 5667 2614 5719 ι.

275 5745 338 5796 J.
437 5740 494 5771 ⁵³
535 5739 700 5794 Num.
747 5755 844 5798 xu.
883 5742 937 5795 7.
1017 5741 1264 5794 ⁵³1Ρυιι·
1315 5759 1373 5803 ιι,
1407 5745 1498 5800 Η.

653 5836 936 5898 ‘l‘AInOL.
988 5837 1105 5896 Gn.
1163 5839 1413 5898 LXXV.

2025 3157 2191 3212 veluti
2227 3161 2623 3218 immaculatum
2671 3165 2962 3234 quamdam
3038 3167 3266 3222 hostiam
3311 3167 3602 3233 adducens,

2029 3259 2084 3302 ut
2117 3265 2306 3306 euntes
2341 3269 2438 3307 nos
2470 3269 2564 3322 per
2597 3257 2773 3325 ipsum
2811 3259 3110 3314 mundaret.
3140 3258 3196 3313 Si
3227 3273 3356 3325 ergo
3417 3260 3482 3314 de
3517 3259 3606 3314 Fi-

2027 3337 2098 3394 lio
2126 3341 2344 3406 dicitur,
2375 3346 2518 3414 quod
2555 3343 2730 3401 lactus
2774 3347 2848 3402 sit
2894 3347 3090 3416 lidelis,
3119 3350 3258 3418 quod
3295 3348 3472 3404 factus
3533 3352 3606 3407 sit

2026 3433 2322 3500 apostolus,
2355 3437 2530 3492 factus
2547 3439 2784 3508 pontifex
2811 3459 2826 3508 ;
2855 3456 2961 3496 non
2989 3443 3054 3496 ad
3097 3445 3388 3500 essentiam
3435 3445 3604 3513 ipsius

2026 3527 2227 3582 dictum
2257 3529 2595 3586 referendum
2621 3545 2722 3602 est,
2760 3539 2854 3592 sed
2881 3541 2948 3594 ad
2979 3539 3292 3608 qualitatem
3325 3543 3490 3618 214
3515 3559 3603 3598 re-

2026 3633 2168 3674 rum.
2245 3619 2526 3692 Siquidem
2558 3633 2613 3679 ct
2639 3626 2832 3684 l’aulus
2863 3629 3024 3686 homo
3049 3645 3170 3686 cum
3200 3643 3364 3698 esset,
3405 3646 3458 3686 et
3492 3635 3602 3700 jam

2025 3715 2332 3782 exsiSIcret,
2365 3717 2537 3772 lactus
2563 3727 2647 3774 est
2669 3721 2942 3789 apostolus
2969 3743 2982 3778 :
3014 3733 3068 3778 et
3090 3725 3266 3780 Moses
3291 3725 3476 3778 eadem
3513 3741 3602 3778 ra-

2029 3807 2180 3862 tione.
2203 3808 2382 3865 lactus
2412 3823 2494 3866 cst
2525 3813 2718 3878 ﬁdelis,
2757 3815 2810 3868 in
2844 3826 2958 3870 tota
2994 3815 3154 3870 domo
3177 3819 3296 3886 ejus
3331 3816 3400 3866 δ’.
3429 3813 3604 3870 Simili

2027 3903 2187 3958 modo
2216 3904 2380 3958 etiam
2407 3907 2584 3960 Aaron
2633 3905 2808 3962 lactus
2860 3916 2944 3961 est
2995 3906 3259 3976 pontifex,
3307 3906 3604 3960 Salvatoris

2027 4003 2210 4064 typum
2241 3996 2354 4065 jam
2404 3997 2534 4050 olim
2587 3997 2640 4049 in
2709 4013 2768 4052 se
2813 3997 3078 4051 referens.
3137 3997 3602 4064 Quemadmodum

2025 4086 2168 4138 enim
2204 4088 2386 4142 Aaron
2419 4102 2524 4140 non
2555 4097 2636 4140 est
2665 4095 2822 4140 natus
2851 4085 3216 4156 pontifex,sed
3253 4087 3436 4140 multis
3453 4099 3603 4158 post-

2026 4192 2090 4230 ea
2143 4179 2474 4248 temporibus
2522 4177 2573 4232 id
2605 4177 2778 4232 lactus
2805 4191 2912 4246 est,
2952 4178 3174 4236 talarem
3201 4191 3406 4236 vestem
3449 4182 3604 4238 indu-

2030 4281 2136 4338 tus,
2165 4283 2214 4330 ct
2243 4275 2706 4344 superhunierale,
2738 4275 3054 4345 reliquaque
3099 4277 3423 4346 pontiﬁcalis
3447 4277 3601 4334 habi-

2030 4373 2114 4418 tus
2147 4378 2464 4421 ornamenta
2496 4383 2524 4420 a
2549 4367 2864 4424 mulieribus
2889 4368 3133 4424 conlecta
3165 4391 3180 4426 :
3243 4373 3384 4426 idem
3447 4375 3604 4444 plane

2027 4458 2094 4512 de
2113 4458 2330 4514 Christo
2361 4461 2522 4516 etiam
2552 4465 2880 4518 censendum
2903 4472 3004 4518 est.
3045 4463 3170 4518 Erat
3194 4468 3336 4520 cn‘m
3371 4467 3601 4523 Verbum

2027 4555 2078 4608 in
2108 4557 2376 4625 principio
2413 4574 2427 4611 :
2480 4557 2664 4612 multis
2691 4573 2820 4611 vero
2846 4566 3032 4625 postea
3055 4560 3386 4627 temporibus
3433 4561 3603 4614 lactus

2025 4659 2106 4702 cst
2139 4665 2236 4716 pro
2261 4649 2416 4702 nobis
2445 4648 2706 4716 pontifex,
2733 4649 3002 4702 hominem
3035 4663 3100 4702 ex
3161 4652 3386 4704 muliere
3441 4653 3601 4704 veluti

2030 4743 2252 4798 talarcm
2283 4751 2486 4796 vestem
2517 4743 2630 4797 sive
2669 4743 2922 4812 templum
2957 4757 3263 4805 assumens,
3300 4754 3354 4794 ut
3385 4744 3604 4810 proprio

2026 4851 2124 4891 suo
2155 4834 2415 4900 sanguine
2445 4835 2694 4901 populum
2729 4834 3038 4896 tnttndaret,
3067 4843 3124 4886 ut
3147 4835 3382 4900 seipsum
3441 4839 3605 4886 veluti

2026 4944 2222 5000 agnum
2271 4927 2673 4982 immaculatum
2741 4927 2850 4981 Deo
2890 4924 3152 4980 oﬂerret:
3192 4945 3209 4975 ι
3250 4923 3435 4990 Neque
3460 4929 3601 4979 cnim

2027 5023 2156 5077 fecit
2209 5030 2511 5089 peccatum,
2567 5033 2740 5086 neque
2787 5018 3040 5071 inventus
3099 5025 3181 5070 est
3207 5016 3358 5070 dolus
3397 5017 3448 5070 in
3513 5035 3612 5070 on-

2027 5116 2140 5183 ejus
2170 5116 2234 5169 ⁵³.
2281 5133 2298 5165 ι
2667 5129 2670 5132 ’

2029 5231 2181 5294 Quod
2215 5229 2384 5284 ﬁdelis
2416 5225 2548 5280 nihil
2573 5225 2719 5278 aliud
2749 5226 3000 5292 signiﬁcet
3030 5241 3188 5293 quam
3245 5241 3402 5281 verus
3453 5237 3610 5295 atque

2631 5296 2998 5348 immutabilis.

2100 5417 2357 5470 Servator
2389 5421 2570 5468 noster
2607 5411 2802 5465 merito
2827 5422 3050 5465 vocatur
3081 5413 3273 5474 lidelis,
3298 5413 3493 5484 quippe
3516 5413 3606 5482 qui

2029 5522 2189 5561 unam
2223 5521 2318 5574 pro
2341 5505 2596 5561 erunibus
2629 5501 2862 5557 hostiam
2885 5503 3100 5568 obtulit,
3125 5518 3246 5571 qua:
3278 5517 3490 5572 semper
3515 5518 3610 5557 ea-

2696 5663 2735 5693 “
2774 5661 2924 5719 Joan.
2957 5682 2993 5732 ι,
3029 5667 3112 5720 ll.
3190 5667 3255 5696 δι’
3283 5665 3440 5719 .loan.
3473 5676 3609 5722 xm,

3228 5825 3292 5884 1'2
