4078 6260
397 345 498 402 365

1780 324 2229 385 TIIESAURUS.

3549 321 3656 376 366

394 469 593 539 μένων,
649 462 795 516 ποιεῖ
830 460 903 515 τὰ
942 459 1084 531 ἔργα
1129 457 1313 521 αὑτός.
1359 474 1379 509 s
1417 454 1633 510 Γίνεται
1663 452 1842 508 τοίνυν
1874 451 1987 506 Κύ-

2105 464 2298 514 ;ervus,
2327 448 2504 503 dictus
2532 446 2694 502 etiam
2723 454 2811 501 est
2848 442 3022 499 .iesus.
3048 439 3234 512 Neque
3267 441 3412 496 enim
3455 443 3658 512 absque

391 576 506 634 ριος
557 558 653 611 καὶ
700 554 963 627 Χριστὸς,
1001 554 1090 606 ὅτε
1129 553 1225 606 καὶ
1262 550 1548 623 ἄνθρωπος
1577 546 1837 620 γεγονὼς,
1892 547 1986 602 καὶ

387 652 476 705 διὰ
521 648 683 703 τοῦτο
718 645 1072 719 χρηματίσας
1113 643 1324 707 δοῦλος,
1367 641 1572 713 ἐκλήθη
1613 641 1708 695 καὶ
1757 639 1984 711 Ἰησοῦς.

387 744 465 796 Ού
519 740 1105 817 γὰράπαρατηρήτως
1131 737 1161 789 ὁ
1199 735 1353 805 ἆγιος
1389 735 1494 806 ἔφη
1529 733 1772 806 μαθητής
1793 750 1806 763 ’
1832 752 1850 785 t
1875 731 1990 786 Κύ-

382 827 512 908 ’ριον
582 833 743 888 αὐτὸν
769 833 862 886 καὶ
915 828 1154 902 Χριστὸν
1201 827 1461 900 εποίησεν
1507 829 1536 880 ὁ
1587 825 1738 888 Θεός·
1787 845 1806 877 ι
1853 823 1988 878 ἀλλὰ

400 925 771 998 προσέθηκεν,
791 925 870 976 ὅτι
898 941 916 974 t
947 921 1146 974 Τοῦτον
1175 919 1266 972 τὸν
1296 915 1502 991 Ἰησοῦν
1532 915 1591 970 ὃν
1613 916 1770 986 ὑμεῖς
1795 916 1983 968 ἐσταυ-

401 1016 481 1088 ρώ
496 1035 646 1072 σατε.
688 1036 706 1068 ι
748 1015 868 1087 Χρὴ
907 1013 966 1067 δὲ
1000 1011 1162 1065 πάλιν
1200 1012 1278 1074 είς
1317 1010 1416 1081 τὴν
1453 1007 1560 1062 τῶν
1589 1006 1988 1078 γεγραμμένων

410 1110 698 1182 άκρίόειαν
720 1108 939 1178 ὲφορᾷν.
967 1106 1040 1158 Οὐ
1069 1102 1179 1175 γὰρ
1206 1099 1360 1157 εἶπεν
1383 1103 1464 1156 ὅτι
1489 1101 1786 1171 πεποίηκεν
1813 1096 1988 1168 ἑαυτῷ

410 1200 583 1267 Λόγον
617 1199 648 1269 ἢ
689 1197 837 1259 Υῐὸν,
879 1195 1014 1249 ἀλλὰ
1047 1193 1253 1264 Κύριον
1288 1191 1384 1246 καὶ
1431 1192 1688 1262 Χριστὸν,
1719 1192 1854 1258 ὅπερ
1891 1189 1994 1242 οὐκ

408 1292 582 1362 ἀρχὴν
633 1289 888 1360 σημαίνει
937 1285 1032 1339 τοῦ
1073 1281 1235 1348 εἶναι,
1283 1283 1419 1339 ἀλλὰ
1443 1285 1542 1354 τὴν
1585 1282 1692 1336 ἀπό
1728 1298 1871 1345 τινος
1910 1281 1989 1343 είς

403 1384 588 1454 ἕτερον
636 1401 687 1436 τι
730 1382 1086 1453 μετάστασιν.
1123 1379 1314 1441 Ὅπως
1363 1377 1418 1430 δὲ
1471 1376 1660 1446 γέγονε
1719 1371 1988 1444 Κύριος-ἢ

401 1475 656 1546 Χριστὸς,
693 1475 752 1528 ὲν
783 1475 896 1537 τοῖς
935 1472 1187 1543 ἀνωτέρω
1221 1469 1564 1541 προείρηται.

943 1585 1169 1648 Ἄλλως
1203 1580 1269 1634 τὸ
1299 1579 1470 1634 αὐτό.

477 1699 692 1768 Κύριον
738 1696 904 1750 αὑτὸν
944 1695 1038 1749 καὶ
1077 1693 1303 1766 Χριστὸν
1330 1692 1588 1764 εποίησεν
1628 1692 1658 1744 ὁ
1687 1689 1853 1757 Θεδς,
1890 1689 1997 1744 οὐκ

2089 555 2285 612 magna
2308 540 2520 596 ratione
2553 547 2774 594 sanctus
2793 536 3086 606 discipulus
3113 533 3432 604 simpliciter
3459 536 3594 589 dixit
3643 552 3655 588 :

2091 651 2114 684 ι
2152 631 2439 688 Dominum
2493 631 2670 701 ipsum
2731 641 2784 684 et
2823 640 3043 686 unctum
3093 627 3220 684 fecit
3260 628 3430 694 Deus;
3495 647 3514 679 ›
3565 630 3659 684 sed

2088 726 2318 796 adjecit,
2357 745 2375 778 ι
2431 726 2576 781 hunc
2634 723 2842 786 Jcsum,
2893 738 3050 792 quem
3090 736 3185 777 vos
3233 719 3598 776 cruciﬁxistis.
3635 738 3654 771 ι

2087 811 2314 884 Oportet
2339 823 2517 870 autem
2553 821 2612 868 ut
2635 827 2824 869 rursus
2855 828 2916 868 ea
2943 823 3062 883 quae
3103 812 3300 882 scripta
3335 821 3462 866 stmt
3496 826 3658 864 accu-

2091 915 2206 962 rate
2244 907 2619 976 inspiciamus.
2662 904 2779 960 Non
2838 905 2982 960 enim
3035 905 3215 960 dixit:
3261 904 3412 960 Fecit
3449 902 3659 972 sibiipsi

2086 998 2415 1064 Filium,aut
2443 995 2700 1062 Verbum,
2726 997 2820 1074 sed
2849 997 3132 1052 Dominum
3157 1005 3482 1052 etunctum:
3517 994 3662 1065 quod

2087 1092 2308 1162 quidem
2350 1105 2456 1146 non
2506 1091 2832 1160 principium
2880 1091 3184 1146 exsistendi
3243 1089 3532 1160 signilicat,
3566 1091 3662 1145 sed

2092 1183 2484 1239 traductionem
2531 1196 2600 1237 ex
2633 1196 2744 1236 uno
2787 1182 2840 1235 in
2889 1181 3057 1237 aliud.
3123 1180 3413 1248 Quomodo
3483 1190 3664 1236 autem

2088 1274 2270 1330 factus
2316 1275 2390 1328 sit
2452 1272 2713 1329 Dominus
2779 1282 2836 1327 et
2886 1282 3104 1339 unctus,
3155 1274 3403 1342 superius
3459 1274 3665 1331 dictum

2085 1374 2172 1421 est
2179 1403 2196 1420 .

2698 1569 2850 1626 Idem
2886 1571 3060 1626 aliter.

2168 1688 2312 1745 Deus
2357 1689 2530 1759 ipsum
2572 1687 2702 1745 fecit
2739 1688 3024 1744 Dominum
3066 1697 3122 1744 et
3164 1698 3414 1754 tract-unt,
3452 1704 3561 1745 non
3601 1705 3668 1745 ex

416 1793 530 1846 ἀπὸ
562 1791 652 1844 τοῦ
691 1790 767 1861 μὴ
799 1789 948 1853 δντος
977 1789 1056 1851 είς
1081 1787 1143 1840 τὸ
1178 1783 1312 1840 εἶναι
1342 1785 1640 1856 παράγων·
1672 1779 1742 1856 ἦν
1770 1782 1880 1855 γὰρ
1903 1783 1996 1836 ἀεὶ

2105 1791 2204 1832 non
2241 1778 2533 1834 enistente
2566 1779 2634 1833 ad
2665 1792 2790 1834 esse
2824 1779 3113 1834 traducens
3150 1796 3165 1833 :
3200 1789 3319 1834 erat
3351 1779 3498 1834 enim
3531 1794 3672 1836 aem-

425 1881 522 1932 καὶ
557 1881 660 1950 πρὸ
686 1881 782 1949 τῆς
809 1877 1129 1948 σαρκώσεως
1169 1877 1198 1930 ὁ
1235 1875 1326 1929 τοῦ
1356 1873 1491 1928 θεοῦ
1535 1875 1732 1942 Λόγος,
1761 1873 1856 1926 καὶ
1894 1873 1996 1926 οὐκ

423 1971 488 2024 ἄν
521 1987 603 2032 τις
632 1965 689 2021 εὖ
731 1965 940 2038 φρονῶν
973 1967 1035 2020 τὸ
1077 1985 1102 2018 4
1135 1965 1391 2036 εποίησεν
1416 1983 1438 2016 a
1489 1962 1678 2017 ἐνθάδε
1718 1959 1862 2014 κατὰ
1898 1961 1997 2030 τῆς

415 2061 596 2122 οὐσίας
630 2058 882 2125 ἐκλάσοι,
927 2059 1015 2112 ἵνα
1057 2058 1137 2128 μὴ
1183 2056 1402 2110 ἀσεϐεῖν
1442 2053 1843 2123 ἀναγκάζηταιο
1874 2051 1998 2104 τότε

407 2151 624 2223 πρῶτον
671 2150 851 2214 διδοὺς
899 2150 1145 2220 ὑπάρξαι
1192 2147 1284 2200 τὸν
1336 2145 1432 2198 τοῦ
1487 2145 1620 2199 Θεοῦ
1674 2146 1866 2214 Λόγον,
1907 2145 1997 2199 ὅτε

403 2243 633 2311 γέγονεν
683 2242 978 2312 ἄνθρωπος
1000 2258 1014 2270 ο
1051 2240 1191 2292 ἀλλὰ
1219 2238 1284 2290 τὸ
1319 2258 1340 2289 ι
1370 2237 1642 2306 εποίησεν,
1670 2255 1692 2288 a
1721 2237 1842 2290 ἀντὶ
1879 2235 1998 2302 τοῦ,

413 2333 693 2399 ἀπέδειξε,
715 2334 964 2402 νοητέον.
991 2330 1148 2384 Οὒτω
1161 2331 1259 2383 καί
1285 2329 1446 2391 αὐτὸς
1471 2331 1498 2382 ὁ
1517 2328 1722 2399 Πέτρος
1744 2330 1855 2390 τοῖς
1884 2329 2005 2380 Ἰου-

413 2427 594 2488 δαίοις
628 2425 1160 2496 προσδιαλεγόμενος
1191 2422 1458 2491 ἔφασκεν·
1498 2439 1516 2472 t
1555 2417 1757 2490 Ἰησοῦν
1785 2418 2005 2472 τὺνςΝα-

411 2516 660 2587 ζωραῖον
707 2516 880 2587 ἄνδρα
942 2514 1400 2584 ἀποδεδειγμένον
1443 2513 1550 2566 ἀπὸ
1597 2512 1691 2564 τοῦ
1748 2511 1879 2565 Θεοῦ
1927 2515 2005 2575 εὶς

406 2612 557 2680 ὑμᾶς
583 2608 857 2678 δυνάμεσι
887 2608 983 2660 καὶ
1008 2607 1199 2678 τέρασι
1227 2606 1322 2660 καὶ
1350 2605 1615 2676 σημείοις,
1643 2604 1828 2668 καθὼς
1847 2605 2004 2659 αὐτοὶ

403 2703 605 2756 οἴδατε.
635 2720 655 2752 ι
693 2699 912 2754 Οὐκοῦν
943 2699 1033 2752 διὰ
1062 2698 1171 2751 τῶν
1213 2698 1390 2770 ἔργων
1415 2695 1669 2750 δεικνύων
1700 2697 2005 2767 ἐνυπάρχον

405 2794 555 2866 αὐτῷ
592 2792 689 2847 τοῦ
737 2791 959 2863 Πατρὸς
1005 2789 1068 2843 τὸ
1099 2789 1348 2858 ἀξίωμα,
1399 2787 1600 2858 Κύριος
1637 2786 1847 2854 γίνεται
1896 2785 2006 2838 τῶν

2097 1883 2214 1940 per,
2247 1868 2410 1924 etiam
2445 1879 2572 1925 ante
2603 1869 3031 1926 incarnationem
3065 1869 3162 1925 Dei
3193 1868 3462 1933 Verbum,
3498 1884 3673 1940 neque

2099 1960 2381 2029 quisquam
2415 1972 2561 2017 recte
2587 1962 2838 2017 sentiens
2863 1961 3090 2019 verbum
3125 1961 3276 2027 illud,
3311 1981 3332 2013 ι
3369 1961 3517 2029 fecit,
3555 1980 3574 2014 ι
3607 1977 3673 2017 eo

2099 2051 2218 2106 loco
2250 2051 2316 2107 de
2343 2053 2583 2110 essentia
2617 2054 2782 2126 216
2813 2055 3224 2125 interpretetur,
3255 2069 3324 2110 ne
3354 2054 3581 2124 impium
3617 2070 3676 2111 se

2100 2141 2373 2209 declaret,
2398 2142 2491 2214 qui
2521 2154 2632 2200 tum
2659 2147 2893 2214 primum
2917 2145 3152 2202 Verbum
3179 2145 3276 2201 Dei
3301 2162 3421 2202 esse
3438 2148 3678 2217 cepisse

2100 2234 2282 2300 dicat,
2313 2237 2532 2305 quando
2573 2236 2784 2292 factum
2809 2247 2898 2293 est
2943 2239 3104 2294 homo
3131 2257 3148 2292 :
3181 2239 3279 2294 sed
3309 2255 3334 2290 ί
3367 2237 3498 2293 fecit
3531 2256 3551 2291 ι
3584 2252 3678 2293 ac-

2096 2327 2409 2397 cipiendum
2450 2338 2539 2386 est
2583 2344 2682 2398 pro
2727 2329 3046 2397 declaravit,
3086 2330 3171 2385 vel
3206 2331 3466 2386 ostendit.
3505 2328 3583 2385 Ita
3625 2341 3680 2386 et

2102 2417 2297 2475 Petrus
2327 2436 2448 2476 cum
2478 2420 2681 2476 Judals
2709 2421 2986 2478 disserens
3013 2422 3150 2478 dixit
3182 2440 3196 2477 :
3233 2440 3254 2475 ι
3289 2421 3474 2478 Iesum
3503 2421 3678 2477 Naza-

2105 2528 2324 2582 renam,
2355 2514 2447 2584 qui
2482 2515 2790 2570 declaratus
2822 2523 2906 2570 est
2933 2515 3016 2570 vir
3042 2529 3072 2570 a
3108 2515 3220 2570 Deo
3256 2515 3308 2570 in
3340 2530 3436 2572 vos
3465 2516 3680 2572 virtuti-

2106 2604 2225 2671 bus,
2259 2616 2314 2660 et
2345 2608 2624 2677 prodigiis,
2661 2608 2892 2678 etaignis
2923 2623 3044 2678 qua
3079 2608 3228 2676 fecit,
3261 2609 3404 2664 sicut
3439 2609 3536 2679 ipsi
3571 2610 3681 2664 aci-

2107 2699 2176 2751 tis
2192 2698 2260 2751 ⁸⁸.
2293 2715 2312 2748 ι
2346 2698 2610 2764 Quocirca
2639 2714 2760 2754 cum
2790 2713 2886 2770 per
2909 2715 3068 2770 Opera
3098 2702 3334 2756 ostendit
3361 2702 3679 2772 dignitatem

2106 2786 2286 2843 Patris
2323 2791 2425 2846 sibi
2464 2792 2913 2858 inexsistentem,
2950 2793 3212 2848 Dominus
3249 2794 3308 2847 lit
3347 2794 3681 2849 credentium

411 2886 820 2940 πιστευσάντων
871 2885 953 2946 είς
1001 2881 1201 2934 αὐτόν·
1251 2879 1633 2934 ἀναδείκνυται
1684 2879 1742 2934 δὲ
1785 2879 1870 2932 ὅτι
1909 2877 2004 2929 καὶ

2110 2881 2164 2935 in
2197 2880 2368 2949 ipsum
2399 2900 2412 2935 :
2441 2884 2744 2938 ostenditur
2767 2898 2898 2938 vero
2926 2886 3068 2951 quod
3098 2887 3211 2953 ipse
3232 2885 3401 2938 etiam
3427 2884 3500 2938 sit
3522 2884 3683 2937 Citri-

418 2979 577 3040 αὒτός
608 2980 754 3030 εστιν
783 2978 810 3030 ὁ
844 2963 1096 3046 Χριστός.
1125 2973 1224 3026 Διὰ
1258 2972 1366 3043 γὰρ
1400 2971 1556 3027 τοῦτο
1586 2973 1698 3036 τοῖς
1731 2971 2004 3034 Ἰουδαίοις

2111 2982 2245 3027 stus.
2271 2969 2405 3026 Nam
2432 2973 2638 3029 idcirco
2663 2971 2862 3029 ludatis
2885 2976 3178 3029 incredulis
3204 2975 3339 3028 dixit
3363 2993 3378 3028 :
3409 2993 3430 3026 ‹
3460 2973 3683 3028 Etiamsi

426 3067 740 3120 ἀπειθοῦσιν
789 3066 976 3133 ἔλεγε·
1017 3084 1037 3116 ι
1066 3065 1189 3118 Κᾶν
1224 3064 1349 3135 ἐμοὶ
1390 3064 1464 3134 μὴ
1515 3063 1851 3133 πιστεύητε,
1894 3064 2004 3124 τοῖς

2112 3065 2242 3119 mihi
2274 3080 2380 3119 non
2411 3067 2670 3133 credatis,
2697 3067 2952 3136 operibus
2981 3066 3115 3121 meis
3145 3067 3370 3132 credite,
3401 3074 3459 3121 ut
3480 3081 3687 3137 cogno-

432 3162 617 3233 ἔργοις
661 3176 760 3230 μου
794 3158 1146 3222 πιστεύσατε,
1185 3157 1279 3208 ἶνα
1323 3155 1496 3223 γνῶτε
1544 3155 1628 3208 ὃτι
1657 3152 1775 3222 ἐγὼ
1821 3155 1879 3206 ὲν
1927 3151 2004 3222 τῷ

2113 3157 2280 3211 scatis
2306 3157 2432 3226 quia
2459 3171 2557 3228 ego
2579 3156 2640 3210 ‘in
2671 3157 2849 3221 Patre,
2874 3167 2930 3212 et
2954 3156 3182 3213 Paterin
3204 3173 3290 3213 me
3319 3169 3400 3214 est
3421 3159 3538 3191 "°"
3556 3120 3609 3226 ἴ(
3634 3172 3686 3216 et

434 3250 642 3324 Πατρὶ,
675 3252 768 3304 καὶ
805 3251 833 3303 ὁ
866 3250 1045 3320 Πατὴρ
1079 3251 1144 3301 ἐν
1179 3247 1303 3317 ἐμοί
1327 3264 1338 3274 -
1370 3265 1388 3298 ι
1424 3246 1518 3299 καὶ
1549 3246 1746 3299 πάλινο
1785 3264 1803 3296 ι
1837 3245 1901 3298 Εἰ
1943 3244 2004 3296 οὐ

2113 3263 2328 3326 rursum
2364 3271 2377 3304 :
2418 3267 2436 3300 ι
2477 3250 2535 3303 Si
2569 3265 2670 3318 ego
2703 3265 2808 3305 non
2840 3249 2983 3306 facio
3013 3265 3177 3322 opera
3210 3251 3386 3309 Patris
3421 3253 3546 3322 mei,
3579 3271 3683 3310 non

436 3341 574 3395 ποιῶ
602 3340 668 3393 τὰ
707 3340 842 3410 ἔργα
879 3338 968 3392 τοῦ
1001 3337 1214 3408 Πατρός
1261 3353 1383 3406 μου,
1417 3336 1492 3406 μὴ
1523 3335 1811 3387 πιστεύετέ
1846 3350 1953 3403 μοι.
1981 3349 2000 3383 ›

2115 3339 2350 3394 credatis
2375 3339 2510 3393 mihi
2531 3339 2597 3395 °°.
2634 3360 2653 3393 ι
2687 3338 2744 3394 Si
2777 3353 2925 3412 ergo,
2955 3343 3080 3411 quia
3111 3350 3286 3412 potest
3320 3342 3497 3401 facere
3521 3359 3683 3416 opera

429 3435 494 3487 Et
524 3434 581 3486 δὲ
609 3432 696 3485 διά
742 3431 835 3484 τοῦ
873 3429 1128 3483 δύνασθαι
1163 3429 1336 3481 ποιεῖν
1376 3425 1445 3479 τὰ
1477 3425 1622 3495 ἔργα
1669 3423 1765 3477 τοῦ
1796 3424 2007 3497 Πατρδς

427 3529 517 3580 καὶ
557 3525 701 3596 ἔχειν
747 3527 805 3578 ὲν
845 3522 1021 3593 ἑαυτῷ
1054 3523 1146 3575 τὸν
1180 3521 1422 3592 Πατέρα,
1454 3516 1595 3572 εἷναί
1624 3529 1684 3571 τε
1717 3518 1916 3589 ὁμοίως
1951 3518 2007 3569 ὲν

425 3619 622 3689 Πατρὶ,
655 3617 790 3681 Θεὸς
815 3617 890 3670 ὢν
928 3614 1182 3685 ἀληθινὸς
1225 3612 1636 3675 ἀναδείκνυται,
1676 3611 1816 3665 κατὰ
1851 3609 2010 3663 τοῦτο

423 3711 616 3780 γέγονε
646 3709 755 3763 τῶν
787 3707 865 3771 είς
913 3707 1075 3761 αὐτὸν
1112 3703 1523 3758 πιστευσάντων
1565 3702 1791 3774 Κύριος,
1835 3702 2008 3772 ἐφάνη

421 3805 486 3856 δὲ
528 3803 625 3856 καὶ
671 3801 833 3865 αὐτὸς
880 3799 956 3852 ὣν
986 3800 1014 3851 ό
1043 3795 1311 3868 Χριστός⁹
1343 3797 1393 3851 εἰ
1435 3795 1493 3848 δὲ
1534 3793 1688 3865 παρὰ
1731 3792 1866 3846 Θεοῦ
1908 3807 2009 3845 πε-

431 3895 690 3964 ποιῆσθαι
738 3893 946 3963 Κύριος
1003 3889 1256 3958 λέγεται,
1305 3888 1402 3941 καὶ
1437 3887 1595 3940 τοῦτο
1642 3885 1756 3956 ἔχει
1807 3884 2007 3946 καλῶς..

437 3985 968 4055 Ἔπιγινωσκόμενος
1000 3982 1112 4053 γὰρ
1137 3982 1226 4037 διὰ
1247 3983 1355 4036 τῶν
1386 3979 1561 4050 ἔργων
1585 3978 1805 4050 γνήσιόν
1833 3993 1891 4030 τε
1919 3977 2013 4029 καὶ

427 4076 679 4147 ἀληθινὸν
727 4075 824 4128 τοῦ
877 4072 1016 4127 Θεοῦ
1067 4073 1348 4143 γέννημα,
1397 4069 1640 4142 κυριεύει
1693 4068 1804 4121 τῶν
1856 4069 2014 4122 ἀπει-

420 4168 667 4221 θούντων
715 4167 918 4232 πάλαι,
967 4163 1046 4237 τῷ
1091 4181 1150 4217 τε
1182 4164 1365 4234 οἰκείῳ
1398 4163 1668 4233 ἀξιώματι
1717 4161 1809 4213 καὶ
1849 4161 1915 4230 τῇ
1953 4162 2015 4212 ὲκ

425 4259 644 4332 Πατρὺς
673 4258 938 4328 εὐγενείᾳ
986 4257 1426 4328 μαρτυρούμενος
1478 4253 1554 4317 ὡς
1604 4251 1756 4315 Θεός.
1798 4251 2013 4320 Ἐπειδὴ

427 4354 540 4424 γὰρ
585 4353 723 4414 ὅλως
750 4347 1005 4420 ’ἐγνώσθη
1032 4348 1172 4404 ’Θεοῦ
1222 4348 1482 4417 ὑπάρχων
1516 4344 1664 4409 Υἱὸς,
1701 4341 1887 4411 γέγονε
1920 4341 2015 4394 καὶ

429 4445 660 4514 Κύριος,
688 4445 751 4496 οὐ
785 4442 905 4495 τότε
937 4441 1152 4513 πρῶτον
1186 4440 1281 4494 τοῦ
1308 4435 1444 4494 εἶναι
1473 4436 1678 4508 Κύριος
1711 4434 2015 4505 ἀρξάμενος

432 4530 526 4608 (ἦν
555 4537 664 4606 γὰρ
687 4537 773 4589 ἀεὶ
799 4535 892 4589 καὶ
919 4535 1050 4598 Θεὸς
1081 4533 1445 4605 καὶΚύριος),
1473 4530 1586 4582 ἀλλ’
1608 4531 1695 4581 ὅτε
1724 4527 1875 4596 παρὰ
1905 4527 2017 4586 τοῖς

430 4628 859 4682 πεπιστευκόσιν
885 4626 1158 4698 ἐγνώσθη,
1183 4626 1303 4678 τότε
1331 4623 1566 4694 γεγονὼς
1594 4622 1687 4675 καὶ
1711 4622 1797 4674 ἐπ’
1821 4619 2016 4680 αὐτοὺς

431 4719 666 4790 Κύριος.

447 4811 771 4879 Ἀπόδειξις
813 4810 932 4866 ἀπὸ
977 4812 1088 4879 τῆς
1128 4811 1289 4873 θείας
1322 4808 1587 4878 Γραφῆς,
1636 4809 1725 4862 ὅτι
1759 4812 1791 4863 ό
1829 4808 2018 4878 Λόγος

771 4881 852 4950 ἦν
880 4881 971 4936 ἀεὶ
1005 4882 1218 4950 Κύριος
1247 4881 1343 4932 καὶ
1368 4879 1703 4945 βασιλεύῃ,

538 5000 580 5049 0
633 4995 889 5067 Ἀϐραὰμ
947 4995 1114 5049 αὐτὸν
1165 4994 1524 5068 προσεκύνει,
1563 4994 1769 5064 Κύριον
1812 4993 2021 5046 ἀποκα-

431 5087 569 5141 λῶν.
603 5086 667 5141 ’θ
695 5083 905 5160 Μωσῆς
947 5086 1148 5158 δμοίως
1182 5086 1348 5156 φησι·
1385 5106 1404 5136 ‹
1433 5086 1542 5139 Καὶ
1588 5085 1794 5155 Κύριος
1835 5083 2022 5154 ἔϐρεξε

439 5177 598 5249 παρὰ
641 5180 851 5248 Κυρίου
899 5179 1012 5243 πῦρ
1064 5179 1158 5232 καὶ
1203 5177 1345 5231 Θεῖον
1391 5179 1484 5230 ἐπὶ
1528 5177 1740 5246 Σόδομα
1786 5177 1879 5228 καὶ
1922 5176 2020 5229 Γό-

437 5272 642 5343 μορρα.
671 5290 689 5323 ι
735 5271 796 5325 '0
821 5270 1126 5341 Ψαλμῳδὸς
1174 5271 1361 5322 πάλιν
1405 5289 1423 5320 ι
1458 5266 1622 5323 Εἶπεν
1652 5272 1679 5323 ό
1713 5269 1915 5340 Κύριος
1944 5271 2022 5342 τῷ

435 5364 631 5435 Κυρίῳ
663 5380 795 5435 μου·
830 5362 1016 5417 Κάθου
1042 5363 1108 5414 ἐκ
1139 5361 1327 5428 δεξιῶν
1359 5379 1482 5432 μου.
1509 5379 1527 5411 ι
1562 5362 1674 5416 Καὶ
1698 5361 1857 5414 πάλιν
1877 5378 1891 5391 ·
1924 5380 1944 5411 ι
1967 5364 2022 5416 Ὁ

435 5452 626 5521 θρόνος
662 5469 780 5518 σου,
812 5453 840 5504 ὁ
875 5452 1028 5514 Θεὸς,
1073 5453 1154 5513 εἰς
1193 5451 1284 5504 τὸν
1328 5450 1499 5502 αἰῶνα
1540 5450 1634 5502 τοῦ
1679 5449 1892 5510 αἰῶνος.
1925 5449 2024 5502 Διὰ

436 5543 597 5598 τοῦτο
643 5542 836 5614 ἐχρισέ
872 5559 934 5594 σε
959 5558 972 5573 ο
1024 5541 1219 5612 ῥάϐδος
1275 5540 1565 5611 εὐθύτητος
1604 5543 1636 5611 ἡ
1690 5539 1882 5611 ῥάϐδος
1924 5539 2021 5608 τῆς

514 5700 557 5732 ⁸⁸
593 5699 716 5753 Act.
767 5715 829 5761 ιι,
858 5697 974 5761 22..
1027 5695 1145 5730 ""7
1185 5697 1341 5754 Joatl.
1384 5717 1435 5754 tt.
1471 5699 1557 5754 58.
1641 5698 1685 5728 “
1713 5696 1839 5752 ibid.
1885 5696 1970 5749 37.

435 5773 485 5807 τ’
527 5771 672 5830 Paul.
713 5757 864 5835 λἰιν,
893 5757 946 5833 7,
974 5769 1028 5822 8.

2111 3429 2313 3496 Patris,
2337 3439 2396 3484 et
2424 3432 2547 3498 quia
2575 3431 2737 3487 habet
2763 3433 2815 3487 in
2842 3445 2905 3487 se
2934 3432 3168 3498 Patrem,
3201 3436 3419 3506 ipseque
3446 3438 3682 3494 vicissim

2115 3529 2200 3576 est
2232 3523 2285 3577 in
2321 3521 2511 3590 Patre,
2544 3537 2706 3580 verus
2742 3527 2882 3582 Deus
2915 3539 3035 3581 esse
3067 3527 3372 3584 declaratur
3409 3546 3423 3583 :
3463 3532 3564 3586 hac
3596 3546 3685 3587 ra-

2115 3614 2263 3669 tione
2295 3610 2468 3671 factus
2497 3624 2580 3672 est
2609 3615 2868 3672 Dominus
2899 3619 3231 3674 credentium
3266 3621 3320 3675 in
3354 3622 3559 3692 ipsum,
3592 3623 3684 3676 de-

2119 3706 2460 3776 claratusque
2493 3717 2577 3764 est
2609 3709 2771 3764 etiam
2808 3711 2924 3778 ipse
2954 3725 3078 3766 esse
3103 3711 3386 3780 Christus;
3421 3715 3466 3768 si
3500 3727 3626 3768 vero
3660 3729 3688 3767 a

2115 3795 2228 3852 Deo
2271 3798 2444 3855 factus
2475 3814 2606 3855 esse
2643 3801 2901 3856 Dominus
2940 3801 3159 3864 dicitur,
3201 3803 3362 3856 etiam
3402 3803 3506 3856 hoc
3545 3814 3692 3856 recte

2119 3888 2304 3945 habet.
2333 3889 2593 3960 Cognitus
2628 3895 2770 3945 enim
2806 3906 2903 3961 per
2930 3905 3094 3960 opera
3127 3905 3249 3944 esse
3281 3905 3442 3945 verus
3479 3891 3570 3944 Dei
3604 3891 3692 3946 Fi-

2120 3977 2246 4044 lius,
2286 3979 2594 4034 dominatur
2628 3981 2682 4033 in
2723 3993 2820 4034 eos
2861 3979 2952 4047 qui
2995 3979 3122 4032 olim
3170 3992 3274 4031 non
3319 3978 3688 4045 crediderunt,

2113 4072 2338 4142 propria
2369 4084 2466 4125 sua
2495 4070 2786 4139 dignitate,
2815 4078 2869 4123 et
2898 4067 3076 4122 Patris
3103 4065 3381 4122 nobilitate
3411 4067 3512 4136 ipsi
3529 4069 3692 4123 testi-

2113 4162 2362 4218 monium
2398 4161 2716 4230 perhibente
2748 4169 2806 4215 ut
2839 4161 2966 4216 Deo.
2996 4158 3131 4215 Cum
3168 4159 3312 4214 enim
3347 4159 3568 4216 omnino
3600 4176 3692 4215 cn-

2122 4257 2301 4325 gnltus
2349 4256 2421 4310 sit
2467 4268 2588 4309 esse
2633 4251 2802 4309 Filius
2843 4252 2969 4319 Dei,
3033 4251 3210 4307 factus
3254 4251 3414 4307 etiam
3461 4263 3544 4308 est
3591 4254 3694 4308 Da-

2125 4349 2300 4403 minus
2335 4365 2349 4402 :
2387 4364 2490 4404 non
2527 4347 2670 4418 quod
2712 4357 2838 4402 tunc
2879 4347 3110 4418 primum
3145 4345 3440 4402 exsistendi
3479 4347 3692 4401 initium

2049 4479 2092 4533 Β
2122 4442 2390 4511 acceperit
2425 4449 2662 4512 (semper
2686 4442 2834 4498 enim
2868 4449 2986 4496 erat
3018 4450 3073 4496 et
3105 4440 3267 4508 Deus,
3299 4449 3355 4495 et
3387 4441 3691 4508 Dominus),

2123 4535 2216 4589 sed
2253 4534 2471 4604 quando
2503 4549 2532 4587 a
2566 4535 2911 4590 credentibus
2944 4532 3192 4604 cognitus
3226 4542 3342 4600 est,
3375 4541 3487 4588 tum
3521 4532 3694 4588 factus

2112 4637 2204 4684 est
2236 4629 2316 4682 eis
2348 4627 2624 4682 Dominus.

2128 4801 2517 4856 Demonatratio
2545 4819 2611 4855 ea;
2643 4819 2795 4856 sacra
2827 4802 3122 4869 Scriptura,
3157 4799 3295 4867 quod
3325 4797 3549 4851 Verbum
3580 4813 3695 4852 erat

2554 4888 2754 4940 semper
2783 4873 3036 4925 Dominus
3071 4879 3116 4922 et
3153 4881 3262 4921 rex.

2200 4985 2471 5040 Abraham
2503 4985 2680 5055 ipsum
2714 4983 2996 5044 adorabat,
3017 4979 3303 5033 Dominum
3336 4978 3696 5048 appellans".

2131 5078 2307 5133 Moses
2338 5075 2587 5130 similiter
2617 5089 2633 5126 :
2659 5091 2679 5124 σ
2700 5073 2768 5126 Et
2791 5071 3046 5125 Dominus
3059 5069 3192 5137 pluit
3211 5082 3236 5120 a
3256 5066 3697 5136 Dominoignem,

2129 5183 2183 5227 et
2207 5170 2431 5240 sulphur
2453 5181 2616 5235 super
2637 5163 2926 5219 Sodomam
2950 5170 3003 5215 et
3024 5160 3383 5215 Gomorrham
3401 5160 3469 5213 ".
3501 5179 3521 5212 ι
3551 5159 3670 5215 Psal

2131 5263 2290 5317 mista
2325 5258 2488 5312 etiam
2524 5274 2539 5311 :
2578 5273 2598 5307 ι
2633 5254 2781 5309 Dixit
2813 5251 3067 5306 Dominus
3101 5249 3330 5304 Domino
3361 5263 3480 5306 meo
3511 5266 3526 5302 :
3560 5249 3700 5304 Scde

2133 5370 2160 5406 a
2207 5351 2412 5404 dextris
2453 5349 2588 5402 meis
2611 5348 2672 5400 ἰ,
2727 5363 2748 5395 ι
2792 5343 2861 5397 Et
2897 5356 3087 5396 rursus
3130 5358 3145 5394 ι
3191 5358 3212 5391 ι
3261 5341 3466 5395 Solium
3511 5348 3696 5405 tuum,

2131 5445 2291 5504 Deus.
2320 5442 2373 5495 in
2405 5439 2661 5494 saeculum
2689 5434 2890 5490 smeuli.
2918 5433 3208 5502 Propterea
3245 5431 3398 5486 unxit
3428 5440 3479 5485 te
3510 5453 3520 5485 :
3549 5431 3698 5503 virga

2133 5535 2489 5600 rectitudinis,
2509 5531 2657 5600 virga
2677 5527 2826 5598 regni
2845 5526 2919 5580 tui
2935 5526 3001 5578 τ’.
3034 5546 3051 5578 ι
3076 5526 3141 5580 Et
3161 5538 3386 5580 rursus:
3412 5541 3429 5576 t
3453 5521 3699 5595 Regnum

2052 5696 2102 5718 ’θ’
2133 5695 2266 5747 Gen.
2302 5710 2408 5747 xm
2440 5693 2492 5756 2,
2545 5689 2599 5741 3.
2678 5685 2722 5714 ⁷⁸³
2754 5684 2885 5737 Gen.
2923 5700 3034 5749 χιχ,
3062 5685 3152 5740 ιιι.
3236 5687 3274 5716 τ’
3314 5681 3456 5739 Psai.
3494 5696 3600 5740 (ιχ.
3648 5678 3699 5728 ί.
