4078 6260
459 341 558 394 367
1446 342 1502 396 S.
1546 339 1818 396 CYRILLI
1859 332 2336 392 ALEXANDIUNI
2373 331 2696 387 ARCHIEP.

3619 340 3725 396 368

459 475 639 525 tuum,
689 474 913 532 regnum
959 459 1199 515 omnium
1247 459 1562 515 saeculorum
1592 459 1658 511 ⁷³.
1717 475 1735 508 ι
1771 456 1843 510 ν-Εοί
1899 469 2024 525 ergo

2145 452 2409 516 Βασιλείας
2441 469 2555 506 σου.
2585 468 2604 502 ι
2639 449 2752 504 Καὶ
2783 449 2975 504 πάλιν·
3016 467 3034 500 ‹
3077 450 3140 502 'H
3179 449 3424 520 βασιλεία
3462 471 3578 523 σου,
3621 459 3723 527 βαι

458 552 617 604 ctiam
660 563 786 607 ante
827 552 1257 606 incarnationem
1290 549 1523 604 Verbum
1562 548 1653 601 Dei
1691 556 1811 601 erat
1848 561 1940 601 rex
1978 554 2032 600 et

459 640 751 706 Dominus,
790 640 1061 710 quomodo
1102 655 1206 694 non
1252 640 1297 693 is
1342 637 1688 707 blasphemus
1729 636 2032 691 censendus

458 734 526 785 sit
567 733 656 802 qui
694 732 893 787 factum
924 747 1046 789 esse
1085 731 1152 787 de
1207 730 1444 786 essentia
1478 729 1898 799 interpretetur?
1928 729 2028 782 Fa-

459 837 576 881 rtus
601 830 744 881 enim
775 835 858 881 est
883 830 1067 888 noster
1091 823 1380 888 Dominus,
1413 838 1537 877 cum
1569 821 1715 877 illum
1748 821 1910 876 talem
1938 835 2032 876 co-

459 920 765 989 gnovimus,
787 918 1024 986 quando,
1057 914 1310 971 omnibus
1340 915 1497 971 nobis
1525 915 1785 986 sanguine
1813 928 1914 969 suo
1944 927 2031 968 re-

459 1012 711 1080 deniptis,
740 1008 1046 1064 declaratus
1075 1017 1159 1064 est
1187 1007 1438 1063 Christus
1465 1016 1518 1062 et
1549 1005 1828 1062 Dominus.

581 1207 742 1278 217
775 1206 927 1264 Idem
955 1207 1136 1276 aliter,
1166 1209 1401 1279 exemplo
1433 1227 1466 1264 α
1495 1211 1644 1265 nobis
1670 1220 1900 1280 sumpto.

528 1386 586 1442 Si
629 1387 696 1440 de
740 1385 957 1441 homine
997 1384 1177 1454 aliquo
1219 1386 1487 1441 diceretur
1528 1385 1769 1440 :Factus
1809 1396 1894 1443 est
1935 1388 2036 1445 iste

459 1476 1002 1546 hujuspossessionis
1035 1475 1287 1531 dominus
1323 1494 1338 1530 :
1371 1477 1496 1546 quis
1523 1476 1660 1532 adeo
1681 1477 1886 1533 delirus
1913 1477 2034 1534 lue~

460 1569 550 1633 rit,
580 1575 638 1621 ut
666 1577 776 1621 tum
805 1566 1165 1622 substantiam
1195 1566 1338 1622 illius
1365 1565 1561 1623 factam
1589 1582 1712 1624 esse
1738 1569 2034 1636 existimet,

459 1659 677 1730 quando
707 1658 1014 1714 declaratus
1041 1666 1126 1713 est
1153 1656 1384 1728 alicujus
1413 1659 1490 1713 rei
1520 1659 1807 1715 dominus?
1836 1660 2036 1718 Factus

2136 542 2310 594 σιλεῐα
2339 542 2555 596 πάντων
2585 540 2693 594 τῶν
2720 539 2951 595 αίὼνων.
2977 560 2995 592 ι
3038 541 3099 594 El
3145 543 3325 596 τοίνυν
3364 545 3459 600 καὶ
3489 547 3594 617 πρὸ
3622 552 3724 620 τῆς

2135 634 2466 706 σαρκώσεως
2511 631 2764 704 βασιλεύς
2808 649 2868 684 τε
2912 631 3007 686 καὶ
3045 631 3250 704 Κύριος
3281 632 3348 705 ἦν
3384 636 3412 689 ὁ
3451 633 3548 692 τοῦ
3584 639 3724 693 θεοῦ

2133 729 2337 798 Λόγος,
2376 726 2493 790 πῶς
2523 725 2624 779 οὐκ
2653 726 2717 780 ἄν
2757 742 2842 788 τις
2879 724 3063 796 ἔνοχος
3101 727 3186 797 εἴη
3227 730 3339 792 τοῖς
3379 732 3478 801 τῆς
3517 730 3726 803 δυο-φη-

2137 821 2264 891 μίας
2295 819 2632 892 ἐγκλήμασι,
2670 818 2812 871 κατὰ
2849 818 2947 889 τῆς
2991 818 3180 882 οὐσίας
3223 819 3388 874 αὐτοῦ
3432 823 3613 894 φέρων
3663 825 3729 878 τὸ

2135 911 2465 982 πεποιῆσθαι
2490 926 2504 976 ;
2532 909 2729 978 Γέγονε
2764 908 2873 978 γὰρ
2916 909 3074 980 ἡμῶν
3103 908 3305 980 Κύριος
3343 911 3451 966 τῶν
3473 914 3728 983 ’ἐπεγνω-

2135 1004 2310 1057 κότων
2352 1002 2445 1057 τὸν
2476 1001 2688 1055 ’ἑαυτῶν
2720 1000 3020 1071 Δεσπότην,
3056 1003 3144 1056 ὅτε
3189 1001 3267 1073 τῷ
3306 1004 3494 1076 οἰκείῳ
3530 1006 3726 1077 αἵματι

2137 1096 2346 1159 πάντας
2375 1093 2672 1167 ἀγοράσας,
2698 1093 2978 1166 ἀνεδείχθη
3011 1093 3246 1166 Χριστὸς
3272 1098 3368 1150 καὶ
3401 1097 3625 1170 Κύριος.

2140 1207 2375 1272 Ἄλλως
2435 1203 2503 1258 τὸ
2548 1203 2724 1269 αὐτὸ,
2770 1203 3005 1280 έκ-ζῶν
3059 1207 3189 1260 καθ’
3220 1204 3405 1276 ’.ἡμᾶς
3461 1211 3608 1280 ἕχον
3660 1213 3728 1267 τὸ

2755 1273 3107 1345 ὑπόδειγμα.
3127 1307 3133 1313 -

2219 1386 2284 1440 El
2334 1387 2422 1439 ἐπ’
2467 1383 2759 1458 ἀνθρώπου
2817 1386 3030 1456 λέγοιτο
3093 1389 3292 1461 τυχόν·
3343 1392 3576 1462 Γέγονεν
3635 1397 3720 1452 ὅδε

2137 1478 2295 1533 τοῦδε
2327 1479 2422 1533 τοῦ
2473 1481 2753 1551 κτήματος
2799 1479 3020 1550 κύριος,
3065 1481 3147 1544 τίς
3186 1483 3361 1549 οὕτως
3398 1486 3464 1542 ἂν
3503 1490 3590 1560 εἴη
3625 1491 3724 1562 λη-

2142 1569 2269 1639 ρῶν,
2300 1570 2378 1633 ὼς
2401 1570 2522 1624 τότε
2554 1571 2651 1640 τὴν
2677 1570 2865 1625 οὐσίαν
2892 1571 3056 1625 αὐτοῦ
3092 1575 3426 1645 πεποιῆσθαι
3461 1579 3725 1651 νομίζειν,

2137 1662 2228 1716 ὅτε
2259 1662 2354 1715 καὶ
2381 1661 2570 1733 κύριος
2600 1663 2814 1735 ἐδείχθη
2847 1663 3027 1728 τινός;
3073 1665 3273 1733 Γέγονε
3301 1668 3412 1741 γὰρ
3439 1671 3539 1724 οὐκ
3569 1674 3723 1739 αὐτὸς

459 1753 604 1808 enim
640 1761 725 1807 est
763 1767 867 1806 non
905 1751 1048 1820 quod
1093 1759 1207 1805 tum
1252 1749 1548 1806 exsistendi
1590 1751 1804 1806 initium
1847 1762 2038 1808 nactus

2145 1753 2220 1816 εἰς
2248 1753 2506 1808 σύστασιν
2530 1753 2622 1808 τοῦ
2650 1750 2791 1808 εἶναι
2816 1755 2936 1807 τότε
2967 1757 3267 1827 προελθὼν,
3300 1760 3415 1814 ἀλλ’
3440 1762 3530 1831 ὑφ’
3550 1764 3726 1836 ἑαυτῷ

460 1847 551 1911 sit,
581 1845 673 1900 sed
702 1841 848 1913 quod
878 1841 1080 1912 aliquid
1113 1841 1165 1896 iu
1197 1855 1351 1896 suam
1383 1850 1707 1911 potestatem
1741 1843 2034 1900 reduxerit.

460 1937 538 1991 Ita
575 1935 740 1992 etiam
781 1936 847 1990 de
881 1934 1100 1990 Christo
1135 1935 1480 2005 cogitandum
1519 1944 1621 1991 est.
1661 1934 2040 1992 Serviebamus

458 2029 588 2084 olim
627 2025 776 2082 falsis
811 2025 936 2090 diis,
971 2035 1028 2082 et
1061 2026 1398 2095 corruptioui
1434 2025 1656 2080 obnoxii
1693 2041 1948 2093 eramus;
1986 2036 2042 2081 at

458 2118 554 2174 Dei
575 2116 811 2172 Verbum
837 2129 905 2172 ex
932 2114 1270 2186 beneplacito
1295 2115 1474 2171 Patris
1503 2113 1704 2170 factum
1734 2125 1819 2171 est
1847 2117 2038 2183 homo,

459 2220 518 2266 ut
557 2209 714 2265 nobis
745 2208 812 2262 ab
843 2220 1033 2262 errore
1066 2205 1315 2262 abductis
1351 2205 1447 2260 ﬂat
1481 2206 1722 2262 omnium
1756 2206 2038 2262 Dominus.

460 2300 626 2357 Unxit
657 2313 785 2355 vero
814 2299 989 2369 ipsum
1022 2295 1205 2362 Pater,
1237 2305 1294 2352 ut
1327 2313 1424 2368 per
1451 2298 1629 2367 ipsum
1660 2297 1740 2354 vis
1773 2312 1838 2353 ac
1868 2299 2043 2353 virtus

458 2391 714 2463 uugentis
755 2391 920 2446 etiam
965 2389 1020 2444 in
1065 2404 1167 2446 nos
1208 2390 1540 2459 perveniret.
1585 2387 1720 2444 Nam
1765 2391 1823 2444 in
1867 2389 2043 2460 primo

458 2485 673 2541 Christo
703 2493 912 2538 naturae
943 2490 1145 2538 nostrae
1174 2481 1316 2538 bona
1347 2481 1649 2536 instaurata
1678 2489 1824 2550 sunt,
1857 2481 2042 2538 tactae-

458 2591 564 2647 que
590 2585 715 2632 sunt
741 2575 896 2631 nobis
924 2574 1177 2644 primitiae
1205 2574 1514 2630 divinorum
1546 2574 1813 2628 donorum
1845 2575 1899 2629 in
1927 2573 2044 2644 ipso

459 2681 514 2726 et
549 2686 646 2741 per
675 2671 884 2740 ipsum,
915 2677 977 2724 ut
1014 2668 1068 2724 in
1110 2667 1330 2724 nomine
1358 2678 1414 2724 et
1448 2682 1479 2722 a
1520 2667 1630 2724 Deo
1660 2684 1676 2722 :
1711 2667 1854 2724 Deus
1899 2667 2044 2724 enim

461 2773 581 2820 erat
608 2765 662 2820 in
693 2775 880 2818 carne.

1070 2871 1221 2928 Idem
1253 2872 1430 2928 aliter.

529 2994 728 3049 Beatus
763 2989 930 3046 David
967 2988 1162 3044 alicubi
1205 2990 1278 3043 ita
1319 2987 1500 3060 psallit
1542 3004 1554 3042 :
1598 3007 1616 3040 ι
1657 2987 1786 3044 Fias
1821 2989 1952 3045 mihi
1991 2990 2044 3044 in

460 3087 629 3144 Deum
663 3092 1022 3156 protectorem
1046 3083 1168 3146 τις»
1195 3092 1251 3137 et
1285 3096 1501 3136 rursum
1537 3100 1552 3136 :
1592 3099 1613 3134 ‹
1652 3081 1720 3136 Et
1758 3082 1937 3138 factus
1962 3092 2046 3138 est

2139 1860 2194 1898 τι
2235 1845 2624 1915 ποιησάμενος.
2675 1843 2833 1898 Οὕτω
2881 1863 2970 1917 μοι
3019 1847 3130 1901 νόει
3182 1850 3280 1902 καὶ
3323 1853 3417 1905 ἐπὶ
3466 1855 3722 1926 Χριστοῦ.

2155 1931 2536 2002 Ἐδουλεύομεν
2565 1932 2734 1987 πάλαι
2766 1936 2880 1998 τοῖς
2917 1936 2991 2006 μὴ
3022 1932 3142 1990 οὖσι
3182 1936 3355 2004 θεοῖς’
3388 1943 3723 2016 ὑπεκείμεθα

2140 2026 2206 2095 τῇ
2247 2025 2422 2095 φθορᾷ
2445 2041 2458 2055 ·
2491 2023 2629 2078 ἀλλὰ
2672 2024 2898 2094 γέγονεν
2940 2027 3227 2098 ἄνθρωπος
3251 2033 3282 2084 ὁ
3315 2033 3408 2085 τοῦ
3447 2033 3581 2089 Θεοῦ
3619 2039 3722 2091 Λό-

2142 2132 2236 2185 γος
2269 2116 2659 2187 εὐδοκήσαντος
2684 2117 2779 2171 τοῦ
2813 2119 3046 2191 Πατρὸς,
3085 2122 3174 2177 ἵνα
3205 2123 3300 2195 τῆς
3330 2126 3536 2196 πλάνης
3569 2131 3718 2201 ἡμᾶς

2142 2206 2462 2272 ἀπαλλάξας
2502 2207 2730 2278 γένηται
2770 2210 2989 2266 πάντων
3023 2213 3246 2283 Κύριος.
3272 2215 3488 2288 "Expth
3513 2219 3569 2272 δὲ
3612 2223 3712 2274 σύ-

2142 2293 2235 2350 τὸν
2264 2299 2292 2350 ὁ
2323 2297 2537 2370 Πατὴρ,
2583 2299 2671 2352 ἵνα
2716 2299 2786 2352 δι’
2821 2299 2985 2355 αὐτοῦ
3028 2301 3210 2375 φθάσῃ
3251 2305 3344 2358 καὶ
3385 2307 3464 2370 εἱς
3501 2309 3642 2378 ἡμᾶς
3680 2312 3716 2380 ἡ

2143 2387 2238 2442 τοῦ
2269 2387 2554 2459 χρίσαντος
2577 2389 2826 2463 δύναμις.
2850 2392 3048 2460 Γέγονε
3071 2394 3179 2467 γὰρ
3199 2397 3482 2471 ὲν-πρὼτῳ
3504 2401 3722 2471 Χριστῷ

2143 2479 2214 2533 τά
2259 2480 2358 2551 τῆς
2403 2479 2618 2550 φύσεως
2643 2482 2798 2553 ἡμῶν
2828 2483 3030 2552 ἀγαθὰ,
3063 2486 3157 2540 καὶ
3183 2488 3412 2559 ἀπαρχὴ
3439 2489 3546 2542 τῶν
3571 2489 3728 2545 θείων

2145 2572 2278 2642 ἡμῖν
2299 2574 2656 2644 χαρισμάτων
2680 2575 2736 2629 ὲν
2765 2575 2914 2646 αὐτῷ
2947 2577 3040 2630 xui.
3064 2577 3132 2630 δι’
3164 2578 3330 2632 αὑτοῦ
3357 2580 3437 2644 ὼς
3461 2580 3728 2654 ἀνθρώπῳ

2146 2664 2243 2719 καὶ
2279 2665 2429 2736 παρὰ
2454 2665 2630 2720 ›Θεοῦ’
2661 2666 2794 2732 Θεὸς
2826 2669 2935 2742 γὰρ
2964 2664 3031 2742 ἦν
3059 2671 3118 2725 ὲν
3153 2673 3340 2742 σαρκί.

2675 2869 2902 2935 Ἄλλως
2941 2872 3006 2924 τὸ
3044 2873 3211 2927 αὑτό.

2219 2977 2428 3034 Ψάλλει
2465 2995 2567 3033 που
2606 2979 2699 3033 καί
2740 2997 2907 3052 φησιν
2950 2983 2977 3036 ὁ
3031 2983 3303 3055 μακάριος
3349 2988 3547 3042 Δαϐίδ·
3590 3009 3608 3042 ι
3638 2991 3735 3044 Γε-

2150 3071 2242 3127 νοῦ
2286 3089 2377 3144 μοι
2409 3073 2488 3136 εἰς
2514 3071 2646 3127 Θεὸν
2676 3073 3091 3147 ὑπερασπιστήν
3116 3093 3129 3105 ο
3161 3095 3179 3129 ι
3215 3078 3307 3133 καὶ
3345 3079 3507 3134 πάλιν
3527 3099 3542 3114 ·
3578 3102 3598 3134 ι
3629 3085 3738 3137 Καὶ

460 3154 722 3238 Dominus
766 3176 1030 3248 refugium
1076 3175 1299 3248 pauperi
1323 3175 1393 3231 ⁷⁸.
1438 3193 1458 3227 ι
1509 3173 1776 3231 Caeterqu
1825 3175 1877 3230 in
1923 3175 2042 3243 his,

2149 3165 2366 3237 ἐγένετο
2394 3165 2598 3237 Κύριος
2627 3169 2915 3239 καταφυγὴ
2945 3170 3024 3240 τῷ
3058 3170 3268 3242 πένητι.
3299 3190 3318 3225 ι
3360 3175 3500 3228 Ἀλλ’
3535 3177 3594 3229 ὲν
3625 3177 3738 3231 τού-

460 3287 622 3328 uemo
635 3279 782 3328 certe
795 3269 993 3325 dixerit
1003 3267 1173 3327 Deum
1191 3277 1308 3322 tum
1316 3267 1546 3337 coepisse
1557 3267 1823 3323 exsistere
1833 3267 2048 3338 quando

462 3363 638 3418 factus
673 3371 757 3418 est
791 3361 1060 3430 refugium
1099 3358 1345 3429 pauperi.
1389 3358 1614 3429 Semper
1647 3358 1791 3414 enim
1830 3359 1933 3416 hoc
1967 3360 2050 3431 ip-

463 3471 583 3512 sum
611 3452 906 3520 exsistens,
931 3465 1256 3521 semperque
1281 3465 1512 3508 servans
1537 3465 1844 3522 oppressos,
1872 3451 2050 3507 factus

463 3555 552 3604 est
583 3544 773 3600 Davidi
809 3543 863 3598 in
907 3543 1073 3604 Deum
1110 3553 1514 3612 protectorem,
1551 3551 1606 3598 et
1641 3543 1865 3613 pauperi
1899 3542 2048 3598 refu-

465 3637 637 3710 gium.
673 3634 1137 3702 Quemadmodum
1175 3635 1341 3706 igitur
1374 3635 1427 3692 id
1465 3635 1610 3705 quod
1632 3649 1861 3705 semper
1894 3643 2048 3700 erat,

466 3729 571 3784 hoc
593 3728 775 3796 ipsum
807 3742 995 3783 rursus
1023 3726 1084 3781 lit
1115 3727 1343 3797 petenti,
1371 3735 1428 3782 et
1454 3727 1638 3782 oranti
1667 3744 1680 3781 :
1712 3726 1784 3780 ita
1812 3734 1866 3781 et
1892 3725 2051 3782 Chri-

465 3834 742 3878 swscum
776 3835 994 3890 semper
1021 3819 1393 3877 sit-Dominus
1426 3829 1483 3876 et
1516 3835 1636 3886 rex,
1671 3827 1854 3890 utpote
1888 3818 2047 3886 Deus,

465 3914 642 3970 factus
682 3922 765 3970 est
804 3913 968 3970 etiam
1011 3913 1066 3969 in
1110 3913 1269 3970 nobis
1313 3913 1601 3982 Dominus,
1637 3912 1852 3983 quando
1897 3915 2050 3969 dete—

467 4015 672 4062 stantes
700 4005 1039 4077 tyrannidem
1069 4005 1402 4076 diaboliqua
1430 4021 1530 4063 nos
1553 4005 1914 4077 opprimebat,
1941 4006 2050 4061 cla-

466 4101 732 4156 mat-imus
759 4101 826 4156 ad
855 4099 1073 4156 Patrem
1106 4118 1120 4154 :
1155 4119 1175 4153 ι
1209 4100 1411 4156 Emitte
1439 4099 1620 4157 lumen
1652 4112 1802 4157 tuum
1829 4109 1886 4157 et
1908 4100 2051 4156 veri-

467 4200 637 4248 tatem
679 4202 824 4247 tuam
849 4193 918 4247 ⁷⁸.
968 4211 988 4245 ›
1031 4192 1143 4248 Deo
1179 4201 1361 4248 autem
1399 4207 1556 4248 sacra
1596 4192 1880 4262 Scriptura
1914 4205 2051 4262 opus

469 4284 737 4337 attribuit.
772 4281 967 4337 Omnia
1000 4282 1144 4337 enim
1178 4278 1300 4353 'qute
1335 4283 1629 4339 humanam
1663 4294 1912 4340 naturam
1952 4300 2048 4342 ex-

468 4373 692 4437 cedunt,
723 4387 886 4444 opera
920 4373 1016 4428 Dei
1048 4373 1241 4428 merito
1268 4381 1550 4428 vocantur.

757 4499 1340 4590 'ASSERTIO
1410 4503 1741 4590 XXII.

471 4649 538 4706 In
571 4648 726 4724 illud,
757 4667 775 4701 ‹
809 4648 886 4703 De
913 4649 999 4702 die
1027 4657 1074 4703 et
1094 4648 1238 4724 liora
1265 4646 1366 4724 illa.
1387 4664 1535 4724 nemo
1555 4653 1726 4724 nouit,
1757 4668 1848 4724 nec
1877 4655 2052 4724 angeli

586 4721 856 4784 calorum,
890 4735 1052 4788 neque
1081 4717 1284 4784 Filius,
1314 4719 1416 4772 nisi
1448 4719 1611 4775 Pater
1632 4721 1778 4776 solus
1801 4723 1868 4776 ".
1907 4742 1926 4775 ι

925 4896 1172 4966 Objectio
1201 4897 1591 4952 haereticorum.

538 5015 606 5069 At
649 5013 951 5084 quomodo,
989 5011 1280 5083 inquiunt,
1315 5013 1424 5069 erit
1462 5012 1657 5069 similis
1696 5013 1868 5072 Filius
1904 5013 2052 5072 Patri

467 5105 763 5161 secundum
809 5105 1131 5169 essentiam,
1169 5121 1294 5161 cum
1328 5107 1487 5162 .dicat
1528 5106 1696 5176 218
1739 5121 1799 5162 se
1843 5110 2055 5164 nescire

2083 4498 2130 4553 D

2149 3275 2282 3321 τοις,
2324 3257 2424 3312 οὐκ
2465 3257 2529 3312 ἄν
2567 3275 2652 3322 τις
2701 3259 2846 3312 εἴποι
2887 3259 3011 3314 τότε
3060 3263 3196 3334 πρὸς
3225 3265 3413 3319 οὐσίαν
3442 3266 3735 3339 κεκλῆσθαι

2148 3349 2240 3403 τὸν
2277 3347 2430 3415 Θεὸν,
2461 3348 2550 3402 ὅτε
2582 3347 2660 3420 τῷ
2690 3349 2882 3422 πένητι
2914 3351 3106 3422 γέγονε
3138 3359 3451 3429 καταφυγή.
3487 3357 3599 3412 ’Δεὶ
3633 3359 3737 3431 γάρ

2149 3441 2224 3495 ὢν
2260 3441 2418 3496 τοῦτο
2452 3442 2548 3498 καὶ
2580 3440 2768 3506 σώζων
2817 3444 2944 3508 τοὺς
2977 3444 3390 3518 ἀδικουμένους,
3433 3451 3628 3520 γέγονε
3660 3453 3735 3522 τῷ

2153 3531 2254 3602 μὲν
2282 3532 2447 3586 Δαϐὶδ
2476 3533 2560 3596 εἰς
2593 3531 2728 3586 Θεὸν
2763 3533 3200 3609 ὑπερασπιστὴν,
3226 3538 3305 3609 τῷ
3336 3539 3393 3593 δὲ
3427 3540 3618 3614 πένητι
3651 3561 3738 3597 κα·

2149 3625 2392 3695 ταφυγή.
2419 3624 2632 3696 ’Ὥσπερ
2657 3618 2749 3679 οὖν
2777 3626 2914 3697 ὅπερ
2939 3622 3007 3698 ἦν
3029 3628 3139 3693 ἀέὶ,
3165 3629 3323 3684 τοῦτο
3347 3632 3554 3701 γίνεται
3582 3637 3738 3691 πάλιν

2150 3716 2228 3787 τῷ
2271 3715 2513 3771 αἰτοῦντι
2542 3708 2656 3771 ’καὶ
2708 3720 3169 3792 προσευχομένῳο
3212 3721 3355 3777 οὕτω
3397 3725 3492 3780 καὶ
3525 3729 3555 3781 ὁ
3602 3728 3738 3799 Χριο

2154 3808 2308 3874 στὸς,
2353 3807 2558 3878 Κύριος
2595 3807 2673 3862 ὣν
2691 3809 2788 3864 ἀεὶ
2833 3812 2927 3864 καὶ
2958 3810 3212 3882 βασιλεὺς
3253 3814 3330 3878 ὡς
3363 3815 3517 3881 Θεὸς,
3551 3818 3738 3888 γέγονε

2153 3903 2248 3957 καὶ
2289 3905 2347 3957 ὲν
2381 3905 2512 3975 ἡμῖν
2559 3903 2794 3975 Κύριος,
2837 3906 2926 3959 ὅτε
2964 3907 3058 3960 τοῦ
3095 3909 3412 3980 συνέχοντος
3448 3913 3598 3984 ἡμᾶς
3628 3915 3740 3968 δια-

2152 3995 2310 4048 σόλου
2354 3996 2454 4066 τὴν
2493 3997 2786 4065 τυραννίδα
2837 4000 3202 4070 μισήσαντες,
3242 4001 3556 4075 ἐϐοήσαμεν
3606 4008 3739 4076 πρὸς

2150 4087 2242 4142 τὸν
2289 4087 2546 4159 Πατέρα’
2585 4106 2605 4140 ι
2653 4088 3066 4153 Ἐξαπόστειλον
3116 4092 3331 4162 τὸηφῶς
3377 4111 3473 4149 σου
3518 4097 3614 4151 καὶ
3644 4099 3738 4169 τὴν

2151 4178 2412 4251 ἀλήθειάν
2445 4197 2561 4234 σου.
2595 4199 2613 4232 ι
2649 4179 2768 4252 Θεῷ
2795 4181 2853 4236 δὲ
2881 4181 2944 4235 τὸ
2988 4181 3149 4254 ἔργον
3195 4185 3516 4260 ἀνατίθησιν
3549 4191 3582 4261 ἡ
3624 4189 3740 4245 θεία

2151 4273 2365 4344 Γραφή.
2412 4272 2598 4327 Πάντα
2633 4273 2742 4346 γὰρ
2779 4277 2881 4330 ὅσα
2913 4276 3013 4346 τὴν
3047 4275 3336 4348 ἀνθρώπου
3385 4279 3545 4348 φύσιν
3581 4281 3736 4348 lii).-

2151 4364 2323 4432 λεται,
2350 4365 2522 4420 ταῦτα
2551 4365 2779 4431 δικαίως
2810 4367 2946 4438 ἔργα
2978 4367 3224 4424 καλεῖται
3255 4370 3414 4425 Θεοῦ.

2639 4489 3007 4578 ΛΟΓΟΣ
3073 4490 3273 4576 KB’.

2163 4650 2268 4713 Εἰς
2299 4648 2386 4720 ῗὸῖ
2428 4668 2447 4700 ε
2486 4649 2627 4720 ῌερῑ
2682 4649 2792 4718 τῆς
2851 4649 3078 4720 ἡμέρας
3132 4650 3370 4718 ἐκείνης
3416 4652 3514 4707 καὶ
3557 4651 3738 4720 ἄιιοας.

2225 4718 2425 4792 οὐδεὶς
2467 4715 2649 4792 οἶδεν,
2699 4715 2842 4792 οὐδὲ
2878 4715 2938 4774 ὀἱ
2962 4715 3220 4792 Ἁγῆγελοι
3272 4715 3391 4774 ab»
3449 4715 3738 4792 οὐραὶ-ὠὴ

2223 4787 2366 4844 οὐδὲ
2393 4792 2426 4843 ό
2472 4790 2625 4856 Υἱὸς,
2653 4793 2706 4844 εί
2729 4790 2816 4859 μὴ
2841 4793 2874 4845 ὀ
2908 4787 3111 4859 Πατήρ
3137 4792 3344 4861 μόνος.
3368 4810 3386 4843 ι

2431 4902 2752 4968 Ἁντίθεσις
2777 4903 2848 4957 ἐκ
2877 4901 2997 4957 τῶν
3026 4903 3477 4975 Χριστομάχων.

2228 5016 2337 5069 Καὶ
2370 5014 2508 5079 πῶς,
2548 5016 2735 5086 φασὶν,
2775 5016 2927 5071 ἔσται
2975 5019 3095 5072 κατ’
3124 5018 3311 5072 οὐσίαν
3343 5019 3530 5090 ὅμοιος
3561 5021 3590 5073 ὁ
3624 5021 3744 5082 Υἱὸς

2144 5105 2231 5178 .τῴ
2264 5107 2462 5178 Πατρὶ,
2493 5106 2666 5176 λέγων
2697 5108 2773 5178 μὴ
2802 5108 3002 5164 ειδέναι
3037 5109 3137 5180 τὴν
3171 5109 3388 5182 ἡμέραν
3421 5110 3524 5177 τῆς
3567 5126 3747 5162 συντε-

467 5197 608 5248 diem
645 5195 1136 5251 consummationis
1173 5195 1358 5250 saeculi
1392 5209 1406 5249 :
1446 5210 1608 5264 quem
1651 5195 1854 5266 alioqui
1896 5197 2043 5252 Patet

2153 5197 2302 5262 λείας
2347 5198 2442 5252 τοῦ
2492 5198 2721 5263 αἰῶνος·
2764 5199 2944 5253 καίτοι
2987 5199 3081 5254 τοῦ
3130 5199 3342 5270 Πατρὸς
3391 5199 3628 5264 εἰδότος,
3675 5198 3745 5261 ὡς

469 5287 640 5349 novit,
669 5297 725 5340 ut
754 5287 870 5356 ipse
901 5287 1135 5343 (aletur?
1163 5287 1352 5356 Magna
1380 5290 1528 5344 enim
1561 5288 1616 5345 in
1645 5289 1747 5344 hoc
1775 5290 2056 5345 dissimili-

473 5379 599 5432 tudo
625 5379 890 5444 ceruitur,
921 5389 976 5434 et
1006 5380 1270 5435 naturalis
1301 5382 1549 5450 quaedam
1577 5381 1966 5453 discrepantia.

955 5488 1176 5544 Salutio
1215 5491 1548 5561 objectionis.

545 5595 602 5651 Si
634 5598 746 5668 ipse
773 5609 856 5655 est
882 5604 1132 5658 conditor
1154 5603 1500 5671 seculorum,
1528 5615 1583 5660 et
1610 5615 1939 5676 temporum,
1969 5618 2054 5663 at-

548 5754 591 5786 "
628 5752 766 5810 Psal.
797 5769 975 5824 culv,
1021 5759 1103 5813 IS.

1181 5762 1226 5794 ⁷³
1256 5761 1400 5818 Psal.
1442 5777 1572 5829 xvu,
1616 5762 1696 5817 l9.
1775 5766 1821 5798 ⁷⁵
1845 5760 1991 5818 Ῥελι.
2018 5775 2099 5827 1x,
2143 5762 2221 5817 l0.

2156 5307 2321 5361 φησιν
2364 5290 2558 5359 αὑτός;
2594 5290 2737 5345 Πολὺ
2773 5292 2882 5364 γὰρ
2921 5293 2980 5346 ἐν
3023 5291 3200 5362 τούτῳ
3239 5291 3302 5346 τὸ
3340 5291 3598 5363 ἀνόμοιον
3630 5291 3746 5360 φαί-

2157 5399 2329 5447 νεται,
2357 5383 2451 5437 καὶ
2482 5385 2688 5455 φυσική
2720 5400 2804 5446 τις
2838 5384 3144 5446 διάστασις.

2652 5499 2810 5566 Πρὸς
2839 5497 3015 5553 τοῦτο
3046 5497 3248 5562 λύσις.

2228 5610 2295 5662 Ἐἰ
2325 5609 2484 5672 αὑτός
2505 5611 2620 5665 ἐστι
2642 5612 2871 5684 ποιητὴς
2889 5611 3121 5677 αἰώνων,
3141 5610 3236 5662 καὶ
3260 5607 3485 5681 χρόνων,
3517 5608 3609 5663 καὶ
3636 5621 3753 5661 καις

2308 5771 2350 5803 ⁷⁵
2386 5771 2530 5826 Psal.
2570 5786 2701 5839 xw,
2742 5774 2792 5829 3.
2874 5777 2920 5810 ⁷⁷
2956 5773 3145 5831 Matth.
3174 5791 3324 5844 xxiv,
3357 5777 3447 5836 36.
