4078 6260
385 303 486 366 369
1405 371 1420 381 ,
1810 321 2000 380 TIIES.

2101 323 2253 381 RUS.‘
3575 317 3678 372 37!)

383 427 512 496 ρῶν,
542 425 662 479 ἔστι
697 427 754 480 δὲ
794 426 994 492 οὕτως,
1029 431 1145 494 πῶς
1182 432 1258 495 ὠς
1289 432 1418 503 μὶαν
1451 435 1663 505 ἡμέραν
1703 439 1797 492 καὶ
1835 439 1984 509 ὤραν

2101 455 2194 510 que
2231 442 2335 495 ltoo
2370 452 2497 494 vere
2535 437 2605 491 ita
2646 442 2728 490 est
2767 451 2781 488 :
2818 434 3092 504 quomodo
3134 448 3299 488 unum
3339 435 3480 489 diem
3519 445 3680 501 atque

379 519 656 588 ἀγνοήσας
698 518 831 588 παρ’
867 519 1000 590 ὑμῖν
1036 522 1335 593 κρίνεται;.
1363 524 1485 588 Πῶς
1531 525 1587 579 δὲ
1627 525 1770 596 ἅπερ
1816 528 1978 591 αὐτὸς

2101 535 2278 586 horam
2325 531 2579 600 ignorare
2611 527 2763 582 vobis
2801 526 3092 581 censetur?
3130 525 3413 592 Quomodo
3454 527 3577 578 item
3618 540 3681 578 ea

379 611 628 680 ὲποῖησε,
673 610 749 680 μὴ
788 611 994 666 εἰδέναι
1036 613 1296 680 δύναται;
1332 615 1485 668 Ἔστι
1514 615 1692 670 τοίνυν
1728 619 1979 682 ἐξετάσαι

2101 638 2208 692 luat
2243 623 2369 676 fecit
2390 660 2405 684 ,
2444 620 2658 676 nescire
2692 619 2904 687 potest?
2938 617 3316 686 Investiganda
3355 616 3519 684 igitur
3551 629 3679 667 sunt

379 700 450 754 tit
497 701 766 774 εἰρημένα
813 704 947 774 παρ’
989 705 1162 758 αὐτοῦ
1217 706 1352 776 πρὸς
1399 708 1524 769 τοὺς
1559 708 1826 779 μαθητάς.
1872 709 1981 763 Καὶ

2101 729 2204 782 tua;
2242 715 2310 767 ah
2348 713 2464 782 ipso
2504 709 2788 780 discipulis
2828 710 2972 764 dicta
3011 716 3157 763 sunt.
3199 706 3240 760 E
3280 706 3480 774 quibus
3525 706 3682 756 facile

386 792 577 860 σαφῶς
607 792 753 844 ἔστιν
784 793 1032 847 ἐντεῦθεν
1063 795 1210 860 ἰδεῖν,
1233 797 1424 866 ὅτιπερ
1448 792 1585 849 οἶδεν
1615 800 1708 851 καὶ
1727 798 1824 868 τὴν
1852 798 1983 868 ήμέ-

2101 804 2357 860 :onstabit
2383 805 2558 872 ipsum
2583 811 2639 858 et
2661 803 2802 858 diem
2829 811 2883 856 et
2911 801 3102 855 horam
3128 799 3365 862 novisse,
3389 806 3446 850 ιιι
3475 797 3638 849 Iit-um
3662 814 3674 856 ς

389 900 492 952 ραν
539 883 636 936 καὶ
685 884 784 954 τὴν
827 883 976 955 ὥραν
1018 886 1095 950 ὡς
1132 887 1301 950 Θεὸς,
1350 887 1454 942 κᾶν
1502 889 1881 943 ἀποδεικνύων
1925 892 1984 943 ὲν

2101 896 2330 960 .ametsi,
2373 896 2767 950 humanitatem
2803 907 2955 949 suam
2991 892 3301 954 ostendens,
3335 890 3584 957 ignorare
3622 905 3680 939 sv.

391 975 576 1044 ἐαυτῷ
615 975 683 1028 τδ
717 975 1076 1046 ἀνθρώπινον,
1125 979 1199 1049 μὴ
1243 979 1442 1032 εἰδέναι
1488 980 1640 1053 λέγῃ.
1682 982 1743 1034 Εἰ
1775 983 1884 1053 γάρ
1917 981 1986 1034 τά

2101 990 2254 1043 ticat.
2328 986 2388 1042 Si
2428 988 2578 1042 enim
2640 987 2821 1042 omnia
2888 999 3010 1054 qua:
3074 994 3202 1037 ante
3239 981 3382 1036 diem
3421 979 3568 1033 illum
3627 989 3679 1030 et

396 1066 633 1134 ἐσόμενα
664 1069 836 1122 πάντα
868 1069 973 1139 πρὸ
1000 1070 1099 1140 τῆς
1129 1071 1342 1140 ἡμέρας
1389 1072 1484 1124 καὶ
1515 1072 1616 1140 τῆς
1651 1072 1801 1144 ὧρας
1845 1074 1987 1127 ὲκεί-

399 1175 497 1228 νης
537 1159 802 1227 διηγεῖται
847 1161 1054 1230 σαφῶς,
1095 1163 1185 1216 καί
1226 1181 1390 1233 φησιν
1414 1181 1427 1194 ’
1468 1165 1660 1219 Ἔσται
1699 1167 1799 1235 μὲν
1831 1167 1985 1230 τῶε,

402 1255 737 1324 συμϐήσεται
775 1255 833 1308 δὲ
871 1257 1068 1318 έκεῖνο,
1110 1251 1228 1308 εἶτα
1273 1257 1333 1308 τὸ
1373 1256 1523 1319 τέλος
1549 1273 1562 1288 ·
1606 1256 1766 1325 δῆλον
1795 1258 1877 1311 ὅτι
1921 1258 1989 1311 τὰ

397 1345 501 1414 πρὸ
528 1347 697 1415 αὐτῆς
728 1345 924 1412 εἰδὼς,
973 1347 1065 1398 καὶ
1112 1346 1283 1416 αὐτὴν
1333 1347 1646 1400 ἐπίσταται.
1683 1348 1839 1401 Μετὰ
1881 1347 1992 1417 γάρ

392 1438 459 1488 τὰ
481 1437 750 1506 εἰρημένα
778 1441 911 1508 παρ’
933 1438 1118 1501 αὐτοῦ,
1146 1439 1381 1506 τίθησιν,
1404 1440 1485 1492 ὅτι
1508 1439 1614 1492 «Τὸ
1633 1439 1782 1502 τέλος
1808 1441 1942 1492 ἐστι.
1966 1460 1985 1491 ›

393 1526 556 1588 Τέλος
587 1526 652 1579 δὲ’
675 1527 730 1578 τί
768 1525 834 1579 ἄν
866 1527 1052 1596 ἕτερον
1080 1528 1161 1598 εἴη
1189 1526 1232 1597 ἢ
1256 1527 1470 1589 πάντως
1496 1528 1756 1596 ἡὲσχάτη
1783 1526 1988 1597 ἡμέρα,

397 1619 461 1688 ἦν
493 1619 712 1686 ἀγνοεῖν
746 1618 956 1688 ἔφησεν
994 1620 1364 1690 οἰκονομικῶς,
1396 1619 1701 1682 ἀποσώζων
1732 1620 1896 1674 πάλιν
1925 1623 1989 1692 τῇ

403 1711 502 1765 ἀνθ
515 1713 801 1781 ρωπότητι
831 1713 930 1783 τὴν
958 1714 1090 1784 αὐτῇ
1122 1713 1428 1783 πρέπουσαν
1495 1713 1994 1786 τάξινςἋνορωπό-

410 1821 574 1873 τητος
603 1804 712 1876 γὰρ
744 1804 872 1859 ἴδιον
901 1805 958 1859 τὸ
991 1806 1066 1876 μή
1100 1806 1296 1861 εἰδέναι
1322 1805 1388 1861 τὰ
1419 1806 1717 1877 μέλλοντα..

845 2027 1052 2093 ΛΛΛΟ,
1084 2027 1540 2098 διηγηματικῶς.

484 2135 568 2188 Ἐν
596 2139 714 2201 ταῖς
741 2137 837 2191 τοῦ
873 2139 1135 2212 Σωτῆρος
1181 2143 1385 2208 φωναῖς
1422 2141 1632 2211 ἀνάγκη
1663 2142 1753 2194 τὸν
1802 2141 1995 2211 χρόνον

395 2226 773 2293 ἐξετάζεσθαι,
806 2229 928 2283 καθ’
972 2231 1032 2283 ὃν
1063 2233 1283 2301 εἴρηται
1311 2233 1448 2300 ’παρ’
1481 2231 1642 2284 αὐτοῦ
1665 2250 1678 2263 ·
1716 2233 1856 2285 οὓτω
1887 2232 1995 2303 γὰρ

397 2315 459 2368 τι
489 2316 803 2370 πλανᾶσθαι
831 2318 1261 2389 διαφευξόμεθα.
1301 2318 1365 2372 Εἰ
1397 2322 1494 2390 μὲν
1534 2319 1625 2376 οὖν
1657 2325 1762 2394 πρὸ
1789 2325 1884 2394 τῆς
1911 2327 1995 2376 έν-

403 2406 826 2479 ανθρωπήσεως
854 2410 884 2462 ό
911 2407 1008 2462 τοῦ
1037 2409 1178 2464 Θεοῦ
1210 2411 1381 2480 Λόγος
1423 2413 1729 2484 εὑρίσκεταί
1768 2432 1868 2468 που
1905 2433 1996 2470 ταο

404 2500 594 2554 πεινόν
616 2519 668 2554 τι
698 2504 828 2574 περ).
851 2503 1049 2558 ἑαυτοῦ
1073 2505 1332 2578 λαλήσας,
1357 2508 1609 2563 ἁπτέσθω
1633 2511 1728 2581 τῆς
1752 2511 1994 2583 θεότητος

393 2589 589 2655 αὐτοῦ,
623 2593 719 2645 καὶ
752 2593 1028 2665 φερέσθων
1051 2597 1177 2650 κατ’
1203 2597 1416 2670 ἐκείνης
1448 2599 1515 2652 τὰ
1553 2601 1790 2670 ῥήματα.
1834 2601 1899 2655 EI
1939 2603 1998 2656 δὲ

388 2683 480 2734 ὅτε
515 2681 713 2750 γέγονε
751 2683 924 2754 σάρξ,
941 2685 1320 2757 ,ἀνθρωπίναις
1353 2691 1623 2760 ἐχρήσατο
1663 2696 1892 2762 φωναῖς,
1925 2694 1994 2747 ἶν’

389 2774 560 2838 ὅντως
605 2776 803 2830 ἑαυτὸν
851 2778 944 2830 καὶ
995 2777 1284 2850 ἄνθρωπον
1329 2781 1458 2836 ὄντα
1503 2783 1684 2856 δεξξῃ,
1731 2786 1850 2851 πῶς
1895 2788 1996 2842 οὐκ

394 2865 690 2920 ἀκόλουθον
721 2867 805 2931 εἰς
847 2869 946 2938 τήν
967 2868 1378 2942 -άνθρωπότητα
1412 2872 1597 2946 φέρειν
1627 2876 1697 2930 τὰ
1723 2876 1997 2951 ἀνθρωπίδ

397 2974 503 3020 ve);
536 2960 800 3030 εἰρημένα
829 2978 843 3026 ;
873 2960 1047 3014 Τοῦτο
1074 2963 1182 3035 γάρ
1225 2964 1373 3018 ἑστιν
1397 2967 1757 3037 ἀποδέχεσθαι
1787 2971 1887 3042 τῆς
1914 2972 1996 3025 oi.-

408 3051 665 3118 κονομίας
688 3051 778 3105 τὸν
806 3053 1023 3121 τρόπον.
1058 3052 1124 3107 Εἰ
1157 3054 1257 3125 μὲν
1285 3056 1395 3129 γὰρ
1435 3059 1497 3110 οὐ
1527 3059 1754 3127 γέγονεν
1785 3061 1996 3132 ἄνθρω-

2089 1083 2278 1135 horam
2306 1087 2570 1134 eventura
2595 1089 2803 1142 essent,
2829 1076 3117 1132 manifeste
3146 1075 3402 1145 explicat,
3431 1082 3483 1128 et
3507 1072 3638 1125 dicit
3665 1088 3677 1121 :

2090 1173 2206 1228 lloc
2239 1172 2456 1242 quidem
2487 1171 2613 1235 erit,
2647 1169 2775 1223 illud
2806 1182 2936 1222 vero
2967 1165 3210 1230 accidet,
3250 1175 3306 1220 et
3342 1173 3456 1217 tum
3486 1163 3584 1217 erit
3620 1161 3681 1212 ti-

2092 1260 2585 1326 nis,-manifestttm
2617 1267 2703 1314 est
2735 1260 2898 1328 quod,
2938 1258 2996 1312 si
3017 1271 3146 1325 quae.
3171 1257 3313 1309 diem
3349 1254 3498 1308 ilium
3531 1261 3683 1305 ante-

2093 1366 2309 1408 cessura
2351 1360 2538 1416 erant,
2579 1359 2794 1413 nosset,
2835 1348 3008 1417 ipsum
3053 1347 3220 1400 etiam
3249 1345 3402 1398 diem
3435 1342 3680 1397 noverit.

2094 1440 2381 1511 Nampost
2410 1440 2499 1494 illa
2529 1453 2652 1508 qua
2679 1438 2747 1494 ab
2773 1438 2896 1506 ipso
2918 1435 3174 1506 pmdieta
3201 1442 3346 1497 sunt,
3375 1431 3679 1499 subiungit.

2103 1552 2122 1585 ι
2163 1531 2316 1587 Tune
2348 1531 2456 1586 erit
2489 1530 2678 1586 linis"
2717 1547 2731 1584 :
2777 1547 2795 1580 ι
2832 1527 2959 1583 linis
2987 1535 3208 1590 autem,
3243 1523 3681 1595 quidnam-aliud

2098 1625 2173 1680 sit
2205 1639 2376 1695 quam
2410 1623 2528 1694 ipse
2563 1622 2785 1677 ultimus
2821 1620 2967 1685 dies,
3008 1632 3168 1688 quem
3210 1618 3460 1687 ignorare
3500 1629 3560 1669 se
3598 1628 3682 1668 re-

2099 1725 2287 1786 spectu
2318 1716 2706 1772 incarnationis
2734 1714 2908 1778 dixit,
2935 1713 3182 1768 ordinem
3212 1718 3268 1764 et
3295 1708 3552 1764 decorum
3582 1705 3680 1758 btt-

2025 1802 2068 1858 B
2098 1806 2344 1863 manitati
2393 1806 2722 1862 conveniens
2763 1803 3043 1860 servans?
3111 1799 3476 1857 Humanitatis
3534 1795 3680 1851 enim

2097 1899 2378 1970 praprium
2402 1908 2490 1955 est
2512 1899 2691 1953 futura
2720 1897 2994 1959 ignorare.

2612 2031 2842 2098 ALIUD,
2882 2031 3167 2086 uari-aliut.

2167 2147 2223 2202 1n
2255 2148 2322 2203 iis
2354 2161 2470 2216 quze
2503 2162 2533 2202 a
2565 2147 2856 2202 Servatore
2888 2153 3082 2200 nostro
3114 2141 3255 2195 dicta
3289 2146 3437 2205 sunt,
3469 2143 3684 2205 oportet

2099 2239 2386 2308 diligenter
2409 2240 2839 2294 animadvertere
2863 2252 2968 2305 quo
2998 2233 3235 2305 quidque
3263 2242 3505 2300 tempore
3531 2227 3683 2281 dixe-

2099 2333 2200 2397 rit;
2227 2332 2298 2386 ita
2325 2331 2469 2385 enim
2499 2329 2658 2385 facile
2680 2343 2921 2382 errorem
2948 2325 3292 2379 evitabimus.
3318 2320 3376 2374 Si
3403 2333 3533 2388 ergo
3560 2326 3685 2371 ante

2099 2421 2527 2478 incarnationem
2575 2417 2808 2475 Verbum
2858 2415 2949 2471 Dei
3002 2413 3206 2469 humile
3256 2409 3456 2478 aliquid
3508 2409 3575 2462 de
3627 2421 3685 2460 se

2097 2515 2303 2569 dixisse
2355 2514 2648 2584 reperitur,
2699 2509 3038 2566 divinitatem
3089 2505 3208 2575 ejus
3260 2502 3576 2572 obiurgem,
3630 2508 3685 2552 et

2099 2615 2287 2664 contra
2316 2619 2434 2661 eam
2489 2605 2692 2659 dictum
2749 2601 3201 2670 interpretentur.
3257 2594 3355 2651 Sin
3383 2607 3518 2648 vero
3561 2605 3684 2646 cum

2101 2697 2272 2753 factus
2297 2707 2382 2751 est
2408 2710 2555 2758 caro,
2583 2695 2820 2748 humano
2845 2705 2996 2747 more
3024 2687 3237 2743 loeutus
3264 2694 3368 2751 est,
3394 2691 3454 2738 ut
3475 2695 3600 2736 vere
3627 2694 3686 2735 se

2102 2787 2373 2842 hominem
2412 2799 2534 2839 esse
2571 2783 2856 2844 ostendat,
2886 2794 2996 2849 quo
3030 2787 3187 2848 pacto
3215 2791 3324 2830 non
3356 2776 3426 2829 sit
3455 2785 3686 2828 consen~

2101 2889 2320 2933 taneum
2351 2876 2416 2930 d
2448 2875 2838 2930 humanitatem
2895 2869 3102 2926 referre
3127 2883 3244 2936 qua:
3272 2869 3510 2920 humano
3536 2878 3688 2916 more

2100 2969 2254 3024 dixit.
2293 2967 2406 3022 [Ioc
2436 2967 2580 3021 enim
2613 2974 2698 3019 est
2729 2977 2860 3017 sese
2882 2956 3339 3016 administrationi
3374 2968 3536 3023 quam
3569 2967 3688 3007 sus-

2100 3060 2284 3130 cepit,
2335 3059 2451 3114 sive
2512 3051 2914 3116 incarnationi,
2966 3046 3396 3104 accommodare.
3450 3041 3584 3097 Nam
3641 3042 3686 3095 si

418 3157 539 3205 πος,
574 3140 804 3196 λαλείτω
831 3143 1003 3198 πάντα
1038 3145 1115 3209 ὡς
1147 3145 1310 3210 Θεός·
1348 3149 1481 3203 εἰδὲ
1521 3150 1748 3219 γέγονεν
1787 3150 2000 3222 ἄνθρω-

2108 3158 2269 3212 homo
2307 3153 2484 3208 factus
2518 3165 2624 3206 non
2666 3155 2781 3212 est,
2823 3146 3072 3214 loquatur
3109 3137 3289 3196 omnia
3329 3143 3389 3190 ut
3429 3134 3604 3200 Deus;
3642 3132 3688 3187 si
3719 3169 3722 3172 .

418 3248 547 3295 στος,
565 3233 946 3303 ωγχωρεεσθω
980 3235 1157 3290 λαλεῖν
1184 3236 1367 3302 καθὼς
1391 3239 1489 3293 ἄνθ
1499 3258 1701 3308 ρωπος,
1725 3242 1878 3296 οὐδὲν
1902 3243 2000 3295 αὐ-

420 3321 510 3376 τὸν
546 3321 836 3394 ἀδικούσης
874 3327 950 3389 εἰς
978 3325 1070 3379 τὸν
1116 3326 1218 3397 τῆς
1243 3325 1502 3398 θεότητος
1531 3331 1693 3400 λόγον
1729 3331 1830 3403 τῆς
1877 3329 1998 3386 καθ’

419 3412 562 3482 ἡμᾶς
586 3414 920 3485 οικονομίαςέ
938 3416 1108 3471 Τοῦτο
1135 3419 1250 3489 γάρ
1273 3417 1426 3473 ἔσται
1456 3421 1520 3475 τὸ
1551 3421 1824 3493 παρὰ-τοῦ
1851 3423 2000 3477 εΙΙαύι⁵

413 3505 502 3558 λου
531 3505 852 3577 εἰρημένον
882 3526 901 3560 ι
933 3509 1440 3580 Δίχμαλωτίζοντες
1463 3514 1572 3567 πᾶν
1601 3513 1782 3584 νόημα
1805 3515 1886 3578 εἰς
1904 3513 2000 3585 τὴν

411 3597 654 3668 ὑπακοὴν
700 3597 794 3652 τοῦ
843 3600 1102 3671 Χριστοῦ.
1130 3619 1152 3654 ι
1187 3603 1350 3656 ἰδιον
1387 3604 1486 3673 μὲν
1533 3599 1627 3659 οὗν
1658 3605 1754 3659 τοῦ
1799 3607 1999 3677 Λόγου,

410 3687 543 3740 καθὸ
582 3689 755 3758 Λόγος
778 3690 918 3756 ἐστὶ,
948 3692 1012 3744 τὸ
1039 3692 1241 3748 ειδέναι
1269 3693 1379 3748 τῶν
1412 3698 1542 3766 παρ’
1569 3697 1735 3750 αὐτοῦ
1765 3715 2000 3770 πεποιή-

412 3781 589 3850 μένων
616 3783 716 3854 τὴν
745 3783 921 3855 ἀρχὴν
951 3786 1047 3844 καὶ
1076 3786 1145 3842 τὰ
1176 3786 1334 3858 τέλη·
1367 3787 1425 3841 ἒν
1457 3789 1513 3842 δὲ
1543 3790 1652 3844 τῶν
1680 3792 2002 3862 ποιημάτων

407 3873 438 3924 ό
467 3873 676 3943 χρόνος,
706 3877 800 3929 καὶ
827 3879 856 3930 ὁ
888 3878 1123 3947 ποιήσας
1155 3877 1320 3932 αὑτὸν
1367 3873 1475 3932 οῖδέ
1514 3897 1614 3934 που
1654 3883 1870 3948 πάντως
1908 3883 2005 3938 καὶ

412 3965 574 4038 μέχρι
602 3968 744 4032 τίνος
772 3969 922 4040 αὐτῷ
950 3969 1023 4024 τὸ.
1041 3971 1363 4026 συνεστάναι
1391 3972 1724 4045 δεδώρηται..

1119 4106 1322 4160 ΑΛΛΟ.

477 4218 637 4286 Λέγει
677 4235 784 4271 που
817 4218 954 4289 πρὸς
983 4218 1071 4272 τὸν
1098 4218 1295 4272 ἑαυτοῦ
1327 4219 1548 4290 Πατέρα
1587 4218 1967 4289 διαλεγόμενος
1987 4238 1999 4251 ο

415 4328 436 4362 ι
466 4312 672 4383 Πάτερ,
713 4310 972 4380 ἐλήλυθεν
1005 4313 1038 4382 ή
1069 4311 1220 4383 ὥρα,
1265 4311 1488 4376 δόξασόν
1533 4328 1628 4364 σου
1679 4311 1772 4364 τὸν
1805 4312 1952 4365 Υἱόν.
1980 4331 1999 4366 ι

410 4404 471 4457 Εἰ
514 4404 697 4457 τοίνυν
741 4399 883 4456 οἶδεν
928 4402 1171 4473 ἀκριϐῶς
1217 4401 1318 4474 τὴν
1356 4401 1528 4474 ὥραν,
1572 4402 1641 4473 ἢν
1684 4402 2004 4474 ἐληλυθέναι

2107 3261 2238 3303 vero
2269 3248 2444 3302 factus
2471 3253 2553 3300 est
2583 3243 2776 3307 homo,
2807 3235 3140 3294 concedatur
3177 3231 3339 3287 etiam
3369 3229 3417 3284 ei
3462 3235 3521 3283 ut
3551 3225 3690 3281 sicut

2109 3341 2272 3395 homo
2299 3339 2570 3408 loquatur,
2596 3350 2719 3392 cum
2747 3329 3046 3388 iucarnatio
3074 3341 3178 3397 qua
3209 3325 3362 3380 nobis
3389 3322 3581 3379 similis
3610 3319 3689 3373 fa-

2109 3441 2229 3489 ctus
2260 3439 2372 3497 est,
2409 3428 2541 3484 nihil
2575 3427 2692 3499 ejus
2727 3421 2993 3481 divinitati
3028 3419 3250 3476 otliciat.
3284 3415 3395 3471 lloc
3429 3414 3574 3471 enim
3606 3421 3689 3466 est

2109 3527 2253 3596 quod
2285 3539 2315 3579 a
2345 3521 2512 3580 Paulo
2539 3521 2741 3577 dictum
2770 3526 2856 3574 est
2883 3534 2896 3570 :
2935 3532 2954 3567 ι
2991 3513 3338 3582 Captivantes
3363 3504 3690 3596 omnemin-

2110 3595 2380 3674 tellectum
2411 3617 2468 3671 in
2496 3611 2858 3670 obedientiam
2888 3605 3173 3663 Christi".
3215 3623 3234 3654 ι
3272 3599 3556 3670 Proprium
3589 3595 3688 3649 ita—

2109 3726 2217 3782 que
2247 3718 2330 3766 est
2355 3707 2555 3775 Verbo,
2593 3714 2860 3776 quatenus
2884 3699 3121 3756 Verbum
3159 3703 3264 3759 est,
3305 3705 3468 3746 nosse
3502 3703 3688 3741 eorum

2111 3818 2228 3872 quae
2263 3802 2333 3858 ab
2367 3802 2485 3872 ipso
2515 3798 2732 3855 condita
2767 3801 2895 3850 sunt
2930 3788 3194 3861 principia
3231 3793 3288 3839 et
3324 3784 3488 3845 ﬁnes;
3522 3793 3691 3872 unum

2109 3867 2243 3950 vero
2280 3867 2469 3951 eorum
2509 3906 2630 3960 quae
2670 3887 2890 3944 condita
2926 3890 3055 3938 sunt
3092 3889 3186 3934 εει.
3226 3886 3465 3940 tempus,
3507 3877 3562 3921 ct
3597 3867 3692 3936 qui

2111 3993 2324 4054 tetnpns
2353 3981 2624 4045 condidit,
2652 3976 2807 4033 novit
2831 3971 3072 4043 quandiu
3100 3966 3230 4021 illud
3257 3965 3328 4017 sit
3351 3963 3692 4016 duraturum.

2788 4103 3014 4160 ALIUD.

2185 4229 2442 4284 Servator
2473 4223 2669 4280 alicubi
2705 4222 2770 4276 ad
2807 4221 3022 4276 Patrem
3061 4231 3214 4271 suum
3253 4214 3324 4267 ita
3363 4213 3437 4265 ait
3476 4231 3486 4264 :
3525 4208 3694 4280 219

2120 4339 2137 4372 ι
2171 4321 2351 4386 Pater,
2379 4319 2522 4374 venit
2550 4319 2701 4382 hora,
2725 4315 2966 4387 glorilica
2994 4311 3187 4366 Filium
3217 4307 3434 4361 luunt".
3453 4306 3535 4360 tSi
3563 4323 3692 4375 ergo

2113 4423 2302 4470 exacte
2326 4412 2475 4468 novit
2504 4411 2714 4476 horam,
2744 4423 2904 4479 quam
2933 4405 3146 4461 venisse
3174 4402 3326 4468 dicit,
3353 4400 3482 4469 quid
3508 4400 3692 4453 obstat

409 4497 583 4566 λέγει,
609 4496 660 4549 τί
691 4495 754 4549 τὺ
782 4493 989 4549 κωλύον
1005 4495 1206 4551 εἰδέναι
1235 4495 1514 4566 κάκείνην,
1539 4495 1698 4566 ἦνὼς
1715 4495 2000 4567 ἄνθρωπος

2104 4505 2394 4576 quominus
2416 4511 2472 4558 et
2497 4503 2641 4559 illam
2669 4503 2837 4567 norit,
2861 4514 3048 4570 quam,
3065 4506 3122 4550 ut
3147 4497 3328 4557 homo,
3355 4495 3603 4562 ignorare
3631 4503 3689 4542 se

409 4590 627 4657 ἀγνοεῖν
671 4587 773 4658 μέν
806 4605 941 4659 φησι
987 4586 1077 4641 διὰ
1122 4587 1184 4640 τὺ
1223 4589 1289 4659 τῇ
1337 4587 1716 4658 ἁνθρωπότητι
1764 4587 1996 4658 πρέπον,

409 4676 519 4735 οἶδε
550 4680 607 4733 δὲ
641 4681 858 4745 πάντως
891 4679 1171 4745 egeas“
1206 4679 1326 4751 Χρὴ
1372 4680 1426 4733 δὲ
1454 4679 1515 4732 οὐ
1549 4679 1638 4734 διὰ
1669 4679 1768 4750 τὴν
1810 4681 1998 4734 τοιαύ-

405 4790 513 4843 την
548 4772 734 4843 φωνήν
761 4774 1091 4844 κατηγορεῖν
1120 4771 1214 4825 τοῦ
1241 4769 1377 4824 Θεοῦ
1405 4771 1603 4840 Λόγου,
1637 4771 1730 4824 καὶ
1761 4771 2001 4841 ῥιψοκινο

406 4866 588 4928 δύνως
631 4864 852 4932 ἄγνοιαν
879 4863 1030 4934 αὐτῷ
1045 4862 1417 4934 ςπροσάπτειν.
1445 4863 1598 4915 τινά’
1626 4861 1762 4915 ἀλλὰ
1800 4861 2001 4931 μᾶλλον

407 4957 716 5028 θαυμάζειν
753 4955 918 5010 αὑτοῦ
949 4956 1048 5026 τὴν
1091 4955 1520 5025 φιλανθρωπίαν,
1550 4955 1610 5007 οὐ
1655 4970 2005 5024 παραιτησα-

411 5051 580 5121 μένου
611 5048 700 5102 διὰ
741 5049 840 5121 τὴν
867 5051 946 5112 εἰς
978 5049 1124 5119 ἡμᾶς
1158 5047 1436 5118 ἀγάπησιν
1470 5047 1548 5108 εἰς
1575 5044 1845 5114 τοσαύτην
1876 5045 2002 5097 ἐαυ·

405 5141 506 5195 τὸν
545 5141 872 5194 ταπείνωσιν
918 5139 1270 5206 καταγαγεῖν,
1309 5139 1386 5201 ὡς
1431 5137 1610 5190 πάντα
1660 5135 1888 5206 φορέσαι
1934 5135 2003 5190 τὰ

405 5233 596 5305 ἡμῶν,
625 5226 698 5288 ὧν
724 5232 783 5286 ἓν
815 5231 1055 5303 ὑπάρχει
1084 5231 1178 5284 καὶ
1204 5231 1238 5300 ή
1266 5230 1481 5297 ἄγνοια.

1110 5346 1310 5399 ΑΛΛΟ.

497 5465 827 5538 Ἐρωτητέον
862 5463 991 5526 τοὺς
1031 5459 1431 5531 χριστομάχους
1454 5497 1467 5518 ,
1515 5456 1636 5507 ὅτου
1671 5453 1735 5523 δή
1786 5453 1945 5523 χάριν
1975 5454 2002 5504 ὁ

407 5561 602 5633 Σωτὴρ
640 5559 912 5629 ἀγγέλους
961 5554 1058 5608 καὶ
1102 5553 1229 5607 Υἱὸν
1278 5549 1580 5620 ὀνομάσας,
1632 5545 1870 5617 οὐδαμοῦ
1907 5543 1999 5597 τοῦ

2106 4597 2306 4667 inquit,
2345 4595 2486 4664 quod
2526 4595 2578 4649 id
2615 4592 2938 4648 humanitati
2975 4588 3286 4651 conveniat,
3328 4584 3471 4638 norit
3510 4593 3686 4635 autem

2107 4688 2330 4742 omnino
2372 4695 2432 4739 ut
2478 4684 2662 4740 Deus?
2689 4686 2758 4739 At
2801 4698 2908 4738 non
2953 4687 3168 4750 oportet
3206 4678 3276 4732 ob
3320 4676 3458 4728 hanc
3498 4685 3686 4724 vocem

2111 4777 2347 4831 Verbum
2374 4775 2468 4829 Dei
2497 4776 2770 4838 incusare,
2798 4783 2852 4829 et
2877 4770 3238 4845 ignorantiam
3267 4776 3470 4819 temere
3492 4761 3568 4814 illi
3586 4762 3690 4815 ob-

2101 4866 2308 4934 Ῑίεθτθὶ
2344 4866 2438 4920 sed
2477 4868 2660 4934 potius
2692 4865 2886 4920 mirari
2922 4875 3164 4916 amorem
3197 4872 3305 4926 quo
3337 4869 3464 4923 erga
3501 4854 3691 4906 Ittlllla-

2110 4973 2238 5012 num
2269 4970 2437 5026 genus
2465 4954 2736 5024 ﬂagravit,
2763 4968 2871 5022 quo
2900 4949 3162 5019 impulsus
3189 4961 3297 5000 non
3329 4942 3599 4998 recusavit
3625 4946 3688 4994 ad

2111 5057 2315 5103 tantam
2345 5045 2700 5100 humilitatem
2729 5039 3184 5102 seseidemittcre,
3213 5045 3269 5090 ut
3296 5037 3475 5088 omnia
3507 5044 3688 5090 nostra

2109 5139 2427 5206 susciperet,
2459 5149 2692 5207 quorum
2725 5133 2889 5188 etiam
2921 5145 3089 5186 unum
3121 5137 3206 5185 est
3236 5126 3559 5197 ignorantia.

2784 5335 3012 5392 ALIUD.

2183 5449 2550 5521 Interrogandi
2604 5455 2732 5503 sunt
2788 5449 2972 5503 hostes
3026 5445 3271 5508 Christi,
3331 5442 3685 5512 quamobrem

2114 5543 2369 5598 Servator
2398 5556 2521 5598 cum
2553 5537 2771 5610 angelos
2803 5548 2854 5595 et
2887 5536 3429 5603 Filiuntnotninarit,
3456 5531 3713 5604 Spiritus.

479 5737 744 5795 "Matth.
777 5749 930 5802 xxiv,
967 5731 1050 5788 li.
1101 5731 1172 5813 ξ’
1205 5729 1244 5785 ll
1275 5729 1399 5786 Cor.
1437 5743 1493 5794 λ,
1535 5727 1584 5780 5.
1651 5727 1706 5811 ξθ
1740 5723 1895 5780 Jean.
1933 5736 2066 5786 xm,
2104 5720 2150 5772 ι,
