4074 6266
443 359 546 418 571
1449 344 1507 400 S.
1548 341 1827 400 CYBILLI
1861 337 2329 397 ALEXANDRINI
2366 337 2686 395 ARCIIIEP.
3589 335 3698 390 3'72

442 475 771 531 mentionem
814 483 1085 540 nusquam
1152 465 1386 522 fecerit?
1445 464 1558 517 Non
1626 462 1768 518 enim
1821 461 2003 516 dixit:

2139 459 2427 531 πνεύματος
2455 459 2745 529 ἐποιήσατο
2777 454 3031 526 μνήμηνς
3061 451 3137 506 υύ
3165 450 3273 523 γὰρ
3297 452 3518 524 εἴρηκεν
3539 470 3551 482 ·
3583 456 3700 508 Οὐκ

442 564 558 620 Non
622 563 774 619 novit
829 562 1088 631 Spiritus,
1109 560 1229 626 sed,
1257 578 1274 611 ι
1312 556 1429 612 Nor.
1457 564 1655 610 norunt
1680 553 1879 625 angeli,
1913 567 2009 609 ne-

2139 547 2217 604 ἷδε
2246 551 2308 604 τὸ
2343 550 2588 621 Πνεῦμα,
2631 547 2745 601 ἀλλ’
2779 567 2796 600 ι
2825 546 2939 599 Οὐκ
2987 546 3166 599 ἴσασιν
3196 544 3246 598 οι
3291 543 3548 614 ἄγγελοι,
3587 547 3700 600 οὐδ’

443 671 550 726 que
595 656 746 711 novit
779 655 981 722 Filius;
1017 661 1222 722 satque
1263 652 1365 705 hoc
1404 647 1620 718 qniden.
1655 645 2008 716 simpliciter:

2139 639 2250 695 ἴδεν
2293 643 2323 695 6
2373 641 2530 704 Υἱός·
2567 660 2585 692 ι
2643 639 2735 692 καὶ
2780 636 2937 692 τοῦτο
2982 635 3402 708 ἀπολελυμένως
3427 653 3442 668 ο
3483 637 3543 690 οὐ
3592 638 3702 711 γὰρ

444 725 551 802 non
583 748 726 802 enim
751 746 968 816 adjecit,
1003 744 1118 799 Dei.
1155 742 1496 797 Manifestum
1541 742 1704 811 igitur
1731 749 1816 794 est
1866 737 2008 808 quod

2139 732 2487 804 τροστέθεικε,
2518 731 2611 784 τοῦ
2643 729 2800 783 Θεοῦ.
2832 729 3002 797 Δῆλον
3031 725 3125 781 οῦν
3158 728 3242 780 ὅτι
3275 729 3547 798 ἀγγέλους
3594 729 3697 800 μὲν

443 834 664 904 angelos
695 835 974 904 ignorasse
1000 833 1218 894 dixerit,
1258 839 1315 884 ut
1358 839 1661 885 creaturas.
1693 828 1830 884 Cum
1882 840 2011 882 vero

2145 841 2312 894 φησεν
2355 825 2569 892 ἀγνοεῖν
2598 822 2674 886 ὡς
2701 821 2996 891 κτίσματα.
3043 821 3232 874 Εἰπείν
3267 821 3324 873 δὲ
3371 824 3484 885 τοῖς
3520 823 3702 893 μαθη-

444 927 726 997 discipulis
757 927 810 980 id
831 925 1013 979 dicere
1053 923 1244 988 nollet,
1270 921 1340 976 ob
1367 920 1691 977 ineﬂ'ahilem
1724 919 2008 988 quamdam

2139 921 2231 981 αἶς
2257 917 2317 970 οὐ
2348 915 2600 986 θελήσας,
2627 915 2717 968 διά
2746 930 2870 968 τινα
2911 913 3070 981 λόγον
3098 914 3415 983 οἰκονομίας
3456 915 3706 986 ἀπόρρη-

445 1016 641 1070 divinae
661 1014 1150 1070 administrationis
1171 1022 1226 1066 et
1257 1011 1472 1068 consilii
1502 1011 1805 1065 rationem:
1830 1027 1848 1060 ι
1879 1007 2014 1075 Quis

2139 1025 2224 1061 τον*
2264 1027 2284 1060 ι
2312 1007 2408 1070 Τις
2427 1007 2534 1078 γάρ
2573 1007 2714 1076 ἐγνω
2746 1004 2871 1059 νοῦν
2913 1004 3143 1075 Κυρίου.
3187 1005 3220 1074 ἢ
3266 1004 3352 1068 τίς
3400 1003 3706 1075 σύμϐουλος

446 1110 587 1161 enim
633 1105 784 1162 novit
829 1115 1065 1160 mentem
1110 1102 1346 1168 Domini,
1381 1112 1473 1158 aut
1506 1103 1630 1173 quis
1673 1099 2015 1156 consiliarius

2139 1097 2278 1152 ιύτοῦ
2324 1099 2571 1166 ὲγένετος
2606 1117 2624 1150 ι
2657 1099 2746 1152 ἵνα
2781 1098 2857 1168 μὴ
2893 1097 3152 1169 φαίνηται
3184 1095 3444 1166 κρύπτων
3473 1098 3705 1162 αὐτοὺς,

444 1197 561 1265 eius
602 1195 704 1252 fuit
731 1195 822 1250 ἐἳ
859 1214 878 1248 ›
927 1210 996 1250 ne
1043 1197 1318 1251 videretur
1360 1195 1481 1250 illos
1515 1195 1616 1249 hoc
1643 1193 1840 1263 |celare
1875 1190 2016 1245 velle

2139 1193 2209 1246 [αἱ
2239 1191 2326 1245 διὰ
2354 1190 2514 1244 τοῦτο
2539 1190 2782 1261 λυπήσῃ,
2823 1190 2919 1243 καὶ
2960 1189 3051 1242 τὸν
3089 1188 3217 1242 Υἱὸν
3273 1187 3445 1258 ἔφησε
3508 1190 3583 1260 μὴ
3632 1193 3708 1244 εἰ·

441 1302 618 1356 eoque
641 1288 858 1342 nomine
886 1287 1005 1343 illos
1022 1301 1257 1343 mtrrore
1279 1285 1514 1352 aﬂicere,
1547 1285 1706 1350 dixit,
1728 1298 1796 1339 ne
1818 1282 2011 1337 Filium

2139 1283 2278 1345 ἱέναι,
2299 1281 2780 1354 ἀνθρωπινώτερον
2807 1281 2903 1350 μὲν
2927 1279 3055 1349 περί
3077 1279 3273 1333 ἑαυτοῦ
3298 1280 3496 1349 λέγων,
3519 1281 3706 1353 ὥσπερ

443 1379 661 1449 quidem
695 1379 799 1433 hoc
831 1393 1032 1444 nosse;
1060 1377 1298 1432 humano
1333 1391 1483 1431 more
1510 1377 1576 1432 de
1603 1391 1663 1430 se
1689 1376 1932 1444 loquens,
1958 1379 2014 1426 ut

2139 1374 2246 1445 rapi
2272 1373 2558 1443 ἀνθρώπου
2579 1391 2592 1404 ο
2628 1372 2909 1444 φυλάττων
2935 1371 2990 1423 δὲ
3017 1369 3196 1441 ἑαυτῷ
3223 1371 3283 1425 τὸ
3311 1373 3513 1426 εἰδέναι
3546 1375 3705 1431 πάλιν

445 1473 608 1526 homo
631 1487 648 1524 :
673 1477 728 1524 et
751 1468 993 1524 omnium
1024 1467 1243 1521 interim
1272 1467 1521 1521 notitiam
1549 1464 1653 1520 sibi
1683 1477 1928 1528 servans,
1958 1471 2017 1517 ut

2139 1466 2296 1520 τάντα
2317 1464 2392 1528 ὡς
2417 1465 2570 1527 Θεὸς.
2596 1463 2693 1517 Διὰ
2721 1463 2828 1534 γὰρ
2853 1461 3009 1516 τοῦτο
3038 1463 3157 1516 οὐδὲ
3181 1463 3244 1516 τὸ
3265 1463 3492 1536 Πνεῦμα
3509 1465 3706 1538 ἔφησεν

449 1561 610 1615 Deus.
638 1559 850 1616 Idcirco
894 1559 1040 1614 enim
1082 1573 1190 1613 non
1235 1557 1401 1623 dixit,
1440 1556 1704 1626 Spiritum
1739 1555 2011 1626 ignorare.

2139 1559 2357 1626 ιγνοεῖν.
2392 1557 2456 1610 Εἰ
2492 1555 2601 1628 γὰρ
2629 1555 2691 1609 τὸ
2743 1553 2969 1624 Πνεῦμα
3013 1555 3192 1610 πάντα
3229 1556 3457 1628 ἐρευνᾷ,
3502 1559 3596 1612 καὶ
3642 1559 3709 1614 τὰ

446 1652 583 1707 Nam
607 1651 654 1708 si
680 1652 903 1722 spiritus
933 1650 1114 1706 ontnia
1139 1659 1435 1713 scrutatur,
1459 1649 1624 1703 etiam
1655 1647 1868 1704 occulta
1897 1647 2018 1714 Dei,

2139 1649 2258 1720 ἰάθη
2290 1650 2385 1703 τοῦ
2413 1647 2570 1713 Θεοῦ,
2601 1647 2744 1702 καθά
2781 1647 3109 1717 γέγραπται,
3131 1642 3240 1700 οἶδε
3267 1647 3507 1718 δηλονότι
3531 1649 3708 1704 πάντα

446 1755 506 1801 ut
533 1743 792 1813 scriptum
823 1751 908 1799 est
932 1743 1023 1808 ω,
1053 1743 1203 1797 norit
1232 1740 1473 1812 profecto
1491 1740 1672 1796 omnia
1687 1754 1808 1809 qua:
1826 1739 1878 1794 in
1904 1740 2018 1809 ipso

2139 1741 2188 1794 τά
2233 1743 2288 1793 ἐν
2317 1739 2482 1809 αὐτῷ.
2527 1740 2638 1795 Καὶ
2668 1739 2801 1793 εἰτὸ
2829 1739 3053 1809 Πνεῦμα
3087 1737 3150 1791 τδ
3194 1739 3372 1793 πάντα
3404 1740 3569 1804 εἰδὸς,
3615 1743 3710 1796 καὶ

444 1846 589 1892 sum.
633 1835 787 1904 Quod
829 1835 878 1892 si
913 1834 1150 1905 Spiritus
1183 1835 1274 1904 qui
1331 1834 1514 1889 omnia
1557 1832 1682 1898 scit,
1728 1831 2019 1901 omniaque

2139 1834 2189 1887 τά
2220 1833 2399 1887 πάντα
2426 1829 2888 1902 περιεργάζεσθαι
2921 1829 3240 1898 δυνάμενον,
3271 1829 3424 1898 παρὰ
3456 1829 3549 1883 τοῦ
3579 1831 3708 1884 Υἰοῦ

446 1928 723 1998 inquirere
768 1935 972 1997 potest,
1003 1941 1034 1980 a
1071 1925 1210 1980 Filio
1237 1925 1437 1996 accipit
1472 1941 1486 1977 :
1529 1940 1552 1976 ι
1587 1923 1684 1978 llle
1724 1924 1894 1988 enim,
1931 1923 2018 1976 in-

447 2016 666 2085 quit,de
694 2030 815 2072 meo
837 2015 1147 2088 accipiet“,
1175 2036 1194 2069 ι
1215 2015 1488 2086 quomodo
1515 2013 1684 2071 Filius
1710 2013 2022 2068 censebitur

448 2109 721 2179 ignorare,
745 2109 837 2180 qui
867 2107 1093 2178 Spiritui
1128 2109 1309 2164 omnia
1341 2106 1537 2164 scienti
1563 2105 1919 2177 suppeditat?

1116 2220 1346 2277 ALIUD.

520 2335 577 2394 Si
628 2334 790 2392 Pater
833 2335 1014 2389 omnia
1057 2343 1316 2403 operatur
1354 2347 1451 2403 per
1489 2331 1710 2400 Filium,
1739 2341 1798 2386 ut
1853 2332 2030 2402 inquit

2122 1923 2410 1994 λαμϐάνειο
2452 1939 2475 1975 t
2509 1922 2716 1975 Ἐκεῖνο
2756 1919 2887 1991 γὰρ,
2927 1919 3112 1990 φησιν,
3143 1917 3201 1984 ἐξ
3233 1920 3364 1988 ἐμοῦ
3395 1919 3656 1991 λήψεται·
3681 1939 3702 1973 ι

2126 2015 2243 2079 πῶς
2278 2015 2306 2066 6
2339 2013 2509 2083 Λόγος
2535 2014 2740 2094 ἀγνοεῖ,
2767 2013 2794 2065 6
2822 2011 2914 2065 τοῦ
2946 2011 3127 2065 πάντα.
3155 2009 3348 2074 εἰδότος
3385 2011 3704 2082 Πνεύματος

2128 2106 2361 2178 χορηγός
2381 2120 2396 2172 ;

2818 2220 3024 2274 ΑΛΛΟ.

2199 2335 2261 2389 Εἰ
2295 2335 2471 2390 πάντα
2503 2333 2567 2388 δι’
2595 2333 2726 2387 Υἱοῦ
2757 2334 2784 2386 6
2815 2332 3006 2404 Πατὴρ
3033 2331 3344 2402 ἐργάζεται,
3373 2328 3515 2382 καθά
3542 2344 3704 2398 φησιν

449 2429 760 2498 Scriptura,
789 2436 843 2483 et
876 2427 994 2482 sine
1023 2425 1141 2496 ipso
1172 2423 1372 2481 factum
1402 2433 1486 2479 est
1513 2423 1681 2490 nihil;
1705 2439 1868 2478 unum
1897 2437 2026 2478 vero

2139 2429 2162 2497 ἡ
2192 2426 2232 2477 Γ
2239 2426 2407 2500 ραφὶγ
2432 2426 2603 2497 χωρὶς
2632 2425 2740 2498 γάρ
2765 2423 2932 2480 αὑτοῦ
2962 2422 3178 2494 ἐγένετο
3200 2419 3320 2478 οὐδὲ
3341 2418 3421 2476 ἔνο
3447 2419 3502 2475 ἓν
3525 2420 3585 2475 δὲ
3604 2420 3712 2474 τῶν

448 2521 688 2576 omnium
716 2519 879 2575 etiam
911 2530 995 2575 est
1025 2516 1314 2589 praetiuitio
1338 2516 1446 2578 diei
1474 2525 1530 2570 et
1559 2515 1710 2572 horae
1737 2529 1845 2586 quo
1872 2529 2026 2571 mun-

2139 2520 2346 2575 m'wnw
2371 2519 2491 2573 ἐστὶ
2537 2518 2635 2573 καὶ
2675 2517 2736 2572 τὸ
2767 2518 3055 2589 ὁρισθῆναι
3087 2519 3187 2589 τὴν
3233 2516 3447 2588 ἡμέραν
3477 2515 3571 2570 καὶ
3615 2514 3716 2579 τὴν

447 2615 553 2674 dus
583 2613 806 2670 ﬁniatur
835 2631 852 2668 :
882 2621 1032 2675 certe
1063 2612 1227 2666 etiam
1259 2611 1363 2665 hoc
1391 2608 1714 2678 praeﬁnitum
1736 2615 1822 2664 est
1843 2614 1900 2661 et
1919 2621 2015 2662 ex-

2139 2608 2266 2681 ἶιραν
2291 2608 2411 2663 καθ’
2431 2609 2542 2682 ἢνὸ
2566 2607 2770 2678 κόσμος
2791 2607 2902 2674 ἔξει
2937 2607 2998 2659 τὸ
3036 2608 3206 2671 τέλος·
3243 2605 3476 2678 ὥρισται
3511 2604 3716 2674 δηλον-

453 2720 699 2776 pressum
747 2719 844 2773 per
871 2703 1092 2760 Filium.
1125 2702 1277 2769 Quod
1308 2714 1437 2756 vero
1465 2698 1792 2768 praeﬁnitum
1821 2705 1907 2754 est
1932 2711 2029 2765 per

2139 2706 2212 2759 5τι
2259 2706 2352 2758 καὶ
2390 2703 2700 2758 τετύπωται
2725 2701 2819 2755 καὶ
2841 2699 3001 2754 τοῦτο
3031 2699 3097 2753 δι’
3125 2696 3279 2752 Υἱοῦ.
3313 2698 3386 2750 Τὸ
3413 2696 3468 2750 δὲ
3501 2693 3718 2767 ὁρισθὲν

454 2797 626 2859 illum,
661 2795 931 2866 quomodo
957 2795 1208 2866 ignorare
1237 2792 1437 2864 queat?
1469 2790 1630 2846 Novit
1684 2791 1870 2861 itaque
1911 2789 2022 2844 hoc

2139 2798 2196 2852 δι’
2242 2796 2431 2860 αὑτοῦ,
2479 2795 2599 2859 πῶς
2634 2797 2846 2864 ἀγνοεῖν
2893 2791 3150 2859 δύναται;
3197 2789 3408 2846 υύκοῦν
3457 2783 3597 2842 οἶδεν
3643 2786 3721 2850 ὡς

454 2895 512 2941 nt
541 2884 702 2950 Deus,
738 2885 952 2942 tametsi
997 2886 1209 2944 nescire
1245 2899 1305 2941 se
1343 2885 1491 2940 dicat
1525 2893 1798 2952 quatenus
1845 2882 2029 2937 factus

2139 2889 2294 2953 Θεὸς,
2335 2888 2439 2942 κάν
2466 2889 2678 2958 ἀγνοεῖν
2707 2888 2842 2960 λέγῃ
2861 2929 2876 2953 ,
2921 2886 3057 2942 καθὸ
3103 2885 3293 2955 γέγονε
3325 2881 3482 2955 σὰρξ,
3513 2879 3609 2936 καὶ
3650 2879 3720 2933 τὰ

453 2987 536 3032 est
567 2991 730 3042 caro,
757 2983 811 3032 et
836 2991 963 3046 qua
986 2976 1196 3032 homini
1229 2973 1563 3032 conveniunt
1590 2973 1814 3029 sentiat.

1127 3111 1356 3169 ALIUD.

527 3227 585 3281 Si
625 3242 807 3282 omnia
850 3240 974 3296 qua:
1015 3226 1180 3280 habet
1229 3224 1410 3293 Pater,
1451 3233 1578 3280 sunt
1631 3223 1774 3289 Filii,
1809 3233 1868 3279 ut
1918 3223 2033 3296 ipse

457 3326 741 3371 testatur:
789 3325 846 3370 at
873 3317 1033 3371 Pater
1076 3316 1323 3370 ultimum
1359 3316 1505 3370 illum
1553 3315 1694 3372 diem
1739 3325 1795 3371 et
1839 3316 2032 3372 horam

457 3409 607 3466 novit
631 3422 647 3464 :
667 3416 817 3465 certe
848 3407 1012 3464 ctiam
1046 3406 1219 3464 Filius
1246 3406 1411 3464 norit.
1438 3407 1517 3464 lta
1548 3408 1692 3465 enim
1720 3422 1848 3466 vere
1877 3408 2032 3466 dixe-

459 3503 568 3558 rit:
604 3519 624 3553 ι
659 3499 852 3560 Omnia
880 3515 1002 3572 quae
1039 3500 1203 3556 habet
1227 3498 1414 3566 Pater,
1449 3516 1568 3556 mea
1598 3509 1727 3558 sunt
1765 3502 1834 3559 ⁸³.
1869 3521 1888 3554 ι

1028 3705 1194 3776 220
1226 3705 1456 3768 ALIUD.

527 3817 584 3873 Si
611 3832 741 3873 rere
768 3816 898 3873 dicit
924 3835 939 3871 :
967 3835 986 3870 ι
1018 3816 1130 3887 Ego
1159 3817 1212 3878 in
1247 3817 1432 3883 Patre,
1458 3829 1513 3874 et
1536 3817 1694 3874 Pater
1716 3819 1769 3873 in
1801 3833 1886 3874 me
1909 3820 1988 3885 ";
2013 3837 2032 3870 ι

457 3924 511 3967 ot
539 3911 696 3966 Pater
722 3909 978 3964 ultimum
1010 3909 1162 3965 illum
1194 3911 1337 3966 diem
1361 3920 1417 3967 et
1438 3911 1626 3968 horam
1661 3910 1812 3967 novit
1838 3929 1852 3966 :
1890 3912 2039 3969 novit

461 4001 708 4070 profecto
737 4009 794 4058 et
816 4001 1010 4067 Filius,
1051 4003 1143 4073 qui
1175 4003 1231 4058 in
1275 4003 1437 4060 Patre
1469 4003 1708 4070 exsistit,
1745 4003 2040 4076 omniaque

461 4097 515 4150 in
568 4096 684 4166 ipso
731 4095 901 4161 novit,
934 4105 990 4150 et
1037 4095 1254 4153 Patrem
1302 4097 1394 4168 qui
1434 4099 1618 4154 omnia
1672 4099 1821 4154 novit
1865 4100 1920 4153 in
1980 4113 2039 4154 se

460 4186 642 4242 habet.

1115 4303 1274 4360 ALIU
1289 4305 1347 4358 D.

2135 2980 2406 3051 ἀνθρώπῳ
2432 2980 2710 3052 πρέποντα
2741 2983 2932 3052 φρονῇ.

2813 3115 3015 3168 ΑΛΛΟ.

2203 3230 2268 3286 Εἰ
2297 3230 2476 3286 πάντα
2501 3229 2601 3282 ὅσα
2633 3227 2747 3298 ἔχει
2788 3228 2818 3282 6
2852 3226 3042 3297 Πατὴρ
3083 3225 3176 3279 τοῦ
3211 3221 3343 3278 Υἱοῦ
3382 3223 3534 3286 ἔστι,
3579 3217 3718 3273 καθά

2135 3340 2298 3394 φησιν
2321 3322 2506 3386 αὐτὸς,
2532 3320 2647 3392 ἔχει
2673 3320 2731 3374 δὲ
2754 3322 2784 3376 6
2811 3320 3005 3391 Πατὴρ
3028 3319 3128 3390 τὴν
3155 3315 3362 3387 γνῶσιν
3383 3314 3484 3385 τῆς
3508 3312 3720 3382 ἡμέρας

2134 3417 2229 3472 καὶ
2267 3416 2366 3487 τῆς
2411 3415 2561 3487 ὥρας
2601 3415 2849 3484 ἐκείνης,
2891 3412 3004 3483 ἔχει
3041 3410 3284 3482 δηλονότι
3316 3407 3528 3476 ταύτην
3573 3404 3666 3458 καὶ
3690 3404 3720 3456 6

2137 3511 2284 3574 Υιός.
2324 3509 2481 3566 Οὕτω
2519 3509 2629 3580 γὰρ
2657 3506 2946 3579 ἀληθεύσει
2978 3505 3182 3574 λᾶγωνο
3217 3521 3236 3555 t
3261 3502 3447 3556 Πάντα
3481 3500 3584 3555 ὅσα
3609 3498 3720 3568 εχει

2135 3603 2164 3665 6
2192 3595 2403 3671 Πατὴρ,
2437 3599 2548 3670 ὲμά
2572 3601 2738 3652 ἐστιν.
2764 3617 2785 3650 a

2839 3709 2928 3764 AA
2938 3711 3044 3764 ΛΟ.

2205 3825 2269 3880 EE
2304 3826 2560 3898 ἀληθεύει
2601 3825 2797 3893 λέγων·
2837 3843 2856 3878 ι
2897 3823 3041 3894 Ἐγὼ
3090 3824 3148 3876 ὲν
3187 3821 3265 3893 τῷ
3311 3818 3521 3892 Πατρὶ,
3569 3818 3664 3873 καὶ
3697 3818 3724 3870 6

2138 3919 2326 3990 Πατὴρ
2349 3921 2407 3972 ὲν
2435 3918 2581 3990 ἐμοὶ,
2615 3937 2634 3970 ι
2666 3914 2772 3972 οἶδε
2806 3917 2861 3970 δὲ
2888 3917 2986 3988 τὴν
3017 3914 3231 3988 ἡμέραν
3263 3913 3479 3984 ἐκείνην
3505 3913 3598 3965 καὶ
3628 3910 3722 3980 τὴν

2138 4013 2287 4081 ὥραν
2317 4013 2345 4064 6
2382 4010 2594 4082 Πατὴρ,
2626 4004 2734 4063 οἶδε
2772 4007 3012 4078 δηλονότι
3055 4006 3149 4060 καὶ
3191 4007 3219 4059 6
3252 4005 3411 4070 Υἱὸς,
3448 4004 3508 4056 ὲν
3551 3999 3723 4070 Πατρί

2137 4121 2198 4156 τε
2228 4101 2303 4155 ὢν
2334 4102 2429 4155 καὶ
2462 4102 2640 4156 πάντα
2673 4099 2957 4170 γινώσκων
2981 4097 3049 4152 τὰ
3074 4099 3130 4151 ὲν
3157 4095 3326 4167 αὐτῷ,
3358 4093 3454 4148 καὶ
3491 4094 3630 4164 ἔχων
3667 4092 3722 4144 ὲν

2141 4193 2320 4267 ἐαυτῷ
2345 4195 2436 4248 τὸν
2467 4193 2646 4248 εἰδότα
2681 4193 2924 4263 Πατέρα.

2829 4309 3029 4363 AAAO.

534 4415 704 4484 Filius
733 4416 931 4471 dicitur
966 4425 1023 4472 et
1054 4425 1142 4472 est
1180 4417 1492 4476 omnimoda
1538 4419 1714 4474 Patris
1755 4419 1935 4492 imago
1966 4421 2036 4478 ⁸⁸.

2215 4426 2390 4480 Εῐκὼν
2437 4426 2856 4498 ἀπαράλλακτος
2891 4422 2986 4477 τοῦ
3031 4421 3242 4492 Πατρὸς
3285 4422 3313 4473 6
3343 4418 3470 4481 Υἱὸς
3507 4414 3716 4482 λέγεται

465 4512 523 4566 Si
557 4525 686 4567 vero
719 4509 878 4565 Pater
911 4509 1061 4566 novit
1092 4509 1238 4566 diem
1278 4509 1429 4570 illum
1471 4517 1527 4566 et
1566 4511 1753 4566 horum
1780 4527 1796 4574 ;
1825 4512 2044 4581 ignorat

461 4611 645 4658 autem
699 4600 874 4656 Filius
914 4619 930 4656 :
975 4599 1250 4671 quomodo
1299 4600 1353 4656 id
1390 4600 1534 4671 quod
1582 4600 1798 4671 ignorat
1841 4599 2044 4656 referet

459 4698 828 4751 characterem
856 4692 972 4762 ejus
989 4693 1081 4764 qui
1113 4693 1308 4748 novit?
1341 4694 1502 4764 Atqui
1533 4703 1619 4750 ast
1651 4695 1876 4749 omnino
1900 4692 2042 4748 ima-

459 4803 528 4856 go
560 4786 761 4854 Patris,
810 4785 938 4842 licet
970 4786 1210 4844 maxime
1253 4785 1436 4842 hostes
1467 4784 1668 4842 Christi
1723 4785 1914 4840 nolint.
1947 4783 2038 4841 Sid

461 4878 606 4933 milis
639 4878 822 4948 itaque
844 4878 1117 4933 estetlam
1155 4877 1254 4932 hac
1296 4875 1348 4932 in
1381 4885 1537 4945 parte
1581 4874 1728 4932 Patri
1754 4892 1768 4940 ;
1794 4884 1851 4930 et
1895 4875 2039 4932 sicut

460 4969 612 5024 novit
649 4967 760 5034 ille,
789 4967 940 5024 novit
971 4978 1027 5024 et
1049 4967 1186 5038 ipse.

1123 5104 1348 5162 ALIUD.

533 5220 634 5287 Qui
660 5220 789 5275 dicit
822 5221 1043 5286 Filium,
1079 5230 1348 5290 quatenus
1376 5228 1460 5275 est
1493 5218 1752 5286 Verbum,
1788 5220 2040 5290 ignorare

461 5315 604 5368 diem
632 5312 782 5368 illum
815 5323 870 5368 et
898 5313 1110 5377 horam,
1145 5312 1536 5382 blasphemiam
1564 5313 1769 5366 evitare
1805 5327 1912 5366 non
1945 5327 2044 5382 po-

463 5415 590 5460 test.
619 5405 675 5460 Si
703 5405 846 5461 enim
878 5405 1030 5460 novit
1061 5403 1302 5472 Patrem,
1337 5404 1476 5459 sicut
1511 5403 1742 5472 ipsemet
1765 5413 2036 5459 testatur:

461 5497 590 5564 quid
616 5499 793 5553 obstat
825 5497 1119 5568 quominus
1143 5498 1305 5552 etiam
1335 5501 1497 5552 linem
1534 5497 1827 5553 creatiouis
1854 5496 2042 5552 norit?

464 5589 523 5644 Si
566 5599 698 5642 vero
735 5589 970 5645 dixerint
1023 5589 1256 5658 amplius
1289 5603 1414 5644 esse
1451 5588 1610 5644 tinem
1659 5597 2036 5644 creaturarum

2145 4519 2240 4573 καὶ
2268 4519 2434 4576 εστιν.
2473 4518 2534 4570 Ei
2561 4517 2618 4571 δὲ
2649 4513 2789 4571 οἶδεν
2822 4505 3082 4586 6’Πατὴρ
3109 4512 3206 4584 τὴν
3244 4511 3458 4582 ἡμέραν
3495 4507 3589 4561 καὶ
3624 4504 3722 4574 τὴν

2145 4611 2316 4682 ὥραν,
2354 4610 2539 4679 ἀγνοεῖ
2562 4609 2618 4664 δὲ
2646 4611 2674 4664 6
2704 4608 2857 4677 Υιδς,
2893 4607 3012 4672 πῶς
3033 4607 3094 4661 τὸ
3121 4603 3352 4674 ἀγνοοῦν
3393 4600 3596 4663 εἰδότος
3627 4614 3724 4667 (ρο⁴

2149 4703 2294 4775 ρέσει
2330 4702 2424 4756 τὸν
2471 4702 2833 4776 χαρακτῆρα;
2887 4702 3026 4756 Ἀλλ’
3073 4700 3222 4753 ἔστιν
3268 4695 3436 4751 εἰκὼν
3473 4691 3569 4747 τοῦ
3613 4692 3725 4744 Πα-

2144 4795 2294 4867 τρὸς,
2320 4793 2423 4848 κᾶν
2447 4796 2496 4847 οἱ
2526 4795 2881 4866 χριστομάχοι
2915 4793 2989 4865 μὴ
3021 4791 3337 4862 βούλωνται.
3370 4789 3589 4841 Ἔοικεν
3619 4784 3722 4853 ἀρα

2146 4889 2239 4943 καὶ
2270 4888 2408 4943 κατά
2438 4887 2595 4943 τοῦτο
2628 4887 2707 4960 τῷ
2739 4886 2932 4959 Πατρὶ,
2963 4887 3059 4940 καὶ
3089 4885 3275 4957 ὥσπερ
3319 4877 3460 4936 οἶδεν
3491 4879 3722 4938 ἐκεῖνος,

2145 4981 2287 5036 οὕτω
2319 4982 2412 5036 καὶ
2448 4982 2628 5046 αὑτός.

2831 5117 3033 5172 ΔΛΛΟ.

2227 5233 2287 5286 ὐ
2325 5233 2400 5304 μὴ
2439 5233 2638 5287 εἰδέναι
2679 5232 2852 5301 λέγων
2882 5232 2976 5286 τὸν
3018 5231 3166 5294 Υἰὸν,
3205 5227 3342 5286 καθὸ
3372 5224 3546 5292 Λόγος
3579 5219 3725 5278 ἐστὶ.

2148 5325 2247 5396 τὴν
2275 5326 2488 5397 ἡμέραν
2527 5325 2623 5380 καὶ
2652 5326 2752 5396 τὴν
2783 5325 2933 5397 ὥραν
2965 5323 3202 5394 ἐκείνην,
3227 5322 3327 5374 οὐκ
3356 5317 3462 5384 ἔξω
3486 5313 3598 5368 τῶν
3624 5310 3727 5366 ἀπὸ

2147 5417 2247 5484 τῆς
2288 5417 2641 5489 βλασφημίας
2689 5417 3054 5490 ἐγκλημάτων
3099 5415 3476 5486 εὑρεθήσεται.
3509 5408 3575 5472 Εἰ
3622 5403 3726 5474 γὰρ

2145 5504 2253 5562 οἶδε
2292 5509 2382 5563 τὸν
2415 5512 2654 5582 Πατέρα,
2691 5511 2834 5566 καθά
2880 5527 3046 5583 φησιν
3089 5507 3274 5571 αὐτὸς,
3317 5503 3369 5558 τί
3404 5499 3607 5556 κωλύει
3635 5492 3727 5550 καὶ

2143 5599 2206 5654 τὸ
2253 5602 2406 5666 τέλος
2453 5603 2649 5658 εἰδέναι
2694 5605 2798 5676 τῆς
2853 5604 3117 5669 κτίσεως;
3162 5603 3226 5656 El
3269 5599 3368 5672 μὲν
3411 5591 3505 5649 οῦν
3543 5589 3723 5663 μεῖξον

540 5699 583 5781 ς
619 5697 720 5781 Isa.
753 5701 975 5781 and};
1002 5698 1159 5754 Rom.
1193 5715 1271 5765 at,
1299 5699 1388 5755 δι.
1467 5703 1531 5734 ἰ·
1562 5701 1582 5757 1
1621 5703 1748 5760 Cor.
1786 5718 1847 5770 ll,
1894 5705 1982 5761 lO.

2147 5709 2306 5768 Joan.
2335 5728 2449 5780 ινι,
2496 5714 2585 5768 H.
2663 5715 2707 5747 "
2735 5713 2891 5771 Joan.
2936 5729 3043 5781 art,
3082 5713 3163 5768 l5.
3211 5711 3257 5744 "'
3292 5709 3447 5766 Joan.
3482 5723 3597 5774 xw,
3637 5703 3716 5759 ll.

468 5782 512 5814 οι
536 5768 747 5826 Coloss.
784 5786 818 5828 ι.
857 5769 940 5826 l5.
