  <div class='ocr_page' id='page_1' title='image "/cluster/home/n/w/nwhite01/storage/ocr_20150623/75/mdp.39015078384495/194.png"; bbox 0 0 4074 6266; ppageno 0'>
   <div class='ocr_carea' id='block_1_1' title="bbox 375 309 484 369">
    <p class='ocr_par' dir='ltr' id='par_1_1' title="bbox 375 309 484 369">
     <span class='ocr_line' id='line_1_1' title="bbox 375 309 484 369; baseline 0 -1"><span class='ocrx_word' id='word_1_1' title='bbox 375 309 484 369; x_wconf 65' lang='grc' dir='ltr'><strong>διδ</strong></span> 
     </span>
    </p>
   </div>
   <div class='ocr_carea' id='block_1_2' title="bbox 1804 324 2240 389">
    <p class='ocr_par' dir='ltr' id='par_1_2' title="bbox 1804 324 2240 389">
     <span class='ocr_line' id='line_1_2' title="bbox 1804 324 2240 389; baseline 0.009 -9"><span class='ocrx_word' id='word_1_2' title='bbox 1804 324 2240 389; x_wconf 66' lang='grc' dir='ltr'><strong>τιιΕδΑυιιυδ.</strong></span> 
     </span>
    </p>
   </div>
   <div class='ocr_carea' id='block_1_3' title="bbox 3538 336 3642 393">
    <p class='ocr_par' dir='ltr' id='par_1_3' title="bbox 3538 336 3642 393">
     <span class='ocr_line' id='line_1_3' title="bbox 3538 336 3642 393; baseline -0.029 -5"><span class='ocrx_word' id='word_1_3' title='bbox 3538 336 3642 393; x_wconf 66' lang='grc' dir='ltr'><strong>δη</strong></span> 
     </span>
    </p>
   </div>
   <div class='ocr_carea' id='block_1_4' title="bbox 375 430 1972 520">
    <p class='ocr_par' dir='ltr' id='par_1_4' title="bbox 375 430 1964 514">
     <span class='ocr_line' id='line_1_4' title="bbox 375 430 1964 514; baseline 0.011 -33"><span class='ocrx_word' id='word_1_4' title='bbox 375 430 558 502; x_wconf 73' lang='grc' dir='ltr'><strong>ἐροῦσι</strong></span> <span class='ocrx_word' id='word_1_5' title='bbox 595 430 688 484; x_wconf 87' lang='grc' dir='ltr'><strong>τοῦ</strong></span> <span class='ocrx_word' id='word_1_6' title='bbox 735 435 1032 500; x_wconf 68' lang='grc' dir='ltr'><strong>γινώσκειν</strong></span> <span class='ocrx_word' id='word_1_7' title='bbox 1065 435 1157 489; x_wconf 72' lang='grc' dir='ltr'><strong>τδν</strong></span> <span class='ocrx_word' id='word_1_8' title='bbox 1189 436 1411 514; x_wconf 80' lang='grc' dir='ltr'><strong>Πατέρα</strong></span> <span class='ocrx_word' id='word_1_9' title='bbox 1438 438 1508 491; x_wconf 62' lang='lat' dir='ltr'><strong>ab</strong></span> <span class='ocrx_word' id='word_1_10' title='bbox 1538 439 1735 494; x_wconf 82' lang='grc' dir='ltr'><strong>είδέναι</strong></span> <span class='ocrx_word' id='word_1_11' title='bbox 1766 442 1827 495; x_wconf 84' lang='grc' dir='ltr'><strong>τὸ</strong></span> <span class='ocrx_word' id='word_1_12' title='bbox 1867 444 1964 514; x_wconf 82' lang='grc' dir='ltr'><strong>τῆς</strong></span> 
     </span>
    </p>
   </div>
   <div class='ocr_carea' id='block_1_5' title="bbox 2074 430 3639 520">
    <p class='ocr_par' dir='ltr' id='par_1_5' title="bbox 2074 442 3639 520">
     <span class='ocr_line' id='line_1_5' title="bbox 2074 442 3639 520; baseline 0.002 -19"><span class='ocrx_word' id='word_1_13' title='bbox 2074 461 2254 516; x_wconf 81' lang='lat' dir='ltr'><strong>nosse,</strong></span> <span class='ocrx_word' id='word_1_14' title='bbox 2297 461 2456 520; x_wconf 85' lang='lat' dir='ltr'><strong>quam</strong></span> <span class='ocrx_word' id='word_1_15' title='bbox 2507 445 2742 512; x_wconf 84' lang='lat' dir='ltr'><strong>Patrem,</strong></span> <span class='ocrx_word' id='word_1_16' title='bbox 2768 442 3144 512; x_wconf 62' lang='lat' dir='ltr'><strong>Tremovebtpnt</strong></span> <span class='ocrx_word' id='word_1_17' title='bbox 3197 461 3226 502; x_wconf 86' lang='lat' dir='ltr'><strong>a</strong></span> <span class='ocrx_word' id='word_1_18' title='bbox 3274 460 3335 504; x_wconf 89' lang='lat' dir='ltr'><strong>se</strong></span> <span class='ocrx_word' id='word_1_19' title='bbox 3385 447 3639 520; x_wconf 86' lang='lat' dir='ltr'><strong>blasphe-</strong></span> 
     </span>
    </p>
   </div>
   <div class='ocr_carea' id='block_1_6' title="bbox 370 521 1964 603">
    <p class='ocr_par' dir='ltr' id='par_1_6' title="bbox 370 521 1964 603">
     <span class='ocr_line' id='line_1_6' title="bbox 370 521 1964 603; baseline 0.01 -30"><span class='ocrx_word' id='word_1_20' title='bbox 370 521 606 586; x_wconf 81' lang='grc' dir='ltr'><strong>κτίσεως</strong></span> <span class='ocrx_word' id='word_1_21' title='bbox 638 522 807 591; x_wconf 73' lang='grc' dir='ltr'><strong>τέλος,</strong></span> <span class='ocrx_word' id='word_1_22' title='bbox 849 525 1173 581; x_wconf 84' lang='grc' dir='ltr'><strong>ἀποίσονται</strong></span> <span class='ocrx_word' id='word_1_23' title='bbox 1215 528 1318 598; x_wconf 85' lang='grc' dir='ltr'><strong>τῆς</strong></span> <span class='ocrx_word' id='word_1_24' title='bbox 1351 529 1709 602; x_wconf 78' lang='grc' dir='ltr'><strong>βλασφημίας</strong></span> <span class='ocrx_word' id='word_1_25' title='bbox 1736 533 1837 603; x_wconf 80' lang='grc' dir='ltr'><strong>τὴν</strong></span> <span class='ocrx_word' id='word_1_26' title='bbox 1870 537 1964 589; x_wconf 84' lang='grc' dir='ltr'><strong>κό-</strong></span> 
     </span>
    </p>
   </div>
   <div class='ocr_carea' id='block_1_7' title="bbox 369 613 1964 694">
    <p class='ocr_par' dir='ltr' id='par_1_7' title="bbox 369 613 1964 694">
     <span class='ocr_line' id='line_1_7' title="bbox 369 613 1964 694; baseline 0.009 -28"><span class='ocrx_word' id='word_1_27' title='bbox 369 615 544 669; x_wconf 85' lang='grc' dir='ltr'><strong>λασιν.</strong></span> <span class='ocrx_word' id='word_1_28' title='bbox 589 613 655 669; x_wconf 71' lang='grc' dir='ltr'><strong>ΕΞ</strong></span> <span class='ocrx_word' id='word_1_29' title='bbox 689 615 746 668; x_wconf 78' lang='grc' dir='ltr'><strong>δὲ</strong></span> <span class='ocrx_word' id='word_1_30' title='bbox 773 617 955 688; x_wconf 82' lang='grc' dir='ltr'><strong>πάσης</strong></span> <span class='ocrx_word' id='word_1_31' title='bbox 1003 619 1260 687; x_wconf 84' lang='grc' dir='ltr'><strong>γνώσεως</strong></span> <span class='ocrx_word' id='word_1_32' title='bbox 1294 622 1746 694; x_wconf 78' lang='grc' dir='ltr'><strong>ὑπεραναϐἐόηκε</strong></span> <span class='ocrx_word' id='word_1_33' title='bbox 1788 627 1849 679; x_wconf 87' lang='grc' dir='ltr'><strong>τὺ</strong></span> <span class='ocrx_word' id='word_1_34' title='bbox 1877 643 1964 694; x_wconf 88' lang='grc' dir='ltr'><strong>γι-</strong></span> 
     </span>
    </p>
   </div>
   <div class='ocr_carea' id='block_1_8' title="bbox 367 703 1966 789">
    <p class='ocr_par' dir='ltr' id='par_1_8' title="bbox 367 703 1966 789">
     <span class='ocr_line' id='line_1_8' title="bbox 367 703 1966 789; baseline 0.009 -32"><span class='ocrx_word' id='word_1_35' title='bbox 367 703 604 760; x_wconf 77' lang='grc' dir='ltr'><strong>νώσκειν</strong></span> <span class='ocrx_word' id='word_1_36' title='bbox 629 706 720 760; x_wconf 78' lang='grc' dir='ltr'><strong>τὸν</strong></span> <span class='ocrx_word' id='word_1_37' title='bbox 750 707 988 780; x_wconf 80' lang='grc' dir='ltr'><strong>Πατέρα,</strong></span> <span class='ocrx_word' id='word_1_38' title='bbox 1021 709 1140 774; x_wconf 84' lang='grc' dir='ltr'><strong>πῶς</strong></span> <span class='ocrx_word' id='word_1_39' title='bbox 1166 713 1196 765; x_wconf 85' lang='grc' dir='ltr'><strong>ό</strong></span> <span class='ocrx_word' id='word_1_40' title='bbox 1219 711 1278 766; x_wconf 84' lang='grc' dir='ltr'><strong>τδ</strong></span> <span class='ocrx_word' id='word_1_41' title='bbox 1309 713 1487 782; x_wconf 71' lang='grc' dir='ltr'><strong>μεῖζον</strong></span> <span class='ocrx_word' id='word_1_42' title='bbox 1514 714 1670 780; x_wconf 83' lang='grc' dir='ltr'><strong>εἰδὼς</strong></span> <span class='ocrx_word' id='word_1_43' title='bbox 1709 717 1966 789; x_wconf 76' lang='grc' dir='ltr'><strong>ἀγνοήσει</strong></span> 
     </span>
    </p>
   </div>
   <div class='ocr_carea' id='block_1_9' title="bbox 818 914 1514 988">
    <p class='ocr_par' dir='ltr' id='par_1_9' title="bbox 818 914 1514 988">
     <span class='ocr_line' id='line_1_9' title="bbox 818 914 1514 988; baseline 0.01 -20"><span class='ocrx_word' id='word_1_44' title='bbox 818 914 1024 981; x_wconf 73' lang='grc' dir='ltr'><strong>ΔΛΛΟ,</strong></span> <span class='ocrx_word' id='word_1_45' title='bbox 1059 916 1514 988; x_wconf 70' lang='grc' dir='ltr'><strong>διηγηματικῶς.</strong></span> 
     </span>
    </p>
   </div>
   <div class='ocr_carea' id='block_1_10' title="bbox 455 1022 1965 1102">
    <p class='ocr_par' dir='ltr' id='par_1_10' title="bbox 455 1022 1965 1102">
     <span class='ocr_line' id='line_1_10' title="bbox 455 1022 1965 1102; baseline 0.007 -26"><span class='ocrx_word' id='word_1_46' title='bbox 455 1022 572 1076; x_wconf 75' lang='grc' dir='ltr'><strong>Οὐκ</strong></span> <span class='ocrx_word' id='word_1_47' title='bbox 609 1023 867 1091; x_wconf 56' lang='grc' dir='ltr'><strong>ἀγνοῶντό</strong></span> <span class='ocrx_word' id='word_1_48' title='bbox 902 1025 1096 1095; x_wconf 82' lang='grc' dir='ltr'><strong>Λόγος,</strong></span> <span class='ocrx_word' id='word_1_49' title='bbox 1191 1029 1367 1098; x_wconf 85' lang='grc' dir='ltr'><strong>Λόγος</strong></span> <span class='ocrx_word' id='word_1_50' title='bbox 1395 1031 1516 1086; x_wconf 66' lang='grc' dir='ltr'><strong>ἐστὶ</strong></span> <span class='ocrx_word' id='word_1_51' title='bbox 1549 1035 1642 1086; x_wconf 73' lang='grc' dir='ltr'><strong>καὶ</strong></span> <span class='ocrx_word' id='word_1_52' title='bbox 1675 1034 1840 1102; x_wconf 75' lang='grc' dir='ltr'><strong>σοφία</strong></span> <span class='ocrx_word' id='word_1_53' title='bbox 1871 1034 1965 1088; x_wconf 86' lang='grc' dir='ltr'><strong>τοῦ</strong></span> 
     </span>
    </p>
   </div>
   <div class='ocr_carea' id='block_1_11' title="bbox 387 1112 1967 1197">
    <p class='ocr_par' dir='ltr' id='par_1_11' title="bbox 387 1112 1967 1197">
     <span class='ocr_line' id='line_1_11' title="bbox 387 1112 1967 1197; baseline 0.007 -28"><span class='ocrx_word' id='word_1_54' title='bbox 387 1116 623 1187; x_wconf 80' lang='grc' dir='ltr'><strong>Πατρὸς,</strong></span> <span class='ocrx_word' id='word_1_55' title='bbox 648 1117 726 1180; x_wconf 81' lang='grc' dir='ltr'><strong>τὸ,</strong></span> <span class='ocrx_word' id='word_1_56' title='bbox 755 1120 869 1178; x_wconf 81' lang='grc' dir='ltr'><strong>Οὐκ</strong></span> <span class='ocrx_word' id='word_1_57' title='bbox 889 1112 1027 1185; x_wconf 72' lang='grc' dir='ltr'><strong>οἶδα,</strong></span> <span class='ocrx_word' id='word_1_58' title='bbox 1052 1122 1237 1191; x_wconf 74' lang='grc' dir='ltr'><strong>φησιν,</strong></span> <span class='ocrx_word' id='word_1_59' title='bbox 1267 1124 1406 1178; x_wconf 86' lang='grc' dir='ltr'><strong>ἀλλά</strong></span> <span class='ocrx_word' id='word_1_60' title='bbox 1432 1125 1694 1180; x_wconf 75' lang='grc' dir='ltr'><strong>δεικνύων</strong></span> <span class='ocrx_word' id='word_1_61' title='bbox 1711 1128 1769 1181; x_wconf 76' lang='grc' dir='ltr'><strong>ὲν</strong></span> <span class='ocrx_word' id='word_1_62' title='bbox 1787 1128 1967 1197; x_wconf 77' lang='grc' dir='ltr'><strong>ἐαυτῷ</strong></span> 
     </span>
    </p>
   </div>
   <div class='ocr_carea' id='block_1_12' title="bbox 387 1204 1963 1288">
    <p class='ocr_par' dir='ltr' id='par_1_12' title="bbox 387 1204 1963 1288">
     <span class='ocr_line' id='line_1_12' title="bbox 387 1204 1963 1288; baseline 0.008 -29"><span class='ocrx_word' id='word_1_63' title='bbox 387 1209 481 1260; x_wconf 80' lang='grc' dir='ltr'><strong>καὶ</strong></span> <span class='ocrx_word' id='word_1_64' title='bbox 523 1208 584 1261; x_wconf 77' lang='grc' dir='ltr'><strong>τὸ</strong></span> <span class='ocrx_word' id='word_1_65' title='bbox 612 1209 964 1280; x_wconf 86' lang='grc' dir='ltr'><strong>ἀνθρώπινον,</strong></span> <span class='ocrx_word' id='word_1_66' title='bbox 1005 1204 1050 1280; x_wconf 82' lang='grc' dir='ltr'><strong>ᾧ</strong></span> <span class='ocrx_word' id='word_1_67' title='bbox 1082 1213 1322 1284; x_wconf 80' lang='grc' dir='ltr'><strong>μάλιστα</strong></span> <span class='ocrx_word' id='word_1_68' title='bbox 1367 1215 1566 1288; x_wconf 77' lang='grc' dir='ltr'><strong>πρέπει</strong></span> <span class='ocrx_word' id='word_1_69' title='bbox 1610 1217 1672 1270; x_wconf 75' lang='grc' dir='ltr'><strong>τὸ</strong></span> <span class='ocrx_word' id='word_1_70' title='bbox 1715 1218 1963 1286; x_wconf 73' lang='grc' dir='ltr'><strong>ἀγνοεῑνο</strong></span> 
     </span>
    </p>
   </div>
   <div class='ocr_carea' id='block_1_13' title="bbox 385 1298 1969 1379">
    <p class='ocr_par' dir='ltr' id='par_1_13' title="bbox 385 1298 1969 1379">
     <span class='ocr_line' id='line_1_13' title="bbox 385 1298 1969 1379; baseline 0.008 -29"><span class='ocrx_word' id='word_1_71' title='bbox 385 1298 515 1351; x_wconf 69' lang='grc' dir='ltr'><strong>ἴδιον</strong></span> <span class='ocrx_word' id='word_1_72' title='bbox 545 1299 649 1370; x_wconf 77' lang='grc' dir='ltr'><strong>γὰρ</strong></span> <span class='ocrx_word' id='word_1_73' title='bbox 682 1300 1102 1376; x_wconf 84' lang='grc' dir='ltr'><strong>ἀνθρωπότητος</strong></span> <span class='ocrx_word' id='word_1_74' title='bbox 1139 1305 1300 1360; x_wconf 85' lang='grc' dir='ltr'><strong>τοῦτό</strong></span> <span class='ocrx_word' id='word_1_75' title='bbox 1340 1323 1424 1375; x_wconf 90' lang='grc' dir='ltr'><strong>γε.</strong></span> <span class='ocrx_word' id='word_1_76' title='bbox 1468 1308 1684 1378; x_wconf 77' lang='grc' dir='ltr'><strong>Ἐπειδὴ</strong></span> <span class='ocrx_word' id='word_1_77' title='bbox 1718 1309 1830 1378; x_wconf 85' lang='grc' dir='ltr'><strong>γὰρ</strong></span> <span class='ocrx_word' id='word_1_78' title='bbox 1865 1309 1969 1379; x_wconf 79' lang='grc' dir='ltr'><strong>τὴν</strong></span> 
     </span>
    </p>
   </div>
   <div class='ocr_carea' id='block_1_14' title="bbox 381 1390 1970 1470">
    <p class='ocr_par' dir='ltr' id='par_1_14' title="bbox 381 1390 1970 1470">
     <span class='ocr_line' id='line_1_14' title="bbox 381 1390 1970 1470; baseline 0.008 -28"><span class='ocrx_word' id='word_1_79' title='bbox 381 1390 536 1459; x_wconf 72' lang='grc' dir='ltr'><strong>ἡμῶν</strong></span> <span class='ocrx_word' id='word_1_80' title='bbox 583 1393 938 1462; x_wconf 80' lang='grc' dir='ltr'><strong>περιεϐάλετο</strong></span> <span class='ocrx_word' id='word_1_81' title='bbox 982 1395 1178 1467; x_wconf 82' lang='grc' dir='ltr'><strong>σάρκα,</strong></span> <span class='ocrx_word' id='word_1_82' title='bbox 1225 1395 1314 1450; x_wconf 73' lang='grc' dir='ltr'><strong>διὰ</strong></span> <span class='ocrx_word' id='word_1_83' title='bbox 1345 1397 1506 1452; x_wconf 88' lang='grc' dir='ltr'><strong>τοῦτο</strong></span> <span class='ocrx_word' id='word_1_84' title='bbox 1539 1400 1632 1452; x_wconf 76' lang='grc' dir='ltr'><strong>καὶ</strong></span> <span class='ocrx_word' id='word_1_85' title='bbox 1679 1403 1777 1470; x_wconf 77' lang='grc' dir='ltr'><strong>τὴν</strong></span> <span class='ocrx_word' id='word_1_86' title='bbox 1811 1401 1970 1470; x_wconf 80' lang='grc' dir='ltr'><strong>ἡμῶν</strong></span> 
     </span>
    </p>
   </div>
   <div class='ocr_carea' id='block_1_15' title="bbox 375 1479 1964 1560">
    <p class='ocr_par' dir='ltr' id='par_1_15' title="bbox 375 1479 1964 1560">
     <span class='ocr_line' id='line_1_15' title="bbox 375 1479 1964 1560; baseline 0.005 -26"><span class='ocrx_word' id='word_1_87' title='bbox 375 1479 598 1549; x_wconf 74' lang='grc' dir='ltr'><strong>ἄγνοιαν</strong></span> <span class='ocrx_word' id='word_1_88' title='bbox 637 1481 784 1552; x_wconf 78' lang='grc' dir='ltr'><strong>ἔχειν</strong></span> <span class='ocrx_word' id='word_1_89' title='bbox 817 1484 1234 1555; x_wconf 74' lang='grc' dir='ltr'><strong>ἐσχηματίζετο.</strong></span> <span class='ocrx_word' id='word_1_90' title='bbox 1267 1488 1386 1548; x_wconf 89' lang='grc' dir='ltr'><strong>Ὅτι</strong></span> <span class='ocrx_word' id='word_1_91' title='bbox 1431 1487 1540 1560; x_wconf 70' lang='grc' dir='ltr'><strong>γὰρ</strong></span> <span class='ocrx_word' id='word_1_92' title='bbox 1573 1491 1639 1559; x_wconf 77' lang='grc' dir='ltr'><strong>τῇ</strong></span> <span class='ocrx_word' id='word_1_93' title='bbox 1678 1488 1964 1560; x_wconf 82' lang='grc' dir='ltr'><strong>ἀνθρωπό-</strong></span> 
     </span>
    </p>
   </div>
   <div class='ocr_carea' id='block_1_16' title="bbox 374 1574 1966 1653">
    <p class='ocr_par' dir='ltr' id='par_1_16' title="bbox 374 1574 1966 1653">
     <span class='ocr_line' id='line_1_16' title="bbox 374 1574 1966 1653; baseline 0.005 -29"><span class='ocrx_word' id='word_1_94' title='bbox 374 1589 502 1646; x_wconf 78' lang='grc' dir='ltr'><strong>τητι</strong></span> <span class='ocrx_word' id='word_1_95' title='bbox 538 1575 634 1628; x_wconf 63' lang='grc' dir='ltr'><strong>καί¹</strong></span> <span class='ocrx_word' id='word_1_96' title='bbox 664 1574 724 1628; x_wconf 80' lang='grc' dir='ltr'><strong>οὐ</strong></span> <span class='ocrx_word' id='word_1_97' title='bbox 755 1577 823 1646; x_wconf 76' lang='grc' dir='ltr'><strong>τῇ</strong></span> <span class='ocrx_word' id='word_1_98' title='bbox 857 1577 1035 1648; x_wconf 79' lang='grc' dir='ltr'><strong>οἰκείᾳ</strong></span> <span class='ocrx_word' id='word_1_99' title='bbox 1065 1577 1223 1648; x_wconf 76' lang='grc' dir='ltr'><strong>φύσει</strong></span> <span class='ocrx_word' id='word_1_100' title='bbox 1249 1578 1311 1631; x_wconf 83' lang='grc' dir='ltr'><strong>τὸ</strong></span> <span class='ocrx_word' id='word_1_101' title='bbox 1342 1580 1563 1648; x_wconf 80' lang='grc' dir='ltr'>ἀγνοεῖν</span> <span class='ocrx_word' id='word_1_102' title='bbox 1599 1581 1966 1653; x_wconf 67' lang='grc' dir='ltr'><strong>περιτίθησιν,</strong></span> 
     </span>
    </p>
   </div>
   <div class='ocr_carea' id='block_1_17' title="bbox 378 1663 1969 1744">
    <p class='ocr_par' dir='ltr' id='par_1_17' title="bbox 378 1663 1969 1744">
     <span class='ocr_line' id='line_1_17' title="bbox 378 1663 1969 1744; baseline 0.006 -27"><span class='ocrx_word' id='word_1_103' title='bbox 378 1663 635 1719; x_wconf 71' lang='grc' dir='ltr'><strong>ἐντεῦθεν</strong></span> <span class='ocrx_word' id='word_1_104' title='bbox 679 1664 859 1731; x_wconf 70' lang='grc' dir='ltr'><strong>ἔξεστι</strong></span> <span class='ocrx_word' id='word_1_105' title='bbox 905 1667 1116 1738; x_wconf 80' lang='grc' dir='ltr'><strong>μαθεῖν.</strong></span> <span class='ocrx_word' id='word_1_106' title='bbox 1157 1671 1504 1742; x_wconf 84' lang='grc' dir='ltr'><strong>Παραγαγὼν</strong></span> <span class='ocrx_word' id='word_1_107' title='bbox 1544 1673 1653 1744; x_wconf 83' lang='grc' dir='ltr'><strong>γὰρ</strong></span> <span class='ocrx_word' id='word_1_108' title='bbox 1685 1675 1766 1736; x_wconf 83' lang='grc' dir='ltr'><strong>είς</strong></span> <span class='ocrx_word' id='word_1_109' title='bbox 1804 1673 1969 1744; x_wconf 83' lang='grc' dir='ltr'><strong>μέσον</strong></span> 
     </span>
    </p>
   </div>
   <div class='ocr_carea' id='block_1_18' title="bbox 383 1755 2044 1850">
    <p class='ocr_par' dir='ltr' id='par_1_18' title="bbox 383 1755 2044 1850">
     <span class='ocr_line' id='line_1_18' title="bbox 383 1755 2044 1850; baseline 0.005 -43"><span class='ocrx_word' id='word_1_110' title='bbox 383 1755 485 1850; x_wconf 67' lang='grc' dir='ltr'><strong>την</strong></span> <span class='ocrx_word' id='word_1_111' title='bbox 515 1756 773 1850; x_wconf 59' lang='grc' dir='ltr'><strong>ἱστορίανΔ</strong></span> <span class='ocrx_word' id='word_1_112' title='bbox 792 1756 905 1810; x_wconf 81' lang='grc' dir='ltr'><strong>τῶν</strong></span> <span class='ocrx_word' id='word_1_113' title='bbox 934 1758 1074 1812; x_wconf 81' lang='grc' dir='ltr'><strong>κατὰ</strong></span> <span class='ocrx_word' id='word_1_114' title='bbox 1108 1760 1228 1823; x_wconf 78' lang='grc' dir='ltr'><strong>τοὺς</strong></span> <span class='ocrx_word' id='word_1_115' title='bbox 1255 1760 1477 1832; x_wconf 88' lang='grc' dir='ltr'><strong>χρόνους</strong></span> <span class='ocrx_word' id='word_1_116' title='bbox 1505 1761 1602 1815; x_wconf 84' lang='grc' dir='ltr'><strong>τοῦ</strong></span> <span class='ocrx_word' id='word_1_117' title='bbox 1641 1761 1768 1818; x_wconf 79' lang='grc' dir='ltr'><strong>Νῶε</strong></span> <span class='ocrx_word' id='word_1_118' title='bbox 1808 1778 1971 1831; x_wconf 79' lang='grc' dir='ltr'><strong>γεγοο</strong></span> <span class='ocrx_word' id='word_1_119' title='bbox 2002 1795 2044 1850; x_wconf 72' lang='grc' dir='ltr'>Β</span> 
     </span>
    </p>
   </div>
   <div class='ocr_carea' id='block_1_19' title="bbox 390 1846 1968 1922">
    <p class='ocr_par' dir='ltr' id='par_1_19' title="bbox 390 1846 1968 1922">
     <span class='ocr_line' id='line_1_19' title="bbox 390 1846 1968 1922; baseline 0.004 -22"><span class='ocrx_word' id='word_1_120' title='bbox 390 1847 565 1900; x_wconf 84' lang='grc' dir='ltr'><strong>νότων</strong></span> <span class='ocrx_word' id='word_1_121' title='bbox 604 1846 926 1918; x_wconf 85' lang='grc' dir='ltr'><strong>ἀνθρώπων,</strong></span> <span class='ocrx_word' id='word_1_122' title='bbox 974 1851 1066 1904; x_wconf 82' lang='grc' dir='ltr'><strong>καὶ</strong></span> <span class='ocrx_word' id='word_1_123' title='bbox 1105 1852 1371 1922; x_wconf 70' lang='grc' dir='ltr'><strong>εἰρηκώς·</strong></span> <span class='ocrx_word' id='word_1_124' title='bbox 1418 1872 1437 1904; x_wconf 74' lang='grc' dir='ltr'><strong>ι</strong></span> <span class='ocrx_word' id='word_1_125' title='bbox 1471 1853 1721 1921; x_wconf 85' lang='grc' dir='ltr'><strong>Ἤσθιον,</strong></span> <span class='ocrx_word' id='word_1_126' title='bbox 1759 1853 1968 1916; x_wconf 65' lang='grc' dir='ltr'><strong>ἔπινον,</strong></span> 
     </span>
    </p>
   </div>
   <div class='ocr_carea' id='block_1_20' title="bbox 395 1937 1972 2020">
    <p class='ocr_par' dir='ltr' id='par_1_20' title="bbox 395 1937 1972 2020">
     <span class='ocr_line' id='line_1_20' title="bbox 395 1937 1972 2020; baseline 0.004 -29"><span class='ocrx_word' id='word_1_127' title='bbox 395 1937 654 2009; x_wconf 69' lang='grc' dir='ltr'><strong>ἐγάμουν,</strong></span> <span class='ocrx_word' id='word_1_128' title='bbox 681 1939 1013 2012; x_wconf 73' lang='grc' dir='ltr'><strong>ἐγαμίζοντο,</strong></span> <span class='ocrx_word' id='word_1_129' title='bbox 1041 1942 1146 2008; x_wconf 78' lang='grc' dir='ltr'><strong>ἕως</strong></span> <span class='ocrx_word' id='word_1_130' title='bbox 1173 1939 1339 2015; x_wconf 70' lang='grc' dir='ltr'><strong>ἦλθεν</strong></span> <span class='ocrx_word' id='word_1_131' title='bbox 1367 1948 1396 2000; x_wconf 84' lang='grc' dir='ltr'>ὁ</span> <span class='ocrx_word' id='word_1_132' title='bbox 1429 1945 1839 2020; x_wconf 69' lang='grc' dir='ltr'><strong>κατακλυσμὸς,</strong></span> <span class='ocrx_word' id='word_1_133' title='bbox 1875 1946 1972 1999; x_wconf 72' lang='grc' dir='ltr'><strong>καὶ</strong></span> 
     </span>
    </p>
   </div>
   <div class='ocr_carea' id='block_1_21' title="bbox 392 2026 1973 2112">
    <p class='ocr_par' dir='ltr' id='par_1_21' title="bbox 392 2026 1973 2112">
     <span class='ocr_line' id='line_1_21' title="bbox 392 2026 1973 2112; baseline 0.004 -29"><span class='ocrx_word' id='word_1_134' title='bbox 392 2026 524 2102; x_wconf 66' lang='grc' dir='ltr'><strong>Ιἦρεν</strong></span> <span class='ocrx_word' id='word_1_135' title='bbox 562 2030 822 2096; x_wconf 80' lang='grc' dir='ltr'><strong>ἅπαντας.</strong></span> <span class='ocrx_word' id='word_1_136' title='bbox 847 2051 866 2098; x_wconf 67' lang='grc' dir='ltr'><strong>ι</strong></span> <span class='ocrx_word' id='word_1_137' title='bbox 901 2035 1182 2106; x_wconf 72' lang='grc' dir='ltr'><strong>ἐπήγαγεν</strong></span> <span class='ocrx_word' id='word_1_138' title='bbox 1211 2038 1376 2104; x_wconf 78' lang='grc' dir='ltr'><strong>εὐθύς</strong></span> <span class='ocrx_word' id='word_1_139' title='bbox 1395 2056 1411 2073; x_wconf 78' lang='grc' dir='ltr'><strong>ο</strong></span> <span class='ocrx_word' id='word_1_140' title='bbox 1465 2057 1484 2092; x_wconf 81' lang='grc' dir='ltr'><strong>ι</strong></span> <span class='ocrx_word' id='word_1_141' title='bbox 1513 2041 1845 2112; x_wconf 80' lang='grc' dir='ltr'><strong>Γρηγορεῖτε</strong></span> <span class='ocrx_word' id='word_1_142' title='bbox 1875 2034 1973 2092; x_wconf 74' lang='grc' dir='ltr'><strong>οὖν</strong></span> 
     </span>
    </p>
   </div>
   <div class='ocr_carea' id='block_1_22' title="bbox 383 2123 1973 2204">
    <p class='ocr_par' dir='ltr' id='par_1_22' title="bbox 383 2123 1973 2204">
     <span class='ocr_line' id='line_1_22' title="bbox 383 2123 1973 2204; baseline 0.008 -29"><span class='ocrx_word' id='word_1_143' title='bbox 383 2123 472 2176; x_wconf 78' lang='grc' dir='ltr'><strong>καί</strong></span> <span class='ocrx_word' id='word_1_144' title='bbox 513 2123 691 2194; x_wconf 79' lang='grc' dir='ltr'><strong>ὑμεῖς.</strong></span> <span class='ocrx_word' id='word_1_145' title='bbox 731 2125 811 2180; x_wconf 85' lang='grc' dir='ltr'><strong>ὅτι</strong></span> <span class='ocrx_word' id='word_1_146' title='bbox 840 2127 944 2180; x_wconf 83' lang='grc' dir='ltr'><strong>οὐκ</strong></span> <span class='ocrx_word' id='word_1_147' title='bbox 981 2130 1162 2184; x_wconf 70' lang='grc' dir='ltr'><strong>οἴδατε</strong></span> <span class='ocrx_word' id='word_1_148' title='bbox 1196 2132 1333 2203; x_wconf 73' lang='grc' dir='ltr'><strong>ποίᾳ</strong></span> <span class='ocrx_word' id='word_1_149' title='bbox 1361 2132 1540 2204; x_wconf 73' lang='grc' dir='ltr'><strong>ὥρᾳ-ὁ</strong></span> <span class='ocrx_word' id='word_1_150' title='bbox 1568 2133 1774 2204; x_wconf 76' lang='grc' dir='ltr'><strong>Κύριος</strong></span> <span class='ocrx_word' id='word_1_151' title='bbox 1815 2132 1973 2203; x_wconf 82' lang='grc' dir='ltr'><strong>ὑιιιῶν</strong></span> 
     </span>
    </p>
   </div>
   <div class='ocr_carea' id='block_1_23' title="bbox 372 2205 1972 2293">
    <p class='ocr_par' dir='ltr' id='par_1_23' title="bbox 372 2205 1972 2293">
     <span class='ocr_line' id='line_1_23' title="bbox 372 2205 1972 2293; baseline 0.004 -27"><span class='ocrx_word' id='word_1_152' title='bbox 372 2209 593 2281; x_wconf 70' lang='grc' dir='ltr'><strong>ἔρχεται</strong></span> <span class='ocrx_word' id='word_1_153' title='bbox 615 2229 628 2242; x_wconf 90' lang='grc'>·</span> <span class='ocrx_word' id='word_1_154' title='bbox 659 2232 680 2265; x_wconf 75' lang='lat' dir='ltr'><strong>a</strong></span> <span class='ocrx_word' id='word_1_155' title='bbox 731 2215 828 2268; x_wconf 67' lang='grc' dir='ltr'><strong>καὶ</strong></span> <span class='ocrx_word' id='word_1_156' title='bbox 861 2205 1072 2270; x_wconf 71' lang='grc' dir='ltr'><strong>πάλιν·</strong></span> <span class='ocrx_word' id='word_1_157' title='bbox 1115 2238 1134 2272; x_wconf 77' lang='grc' dir='ltr'><strong>ι</strong></span> <span class='ocrx_word' id='word_1_158' title='bbox 1164 2213 1247 2292; x_wconf 75' lang='grc' dir='ltr'><strong>’ᾙ</strong></span> <span class='ocrx_word' id='word_1_159' title='bbox 1277 2221 1341 2274; x_wconf 82' lang='grc' dir='ltr'><strong>οὗ</strong></span> <span class='ocrx_word' id='word_1_160' title='bbox 1379 2221 1582 2274; x_wconf 86' lang='grc' dir='ltr'><strong>δοκεῖτε</strong></span> <span class='ocrx_word' id='word_1_161' title='bbox 1621 2221 1760 2293; x_wconf 74' lang='grc' dir='ltr'><strong>ὥρᾳ,</strong></span> <span class='ocrx_word' id='word_1_162' title='bbox 1784 2224 1814 2275; x_wconf 78' lang='grc' dir='ltr'>ὁ</span> <span class='ocrx_word' id='word_1_163' title='bbox 1844 2221 1972 2285; x_wconf 78' lang='grc' dir='ltr'><strong>Υίδς</strong></span> 
     </span>
    </p>
   </div>
   <div class='ocr_carea' id='block_1_24' title="bbox 373 2304 1973 2385">
    <p class='ocr_par' dir='ltr' id='par_1_24' title="bbox 373 2304 1973 2385">
     <span class='ocr_line' id='line_1_24' title="bbox 373 2304 1973 2385; baseline 0.007 -29"><span class='ocrx_word' id='word_1_164' title='bbox 373 2304 469 2357; x_wconf 83' lang='grc' dir='ltr'><strong>τοῦ</strong></span> <span class='ocrx_word' id='word_1_165' title='bbox 500 2305 794 2378; x_wconf 79' lang='grc' dir='ltr'><strong>ἀνθρώπου</strong></span> <span class='ocrx_word' id='word_1_166' title='bbox 824 2307 1068 2380; x_wconf 73' lang='grc' dir='ltr'><strong>ἔρχεται.</strong></span> <span class='ocrx_word' id='word_1_167' title='bbox 1091 2329 1114 2363; x_wconf 79' lang='lat' dir='ltr'><strong>s</strong></span> <span class='ocrx_word' id='word_1_168' title='bbox 1153 2312 1378 2382; x_wconf 75' lang='grc' dir='ltr'><strong>Ἐχρῆν,</strong></span> <span class='ocrx_word' id='word_1_169' title='bbox 1407 2312 1465 2368; x_wconf 78' lang='grc' dir='ltr'><strong>δὲ</strong></span> <span class='ocrx_word' id='word_1_170' title='bbox 1492 2313 1648 2385; x_wconf 76' lang='grc' dir='ltr'><strong>εἴπερ</strong></span> <span class='ocrx_word' id='word_1_171' title='bbox 1664 2314 1826 2376; x_wconf 70' lang='grc' dir='ltr'><strong>αὐτὸς</strong></span> <span class='ocrx_word' id='word_1_172' title='bbox 1850 2309 1917 2383; x_wconf 71' lang='grc' dir='ltr'><strong>ἦν</strong></span> <span class='ocrx_word' id='word_1_173' title='bbox 1945 2314 1973 2367; x_wconf 82' lang='grc' dir='ltr'>ὁ</span> 
     </span>
    </p>
   </div>
   <div class='ocr_carea' id='block_1_25' title="bbox 379 2395 1970 2480">
    <p class='ocr_par' dir='ltr' id='par_1_25' title="bbox 379 2395 1970 2480">
     <span class='ocr_line' id='line_1_25' title="bbox 379 2395 1970 2480; baseline 0.006 -33"><span class='ocrx_word' id='word_1_174' title='bbox 379 2395 621 2462; x_wconf 79' lang='grc' dir='ltr'><strong>ἀγνοῶν,</strong></span> <span class='ocrx_word' id='word_1_175' title='bbox 683 2398 822 2452; x_wconf 85' lang='grc' dir='ltr'><strong>καθδ</strong></span> <span class='ocrx_word' id='word_1_176' title='bbox 875 2399 1050 2480; x_wconf 84' lang='grc' dir='ltr'><strong>Λόγος</strong></span> <span class='ocrx_word' id='word_1_177' title='bbox 1095 2402 1288 2469; x_wconf 59' lang='grc' dir='ltr'><strong>ἐστὶν,</strong></span> <span class='ocrx_word' id='word_1_178' title='bbox 1313 2404 1489 2456; x_wconf 67' lang='grc' dir='ltr'><strong>ἐκεῖνο</strong></span> <span class='ocrx_word' id='word_1_179' title='bbox 1521 2404 1720 2471; x_wconf 77' lang='grc' dir='ltr'><strong>μᾶλλον</strong></span> <span class='ocrx_word' id='word_1_180' title='bbox 1771 2405 1970 2459; x_wconf 83' lang='grc' dir='ltr'><strong>εἰπεῖν·</strong></span> 
     </span>
    </p>
   </div>
   <div class='ocr_carea' id='block_1_26' title="bbox 381 2481 1974 2567">
    <p class='ocr_par' dir='ltr' id='par_1_26' title="bbox 381 2481 1974 2567">
     <span class='ocr_line' id='line_1_26' title="bbox 381 2481 1974 2567; baseline 0.007 -29"><span class='ocrx_word' id='word_1_181' title='bbox 381 2481 657 2540; x_wconf 75' lang='grc' dir='ltr'><strong>οὐκ-οῖδα</strong></span> <span class='ocrx_word' id='word_1_182' title='bbox 691 2487 824 2559; x_wconf 81' lang='grc' dir='ltr'><strong>ποίᾳ</strong></span> <span class='ocrx_word' id='word_1_183' title='bbox 859 2489 1046 2562; x_wconf 76' lang='grc' dir='ltr'><strong>ἡμέρᾳ</strong></span> <span class='ocrx_word' id='word_1_184' title='bbox 1077 2491 1336 2562; x_wconf 83' lang='grc' dir='ltr'><strong>ἔρχομαι,</strong></span> <span class='ocrx_word' id='word_1_185' title='bbox 1386 2494 1480 2546; x_wconf 84' lang='grc' dir='ltr'><strong>καὶ</strong></span> <span class='ocrx_word' id='word_1_186' title='bbox 1587 2495 1648 2548; x_wconf 81' lang='grc' dir='ltr'><strong>οὐ</strong></span> <span class='ocrx_word' id='word_1_187' title='bbox 1681 2493 1820 2548; x_wconf 87' lang='grc' dir='ltr'><strong>δοκῶ</strong></span> <span class='ocrx_word' id='word_1_188' title='bbox 1859 2494 1974 2567; x_wconf 73' lang='grc' dir='ltr'><strong>ὥρᾳ</strong></span> 
     </span>
    </p>
   </div>
   <div class='ocr_carea' id='block_1_27' title="bbox 375 2575 1972 2656">
    <p class='ocr_par' dir='ltr' id='par_1_27' title="bbox 375 2575 1972 2656">
     <span class='ocr_line' id='line_1_27' title="bbox 375 2575 1972 2656; baseline 0.008 -30"><span class='ocrx_word' id='word_1_189' title='bbox 375 2575 808 2647; x_wconf 81' lang='grc' dir='ltr'><strong>πεμφθὴσομαι.</strong></span> <span class='ocrx_word' id='word_1_190' title='bbox 867 2579 1087 2652; x_wconf 70' lang='grc' dir='ltr'><strong>Ἐπειδὴ</strong></span> <span class='ocrx_word' id='word_1_191' title='bbox 1131 2582 1188 2636; x_wconf 83' lang='grc' dir='ltr'><strong>δὲ</strong></span> <span class='ocrx_word' id='word_1_192' title='bbox 1225 2586 1338 2648; x_wconf 78' lang='grc' dir='ltr'><strong>τοῖς</strong></span> <span class='ocrx_word' id='word_1_193' title='bbox 1381 2584 1775 2656; x_wconf 81' lang='grc' dir='ltr'><strong>ἀκροωμένοις,</strong></span> <span class='ocrx_word' id='word_1_194' title='bbox 1807 2585 1866 2638; x_wconf 83' lang='grc' dir='ltr'><strong>τὸ</strong></span> <span class='ocrx_word' id='word_1_195' title='bbox 1896 2585 1972 2656; x_wconf 80' lang='grc' dir='ltr'><strong>μὴ</strong></span> 
     </span>
    </p>
   </div>
   <div class='ocr_carea' id='block_1_28' title="bbox 372 2666 1972 2748">
    <p class='ocr_par' dir='ltr' id='par_1_28' title="bbox 372 2666 1972 2748">
     <span class='ocr_line' id='line_1_28' title="bbox 372 2666 1972 2748; baseline 0.008 -29"><span class='ocrx_word' id='word_1_196' title='bbox 372 2666 575 2722; x_wconf 87' lang='grc' dir='ltr'><strong>εἰδέναι</strong></span> <span class='ocrx_word' id='word_1_197' title='bbox 597 2668 694 2722; x_wconf 85' lang='grc' dir='ltr'><strong>τὸν</strong></span> <span class='ocrx_word' id='word_1_198' title='bbox 729 2671 930 2742; x_wconf 80' lang='grc' dir='ltr'><strong>καιρὸν</strong></span> <span class='ocrx_word' id='word_1_199' title='bbox 960 2673 991 2743; x_wconf 72' lang='grc' dir='ltr'><strong>ἢ</strong></span> <span class='ocrx_word' id='word_1_200' title='bbox 1024 2669 1120 2742; x_wconf 81' lang='grc' dir='ltr'><strong>τὴν</strong></span> <span class='ocrx_word' id='word_1_201' title='bbox 1153 2675 1372 2748; x_wconf 75' lang='grc' dir='ltr'><strong>ἡμέραν</strong></span> <span class='ocrx_word' id='word_1_202' title='bbox 1397 2677 1496 2746; x_wconf 84' lang='grc' dir='ltr'><strong>τῆς</strong></span> <span class='ocrx_word' id='word_1_203' title='bbox 1537 2677 1840 2747; x_wconf 72' lang='grc' dir='ltr'><strong>παρουσίας</strong></span> <span class='ocrx_word' id='word_1_204' title='bbox 1873 2679 1972 2733; x_wconf 79' lang='grc' dir='ltr'><strong>αὑ-</strong></span> 
     </span>
    </p>
   </div>
   <div class='ocr_carea' id='block_1_29' title="bbox 372 2756 1972 2838">
    <p class='ocr_par' dir='ltr' id='par_1_29' title="bbox 372 2756 1972 2838">
     <span class='ocr_line' id='line_1_29' title="bbox 372 2756 1972 2838; baseline 0.008 -28"><span class='ocrx_word' id='word_1_205' title='bbox 372 2756 466 2811; x_wconf 81' lang='grc' dir='ltr'><strong>τοῦ</strong></span> <span class='ocrx_word' id='word_1_206' title='bbox 509 2759 890 2830; x_wconf 79' lang='grc' dir='ltr'><strong>περιτέθεικε,</strong></span> <span class='ocrx_word' id='word_1_207' title='bbox 937 2763 1099 2833; x_wconf 83' lang='grc' dir='ltr'><strong>δῆλός</strong></span> <span class='ocrx_word' id='word_1_208' title='bbox 1149 2766 1302 2824; x_wconf 77' lang='grc' dir='ltr'><strong>ἐστιν</strong></span> <span class='ocrx_word' id='word_1_209' title='bbox 1344 2766 1505 2830; x_wconf 76' lang='grc' dir='ltr'><strong>αὐτὸς</strong></span> <span class='ocrx_word' id='word_1_210' title='bbox 1554 2767 1660 2838; x_wconf 69' lang='grc' dir='ltr'><strong>μὲν,</strong></span> <span class='ocrx_word' id='word_1_211' title='bbox 1693 2768 1851 2834; x_wconf 81' lang='grc' dir='ltr'><strong>εἰδὼς</strong></span> <span class='ocrx_word' id='word_1_212' title='bbox 1895 2770 1972 2834; x_wconf 84' lang='grc' dir='ltr'><strong>ὡς</strong></span> 
     </span>
    </p>
   </div>
   <div class='ocr_carea' id='block_1_30' title="bbox 374 2839 1972 2927">
    <p class='ocr_par' dir='ltr' id='par_1_30' title="bbox 374 2839 1972 2927">
     <span class='ocr_line' id='line_1_30' title="bbox 374 2839 1972 2927; baseline 0.009 -29"><span class='ocrx_word' id='word_1_213' title='bbox 374 2845 563 2915; x_wconf 84' lang='grc' dir='ltr'><strong>Λόγος.</strong></span> <span class='ocrx_word' id='word_1_214' title='bbox 602 2849 845 2916; x_wconf 84' lang='grc' dir='ltr'><strong>’Λγνοεῖν</strong></span> <span class='ocrx_word' id='word_1_215' title='bbox 886 2850 946 2903; x_wconf 74' lang='grc' dir='ltr'><strong>δὲ</strong></span> <span class='ocrx_word' id='word_1_216' title='bbox 978 2851 1173 2919; x_wconf 83' lang='grc' dir='ltr'><strong>λέγων,</strong></span> <span class='ocrx_word' id='word_1_217' title='bbox 1207 2853 1352 2914; x_wconf 82' lang='grc' dir='ltr'><strong>καθὸ</strong></span> <span class='ocrx_word' id='word_1_218' title='bbox 1375 2855 1482 2916; x_wconf 81' lang='grc' dir='ltr'><strong>τῶν</strong></span> <span class='ocrx_word' id='word_1_219' title='bbox 1525 2839 1745 2925; x_wconf 70' lang='grc' dir='ltr'><strong>ἀγνοεῖν</strong></span> <span class='ocrx_word' id='word_1_220' title='bbox 1795 2876 1972 2927; x_wconf 75' lang='grc' dir='ltr'><strong>πεφυ-</strong></span> 
     </span>
    </p>
   </div>
   <div class='ocr_carea' id='block_1_31' title="bbox 381 2936 1986 3017">
    <p class='ocr_par' dir='ltr' id='par_1_31' title="bbox 381 2936 1986 3017">
     <span class='ocr_line' id='line_1_31' title="bbox 381 2936 1986 3017; baseline 0.009 -29"><span class='ocrx_word' id='word_1_221' title='bbox 381 2936 578 3002; x_wconf 85' lang='grc' dir='ltr'><strong>κότων,</strong></span> <span class='ocrx_word' id='word_1_222' title='bbox 637 2939 897 3010; x_wconf 58' lang='grc' dir='ltr'><strong>δηλονότι</strong></span> <span class='ocrx_word' id='word_1_223' title='bbox 948 2942 1280 3016; x_wconf 75' lang='grc' dir='ltr'><strong>ἀνθρώπιον,</strong></span> <span class='ocrx_word' id='word_1_224' title='bbox 1331 2945 1432 3017; x_wconf 76' lang='grc' dir='ltr'><strong>τὴν</strong></span> <span class='ocrx_word' id='word_1_225' title='bbox 1482 2947 1740 3017; x_wconf 78' lang='grc' dir='ltr'><strong>ὁμοίωσιν</strong></span> <span class='ocrx_word' id='word_1_226' title='bbox 1787 2949 1986 3005; x_wconf 59' lang='grc' dir='ltr'><strong>ὲνεδύι</strong></span> 
     </span>
    </p>
   </div>
   <div class='ocr_carea' id='block_1_32' title="bbox 393 3047 543 3084">
    <p class='ocr_par' dir='ltr' id='par_1_32' title="bbox 393 3047 543 3084">
     <span class='ocr_line' id='line_1_32' title="bbox 393 3047 543 3084; baseline 0.013 -2"><span class='ocrx_word' id='word_1_227' title='bbox 393 3047 543 3084; x_wconf 77' lang='grc' dir='ltr'><strong>σατο.</strong></span> 
     </span>
    </p>
   </div>
   <div class='ocr_carea' id='block_1_33' title="bbox 1066 3148 1298 3203">
    <p class='ocr_par' dir='ltr' id='par_1_33' title="bbox 1066 3148 1298 3203">
     <span class='ocr_line' id='line_1_33' title="bbox 1066 3148 1298 3203; baseline -0.013 -2"><span class='ocrx_word' id='word_1_228' title='bbox 1066 3148 1273 3203; x_wconf 73' lang='grc' dir='ltr'><strong>ΑΛΛΟ.</strong></span> <span class='ocrx_word' id='word_1_229' title='bbox 1295 3195 1298 3198; x_wconf 83' lang='lat'><strong>.</strong></span> 
     </span>
    </p>
   </div>
   <div class='ocr_carea' id='block_1_34' title="bbox 400 3344 1969 3434">
    <p class='ocr_par' dir='ltr' id='par_1_34' title="bbox 400 3344 1969 3434">
     <span class='ocr_line' id='line_1_34' title="bbox 400 3344 1969 3434; baseline 0.013 -37"><span class='ocrx_word' id='word_1_230' title='bbox 400 3344 645 3413; x_wconf 71' lang='grc' dir='ltr'><strong>βούλεται</strong></span> <span class='ocrx_word' id='word_1_231' title='bbox 671 3349 766 3418; x_wconf 77' lang='grc' dir='ltr'><strong>τῆς</strong></span> <span class='ocrx_word' id='word_1_232' title='bbox 795 3349 1041 3421; x_wconf 78' lang='grc' dir='ltr'><strong>δευτέρας</strong></span> <span class='ocrx_word' id='word_1_233' title='bbox 1091 3352 1259 3408; x_wconf 79' lang='grc' dir='ltr'><strong>αὐτοῦ</strong></span> <span class='ocrx_word' id='word_1_234' title='bbox 1305 3359 1605 3428; x_wconf 63' lang='grc' dir='ltr'><strong>παρουσίας</strong></span> <span class='ocrx_word' id='word_1_235' title='bbox 1625 3361 1718 3414; x_wconf 85' lang='grc' dir='ltr'><strong>τὸν</strong></span> <span class='ocrx_word' id='word_1_236' title='bbox 1745 3363 1936 3434; x_wconf 75' lang='grc' dir='ltr'><strong>καιρὸν</strong></span> <span class='ocrx_word' id='word_1_237' title='bbox 1953 3402 1969 3427; x_wconf 86' lang='grc'><strong>,</strong></span> 
     </span>
    </p>
   </div>
   <div class='ocr_carea' id='block_1_35' title="bbox 394 3436 1971 3518">
    <p class='ocr_par' dir='ltr' id='par_1_35' title="bbox 394 3436 1971 3518">
     <span class='ocr_line' id='line_1_35' title="bbox 394 3436 1971 3518; baseline 0.011 -29"><span class='ocrx_word' id='word_1_238' title='bbox 394 3437 482 3490; x_wconf 80' lang='grc' dir='ltr'><strong>ὅτε</strong></span> <span class='ocrx_word' id='word_1_239' title='bbox 507 3436 704 3509; x_wconf 75' lang='grc' dir='ltr'><strong>κρίνων</strong></span> <span class='ocrx_word' id='word_1_240' title='bbox 736 3438 1008 3496; x_wconf 77' lang='grc' dir='ltr'><strong>ἐλεύσεται</strong></span> <span class='ocrx_word' id='word_1_241' title='bbox 1056 3444 1157 3514; x_wconf 79' lang='grc' dir='ltr'><strong>τὴν</strong></span> <span class='ocrx_word' id='word_1_242' title='bbox 1199 3445 1553 3518; x_wconf 67' lang='grc' dir='ltr'><strong>οἰκουμένην,</strong></span> <span class='ocrx_word' id='word_1_243' title='bbox 1615 3450 1866 3517; x_wconf 84' lang='grc' dir='ltr'><strong>φαίνεται</strong></span> <span class='ocrx_word' id='word_1_244' title='bbox 1913 3452 1971 3506; x_wconf 81' lang='grc' dir='ltr'><strong>δὲ</strong></span> 
     </span>
    </p>
   </div>
   <div class='ocr_carea' id='block_1_36' title="bbox 387 3529 1972 3617">
    <p class='ocr_par' dir='ltr' id='par_1_36' title="bbox 387 3529 1972 3617">
     <span class='ocr_line' id='line_1_36' title="bbox 387 3529 1972 3617; baseline 0.011 -35"><span class='ocrx_word' id='word_1_245' title='bbox 387 3529 480 3582; x_wconf 88' lang='grc' dir='ltr'><strong>τοῦ</strong></span> <span class='ocrx_word' id='word_1_246' title='bbox 510 3531 887 3604; x_wconf 77' lang='grc' dir='ltr'><strong>κατακλυσμοῦ</strong></span> <span class='ocrx_word' id='word_1_247' title='bbox 937 3534 1044 3606; x_wconf 78' lang='grc' dir='ltr'><strong>τὴν</strong></span> <span class='ocrx_word' id='word_1_248' title='bbox 1079 3535 1299 3608; x_wconf 73' lang='grc' dir='ltr'><strong>ἡμέραν</strong></span> <span class='ocrx_word' id='word_1_249' title='bbox 1355 3539 1458 3594; x_wconf 81' lang='grc' dir='ltr'><strong>οὐκ</strong></span> <span class='ocrx_word' id='word_1_250' title='bbox 1487 3541 1765 3613; x_wconf 78' lang='grc' dir='ltr'><strong>ἀγνοήσας</strong></span> <span class='ocrx_word' id='word_1_251' title='bbox 1810 3545 1972 3617; x_wconf 77' lang='grc' dir='ltr'><strong>(οὕτω</strong></span> 
     </span>
    </p>
   </div>
   <div class='ocr_carea' id='block_1_37' title="bbox 385 3620 1970 3704">
    <p class='ocr_par' dir='ltr' id='par_1_37' title="bbox 385 3620 1970 3704">
     <span class='ocr_line' id='line_1_37' title="bbox 385 3620 1970 3704; baseline 0.011 -30"><span class='ocrx_word' id='word_1_252' title='bbox 385 3620 489 3694; x_wconf 87' lang='grc' dir='ltr'><strong>γάρ</strong></span> <span class='ocrx_word' id='word_1_253' title='bbox 515 3621 683 3692; x_wconf 68' lang='grc' dir='ltr'><strong>ἔφησε</strong></span> <span class='ocrx_word' id='word_1_254' title='bbox 713 3624 788 3695; x_wconf 86' lang='grc' dir='ltr'><strong>τῷ</strong></span> <span class='ocrx_word' id='word_1_255' title='bbox 809 3625 956 3679; x_wconf 69' lang='grc' dir='ltr'><strong>Νῶει</strong></span> <span class='ocrx_word' id='word_1_256' title='bbox 987 3646 1007 3678; x_wconf 76' lang='grc' dir='ltr'><strong>ι</strong></span> <span class='ocrx_word' id='word_1_257' title='bbox 1036 3628 1280 3695; x_wconf 74' lang='grc' dir='ltr'><strong>Εἴσελθε,</strong></span> <span class='ocrx_word' id='word_1_258' title='bbox 1317 3632 1381 3686; x_wconf 79' lang='grc' dir='ltr'><strong>σὺ</strong></span> <span class='ocrx_word' id='word_1_259' title='bbox 1412 3632 1506 3686; x_wconf 72' lang='grc' dir='ltr'><strong>καὶ</strong></span> <span class='ocrx_word' id='word_1_260' title='bbox 1533 3635 1582 3687; x_wconf 90' lang='grc' dir='ltr'><strong>οί</strong></span> <span class='ocrx_word' id='word_1_261' title='bbox 1605 3636 1718 3689; x_wconf 84' lang='grc' dir='ltr'><strong>υίοί</strong></span> <span class='ocrx_word' id='word_1_262' title='bbox 1739 3653 1855 3702; x_wconf 93' lang='grc' dir='ltr'><strong>σου,</strong></span> <span class='ocrx_word' id='word_1_263' title='bbox 1889 3639 1970 3704; x_wconf 80' lang='grc' dir='ltr'><strong>εἰς</strong></span> 
     </span>
    </p>
   </div>
   <div class='ocr_carea' id='block_1_38' title="bbox 380 3714 1971 3799">
    <p class='ocr_par' dir='ltr' id='par_1_38' title="bbox 380 3714 1971 3799">
     <span class='ocr_line' id='line_1_38' title="bbox 380 3714 1971 3799; baseline 0.012 -34"><span class='ocrx_word' id='word_1_264' title='bbox 380 3714 476 3786; x_wconf 76' lang='grc' dir='ltr'><strong>τὴν</strong></span> <span class='ocrx_word' id='word_1_265' title='bbox 523 3714 788 3770; x_wconf 73' lang='grc' dir='ltr'><strong>κιϐωτόψ</strong></span> <span class='ocrx_word' id='word_1_266' title='bbox 841 3717 925 3771; x_wconf 81' lang='grc' dir='ltr'><strong>ἔτι</strong></span> <span class='ocrx_word' id='word_1_267' title='bbox 976 3719 1086 3790; x_wconf 83' lang='grc' dir='ltr'><strong>γὰρ</strong></span> <span class='ocrx_word' id='word_1_268' title='bbox 1136 3720 1361 3792; x_wconf 74' lang='grc' dir='ltr'><strong>ἡμερῶν</strong></span> <span class='ocrx_word' id='word_1_269' title='bbox 1397 3724 1570 3790; x_wconf 76' lang='grc' dir='ltr'><strong>ἑπτὰ,</strong></span> <span class='ocrx_word' id='word_1_270' title='bbox 1619 3726 1732 3795; x_wconf 64' lang='grc' dir='ltr'><strong>ἐγὼ</strong></span> <span class='ocrx_word' id='word_1_271' title='bbox 1778 3729 1971 3799; x_wconf 68' lang='grc' dir='ltr'><strong>ἐπάγω</strong></span> 
     </span>
    </p>
   </div>
   <div class='ocr_carea' id='block_1_39' title="bbox 378 3804 1970 3888">
    <p class='ocr_par' dir='ltr' id='par_1_39' title="bbox 378 3804 1970 3888">
     <span class='ocr_line' id='line_1_39' title="bbox 378 3804 1970 3888; baseline 0.009 -32"><span class='ocrx_word' id='word_1_272' title='bbox 378 3805 534 3858; x_wconf 76' lang='grc' dir='ltr'><strong>ὑετὸν</strong></span> <span class='ocrx_word' id='word_1_273' title='bbox 555 3807 645 3858; x_wconf 68' lang='grc' dir='ltr'><strong>ἐπὶ</strong></span> <span class='ocrx_word' id='word_1_274' title='bbox 675 3806 772 3877; x_wconf 78' lang='grc' dir='ltr'><strong>τὴν</strong></span> <span class='ocrx_word' id='word_1_275' title='bbox 801 3808 950 3879; x_wconf 83' lang='grc' dir='ltr'><strong>γῆν)·</strong></span> <span class='ocrx_word' id='word_1_276' title='bbox 977 3827 996 3860; x_wconf 73' lang='grc' dir='ltr'><strong>ι</strong></span> <span class='ocrx_word' id='word_1_277' title='bbox 1029 3804 1169 3863; x_wconf 75' lang='grc' dir='ltr'><strong>οἶδεν</strong></span> <span class='ocrx_word' id='word_1_278' title='bbox 1195 3810 1305 3881; x_wconf 88' lang='grc' dir='ltr'><strong>ἀρα</strong></span> <span class='ocrx_word' id='word_1_279' title='bbox 1333 3812 1433 3882; x_wconf 79' lang='grc' dir='ltr'><strong>τῆς</strong></span> <span class='ocrx_word' id='word_1_280' title='bbox 1451 3813 1644 3868; x_wconf 74' lang='grc' dir='ltr'><strong>ἑαυτοῦ</strong></span> <span class='ocrx_word' id='word_1_281' title='bbox 1667 3818 1970 3888; x_wconf 82' lang='grc' dir='ltr'><strong>παρουσίας</strong></span> 
     </span>
    </p>
   </div>
   <div class='ocr_carea' id='block_1_40' title="bbox 378 3897 1966 3980">
    <p class='ocr_par' dir='ltr' id='par_1_40' title="bbox 378 3897 1966 3980">
     <span class='ocr_line' id='line_1_40' title="bbox 378 3897 1966 3980; baseline 0.008 -31"><span class='ocrx_word' id='word_1_282' title='bbox 378 3897 482 3967; x_wconf 84' lang='grc' dir='ltr'><strong>τήν</strong></span> <span class='ocrx_word' id='word_1_283' title='bbox 503 3914 564 3950; x_wconf 87' lang='grc' dir='ltr'><strong>τε</strong></span> <span class='ocrx_word' id='word_1_284' title='bbox 592 3898 740 3969; x_wconf 84' lang='grc' dir='ltr'><strong>ὥραν</strong></span> <span class='ocrx_word' id='word_1_285' title='bbox 764 3900 858 3953; x_wconf 71' lang='grc' dir='ltr'><strong>καὶ</strong></span> <span class='ocrx_word' id='word_1_286' title='bbox 879 3901 980 3972; x_wconf 76' lang='grc' dir='ltr'><strong>τὴν</strong></span> <span class='ocrx_word' id='word_1_287' title='bbox 1003 3901 1242 3973; x_wconf 80' lang='grc' dir='ltr'><strong>ἡμέραν,</strong></span> <span class='ocrx_word' id='word_1_288' title='bbox 1272 3903 1357 3956; x_wconf 79' lang='grc' dir='ltr'><strong>ἵνα</strong></span> <span class='ocrx_word' id='word_1_289' title='bbox 1379 3902 1616 3976; x_wconf 79' lang='grc' dir='ltr'><strong>σώζηται</strong></span> <span class='ocrx_word' id='word_1_290' title='bbox 1644 3907 1754 3961; x_wconf 82' lang='grc' dir='ltr'><strong>τῶν</strong></span> <span class='ocrx_word' id='word_1_291' title='bbox 1787 3923 1966 3980; x_wconf 82' lang='grc' dir='ltr'><strong>πραγ-</strong></span> 
     </span>
    </p>
   </div>
   <div class='ocr_carea' id='block_1_41' title="bbox 379 3990 1986 4070">
    <p class='ocr_par' dir='ltr' id='par_1_41' title="bbox 379 3990 1986 4070">
     <span class='ocr_line' id='line_1_41' title="bbox 379 3990 1986 4070; baseline 0.007 -28"><span class='ocrx_word' id='word_1_292' title='bbox 379 3990 572 4059; x_wconf 84' lang='grc' dir='ltr'><strong>μάτων</strong></span> <span class='ocrx_word' id='word_1_293' title='bbox 603 3992 654 4061; x_wconf 51' lang='grc' dir='ltr'><strong>η,</strong></span> <span class='ocrx_word' id='word_1_294' title='bbox 673 3991 1076 4065; x_wconf 73' lang='grc' dir='ltr'><strong>όμοιότης,καὶ</strong></span> <span class='ocrx_word' id='word_1_295' title='bbox 1122 3995 1155 4064; x_wconf 82' lang='grc' dir='ltr'>ἡ</span> <span class='ocrx_word' id='word_1_296' title='bbox 1180 3995 1239 4048; x_wconf 73' lang='grc' dir='ltr'><strong>ὲν</strong></span> <span class='ocrx_word' id='word_1_297' title='bbox 1272 3995 1501 4062; x_wconf 80' lang='grc' dir='ltr'><strong>ἐκείνοις</strong></span> <span class='ocrx_word' id='word_1_298' title='bbox 1544 3996 1732 4066; x_wconf 81' lang='grc' dir='ltr'><strong>εἰκὼν,</strong></span> <span class='ocrx_word' id='word_1_299' title='bbox 1761 3999 1986 4070; x_wconf 78' lang='grc' dir='ltr'><strong>ταύτην.</strong></span> 
     </span>
    </p>
   </div>
   <div class='ocr_carea' id='block_1_42' title="bbox 376 4083 643 4156">
    <p class='ocr_par' dir='ltr' id='par_1_42' title="bbox 376 4083 643 4156">
     <span class='ocr_line' id='line_1_42' title="bbox 376 4083 643 4156; baseline 0.019 -22"><span class='ocrx_word' id='word_1_300' title='bbox 376 4099 442 4153; x_wconf 83' lang='grc' dir='ltr'><strong>ση</strong></span> <span class='ocrx_word' id='word_1_301' title='bbox 451 4083 643 4156; x_wconf 57' lang='grc' dir='ltr'><strong>μαίνῃ,</strong></span> 
     </span>
    </p>
   </div>
   <div class='ocr_carea' id='block_1_43' title="bbox 375 4194 1970 4269">
    <p class='ocr_par' dir='ltr' id='par_1_43' title="bbox 375 4194 1970 4269">
     <span class='ocr_line' id='line_1_43' title="bbox 375 4194 1970 4269; baseline 0.006 -23"><span class='ocrx_word' id='word_1_302' title='bbox 375 4194 582 4269; x_wconf 55' lang='grc' dir='ltr'><strong>ᾹΛᾼΟ,</strong></span> <span class='ocrx_word' id='word_1_303' title='bbox 612 4194 702 4269; x_wconf 60' lang='grc' dir='ltr'><strong>ἔτι</strong></span> <span class='ocrx_word' id='word_1_304' title='bbox 729 4197 819 4269; x_wconf 75' lang='grc' dir='ltr'><strong>είς</strong></span> <span class='ocrx_word' id='word_1_305' title='bbox 853 4195 918 4249; x_wconf 83' lang='grc' dir='ltr'><strong>τὸ</strong></span> <span class='ocrx_word' id='word_1_306' title='bbox 1152 4199 1348 4269; x_wconf 68' lang='lat' dir='ltr'><strong>s-ﬂepl</strong></span> <span class='ocrx_word' id='word_1_307' title='bbox 1383 4198 1451 4252; x_wconf 81' lang='grc' dir='ltr'><strong>δὲ</strong></span> <span class='ocrx_word' id='word_1_308' title='bbox 1476 4199 1586 4267; x_wconf 81' lang='grc' dir='ltr'><strong>τῆς</strong></span> <span class='ocrx_word' id='word_1_309' title='bbox 1624 4201 1850 4269; x_wconf 80' lang='grc' dir='ltr'><strong>ἡμέρας</strong></span> <span class='ocrx_word' id='word_1_310' title='bbox 1869 4203 1970 4256; x_wconf 71' lang='grc' dir='ltr'><strong>καί</strong></span> 
     </span>
    </p>
   </div>
   <div class='ocr_carea' id='block_1_44' title="bbox 451 4262 1970 4344">
    <p class='ocr_par' dir='ltr' id='par_1_44' title="bbox 451 4262 1970 4344">
     <span class='ocr_line' id='line_1_44' title="bbox 451 4262 1970 4344; baseline 0.002 -21"><span class='ocrx_word' id='word_1_311' title='bbox 451 4262 610 4344; x_wconf 71' lang='grc' dir='ltr'><strong>ὧρας</strong></span> <span class='ocrx_word' id='word_1_312' title='bbox 629 4264 1124 4344; x_wconf 42' lang='grc' dir='ltr'><strong>ἐμείνηςριοιῦδείς</strong></span> <span class='ocrx_word' id='word_1_313' title='bbox 1151 4262 1332 4344; x_wconf 57' lang='grc' dir='ltr'><strong>οἷδξὶκ</strong></span> <span class='ocrx_word' id='word_1_314' title='bbox 1350 4270 1495 4344; x_wconf 36' lang='grc' dir='ltr'><strong>,οὔτε</strong></span> <span class='ocrx_word' id='word_1_315' title='bbox 1515 4262 1574 4323; x_wconf 76' lang='grc' dir='ltr'><strong>ὀί</strong></span> <span class='ocrx_word' id='word_1_316' title='bbox 1584 4262 1970 4344; x_wconf 36' lang='grc' dir='ltr'><strong>ἇγῆεεᾷοί-τῶν</strong></span> 
     </span>
    </p>
   </div>
   <div class='ocr_carea' id='block_1_45' title="bbox 446 4335 1962 4412">
    <p class='ocr_par' dir='ltr' id='par_1_45' title="bbox 446 4335 1962 4412">
     <span class='ocr_line' id='line_1_45' title="bbox 446 4335 1962 4412; baseline 0.005 -25"><span class='ocrx_word' id='word_1_317' title='bbox 446 4335 747 4402; x_wconf 77' lang='grc' dir='ltr'><strong>οὐρανῶν,</strong></span> <span class='ocrx_word' id='word_1_318' title='bbox 777 4335 922 4390; x_wconf 79' lang='grc' dir='ltr'><strong>οὐδὲ</strong></span> <span class='ocrx_word' id='word_1_319' title='bbox 948 4339 980 4390; x_wconf 85' lang='grc' dir='ltr'><em>ὁ</em></span> <span class='ocrx_word' id='word_1_320' title='bbox 1013 4337 1166 4406; x_wconf 73' lang='grc' dir='ltr'><strong>Υἱὸς,</strong></span> <span class='ocrx_word' id='word_1_321' title='bbox 1222 4341 1275 4392; x_wconf 82' lang='grc' dir='ltr'><strong>εί</strong></span> <span class='ocrx_word' id='word_1_322' title='bbox 1289 4339 1377 4409; x_wconf 78' lang='grc' dir='ltr'><strong>μὴ</strong></span> <span class='ocrx_word' id='word_1_323' title='bbox 1395 4340 1586 4410; x_wconf 80' lang='grc' dir='ltr'><strong>μόνος</strong></span> <span class='ocrx_word' id='word_1_324' title='bbox 1624 4335 1910 4412; x_wconf 73' lang='grc' dir='ltr'><strong>δ’Πατήρ.</strong></span> <span class='ocrx_word' id='word_1_325' title='bbox 1942 4362 1962 4394; x_wconf 71' lang='grc' dir='ltr'><strong>ι</strong></span> 
     </span>
    </p>
   </div>
   <div class='ocr_carea' id='block_1_46' title="bbox 1996 3136 2068 3194">
    <p class='ocr_par' dir='ltr' id='par_1_46' title="bbox 1996 3136 2068 3194">
     <span class='ocr_line' id='line_1_46' title="bbox 1996 3136 2068 3194; baseline -0.111 0"><span class='ocrx_word' id='word_1_326' title='bbox 1996 3136 2044 3194; x_wconf 76' lang='grc' dir='ltr'>ϐ</span> <span class='ocrx_word' id='word_1_327' title='bbox 2065 3183 2068 3186; x_wconf 82' lang='lat'><strong>.</strong></span> 
     </span>
    </p>
   </div>
   <div class='ocr_carea' id='block_1_47' title="bbox 472 3255 2004 3342">
    <p class='ocr_par' dir='ltr' id='par_1_47' title="bbox 472 3255 2004 3342">
     <span class='ocr_line' id='line_1_47' title="bbox 472 3255 2004 3342; baseline 0.014 -36"><span class='ocrx_word' id='word_1_328' title='bbox 472 3255 535 3307; x_wconf 78' lang='grc' dir='ltr'>Εἰ</span> <span class='ocrx_word' id='word_1_329' title='bbox 562 3255 623 3308; x_wconf 80' lang='grc' dir='ltr'><strong>ὲκ</strong></span> <span class='ocrx_word' id='word_1_330' title='bbox 650 3257 745 3326; x_wconf 80' lang='grc' dir='ltr'><strong>τῆς</strong></span> <span class='ocrx_word' id='word_1_331' title='bbox 781 3258 977 3323; x_wconf 86' lang='grc' dir='ltr'><strong>είκόνος</strong></span> <span class='ocrx_word' id='word_1_332' title='bbox 1027 3260 1123 3332; x_wconf 75' lang='grc' dir='ltr'><strong>τῆς</strong></span> <span class='ocrx_word' id='word_1_333' title='bbox 1174 3262 1320 3316; x_wconf 87' lang='grc' dir='ltr'><strong>κατά</strong></span> <span class='ocrx_word' id='word_1_334' title='bbox 1364 3265 1456 3320; x_wconf 78' lang='grc' dir='ltr'><strong>τὸν</strong></span> <span class='ocrx_word' id='word_1_335' title='bbox 1509 3268 1635 3323; x_wconf 79' lang='grc' dir='ltr'><strong>Νῶε</strong></span> <span class='ocrx_word' id='word_1_336' title='bbox 1683 3272 2004 3342; x_wconf 69' lang='grc' dir='ltr'><strong>σημαίνειν·</strong></span> 
     </span>
    </p>
   </div>
   <div class='ocr_carea' id='block_1_48' title="bbox 2068 536 3644 616">
    <p class='ocr_par' dir='ltr' id='par_1_48' title="bbox 2068 536 3644 616">
     <span class='ocr_line' id='line_1_48' title="bbox 2068 536 3644 616; baseline 0.001 -22"><span class='ocrx_word' id='word_1_337' title='bbox 2068 539 2253 604; x_wconf 80' lang='lat' dir='ltr'><strong>miam.</strong></span> <span class='ocrx_word' id='word_1_338' title='bbox 2299 540 2370 595; x_wconf 80' lang='lat' dir='ltr'><strong>At</strong></span> <span class='ocrx_word' id='word_1_339' title='bbox 2394 538 2440 595; x_wconf 92' lang='lat' dir='ltr'><strong>si</strong></span> <span class='ocrx_word' id='word_1_340' title='bbox 2473 538 2616 594; x_wconf 92' lang='lat' dir='ltr'><strong>omni</strong></span> <span class='ocrx_word' id='word_1_341' title='bbox 2654 536 2842 592; x_wconf 76' lang='lat' dir='ltr'><strong>notitia</strong></span> <span class='ocrx_word' id='word_1_342' title='bbox 2886 536 3142 616; x_wconf 79' lang='lat' dir='ltr'><strong>superius</strong></span> <span class='ocrx_word' id='word_1_343' title='bbox 3185 541 3644 610; x_wconf 83' lang='lat' dir='ltr'><strong>praestantiusqnc</strong></span> 
     </span>
    </p>
   </div>
   <div class='ocr_carea' id='block_1_49' title="bbox 2067 628 3644 702">
    <p class='ocr_par' dir='ltr' id='par_1_49' title="bbox 2067 628 3644 702">
     <span class='ocr_line' id='line_1_49' title="bbox 2067 628 3644 702; baseline -0.001 -15"><span class='ocrx_word' id='word_1_344' title='bbox 2067 641 2154 688; x_wconf 85' lang='lat' dir='ltr'><strong>est</strong></span> <span class='ocrx_word' id='word_1_345' title='bbox 2188 645 2349 686; x_wconf 83' lang='lat' dir='ltr'><strong>nosse</strong></span> <span class='ocrx_word' id='word_1_346' title='bbox 2386 629 2602 685; x_wconf 88' lang='lat' dir='ltr'><strong>Patrem</strong></span> <span class='ocrx_word' id='word_1_347' title='bbox 2633 648 2646 684; x_wconf 95' lang='lat'>:</span> <span class='ocrx_word' id='word_1_348' title='bbox 2677 628 2946 700; x_wconf 87' lang='lat' dir='ltr'><strong>quomodo</strong></span> <span class='ocrx_word' id='word_1_349' title='bbox 2975 628 3020 683; x_wconf 86' lang='lat' dir='ltr'><strong>is</strong></span> <span class='ocrx_word' id='word_1_350' title='bbox 3050 628 3140 698; x_wconf 88' lang='lat' dir='ltr'><strong>qui</strong></span> <span class='ocrx_word' id='word_1_351' title='bbox 3184 632 3328 698; x_wconf 90' lang='lat' dir='ltr'><strong>quod</strong></span> <span class='ocrx_word' id='word_1_352' title='bbox 3358 630 3532 702; x_wconf 80' lang='lat' dir='ltr'><strong>majus</strong></span> <span class='ocrx_word' id='word_1_353' title='bbox 3561 640 3644 686; x_wconf 88' lang='lat' dir='ltr'><strong>est</strong></span> 
     </span>
    </p>
   </div>
   <div class='ocr_carea' id='block_1_50' title="bbox 2070 719 3178 793">
    <p class='ocr_par' dir='ltr' id='par_1_50' title="bbox 2070 719 3178 793">
     <span class='ocr_line' id='line_1_50' title="bbox 2070 719 3178 793; baseline -0.004 -15"><span class='ocrx_word' id='word_1_354' title='bbox 2070 722 2244 789; x_wconf 85' lang='lat' dir='ltr'><strong>novit,</strong></span> <span class='ocrx_word' id='word_1_355' title='bbox 2267 722 2543 793; x_wconf 88' lang='lat' dir='ltr'><strong>ignorabit</strong></span> <span class='ocrx_word' id='word_1_356' title='bbox 2566 721 2618 776; x_wconf 89' lang='lat' dir='ltr'><strong>id</strong></span> <span class='ocrx_word' id='word_1_357' title='bbox 2646 719 2788 792; x_wconf 90' lang='lat' dir='ltr'><strong>quod</strong></span> <span class='ocrx_word' id='word_1_358' title='bbox 2817 721 2994 776; x_wconf 89' lang='lat' dir='ltr'><strong>minus</strong></span> <span class='ocrx_word' id='word_1_359' title='bbox 3019 720 3145 778; x_wconf 87' lang='lat' dir='ltr'><strong>est?</strong></span> <span class='ocrx_word' id='word_1_360' title='bbox 3173 743 3178 748; x_wconf 87' lang='lat'><strong>-</strong></span> 
     </span>
    </p>
   </div>
   <div class='ocr_carea' id='block_1_51' title="bbox 2556 917 3184 989">
    <p class='ocr_par' dir='ltr' id='par_1_51' title="bbox 2556 917 3184 989">
     <span class='ocr_line' id='line_1_51' title="bbox 2556 917 3184 989; baseline 0.002 -16"><span class='ocrx_word' id='word_1_361' title='bbox 2556 917 2782 987; x_wconf 65' lang='lat' dir='ltr'><strong>ALIUD,</strong></span> <span class='ocrx_word' id='word_1_362' title='bbox 2821 919 3153 989; x_wconf 71' lang='lat' dir='ltr'><strong>explicatius.</strong></span> <span class='ocrx_word' id='word_1_363' title='bbox 3179 965 3184 967; x_wconf 91' lang='lat'><strong>.</strong></span> 
     </span>
    </p>
   </div>
   <div class='ocr_carea' id='block_1_52' title="bbox 2137 1029 3645 1102">
    <p class='ocr_par' dir='ltr' id='par_1_52' title="bbox 2137 1029 3645 1102">
     <span class='ocr_line' id='line_1_52' title="bbox 2137 1029 3645 1102; baseline -0.002 -14"><span class='ocrx_word' id='word_1_364' title='bbox 2137 1031 2254 1088; x_wconf 80' lang='lat' dir='ltr'><strong>Non</strong></span> <span class='ocrx_word' id='word_1_365' title='bbox 2285 1029 2431 1102; x_wconf 92' lang='lat' dir='ltr'><strong>quod</strong></span> <span class='ocrx_word' id='word_1_366' title='bbox 2459 1031 2674 1102; x_wconf 77' lang='lat' dir='ltr'><strong>ignoret</strong></span> <span class='ocrx_word' id='word_1_367' title='bbox 2697 1030 2955 1097; x_wconf 81' lang='lat' dir='ltr'><strong>Verbum,</strong></span> <span class='ocrx_word' id='word_1_368' title='bbox 2991 1043 3262 1101; x_wconf 83' lang='lat' dir='ltr'><strong>quatenus</strong></span> <span class='ocrx_word' id='word_1_369' title='bbox 3297 1031 3532 1086; x_wconf 71' lang='lat' dir='ltr'><strong>Vcrbum</strong></span> <span class='ocrx_word' id='word_1_370' title='bbox 3561 1038 3645 1086; x_wconf 88' lang='lat' dir='ltr'><strong>est</strong></span> 
     </span>
    </p>
   </div>
   <div class='ocr_carea' id='block_1_53' title="bbox 2067 1120 3644 1190">
    <p class='ocr_par' dir='ltr' id='par_1_53' title="bbox 2067 1120 3644 1190">
     <span class='ocr_line' id='line_1_53' title="bbox 2067 1120 3644 1190; baseline 0 -14"><span class='ocrx_word' id='word_1_371' title='bbox 2067 1131 2121 1176; x_wconf 89' lang='lat' dir='ltr'><strong>et</strong></span> <span class='ocrx_word' id='word_1_372' title='bbox 2150 1121 2414 1190; x_wconf 75' lang='lat' dir='ltr'><strong>sapientia</strong></span> <span class='ocrx_word' id='word_1_373' title='bbox 2448 1120 2627 1176; x_wconf 89' lang='lat' dir='ltr'><strong>Patris</strong></span> <span class='ocrx_word' id='word_1_374' title='bbox 2667 1121 2737 1186; x_wconf 63' lang='grc' dir='ltr'><strong>ιι,</strong></span> <span class='ocrx_word' id='word_1_375' title='bbox 2769 1122 2898 1176; x_wconf 81' lang='lat' dir='ltr'><strong>dicit</strong></span> <span class='ocrx_word' id='word_1_376' title='bbox 2939 1137 2998 1177; x_wconf 85' lang='lat' dir='ltr'><strong>se</strong></span> <span class='ocrx_word' id='word_1_377' title='bbox 3026 1122 3260 1186; x_wconf 86' lang='lat' dir='ltr'><strong>nescire,</strong></span> <span class='ocrx_word' id='word_1_378' title='bbox 3309 1123 3402 1177; x_wconf 87' lang='lat' dir='ltr'><strong>sed</strong></span> <span class='ocrx_word' id='word_1_379' title='bbox 3452 1123 3644 1176; x_wconf 84' lang='lat' dir='ltr'><strong>huma-</strong></span> 
     </span>
    </p>
   </div>
   <div class='ocr_carea' id='block_1_54' title="bbox 2069 1213 3647 1284">
    <p class='ocr_par' dir='ltr' id='par_1_54' title="bbox 2069 1213 3647 1284">
     <span class='ocr_line' id='line_1_54' title="bbox 2069 1213 3647 1284; baseline -0.001 -15"><span class='ocrx_word' id='word_1_380' title='bbox 2069 1229 2193 1270; x_wconf 91' lang='lat' dir='ltr'><strong>nam</strong></span> <span class='ocrx_word' id='word_1_381' title='bbox 2216 1226 2467 1268; x_wconf 89' lang='lat' dir='ltr'><strong>naturam</strong></span> <span class='ocrx_word' id='word_1_382' title='bbox 2495 1213 2548 1268; x_wconf 93' lang='lat' dir='ltr'><strong>in</strong></span> <span class='ocrx_word' id='word_1_383' title='bbox 2571 1225 2634 1268; x_wconf 86' lang='lat' dir='ltr'><strong>se</strong></span> <span class='ocrx_word' id='word_1_384' title='bbox 2654 1214 2969 1276; x_wconf 82' lang='lat' dir='ltr'><strong>ostendens,</strong></span> <span class='ocrx_word' id='word_1_385' title='bbox 2992 1215 3080 1268; x_wconf 88' lang='lat' dir='ltr'><strong>eui</strong></span> <span class='ocrx_word' id='word_1_386' title='bbox 3103 1215 3372 1284; x_wconf 77' lang='lat' dir='ltr'><strong>praecipue</strong></span> <span class='ocrx_word' id='word_1_387' title='bbox 3392 1213 3647 1269; x_wconf 75' lang='lat' dir='ltr'><strong>convenit</strong></span> 
     </span>
    </p>
   </div>
   <div class='ocr_carea' id='block_1_55' title="bbox 2069 1302 3643 1376">
    <p class='ocr_par' dir='ltr' id='par_1_55' title="bbox 2069 1302 3643 1376">
     <span class='ocr_line' id='line_1_55' title="bbox 2069 1302 3643 1376; baseline -0.001 -16"><span class='ocrx_word' id='word_1_388' title='bbox 2069 1306 2357 1376; x_wconf 84' lang='lat' dir='ltr'><strong>ignorare:</strong></span> <span class='ocrx_word' id='word_1_389' title='bbox 2383 1303 2735 1358; x_wconf 82' lang='lat' dir='ltr'><strong>humanitatis</strong></span> <span class='ocrx_word' id='word_1_390' title='bbox 2763 1302 2906 1358; x_wconf 88' lang='lat' dir='ltr'><strong>enim</strong></span> <span class='ocrx_word' id='word_1_391' title='bbox 2939 1302 3047 1357; x_wconf 80' lang='lat' dir='ltr'><strong>hoe</strong></span> <span class='ocrx_word' id='word_1_392' title='bbox 3074 1305 3350 1373; x_wconf 88' lang='lat' dir='ltr'><strong>proprium</strong></span> <span class='ocrx_word' id='word_1_393' title='bbox 3378 1313 3482 1360; x_wconf 87' lang='lat' dir='ltr'><strong>est.</strong></span> <span class='ocrx_word' id='word_1_394' title='bbox 3509 1305 3643 1359; x_wconf 83' lang='lat' dir='ltr'><strong>Cum</strong></span> 
     </span>
    </p>
   </div>
   <div class='ocr_carea' id='block_1_56' title="bbox 2069 1395 3654 1463">
    <p class='ocr_par' dir='ltr' id='par_1_56' title="bbox 2069 1395 3654 1463">
     <span class='ocr_line' id='line_1_56' title="bbox 2069 1395 3654 1463; baseline -0.003 -10"><span class='ocrx_word' id='word_1_395' title='bbox 2069 1397 2213 1453; x_wconf 89' lang='lat' dir='ltr'><strong>enim</strong></span> <span class='ocrx_word' id='word_1_396' title='bbox 2241 1410 2466 1452; x_wconf 89' lang='lat' dir='ltr'><strong>carnem</strong></span> <span class='ocrx_word' id='word_1_397' title='bbox 2511 1407 2753 1451; x_wconf 82' lang='lat' dir='ltr'><strong>nostram</strong></span> <span class='ocrx_word' id='word_1_398' title='bbox 2797 1396 3116 1463; x_wconf 82' lang='lat' dir='ltr'><strong>assumpsit,</strong></span> <span class='ocrx_word' id='word_1_399' title='bbox 3153 1395 3356 1450; x_wconf 80' lang='lat' dir='ltr'><strong>idcirco</strong></span> <span class='ocrx_word' id='word_1_400' title='bbox 3394 1396 3562 1450; x_wconf 85' lang='lat' dir='ltr'><strong>etiam</strong></span> <span class='ocrx_word' id='word_1_401' title='bbox 3593 1397 3654 1449; x_wconf 84' lang='lat' dir='ltr'><strong>in</strong></span> 
     </span>
    </p>
   </div>
   <div class='ocr_carea' id='block_1_57' title="bbox 2070 1485 3648 1555">
    <p class='ocr_par' dir='ltr' id='par_1_57' title="bbox 2070 1485 3648 1555">
     <span class='ocr_line' id='line_1_57' title="bbox 2070 1485 3648 1555; baseline -0.004 -9"><span class='ocrx_word' id='word_1_402' title='bbox 2070 1503 2195 1548; x_wconf 83' lang='lat' dir='ltr'><strong>eum</strong></span> <span class='ocrx_word' id='word_1_403' title='bbox 2242 1495 2297 1543; x_wconf 90' lang='lat' dir='ltr'><strong>ut</strong></span> <span class='ocrx_word' id='word_1_404' title='bbox 2349 1487 2402 1542; x_wconf 83' lang='lat' dir='ltr'><strong>in</strong></span> <span class='ocrx_word' id='word_1_405' title='bbox 2446 1501 2546 1543; x_wconf 86' lang='lat' dir='ltr'><strong>nos</strong></span> <span class='ocrx_word' id='word_1_406' title='bbox 2591 1486 2893 1553; x_wconf 78' lang='lat' dir='ltr'><strong>ignorantia</strong></span> <span class='ocrx_word' id='word_1_407' title='bbox 2927 1487 3126 1541; x_wconf 80' lang='lat' dir='ltr'><strong>cadere</strong></span> <span class='ocrx_word' id='word_1_408' title='bbox 3167 1485 3462 1541; x_wconf 56' lang='lat' dir='ltr'><strong>visae»:</strong></span> <span class='ocrx_word' id='word_1_409' title='bbox 3501 1488 3648 1555; x_wconf 87' lang='lat' dir='ltr'><strong>quod</strong></span> 
     </span>
    </p>
   </div>
   <div class='ocr_carea' id='block_1_58' title="bbox 2072 1577 3646 1650">
    <p class='ocr_par' dir='ltr' id='par_1_58' title="bbox 2072 1577 3646 1650">
     <span class='ocr_line' id='line_1_58' title="bbox 2072 1577 3646 1650; baseline -0.003 -15"><span class='ocrx_word' id='word_1_410' title='bbox 2072 1588 2252 1636; x_wconf 85' lang='lat' dir='ltr'><strong>autem</strong></span> <span class='ocrx_word' id='word_1_411' title='bbox 2284 1593 2392 1635; x_wconf 90' lang='lat' dir='ltr'><strong>non</strong></span> <span class='ocrx_word' id='word_1_412' title='bbox 2441 1579 2674 1650; x_wconf 81' lang='lat' dir='ltr'><strong>propriae</strong></span> <span class='ocrx_word' id='word_1_413' title='bbox 2722 1587 2948 1634; x_wconf 72' lang='lat' dir='ltr'><strong>natura:-</strong></span> <span class='ocrx_word' id='word_1_414' title='bbox 2985 1592 3120 1642; x_wconf 63' lang='grc' dir='ltr'><strong>σου,</strong></span> <span class='ocrx_word' id='word_1_415' title='bbox 3173 1578 3267 1632; x_wconf 81' lang='lat' dir='ltr'><strong>sed</strong></span> <span class='ocrx_word' id='word_1_416' title='bbox 3319 1577 3646 1631; x_wconf 76' lang='lat' dir='ltr'><strong>humanitati</strong></span> 
     </span>
    </p>
   </div>
   <div class='ocr_carea' id='block_1_59' title="bbox 2072 1667 3648 1743">
    <p class='ocr_par' dir='ltr' id='par_1_59' title="bbox 2072 1667 3648 1743">
     <span class='ocr_line' id='line_1_59' title="bbox 2072 1667 3648 1743; baseline -0.002 -17"><span class='ocrx_word' id='word_1_417' title='bbox 2072 1671 2434 1743; x_wconf 70' lang='lat' dir='ltr'><strong>ignorantiam</strong></span> <span class='ocrx_word' id='word_1_418' title='bbox 2482 1671 2738 1736; x_wconf 73' lang='lat' dir='ltr'><strong>ascribat,</strong></span> <span class='ocrx_word' id='word_1_419' title='bbox 2788 1669 2916 1725; x_wconf 88' lang='lat' dir='ltr'><strong>inde</strong></span> <span class='ocrx_word' id='word_1_420' title='bbox 2960 1669 3214 1740; x_wconf 79' lang='lat' dir='ltr'><strong>cognosci</strong></span> <span class='ocrx_word' id='word_1_421' title='bbox 3263 1677 3463 1740; x_wconf 85' lang='lat' dir='ltr'><strong>potest.</strong></span> <span class='ocrx_word' id='word_1_422' title='bbox 3507 1667 3648 1723; x_wconf 76' lang='lat' dir='ltr'><strong>Cum</strong></span> 
     </span>
    </p>
   </div>
   <div class='ocr_carea' id='block_1_60' title="bbox 2073 1759 3646 1828">
    <p class='ocr_par' dir='ltr' id='par_1_60' title="bbox 2073 1759 3646 1828">
     <span class='ocr_line' id='line_1_60' title="bbox 2073 1759 3646 1828; baseline -0.003 -11"><span class='ocrx_word' id='word_1_423' title='bbox 2073 1762 2219 1817; x_wconf 88' lang='lat' dir='ltr'><strong>enim</strong></span> <span class='ocrx_word' id='word_1_424' title='bbox 2263 1762 2319 1817; x_wconf 91' lang='lat' dir='ltr'><strong>in</strong></span> <span class='ocrx_word' id='word_1_425' title='bbox 2368 1761 2606 1817; x_wconf 79' lang='lat' dir='ltr'><strong>medium</strong></span> <span class='ocrx_word' id='word_1_426' title='bbox 2655 1762 2970 1818; x_wconf 77' lang='lat' dir='ltr'><strong>adduxisset</strong></span> <span class='ocrx_word' id='word_1_427' title='bbox 2999 1761 3282 1816; x_wconf 84' lang='lat' dir='ltr'><strong>historiam</strong></span> <span class='ocrx_word' id='word_1_428' title='bbox 3331 1774 3520 1816; x_wconf 89' lang='lat' dir='ltr'><strong>eorum</strong></span> <span class='ocrx_word' id='word_1_429' title='bbox 3552 1759 3646 1828; x_wconf 85' lang='lat' dir='ltr'><strong>qui</strong></span> 
     </span>
    </p>
   </div>
   <div class='ocr_carea' id='block_1_61' title="bbox 2075 1849 3645 1923">
    <p class='ocr_par' dir='ltr' id='par_1_61' title="bbox 2075 1849 3645 1923">
     <span class='ocr_line' id='line_1_61' title="bbox 2075 1849 3645 1923; baseline -0.003 -15"><span class='ocrx_word' id='word_1_430' title='bbox 2075 1852 2408 1923; x_wconf 83' lang='lat' dir='ltr'><strong>temporibus</strong></span> <span class='ocrx_word' id='word_1_431' title='bbox 2451 1849 2566 1908; x_wconf 82' lang='lat' dir='ltr'><strong>Noe</strong></span> <span class='ocrx_word' id='word_1_432' title='bbox 2611 1852 2884 1918; x_wconf 75' lang='lat' dir='ltr'><strong>vixerunt,</strong></span> <span class='ocrx_word' id='word_1_433' title='bbox 2921 1862 2976 1908; x_wconf 90' lang='lat' dir='ltr'><strong>et</strong></span> <span class='ocrx_word' id='word_1_434' title='bbox 3009 1852 3242 1906; x_wconf 76' lang='lat' dir='ltr'><strong>dixisset</strong></span> <span class='ocrx_word' id='word_1_435' title='bbox 3273 1868 3288 1906; x_wconf 89' lang='lat'><strong>:</strong></span> <span class='ocrx_word' id='word_1_436' title='bbox 3321 1869 3341 1903; x_wconf 77' lang='grc' dir='ltr'><strong>ι</strong></span> <span class='ocrx_word' id='word_1_437' title='bbox 3379 1849 3645 1906; x_wconf 85' lang='lat' dir='ltr'><strong>Comede-</strong></span> 
     </span>
    </p>
   </div>
   <div class='ocr_carea' id='block_1_62' title="bbox 2073 1941 3656 2011">
    <p class='ocr_par' dir='ltr' id='par_1_62' title="bbox 2073 1941 3656 2011">
     <span class='ocr_line' id='line_1_62' title="bbox 2073 1941 3656 2011; baseline -0.002 -13"><span class='ocrx_word' id='word_1_438' title='bbox 2073 1945 2289 1998; x_wconf 69' lang='lat' dir='ltr'><strong>bant-et</strong></span> <span class='ocrx_word' id='word_1_439' title='bbox 2317 1941 2574 1999; x_wconf 84' lang='lat' dir='ltr'><strong>bibebant</strong></span> <span class='ocrx_word' id='word_1_440' title='bbox 2598 1985 2613 2011; x_wconf 91' lang='lat'><strong>,</strong></span> <span class='ocrx_word' id='word_1_441' title='bbox 2645 1943 2921 2000; x_wconf 82' lang='lat' dir='ltr'><strong>nubebant</strong></span> <span class='ocrx_word' id='word_1_442' title='bbox 2950 1944 3104 2010; x_wconf 89' lang='lat' dir='ltr'><strong>viris,</strong></span> <span class='ocrx_word' id='word_1_443' title='bbox 3132 1951 3188 1999; x_wconf 90' lang='lat' dir='ltr'><strong>et</strong></span> <span class='ocrx_word' id='word_1_444' title='bbox 3213 1942 3480 1998; x_wconf 87' lang='lat' dir='ltr'><strong>ducebant</strong></span> <span class='ocrx_word' id='word_1_445' title='bbox 3506 1956 3656 1996; x_wconf 68' lang='lat' dir='ltr'><strong>uso~</strong></span> 
     </span>
    </p>
   </div>
   <div class='ocr_carea' id='block_1_63' title="bbox 2075 2033 3643 2101">
    <p class='ocr_par' dir='ltr' id='par_1_63' title="bbox 2075 2033 3643 2101">
     <span class='ocr_line' id='line_1_63' title="bbox 2075 2033 3643 2101; baseline -0.003 -11"><span class='ocrx_word' id='word_1_446' title='bbox 2075 2049 2196 2098; x_wconf 88' lang='lat' dir='ltr'><strong>res,</strong></span> <span class='ocrx_word' id='word_1_447' title='bbox 2241 2033 2413 2090; x_wconf 84' lang='lat' dir='ltr'><strong>donec</strong></span> <span class='ocrx_word' id='word_1_448' title='bbox 2455 2035 2605 2090; x_wconf 90' lang='lat' dir='ltr'><strong>venit</strong></span> <span class='ocrx_word' id='word_1_449' title='bbox 2645 2034 2932 2101; x_wconf 85' lang='lat' dir='ltr'><strong>diluvium,</strong></span> <span class='ocrx_word' id='word_1_450' title='bbox 2977 2044 3034 2090; x_wconf 88' lang='lat' dir='ltr'><strong>et</strong></span> <span class='ocrx_word' id='word_1_451' title='bbox 3073 2033 3299 2090; x_wconf 82' lang='lat' dir='ltr'><strong>abstulit</strong></span> <span class='ocrx_word' id='word_1_452' title='bbox 3339 2048 3570 2098; x_wconf 77' lang='lat' dir='ltr'><strong>omnes;</strong></span> <span class='ocrx_word' id='word_1_453' title='bbox 3621 2053 3643 2085; x_wconf 73' lang='grc' dir='ltr'><strong>ι</strong></span> 
     </span>
    </p>
   </div>
   <div class='ocr_carea' id='block_1_64' title="bbox 2073 2124 3648 2199">
    <p class='ocr_par' dir='ltr' id='par_1_64' title="bbox 2073 2124 3648 2199">
     <span class='ocr_line' id='line_1_64' title="bbox 2073 2124 3648 2199; baseline -0.001 -17"><span class='ocrx_word' id='word_1_454' title='bbox 2073 2124 2302 2194; x_wconf 73' lang='lat' dir='ltr'><strong>subiecit</strong></span> <span class='ocrx_word' id='word_1_455' title='bbox 2334 2127 2553 2182; x_wconf 86' lang='lat' dir='ltr'><strong>statim:</strong></span> <span class='ocrx_word' id='word_1_456' title='bbox 2597 2144 2616 2180; x_wconf 77' lang='grc' dir='ltr'><strong>ι</strong></span> <span class='ocrx_word' id='word_1_457' title='bbox 2651 2126 2883 2199; x_wconf 84' lang='lat' dir='ltr'><strong>Vlgilate</strong></span> <span class='ocrx_word' id='word_1_458' title='bbox 2918 2127 3086 2199; x_wconf 87' lang='lat' dir='ltr'><strong>igitur</strong></span> <span class='ocrx_word' id='word_1_459' title='bbox 3115 2136 3174 2183; x_wconf 89' lang='lat' dir='ltr'><strong>et</strong></span> <span class='ocrx_word' id='word_1_460' title='bbox 3195 2141 3334 2192; x_wconf 83' lang='lat' dir='ltr'><strong>vos,-</strong></span> <span class='ocrx_word' id='word_1_461' title='bbox 3381 2130 3508 2196; x_wconf 84' lang='lat' dir='ltr'><strong>qula</strong></span> <span class='ocrx_word' id='word_1_462' title='bbox 3555 2141 3648 2181; x_wconf 90' lang='lat' dir='ltr'><strong>ne-</strong></span> 
     </span>
    </p>
   </div>
   <div class='ocr_carea' id='block_1_65' title="bbox 2075 2217 3644 2288">
    <p class='ocr_par' dir='ltr' id='par_1_65' title="bbox 2075 2217 3644 2288">
     <span class='ocr_line' id='line_1_65' title="bbox 2075 2217 3644 2288; baseline -0.002 -16"><span class='ocrx_word' id='word_1_463' title='bbox 2075 2217 2228 2274; x_wconf 85' lang='lat' dir='ltr'><strong>scitis</strong></span> <span class='ocrx_word' id='word_1_464' title='bbox 2257 2232 2365 2288; x_wconf 90' lang='lat' dir='ltr'><strong>qua</strong></span> <span class='ocrx_word' id='word_1_465' title='bbox 2383 2217 2514 2273; x_wconf 90' lang='lat' dir='ltr'><strong>hora</strong></span> <span class='ocrx_word' id='word_1_466' title='bbox 2540 2217 2713 2275; x_wconf 81' lang='lat' dir='ltr'><strong>Filius</strong></span> <span class='ocrx_word' id='word_1_467' title='bbox 2743 2220 2978 2275; x_wconf 91' lang='lat' dir='ltr'><strong>hominis</strong></span> <span class='ocrx_word' id='word_1_468' title='bbox 3005 2219 3220 2284; x_wconf 82' lang='lat' dir='ltr'><strong>veniet;</strong></span> <span class='ocrx_word' id='word_1_469' title='bbox 3254 2237 3274 2272; x_wconf 75' lang='grc'><strong>»</strong></span> <span class='ocrx_word' id='word_1_470' title='bbox 3305 2227 3361 2274; x_wconf 91' lang='lat' dir='ltr'><strong>et</strong></span> <span class='ocrx_word' id='word_1_471' title='bbox 3387 2233 3601 2273; x_wconf 82' lang='lat' dir='ltr'><strong>rursum</strong></span> <span class='ocrx_word' id='word_1_472' title='bbox 3629 2235 3644 2270; x_wconf 88' lang='lat'><strong>:</strong></span> 
     </span>
    </p>
   </div>
   <div class='ocr_carea' id='block_1_66' title="bbox 2080 2307 3684 2381">
    <p class='ocr_par' dir='ltr' id='par_1_66' title="bbox 2080 2307 3684 2381">
     <span class='ocr_line' id='line_1_66' title="bbox 2080 2307 3684 2381; baseline -0.001 -20"><span class='ocrx_word' id='word_1_473' title='bbox 2080 2326 2099 2361; x_wconf 81' lang='grc' dir='ltr'><strong>ι</strong></span> <span class='ocrx_word' id='word_1_474' title='bbox 2132 2307 2246 2376; x_wconf 85' lang='lat' dir='ltr'><strong>Qua</strong></span> <span class='ocrx_word' id='word_1_475' title='bbox 2292 2324 2399 2366; x_wconf 92' lang='lat' dir='ltr'><strong>non</strong></span> <span class='ocrx_word' id='word_1_476' title='bbox 2447 2311 2654 2381; x_wconf 86' lang='lat' dir='ltr'><strong>putatis</strong></span> <span class='ocrx_word' id='word_1_477' title='bbox 2704 2311 2836 2365; x_wconf 87' lang='lat' dir='ltr'><strong>hora</strong></span> <span class='ocrx_word' id='word_1_478' title='bbox 2884 2309 3054 2366; x_wconf 76' lang='lat' dir='ltr'><strong>Filius</strong></span> <span class='ocrx_word' id='word_1_479' title='bbox 3096 2310 3335 2368; x_wconf 83' lang='lat' dir='ltr'><strong>hominis</strong></span> <span class='ocrx_word' id='word_1_480' title='bbox 3381 2310 3583 2365; x_wconf 81' lang='lat' dir='ltr'><strong>veniet.</strong></span> <span class='ocrx_word' id='word_1_481' title='bbox 3623 2325 3684 2359; x_wconf 73' lang='grc' dir='ltr'><strong>»ι</strong></span> 
     </span>
    </p>
   </div>
   <div class='ocr_carea' id='block_1_67' title="bbox 2072 2399 3647 2472">
    <p class='ocr_par' dir='ltr' id='par_1_67' title="bbox 2072 2399 3647 2472">
     <span class='ocr_line' id='line_1_67' title="bbox 2072 2399 3647 2472; baseline -0.003 -17"><span class='ocrx_word' id='word_1_482' title='bbox 2072 2399 2374 2470; x_wconf 89' lang='lat' dir='ltr'><strong>Oportebat</strong></span> <span class='ocrx_word' id='word_1_483' title='bbox 2430 2410 2637 2468; x_wconf 89' lang='lat' dir='ltr'><strong>autem,</strong></span> <span class='ocrx_word' id='word_1_484' title='bbox 2700 2402 2747 2458; x_wconf 85' lang='lat' dir='ltr'><strong>si</strong></span> <span class='ocrx_word' id='word_1_485' title='bbox 2794 2402 2908 2472; x_wconf 84' lang='lat' dir='ltr'><strong>ipse</strong></span> <span class='ocrx_word' id='word_1_486' title='bbox 2955 2411 3222 2471; x_wconf 89' lang='lat' dir='ltr'><strong>quatenus</strong></span> <span class='ocrx_word' id='word_1_487' title='bbox 3272 2408 3357 2455; x_wconf 88' lang='lat' dir='ltr'><strong>est</strong></span> <span class='ocrx_word' id='word_1_488' title='bbox 3416 2399 3647 2453; x_wconf 84' lang='lat' dir='ltr'><strong>Verbum</strong></span> 
     </span>
    </p>
   </div>
   <div class='ocr_carea' id='block_1_68' title="bbox 2074 2490 3685 2564">
    <p class='ocr_par' dir='ltr' id='par_1_68' title="bbox 2074 2490 3685 2564">
     <span class='ocr_line' id='line_1_68' title="bbox 2074 2490 3685 2564; baseline -0.001 -18"><span class='ocrx_word' id='word_1_489' title='bbox 2074 2491 2378 2564; x_wconf 76' lang='lat' dir='ltr'><strong>ignorabat,</strong></span> <span class='ocrx_word' id='word_1_490' title='bbox 2404 2493 2600 2550; x_wconf 83' lang='lat' dir='ltr'><strong>dicere</strong></span> <span class='ocrx_word' id='word_1_491' title='bbox 2648 2494 2825 2564; x_wconf 81' lang='lat' dir='ltr'><strong>potius</strong></span> <span class='ocrx_word' id='word_1_492' title='bbox 2855 2512 2869 2548; x_wconf 90' lang='lat'>:</span> <span class='ocrx_word' id='word_1_493' title='bbox 2903 2491 3099 2549; x_wconf 82' lang='lat' dir='ltr'><strong>Nescio</strong></span> <span class='ocrx_word' id='word_1_494' title='bbox 3131 2507 3237 2562; x_wconf 89' lang='lat' dir='ltr'><strong>qua</strong></span> <span class='ocrx_word' id='word_1_495' title='bbox 3271 2490 3360 2548; x_wconf 87' lang='lat' dir='ltr'><strong>die</strong></span> <span class='ocrx_word' id='word_1_496' title='bbox 3392 2500 3650 2546; x_wconf 81' lang='lat' dir='ltr'><strong>venturus</strong></span> <span class='ocrx_word' id='word_1_497' title='bbox 3680 2525 3685 2530; x_wconf 93' lang='lat'><strong><em>-</em></strong></span> 
     </span>
    </p>
   </div>
   <div class='ocr_carea' id='block_1_69' title="bbox 2072 2579 3690 2654">
    <p class='ocr_par' dir='ltr' id='par_1_69' title="bbox 2072 2579 3690 2654">
     <span class='ocr_line' id='line_1_69' title="bbox 2072 2579 3690 2654; baseline -0.004 -15"><span class='ocrx_word' id='word_1_498' title='bbox 2072 2583 2173 2639; x_wconf 89' lang='lat' dir='ltr'><strong>sim</strong></span> <span class='ocrx_word' id='word_1_499' title='bbox 2202 2599 2216 2638; x_wconf 91' lang='lat'><strong>:</strong></span> <span class='ocrx_word' id='word_1_500' title='bbox 2253 2591 2308 2640; x_wconf 89' lang='lat' dir='ltr'><strong>et</strong></span> <span class='ocrx_word' id='word_1_501' title='bbox 2336 2598 2442 2654; x_wconf 93' lang='lat' dir='ltr'><strong>qua</strong></span> <span class='ocrx_word' id='word_1_502' title='bbox 2485 2584 2708 2640; x_wconf 87' lang='lat' dir='ltr'><strong>minime</strong></span> <span class='ocrx_word' id='word_1_503' title='bbox 2733 2583 3097 2653; x_wconf 77' lang='lat' dir='ltr'><strong>esspectarim</strong></span> <span class='ocrx_word' id='word_1_504' title='bbox 3131 2583 3261 2638; x_wconf 90' lang='lat' dir='ltr'><strong>hora</strong></span> <span class='ocrx_word' id='word_1_505' title='bbox 3286 2581 3492 2636; x_wconf 89' lang='lat' dir='ltr'><strong>mittar.</strong></span> <span class='ocrx_word' id='word_1_506' title='bbox 3513 2579 3646 2634; x_wconf 85' lang='lat' dir='ltr'><strong>Cum</strong></span> <span class='ocrx_word' id='word_1_507' title='bbox 3681 2609 3690 2622; x_wconf 77' lang='lat'><strong>-.</strong></span> 
     </span>
    </p>
   </div>
   <div class='ocr_carea' id='block_1_70' title="bbox 2073 2671 3647 2746">
    <p class='ocr_par' dir='ltr' id='par_1_70' title="bbox 2073 2671 3647 2746">
     <span class='ocr_line' id='line_1_70' title="bbox 2073 2671 3647 2746; baseline -0.003 -18"><span class='ocrx_word' id='word_1_508' title='bbox 2073 2688 2204 2730; x_wconf 89' lang='lat' dir='ltr'><strong>vero</strong></span> <span class='ocrx_word' id='word_1_509' title='bbox 2226 2675 2564 2731; x_wconf 80' lang='lat' dir='ltr'><strong>auditoribus</strong></span> <span class='ocrx_word' id='word_1_510' title='bbox 2597 2674 2957 2746; x_wconf 86' lang='lat' dir='ltr'><strong>ignorantiam</strong></span> <span class='ocrx_word' id='word_1_511' title='bbox 2984 2674 3248 2744; x_wconf 87' lang='lat' dir='ltr'><strong>temporis</strong></span> <span class='ocrx_word' id='word_1_512' title='bbox 3269 2673 3385 2728; x_wconf 86' lang='lat' dir='ltr'><strong>sive</strong></span> <span class='ocrx_word' id='word_1_513' title='bbox 3408 2671 3512 2726; x_wconf 89' lang='lat' dir='ltr'><strong>diei</strong></span> <span class='ocrx_word' id='word_1_514' title='bbox 3543 2685 3647 2740; x_wconf 91' lang='lat' dir='ltr'><strong>qua</strong></span> 
     </span>
    </p>
   </div>
   <div class='ocr_carea' id='block_1_71' title="bbox 2073 2763 3650 2836">
    <p class='ocr_par' dir='ltr' id='par_1_71' title="bbox 2073 2763 3650 2836">
     <span class='ocr_line' id='line_1_71' title="bbox 2073 2763 3650 2836; baseline -0.007 -9"><span class='ocrx_word' id='word_1_515' title='bbox 2073 2780 2334 2827; x_wconf 82' lang='lat' dir='ltr'><strong>venturas</strong></span> <span class='ocrx_word' id='word_1_516' title='bbox 2355 2777 2523 2835; x_wconf 87' lang='lat' dir='ltr'><strong>esset,</strong></span> <span class='ocrx_word' id='word_1_517' title='bbox 2543 2768 2804 2835; x_wconf 84' lang='lat' dir='ltr'><strong>ascribat,</strong></span> <span class='ocrx_word' id='word_1_518' title='bbox 2833 2767 3177 2822; x_wconf 82' lang='lat' dir='ltr'><strong>manifestum</strong></span> <span class='ocrx_word' id='word_1_519' title='bbox 3213 2774 3300 2821; x_wconf 82' lang='lat' dir='ltr'><strong>est</strong></span> <span class='ocrx_word' id='word_1_520' title='bbox 3336 2765 3510 2836; x_wconf 87' lang='lat' dir='ltr'><strong>ipsum</strong></span> <span class='ocrx_word' id='word_1_521' title='bbox 3529 2763 3650 2832; x_wconf 88' lang='lat' dir='ltr'><strong>qui-</strong></span> 
     </span>
    </p>
   </div>
   <div class='ocr_carea' id='block_1_72' title="bbox 2074 2855 3686 2928">
    <p class='ocr_par' dir='ltr' id='par_1_72' title="bbox 2074 2855 3686 2928">
     <span class='ocr_line' id='line_1_72' title="bbox 2074 2855 3686 2928; baseline -0.007 -9"><span class='ocrx_word' id='word_1_522' title='bbox 2074 2863 2195 2919; x_wconf 88' lang='lat' dir='ltr'><strong>dem</strong></span> <span class='ocrx_word' id='word_1_523' title='bbox 2230 2861 2280 2916; x_wconf 91' lang='lat' dir='ltr'><strong>id</strong></span> <span class='ocrx_word' id='word_1_524' title='bbox 2309 2862 2472 2926; x_wconf 86' lang='lat' dir='ltr'><strong>scire,</strong></span> <span class='ocrx_word' id='word_1_525' title='bbox 2499 2869 2560 2914; x_wconf 92' lang='lat' dir='ltr'><strong>ut</strong></span> <span class='ocrx_word' id='word_1_526' title='bbox 2591 2858 2852 2915; x_wconf 82' lang='lat' dir='ltr'><strong>Verbum.</strong></span> <span class='ocrx_word' id='word_1_527' title='bbox 2889 2856 3144 2928; x_wconf 90' lang='lat' dir='ltr'><strong>lgnorare</strong></span> <span class='ocrx_word' id='word_1_528' title='bbox 3177 2867 3358 2913; x_wconf 83' lang='lat' dir='ltr'><strong>autem</strong></span> <span class='ocrx_word' id='word_1_529' title='bbox 3405 2871 3466 2915; x_wconf 85' lang='lat' dir='ltr'><strong>se</strong></span> <span class='ocrx_word' id='word_1_530' title='bbox 3493 2855 3648 2920; x_wconf 89' lang='lat' dir='ltr'><strong>dicit,</strong></span> <span class='ocrx_word' id='word_1_531' title='bbox 3683 2903 3686 2907; x_wconf 78' lang='lat'><strong>,</strong></span> 
     </span>
    </p>
   </div>
   <div class='ocr_carea' id='block_1_73' title="bbox 2073 2945 3652 3025">
    <p class='ocr_par' dir='ltr' id='par_1_73' title="bbox 2073 2945 3652 3025">
     <span class='ocr_line' id='line_1_73' title="bbox 2073 2945 3652 3025; baseline -0.006 -17"><span class='ocrx_word' id='word_1_532' title='bbox 2073 2963 2341 3025; x_wconf 86' lang='lat' dir='ltr'><strong>quatenus</strong></span> <span class='ocrx_word' id='word_1_533' title='bbox 2372 2950 2706 3016; x_wconf 86' lang='lat' dir='ltr'><strong>hominibus,</strong></span> <span class='ocrx_word' id='word_1_534' title='bbox 2733 2949 2788 3005; x_wconf 91' lang='lat' dir='ltr'><strong>in</strong></span> <span class='ocrx_word' id='word_1_535' title='bbox 2833 2963 2970 3017; x_wconf 81' lang='lat' dir='ltr'><strong>quos</strong></span> <span class='ocrx_word' id='word_1_536' title='bbox 3017 2948 3324 3020; x_wconf 87' lang='lat' dir='ltr'><strong>ignorantia</strong></span> <span class='ocrx_word' id='word_1_537' title='bbox 3377 2946 3539 3006; x_wconf 89' lang='lat' dir='ltr'><strong>cadit,</strong></span> <span class='ocrx_word' id='word_1_538' title='bbox 3571 2945 3652 3001; x_wconf 70' lang='grc' dir='ltr'><strong>οἱσ-</strong></span> 
     </span>
    </p>
   </div>
   <div class='ocr_carea' id='block_1_74' title="bbox 2074 3043 2558 3100">
    <p class='ocr_par' dir='ltr' id='par_1_74' title="bbox 2074 3043 2558 3100">
     <span class='ocr_line' id='line_1_74' title="bbox 2074 3043 2558 3100; baseline -0.01 0"><span class='ocrx_word' id='word_1_539' title='bbox 2074 3045 2222 3100; x_wconf 84' lang='lat' dir='ltr'><strong>milis</strong></span> <span class='ocrx_word' id='word_1_540' title='bbox 2251 3043 2432 3100; x_wconf 79' lang='lat' dir='ltr'><strong>factus</strong></span> <span class='ocrx_word' id='word_1_541' title='bbox 2456 3049 2558 3098; x_wconf 88' lang='lat' dir='ltr'><strong>est.</strong></span> 
     </span>
    </p>
   </div>
   <div class='ocr_carea' id='block_1_75' title="bbox 2649 3148 3070 3222">
    <p class='ocr_par' dir='ltr' id='par_1_75' title="bbox 2649 3148 3070 3222">
     <span class='ocr_line' id='line_1_75' title="bbox 2649 3148 3070 3222; baseline -0.007 -16"><span class='ocrx_word' id='word_1_542' title='bbox 2649 3151 2808 3222; x_wconf 59' lang='grc' dir='ltr'><strong>εει</strong></span> <span class='ocrx_word' id='word_1_543' title='bbox 2838 3148 3070 3207; x_wconf 70' lang='lat' dir='ltr'><strong>suun.</strong></span> 
     </span>
    </p>
   </div>
   <div class='ocr_carea' id='block_1_76' title="bbox 2145 3263 3654 3340">
    <p class='ocr_par' dir='ltr' id='par_1_76' title="bbox 2145 3263 3654 3340">
     <span class='ocr_line' id='line_1_76' title="bbox 2145 3263 3654 3340; baseline -0.005 -15"><span class='ocrx_word' id='word_1_544' title='bbox 2145 3270 2206 3326; x_wconf 73' lang='lat' dir='ltr'><strong>Si</strong></span> <span class='ocrx_word' id='word_1_545' title='bbox 2234 3285 2302 3325; x_wconf 77' lang='lat' dir='ltr'><strong>ex</strong></span> <span class='ocrx_word' id='word_1_546' title='bbox 2333 3267 2570 3340; x_wconf 80' lang='lat' dir='ltr'><strong>imagine</strong></span> <span class='ocrx_word' id='word_1_547' title='bbox 2596 3265 2732 3332; x_wconf 82' lang='lat' dir='ltr'><strong>Noe,</strong></span> <span class='ocrx_word' id='word_1_548' title='bbox 2765 3265 2988 3322; x_wconf 91' lang='lat' dir='ltr'><strong>secundi</strong></span> <span class='ocrx_word' id='word_1_549' title='bbox 3028 3263 3290 3318; x_wconf 76' lang='lat' dir='ltr'><strong>adventus</strong></span> <span class='ocrx_word' id='word_1_550' title='bbox 3321 3263 3406 3317; x_wconf 88' lang='lat' dir='ltr'><strong>sui</strong></span> <span class='ocrx_word' id='word_1_551' title='bbox 3441 3270 3654 3332; x_wconf 88' lang='lat' dir='ltr'><strong>tempus</strong></span> 
     </span>
    </p>
   </div>
   <div class='ocr_carea' id='block_1_77' title="bbox 2072 3355 3653 3436">
    <p class='ocr_par' dir='ltr' id='par_1_77' title="bbox 2072 3355 3653 3436">
     <span class='ocr_line' id='line_1_77' title="bbox 2072 3355 3653 3436; baseline -0.007 -16"><span class='ocrx_word' id='word_1_552' title='bbox 2072 3364 2385 3436; x_wconf 77' lang='lat' dir='ltr'><strong>signiﬁcare</strong></span> <span class='ocrx_word' id='word_1_553' title='bbox 2435 3361 2573 3427; x_wconf 81' lang='lat' dir='ltr'><strong>vult,</strong></span> <span class='ocrx_word' id='word_1_554' title='bbox 2618 3359 2836 3431; x_wconf 82' lang='lat' dir='ltr'><strong>quando</strong></span> <span class='ocrx_word' id='word_1_555' title='bbox 2879 3369 3152 3414; x_wconf 85' lang='lat' dir='ltr'><strong>venturus</strong></span> <span class='ocrx_word' id='word_1_556' title='bbox 3184 3367 3268 3411; x_wconf 89' lang='lat' dir='ltr'><strong>est</strong></span> <span class='ocrx_word' id='word_1_557' title='bbox 3307 3357 3373 3411; x_wconf 87' lang='lat' dir='ltr'><strong>ad</strong></span> <span class='ocrx_word' id='word_1_558' title='bbox 3404 3355 3653 3426; x_wconf 80' lang='lat' dir='ltr'><strong>judican-</strong></span> 
     </span>
    </p>
   </div>
   <div class='ocr_carea' id='block_1_78' title="bbox 2072 3447 3649 3522">
    <p class='ocr_par' dir='ltr' id='par_1_78' title="bbox 2072 3447 3649 3522">
     <span class='ocr_line' id='line_1_78' title="bbox 2072 3447 3649 3522; baseline -0.007 -11"><span class='ocrx_word' id='word_1_559' title='bbox 2072 3457 2199 3511; x_wconf 90' lang='lat' dir='ltr'><strong>dum</strong></span> <span class='ocrx_word' id='word_1_560' title='bbox 2228 3455 2415 3510; x_wconf 90' lang='lat' dir='ltr'><strong>orbem</strong></span> <span class='ocrx_word' id='word_1_561' title='bbox 2449 3461 2742 3519; x_wconf 82' lang='lat' dir='ltr'><strong>terrarum,</strong></span> <span class='ocrx_word' id='word_1_562' title='bbox 2761 3460 3088 3522; x_wconf 82' lang='lat' dir='ltr'><strong>constatque</strong></span> <span class='ocrx_word' id='word_1_563' title='bbox 3121 3465 3244 3506; x_wconf 85' lang='lat' dir='ltr'><strong>eum</strong></span> <span class='ocrx_word' id='word_1_564' title='bbox 3286 3449 3474 3504; x_wconf 80' lang='lat' dir='ltr'><strong>diluvii</strong></span> <span class='ocrx_word' id='word_1_565' title='bbox 3505 3447 3649 3504; x_wconf 89' lang='lat' dir='ltr'><strong>diem</strong></span> 
     </span>
    </p>
   </div>
   <div class='ocr_carea' id='block_1_79' title="bbox 2072 3539 3648 3614">
    <p class='ocr_par' dir='ltr' id='par_1_79' title="bbox 2072 3539 3648 3614">
     <span class='ocr_line' id='line_1_79' title="bbox 2072 3539 3648 3614; baseline -0.005 -15"><span class='ocrx_word' id='word_1_566' title='bbox 2072 3559 2183 3599; x_wconf 83' lang='lat' dir='ltr'><strong>non</strong></span> <span class='ocrx_word' id='word_1_567' title='bbox 2208 3544 2526 3614; x_wconf 85' lang='lat' dir='ltr'><strong>ignorasse:</strong></span> <span class='ocrx_word' id='word_1_568' title='bbox 2551 3542 2624 3597; x_wconf 89' lang='lat' dir='ltr'><strong>ita</strong></span> <span class='ocrx_word' id='word_1_569' title='bbox 2649 3543 2796 3597; x_wconf 89' lang='lat' dir='ltr'><strong>enim</strong></span> <span class='ocrx_word' id='word_1_570' title='bbox 2827 3542 2894 3598; x_wconf 89' lang='lat' dir='ltr'><strong>ad</strong></span> <span class='ocrx_word' id='word_1_571' title='bbox 2918 3541 3029 3597; x_wconf 75' lang='lat' dir='ltr'><strong>Noe</strong></span> <span class='ocrx_word' id='word_1_572' title='bbox 3055 3540 3263 3610; x_wconf 85' lang='lat' dir='ltr'><strong>inquit:</strong></span> <span class='ocrx_word' id='word_1_573' title='bbox 3288 3557 3307 3590; x_wconf 73' lang='grc' dir='ltr'><strong>ι</strong></span> <span class='ocrx_word' id='word_1_574' title='bbox 3338 3539 3648 3609; x_wconf 87' lang='lat' dir='ltr'><strong>Ingredere,</strong></span> 
     </span>
    </p>
   </div>
   <div class='ocr_carea' id='block_1_80' title="bbox 2073 3629 3689 3703">
    <p class='ocr_par' dir='ltr' id='par_1_80' title="bbox 2073 3629 3689 3703">
     <span class='ocr_line' id='line_1_80' title="bbox 2073 3629 3689 3703; baseline -0.004 -15"><span class='ocrx_word' id='word_1_575' title='bbox 2073 3642 2127 3690; x_wconf 86' lang='lat' dir='ltr'><strong>tu</strong></span> <span class='ocrx_word' id='word_1_576' title='bbox 2152 3643 2208 3690; x_wconf 85' lang='lat' dir='ltr'><strong>et</strong></span> <span class='ocrx_word' id='word_1_577' title='bbox 2240 3633 2332 3688; x_wconf 79' lang='lat' dir='ltr'><strong>ﬁlii</strong></span> <span class='ocrx_word' id='word_1_578' title='bbox 2365 3632 2462 3698; x_wconf 85' lang='lat' dir='ltr'><strong>tui,</strong></span> <span class='ocrx_word' id='word_1_579' title='bbox 2498 3632 2551 3688; x_wconf 91' lang='lat' dir='ltr'><strong>in</strong></span> <span class='ocrx_word' id='word_1_580' title='bbox 2581 3647 2762 3690; x_wconf 87' lang='lat' dir='ltr'><strong>arcam</strong></span> <span class='ocrx_word' id='word_1_581' title='bbox 2791 3651 2806 3688; x_wconf 86' lang='lat'><strong>:</strong></span> <span class='ocrx_word' id='word_1_582' title='bbox 2839 3647 2942 3703; x_wconf 86' lang='lat' dir='ltr'><strong>ego</strong></span> <span class='ocrx_word' id='word_1_583' title='bbox 2964 3631 3111 3686; x_wconf 88' lang='lat' dir='ltr'><strong>enim</strong></span> <span class='ocrx_word' id='word_1_584' title='bbox 3142 3641 3266 3700; x_wconf 85' lang='lat' dir='ltr'><strong>post</strong></span> <span class='ocrx_word' id='word_1_585' title='bbox 3296 3629 3413 3685; x_wconf 88' lang='lat' dir='ltr'><strong>dies</strong></span> <span class='ocrx_word' id='word_1_586' title='bbox 3441 3639 3649 3699; x_wconf 86' lang='lat' dir='ltr'><strong>septem</strong></span> <span class='ocrx_word' id='word_1_587' title='bbox 3679 3667 3689 3676; x_wconf 68' lang='grc' dir='ltr'><strong>ς</strong></span> 
     </span>
    </p>
   </div>
   <div class='ocr_carea' id='block_1_81' title="bbox 2071 3723 3648 3797">
    <p class='ocr_par' dir='ltr' id='par_1_81' title="bbox 2071 3723 3648 3797">
     <span class='ocr_line' id='line_1_81' title="bbox 2071 3723 3648 3797; baseline -0.007 -14"><span class='ocrx_word' id='word_1_588' title='bbox 2071 3727 2322 3783; x_wconf 81' lang='lat' dir='ltr'><strong>inducam</strong></span> <span class='ocrx_word' id='word_1_589' title='bbox 2349 3726 2582 3797; x_wconf 87' lang='lat' dir='ltr'><strong>pluviam</strong></span> <span class='ocrx_word' id='word_1_590' title='bbox 2612 3727 2666 3782; x_wconf 86' lang='lat' dir='ltr'><strong>in</strong></span> <span class='ocrx_word' id='word_1_591' title='bbox 2686 3737 2889 3784; x_wconf 81' lang='lat' dir='ltr'><strong>terram</strong></span> <span class='ocrx_word' id='word_1_592' title='bbox 2907 3727 2986 3780; x_wconf 74' lang='grc' dir='ltr'><strong>ὀι</strong></span> <span class='ocrx_word' id='word_1_593' title='bbox 3014 3744 3034 3779; x_wconf 72' lang='grc' dir='ltr'><strong>ι</strong></span> <span class='ocrx_word' id='word_1_594' title='bbox 3071 3725 3219 3779; x_wconf 86' lang='lat' dir='ltr'><strong>novit</strong></span> <span class='ocrx_word' id='word_1_595' title='bbox 3250 3725 3432 3792; x_wconf 85' lang='lat' dir='ltr'><strong>itaque</strong></span> <span class='ocrx_word' id='word_1_596' title='bbox 3459 3723 3648 3776; x_wconf 87' lang='lat' dir='ltr'><strong>horam</strong></span> 
     </span>
    </p>
   </div>
   <div class='ocr_carea' id='block_1_82' title="bbox 2072 3817 3647 3886">
    <p class='ocr_par' dir='ltr' id='par_1_82' title="bbox 2072 3817 3647 3886">
     <span class='ocr_line' id='line_1_82' title="bbox 2072 3817 3647 3886; baseline -0.008 -11"><span class='ocrx_word' id='word_1_597' title='bbox 2072 3829 2126 3876; x_wconf 89' lang='lat' dir='ltr'><strong>et</strong></span> <span class='ocrx_word' id='word_1_598' title='bbox 2158 3819 2299 3875; x_wconf 90' lang='lat' dir='ltr'><strong>diem</strong></span> <span class='ocrx_word' id='word_1_599' title='bbox 2333 3821 2413 3876; x_wconf 90' lang='lat' dir='ltr'><strong>sui</strong></span> <span class='ocrx_word' id='word_1_600' title='bbox 2441 3822 2726 3886; x_wconf 86' lang='lat' dir='ltr'><strong>adventus,</strong></span> <span class='ocrx_word' id='word_1_601' title='bbox 2776 3830 2836 3874; x_wconf 90' lang='lat' dir='ltr'><strong>ut</strong></span> <span class='ocrx_word' id='word_1_602' title='bbox 2869 3834 3049 3873; x_wconf 89' lang='lat' dir='ltr'><strong>rerum</strong></span> <span class='ocrx_word' id='word_1_603' title='bbox 3089 3817 3391 3872; x_wconf 88' lang='lat' dir='ltr'><strong>similitudo</strong></span> <span class='ocrx_word' id='word_1_604' title='bbox 3425 3827 3647 3868; x_wconf 88' lang='lat' dir='ltr'><strong>conser-</strong></span> 
     </span>
    </p>
   </div>
   <div class='ocr_carea' id='block_1_83' title="bbox 2070 3905 3675 3982">
    <p class='ocr_par' dir='ltr' id='par_1_83' title="bbox 2070 3905 3675 3982">
     <span class='ocr_line' id='line_1_83' title="bbox 2070 3905 3675 3982; baseline -0.005 -17"><span class='ocrx_word' id='word_1_605' title='bbox 2070 3922 2249 3977; x_wconf 87' lang='lat' dir='ltr'><strong>vetur,</strong></span> <span class='ocrx_word' id='word_1_606' title='bbox 2293 3922 2349 3968; x_wconf 88' lang='lat' dir='ltr'><strong>et</strong></span> <span class='ocrx_word' id='word_1_607' title='bbox 2385 3923 2544 3982; x_wconf 83' lang='lat' dir='ltr'><strong>typus</strong></span> <span class='ocrx_word' id='word_1_608' title='bbox 2590 3913 2708 3968; x_wconf 87' lang='lat' dir='ltr'><strong>sive</strong></span> <span class='ocrx_word' id='word_1_609' title='bbox 2752 3913 2930 3979; x_wconf 83' lang='lat' dir='ltr'><strong>imago</strong></span> <span class='ocrx_word' id='word_1_610' title='bbox 2965 3923 3086 3979; x_wconf 70' lang='lat' dir='ltr'><strong>qua:</strong></span> <span class='ocrx_word' id='word_1_611' title='bbox 3130 3910 3182 3962; x_wconf 92' lang='lat' dir='ltr'><strong>in</strong></span> <span class='ocrx_word' id='word_1_612' title='bbox 3221 3907 3328 3961; x_wconf 90' lang='lat' dir='ltr'><strong>illis</strong></span> <span class='ocrx_word' id='word_1_613' title='bbox 3355 3913 3458 3970; x_wconf 89' lang='lat' dir='ltr'><strong>est,</strong></span> <span class='ocrx_word' id='word_1_614' title='bbox 3511 3905 3675 3957; x_wconf 34' lang='lat' dir='ltr'><strong>hanc.</strong></span> 
     </span>
    </p>
   </div>
   <div class='ocr_carea' id='block_1_84' title="bbox 2071 4003 2363 4063">
    <p class='ocr_par' dir='ltr' id='par_1_84' title="bbox 2071 4003 2363 4063">
     <span class='ocr_line' id='line_1_84' title="bbox 2071 4003 2363 4063; baseline -0.003 -6"><span class='ocrx_word' id='word_1_615' title='bbox 2071 4003 2363 4063; x_wconf 75' lang='lat' dir='ltr'><strong>signiﬁcet.</strong></span> 
     </span>
    </p>
   </div>
   <div class='ocr_carea' id='block_1_85' title="bbox 2069 4193 3649 4259">
    <p class='ocr_par' dir='ltr' id='par_1_85' title="bbox 2069 4193 3649 4259">
     <span class='ocr_line' id='line_1_85' title="bbox 2069 4193 3649 4259; baseline -0.005 -3"><span class='ocrx_word' id='word_1_616' title='bbox 2069 4199 2282 4258; x_wconf 74' lang='grc' dir='ltr'><strong>Αυιυι)</strong></span> <span class='ocrx_word' id='word_1_617' title='bbox 2314 4199 2386 4252; x_wconf 74' lang='grc' dir='ltr'><strong>ἰηι</strong></span> <span class='ocrx_word' id='word_1_618' title='bbox 2408 4198 2544 4251; x_wconf 74' lang='lat' dir='ltr'><strong>idem</strong></span> <span class='ocrx_word' id='word_1_619' title='bbox 2573 4209 2592 4248; x_wconf 89' lang='lat'><strong><em>:</em></strong></span> <span class='ocrx_word' id='word_1_620' title='bbox 2631 4215 2650 4247; x_wconf 77' lang='grc' dir='ltr'><strong>ι</strong></span> <span class='ocrx_word' id='word_1_621' title='bbox 2684 4195 2760 4250; x_wconf 83' lang='lat' dir='ltr'><strong>De</strong></span> <span class='ocrx_word' id='word_1_622' title='bbox 2791 4195 2876 4248; x_wconf 82' lang='lat' dir='ltr'><strong>die</strong></span> <span class='ocrx_word' id='word_1_623' title='bbox 2922 4193 3015 4248; x_wconf 85' lang='lat' dir='ltr'><strong>illa</strong></span> <span class='ocrx_word' id='word_1_624' title='bbox 3062 4204 3111 4249; x_wconf 83' lang='lat' dir='ltr'><strong>et</strong></span> <span class='ocrx_word' id='word_1_625' title='bbox 3153 4196 3284 4248; x_wconf 80' lang='lat' dir='ltr'><strong>hora</strong></span> <span class='ocrx_word' id='word_1_626' title='bbox 3315 4209 3462 4250; x_wconf 81' lang='lat' dir='ltr'><strong>nemo</strong></span> <span class='ocrx_word' id='word_1_627' title='bbox 3488 4195 3649 4259; x_wconf 75' lang='lat' dir='ltr'><strong>novit,</strong></span> 
     </span>
    </p>
   </div>
   <div class='ocr_carea' id='block_1_86' title="bbox 2142 4264 3676 4396">
    <p class='ocr_par' dir='ltr' id='par_1_86' title="bbox 2142 4264 3676 4396">
     <span class='ocr_line' id='line_1_86' title="bbox 2142 4264 3676 4394; baseline -0.003 -69"><span class='ocrx_word' id='word_1_628' title='bbox 2142 4287 2305 4394; x_wconf 53' lang='lat' dir='ltr'><strong>agique</strong></span> <span class='ocrx_word' id='word_1_629' title='bbox 2349 4268 2524 4338; x_wconf 82' lang='lat' dir='ltr'><strong>angeli</strong></span> <span class='ocrx_word' id='word_1_630' title='bbox 2575 4267 2857 4330; x_wconf 68' lang='lat' dir='ltr'><strong>calorum,</strong></span> <span class='ocrx_word' id='word_1_631' title='bbox 2901 4281 3064 4337; x_wconf 79' lang='lat' dir='ltr'><strong>neque</strong></span> <span class='ocrx_word' id='word_1_632' title='bbox 3118 4264 3315 4332; x_wconf 80' lang='lat' dir='ltr'><strong>Filius,</strong></span> <span class='ocrx_word' id='word_1_633' title='bbox 3369 4269 3454 4321; x_wconf 75' lang='lat' dir='ltr'><strong>sed</strong></span> <span class='ocrx_word' id='word_1_634' title='bbox 3505 4266 3676 4321; x_wconf 78' lang='lat' dir='ltr'><strong>solus-</strong></span> 
     </span>
     <span class='ocr_line' id='line_1_87' title="bbox 2187 4352 2370 4396; baseline -0.016 0"><span class='ocrx_word' id='word_1_635' title='bbox 2187 4352 2318 4396; x_wconf 77' lang='lat' dir='ltr'><strong>aler.</strong></span> <span class='ocrx_word' id='word_1_636' title='bbox 2352 4359 2370 4393; x_wconf 75' lang='grc' dir='ltr'><strong>ι</strong></span> 
     </span>
    </p>
   </div>
   <div class='ocr_carea' id='block_1_87' title="bbox 449 4442 1972 4536">
    <p class='ocr_par' dir='ltr' id='par_1_87' title="bbox 449 4442 1967 4520">
     <span class='ocr_line' id='line_1_88' title="bbox 449 4442 1967 4520; baseline 0.007 -26"><span class='ocrx_word' id='word_1_637' title='bbox 449 4443 622 4495; x_wconf 84' lang='grc' dir='ltr'><strong>Ὅταν</strong></span> <span class='ocrx_word' id='word_1_638' title='bbox 650 4444 683 4514; x_wconf 73' lang='grc' dir='ltr'>ἡ</span> <span class='ocrx_word' id='word_1_639' title='bbox 708 4442 830 4496; x_wconf 88' lang='grc' dir='ltr'><strong>θεία</strong></span> <span class='ocrx_word' id='word_1_640' title='bbox 852 4443 1207 4518; x_wconf 75' lang='grc' dir='ltr'><strong>λέγῃΓραφὴ</strong></span> <span class='ocrx_word' id='word_1_641' title='bbox 1237 4447 1365 4520; x_wconf 68' lang='grc' dir='ltr'><strong>περὶ</strong></span> <span class='ocrx_word' id='word_1_642' title='bbox 1399 4444 1494 4500; x_wconf 88' lang='grc' dir='ltr'><strong>τοῦ</strong></span> <span class='ocrx_word' id='word_1_643' title='bbox 1525 4447 1777 4520; x_wconf 82' lang='grc' dir='ltr'><strong>Σωτῆρος</strong></span> <span class='ocrx_word' id='word_1_644' title='bbox 1809 4450 1967 4520; x_wconf 79' lang='grc' dir='ltr'><strong>ἡμῶν</strong></span> 
     </span>
    </p>
   </div>
   <div class='ocr_carea' id='block_1_88' title="bbox 2074 4442 3650 4536">
    <p class='ocr_par' dir='ltr' id='par_1_88' title="bbox 2143 4451 3650 4522">
     <span class='ocr_line' id='line_1_89' title="bbox 2143 4451 3650 4522; baseline -0.005 -13"><span class='ocrx_word' id='word_1_645' title='bbox 2143 4454 2277 4509; x_wconf 89' lang='lat' dir='ltr'><strong>Cum</strong></span> <span class='ocrx_word' id='word_1_646' title='bbox 2311 4467 2466 4514; x_wconf 81' lang='lat' dir='ltr'><strong>sacra</strong></span> <span class='ocrx_word' id='word_1_647' title='bbox 2512 4451 2793 4522; x_wconf 83' lang='lat' dir='ltr'><strong>Scriptura</strong></span> <span class='ocrx_word' id='word_1_648' title='bbox 2841 4452 2990 4509; x_wconf 85' lang='lat' dir='ltr'><strong>dicat</strong></span> <span class='ocrx_word' id='word_1_649' title='bbox 3012 4451 3362 4509; x_wconf 82' lang='lat' dir='ltr'><strong>Servatorem</strong></span> <span class='ocrx_word' id='word_1_650' title='bbox 3402 4461 3650 4506; x_wconf 84' lang='lat' dir='ltr'><strong>nostrum</strong></span> 
     </span>
    </p>
   </div>
   <div class='ocr_carea' id='block_1_89' title="bbox 376 4535 1970 4610">
    <p class='ocr_par' dir='ltr' id='par_1_89' title="bbox 376 4535 1970 4610">
     <span class='ocr_line' id='line_1_90' title="bbox 376 4535 1970 4610; baseline 0.005 -20"><span class='ocrx_word' id='word_1_651' title='bbox 376 4535 643 4606; x_wconf 80' lang='grc' dir='ltr'><strong>Χριστοῦ,</strong></span> <span class='ocrx_word' id='word_1_652' title='bbox 660 4536 740 4590; x_wconf 82' lang='grc' dir='ltr'><strong>ὅτι</strong></span> <span class='ocrx_word' id='word_1_653' title='bbox 764 4537 858 4590; x_wconf 80' lang='grc' dir='ltr'><strong>καὶ</strong></span> <span class='ocrx_word' id='word_1_654' title='bbox 877 4539 1151 4610; x_wconf 83' lang='grc' dir='ltr'><strong>ὲπείνησε,</strong></span> <span class='ocrx_word' id='word_1_655' title='bbox 1180 4541 1273 4594; x_wconf 73' lang='grc' dir='ltr'><strong>καὶ</strong></span> <span class='ocrx_word' id='word_1_656' title='bbox 1297 4539 1536 4610; x_wconf 75' lang='grc' dir='ltr'><strong>ἐδίψησε,</strong></span> <span class='ocrx_word' id='word_1_657' title='bbox 1553 4543 1655 4596; x_wconf 83' lang='grc' dir='ltr'><strong>καὶ</strong></span> <span class='ocrx_word' id='word_1_658' title='bbox 1681 4543 1970 4598; x_wconf 76' lang='grc' dir='ltr'><strong>ἐκοπίασεν</strong></span> 
     </span>
    </p>
   </div>
   <div class='ocr_carea' id='block_1_90' title="bbox 378 4626 1968 4702">
    <p class='ocr_par' dir='ltr' id='par_1_90' title="bbox 378 4626 1968 4702">
     <span class='ocr_line' id='line_1_91' title="bbox 378 4626 1968 4702; baseline 0.008 -22"><span class='ocrx_word' id='word_1_659' title='bbox 378 4628 442 4680; x_wconf 74' lang='grc' dir='ltr'><strong>ἐκ</strong></span> <span class='ocrx_word' id='word_1_660' title='bbox 468 4626 571 4699; x_wconf 78' lang='grc' dir='ltr'><strong>τῇς</strong></span> <span class='ocrx_word' id='word_1_661' title='bbox 622 4627 951 4700; x_wconf 86' lang='grc' dir='ltr'><strong>ὁδοιπορίας,</strong></span> <span class='ocrx_word' id='word_1_662' title='bbox 990 4631 1085 4686; x_wconf 78' lang='grc' dir='ltr'><strong>καὶ</strong></span> <span class='ocrx_word' id='word_1_663' title='bbox 1137 4632 1430 4686; x_wconf 80' lang='grc' dir='ltr'><strong>ἐκάθευδεν</strong></span> <span class='ocrx_word' id='word_1_664' title='bbox 1477 4634 1732 4689; x_wconf 85' lang='grc' dir='ltr'><strong>εἰσελθὼν</strong></span> <span class='ocrx_word' id='word_1_665' title='bbox 1781 4637 1862 4702; x_wconf 86' lang='grc' dir='ltr'><strong>εἰς</strong></span> <span class='ocrx_word' id='word_1_666' title='bbox 1903 4637 1968 4692; x_wconf 86' lang='grc' dir='ltr'><strong>τὸ</strong></span> 
     </span>
    </p>
   </div>
   <div class='ocr_carea' id='block_1_91' title="bbox 381 4717 1969 4800">
    <p class='ocr_par' dir='ltr' id='par_1_91' title="bbox 381 4717 1969 4800">
     <span class='ocr_line' id='line_1_92' title="bbox 381 4717 1969 4800; baseline 0.008 -30"><span class='ocrx_word' id='word_1_667' title='bbox 381 4717 614 4789; x_wconf 79' lang='grc' dir='ltr'><strong>σκάφος,</strong></span> <span class='ocrx_word' id='word_1_668' title='bbox 648 4718 700 4770; x_wconf 87' lang='grc' dir='ltr'><strong>τί</strong></span> <span class='ocrx_word' id='word_1_669' title='bbox 732 4718 842 4790; x_wconf 79' lang='grc' dir='ltr'><strong>ἄρα</strong></span> <span class='ocrx_word' id='word_1_670' title='bbox 874 4721 1194 4789; x_wconf 80' lang='grc' dir='ltr'><strong>ποιήσουσιν</strong></span> <span class='ocrx_word' id='word_1_671' title='bbox 1247 4724 1294 4778; x_wconf 91' lang='grc' dir='ltr'><strong>οί</strong></span> <span class='ocrx_word' id='word_1_672' title='bbox 1327 4726 1718 4798; x_wconf 73' lang='grc' dir='ltr'><strong>χριστομὰχοις</strong></span> <span class='ocrx_word' id='word_1_673' title='bbox 1747 4729 1969 4800; x_wconf 85' lang='grc' dir='ltr'><strong>Τολμή-</strong></span> 
     </span>
    </p>
   </div>
   <div class='ocr_carea' id='block_1_92' title="bbox 382 4808 1982 4888">
    <p class='ocr_par' dir='ltr' id='par_1_92' title="bbox 382 4808 1982 4888">
     <span class='ocr_line' id='line_1_93' title="bbox 382 4808 1982 4888; baseline 0.008 -26"><span class='ocrx_word' id='word_1_674' title='bbox 382 4824 567 4863; x_wconf 87' lang='grc' dir='ltr'><strong>σουσιν</strong></span> <span class='ocrx_word' id='word_1_675' title='bbox 604 4808 714 4880; x_wconf 76' lang='grc' dir='ltr'><strong>ἄρα</strong></span> <span class='ocrx_word' id='word_1_676' title='bbox 741 4810 922 4879; x_wconf 84' lang='grc' dir='ltr'><strong>λέγειν</strong></span> <span class='ocrx_word' id='word_1_677' title='bbox 951 4814 1044 4867; x_wconf 79' lang='grc' dir='ltr'><strong>καὶ</strong></span> <span class='ocrx_word' id='word_1_678' title='bbox 1075 4813 1252 4870; x_wconf 86' lang='grc' dir='ltr'><strong>ταῦτα</strong></span> <span class='ocrx_word' id='word_1_679' title='bbox 1289 4816 1575 4888; x_wconf 84' lang='grc' dir='ltr'><strong>ὑπομεῖναι</strong></span> <span class='ocrx_word' id='word_1_680' title='bbox 1603 4818 1694 4872; x_wconf 80' lang='grc' dir='ltr'><strong>τὸν</strong></span> <span class='ocrx_word' id='word_1_681' title='bbox 1722 4819 1813 4873; x_wconf 90' lang='grc' dir='ltr'><strong>τοῦ</strong></span> <span class='ocrx_word' id='word_1_682' title='bbox 1830 4819 1982 4874; x_wconf 86' lang='grc' dir='ltr'><strong>Θεοῦ</strong></span> 
     </span>
    </p>
   </div>
   <div class='ocr_carea' id='block_1_93' title="bbox 379 4901 1972 4981">
    <p class='ocr_par' dir='ltr' id='par_1_93' title="bbox 379 4901 1972 4981">
     <span class='ocr_line' id='line_1_94' title="bbox 379 4901 1972 4981; baseline 0.006 -26"><span class='ocrx_word' id='word_1_683' title='bbox 379 4901 574 4971; x_wconf 88' lang='grc' dir='ltr'><strong>Λόγον,</strong></span> <span class='ocrx_word' id='word_1_684' title='bbox 596 4901 632 4974; x_wconf 75' lang='grc' dir='ltr'><strong>ἢ</strong></span> <span class='ocrx_word' id='word_1_685' title='bbox 659 4902 831 4959; x_wconf 87' lang='grc' dir='ltr'><strong>ταῦτα</strong></span> <span class='ocrx_word' id='word_1_686' title='bbox 859 4905 959 4977; x_wconf 79' lang='grc' dir='ltr'><strong>μὲν</strong></span> <span class='ocrx_word' id='word_1_687' title='bbox 994 4905 1069 4971; x_wconf 84' lang='grc' dir='ltr'><strong>ὡς</strong></span> <span class='ocrx_word' id='word_1_688' title='bbox 1091 4907 1190 4978; x_wconf 83' lang='grc' dir='ltr'><strong>τῆς</strong></span> <span class='ocrx_word' id='word_1_689' title='bbox 1219 4907 1634 4981; x_wconf 84' lang='grc' dir='ltr'><strong>ἀνθρωπότητος</strong></span> <span class='ocrx_word' id='word_1_690' title='bbox 1663 4909 1773 4964; x_wconf 84' lang='grc' dir='ltr'><strong>ἴδια</strong></span> <span class='ocrx_word' id='word_1_691' title='bbox 1805 4927 1972 4980; x_wconf 78' lang='grc' dir='ltr'><strong>προσ-</strong></span> 
     </span>
    </p>
   </div>
   <div class='ocr_carea' id='block_1_94' title="bbox 379 4993 1968 5072">
    <p class='ocr_par' dir='ltr' id='par_1_94' title="bbox 379 4993 1968 5072">
     <span class='ocr_line' id='line_1_95' title="bbox 379 4993 1968 5072; baseline 0.006 -26"><span class='ocrx_word' id='word_1_692' title='bbox 379 4993 580 5062; x_wconf 81' lang='grc' dir='ltr'><strong>ἀψουσι</strong></span> <span class='ocrx_word' id='word_1_693' title='bbox 615 4997 683 5067; x_wconf 74' lang='grc' dir='ltr'><strong>τῇ</strong></span> <span class='ocrx_word' id='word_1_694' title='bbox 718 4997 904 5067; x_wconf 72' lang='grc' dir='ltr'><strong>σαρκὶ,</strong></span> <span class='ocrx_word' id='word_1_695' title='bbox 963 4997 1070 5062; x_wconf 74' lang='grc' dir='ltr'><strong>ἔξω</strong></span> <span class='ocrx_word' id='word_1_696' title='bbox 1091 4999 1148 5052; x_wconf 84' lang='grc' dir='ltr'><strong>δὲ</strong></span> <span class='ocrx_word' id='word_1_697' title='bbox 1174 4999 1352 5054; x_wconf 82' lang='grc' dir='ltr'><strong>αὐτῶν</strong></span> <span class='ocrx_word' id='word_1_698' title='bbox 1377 5001 1808 5072; x_wconf 84' lang='grc' dir='ltr'><strong>ὁμολογήσουσιν</strong></span> <span class='ocrx_word' id='word_1_699' title='bbox 1829 4997 1968 5056; x_wconf 82' lang='grc' dir='ltr'><strong>εἶναι</strong></span> 
     </span>
    </p>
   </div>
   <div class='ocr_carea' id='block_1_95' title="bbox 379 5085 1967 5167">
    <p class='ocr_par' dir='ltr' id='par_1_95' title="bbox 379 5085 1967 5167">
     <span class='ocr_line' id='line_1_96' title="bbox 379 5085 1967 5167; baseline 0.008 -30"><span class='ocrx_word' id='word_1_700' title='bbox 379 5085 470 5138; x_wconf 82' lang='grc' dir='ltr'><strong>τὸν</strong></span> <span class='ocrx_word' id='word_1_701' title='bbox 498 5086 593 5140; x_wconf 87' lang='grc' dir='ltr'><strong>τοῦ</strong></span> <span class='ocrx_word' id='word_1_702' title='bbox 624 5088 764 5143; x_wconf 85' lang='grc' dir='ltr'><strong>Θεοῦ</strong></span> <span class='ocrx_word' id='word_1_703' title='bbox 792 5089 986 5158; x_wconf 90' lang='grc' dir='ltr'><strong>Λόγον,</strong></span> <span class='ocrx_word' id='word_1_704' title='bbox 1068 5091 1240 5162; x_wconf 89' lang='grc' dir='ltr'><strong>Λόγος</strong></span> <span class='ocrx_word' id='word_1_705' title='bbox 1269 5093 1450 5159; x_wconf 75' lang='grc' dir='ltr'><strong>ὲστίνς</strong></span> <span class='ocrx_word' id='word_1_706' title='bbox 1481 5095 1695 5167; x_wconf 79' lang='grc' dir='ltr'><strong>Ὠσπερ</strong></span> <span class='ocrx_word' id='word_1_707' title='bbox 1715 5090 1808 5148; x_wconf 78' lang='grc' dir='ltr'><strong>οῦν</strong></span> <span class='ocrx_word' id='word_1_708' title='bbox 1837 5113 1967 5163; x_wconf 84' lang='grc' dir='ltr'><strong>συγ-</strong></span> 
     </span>
    </p>
   </div>
   <div class='ocr_carea' id='block_1_96' title="bbox 381 5177 1967 5257">
    <p class='ocr_par' dir='ltr' id='par_1_96' title="bbox 381 5177 1967 5257">
     <span class='ocr_line' id='line_1_97' title="bbox 381 5177 1967 5257; baseline 0.006 -27"><span class='ocrx_word' id='word_1_709' title='bbox 381 5177 695 5251; x_wconf 79' lang='grc' dir='ltr'><strong>κεχώρηκεν</strong></span> <span class='ocrx_word' id='word_1_710' title='bbox 721 5182 912 5238; x_wconf 79' lang='grc' dir='ltr'><strong>ἑαυτὸν</strong></span> <span class='ocrx_word' id='word_1_711' title='bbox 936 5183 1012 5248; x_wconf 83' lang='grc' dir='ltr'><strong>ὡς</strong></span> <span class='ocrx_word' id='word_1_712' title='bbox 1036 5183 1323 5257; x_wconf 79' lang='grc' dir='ltr'><strong>ἄνθρωπον</strong></span> <span class='ocrx_word' id='word_1_713' title='bbox 1368 5184 1660 5255; x_wconf 85' lang='grc' dir='ltr'><strong>γενόμενον</strong></span> <span class='ocrx_word' id='word_1_714' title='bbox 1711 5186 1848 5254; x_wconf 85' lang='grc' dir='ltr'><strong>μετά</strong></span> <span class='ocrx_word' id='word_1_715' title='bbox 1872 5187 1967 5239; x_wconf 85' lang='grc' dir='ltr'><strong>ἀν-</strong></span> 
     </span>
    </p>
   </div>
   <div class='ocr_carea' id='block_1_97' title="bbox 379 5267 1963 5349">
    <p class='ocr_par' dir='ltr' id='par_1_97' title="bbox 379 5267 1963 5349">
     <span class='ocr_line' id='line_1_98' title="bbox 379 5267 1963 5349; baseline 0.004 -29"><span class='ocrx_word' id='word_1_716' title='bbox 379 5267 615 5343; x_wconf 75' lang='grc' dir='ltr'><strong>θρώπων</strong></span> <span class='ocrx_word' id='word_1_717' title='bbox 651 5271 748 5326; x_wconf 66' lang='grc' dir='ltr'><strong>καὶ</strong></span> <span class='ocrx_word' id='word_1_718' title='bbox 781 5275 972 5345; x_wconf 82' lang='grc' dir='ltr'><strong>πεινῇν</strong></span> <span class='ocrx_word' id='word_1_719' title='bbox 995 5273 1090 5328; x_wconf 70' lang='grc' dir='ltr'><strong>καὶ</strong></span> <span class='ocrx_word' id='word_1_720' title='bbox 1113 5273 1295 5349; x_wconf 75' lang='grc' dir='ltr'><strong>διψῇν,</strong></span> <span class='ocrx_word' id='word_1_721' title='bbox 1331 5275 1424 5327; x_wconf 73' lang='grc' dir='ltr'><strong>καὶ</strong></span> <span class='ocrx_word' id='word_1_722' title='bbox 1453 5274 1521 5326; x_wconf 82' lang='grc' dir='ltr'><strong>τὰ</strong></span> <span class='ocrx_word' id='word_1_723' title='bbox 1550 5273 1686 5328; x_wconf 79' lang='grc' dir='ltr'><strong>ἄλλα</strong></span> <span class='ocrx_word' id='word_1_724' title='bbox 1716 5274 1963 5344; x_wconf 85' lang='grc' dir='ltr'><strong>πάσχειν,</strong></span> 
     </span>
    </p>
   </div>
   <div class='ocr_carea' id='block_1_98' title="bbox 376 5360 1966 5436">
    <p class='ocr_par' dir='ltr' id='par_1_98' title="bbox 376 5360 1966 5436">
     <span class='ocr_line' id='line_1_99' title="bbox 376 5360 1966 5436; baseline 0.003 -23"><span class='ocrx_word' id='word_1_725' title='bbox 376 5360 519 5432; x_wconf 71' lang='grc' dir='ltr'><strong>ἅπερ</strong></span> <span class='ocrx_word' id='word_1_726' title='bbox 544 5362 761 5435; x_wconf 78' lang='grc' dir='ltr'><strong>εἴρηται</strong></span> <span class='ocrx_word' id='word_1_727' title='bbox 787 5365 1137 5435; x_wconf 78' lang='grc' dir='ltr'><strong>περὶ-αὑτοῦ,</strong></span> <span class='ocrx_word' id='word_1_728' title='bbox 1191 5367 1284 5420; x_wconf 77' lang='grc' dir='ltr'><strong>τὸν</strong></span> <span class='ocrx_word' id='word_1_729' title='bbox 1307 5365 1477 5418; x_wconf 77' lang='grc' dir='ltr'><strong>αὐτὸν</strong></span> <span class='ocrx_word' id='word_1_730' title='bbox 1509 5365 1575 5434; x_wconf 81' lang='grc' dir='ltr'><strong>δὴ</strong></span> <span class='ocrx_word' id='word_1_731' title='bbox 1603 5364 1802 5436; x_wconf 86' lang='grc' dir='ltr'><strong>τρόπον</strong></span> <span class='ocrx_word' id='word_1_732' title='bbox 1833 5366 1966 5418; x_wconf 82' lang='grc' dir='ltr'><strong>ἀκό-</strong></span> 
     </span>
    </p>
   </div>
   <div class='ocr_carea' id='block_1_99' title="bbox 373 5450 1964 5528">
    <p class='ocr_par' dir='ltr' id='par_1_99' title="bbox 373 5450 1964 5528">
     <span class='ocr_line' id='line_1_100' title="bbox 373 5450 1964 5528; baseline 0.012 -24"><span class='ocrx_word' id='word_1_733' title='bbox 373 5450 562 5507; x_wconf 83' lang='grc' dir='ltr'><strong>λουθον</strong></span> <span class='ocrx_word' id='word_1_734' title='bbox 603 5455 682 5528; x_wconf 80' lang='grc' dir='ltr'><strong>μὴ</strong></span> <span class='ocrx_word' id='word_1_735' title='bbox 738 5456 1216 5523; x_wconf 80' lang='grc' dir='ltr'><strong>σκανδαλίζεσθαι,</strong></span> <span class='ocrx_word' id='word_1_736' title='bbox 1246 5455 1350 5510; x_wconf 68' lang='grc' dir='ltr'><strong>κᾶν</strong></span> <span class='ocrx_word' id='word_1_737' title='bbox 1393 5454 1468 5519; x_wconf 79' lang='grc' dir='ltr'><strong>ὡς</strong></span> <span class='ocrx_word' id='word_1_738' title='bbox 1497 5454 1786 5528; x_wconf 82' lang='grc' dir='ltr'><strong>ἄνθρωπος</strong></span> <span class='ocrx_word' id='word_1_739' title='bbox 1832 5453 1964 5526; x_wconf 67' lang='grc' dir='ltr'><strong>λέγει</strong></span> 
     </span>
    </p>
   </div>
   <div class='ocr_carea' id='block_1_100' title="bbox 443 5631 1972 5704">
    <p class='ocr_par' dir='ltr' id='par_1_100' title="bbox 443 5632 1972 5704">
     <span class='ocr_line' id='line_1_101' title="bbox 443 5632 1972 5704; baseline 0 -17"><span class='ocrx_word' id='word_1_740' title='bbox 443 5634 487 5664; x_wconf 80' lang='grc'><strong><em>⁸⁶</em></strong></span> <span class='ocrx_word' id='word_1_741' title='bbox 516 5637 536 5687; x_wconf 88' lang='lat' dir='ltr'><strong>l</strong></span> <span class='ocrx_word' id='word_1_742' title='bbox 563 5635 693 5690; x_wconf 80' lang='lat' dir='ltr'><strong>Cor.</strong></span> <span class='ocrx_word' id='word_1_743' title='bbox 731 5653 768 5700; x_wconf 85' lang='grc' dir='ltr'><strong>ι,</strong></span> <span class='ocrx_word' id='word_1_744' title='bbox 802 5635 896 5690; x_wconf 64' lang='lat' dir='ltr'><strong>2i.</strong></span> <span class='ocrx_word' id='word_1_745' title='bbox 973 5635 1017 5667; x_wconf 86' lang='grc'><strong>³⁷</strong></span> <span class='ocrx_word' id='word_1_746' title='bbox 1046 5635 1237 5692; x_wconf 80' lang='lat' dir='ltr'><strong>Matth.</strong></span> <span class='ocrx_word' id='word_1_747' title='bbox 1286 5649 1432 5704; x_wconf 79' lang='lat' dir='ltr'><strong>xxw,</strong></span> <span class='ocrx_word' id='word_1_748' title='bbox 1465 5635 1554 5702; x_wconf 75' lang='grc'><strong>58,</strong></span> <span class='ocrx_word' id='word_1_749' title='bbox 1589 5633 1678 5698; x_wconf 62' lang='grc'><strong>42,</strong></span> <span class='ocrx_word' id='word_1_750' title='bbox 1710 5632 1799 5689; x_wconf 70' lang='grc' dir='ltr'><strong>Η.</strong></span> <span class='ocrx_word' id='word_1_751' title='bbox 1878 5632 1921 5663; x_wconf 69' lang='grc'><strong>⁸⁸</strong></span> <span class='ocrx_word' id='word_1_752' title='bbox 1960 5636 1972 5678; x_wconf 74' lang='grc'>1</span> 
     </span>
    </p>
   </div>
   <div class='ocr_carea' id='block_1_101' title="bbox 2074 5631 2378 5704">
    <p class='ocr_par' dir='ltr' id='par_1_101' title="bbox 2082 5635 2378 5698">
     <span class='ocr_line' id='line_1_102' title="bbox 2082 5635 2378 5698; baseline -0.003 -13"><span class='ocrx_word' id='word_1_753' title='bbox 2082 5671 2092 5685; x_wconf 93' lang='grc'><em>.</em></span> <span class='ocrx_word' id='word_1_754' title='bbox 2134 5649 2227 5698; x_wconf 62' lang='grc' dir='ltr'><strong>ιιι,</strong></span> <span class='ocrx_word' id='word_1_755' title='bbox 2279 5635 2378 5689; x_wconf 62' lang='grc'><strong>1-4.</strong></span> 
     </span>
    </p>
   </div>
   <div class='ocr_carea' id='block_1_102' title="bbox 373 5705 1126 5775">
    <p class='ocr_par' dir='ltr' id='par_1_102' title="bbox 373 5705 1126 5775">
     <span class='ocr_line' id='line_1_103' title="bbox 373 5705 1126 5775; baseline -0.001 -13"><span class='ocrx_word' id='word_1_756' title='bbox 373 5710 437 5775; x_wconf 79' lang='lat' dir='ltr'><strong>iv,</strong></span> <span class='ocrx_word' id='word_1_757' title='bbox 473 5707 535 5775; x_wconf 87' lang='lat'><strong>6;.</strong></span> <span class='ocrx_word' id='word_1_758' title='bbox 563 5707 760 5765; x_wconf 74' lang='lat' dir='ltr'><strong>Matth.</strong></span> <span class='ocrx_word' id='word_1_759' title='bbox 787 5721 886 5772; x_wconf 79' lang='lat' dir='ltr'><strong>vn,</strong></span> <span class='ocrx_word' id='word_1_760' title='bbox 922 5705 1014 5774; x_wconf 64' lang='lat'><strong>23,</strong></span> <span class='ocrx_word' id='word_1_761' title='bbox 1036 5707 1126 5761; x_wconf 71' lang='lat' dir='ltr'><strong>2i.</strong></span> 
     </span>
    </p>
   </div>
   <div class='ocr_carea' id='block_1_103' title="bbox 2076 4542 3650 4614">
    <p class='ocr_par' dir='ltr' id='par_1_103' title="bbox 2076 4542 3650 4614">
     <span class='ocr_line' id='line_1_104' title="bbox 2076 4542 3650 4614; baseline -0.004 -14"><span class='ocrx_word' id='word_1_762' title='bbox 2076 4542 2353 4601; x_wconf 86' lang='lat' dir='ltr'><strong>Christum</strong></span> <span class='ocrx_word' id='word_1_763' title='bbox 2412 4546 2692 4610; x_wconf 88' lang='lat' dir='ltr'><strong>esuriisse,</strong></span> <span class='ocrx_word' id='word_1_764' title='bbox 2749 4544 2972 4610; x_wconf 85' lang='lat' dir='ltr'><strong>sitiisse,</strong></span> <span class='ocrx_word' id='word_1_765' title='bbox 3002 4543 3348 4614; x_wconf 80' lang='lat' dir='ltr'><strong>defatigatum</strong></span> <span class='ocrx_word' id='word_1_766' title='bbox 3385 4543 3554 4598; x_wconf 77' lang='lat' dir='ltr'><strong>fuisse</strong></span> <span class='ocrx_word' id='word_1_767' title='bbox 3583 4557 3650 4596; x_wconf 82' lang='lat' dir='ltr'><strong>ex</strong></span> 
     </span>
    </p>
   </div>
   <div class='ocr_carea' id='block_1_104' title="bbox 2075 4635 3648 4707">
    <p class='ocr_par' dir='ltr' id='par_1_104' title="bbox 2075 4635 3648 4707">
     <span class='ocr_line' id='line_1_105' title="bbox 2075 4635 3648 4707; baseline -0.005 -14"><span class='ocrx_word' id='word_1_768' title='bbox 2075 4638 2289 4705; x_wconf 89' lang='lat' dir='ltr'><strong>itinere,</strong></span> <span class='ocrx_word' id='word_1_769' title='bbox 2309 4646 2565 4694; x_wconf 87' lang='lat' dir='ltr'><strong>etnavem</strong></span> <span class='ocrx_word' id='word_1_770' title='bbox 2583 4639 2884 4707; x_wconf 86' lang='lat' dir='ltr'><strong>ingressum</strong></span> <span class='ocrx_word' id='word_1_771' title='bbox 2897 4637 3258 4692; x_wconf 85' lang='lat' dir='ltr'><strong>obdortniisse</strong></span> <span class='ocrx_word' id='word_1_772' title='bbox 3278 4635 3368 4698; x_wconf 84' lang='grc'><strong>⁸⁸·,</strong></span> <span class='ocrx_word' id='word_1_773' title='bbox 3383 4637 3512 4704; x_wconf 86' lang='lat' dir='ltr'><strong>quid</strong></span> <span class='ocrx_word' id='word_1_774' title='bbox 3533 4644 3648 4688; x_wconf 84' lang='lat' dir='ltr'><strong>sta-</strong></span> 
     </span>
    </p>
   </div>
   <div class='ocr_carea' id='block_1_105' title="bbox 2073 4723 3650 4783">
    <p class='ocr_par' dir='ltr' id='par_1_105' title="bbox 2073 4723 3650 4783">
     <span class='ocr_line' id='line_1_106' title="bbox 2073 4723 3650 4783; baseline -0.007 -1"><span class='ocrx_word' id='word_1_775' title='bbox 2073 4738 2227 4782; x_wconf 89' lang='lat' dir='ltr'><strong>tuent</strong></span> <span class='ocrx_word' id='word_1_776' title='bbox 2277 4728 2463 4782; x_wconf 78' lang='lat' dir='ltr'><strong>hostes</strong></span> <span class='ocrx_word' id='word_1_777' title='bbox 2490 4726 2742 4783; x_wconf 72' lang='lat' dir='ltr'><strong>Christi?</strong></span> <span class='ocrx_word' id='word_1_778' title='bbox 2775 4726 3135 4780; x_wconf 77' lang='lat' dir='ltr'><strong>Audebuntne</strong></span> <span class='ocrx_word' id='word_1_779' title='bbox 3184 4725 3367 4778; x_wconf 82' lang='lat' dir='ltr'><strong>dicere</strong></span> <span class='ocrx_word' id='word_1_780' title='bbox 3415 4723 3650 4776; x_wconf 81' lang='lat' dir='ltr'><strong>Verbum</strong></span> 
     </span>
    </p>
   </div>
   <div class='ocr_carea' id='block_1_106' title="bbox 2073 4815 3650 4886">
    <p class='ocr_par' dir='ltr' id='par_1_106' title="bbox 2073 4815 3650 4886">
     <span class='ocr_line' id='line_1_107' title="bbox 2073 4815 3650 4886; baseline -0.005 -12"><span class='ocrx_word' id='word_1_781' title='bbox 2073 4818 2164 4874; x_wconf 88' lang='lat' dir='ltr'><strong>Dei</strong></span> <span class='ocrx_word' id='word_1_782' title='bbox 2200 4820 2313 4872; x_wconf 65' lang='lat' dir='ltr'><strong>haec</strong></span> <span class='ocrx_word' id='word_1_783' title='bbox 2359 4831 2672 4886; x_wconf 85' lang='lat' dir='ltr'><strong>perpessum</strong></span> <span class='ocrx_word' id='word_1_784' title='bbox 2718 4816 2904 4882; x_wconf 83' lang='lat' dir='ltr'><strong>fuisse,</strong></span> <span class='ocrx_word' id='word_1_785' title='bbox 2953 4827 3046 4872; x_wconf 88' lang='lat' dir='ltr'><strong>aut</strong></span> <span class='ocrx_word' id='word_1_786' title='bbox 3083 4819 3194 4873; x_wconf 67' lang='lat' dir='ltr'><strong>haec</strong></span> <span class='ocrx_word' id='word_1_787' title='bbox 3237 4829 3294 4869; x_wconf 91' lang='lat' dir='ltr'><strong>ut</strong></span> <span class='ocrx_word' id='word_1_788' title='bbox 3329 4815 3650 4869; x_wconf 87' lang='lat' dir='ltr'><strong>humanitati</strong></span> 
     </span>
    </p>
   </div>
   <div class='ocr_carea' id='block_1_107' title="bbox 2074 4905 3651 4980">
    <p class='ocr_par' dir='ltr' id='par_1_107' title="bbox 2074 4905 3651 4980">
     <span class='ocr_line' id='line_1_108' title="bbox 2074 4905 3651 4980; baseline -0.004 -16"><span class='ocrx_word' id='word_1_789' title='bbox 2074 4909 2290 4980; x_wconf 83' lang='lat' dir='ltr'><strong>propria</strong></span> <span class='ocrx_word' id='word_1_790' title='bbox 2320 4908 2479 4963; x_wconf 82' lang='lat' dir='ltr'><strong>carni</strong></span> <span class='ocrx_word' id='word_1_791' title='bbox 2513 4910 2813 4972; x_wconf 87' lang='lat' dir='ltr'><strong>ascribent,</strong></span> <span class='ocrx_word' id='word_1_792' title='bbox 2850 4907 3085 4963; x_wconf 78' lang='lat' dir='ltr'><strong>Verbum</strong></span> <span class='ocrx_word' id='word_1_793' title='bbox 3118 4915 3298 4964; x_wconf 87' lang='lat' dir='ltr'><strong>autem</strong></span> <span class='ocrx_word' id='word_1_794' title='bbox 3341 4905 3433 4959; x_wconf 88' lang='lat' dir='ltr'><strong>Dei</strong></span> <span class='ocrx_word' id='word_1_795' title='bbox 3462 4913 3651 4972; x_wconf 85' lang='lat' dir='ltr'><strong>quate-</strong></span> 
     </span>
    </p>
   </div>
   <div class='ocr_carea' id='block_1_108' title="bbox 2075 4998 3652 5057">
    <p class='ocr_par' dir='ltr' id='par_1_108' title="bbox 2075 4998 3652 5057">
     <span class='ocr_line' id='line_1_109' title="bbox 2075 4998 3652 5057; baseline -0.004 0"><span class='ocrx_word' id='word_1_796' title='bbox 2075 5017 2179 5057; x_wconf 91' lang='lat' dir='ltr'><strong>nus</strong></span> <span class='ocrx_word' id='word_1_797' title='bbox 2235 4998 2473 5056; x_wconf 84' lang='lat' dir='ltr'><strong>Verbum</strong></span> <span class='ocrx_word' id='word_1_798' title='bbox 2519 5010 2606 5056; x_wconf 88' lang='lat' dir='ltr'><strong>est</strong></span> <span class='ocrx_word' id='word_1_799' title='bbox 2653 5001 2718 5055; x_wconf 88' lang='lat' dir='ltr'><strong>iis</strong></span> <span class='ocrx_word' id='word_1_800' title='bbox 2774 5000 2938 5055; x_wconf 88' lang='lat' dir='ltr'><strong>rebus</strong></span> <span class='ocrx_word' id='word_1_801' title='bbox 2986 4999 3280 5053; x_wconf 78' lang='lat' dir='ltr'><strong>obnoxium</strong></span> <span class='ocrx_word' id='word_1_802' title='bbox 3336 5013 3444 5052; x_wconf 93' lang='lat' dir='ltr'><strong>non</strong></span> <span class='ocrx_word' id='word_1_803' title='bbox 3494 5000 3652 5054; x_wconf 85' lang='lat' dir='ltr'><strong>esse?</strong></span> 
     </span>
    </p>
   </div>
   <div class='ocr_carea' id='block_1_109' title="bbox 2073 5090 3652 5160">
    <p class='ocr_par' dir='ltr' id='par_1_109' title="bbox 2073 5090 3652 5160">
     <span class='ocr_line' id='line_1_110' title="bbox 2073 5090 3652 5160; baseline -0.004 -12"><span class='ocrx_word' id='word_1_804' title='bbox 2073 5091 2538 5160; x_wconf 85' lang='lat' dir='ltr'><strong>Quemadmodum</strong></span> <span class='ocrx_word' id='word_1_805' title='bbox 2592 5091 2755 5160; x_wconf 85' lang='lat' dir='ltr'><strong>igitur</strong></span> <span class='ocrx_word' id='word_1_806' title='bbox 2793 5091 2894 5142; x_wconf 89' lang='lat' dir='ltr'><strong>hoc</strong></span> <span class='ocrx_word' id='word_1_807' title='bbox 2933 5090 2986 5142; x_wconf 92' lang='lat' dir='ltr'><strong>in</strong></span> <span class='ocrx_word' id='word_1_808' title='bbox 3026 5103 3084 5142; x_wconf 87' lang='lat' dir='ltr'><strong>se</strong></span> <span class='ocrx_word' id='word_1_809' title='bbox 3117 5090 3347 5158; x_wconf 89' lang='lat' dir='ltr'><strong>recepit,</strong></span> <span class='ocrx_word' id='word_1_810' title='bbox 3397 5098 3455 5143; x_wconf 93' lang='lat' dir='ltr'><strong>ut</strong></span> <span class='ocrx_word' id='word_1_811' title='bbox 3481 5090 3652 5144; x_wconf 81' lang='lat' dir='ltr'><strong>homo</strong></span> 
     </span>
    </p>
   </div>
   <div class='ocr_carea' id='block_1_110' title="bbox 2075 5177 3645 5248">
    <p class='ocr_par' dir='ltr' id='par_1_110' title="bbox 2075 5177 3645 5248">
     <span class='ocr_line' id='line_1_111' title="bbox 2075 5177 3645 5248; baseline -0.004 -10"><span class='ocrx_word' id='word_1_812' title='bbox 2075 5184 2248 5238; x_wconf 78' lang='lat' dir='ltr'><strong>lactus</strong></span> <span class='ocrx_word' id='word_1_813' title='bbox 2289 5196 2394 5235; x_wconf 83' lang='lat' dir='ltr'><strong>una</strong></span> <span class='ocrx_word' id='word_1_814' title='bbox 2435 5179 2909 5235; x_wconf 12' lang='lat' dir='ltr'><strong>cumnhominibus</strong></span> <span class='ocrx_word' id='word_1_815' title='bbox 2953 5177 3213 5240; x_wconf 85' lang='lat' dir='ltr'><strong>esuriret,</strong></span> <span class='ocrx_word' id='word_1_816' title='bbox 3249 5189 3410 5248; x_wconf 87' lang='lat' dir='ltr'><strong>atque</strong></span> <span class='ocrx_word' id='word_1_817' title='bbox 3443 5179 3645 5244; x_wconf 88' lang='lat' dir='ltr'><strong>sitiret,</strong></span> 
     </span>
    </p>
   </div>
   <div class='ocr_carea' id='block_1_111' title="bbox 2075 5269 3650 5344">
    <p class='ocr_par' dir='ltr' id='par_1_111' title="bbox 2075 5269 3650 5344">
     <span class='ocr_line' id='line_1_112' title="bbox 2075 5269 3650 5344; baseline -0.003 -16"><span class='ocrx_word' id='word_1_818' title='bbox 2075 5275 2390 5344; x_wconf 85' lang='lat' dir='ltr'><strong>reliquaque</strong></span> <span class='ocrx_word' id='word_1_819' title='bbox 2435 5279 2732 5341; x_wconf 87' lang='lat' dir='ltr'><strong>pateretur,</strong></span> <span class='ocrx_word' id='word_1_820' title='bbox 2757 5285 2878 5338; x_wconf 65' lang='lat' dir='ltr'><strong>quae</strong></span> <span class='ocrx_word' id='word_1_821' title='bbox 2906 5270 2973 5325; x_wconf 87' lang='lat' dir='ltr'><strong>de</strong></span> <span class='ocrx_word' id='word_1_822' title='bbox 3019 5269 3138 5339; x_wconf 85' lang='lat' dir='ltr'><strong>ipso</strong></span> <span class='ocrx_word' id='word_1_823' title='bbox 3169 5271 3312 5324; x_wconf 84' lang='lat' dir='ltr'><strong>dicta</strong></span> <span class='ocrx_word' id='word_1_824' title='bbox 3357 5281 3524 5325; x_wconf 90' lang='lat' dir='ltr'><strong>sunt:</strong></span> <span class='ocrx_word' id='word_1_825' title='bbox 3560 5285 3650 5324; x_wconf 78' lang='lat' dir='ltr'><strong>ea-</strong></span> 
     </span>
    </p>
   </div>
   <div class='ocr_carea' id='block_1_112' title="bbox 2074 5358 3646 5432">
    <p class='ocr_par' dir='ltr' id='par_1_112' title="bbox 2074 5358 3646 5432">
     <span class='ocr_line' id='line_1_113' title="bbox 2074 5358 3646 5432; baseline -0.004 -14"><span class='ocrx_word' id='word_1_826' title='bbox 2074 5365 2194 5418; x_wconf 88' lang='lat' dir='ltr'><strong>dem</strong></span> <span class='ocrx_word' id='word_1_827' title='bbox 2226 5364 2388 5432; x_wconf 86' lang='lat' dir='ltr'><strong>plauc</strong></span> <span class='ocrx_word' id='word_1_828' title='bbox 2421 5362 2634 5416; x_wconf 87' lang='lat' dir='ltr'><strong>ratione</strong></span> <span class='ocrx_word' id='word_1_829' title='bbox 2667 5375 2772 5414; x_wconf 84' lang='lat' dir='ltr'><strong>non</strong></span> <span class='ocrx_word' id='word_1_830' title='bbox 2805 5367 2888 5414; x_wconf 89' lang='lat' dir='ltr'><strong>est</strong></span> <span class='ocrx_word' id='word_1_831' title='bbox 2922 5362 3064 5430; x_wconf 78' lang='lat' dir='ltr'><strong>quod</strong></span> <span class='ocrx_word' id='word_1_832' title='bbox 3096 5375 3256 5429; x_wconf 88' lang='lat' dir='ltr'><strong>quem</strong></span> <span class='ocrx_word' id='word_1_833' title='bbox 3291 5358 3547 5423; x_wconf 68' lang='lat' dir='ltr'><strong>offendat,</strong></span> <span class='ocrx_word' id='word_1_834' title='bbox 3581 5360 3646 5421; x_wconf 81' lang='lat' dir='ltr'><strong>si.</strong></span> 
     </span>
    </p>
   </div>
   <div class='ocr_carea' id='block_1_113' title="bbox 2077 5452 3646 5522">
    <p class='ocr_par' dir='ltr' id='par_1_113' title="bbox 2077 5452 3646 5522">
     <span class='ocr_line' id='line_1_114' title="bbox 2077 5452 3646 5522; baseline -0.001 -16"><span class='ocrx_word' id='word_1_835' title='bbox 2077 5465 2134 5509; x_wconf 93' lang='lat' dir='ltr'><strong>ut</strong></span> <span class='ocrx_word' id='word_1_836' title='bbox 2167 5456 2349 5521; x_wconf 89' lang='lat' dir='ltr'><strong>homo,</strong></span> <span class='ocrx_word' id='word_1_837' title='bbox 2384 5469 2490 5508; x_wconf 89' lang='lat' dir='ltr'><strong>una</strong></span> <span class='ocrx_word' id='word_1_838' title='bbox 2531 5467 2653 5508; x_wconf 90' lang='lat' dir='ltr'><strong>cum</strong></span> <span class='ocrx_word' id='word_1_839' title='bbox 2709 5452 3017 5508; x_wconf 86' lang='lat' dir='ltr'><strong>hominibus</strong></span> <span class='ocrx_word' id='word_1_840' title='bbox 3070 5454 3348 5522; x_wconf 77' lang='lat' dir='ltr'><strong>ignorasse</strong></span> <span class='ocrx_word' id='word_1_841' title='bbox 3403 5452 3646 5506; x_wconf 83' lang='lat' dir='ltr'><strong>dicatur:</strong></span> 
     </span>
    </p>
   </div>
   <div class='ocr_carea' id='block_1_114' title="bbox 2454 5628 3648 5698">
    <p class='ocr_par' dir='ltr' id='par_1_114' title="bbox 2454 5628 3648 5698">
     <span class='ocr_line' id='line_1_115' title="bbox 2454 5628 3648 5698; baseline -0.001 -15"><span class='ocrx_word' id='word_1_842' title='bbox 2454 5631 2517 5662; x_wconf 81' lang='lat'><strong>&quot;&quot;</strong></span> <span class='ocrx_word' id='word_1_843' title='bbox 2563 5631 2745 5686; x_wconf 79' lang='lat' dir='ltr'><strong>Matth.</strong></span> <span class='ocrx_word' id='word_1_844' title='bbox 2797 5635 2950 5698; x_wconf 46' lang='lat'><strong>1&amp;2;</strong></span> <span class='ocrx_word' id='word_1_845' title='bbox 2994 5633 3146 5688; x_wconf 76' lang='lat' dir='ltr'><strong>Jonn.</strong></span> <span class='ocrx_word' id='word_1_846' title='bbox 3198 5648 3302 5688; x_wconf 67' lang='lat' dir='ltr'><strong>\tx.</strong></span> <span class='ocrx_word' id='word_1_847' title='bbox 3341 5633 3440 5694; x_wconf 72' lang='lat'><strong>‘28;</strong></span> <span class='ocrx_word' id='word_1_848' title='bbox 3491 5628 3648 5685; x_wconf 65' lang='grc' dir='ltr'><strong>Σοου.</strong></span> 
     </span>
    </p>
   </div>
  </div>
