4074 6266
515 398 624 455 375

1540 395 1596 449 5.
1637 390 1908 447 CYRILLI
1942 385 2416 444 'ALEXANDRINI
2457 388 2778 445 ARCHIEP.

3668 384 3768 443 376

516 507 764 565 eamdem
827 506 1299 564 enim'nobiscum
1349 517 1566 560 carnem
1628 503 1878 572 gestavit.
1923 502 2086 557 Novit

2197 505 2310 573 μετ’
2340 503 2642 574 ἀνθρώπων
2675 502 2912 572 ἀγνοεῖν,
2956 501 3038 553 ὅτι
3061 497 3160 568 τὴν
3191 497 3359 568 αὐτὴν
3389 497 3520 567 ἡμῖν
3546 497 3772 568 ὲφόρεσε

518 601 660 654 enim
702 607 760 653 ut
809 598 1076 669 sapientia
1121 606 1174 652 et
1205 595 1438 651 Verbum
1474 595 1524 648 in
1573 593 1735 648 Patre
1777 593 2080 657 exsistens;

521 690 772 761 ignorare
803 704 932 746 vero
979 703 1038 744 se
1067 687 1196 743 dicit
1228 695 1446 758 prapter
1481 699 1578 738 nos
1602 694 1657 738 et
1701 684 2002 749 nobiscum,
2029 691 2090 738 ut

518 783 699 839 homo.

516 893 748 959 ALIUD,
797 910 897 962 quo
944 892 1239 946 ostenditur
1284 889 1558 962 nianifeste
1621 890 1951 962 Servatorem
1988 907 2085 942 no-

587 965 720 1017 visse
764 961 1024 1032 qitwdam,
1070 962 1157 1014 sed
1199 962 1403 1014 ratione
1448 961 1838 1014 incarnationis
1869 961 2086 1030 ignora-

587 1031 784 1087 tionem
806 1048 916 1100 prae
941 1047 994 1085 se
1023 1031 1224 1085 tulisse.

585 1141 840 1198 Servatur
870 1140 1068 1196 alicubi
1111 1141 1178 1196 ad
1209 1141 1503 1207 discipulos
1549 1156 1676 1194 suos
1704 1141 1777 1195 ait
1812 1160 1823 1194 :
1857 1160 1876 1193 ι
1913 1142 2086 1196 Laza-

514 1247 606 1285 rus
637 1233 844 1287 anticus
880 1244 1065 1287 noster
1106 1232 1401 1287 obdormiit
1427 1234 1496 1298 αθ,
1541 1253 1560 1284 ι
1599 1249 1720 1286 cum
1753 1234 1954 1303 alioqui
1993 1247 2085 1287 ne-

515 1339 604 1380 mo
631 1324 733 1379 hoc
766 1324 815 1379 ei
852 1325 1179 1389 nuntiasset,
1221 1325 1316 1378 sed
1362 1332 1418 1377 ut
1456 1324 1596 1378 Deus
1645 1326 1734 1393 qui
1778 1326 1956 1378 omnia
1991 1339 2083 1379 eo—

515 1417 666 1485 gnita
707 1413 888 1469 habet.
931 1416 1136 1471 Deinde
1181 1415 1340 1485 longo
1388 1416 1581 1470 itinere
1634 1431 1752 1467 cum
1807 1415 2086 1484 discipulis

518 1507 812 1575 prolectus,
844 1509 994 1563 venit
1026 1509 1092 1563 ad
1143 1523 1361 1563 sorores
1393 1509 1580 1562 Lazari
1634 1509 1740 1576 iam
1785 1510 2000 1578 sepulti,
2031 1519 2086 1564 et

517 1599 726 1665 rogavit
758 1614 772 1650 :
807 1615 825 1648 ι
863 1597 967 1653 Ubi
994 1597 1250 1667 posuistis
1277 1611 1400 1651 eum
1429 1597 1516 1648 ὀἳ
1553 1616 1570 1647 ι
1601 1597 1770 1662 Quem
1813 1606 2084 1650 mortuum

518 1704 638 1743 esse
660 1691 885 1752 sciebat,
917 1692 1188 1759 quomodo
1220 1689 1502 1758 ignorabat
1533 1688 1704 1742 locum
1737 1689 1788 1742 in
1815 1705 1922 1757 quo
1952 1703 2083 1742 con—

520 1781 668 1834 ditus
697 1779 852 1834 erat?
875 1781 967 1834 sed
991 1790 1148 1835 norat
1179 1782 1443 1849 profecto.
1477 1780 1781 1834 Verisimile
1810 1781 1951 1833 enim
1980 1795 2083 1834 non

2191 594 2389 668 σάρκα.
2413 594 2536 648 Οἷδε
2568 595 2666 666 μὲν
2704 593 2810 663 γὰρ
2836 593 2911 654 ὡς
2936 590 3098 659 σοφία
3128 589 3222 642 καὶ
3253 588 3426 656 Λόγος
3463 588 3539 642 ὢν
3573 591 3631 641 ὲν
3662 590 3772 642 Πα-

2188 686 2297 756 τρί·
2338 687 2412 756 μὴ
2436 686 2630 739 εἰδέναι
2655 685 2713 738 δέ
2766 699 2898 753 φησι
2933 681 2998 734 δι’
3034 681 3183 751 ἡμᾶς
3225 679 3320 732 καὶ
3351 679 3469 749 μεθ’
3493 679 3651 750 ἡμῶν
3701 678 3772 742 ὡς

2192 773 2286 829 ἀνθ
2297 791 2494 845 ρωπος.

2190 893 2394 955 ΑΛΛΟ,
2442 890 2515 943 δι’
2563 885 2635 945 οὗ
2679 888 2982 942 δείκνυται
3043 886 3254 954 σαφῶς
3286 889 3317 938 ό
3369 884 3571 952 Σωτὴρ
3602 884 3771 950 εἰδὼς

2255 963 2373 1029 μέν
2418 979 2568 1017 τινα.
2614 959 2952 1026 οἰκονομίας·
3010 956 3078 1008 δὲ
3121 955 3298 1025 χάριν
3343 955 3590 1024 ἀγνοεῖν
3622 957 3769 1008 αὐτὰ

2263 1029 2788 1100 σχηματιζῖἱμενος.

2258 1141 2421 1209 Λὲγει
2467 1158 2570 1194 που
2603 1140 2740 1210 πρὸς
2797 1138 2922 1200 τοὺς
2981 1135 3174 1190 ἑαυτοῦ
3214 1135 3464 1207 μαθητὰς
3493 1137 3520 1188 6
3558 1136 3767 1206 Σωτήρ·

2192 1249 2213 1284 t
2243 1231 2538 1302 Λάζαροςὸ
2579 1231 2730 1300 φίλος
2759 1227 3294 1300 ήμῶν-κεκοίμηται,
3335 1246 3353 1278 ι
3401 1228 3580 1280 καίτοι
3614 1227 3769 1296 μηδε-

2187 1322 2274 1382 νὸς
2299 1318 2727 1387 ἀπαγγείλαντος
2755 1316 2903 1387 αύτῷ
2955 1317 3084 1387 περὶ
3130 1315 3347 1373 τούτου,
3398 1315 3513 1368 ἀλλ’
3537 1315 3612 1378 ὡς
3643 1316 3767 1378 Θεὸς

2186 1410 2256 1462 τὰ
2291 1411 2467 1464 πάντα
2502 1409 2802 1477 γινώσκων.
2839 1403 2970 1460 Εἶτα
3026 1405 3246 1476 μακρὰν
3277 1405 3476 1468 ἐλάσας
3512 1405 3629 1458 ὁδὸν
3659 1405 3766 1475 ἅμα

2187 1502 2300 1562 τοῖς
2334 1498 2622 1568 μαθηταῖς,
2652 1496 2871 1566 ἔρχεται
2902 1495 3036 1567 πρὸς
3059 1494 3158 1556 τάς
3184 1492 3278 1545 τοῦ
3313 1491 3767 1561 μνημονευθέντος

2189 1590 2440 1659 ἀδελφὰς,
2473 1589 2566 1643 καὶ
2601 1587 2823 1659 ἠρώτα·
2880 1606 2898 1638 t
2934 1587 3043 1639 Ποῦ
3097 1584 3384 1637 τεθείκατε
3438 1583 3620 1644 αύτὸν;
3657 1601 3674 1632 ι
3714 1582 3768 1633 '0

2188 1682 2343 1746 εἰδὼς
2377 1683 2458 1735 ὅτι
2481 1681 2826 1750 κεκοίμηται,
2861 1679 2978 1742 πῶς
3006 1679 3105 1730 οὐκ
3137 1673 3250 1728 οἶδε
3301 1675 3392 1728 τὸν
3439 1674 3606 1726 τόπον
3640 1673 3770 1725 ὅπου

2191 1775 2366 1828 ἔκειτο
2395 1773 2456 1826 τὸ
2483 1773 2639 1843 σῶμα
2663 1789 2677 1836 ;
2711 1772 2824 1824 ἀλλ’
2857 1767 3019 1824 οἶδεν.
3063 1767 3356 1820 Ἀπίθανον
3386 1765 3494 1836 γὰρ
3513 1763 3574 1817 τὸ
3601 1766 3773 1816 ἐκεῖνο

515 1882 623 1934 est,
661 1870 832 1939 ipsum
865 1871 994 1925 illud
1041 1872 1285 1935 scivisse,
1317 1872 1419 1926 hoc
1462 1872 1778 1926 nescivisse.
1815 1872 2086 1937 Quemad-

2197 1866 2292 1935 μὲν
2321 1863 2540 1927 εἰδέναι,
2563 1861 2722 1916 τοῦτο
2751 1861 2808 1915 δὲ
2840 1862 3076 1928 ἀγνοεῖν.
3109 1859 3320 1929 Ὥσπερ
3351 1851 3442 1909 οὖν
3463 1853 3775 1924 οἰκονομίας

519 1962 741 2016 modum
783 1963 946 2032 igitur
993 1962 1252 2031 singulari
1298 1962 1530 2031 quodam
1578 1963 1804 2016 consilio
1843 1963 1980 2016 dixit
2027 1978 2086 2018 se

520 2052 731 2106 nescire
759 2051 847 2106 ubi
869 2052 1076 2121 iaceret
1104 2051 1340 2106 Lazarus
1367 2070 1379 2116 ;
1418 2053 1488 2105 ita
1521 2054 1681 2107 etiam
1706 2053 1771 2107 de
1795 2053 1880 2106 die
1909 2065 1964 2105 et
1993 2053 2088 2107 ho-

519 2158 600 2204 ra,
639 2143 853 2197 tametsi
889 2143 1034 2197 dicat
1075 2157 1134 2198 se
1165 2145 1434 2212 ignorare,
1467 2145 1714 2199 utilitatis
1748 2156 1801 2200 et
1833 2146 1956 2200 boni
1986 2145 2087 2200 ali-

517 2234 674 2304 cujus
693 2247 857 2289 causa
886 2234 938 2288 id
965 2233 1096 2290 facit
1125 2252 1138 2288 :
1174 2236 1336 2304 222
1372 2237 1518 2289 novit
1548 2237 1689 2288 enim
1725 2247 1783 2290 ut
1818 2235 1978 2291 Deus.

684 2342 918 2408 ALIUD,
955 2343 1024 2396 ad
1055 2344 1292 2397 eamdem
1321 2347 1630 2398 sententiam
1657 2348 1942 2416 pertinens.

588 2456 720 2512 Cum
753 2457 804 2512 in
837 2458 1080 2526 partibus
1101 2455 1360 2513 Caesarea:
1383 2458 1611 2530 Philippi
1637 2470 1780 2514 esset
1808 2459 2083 2523 Servator,

516 2551 870 2622 interrogavit
906 2550 1234 2619 discipulos:
1275 2570 1292 2602 ‹
1335 2552 1504 2616 Quem
1560 2553 1742 2606 dicunt
1796 2568 1879 2607 me
1915 2552 2090 2607 homi-

520 2655 614 2694 nes
639 2654 761 2695 esse
804 2640 998 2694 Filium
1049 2639 1285 2694 hominis
1312 2640 1399 2693 9'?
1429 2659 1446 2690 ι
1486 2637 1729 2710 Cumque
1768 2641 1962 2696 Petrus
2007 2657 2090 2696 re-

518 2729 825 2797 spondissel
849 2737 902 2781 et
925 2729 1194 2782 dixisset:
1227 2746 1245 2779 t
1283 2729 1360 2782 Tu
1388 2743 1446 2783 es
1478 2727 1748 2793 Christus,
1789 2729 1958 2783 Filius
1992 2729 2087 2786 Dei

519 2820 786 2882 viventis;
821 2839 839 2871 ι
876 2819 1058 2873 statim
1097 2820 1209 2887 ipse
1254 2818 1450 2884 intulit,
1493 2837 1509 2868 ι
1550 2817 1754 2872 Beatus
1795 2832 1874 2885 es,
1900 2818 2089 2873 Simon

522 2910 782 2979 Barjona,
827 2910 952 2979 quia
999 2908 1161 2963 Pater
1219 2909 1476 2962 revelavit
1531 2909 1650 2970 tibi,
1693 2910 1783 2977 qui
1830 2909 1882 2962 in
1938 2909 2091 2965 caelis

519 3013 602 3057 est
631 3003 696 3057 ".
730 3021 748 3054 ι
782 3000 952 3056 Nemo
980 3001 1122 3055 enim
1164 3001 1318 3055 novit
1348 2999 1543 3054 Filium
1582 3001 1681 3054 nisi
1729 3000 1910 3062 Pater,
1937 3000 2089 3068 juxta

521 3094 691 3165 ipsius
723 3092 1030 3149 Servatoris
1053 3106 1238 3148 vocem
1269 3093 1335 3145 ³³.
1367 3092 1437 3146 At
1484 3093 1525 3146 si
1556 3091 1718 3147 Pater
1764 3107 1858 3160 per
1893 3092 2087 3147 Filium

2186 1957 2329 2020 τινὸς
2355 1957 2538 2009 ἕνεκεν
2563 1955 2624 2009 τὸ
2655 1955 2728 2024 μὴ
2758 1953 2953 2006 εἰδέναι
2975 1951 3077 2004 πού
3113 1952 3290 2003 κεῖται
3337 1945 3585 2017 Λάζαρος
3637 1944 3772 2011 εφα-

2190 2066 2338 2113 σκεν,
2368 2047 2509 2101 οὕτω
2548 2048 2639 2101 καὶ
2670 2047 2798 2118 περὶ
2834 2047 2930 2114 τῆς
2955 2044 3168 2115 ἡμέρας
3192 2043 3281 2094 καὶ
3321 2041 3417 2109 τῆς
3443 2039 3627 2107 ὥρας,
3665 2035 3772 2089 κᾶν

2188 2142 2320 2214 λέγῃ
2357 2141 2430 2211 μὴ
2455 2139 2672 2203 ειδέναι,
2712 2136 2981 2208 χρήσιμόν
3003 2152 3057 2187 τι
3080 2135 3174 2188 καὶ
3199 2131 3389 2200 ἀγαθὸν
3420 2127 3725 2198 οἰκονομῶν
3747 2167 3762 2192 ,

2187 2231 2346 2285 τοῦτο
2369 2233 2530 2283 ποιεῖ’
2555 2225 2664 2282 οἶδε
2694 2229 2803 2298 γάρ
2836 2229 2910 2289 ὼς
2938 2226 3091 2289 Θεός.

2442 2347 2647 2411 ΛΛΛΟ,
2679 2344 2791 2411 τὴν
2811 2342 3007 2410 αὐτὴν
3054 2343 3200 2411 ἕχον
3225 2336 3508 2392 διάνοιαν.

2259 2456 2394 2526 Περὶ
2423 2454 2492 2508 τὰ
2528 2454 2669 2525 μέρη
2703 2451 3040 2521 Καισαρείας
3097 2450 3199 2521 τῆς
3225 2447 3490 2501 Φιλίππου
3531 2441 3774 2513 γεγονὼς

2189 2549 2217 2600 6
2247 2546 2458 2619 Σωτὴρ,
2493 2544 2680 2617 ἠρώτα
2729 2544 2856 2607 τοὺς
2905 2541 3102 2596 ἑαυτοῦ
3163 2538 3433 2612 μαθητάς·
3495 2556 3514 2587 ι
3543 2536 3676 2589 Τίνα
3708 2551 3773 2606 με

2189 2639 2436 2707 λέγουσιν
2485 2639 2535 2690 οῖ
2589 2637 2865 2707 ἄνθρωποι
2931 2635 3022 2688 τὸν
3054 2634 3181 2687 Υἱὸν
3232 2631 3326 2686 τοῦ
3375 2628 3706 2701 ἀνθρώπους
3749 2644 3767 2677 ν

2203 2731 2667 2802 Ἀποκριναμένου
2717 2729 2773 2781 δὲ
2801 2729 3009 2798 Πέτρου
3041 2729 3136 2782 καὶ
3162 2725 3470 2799 εἰρηκότος,
3513 2741 3531 2774 ι
3564 2724 3636 2776 ΣΞ)
3668 2714 3720 2773 εἷ
3744 2722 3772 2773 ό

2190 2822 2424 2896 Χριστὸς
2453 2826 2480 2876 6
2514 2822 2640 2886 Υἱὸς
2665 2821 2758 2874 τοῦ
2783 2819 2918 2874 Θεοῦ
2950 2819 3042 2873 τοῦ
3075 2820 3296 2884 ζῶντος,
3333 2837 3351 2870 ι
3377 2818 3661 2888 ἐπήγαγεν
3695 2816 3773 2867 εὐ·

2192 2915 2309 2981 θὺς,
2330 2915 2410 2968 ὅτι
2453 2933 2472 2964 ι
2501 2912 2788 2984 Μακάριος
2823 2907 2893 2977 εἴ,
2929 2913 3113 2982 Σίμων
3140 2910 3255 2982 Βάρ
3296 2911 3472 2971 Ἰωνᾶ,
3505 2909 3588 2961 ὅτι
3613 2907 3642 2958 6
3670 2906 3773 2959 Πα-

2189 3008 2293 3079 τὴρ
2326 3005 2646 3075 ἀπεκάλυψέ
2682 3022 2763 3058 σοι
2789 3007 2816 3059 ὁ
2842 3007 2899 3058 ὲν
2928 3007 3040 3068 τοῖς
3062 3005 3330 3076 οὐρανοῖς.
3372 3021 3390 3053 ι
3436 3000 3627 3061 Οὐδεὶς
3669 2997 3772 3067 γὰρ

2192 3093 2300 3150 οἶδε
2323 3096 2415 3150 τὸν
2439 3097 2565 3149 Υἱδν
2589 3097 2636 3148 εί
2663 3095 2737 3167 μὴ
2765 3097 2794 3149 ὁ
2821 3095 3033 3165 Πατὴρ,
3065 3095 3206 3148 κατά
3221 3095 3319 3164 τὴν
3345 3092 3509 3146 αὑτοῦ
3547 3089 3641 3143 τοῦ
3667 3090 3773 3141 Σω-

519 3186 700 3241 omnia
735 3194 1012 3254 operatur,
1054 3199 1218 3238 unum
1256 3197 1384 3237 vero
1415 3198 1480 3237 ex
1525 3183 1780 3251 operibus
1823 3193 1907 3238 est
1935 3199 2090 3239 reve-

2197 3187 2360 3257 τῆρος
2388 3186 2593 3256 φωνήν.
2631 3186 2696 3238 El
2727 3186 2784 3238 δὲ
2810 3185 2878 3238 δι’
2917 3183 3050 3238 Υἱοῦ
3097 3186 3276 3239 πάντα
3323 3184 3513 3254 Πατὴρ
3546 3181 3768 3254 ἐργάζει

524 3280 674 3343 latio,
699 3277 876 3346 ipsum
903 3275 1137 3331 Verbum
1162 3274 1324 3330 Petro
1355 3274 1560 3330 revelat
1583 3290 1700 3343 quae
1725 3274 1903 3330 Patris
1932 3285 2092 3342 sunt;

523 3371 792 3439 quomodo
825 3377 1012 3424 autem
1039 3369 1085 3422 is
1126 3368 1216 3436 qui
1261 3368 1490 3431 revelat,
1541 3379 1797 3437 tanquam
1841 3369 2095 3438 ignorans

527 3466 847 3530 interrogat,
869 3473 1160 3530 quemnam
1205 3460 1381 3528 ipsum
1412 3460 1664 3515 homines
1712 3475 1836 3516 esse
1863 3461 2097 3516 dicant?

523 3551 688 3606 Certo
714 3551 879 3620 igitur
903 3564 968 3604 ac
1005 3549 1268 3619 singulari
1305 3551 1533 3605 consilio
1564 3552 1836 3606 interdum
1877 3553 2097 3622 ignora-

529 3642 725 3697 tionem
759 3641 1001 3698 simulat.
1031 3639 1223 3696 Sciens
1255 3643 1402 3696 euim
1429 3644 1556 3713 quid
1588 3643 1838 3712 discipuli
1869 3661 2095 3714 respon-

525 3731 639 3786 suri
669 3740 872 3796 essent,
905 3733 1202 3802 interrogat
1231 3750 1244 3786 :
1280 3742 1338 3788 ut
1376 3745 1598 3804 accepta
1642 3751 1832 3791 eorum
1873 3752 2097 3808 respon-

525 3821 678 3878 sione
706 3821 868 3878 ﬁdem
897 3823 1156 3880 stabiliat.

1017 4000 1229 4058 ALIUD
1245 4042 1258 4068 ,
1287 4005 1599 4058 enarrative.

595 4117 783 4183 Filius,
814 4124 1082 4188 quatenus
1133 4123 1218 4172 est
1267 4114 1502 4171 Verbum
1545 4125 1602 4172 ct
1652 4117 1938 4189 sapientia,
1992 4136 2096 4177 non

526 4207 739 4277 ignorat
772 4207 917 4260 diem
941 4214 995 4260 et
1031 4206 1220 4261 horam
1255 4209 1340 4262 sui
1373 4212 1636 4266 adventus
1667 4228 1680 4264 :
1720 4213 1813 4265 sed
1848 4227 1916 4267 ne
1961 4226 2099 4268 moe-

526 4311 706 4351 ποι-ειη
746 4296 1024 4364 discipulis
1057 4297 1305 4362 incutiat,
1345 4300 1533 4354 nolens
1563 4315 1750 4354 eorum
1799 4301 2099 4372 interroga-

529 4388 661 4442 tioni
693 4389 1040 4456 respondere,
1069 4389 1206 4442 dixit
1237 4405 1295 4444 se
1322 4392 1554 4456 nescire,
1586 4402 1646 4446 ut
1674 4393 1870 4459 homo;
1903 4396 2098 4465 quippe

528 4479 620 4546 qui
664 4477 716 4532 id
770 4478 952 4532 dicere
995 4478 1175 4548 potuit
1211 4490 1480 4549 quatenus
1518 4496 1644 4535 caro
1684 4483 1855 4537 factus
1891 4495 1992 4551 est,
2041 4493 2098 4538 ut

528 4569 789 4638 scriptum
823 4579 908 4624 est
936 4571 1004 4636 ’⁵,
1035 4571 1326 4639 carnisque
1354 4571 1698 4627 inﬁrmitates
1729 4576 1973 4642 proprias
1996 4577 2098 4631 sibi

533 4659 676 4715 fecit.
703 4659 859 4726 Quod
879 4661 1023 4714 enim
1057 4662 1161 4716 hac
1196 4661 1264 4716 de
1289 4647 1546 4718 causa'se
1581 4666 1794 4720 nescire
1830 4667 1985 4734 dixit,
2015 4669 2099 4722 iu-

528 4752 596 4807 de
621 4753 874 4823 cognosci
907 4763 1101 4822 potest.
1134 4751 1266 4808 Nam
1296 4763 1577 4826 postquam
1606 4771 1637 4812 c
1661 4758 1888 4813 mortuis
1918 4773 2098 4813 resur-

528 4846 690 4914 rexit,
717 4862 840 4900 cum
875 4845 986 4914 jam
1017 4847 1068 4901 in
1109 4848 1275 4903 caelos
1302 4862 1630 4904 ascensurus
1659 4858 1824 4914 esset,
1869 4851 2102 4906 interro-

530 4940 783 5010 gantibus
809 4955 935 4994 eum
966 4940 1263 5009 discipulis,
1299 4941 1514 5010 quando
1545 4941 1669 4996 linis
1693 4940 1926 5004 futurus,
1952 4943 2101 5012 ipse-

529 5048 632 5102 que
663 5033 858 5088 iterum
891 5042 1150 5088 venturus
1187 5042 1350 5099 esset,
1383 5032 1633 5087 acerbius
1681 5032 1760 5087 eis
1799 5036 2099 5103 respondit,

529 5123 756 5179 dicens:
791 5141 809 5175 ι
840 5123 955 5179 Non
981 5134 1064 5180 est
1097 5135 1339 5179 vestrum
1373 5139 1599 5180 noscere
1632 5133 1873 5193 tempora
1902 5134 1956 5179 et
1985 5142 2102 5180 mo-

531 5225 735 5279 menta,
763 5230 883 5283 qua:
913 5213 1074 5269 Pater
1113 5216 1295 5284 posuit
1335 5215 1389 5268 in
1432 5229 1527 5270 sua
1564 5223 1830 5283 potestate
1857 5215 1925 5269 ³⁵.
1971 5233 1990 5266 ι
2029 5216 2101 5270 At

531 5304 574 5356 si
609 5303 739 5358 illud
787 5305 1004 5373 penitus
1040 5305 1368 5374 ignorasset,
1399 5306 1686 5373 oportebat
1729 5305 1907 5358 dicere
1937 5323 1949 5358 :
1983 5305 2102 5359 Dixi

532 5395 684 5450 vobis
716 5409 803 5450 me
831 5396 1066 5460 nescire,
1100 5403 1156 5449 et
1178 5397 1381 5450 nescio.
1414 5395 1484 5448 At
1513 5410 1637 5450 vero
1676 5397 1829 5465 quasi
1859 5411 1963 5450 non
2012 5412 2102 5451 re-

536 5494 618 5539 cte
655 5487 1061 5558 interrogantes
1097 5488 1462 5557 reprehendit,
1509 5497 1563 5542 et
1594 5497 1848 5556 tanquam
1897 5488 2102 5558 majora

532 5591 693 5644 quam
722 5593 820 5647 par
845 5580 916 5634 sit
942 5579 1287 5649 inquirentes
1320 5580 1515 5650 rejicit.
1543 5579 1887 5636 Manifestum
1919 5580 2102 5651 itaque

601 5733 649 5767 ”
674 5732 830 5789 Joan.
863 5750 943 5804 ιι,
978 5735 1065 5792 H.
1143 5738 1189 5769 "
1228 5738 1358 5794 ibid.
1382 5739 1472 5792 5i.

1549 5739 1590 5771 ⁹¹
1628 5737 1815 5794 Matth.
1857 5753 1966 5802 xw,
2004 5739 2087 5793 i5.

536 5804 584 5839 ⁸³
620 5805 741 5862 Act.
780 5819 821 5874 ι,
855 5804 909 5859 7.

2130 4531 2178 4589 Ι)

2197 3298 2307 3343 ται,
2331 3280 2389 3335 ἒν
2422 3280 2477 3333 δὲ
2498 3279 2605 3333 τῶν
2635 3279 2814 3350 ἔργων
2835 3280 2928 3332 καὶ
2963 3280 2997 3349 ἠ
3033 3279 3398 3349 ἀποκάλυψις,
3425 3279 3588 3340 αὐτὸς
3617 3277 3644 3330 6
3671 3276 3767 3329 Λό-

2197 3385 2292 3436 γος
2321 3366 2674 3438 ἀποκαλύψας
2733 3365 2813 3437 τῷ
2860 3367 3054 3439 Πέτρῳ
3082 3368 3331 3436 φαίνεται
3362 3367 3432 3420 τὰ
3479 3365 3630 3436 παρά
3682 3363 3770 3416 τοῦ

2198 3460 2433 3530 Πατρός·
2461 3459 2580 3523 πῶς
2634 3453 2728 3512 οὖν
2755 3461 2783 3514 ό
2819 3459 3178 3528 ἀποκαλύψας
3206 3458 3282 3522 ὡς
3315 3459 3525 3527 ἀγνοῶν
3569 3457 3770 3527 ἐρωτᾷ,

2196 3551 2318 3604 τίνα
2345 3551 2597 3620 λέγουσιν
2624 3553 2672 3604 οἱ
2699 3551 3005 3623 ἀνθρωποι;
3030 3551 3240 3605 Οὐκοῦν
3265 3535 3542 3620 οἰκονομεῖ
3563 3568 3617 3602 τι
3653 3547 3772 3602 πολ-

2197 3642 2356 3705 λάκις
2397 3643 2499 3712 τῆς
2523 3643 2746 3712 ἀγνοίας
2782 3642 2843 3696 τὸ
2882 3645 3084 3714 σχῆμα.
3119 3643 3289 3707 Εἰδὼς
3316 3642 3425 3714 γὰρ
3453 3645 3590 3712 ὅπερ
3624 3640 3778 3711 ἔμελ-

2198 3737 2289 3788 λον
2320 3736 2465 3806 ἐρεῖν
2496 3736 2545 3788 οἱ
2577 3734 2836 3805 μαθηταὶ,
2864 3736 3131 3806 προσάγει
3167 3735 3266 3805 τὴν
3304 3733 3518 3796 πεῦσιν,
3551 3734 3620 3785 ἵν’
3645 3733 3774 3785 ἀπο-

2197 3825 2490 3894 δεξάμενος
2547 3823 2727 3877 αὐτῶν
2779 3824 2878 3894 τὴν
2945 3823 3274 3893 ἀπόκρισιν,
3347 3820 3626 3893 βεϐαιώσῃ
3684 3820 3777 3889 τὴν

2201 3914 2404 3967 πίστιν.
2684 3976 2689 3979 _

2619 4003 2804 4056 ΑΛΛΟ
2825 4042 2839 4066 ,
2890 4001 3344 4072 διηγηματικῶς.

2271 4119 2383 4172 Ούκ
2407 4119 2591 4185 ἀγνοεῖ
2618 4117 2715 4187 τὴν
2750 4118 2965 4187 ἡμέραν
2999 4118 3092 4172 καὶ
3125 4117 3222 4188 τὴν
3261 4117 3411 4188 ὥραν
3457 4119 3553 4188 τῆς
3589 4116 3780 4169 ἑαυτοῦ

2200 4212 2503 4284 παρουσίας
2539 4212 2567 4262 ὁ
2593 4210 2739 4277 Υἱὸς,
2840 4209 3012 4278 Λόγος
3046 4210 3165 4262 ἐστὶ
3193 4210 3287 4263 καὶ
3324 4209 3482 4278 σοφία
3511 4248 3524 4269 ,
3554 4207 3668 4260 ἀλλ’
3695 4207 3780 4258 ἵνα

2204 4306 2276 4375 μὴ
2334 4304 2510 4373 λύπην
2548 4302 2746 4375 ἐντέκῃ
2805 4303 2920 4364 τοῖς
2954 4300 3243 4372 μαθηταῖς,
3312 4301 3387 4362 ὡς
3440 4301 3499 4352 ού
3547 4298 3779 4368 θελήσας

2201 4394 2590 4465 ἀποκρίνεσθαι
2624 4397 2688 4464 τῇ
2728 4394 2855 4464 παρ’
2882 4392 3060 4445 αὐτῶν
3103 4390 3528 4461 προσενεχθείσῃ
3565 4391 3774 4450 πεύσει,

2203 4486 2284 4550 τὸ,
2320 4485 2434 4537 Οὐκ
2463 4481 2598 4550 οἶδα,
2627 4485 2790 4555 φησὶν
2823 4485 2896 4547 ὡς
2913 4483 3213 4551 ἄνθρωπος,
3234 4482 3483 4549 ἐξουσίαν
3517 4482 3650 4551 ἔχων
3684 4481 3780 4534 καὶ

2205 4575 2326 4639 τού,
2363 4577 2538 4627 εἰπεῖν
2569 4575 2674 4640 διὰ,
2708 4576 2767 4627 τὸ
2793 4573 3042 4643 γενέσθαι
3086 4573 3239 4645 σὰρξ,
3274 4575 3409 4627 καθὸ
3449 4577 3780 4644 γέγραπται,

2205 4665 2416 4729 καὶτὰς
2445 4665 2546 4734 τῆς
2592 4665 2790 4736 σαρκὸς
2838 4663 3122 4726 ἀσθενείας
3171 4663 3626 4733 ἱδιοποιήσασθαι.
3664 4664 3784 4713 ὐτι

2209 4758 2317 4833 γάρ
2346 4755 2546 4826 ταύτης
2567 4755 2726 4808 ἕνεκα
2754 4755 2852 4824 τῆς
2879 4754 3056 4817 αἰτίας
3083 4753 3142 4805 τὸ
3168 4754 3240 4824 μὴ
3271 4755 3468 4806 εἰδέναι
3496 4747 3677 4822 φησῖν,
3703 4755 3786 4804 ἐν·

2208 4847 2397 4902 τεῦθεν
2423 4846 2700 4917 εἰσόμεθα.
2731 4847 2882 4899 Μετὰ
2912 4846 3019 4916 γὰρ
3052 4845 3112 4898 τὸ
3150 4847 3210 4897 ὲκ
3233 4845 3440 4916 νεκρῶν
3467 4846 3782 4913 ἀναστῆναι,

2215 4939 2422 5009 μέλλων
2455 4954 2513 4990 τε
2551 4937 2649 5006 ἤδη
2686 4935 2870 4989 λοιπὸν
2896 4935 3206 4990 ἀναϐαίνειν
3230 4935 3308 4998 είς
3346 4935 3630 5004 οὐρανοὺς,
3658 4933 3788 5002 ἐρω-

2209 5030 2489 5100 τησάντων
2513 5028 2673 5080 αὑτὸν
2703 5027 2809 5080 τῶν
2853 5027 3130 5098 μαθητῶν,
3179 5027 3307 5080 πότε
3334 5027 3395 5079 τὸ
3423 5027 3575 5088 τέλος
3602 5025 3751 5076 ἔσται
3769 5063 3786 5087 ,

2209 5123 2303 5174 καὶ
2335 5122 2465 5176 πότε
2507 5120 2666 5173 πάλιν
2695 5121 3155 5191 παραγενήσεται,
3195 5117 3524 5189 δριμύτερον
3557 5114 3788 5185 ἀπεκρί-

2207 5230 2334 5266 νατο
2359 5213 2553 5280 λέγων’
2591 5229 2610 5262 ι
2643 5211 2754 5280 Οὐχ
2783 5210 2936 5280 ὑμῶν
2965 5211 3080 5263 ἐστι
3103 5209 3303 5278 γνῶναι
3349 5209 3578 5280 χρόνους
3605 5207 3637 5277 ἢ
3673 5223 3790 5258 και-

2209 5306 2354 5376 ροὺς,
2386 5304 2478 5368 οὓς
2499 5307 2526 5358 6
2558 5304 2746 5376 Πατὴρ
2775 5302 2927 5355 ἔθετο
2957 5303 3014 5355 ἐν
3045 5305 3110 5373 τῇ
3150 5302 3255 5372 ἰδία
3305 5299 3546 5371 ἐξουσίᾳ.
3584 5319 3600 5350 ι
3648 5297 3788 5351 Ἀλλ’

2204 5397 2361 5468 εἴπερ
2385 5397 2590 5465 ἠγνόει,
2625 5395 2810 5464 σαφῶς
2828 5393 2987 5449 αὐτὸν
3014 5394 3182 5467 ἐχρῆν
3211 5394 3410 5463 λέγειν·
3437 5388 3606 5445 Εἶπον
3634 5393 3784 5461 ὑμῖν,

2204 5490 2303 5542 οὐκ
2325 5486 2461 5543 οἶδα.
2498 5489 2636 5544 Νυνὶ
2657 5488 2712 5542 δὲ
2744 5489 2819 5552 ὠς
2853 5489 2955 5542 οὐκ·
2990 5489 3226 5556 εὐλόγως
3273 5486 3596 5557 ἐρωτῶντας
3645 5483 3788 5551 ἐλὲγ·

2206 5598 2322 5651 χει,
2380 5581 2474 5634 καὶ
2515 5581 2590 5643 ὡς
2627 5581 2847 5653 μείζονα
2898 5580 2932 5650 ἢ
2987 5579 3109 5633 καθ’
3158 5578 3382 5640 ἑαυτοὺς
3431 5576 3788 5642 ἐξετάζοντας

2200 5739 2244 5771 ⁹²
2271 5738 2401 5796 ibid.
2438 5737 2638 5807 16,17.
2729 5739 2802 5817 1³³
2832 5737 3022 5795 Matth.
3057 5753 3134 5806 x1,
3157 5737 3251 5793 27.
3348 5735 3395 5769 "'
3421 5733 3582 5790 Joan.
3625 5749 3662 5799 t,
3701 5730 3786 5785 ιιι.
