4074 6266
496 348 637 411 s79.
1278 369 1291 377 ι
1490 352 1551 408 ε.
1590 351 1859 407 cuum
1897 330 2365 409 ALEXANDRlNl
2403 350 2722 409 ARCHIEP.
3654 351 3767 409 δεον

1047 460 1212 535 224
1250 462 1481 520 ALIUD.
2098 471 2144 528 Α
2867 462 3071 517 suo.

562 572 627 627 Si
661 569 860 627 Paulus
909 587 1037 629 vere
1064 574 1132 630 de
1162 573 1299 631 Filio
1325 574 1457 638 dicit
1483 578 1526 640 ',
1560 577 1702 646 quod
1727 579 1908 633 omnia
1963 581 2072 634 sint

2243 580 2306 633 Ei
2325 578 2580 650 ἀληθεύει
2610 578 2785 646 λέγων
2804 576 2832 629 6
2860 574 3093 639 Παῦλος,
3121 573 3205 627 ὅτι
3234 574 3412 631 πάντα
3446 579 3630 649 γυμνὰ
3664 582 3765 635 καὶ

488 668 638 718 mtda
690 674 857 735 alque
904 680 1088 737 aperta
1138 669 1191 722 in
1220 678 1509 737 conspectu
1542 669 1679 736 ejus,
1730 686 1894 726 unum
1940 689 2070 728 vero

2168 670 2637 741 τετραχηλισμένα
2692 666 2923 723 ἐνώπιον
2981 666 3145 720 αὐτοῦ
3204 668 3346 732 ἐστι,
3380 670 3512 739 περὶ
3558 670 3615 725 δὲ
3662 672 3757 725 τοῦ

495 756 742 812 omnium
771 768 857 812 est
882 759 1044 812 etiam
1075 759 1206 813 hora
1234 758 1345 824 illa,
1371 761 1641 829 quomodo
1673 761 1818 816 illam
1856 762 2070 832 ignorat

2166 760 2297 815 Υἱοῦ
2316 761 2555 831 δηλονότι
2586 760 2766 831 φησιν,
2792 759 2850 812 ἓν
2895 759 2952 812 δὲ
2988 758 3111 812 τῶν
3146 760 3365 814 πάντων
3406 762 3497 824 καὶ
3554 764 3588 834 ἠ
3637 762 3769 835 ὥρα·

493 847 540 901 is
593 847 646 901 in
705 846 857 917 cujus
905 857 1195 919 conspectu
1254 859 1383 905 sunt
1442 850 1623 905 omnia
1698 852 1836 907 nuda
1904 864 2066 924 alque

2166 851 2371 920 ἐκείνη,
2401 850 2518 912 πῶς
2548 850 2733 918 ἀγνοεῖ
2752 848 3015 920 ταύτηνιὸ
3061 849 3131 902 ένΔ
3176 848 3476 921 ὀφθαλμοῖς
3497 852 3637 923 ἔχων
3688 855 3763 913 τὶ

494 947 707 1007 aperta.

2166 938 2341 993 πάντα
2362 938 2829 1010 τετραχηλισμένα
2850 955 2868 1004 ;

1154 1052 1383 1109 ALIUD.
2861 1050 3061 1117 AAAO:

560 1160 617 1216 Si
646 1162 781 1216 citra
814 1161 1207 1232 blasphemiam
1256 1165 1584 1222 existimatis
1627 1168 1732 1224 dici
1780 1185 1938 1239 posse
1968 1172 2059 1227 Fi-

2232 1160 2294 1212 Ei
2325 1160 2398 1232 μὴ
2421 1160 2701 1232 δύσφημον
2727 1156 2865 1213 εἶναι
2896 1158 3181 1214 πιστεύετε
3220 1162 3283 1214 τὸ
3327 1164 3510 1231 λέγειν
3553 1167 3752 1237 ἠγνοη-

487 1251 617 1306 linm
650 1252 853 1322 aliquid
887 1269 1073 1309 eorum
1126 1270 1246 1323 quae
1280 1259 1860 1331 exsistuntignerare;
1895 1265 1965 1318 ita
2000 1280 2059 1320 se

2162 1251 2314 1306 κέναι
2347 1269 2399 1304 τι
2421 1252 2526 1304 τῶν
2554 1251 2721 1305 ὄντων
2749 1250 2838 1304 τὸν
2868 1250 3014 1314 Υἰὸν,
3051 1252 3241 1321 ἐχέτω,
3284 1254 3407 1306 καθ’
3442 1254 3617 1325 ὑμᾶς,
3658 1259 3753 1311 καὶ

486 1357 594 1409 res,
618 1345 915 1397 secundum
947 1358 1063 1411 vos,
1097 1346 1292 1403 habeat
1320 1366 1334 1403 :
1365 1349 1458 1404 sed
1487 1351 1759 1407 videamus
1784 1368 1851 1407 an
1876 1366 2057 1410 veSIra

2159 1341 2353 1405 οὕτως.
2395 1342 2535 1395 Ἀλλ’
2565 1341 2795 1412 εἰδῶμεν
2852 1342 2901 1393 εἰ
2944 1341 3018 1411 μὴ
3061 1341 3366 1411 σφάλλεσθε
3406 1343 3474 1411 τὰ
3522 1344 3755 1397 τοιαῦτα

484 1447 581 1488 vos
618 1432 766 1489 fallat
813 1434 1028 1502 opinio,
1069 1446 1235 1508 atque
1277 1452 1341 1493 ex
1388 1439 1499 1509 ipsa
1551 1457 1607 1497 re
1650 1444 2055 1503 consideremus

2160 1433 2483 1505 φρονοῦντες
2538 1435 2667 1504 περὶ
2720 1432 2903 1486 αὑτοῦ·
2941 1434 2999 1501 ἐξ
3047 1434 3211 1487 αὐτοῦ
3270 1434 3624 1507 θεωρήσομεν
3653 1438 3745 1490 τοῦ

483 1540 646 1601 quam
674 1527 1041 1584 imhecillibus
1078 1531 1399 1597 rationibus,
1432 1532 1599 1586 veluti
1635 1536 1930 1592 arundineo
1961 1538 2053 1591 ba-

2159 1526 2506 1596 πράγματος,
2535 1527 2583 1579 εἰ
2616 1526 2689 1596 μὴ
2717 1526 3076 1597 σαθροτάταις
3107 1525 3333 1590 ἐννοίαις
3369 1528 3739 1599 ὲπερείδεσθε,

482 1618 630 1684 cnlo,
675 1619 1005 1676 innitamini.
1066 1623 1249 1678 Solam
1302 1625 1448 1679 illam
1503 1627 1641 1681 diem
1698 1629 1951 1697 ignorare
1993 1650 2052 1689 se

2158 1615 2465 1687 καλαμίνην
2493 1615 2681 1687 ὥσπερ
2710 1617 2921 1679 ἑαυτοῖς
2964 1616 3260 1680 ὑποθέντες
3294 1617 3393 1687 τὴν
3420 1616 3738 1688 βακτηρίαν.

483 1710 620 1764 dixit
652 1709 869 1767 Filius:
902 1728 1030 1785 ergo
1077 1716 1121 1768 si
1174 1715 1344 1770 solam
1392 1718 1529 1773 hanc
1572 1719 1861 1791 ignoravit,
1903 1724 2052 1780 novit

2156 1707 2343 1779 Μόνην
2362 1706 2532 1779 ἔφησε
2583 1707 2679 1778 τὴν
2716 1709 2933 1780 ἡμέραν
2983 1707 3199 1777 ἐκείνην
3252 1708 3467 1777 ἀγνοεῖν
3519 1711 3547 1762 6
3592 1709 3738 1774 Υἱός·

481 1812 631 1857 certe
662 1803 837 1870 alias;
880 1806 1027 1874 atqui
1065 1807 1116 1860 in
1147 1807 1229 1861 his
1255 1809 1420 1863 etiam
1446 1812 1550 1865 erit
1576 1827 1695 1881 quae
1737 1813 1881 1868 illam
1914 1832 2050 1886 prae-
2078 1815 2090 1870 1

2150 1798 2345 1853 οὐκοῦν
2370 1802 2417 1853 εἰ
2449 1800 2616 1870 μόνην
2650 1800 2863 1870 ἐκείνην
2907 1800 3109 1870 ἀγνοεῖ,
3145 1794 3256 1853 οἶδε
3316 1800 3414 1863 τὰς
3446 1800 3632 1865 ἄλλας⁹
3686 1804 3744 1856 ὲν

480 1893 665 1948 cessit.
714 1894 782 1948 At
827 1896 871 1949 si
914 1911 1031 1951 eam
1066 1912 1184 1964 qua:
1235 1902 1510 1967 pra-cessit
1563 1904 1729 1969 novit,
1778 1906 2049 1975 quomodo

2134 1892 2213 1969 δὲ
2240 1891 2463 1954 ταύταις
2494 1892 2586 1945 καὶ
2610 1892 2643 1962 ἡ
2672 1891 2774 1963 πρὸ
2803 1892 2972 1962 αὐτῆς
2994 1891 3258 1945 κείσεται.
3318 1891 3428 1945 Καὶ
3459 1892 3576 1956 πῶς
3606 1895 3635 1946 6
3663 1895 3743 1946 si-

478 2001 588 2040 non
630 1987 838 2041 noverit
880 1987 1025 2059 quod
1072 1989 1216 2043 illam
1247 2007 1406 2061 quam
1444 1995 1615 2059 novit,
1645 1995 1732 2049 illa
1761 2012 1947 2067 quam,
1990 2007 2050 2052 ut

2154 1983 2260 2051 δὼς
2284 1982 2382 2053 τὴν
2412 1983 2519 2054 πρὸ
2544 1982 2736 2053 αὐτῆς,
2780 1982 2880 2037 οὐκ
2924 1976 3064 2035 οἶδεν
3088 1983 3171 2035 ὅτι
3231 1980 3349 2054 μεθ’
3378 1982 3445 2052 ἢν
3472 1979 3613 2036 οἶδεν
3647 1985 3739 2037 εὐ-

477 2091 577 2133 vos
608 2077 814 2143 dicitis,
851 2094 959 2134 non
1005 2082 1178 2146 novit,
1214 2093 1492 2153 sequatur.
1519 2085 1747 2142 Perinde
1775 2090 1915 2143 enim
1948 2092 2048 2147 hoc

2156 2070 2252 2136 θὺς
2276 2073 2309 2143 ἡ
2335 2071 2670 2143 ἀγνοουμένη
2699 2071 2820 2125 καθ’
2845 2072 2989 2142 ὑμᾶς
3019 2070 3309 2135 εἰσὸαίνεις
3352 2072 3580 2141 Ὅμοιον
3620 2074 3754 2143 γὰρ

477 2174 562 2220 εει
588 2181 653 2221 ac
684 2167 727 2221 si
755 2169 877 2238 quis
903 2168 1070 2236 dicat,
1092 2171 1322 2240 aliquem
1348 2173 1600 2242 ignorare
1616 2177 1828 2245 qualem
1851 2179 2046 2233 delini-

2153 2163 2344 2237 ὥσπερ
2371 2164 2425 2216 ετ
2469 2181 2556 2226 τις
2594 2163 2741 2232 λέγοι
2792 2164 2867 2235 μὴ
2915 2164 3115 2217 εἰδέναι
3150 2162 3239 2217 τὸν
3284 2163 3413 2216 δέκα
3460 2164 3726 2235 ἀριθμὸν,

477 2258 681 2312 tionem
720 2260 917 2327 habeat
942 2277 1203 2319 numerus
1232 2264 1509 2331 denarius,
1537 2267 1630 2336 qui
1655 2269 1799 2324 norit
1829 2286 2043 2328 novem.

2153 2257 2311 2310 ποίαν
2343 2256 2459 2326 ἔχει
2486 2255 2581 2327 τὴν
2609 2255 2777 2320 θέσιν,
2809 2256 2935 2339 τοὺς
2970 2254 3179 2319 εἰδότας
3197 2253 3285 2307 τδν
3309 2255 3486 2311 ἐννέα.
3522 2256 3726 2327 Πρόδη-

474 2348 816 2415 Manifestum
845 2351 985 2406 enim
1022 2363 1106 2409 est
1140 2354 1324 2409 statim
1358 2366 1480 2426 post
1520 2372 1709 2413 novem
1755 2362 1907 2431 sequi
1950 2363 2044 2417 de-

2150 2345 2240 2400 λον
2262 2347 2369 2417 γὰρ
2394 2347 2476 2399 ὅτι
2513 2344 2651 2416 μετὰ
2676 2344 2766 2398 τὸν
2800 2345 2959 2399 ἐννέα
3006 2348 3035 2399 6
3060 2345 3191 2398 δέκα
3225 2345 3463 2399 κείσεται
3491 2346 3725 2410 πάντως.

468 2456 609 2496 cem.
641 2441 699 2503 Si
724 2458 855 2513 ergo
887 2444 1026 2500 diem
1068 2447 1219 2515 novit
1241 2463 1360 2517 quae
1384 2450 1732 2505 novissimam
1765 2455 2040 2523 praecedit,

2149 2440 2213 2492 Ei
2240 2439 2417 2493 τοίνυν
2436 2433 2542 2491 οἶδε
2568 2438 2667 2509 τὴν
2702 2438 2809 2509 πρὸ
2862 2438 3053 2508 αὐτῆς,
3090 2436 3207 2502 πῶς
3252 2436 3356 2490 οὐκ
3386 2436 3593 2492 εἴσεται
3640 2440 3737 2491 καὶ

468 2545 575 2598 quo
603 2540 762 2600 pacto
792 2533 958 2602 ipsam
995 2535 1159 2590 etiam
1193 2539 1547 2593 novissimam
1581 2556 1684 2594 non
1716 2542 1901 2596 norit?
1933 2545 2043 2599 Ant

2149 2532 2349 2603 αὑτήν;
2375 2529 2499 2594 Πῶς
2523 2532 2551 2584 6
2568 2529 2804 2584 τοσαῦτα
2827 2533 3027 2601 σημεῖα
3060 2530 3167 2601 πρὸ
3188 2528 3282 2583 τοῦ
3305 2529 3493 2590 τέλους
3519 2528 3734 2583 ἔσεσθαι

468 2622 763 2692 quomodo,
797 2625 887 2692 qui
932 2634 1078 2678 tanta
1126 2628 1277 2696 signa
1310 2628 1842 2700 ﬁnemprtecessura
1882 2635 2041 2701 dixit,

2147 2624 2339 2692 λέγων,
2370 2623 2469 2676 οὐκ
2493 2619 2633 2676 οἶδεν
2659 2624 2739 2677 ὅτι
2764 2622 2902 2693 μετὰ
2944 2622 3011 2676 τὰ
3042 2625 3244 2693 σημεῖα
3276 2621 3338 2675 τὸ
3364 2622 3521 2686 τέλος
3544 2640 3559 2689 ;
3586 2624 3732 2675 Παν-

468 2713 675 2767 nesciat
702 2722 820 2783 post
853 2714 943 2769 illa
972 2716 1125 2785 signa
1158 2718 1302 2772 edita
1340 2721 1498 2773 tinem
1534 2720 1816 2778 futurum?
1852 2726 2041 2782 Unde-

2146 2714 2371 2787 ταχόθεν
2399 2713 2689 2784 τοιγαροῦν
2719 2713 2934 2784 ἀνόητοι
2960 2713 3333 2785 δειχθήσεσθε,
3357 2712 3458 2783 τῆς
3482 2712 3735 2784 ἀληθείας

467 2818 682 2874 quaque
718 2805 884 2877 igitur
914 2816 1098 2861 vestra
1138 2809 1351 2865 inscitia
1380 2828 1439 2866 sc
1469 2814 1670 2883 prodit,
1696 2816 1787 2886 qui
1822 2819 2040 2875 veritati

2146 2805 2451 2876 τολμῶντες
2472 2804 2923 2875 καταψεύδεσθαι.
2949 2801 3071 2859 Οἵδε
3096 2805 3204 2878 γὰρ
3231 2806 3302 2860 τὰ
3339 2807 3563 2861 πάνταό
3585 2806 3731 2872 Υξδς,

468 2911 771 2967 repugnare
796 2913 902 2952 non
930 2901 1214 2958 veremini.
1243 2900 1439 2957 Omnia
1478 2905 1623 2959 enim
1672 2908 1821 2962 novit
1849 2908 2036 2978 Filius,

2146 2895 2248 2949 κᾶν
2274 2894 2631 2967 οἰκονομικῶς
2650 2896 2864 2965 ἀγνοεῖν
2892 2913 2944 2949 τι
2973 2895 3127 2969 λέγῃ.
3643 2910 3650 2927 ·

467 2987 681 3043 tametsi
714 2988 976 3061 singulari
1008 2991 1236 3049 consilio
1270 2994 1520 3063 ignorare
1552 3010 1612 3051 se
1654 2998 1819 3055 dicat.

740 3121 1312 3216 ASSERTIO
1385 3128 1760 3218 XXIII.
2066 3164 2112 3227 c

1642 3131 1760 3218 ιι,
2066 3164 2112 3227 ο
2617 3102 2983 3191 ΛΟΓΟΣ
3057 3071 3251 3191 ΚΓ.

465 3271 530 3329 1η
561 3274 716 3334 illud,
752 3290 770 3322 ι
812 3270 976 3325 Pater
1022 3282 1161 3325 amat
1218 3272 1443 3338 Filium,
1490 3288 1537 3329 et
1582 3280 1760 3331 omnia
1794 3280 1939 3333 dedit
1982 3281 2038 3335 in

2138 3262 2242 3338 Εἰς
2266 3263 2360 3338 τὸ,
2399 3283 2417 3314 ι
2469 3261 2989 3338 '0_Hat1‘lpd7‘a:_l(:i
3026 3262 3337 3338 τὸν-Πὸν,
3373 3262 3489 3338 aegri
3534 3261 3744 3338 πάντα

536 3359 697 3395 manu
724 3340 844 3424 eius
866 3341 906 3394 ⁸.
933 3360 964 3424 ι»
992 3342 1142 3424 Et'in
1164 3343 1314 3424 illud
1333 3361 1351 3397 :
1377 3364 1403 3424 ⁵ι
1430 3333 1631 3424 Omnia
1675 3350 1804 3402 mihi
1836 3333 2038 3405 tradita

2211 3333 2471 3424 662mm?
2533 3333 2602 3387 ἐν
2656 3334 2732 3402 τῇ
2787 3335 2939 3424 ξειρὶ
2994 3333 3465 3424 ᾳῠξοῦ.-›ηΚαὶ’
3497 3337 3587 3402 εὶς
3624 3334 3722 3396 τὸ.

534 3423 652 3496 ενοι
685 3427 715 3464 a
746 3403 907 3496 Patre
931 3410 971 3463 ⁸.
996 3410 1115 3483 ιΕι
1157 3413 1212 3496 in
1247 3413 1424 3492 illud:
1462 3414 1882 3496 t_Nqn_poss_um
1905 3403 2039 3496 ante

2217 3403 2468 3496 Lﬂ‘dr‘ta
2500 3421 2600 3496 μοι
2638 3403 2935 3496 Ξςρξᾷόθη
2982 3404 3101 3496 ἰξτρ
3129 3403 3235 3496 ἰοῦ
3259 3405 3511 3496 ματρός
3533 3422 3718 3483 μου..)

534 3480 719 3556 facere
740 3480 1031 3556 quidquam
1049 3496 1069 3556 :_
1087 3482 1182 3556 sed
1210 3482 1342 3537 sicut
1375 3472 1756 3555 audio,jud'ico
1774 3472 1798 3521 δ

2209 3474 2321 3556 Kal
2337 3476 2437 3556 ,εἰς
2469 3472 2617 3556 1:6,}.
2637 3476 2721 3527 Οὐ
2737 3472 3118 3556 δργαμᾳιέῖὼ
3134 3474 3235 3527 ἀπ’
3252 3474 3515 3556 ἐμαυτοῦ
3537 3473 3727 3556 πίοι-εῖν

530 3542 640 3605 alia
663 3542 809 3604 dicta
846 3542 927 3603 his
949 3551 1167 3605 similia.
1542 3542 1586 3555 "
1816 3542 1832 3556 ι
1917 3542 1955 3545 --

2210 3542 2410 3597 οὐδέν·
2468 3542 2631 3597 ἀλλὰ
2681 3542 3139 3609 καθὼςάκούω,
3195 3544 3395 3611 κρίνω
3431 3563 3450 3596 ι
3486 3543 3585 3597 καὶ
3613 3543 3740 3596 ὅσα

2206 3614 2439 3680 τούτοις
2471 3613 2642 3683 ὅμοιά
2666 3613 2795 3667 ἐστι
2821 3612 3001 3682 ῥητά.

920 3728 1157 3797 Objectio
1187 3729 1576 3787 Ita’reticorum.
2464 3726 2529 3779 Ἅι

2464 3726 2784 3792 Ἆντίθεσις
2808 3725 2877 3778 ἐκ
2913 3722 3035 3778 τῶν
3074 3723 3407 3793 αἰρετικῶν.

530 3862 639 3919 Sed
672 3863 963 3931 quomodo,
1000 3863 1271 3932 inquiunt,
1312 3866 1486 3936 possit
1524 3868 1697 3925 Filius
1735 3870 2033 3931 secundum

2208 3858 2318 3913 Καὶ
2352 3857 2468 3922 πῶς
2489 3858 2555 3912 ἂν
2579 3857 2817 3925 δύναιτο,
2849 3857 3003 3926 φασι,
3055 3857 3176 3913 κατ’
3202 3856 3391 3911 οὐσίαν
3416 3856 3605 3927 ὅμοιος
3642 3850 3718 3907 εἴ-

452 3953 750 4009 essentiam
782 3953 975 4008 similis
1003 3969 1124 4010 esse
1154 3954 1327 4023 Patri,
1357 3958 1453 4028 qui
1490 3958 1624 4015 dicit
1660 3975 1720 4016 se
1750 3963 2035 4032 accepisse

2135 3967 2222 4005 ναι
2249 3948 2327 4021 τῷ
2369 3950 2544 4022 Πατρὶ
2571 3953 2599 4003 6
2621 3949 2771 4014 Υἱὸς,
2798 3951 2825 4003 6
2853 3949 3026 4018 λέγων
3061 3949 3339 4020 εἰληφέναι
3374 3948 3557 4001 πάντα
3576 3946 3723 4018 παρὰ

452 4044 640 4103 omnia
672 4059 700 4099 a
735 4043 943 4101 Patre?
971 4044 1105 4115 Nam
1134 4049 1226 4118 qni
1253 4049 1439 4118 habet,
1472 4066 1577 4105 non
1612 4054 1829 4123 accipit.
1870 4056 2032 4127 225

2132 4041 2228 4095 τοῦ
2264 4043 2514 4114 Πατρός,
2556 4042 2735 4112 Ἐχων
2776 4040 2907 4111 γὰρ,
2934 4042 3036 4095 οὐκ
3095 4042 3162 4095 ἂν
3219 4039 3459 4105 ἐδέξατο.
3506 4039 3718 4109 Ἐπειδὴ

450 4138 589 4191 Cum
613 4151 743 4193 vero
766 4149 1025 4208 appareat
1050 4154 1172 4193 cum
1196 4142 1495 4211 accepisse,
1522 4152 1579 4198 ut
1608 4143 1839 4214 ipsemet
1860 4158 2029 4202 testa-

2132 4134 2191 4188 δὲ
2220 4134 2469 4204 φαίνεται
2496 4131 2700 4201 λαϐὼν,
2726 4133 2801 4198 ὡς
2828 4133 2990 4197 αὐτός
3020 4150 3175 4204 φησι,
3211 4130 3370 4203 δῆλός
3394 4131 3545 4185 ἔστιν
3572 4129 3719 4183 οὐδὲν

452 4233 547 4280 tur
578 4267 595 4294 ,
651 4228 995 4283 manifestum
1053 4239 1133 4285 est
1182 4245 1306 4285 eum
1391 4234 1526 4288 nihil
1575 4234 1777 4292 habere
1829 4256 1894 4295 ex
1944 4254 2033 4295 se-

994 4274 995 4277 η
1053 4239 1133 4285 εει
1182 4245 1306 4285 eum
1391 4234 1526 4288 nihil
1575 4234 1777 4292 habere
1829 4256 1894 4295 cx
1944 4254 2033 4295 se-
2133 4224 2273 4295 ἔχων
2301 4224 2361 4291 ἐξ
2388 4222 2603 4279 ἑαυτοῦ-

452 4316 598 4386 ipso.
1951 4392 1961 4399 _

945 4427 1156 4482 Salutio
1189 4428 1522 4499 objectionis.

2626 4441 2783 4509 Πρὸς
2821 4440 2999 4495 τοῦτο
3028 4442 3224 4507 λύσις.

529 4540 663 4597 Cum
712 4538 877 4611 igitur
922 4541 1108 4597 audies
1161 4542 1429 4598 dicentem
1486 4543 1685 4598 Filium
1718 4546 1739 4577 ⁸
1773 4563 1789 4601 :
1824 4565 1843 4599 ι
1900 4547 2027 4603 Om-
2057 4516 2109 4576 υ

2097 4522 2109 4570 ’
2204 4556 2372 4608 Ὅταν
2420 4546 2512 4607 οῦν
2564 4553 2804 4626 ἀκούσῃς
2854 4553 3105 4623 λέγοντος
3147 4551 3243 4607 τοῦ
3276 4551 3431 4619 Υίοῦ,
3465 4570 3483 4605 ι
3522 4552 3706 4607 Πάντα

455 4631 546 4691 nia
575 4646 694 4703 qua:
723 4631 885 4688 habet
916 4632 1078 4688 Pater
1110 4649 1231 4689 mea
1269 4646 1415 4701 sunt,
1449 4648 1502 4691 et
1547 4637 1728 4692 omnia
1763 4653 1878 4693 mea
1902 4648 2030 4694 sunt

2128 4647 2228 4700 ὃσα
2259 4645 2371 4716 ἔχει
2397 4647 2426 4698 6
2454 4645 2663 4717 Πατὴρ,
2691 4646 2800 4716 ὲμά
2834 4647 2970 4710 ἐστι,
2994 4666 3012 4698 ι
3046 4646 3143 4699 καὶ
3175 4645 3245 4700 τὰ
3286 4645 3396 4716 ὲμὰ
3418 4646 3596 4699 πάντα
3622 4645 3710 4700 τοῦ

454 4723 654 4790 Patris,
682 4743 699 4777 ι
732 4724 860 4794 quid
900 4726 1072 4789 dices,
1111 4727 1411 4783 hazretice?
1458 4728 1513 4783 Si
1567 4729 1711 4783 enim
1751 4744 1818 4783 ex
1852 4738 2028 4784 vestra

2129 4736 2343 4806 Πατρός
2376 4737 2514 4801 ἐστι,
2543 4737 2595 4789 τί
2623 4736 2731 4807 ἄρα
2757 4737 3026 4808 ποιήσεις,
3050 4799 3057 4806 ,
3081 4736 3326 4807 αἱρετικέ
3349 4755 3365 4803 ;
3392 4737 3455 4791 El
3489 4736 3597 4808 γὰρ
3629 4736 3713 4788 οὐ·

453 4818 714 4891 opinione
748 4817 917 4876 Filius
958 4819 1095 4874 nihil
1129 4820 1289 4875 habet
1315 4836 1378 4875 ex
1426 4822 1638 4890 seipse,
1690 4821 1822 4876 nihil
1857 4822 2023 4876 etiam

2128 4829 2216 4881 δὲν
2246 4828 2379 4899 ἔχει,
2400 4827 2523 4882 καθ’
2547 4829 2709 4899 ὑμᾶς,
2738 4829 2765 4880 6
2800 4828 2927 4892 Υἱὸς
2957 4829 3015 4896 eg
3040 4829 3255 4892 ἑαυτοῦ,
3292 4828 3405 4900 ἔχει
3436 4828 3596 4881 τοῦτο
3623 4828 3710 4883 καὶ

452 4927 519 4967 ex
553 4911 731 4981 seipse
768 4912 991 4967 habebit
1017 4912 1210 4983 Pater;
1236 4921 1291 4967 et
1318 4914 1363 4968 si
1391 4912 1553 4967 Pater
1581 4914 1763 4968 omnia
1794 4925 2018 4968 natura-

2125 4922 2154 4973 6
2194 4921 2407 4992 Πατήρ’
2450 4921 2615 4973 καὶ-εἰ
2648 4921 2826 4974 πάντα
2856 4919 2970 4991 ἔχει
3025 4920 3269 4989 φυσικῶς
3293 4921 3321 4971 6
3356 4918 3566 4990 Πατὴρ,
3604 4918 3710 4988 ἔχει

452 5003 579 5059 liter
631 5004 814 5068 habet,
869 5004 1091 5060 habebit
1142 5007 1244 5060 hoc
1298 5014 1352 5059 et
1401 5004 1593 5060 Filius.
1642 5004 2021 5060 Necessarium

2128 5012 2285 5067 τοῦτο
2313 5013 2404 5067 καὶ
2438 5015 2466 5066 6
2489 5012 2634 5076 Υἱός.
2691 5012 2932 5083 Ἀνάγκη
2958 5011 3156 5075 τοίνυν,
3200 5010 3232 5081 ἢ
3268 5010 3329 5063 τὸ
3370 5011 3536 5081 μηδὲν
3569 5010 3711 5080 ἔχειν

452 5096 622 5167 igitur
642 5111 865 5166 prorsus
887 5106 991 5165 est,
1020 5108 1078 5151 ut
1110 5098 1201 5167 qui
1230 5098 1417 5154 dicunt
1444 5097 1640 5153 Filium
1672 5096 1804 5151 nihil
1838 5111 2020 5167 posse,

2127 5102 2387 5159 δύνασθαι
2412 5104 2676 5173 λέγοντας
2716 5104 2809 5157 τὸν
2839 5103 2986 5167 Υἱὸν,
3054 5101 3358 5173 περιθεῖναι
3409 5100 3569 5154 τοῦτο
3617 5101 3711 5153 καὶ

451 5188 595 5244 idem
630 5204 847 5260 quoque
897 5189 1043 5246 Patri
1100 5192 1359 5259 tribuant,
1415 5193 1673 5247 nimirum
1716 5201 1774 5245 ut
1827 5192 2023 5245 habeat

2126 5196 2204 5267 τῷ
2234 5198 2429 5268 Πατρ“ι,
2462 5197 2528 5249 ἵν’
2561 5195 2698 5267 έχων
2724 5195 2981 5267 φαίνηται
3015 5193 3085 5247 τὰ
3103 5191 3196 5246 τοῦ
3229 5191 3382 5246 Υῑοῦ·
3417 5191 3449 5261 ἢ
3482 5194 3532 5244 ει
3553 5192 3712 5245 τοῦτο

451 5297 570 5352 qua:
592 5280 807 5349 Filius;
858 5294 950 5339 aut
988 5284 1032 5339 si
1086 5286 1187 5339 hoc
1218 5284 1599 5340 detestandum
1634 5293 1738 5349 est,
1801 5298 2023 5339 necesse

2128 5289 2410 5357 φευκτέον,
2439 5288 2651 5358 ἀνάγκη
2685 5285 3066 5356 συνομολογεῖν
3119 5282 3417 5354 κεκτῆσθαι
3448 5282 3541 5336 τὸν
3584 5282 3712 5335 Υιὺν

451 5381 534 5428 est
566 5370 723 5428 fateri
760 5372 958 5428 Filium
1004 5374 1282 5444 possidere
1310 5375 1489 5430 omnia
1510 5389 1629 5443 qua:
1676 5374 1860 5428 Pater.
1889 5373 2019 5428 Om-

2127 5380 2226 5433 ὅσα
2274 5379 2367 5433 καὶ
2419 5380 2446 5431 6
2479 5379 2688 5449 Πατήρ.
2740 5376 2846 5430 Τοῦ
2892 5375 3103 5447 Πατρὺς
3150 5375 3259 5445 γὰρ
3318 5373 3518 5444 ἔφησεν
3570 5366 3714 5424 εἶναι

454 5462 545 5521 nia
596 5464 741 5517 enim
796 5479 894 5519 sna
928 5464 1104 5519 Patris
1131 5478 1253 5519 esse
1306 5466 1464 5532 dixit,
1512 5475 1565 5521 et
1611 5466 1725 5535 ipse
1777 5467 2018 5521 vicissim

2128 5470 2304 5522 πάντα
2353 5468 2421 5523 τὰ
2471 5467 2663 5522 ἑαυτοῦ
2694 5507 2710 5535 ,
2777 5467 2870 5521 καὶ
2936 5466 3097 5530 αὐτὸς
3158 5464 3304 5535 ἔχειν
3377 5463 3559 5519 πάντα
3613 5458 3711 5515 τοῦ

459 5551 659 5608 habere
684 5557 865 5610 omnia
897 5572 1017 5627 quae
1048 5557 1224 5612 Patris
1254 5567 1401 5611 sunt.

748 5557 865 5610 nnia
897 5572 1017 5627 quas
1048 5557 1224 5612 Patris
1254 5567 1401 5611 sunt.
2130 5558 2357 5629 Πατρός.

527 5729 545 5761 ’
586 5724 748 5782 Hebr.
782 5743 851 5796 Iv,
893 5730 971 5783 l5.
1052 5732 1069 5761 ³
1095 5730 1247 5785 Joan.
1279 5747 1357 5793 ιιι,
1392 5731 1478 5785 55.
1558 5731 1574 5761 ⁸
1601 5731 1726 5785 an.
1761 5748 1812 5795 χ,
1838 5732 1922 5784 ‘23.
2004 5733 2021 5762 '
2056 5730 2135 5786 ,ἰοί

1347 5772 1357 5793 ,
1392 5731 1478 5785 55.
1558 5731 1574 5761 ⁸
1601 5731 1726 5785 an.
1761 5748 1812 5795 χ,
1838 5732 1922 5784 ‘23..
2004 5733 2021 5762 '
2056 5730 2208 5786 Joan.
2251 5747 2301 5795 ν,
2326 5732 2412 5785 50.
2492 5734 2510 5765 ‘
2542 5731 2693 5787 Jonn.
2736 5748 2844 5802 xw,
2876 5732 2953 5787 li}.
