4074 6266
283 381 372 439 33!

694 501 905 565 ΔΛΛΟ,
959 497 1416 568 διηγηματικῶς.

342 614 414 667 Οὐ
443 611 537 667 διά
579 611 641 665 τὸ
677 611 754 684 μὴ
809 611 958 681 ἔχειν
1017 613 1047 664 6
1103 611 1254 676 Υἰδς,
1311 611 1592 681 εἰληφέναι
1640 611 1859 680 λέγεται

280 703 426 776 παρά
445 703 543 758 τοῦ
564 703 798 775 Πατρός.
831 701 988 772 Ἔχει
1015 701 1126 770 γὰρ
1152 703 1418 770 φυσικῶς,
1447 703 1578 767 ἴδιος
1600 702 1675 756 ῶν
1696 702 1860 757 αὐτοῦ

271 796 442 864 Λόγος
477 797 576 850 καὶ
603 795 966 867 ἀπαύγασμα,
999 795 1180 850 πάντα
1205 795 1277 848 τά
1309 795 1499 860 αὐτοῦ,
1542 796 1665 865 δίχα
1698 795 1860 866 μόνου

271 889 366 942 τοῦ
395 885 540 943 εἶναι
571 891 669 943 καὶ
715 889 965 958 λέγεσθαι
1014 889 1227 960 Πατήρ.
1256 887 1420 956 Λέγει
1465 889 1524 941 δὲ
1579 888 1862 957 εἰληφέναι

275 981 432 1052 παρά
450 980 550 1034 τοῦ
588 980 821 1052 Πατρδς,
855 979 1204 1050 προαναιρῶν
1245 979 1322 1043 ὡς
1347 979 1480 1042 Θεὸς
1509 979 1612 1043 τάς
1640 979 1751 1032 τῶν
1776 979 1863 1032 αἱ-

284 1077 518 1148 ρετικῶν
547 1075 812 1138 ὑπονοίας.
843 1073 954 1127 Ἵνα
980 1073 1088 1144 γὰρ
1131 1073 1206 1144 μή
1245 1089 1330 1136 τις
1364 1072 1455 1126 τὸν
1479 1072 1608 1125 Υίὺν
1641 1070 1862 1142 θεωρῶν

285 1171 465 1225 πάντα
506 1170 573 1224 τὰ
622 1171 714 1224 τοῦ
761 1167 970 1238 Πατρός
1003 1167 1198 1236 ἔχοντα
1238 1168 1305 1220 ὲκ
1347 1165 1446 1236 τῆς
1493 1164 1694 1235 πολλῆς
1738 1163 1861 1217 λίαν

283 1263 598 1331 ὁμοιότητος
623 1261 714 1314 καὶ
745 1259 1168 1331 ἀπαραλλάκτου
1198 1257 1526 1328 ταυτότητος
1547 1256 1746 1326 νομίσῃ
1767 1255 1858 1308 τὸν

280 1352 443 1407 αὐτὸν
469 1348 604 1404 εἰναι
639 1352 856 1420 Πατέρα
886 1351 980 1403 καὶ
1010 1349 1156 1415 Υἰὸν,
1211 1349 1305 1403 καὶ
1329 1350 1410 1412 εἰς
1438 1350 1534 1420 τὴν
1570 1347 1858 1401 Σαδελλίου

278 1441 487 1510 πλάνην
521 1443 752 1516 ἐκπέσῃ.
812 1443 1130 1510 ἀναγκαίως
1187 1441 1469 1512 εἰληφέναι
1520 1441 1656 1510 φησὶ
1707 1439 1861 1512 παρά

275 1533 508 1604 Πατρός,
543 1533 792 1602 φυσικῶς
849 1532 1008 1588 τοῦτο
1039 1532 1194 1604 ἔχων·
1229 1534 1294 1587 ἵν’
1318 1536 1348 1586 6
1387 1533 1548 1600 λόγος
1587 1531 1860 1604 εἰσφέρων

273 1627 371 1680 ἕνα
399 1627 497 1696 μὲν
538 1626 631 1680 τὸν
681 1625 913 1690 διδόντα,
956 1625 1200 1696 δεύτερον
1230 1625 1286 1679 δὲ
1325 1624 1417 1679 τὸν
1440 1624 1748 1695 δεχόμενον,
1803 1625 1861 1680 ὲν

278 1716 612 1781 ἰδιαζούσαις
645 1719 976 1771 ὑποστάσεσι
997 1716 1159 1770 δυάδα
1180 1716 1394 1788 δεικνύῃ
1431 1716 1492 1769 οὗ
1530 1717 1713 1788 μόνοις
1739 1715 1860 1768 6V6-

285 1825 422 1877 μασι
453 1807 924 1877 διαστελλομένην.
951 1807 1106 1870 Ἵδιος
1149 1807 1206 1862 δὲ
1235 1807 1307 1861 ῶν
1341 1807 1436 1861 τοῦ
1470 1807 1683 1876 Πατρός
1705 1809 1735 1862 6
1756 1807 1861 1861 A6-

1693 375 2134 438 THESAURUS.

3435 385 3543 442 389

2485 501 2716 567 ALIUD,
2750 502 3035 556 narratiu.

2048 611 2163 669 Non
2207 615 2331 671 ideo
2363 615 2562 670 dicitur
2587 614 2756 669 Filius
2788 629 2816 666 a
2855 613 3016 667 Patre
3062 609 3536 682 accepisse,—quod

1963 716 2122 761 antea
2148 722 2255 761 non
2282 705 2554 761 habuerit.
2578 705 2751 761 Habet
2775 705 2917 760 enim
2947 703 3287 767 naturaliter,
3312 717 3434 756 cum
3465 703 3537 753 sit

1961 798 2237 868 proprium
2269 795 2384 864 ejus
2420 795 2650 851 Verbum
2678 805 2733 849 et
2760 793 3042 863 splendor,
3071 793 3252 848 omnia
3277 804 3396 861 qua:
3428 786 3534 843 Pa-

1963 887 2062 941 tris
2085 905 2097 940 :
2127 893 2356 955 excepto
2371 900 2440 940 co
2457 886 2598 953 quod
2615 900 2790 955 neque
2809 885 2903 950 sit,
2922 897 3100 953 neque
3117 883 3331 938 dicatur
3348 880 3531 935 Pater.

1960 978 2103 1032 lticit
2133 987 2313 1031 autem
2338 991 2397 1030 se
2419 978 2701 1045 accepisse
2732 991 2762 1030 a
2812 976 2996 1040 Patre,
3043 986 3432 1044 praeoccupans
3477 980 3534 1027 et

1963 1067 2172 1132 tollens,
2200 1075 2261 1121 ut
2285 1067 2448 1132 Deus,
2476 1067 2855 1121 haereticorum
2886 1066 3276 1133 suspicionem.
3307 1063 3439 1118 Nam
3467 1075 3535 1118 ne

1961 1159 2228 1229 quispiam
2245 1200 2261 1221 ,
2297 1157 2497 1212 Filium
2525 1160 2900 1226 contemplans
2915 1157 3201 1213 habentem
3215 1156 3392 1212 omnia
3417 1168 3536 1222 qua:

1959 1251 2141 1314 Pater,
2169 1251 2444 1305 existimet
2472 1251 2542 1306 ob
2573 1265 2840 1305 summam
2867 1251 3005 1303 hanc
3041 1248 3457 1305 similitudinem
3482 1252 3539 1302 et

1958 1342 2326 1397 omnimodam
2359 1342 2702 1396 identitatem
2733 1341 2911 1410 ipsum
2953 1354 3077 1395 esse
3118 1339 3336 1394 Patrem
3369 1336 3537 1396 simul

1958 1442 2013 1487 et
2047 1431 2260 1498 Filium,
2309 1440 2365 1486 et
2408 1431 2462 1488 in
2511 1429 2731 1486 Sabellii
2767 1443 3009 1484 errorem
3058 1427 3288 1490 incidat,
3325 1426 3534 1480 utiliter

1958 1523 2250 1579 admodum
2273 1537 2332 1576 se
2361 1538 2393 1577 a
2418 1521 2576 1578 Patre
2604 1520 2879 1590 accepisse
2923 1518 3098 1582 dicit,
3145 1533 3269 1572 cum
3306 1525 3534 1570 natura-

1959 1615 2084 1670 liter
2121 1614 2171 1668 id
2207 1615 2421 1680 habeat,
2449 1623 2509 1668 ut
2541 1614 2680 1670 ratio
2702 1614 2817 1682 ipsa
2851 1611 3093 1668 inferens
3121 1624 3287 1664 unum
3310 1607 3527 1679 quidem

1958 1719 2079 1759 esse
2111 1704 2202 1776 qui
2227 1703 2343 1768 dat,
2367 1703 2599 1759 alterum
2635 1703 2726 1773 qui
2765 1701 3013 1772 suscipit,
3051 1698 3372 1756 dualitatem
3405 1685 3530 1768 per-

1959 1809 2218 1850 sonarum
2253 1794 2542 1850 manifeste
2587 1793 2844 1849 ostendat
2895 1809 3004 1850 non
3052 1792 3186 1848 solis
3218 1789 3533 1846 nominibus

285 1914 406 1964 γος,
440 1897 535 1950 καὶ
565 1899 630 1950 ὲκ
661 1896 758 1966 τῆς
789 1895 970 1959 οὐσίας
1004 1895 1168 1950 αὑτοῦ
1201 1894 1500 1968 προελθὼν,
1542 1895 1722 1950 πάντα
1757 1895 1851 1964 μὲν

1962 1889 2292 1944 distinctam.
2333 1886 2468 1942 Cum
2492 1901 2622 1941 vero
2645 1885 2716 1941 sit
2739 1887 3018 1956 proprium
3051 1884 3230 1940 Patris
3259 1880 3528 1947 Verbum,

289 1985 356 2039 τὰ
385 1987 477 2040 τοῦ
502 1985 709 2056 Πατρὸς
740 1985 916 2047 ἀϊδίως
941 1986 1074 2056 ἔχει.
1113 1989 1251 2058 Παρ⁹
1279 1985 1446 2041 αὐτοῦ
1481 1985 1538 2040 δέ
1573 2003 1740 2056 φησιν
1774 1987 1854 2040 εἰσ

281 2075 507 2144 ληφέναι
538 2076 623 2130 διὰ
650 2075 712 2129 τὸ
739 2075 796 2142 ἐξ
830 2076 996 2131 αὐτοῦ
1025 2077 1337 2150 προελθεῖν,
1360 2075 1604 2147 φυσικῶς
1623 2075 1764 2149 ἔχων
1788 2076 1858 2132 τά

271 2166 446 2220 πάντα
477 2168 749 2238 προσόντα
776 2168 949 2239 αὐτῷ.

977 2367 1180 2424 AAAO.

341 2475 519 2528 Οὐδὲν
547 2477 630 2537 εἰς
658 2475 752 2527 τὸν
783 2473 1043 2545 θεότητος
1072 2475 1230 2542 λόγον
1255 2475 1350 2529 τὸν
1380 2475 1508 2529 Υἱδν
1536 2474 1779 2547 ἀδικήσει
1805 2476 1865 2530 τὸ

255 2567 483 2634 λέγειν’
557 2583 577 2616 ι
614 2565 805 2620 Πάντα
848 2584 940 2637 μοι
999 2567 1270 2637 παρεδόθη
1322 2567 1474 2638 παρά
1511 2567 1600 2621 τοῦ
1653 2568 1862 2640 Πατρός

263 2674 390 2727 now
425 2677 444 2709 ι
485 2656 628 2709 ἀλλὰ
664 2657 872 2727 μᾶλλον
898 2658 1240 2711 ἀποδεικνύει
1285 2657 1471 2726 σαφῶς
1510 2659 1647 2712 κατά
1697 2659 1855 2728 φύσιν

261 2752 390 2804 ὄντα
423 2750 574 2803 Υἱόν.
622 2751 689 2802 Εἰ
728 2749 840 2820 γὰρ
872 2751 1052 2804 πάντα
1081 2748 1230 2821 αὐτῷ
1265 2749 1560 2821 παρεδόθη,
1599 2753 1658 2804 ἐν
1689 2752 1746 2805 δὲ
1773 2753 1853 2823 τῷ

263 2842 460 2896 πάντα
506 2845 688 2895 εἰπεῖν
744 2842 900 2894 οὐδὲν
931 2841 1149 2910 ἀφῆκεν
1170 2842 1345 2905 ἐκτός·
1370 2841 1472 2894 οὐκ
1495 2841 1602 2913 ἄρα
1624 2838 1704 2908 εἷς
1734 2843 1850 2898 ἐστι

266 2931 378 2983 τῶν
404 2932 638 2994 πάντων,
675 2933 819 3004 ᾇπερ
855 2933 952 2985 καὶ
1007 2932 1288 3002 εἰληφέναι
1325 2933 1512 3004 φησὶν,
1564 2934 1678 2987 ἀλλ’
1713 2936 1850 2989 ista-

274 3021 477 3085 ζουσαν
512 3025 576 3076 ὲκ
600 3024 813 3095 Πατρδς
833 3023 932 3095 τὴν
951 3024 1206 3094 γέννησιν
1228 3023 1358 3095 ἔχει.
1385 3025 1516 3089 Υἱὸς
1541 3025 1599 3079 δὲ
1619 3025 1695 3080 ὢν
1711 3029 1853 3082 κατά

280 3113 470 3180 φύσιν,
501 3113 613 3184 ἔχει
656 3117 864 3180 πάντως
896 3115 962 3170 τὰ
996 3115 1092 3170 τοῦ
1129 3118 1490 3188 γεννήσαντος
1528 3118 1655 3173 ἴδια.
1689 3121 1852 3174 Ἵδιον

279 3203 340 3256 δὲ
373 3204 470 3257 τοῦ
508 3207 858 3278 γεννήσαντος
885 3208 941 3263 τδ
971 3209 1150 3263 πάντα
1183 3209 1348 3281 ἔχειν·
1388 3209 1490 3264 οὐκ
1531 3211 1639 3284 ἄρα
1667 3212 1853 3283 ἐνδεής

278 3315 433 3362 τινος
462 3300 491 3352 ό
516 3298 663 3363 Υἱός.

968 3421 1176 3476 ΑΛΛΟ.

347 3552 409 3606 Εἰ
445 3553 620 3607 πάντα
642 3553 790 3625 αὐτῷ
817 3555 1112 3626 παρεδόθη,
1144 3555 1289 3610 καθά
1320 3573 1486 3628 φησιν
1540 3555 1728 3624 αὐτὸς,
1758 3557 1856 3612 καὶ

268 3644 474 3698 δέδοται
530 3648 590 3698 ὲν
635 3648 702 3716 τῇ
753 3648 897 3716 χειρὶ
931 3647 1120 3711 αὑτοῦ,
1159 3647 1283 3702 οὔτε
1334 3649 1441 3702 τῶν
1497 3650 1717 3704 πάντων
1771 3647 1852 3714 εἷς

263 3737 442 3800 ἔσται,
462 3738 599 3791 ἀλλά
622 3739 718 3792 καὶ
751 3739 913 3809 μόνος
936 3743 1185 3810 φανεῖται
1225 3739 1583 3811 κληρονόμος,
1603 3741 1680 3805 ὡς
1701 3741 1848 3806 Υἱός.

261 3829 324 3884 Εἰ
356 3828 469 3899 γὰρ
495 3823 574 3892 εἷς
607 3829 682 3882 ῶν
713 3831 807 3884 καὶ
838 3831 1000 3895 αὐτὸς
1027 3831 1138 3886 τῶν
1169 3833 1383 3887 πάντων
1412 3831 1695 3904 ἐτύγχανε,
1720 3851 1850 3887 κατ-

260 3921 557 3991 ηριθμεῖτο
583 3920 649 3975 ἂν
677 3924 733 3974 ἐν
753 3925 866 3986 τοῖς
888 3926 1044 3990 πᾶσι,
1072 3926 1168 3978 καί
1187 3924 1286 3978 οὐκ
1305 3926 1369 3978 ἂν
1391 3920 1459 3995 ἦν
1494 3925 1844 3996 κληρονόμος.

271 4010 498 4079 Ἐπειδὴ
527 4011 586 4064 δὲ
620 4012 874 4079 φαίνεται
930 4013 1110 4066 πάντα
1164 4012 1346 4067 λαϐὼν
1394 4013 1638 4083 φυσικῶς
1665 4031 1722 4066 τε
1753 4014 1848 4068 καὶ

257 4102 566 4166 οὖσιωδῶς,
596 4103 842 4174 δηλονότι
875 4104 1267 4176 διατρεχούσης
1293 4107 1371 4167 εἰς
1403 4106 1568 4160 αὐτὸν
1617 4105 1718 4174 τῆς
1752 4105 1846 4159 τοῦ

260 4195 624 4265 γεννήσαντος
675 4196 854 4266 ἀρχῆς
888 4215 944 4250 τε
1003 4198 1097 4252 καὶ
1135 4200 1475 4268 κυριότητος,
1539 4197 1696 4260 ἄλλος
1731 4198 1848 4250 ἐστὶ

260 4283 368 4336 τῶν
399 4285 621 4339 πάντων
670 4287 731 4355 ἐξ
782 4286 1061 4360 ἀνάγκης,
1117 4290 1210 4343 καὶ
1249 4289 1408 4360 μόνος
1441 4288 1572 4352 ἴδιος
1600 4287 1696 4341 τοῦ
1731 4291 1845 4342 Πα-

260 4375 385 4448 τρὸς
411 4377 561 4442 Υἱός.

708 4493 791 4545 ΔΛ
803 4493 908 4556 ΔΟ,
952 4493 1408 4564 διηγηματικῶς.

1959 1988 2014 2034 et
2039 1994 2102 2034 ex
2144 1979 2382 2050 essentia
2433 1978 2604 2048 ipsius
2641 1978 2936 2048 procedat,
2978 1985 3129 2033 certe
3175 1973 3361 2032 omnia
3410 1985 3531 2043 quae

1958 2069 2136 2126 Patris
2165 2078 2314 2135 sunt,
2340 2069 2410 2124 ab
2456 2079 2661 2126 aeterno
2700 2071 2886 2128 habet.
2933 2069 3074 2125 Dicit
3123 2077 3305 2126 autem
3353 2081 3414 2122 te
3461 2067 3530 2120 ab

1958 2160 2051 2215 illo
2071 2158 2368 2228 accepisse,
2402 2159 2530 2228 quia
2565 2173 2631 2214 ex
2669 2159 2785 2228 ipso
2823 2157 3106 2229 procedit;
3153 2170 3277 2212 cum
3324 2150 3531 2223 alioqui

1957 2247 2277 2304 naturaliter
2303 2247 2502 2303 habeat
2529 2249 2712 2304 omnia
2742 2262 2862 2316 qua:
2882 2246 3030 2301 Patri
3056 2245 3263 2302 insunt.

2625 2358 2858 2417 ALIUD.

2024 2499 2166 2556 Nihil
2197 2501 2354 2568 plane
2382 2498 2649 2554 divinitati
2680 2497 2803 2554 Filii
2834 2495 3045 2553 ollicere
3068 2505 3268 2568 potest,
3305 2493 3529 2552 dicere:

1961 2613 1980 2646 ι
2021 2594 2210 2649 Omnia
2235 2595 2364 2648 mihi
2393 2594 2589 2648 tradita
2626 2602 2749 2647 sunt
2776 2608 2803 2646 a
2833 2591 2996 2645 Patre
3025 2605 3144 2644 meo
3182 2608 3195 2644 :
3240 2608 3259 2641 ι
3313 2588 3406 2644 sed
3437 2602 3531 2658 po-

1958 2687 2061 2740 tius
2086 2687 2327 2741 declarat
2363 2687 2535 2755 ipsum
2556 2685 2882 2739 naturaliter
2912 2683 3108 2738 Filium
3138 2697 3278 2738 esse.
3303 2679 3360 2736 Si
3385 2681 3527 2736 enim

1954 2777 2135 2831 on'mia
2165 2777 2241 2830 illi
2271 2778 2468 2832 tradita
2503 2786 2651 2841 sunt,
2711 2786 2764 2833 et
2815 2793 2938 2832 cum
2991 2777 3224 2834 dicimus
3254 2814 3270 2840 ,
3325 2775 3526 2838 omnia,

1953 2867 2086 2923 nihil
2122 2869 2502 2936 excludimus;
2554 2879 2700 2924 certe
2732 2886 2838 2924 non
2874 2869 2977 2923 erit
3004 2871 3120 2936 ipse
3149 2884 3290 2922 unus
3320 2883 3387 2921 ex
3419 2882 3530 2922 om-

1956 2957 2116 3012 nibus
2139 2973 2259 3028 qua:
2294 2972 2352 3012 se
2386 2959 2660 3024 accepisse
2691 2952 2844 3018 dicit,
2877 2958 2969 3011 sed
3005 2957 3317 3012 distinctam
3353 2969 3384 3008 a
3419 2953 3526 3009 Pa-

1957 3057 2038 3102 tre
2062 3048 2468 3119 generationcm
2503 3049 2684 3103 habet.
2715 3047 2886 3103 Filius
2913 3062 3043 3100 vero
3067 3043 3386 3098 naturaliter
3405 3057 3530 3098 cum

1957 3139 2046 3203 sit,
2082 3140 2244 3194 habet
2270 3140 2451 3193 omnia
2488 3155 2608 3208 qua:
2652 3138 2932 3194 Genitoris
2958 3135 3343 3207 suntpropria.
3389 3133 3533 3191 Pro-

1911 3288 1922 3307 ι
1959 3229 2132 3298 prium
2159 3239 2338 3284 autem
2372 3229 2646 3286 Genitoris
2671 3238 2754 3285 est
2795 3229 2975 3286 omnia
3017 3230 3216 3286 habere
3260 3248 3272 3284 :
3315 3242 3422 3284 non
3449 3235 3534 3283 est

1959 3321 2120 3390 igitur
2150 3319 2318 3376 Filius
2347 3321 2579 3392 alicujus
2603 3321 2678 3375 rei
2707 3321 2940 3392 indigus.

2635 3433 2792 3492 ALIU
2805 3437 2864 3491 ll.

2027 3571 2086 3626 Si
2111 3571 2292 3626 omnia
2321 3571 2369 3626 ei
2397 3571 2591 3625 tradita
2638 3580 2784 3638 sunt,
2837 3572 2977 3628 sicut
3015 3571 3130 3639 ipse
3163 3579 3410 3636 testatur,
3446 3569 3532 3625 ei-

1955 3665 2134 3734 quein
2159 3679 2349 3719 manus
2378 3665 2522 3729 data,
2574 3679 2679 3719 non
2733 3674 2814 3719 est
2863 3679 3002 3718 unus
3039 3663 3204 3736 236
3249 3663 3527 3726 omnium;

1954 3755 2048 3810 sed
2076 3755 2222 3810 solus
2271 3763 2355 3809 est
2397 3754 2588 3817 haeres,
2623 3765 2682 3808 ut
2716 3754 2906 3809 Filius.
2956 3753 3090 3808 Nam
3133 3737 3179 3807 si
3208 3755 3322 3821 ipse
3372 3765 3518 3806 unus

1952 3848 2191 3903 omnium
2225 3848 2540 3912 exsisteret,
2579 3857 2730 3902 certe
2752 3848 3006 3901 omnibus
3035 3853 3528 3906 annumeraretur,

1955 3955 2130 4009 neque
2190 3951 2336 3996 esset
2379 3941 2574 3995 haeres.
2644 3939 2778 3993 Cum
2824 3954 2955 3994 vero
2999 3937 3180 3992 omnia
3235 3935 3530 4002 acceperit,

1954 4032 2286 4087 naturaliter
2318 4043 2479 4100 atque
2502 4029 2889 4092 essentialiter,
2921 4035 3222 4096 propagato
3267 4023 3531 4078 nimirum

1952 4123 2005 4176 in
2027 4121 2198 4191 ipsum
2230 4121 2506 4176 Genitnris
2531 4121 2610 4174 sui
2634 4119 2861 4186 imperio
2891 4127 2947 4172 et
2975 4115 3352 4170 dominatione
3386 4130 3399 4166 :
3433 4129 3527 4170 ne-

1951 4215 2191 4268 cessario
2220 4215 2470 4268 diversus
2494 4221 2576 4268 est
2598 4211 2668 4266 ab
2699 4210 2976 4278 omnibus,
3005 4215 3060 4266 et
3094 4208 3244 4265 solus
3266 4208 3534 4280 proprius

1951 4306 2127 4363 Patris
2153 4307 2346 4362 Filius.

2445 4503 2674 4570 ALlCD,
2714 4503 3001 4561 uarrnlive.

326 4601 662 4671 Εὖρίσκεταί
701 4622 803 4657 που
838 4606 1008 4673 λέγων
1034 4610 1061 4662 6
1108 4609 1319 4679 Σωτήρο
1367 4629 1384 4660 ι
1423 4609 1631 4680 Ὥσπερ
1663 4613 1690 4664 6
1725 4614 1838 4666 Πα-

2029 4618 2284 4674 Servator
2352 4619 2544 4673 alicubi
2608 4618 2804 4686 inquit,
2868 4637 2886 4668 ι
2963 4617 3114 4672 Sicut
3161 4615 3323 4671 Pater
3363 4615 3529 4673 habet

252 4691 361 4760 τὴρ
396 4691 512 4762 ἔχει
550 4692 694 4764 ζωὴν
730 4695 788 4746 ὲν
835 4695 1028 4767 ἑαυτῷ,
1084 4696 1226 4750 οὕτω
1265 4699 1361 4751 καὶ
1391 4699 1468 4770 τῷ
1499 4701 1614 4771 Υἰῷ
1641 4702 1838 4756 δέδωκε

255 4782 404 4853 ζωὴν
428 4783 575 4853 ἔχειν
615 4787 672 4848 ὲν
725 4787 921 4856 ἑαυτῷ
949 4808 966 4839 ι
998 4789 1134 4860 ὅπερ
1168 4789 1460 4848 ἀκόλουθον
1510 4793 1651 4848 οὕτω
1675 4799 1837 4849 νοεῖν.

251 4874 356 4925 Διά
385 4875 486 4944 μὲν
513 4876 622 4948 γάρ
649 4875 742 4932 τοῦ
793 4877 996 4946 λέγειν,
1038 4899 1056 4932 ι
1091 4881 1323 4946 Δέδωκε,
1353 4901 1370 4932 ι
1404 4883 1465 4936 τὸ
1506 4885 1572 4936 ὲκ
1622 4885 1839 4956 Πατρδς

251 4963 402 5032 ἔχειν
431 4965 679 5032 φυσικῶς
716 4969 990 5037 σημαίνει,
1033 4971 1127 5022 καὶ
1161 4969 1280 5022 καθ’
1321 4972 1618 5026 ὑπόστασιν
1655 4972 1842 5042 ἕτερον

248 5055 456 5107 ἑαυτὸν
493 5055 629 5127 πρὸς
653 5056 743 5109 τὸν
794 5058 1066 5112 δεδωκότα
1103 5060 1356 5114 δεικνύειυ
1397 5063 1582 5130 ἕτερον
1615 5061 1843 5131 δὲλέγω

249 5149 425 5217 μόνον
453 5147 530 5217 τῷ
549 5149 787 5221 ἀριθμῷ.
820 5152 917 5204 Διά
936 5153 992 5206 δὲ
1024 5152 1117 5205 τοῦ
1139 5153 1340 5221 λέγειν,
1377 5173 1396 5205 ι
1423 5155 1634 5224 Ὥσπερ
1668 5153 1782 5225 ἔχει
1813 5157 1841 5208 ό

247 5240 474 5308 Πατὴρ,
509 5239 680 5304 οὕτως
707 5241 819 5311 ἔχει
848 5244 943 5297 καὶ
972 5245 1000 5296 6
1029 5245 1177 5311 Υἱὸς,
1227 5266 1246 5298 ι
1282 5247 1441 5317 δῆλός
1477 5246 1622 5299 ἐστιν
1665 5247 1841 5298 ἐκεῖνο

247 5328 544 5398 διδάσκων,
575 5331 657 5386 ὅτι
677 5333 869 5405 ὥσπερ
900 5336 1085 5399 ἀϊδίως
1110 5337 1222 5408 ἔχει
1273 5339 1301 5390 ό
1334 5335 1520 5406 Πατὴρ
1565 5339 1622 5390 ἐν
1664 5336 1841 5407 ἑαυτῷ

243 5422 350 5493 τὴν
383 5424 550 5494 ζωὴν,
589 5424 732 5480 οὕτω
760 5428 856 5481 καὶ
877 5430 904 5480 6
936 5428 1065 5492 Υἱὸς
1092 5430 1273 5492 ἀῖδίως
1304 5429 1416 5500 ἔχει
1442 5428 1585 5498 ζωὴν
1621 5431 1677 5482 ὲν
1707 5431 1803 5483 ὲαυ
1821 5459 1836 5470 -

253 5516 348 5585 τῷ.
379 5518 442 5571 Εἰ
480 5518 582 5588 μὲν
635 5515 729 5574 οὖν
753 5521 936 5592 τολμᾷ
983 5539 1066 5585 τις
1111 5521 1288 5591 λέγειν
1342 5518 1482 5575 εἰναι
1521 5522 1710 5592 χρόνον
1762 5523 1849 5575 ὅτε

258 5605 398 5678 ζωὴν
433 5611 534 5664 οὐκ
566 5607 715 5682 εἶχεν
753 5614 782 5666 ὁ
814 5612 1008 5683 Πατὴρ
1042 5613 1099 5665 ἐν
1158 5611 1351 5681 ἑαυτῷ,
1386 5614 1606 5684 κρατεῖν
1637 5613 1850 5681 ἀνάγκη

325 5791 341 5819 ⁷
370 5792 528 5848 Juan.
567 5811 617 5858 ν,
649 5794 722 5849 ‘25

1954 4713 2116 4765 vitam
2153 4712 2204 4764 in
2247 4711 2447 4777 scipso,
2487 4710 2565 4764 sic
2609 4711 2753 4763 dedit
2779 4721 2832 4762 et
2857 4708 2994 4762 Filio
3035 4708 3246 4763 habere
3278 4707 3442 4761 vitam
3471 4707 3526 4761 in

1947 4798 2160 4866 scipso"
2188 4813 2202 4849 :
2233 4815 2250 4846 ι
2286 4797 2424 4863 quod
2452 4798 2530 4850 sic
2557 4797 2778 4868 intelligi
2812 4812 2909 4866 par
2932 4806 3033 4852 est.
3078 4796 3211 4851 Nam
3232 4811 3350 4850 cum
3373 4795 3526 4859 dicit,

1954 4906 1972 4938 ι
2017 4887 2182 4949 dedit,
2214 4905 2232 4936 ι
2278 4887 2416 4952 quod
2453 4903 2514 4941 ex
2557 4885 2718 4942 Patre
2758 4889 3077 4942 naturaliter
3118 4887 3317 4944 habeat
3360 4885 3529 4960 signi-

1951 4979 2098 5039 ﬂeat,
2133 4987 2184 5030 ct
2234 4977 2573 5047 bypostatice
2625 4981 2693 5030 ab
2734 4995 2797 5032 eo
2843 4979 2934 5047 qui
2972 4976 3118 5031 dedit
3153 4977 3316 5028 alium
3360 4991 3522 5030 esse:

1950 5068 2135 5132 alium,
2193 5066 2432 5134 inquam,
2477 5081 2702 5120 numero
2757 5067 2951 5120 solum.
3005 5064 3136 5120 Cum
3193 5080 3321 5119 vero
3373 5065 3527 5131 dicit,

1954 5178 1970 5209 ι
1997 5159 2148 5212 Sicut
2184 5156 2344 5210 habet
2375 5156 2559 5221 Pater,
2583 5156 2653 5209 ita
2677 5156 2839 5210 habet
2871 5147 2923 5209 et
2945 5155 3113 5209 Filius
3145 5172 3159 5207 :
3188 5174 3205 5207 ι
3241 5155 3537 5209 manifeste

1951 5250 2052 5305 hoc
2085 5249 2375 5318 signiﬁcat,
2416 5248 2578 5317 quod,
2612 5246 3061 5316 quemadmodum
3090 5248 3250 5302 Pater
3281 5247 3442 5302 habet
3474 5247 3525 5300 in

1943 5355 2011 5394 se
2044 5341 2206 5393 vitam
2243 5340 2310 5393 ab
2337 5349 2560 5403 aclerno,
2597 5339 2668 5392 ita
2696 5347 2747 5392 et
2779 5338 2947 5392 Filius
2989 5339 3154 5392 vitam
3209 5339 3278 5392 ab
3319 5348 3528 5393 aeterno

1950 5431 2094 5486 inse
2145 5431 2332 5485 habet.
2368 5429 2422 5482 Si
2480 5431 2600 5499 quis
2635 5431 2799 5499 igitur
2847 5430 3008 5485 audet
3059 5430 3263 5496 dicere,
3316 5441 3528 5498 tempus

1950 5522 2167 5591 aliquod
2197 5521 2365 5576 fuisse
2409 5536 2517 5590 quo
2565 5523 2732 5573 Pater
2758 5521 2923 5574 vitam
2971 5522 3116 5576 inse
3159 5537 3266 5576 non
3318 5520 3526 5586 habuit,

1949 5616 2052 5672 hoc
2082 5615 2259 5686 ipsum
2291 5614 2531 5670 etiamin
2561 5613 2696 5668 Filio
2726 5614 2902 5670 locum
2952 5612 3190 5671 habebit.
3239 5614 3308 5670 At
3351 5613 3396 5668 si
3425 5613 3526 5668 hoc
