4074 6266
486 353 590 409 385

1527 353 1584 408 S.
1625 352 1902 408 CYRILLI
1938 348 2411 407 ALEXANDNNI
2451 347 2774 404 ARCIIIEP.

3667 350 3777 406 584

487 468 714 539 impium
746 477 849 535 est,
883 478 936 524 et
972 469 1204 525 fatemur
1253 469 1473 524 omnino
1512 469 1727 524 Patrem
1768 487 1982 541 semper
2010 473 2061 525 in

2191 469 2328 525 τοῦτο
2388 471 2480 525 καὶ
2531 470 2616 539 ἐφ’
2651 467 2802 522 Υίοῦ.
2865 465 2927 518 Εἰ
2983 465 3038 518 δὲ
3089 463 3250 516 τοῦτο
3290 464 3503 527 ἀσεϐὲς,
3540 467 3686 536 ἔχειν
3718 467 3777 522 δὲ

483 575 543 614 se
577 559 742 614 vitam
771 559 1047 623 habuisse,
1094 561 1233 614 idem
1279 558 1442 612 etiam
1492 560 1556 612 de
1603 560 1742 616 Filio
1792 561 2065 615 fatendum

484 660 566 704 est
591 669 606 717 ;
639 651 738 706 hoc
765 651 909 705 ειιίιιι
925 659 1006 706 est
1036 651 1105 704 ita
1132 665 1189 704 se
1214 650 1416 705 habere
1441 650 1614 719 ipsum
1643 652 1782 706 sicut
1805 662 1858 706 et
1883 651 2065 705 Pater.

487 742 544 796 Si
578 756 707 798 vero
756 742 802 796 is
853 742 946 810 qui
987 755 1204 810 semper
1246 740 1450 805 habet,
1506 742 1756 810 accipere
1796 758 1854 797 se
1893 742 2068 805 dicit,

486 833 753 903 singulari
795 833 976 902 aliquo
1005 833 1233 888 consilio
1281 832 1501 900 dicitur,
1553 835 1793 904 nihilque
1843 834 1896 888 id
1931 832 2071 888 Filio

486 924 633 992 quod
675 925 740 980 ad
767 935 1014 978 naturam
1039 923 1257 988 attinet,
1290 922 1478 980 ofﬁcit.

1165 1036 1403 1093 ALIUD.

561 1150 618 1204 Si
643 1149 765 1218 quis
786 1149 1064 1219 splendori
1095 1150 1316 1206 luminis
1341 1165 1651 1208 sermonem
1670 1153 1892 1213 tribuat,
1917 1161 1972 1208 et
1989 1153 2072 1206 di-

491 1251 606 1296 cat:
628 1240 834 1296 Lumen
871 1241 1001 1295 mihi
1031 1242 1178 1295 dedit
1214 1239 1397 1296 Omnia
1431 1259 1552 1312 quae
1586 1245 1746 1300 habet
1775 1263 1788 1299 :
1828 1244 2074 1298 illumino

491 1329 634 1382 enim
658 1329 881 1397 perinde
899 1335 1061 1398 atque
1087 1329 1216 1383 illud
1242 1348 1256 1395 ;
1281 1345 1424 1385 anne
1449 1341 1596 1386 recte
1619 1334 1889 1402 quispiam
1918 1331 2075 1386 dixe—-

492 1423 563 1478 rit
610 1422 950 1490 splendorem
970 1421 1120 1476 illutn
1144 1422 1433 1491 aliquando
1461 1438 1567 1478 non
1601 1423 1856 1478 habuisse
1878 1423 2076 1478 illumi-

494 1514 655 1570 nandi
686 1513 1050 1568 facultatem?
1100 1522 1156 1567 et
1192 1515 1467 1583 quomodo
1503 1515 1762 1584 splendor
1801 1515 1972 1570 erat?
2019 1513 2074 1568 Si

494 1619 623 1661 vero
669 1620 790 1659 cum
842 1619 1059 1675 semper
1096 1604 1434 1660 illutninandi
1488 1604 1808 1662 facultatem
1857 1606 2073 1672 habeat,

497 1698 821 1768 quiaomnia
852 1712 970 1766 qum
994 1697 1047 1752 in
1073 1697 1276 1752 lumine
1309 1708 1458 1766 sunt,
1511 1699 1692 1762 habet,
1751 1707 1806 1753 et
1862 1698 1956 1769 qui
1996 1699 2078 1767 gi-

2171 564 2416 633 δ.ἱ›σομεν
2442 564 2528 616 ἀεὶ
2558 563 2649 614 τὸν
2680 558 2900 630 Πατέρα
2930 557 3076 627 ζωὴν
3106 557 3162 609 ὲν
3193 557 3397 627 ἑαυτῷ,
3424 555 3580 610 ἔσται
3615 558 3778 612 τοῦτο

2172 658 2268 710 καὶ
2300 659 2386 726 ἐφ’
2417 654 2570 708 Υἱοῦ·
2597 653 2757 706 τοῦτο
2789 652 2900 722 γάρ
2927 653 3042 703 ἐστι
3086 649 3148 702 τὸ
3194 647 3371 711 οὕτως
3400 649 3544 719 ἔχειν
3574 651 3739 702 αὑτὸν
3760 692 3776 715 ,

2171 747 2360 817 ὥσπερ
2390 747 2486 799 καὶ
2544 747 2572 797 ὁ
2602 744 2816 813 Πατήρ.
2858 743 2922 795 Εἰ
2955 741 3012 794 δὲ
3041 740 3127 794 ἀεὶ
3182 739 3343 808 ἔχων,
3373 741 3657 811 εἰληφέναι
3691 741 3780 796 λέ-

2171 852 2280 904 γει,
2309 836 2585 902 οἰκονομεῖ
2631 850 2683 885 τι.
2735 831 2897 900 σοφὸν
2942 833 2975 902 ἠ
3023 831 3199 900 φωνὴ.
3231 831 3328 883 καὶ
3379 830 3534 883 οὐδὲν
3575 833 3657 894 εἰς
3685 831 3788 884 τὸν

2171 928 2271 998 τῆς
2311 926 2528 996 φύσεως
2558 923 2716 992 λόγον
2754 923 3006 992 ἀδικήσει
3038 923 3129 976 τὸν
3166 920 3318 977 Υἰόν.

2862 1035 3072 1087 AAAO.

2247 1151 2316 1204 Εἴ
2342 1167 2428 1213 τις
2446 1148 2526 1220 τῷ
2557 1149 2621 1202 ἐκ
2663 1147 2757 1202 τοῦ
2827 1148 3007 1216 φωτὸς
3060 1147 3461 1217 ἁπαυγάσματι
3519 1149 3775 1221 περιθείη

2175 1243 2380 1314 φωνὴν,
2421 1237 2540 1294 εἶτα
2573 1240 2736 1294 τοῦτο
2756 1239 2926 1308 λέγον
2964 1241 3150 1293 Πάντα
3186 1257 3276 1310 μοι
3331 1241 3531 1294 δέδωκε
3568 1243 3629 1295 τὸ
3663 1243 3778 1311 φῶς

2174 1335 2242 1388 τά
2280 1332 2498 1398 ἑαυτοῦ,
2541 1332 2759 1402 φωτίζω
2789 1331 2898 1402 γὰρ
2921 1331 3110 1403 ὥσπερ
3167 1333 3361 1385 ἐκεῖνα
3416 1329 3505 1403 ἆρ’
3541 1335 3778 1403 εὐλόγως

2175 1425 2244 1478 ἂν
2279 1424 2425 1478 εῐποι
2471 1423 2546 1496 μὴ
2578 1424 2874 1494 ἐσχηκέναι
2905 1424 3034 1477 ποτὲ
3065 1425 3126 1477 τὸ
3169 1425 3513 1495 ἀπαύγασμα
3532 1427 3627 1478 τοῦ
3661 1445 3778 1495 φω-

2175 1515 2346 1580 τίζειν
2375 1515 2472 1587 τὴν
2509 1516 2768 1586 δύναμιν;
2806 1515 2901 1569 καί
2945 1514 3066 1578 πῶς
3110 1515 3455 1587 ἀπαύγασμα
3482 1513 3584 1588 ἦνς
3621 1519 3680 1571 Εἰ
3722 1519 3778 1572 δὲ

2177 1609 2274 1663 καί¹
2303 1608 2559 1678 φωτίζειν
2589 1608 2886 1678 δυνάμενον
2917 1608 3009 1662 διὰ
3041 1609 3100 1661 τὸ
3151 1608 3329 1662 πάντα
3368 1609 3437 1663 τά
3473 1609 3567 1662 τοῦ
3604 1611 3778 1678 φωτὸς

2179 1700 2344 1771 ἔχειν,
2373 1701 2468 1754 ml.
2496 1701 2791 1769 γεννᾶσθαι
2830 1700 2990 1755 πάλιν
3038 1701 3096 1764 ἐξ
3136 1699 3355 1766 ἑαυτοῦ,
3389 1702 3668 1772 εἰληφέναι
3693 1703 3782 1753 λέ-

498 1791 680 1860 gnitur
706 1805 768 1845 ex
803 1789 940 1859 ipso,
978 1789 1256 1860 accepisse
1283 1788 1351 1843 ab
1383 1789 1501 1858 ipso
1533 1790 1732 1844 dicitur
1761 1808 1775 1845 :
1802 1791 2077 1860 quomodo

2191 1807 2266 1859 γει
2299 1793 2431 1862 παρ’
2466 1789 2652 1856 αὐτοῦ,
2714 1787 2832 1854 πῶς
2861 1790 2961 1843 οὐκ
3025 1789 3228 1842 ἄτοπον
3268 1787 3342 1860 μὴ
3376 1791 3471 1842 καὶ
3536 1788 3696 1844 πλέον
3727 1809 3781 1843 τι

497 1897 604 1937 non
626 1882 917 1936 absurdum
944 1878 1105 1936 fuerit
1129 1879 1268 1935 nolle
1303 1880 1533 1948 amplius
1563 1879 1766 1950 aliquid
1803 1881 1869 1935 de
1900 1878 2080 1935 Verbo

2191 1879 2280 1934 τοῦ
2307 1881 2748 1952 παραδείγματος
2769 1883 2908 1934 νοεῖν
2946 1880 3042 1934 ἐπὶ
3074 1879 3168 1932 τοῦ
3201 1879 3335 1933 Θεοῦ
3359 1881 3532 1950 Λόγου
3554 1900 3568 1948 ;
3593 1882 3777 1936 Πάντα

498 1971 612 2040 Dei,
647 1987 807 2042 quam
841 1973 907 2028 de
941 1973 1041 2028 hoc
1079 1971 1327 2042 exemplo
1362 1971 1668 2043 intelligere
1696 1972 1720 2025 ?
1769 1971 1902 2027 Cum
1933 1973 2078 2026 enim

494 2067 672 2120 omnia
711 2064 1032 2120 naturaliter
1065 2065 1262 2118 habeat
1295 2079 1363 2118 ex
1396 2065 1578 2128 Patre,
1609 2065 1896 2134 accepisse
1923 2079 1981 2120 se
2010 2079 2078 2118 ex

497 2160 614 2228 ipso
641 2158 791 2221 dicit,
823 2158 948 2229 quia
977 2172 1042 2212 ex
1083 2155 1200 2225 ipso
1239 2155 1456 2226 genitus
1481 2167 1565 2212 est
1594 2195 1608 2222 ,
1662 2170 1786 2212 cum
1829 2155 2081 2212 omnibus

495 2266 614 2320 qua:
644 2251 825 2305 habet.

494 2361 725 2422 ALIUD,
755 2363 807 2414 in
831 2360 968 2414 illud
1006 2377 1024 2413 :
1060 2378 1076 2410 ι
1107 2359 1244 2412 Data
1275 2370 1350 2414 est
1372 2361 1500 2413 milii
1522 2361 1692 2413 omnis
1715 2368 1946 2427 potestas
1975 2360 2017 2420 ⁸,
2055 2377 2073 2409 ι

562 2445 634 2496 et,
674 2452 691 2483 ι
731 2431 986 2499 Cleri/ica
1021 2428 1219 2483 Filium
1253 2443 1398 2484 tuum
1433 2431 1494 2484 ἐ
1537 2451 1554 2481 ι
1609 2441 1698 2482 aut
1727 2429 2080 2499 univermlius

563 2506 627 2572 de
673 2520 732 2556 eo
775 2498 912 2572 quod
961 2499 1310 2571 gloriﬁcatur,
1351 2510 1398 2554 et
1468 2519 1536 2554 an
1585 2500 1792 2570 aliquid
1851 2498 2080 2568 accipiat

573 2570 771 2627 Filius.

569 2708 736 2762 Filius
759 2705 875 2771 Dei,
895 2713 1160 2776 quatenus
1193 2702 1430 2758 Verbum
1455 2711 1558 2768 est,
1593 2718 1697 2756 non
1735 2702 1856 2758 ideo
1878 2703 2013 2774 petit
2050 2717 2077 2756 a

499 2801 684 2866 Patre,
724 2800 808 2854 vel
836 2798 1036 2868 alioqui
1081 2798 1331 2868 accipere
1362 2796 1580 2861 dicitur,
1616 2797 1760 2864 quod
1793 2806 1885 2850 aut
1911 2796 2080 2866 gloria

501 2901 596 2947 ant
633 2891 736 2946 alia
766 2890 1020 2960 quapiam
1067 2904 1126 2944 re
1156 2897 1338 2959 egeat,
1368 2887 1464 2942 sed
1498 2888 1710 2942 ratione
1753 2887 2082 2942 incarnatio-

502 2985 588 3040 nis
611 2982 713 3039 hoc
734 2982 883 3038 facit.
905 2981 1113 3049 Accipit
1133 2980 1276 3034 enim
1304 2990 1550 3048 respectu
1573 2979 1821 3033 humanm
1848 2990 2078 3046 naturae,

501 3077 623 3146 quia
661 3075 816 3131 nobis
845 3073 1036 3129 similis
1072 3072 1246 3126 factus
1279 3080 1382 3126 est.
1417 3070 1671 3126 Abundat
1704 3071 1866 3140 227
1898 3079 2081 3124 autem

2187 1975 2296 2046 γὰρ
2330 1974 2468 2044 ἔχων
2521 1973 2764 2043 φυσικῶς
2817 1974 2881 2026 ὲκ
2917 1970 3156 2043 Πατρὸς,
3199 1972 3472 2044 εἰληφέναι
3508 1975 3674 2043 φησὶν
3718 1973 3778 2038 ἐξ

2189 2064 2352 2118 αὐτοῦ
2379 2065 2469 2118 διὰ
2508 2066 2570 2118 τὸ
2624 2065 2684 2132 ἐξ
2732 2062 2899 2118 αὐτοῦ
2951 2063 3322 2134 γεγεννῆσθαι,
3365 2065 3502 2135 μετά
3554 2067 3774 2119 πάντων

2189 2150 2264 2211 ὧν
2303 2157 2439 2229 ἔχει.

2188 2362 2392 2424 ΛΛΛΟ,
2433 2361 2520 2425 εἰς
2552 2359 2641 2422 τὸ,
2668 2377 2686 2410 ι
2724 2357 2930 2427 Ἐδόθη
2955 2373 3055 2426 μοι
3077 2355 3246 2412 πᾶσα
3283 2356 3547 2420 ἐξουσία·
3588 2374 3606 2405 ι
3651 2352 3776 2427 καὶ,

2265 2450 2284 2482 ι
2323 2431 2599 2495 Δόξασόν
2621 2445 2739 2483 σου
2773 2430 2882 2481 τὸν
2919 2425 3076 2490 my,
3111 2446 3128 2477 ι
3166 2429 3203 2494 ἢ
3243 2429 3341 2480 καὶ
3394 2425 3781 2478 καθολικώτε-

2253 2518 2390 2625 ρρὲι,
2427 2499 2698 2569 περὶτοῦ
2753 2495 3103 2564 δοξάζεσθαι
3156 2498 3193 2563 ἢ
3243 2495 3529 2566 δέχεσθαί
3570 2513 3624 2548 τι
3676 2497 3782 2548 τὸν·

2362 2588 2416 2624 ν.

2362 2588 2416 2624 ν.

2261 2709 2376 2762 υύκ
2407 2709 2464 2761 ὲν
2491 2706 2651 2778 χρείᾳ
2683 2705 2898 2776 δόξηςῆ
2937 2705 3126 2776 ἐτέρου
3177 2705 3324 2767 τινος
3369 2699 3730 2772 καθεστηκὼς
3752 2708 3781 2759 ὁ

2190 2801 2338 2864 Υἱὸς,
2434 2799 2606 2869 Λόγος
2639 2798 2806 2860 ἐστὶν,
2851 2798 2991 2851 αἰτεῖ
3019 2797 3170 2869 παρὰ
3214 2796 3308 2849 τοῦ
3351 2794 3586 2866 Πατρὸς,
3633 2794 3667 2864 ἢ
3696 2797 3780 2846 καὶ

2188 2891 2490 2963 λαμϐάνειν
2540 2891 2779 2959 λέγεται,
2809 2889 3174 2958 οἰκονομικῶς
3210 2887 3268 2939 δὲ
3300 2885 3461 2938 τοῦτο
3493 2885 3659 2938 ποιεί.
3699 2883 3778 2936 Δέ-

2190 2999 2347 3052 χεται
2386 2981 2484 3051 μὲν
2527 2979 2636 3051 γὰρ
2665 2979 3022 3049 ἀνθρωπίνως
3069 2976 3156 3031 διά
3180 2977 3241 3030 τὸ
3271 2977 3456 3047 σχῆμα
3502 2975 3602 3046 τῆς
3649 2973 3781 3046 πρὸς

2189 3071 2339 3142 ἡμᾶς
2359 3068 2694 3140 ὁμοιώσεως.
2731 3069 2888 3121 Ἔστι
2917 3067 2973 3120 δὲ
3008 3066 3223 3138 πλήρης
3253 3065 3330 3128 ὡς
3361 3064 3513 3125 Θεός.
3569 3062 3784 3132 Ἐπειδὴ

501 3165 750 3222 omnibus
785 3174 841 3218 ut
869 3162 1025 3217 Deus.
1044 3161 1176 3217 Cum
1211 3160 1358 3216 enim
1394 3160 1562 3224 solus,
1582 3177 1645 3214 ac
1674 3175 1770 3230 per
1796 3175 1854 3214 se
1895 3161 2080 3224 homo,

2191 3163 2298 3234 γὰρ
2335 3161 2496 3232 μόνος
2530 3162 2625 3214 καὶ
2653 3161 2775 3215 καθ’
2803 3159 2994 3213 ἑαυτὸν
3045 3161 3072 3213 ὁ
3123 3157 3428 3228 ἄνθρωπος,
3465 3157 3568 3209 κᾶν
3596 3173 3649 3208 τι
3675 3155 3783 3208 τῶν

507 3256 720 3313 tametsi
742 3255 946 3323 aliquid
969 3253 1097 3308 boni
1120 3268 1148 3306 a
1173 3253 1283 3306 Deo
1308 3253 1600 3322 acceperit,
1619 3251 1776 3306 facile
1793 3252 1892 3306 hoc
1909 3250 2082 3321 ipsum

505 3349 703 3401 amittit
720 3346 885 3418 (quod
903 3345 1117 3414 quidem
1137 3352 1190 3398 et
1205 3341 1376 3397 Adam
1402 3358 1694 3412 perpessus
1714 3341 1840 3412 est),
1860 3341 2086 3397 destitu-

507 3445 595 3488 tus
620 3447 718 3502 per
753 3431 1181 3486 inobedientiam
1203 3445 1265 3485 ea
1285 3433 1459 3501 gratia
1495 3446 1614 3500 quae
1631 3432 1782 3500 prius
1799 3431 1873 3486 illi
1892 3431 2085 3487 collata

506 3527 712 3581 fuerat:
735 3525 1106 3579 necessarium
1125 3523 1347 3578 omnino
1372 3524 1493 3588 fuit,
1511 3540 1580 3579 ne
1608 3539 1798 3580 rursus
1821 3525 1874 3580 in
1898 3524 2085 3579 eadem

509 3617 896 3677 incide-remus,
932 3625 993 3673 ut
1016 3613 1355 3670 immutabile
1391 3614 1482 3670 Dei
1513 3614 1756 3669 Verbum
1803 3614 1964 3668 homo
2006 3613 2087 3666 fa-

506 3719 652 3764 ctum
668 3715 878 3778 peteret
898 3723 927 3760 a
951 3705 1117 3761 Patre
1139 3705 1278 3761 dona
1305 3720 1426 3774 qua:
1443 3707 1512 3760 ab
1537 3706 1626 3761 illo
1643 3705 2084 3775 proﬁciscuntur;

511 3811 568 3856 nt
610 3815 706 3870 per
755 3800 928 3867 ipsum
971 3798 1025 3854 in
1071 3813 1234 3869 quem
1291 3798 1442 3853 nulla
1489 3797 1718 3853 mutatio
1767 3795 2088 3851 alteratiove

508 3893 668 3956 cadit,
703 3892 755 3945 in
785 3899 969 3946 nostra
1003 3891 1167 3945 etiam
1205 3897 1396 3944 natura
1441 3890 1632 3944 eadem
1689 3888 1831 3944 dona
1865 3886 2085 3942 stabili-

509 3992 701 4039 rentnr
724 3990 888 4053 atque
928 3979 1404 4036 confirmarentur.
1458 3978 1643 4035 Gratia
1696 3979 1842 4034 enim
1873 3978 2080 4046 princi-

507 4076 653 4142 pium
687 4083 886 4138 nacta,
941 4071 1172 4127 ﬁrmiter
1225 4071 1280 4125 in
1335 4071 1557 4127 Christo
1594 4079 1816 4136 manet;
1863 4069 2088 4139 ipseque

507 4167 915 4222 similitudinem
969 4165 1020 4218 in
1074 4179 1174 4220 nos
1224 4178 1441 4233 quoque
1487 4161 1810 4217 transmittit
1845 4177 1859 4215 :
1894 4175 2087 4215 omnes

509 4261 655 4314 enim
690 4260 742 4314 in
777 4260 896 4329 ipso
925 4274 1136 4324 sumus,
1182 4268 1452 4327 quatenus
1485 4259 1648 4314 homo
1696 4258 1873 4314 factus
1921 4269 2004 4314 est
2034 4267 2091 4314 et

511 4351 755 4406 eamdem
788 4364 950 4419 quam
995 4364 1093 4404 nos
1122 4364 1341 4403 carnem
1374 4349 1626 4418 gestavit.
1675 4348 1808 4404 Nam
1851 4352 1954 4405 hac
2000 4366 2088 4403 ra-

513 4443 660 4497 tione
705 4451 760 4496 et
803 4440 1020 4505 fratres,
1065 4450 1120 4495 et
1161 4455 1326 4494 unum
1372 4454 1494 4493 cum
1545 4454 1612 4494 eo
1661 4440 1788 4495 facti
1831 4441 2085 4497 dicimur.

2195 3250 2418 3321 ἀγαθῶν
2453 3250 2604 3320 παρά
2631 3248 2767 3302 Θεοῦ
2803 3248 2965 3319 λάϐῃ,
3010 3248 3168 3301 τοῦτο
3210 3247 3409 3318 ῥαδίως
3432 3245 3696 3300 ἀπολλύει
3728 3245 3784 3311 (ὃ

2193 3345 2257 3416 δὴ
2286 3345 2382 3397 καὶ
2411 3341 2678 3396 πέπονθεν
2722 3341 2920 3411 Ἀδὰμ)
2948 3383 2962 3407 ,
3023 3342 3116 3394 καὶ
3155 3339 3362 3410 γυμνὸς
3389 3340 3453 3392 ὲκ
3494 3336 3784 3407 παρακοῆς

2194 3435 2408 3508 ἐδείχθη
2439 3435 2539 3504 τῆς
2590 3433 2948 3504 προτεθείσης
2995 3429 3142 3502 αὑτῷ
3180 3433 3422 3503 χάριτος,
3484 3430 3784 3498 ἀναγκαῖον

2192 3523 2282 3597 ἦν,
2342 3527 2429 3580 ἵνα
2476 3525 2550 3597 μὴ
2608 3524 2772 3578 πάλιν
2827 3527 2940 3587 τοῖς
2995 3525 3176 3586 αὐτοῖς
3233 3522 3646 3594 περιπέσωμεν.
3695 3519 3785 3574 τὸν

2194 3619 2466 3689 ἄτρεπτον
2495 3616 2590 3670 τοῦ
2633 3615 2768 3669 Θεοῦ
2797 3616 2969 3685 Λόγον
3016 3615 3309 3685 γενόμενον
3362 3614 3671 3684 ἄνθρωπον,
3705 3615 3786 3665 αἰσ

2193 3709 2355 3778 στῆσαι
2380 3708 2534 3779 παρὰ
2553 3707 2648 3760 τοῦ
2677 3707 2890 3777 Πατρὸς
2934 3707 3002 3760 τὰ
3029 3704 3088 3770 ἐξ
3120 3706 3284 3759 αὑτοῦ
3333 3705 3671 3776 χαρίσματα·
3703 3705 3781 3756 ἴνα

2194 3800 2262 3853 δι’
2300 3799 2465 3853 αὑτοῦ
2529 3798 2721 3869 βέϐαια
2757 3802 2824 3870 τῇ
2885 3798 3136 3870 ἡμετέρᾳ
3188 3797 3345 3866 φύσει
3410 3796 3787 3866 φυλάττηται,

2195 3891 2468 3962 ἀτρέπτου
2500 3891 2595 3943 καὶ
2621 3888 2984 3943 ἀναλλοιώτου
3009 3888 3386 3959 τυγχάνοντος.
3431 3887 3487 3940 ’Λ
3499 3886 3634 3957 ρχὴν
3680 3887 3790 3956 γὰρ

2195 3984 2226 4053 ἡ
2263 3981 2423 4053 χάρις
2451 3981 2716 4047 λαόοῦσα,
2777 3981 2928 4051 μένει
2963 3981 3063 4050 μὲν
3117 3979 3376 4049 ἀσφαλῶς
3416 3981 3474 4032 ὲν
3525 3976 3786 4049 Χριστῷ,

2196 4075 2559 4146 παραπέμπει
2584 4074 2642 4128 δὲ
2665 4074 2827 4137 αὐτὸς
2871 4074 2967 4126 καὶ
2994 4075 3076 4137 εἰς
3105 4074 3252 4144 ἡμᾶς
3272 4073 3371 4143 τὴν
3398 4072 3681 4142 ὁμοίωσιν·
3705 4070 3791 4123 ὃτι

2197 4167 2397 4230 πάντες
2431 4165 2599 4235 ἐσμὲν
2631 4166 2688 4218 ὲν
2717 4164 2888 4235 αὐτῷ,
2927 4165 3063 4217 καθὸ
3114 4163 3404 4235 ἄνθρωπος
3443 4163 3656 4232 γέγονε,
3695 4163 3792 4213 καὶ

2193 4257 2294 4329 τὴν
2327 4257 2497 4330 αὐτὴν
2530 4259 2662 4327 ἡμῖν
2689 4257 2916 4327 ὲφόρεσε
2954 4256 3152 4327 σάρκα.
3181 4255 3339 4310 Οὕτω
3372 4256 3480 4326 γάρ
3508 4256 3602 4308 καί
3631 4255 3792 4306 ἀδελ-

2198 4348 2288 4418 φοὶ
2317 4348 2414 4401 καὶ
2444 4347 2503 4400 ἓν
2530 4347 2606 4410 ὡς
2639 4347 2777 4420 πρὸς
2804 4346 2936 4400 Θεὸν
2969 4347 3332 4416 γεγεννῆσθαι
3355 4343 3640 4414 λεγόμεθα.
3683 4343 3790 4396 Λί-

2196 4443 2278 4494 τεῖ
2308 4441 2487 4494 τοίνυν
2523 4439 2615 4492 καί
2657 4439 2876 4510 δέχεται
2914 4438 3066 4508 παρά
3109 4436 3204 4492 τοῦ
3246 4435 3459 4507 Πατρὸς
3497 4434 3562 4487 δι’
3596 4433 3787 4503 ἡμᾶς,

516 4533 656 4589 Petit
688 4531 872 4600 itaque
926 4537 982 4584 et
1011 4528 1207 4598 accipit
1258 4544 1289 4582 a
1346 4529 1504 4585 l’atre
1545 4541 1765 4600 propter
1809 4547 1925 4596 nos,
1971 4548 2081 4602 qum

2195 4531 2338 4603 άπερ
2363 4531 2477 4600 ἔχει
2528 4531 2626 4602 μὲν
2665 4530 2934 4600 φυσικῶς,
3000 4529 3075 4593 ὡς
3109 4528 3271 4592 Θεός·
3303 4526 3493 4597 ἐπειδὴ
3525 4525 3582 4578 δὲ
3605 4525 3790 4595 σάρκα

515 4626 631 4694 ipse
656 4623 818 4678 habet
843 4621 1188 4684 naturaliter,
1227 4629 1287 4674 ut
1319 4621 1487 4675 Deus.
1532 4621 1666 4676 Cum
1696 4637 1827 4677 vero
1869 4638 2088 4678 carnem

513 4715 828 4786 assumpsit,
871 4728 990 4782 qua:
1040 4711 1432 4782 gloriﬁcatione
1475 4714 1712 4782 egebat,
1767 4723 1928 4784 atque
1977 4715 2092 4770 hate

515 4809 728 4880 quidem
760 4822 868 4862 non
896 4806 1121 4861 alterius
1149 4804 1472 4876 cujuspiam,
1522 4809 1616 4862 sed
1652 4823 1746 4862 sua
1779 4807 1919 4864 facta
1955 4820 2039 4865 est
2073 4826 2087 4864 :

517 4902 711 4957 merito
737 4899 839 4956 sibi
876 4899 1122 4953 vindicat
1175 4907 1335 4966 atque
1362 4897 1644 4968 adjnngit,
1673 4914 1794 4968 quae
1850 4899 1901 4953 in
1943 4899 2088 4953 illam

515 5001 570 5048 et
599 4993 743 5048 circa
777 4991 921 5047 illam
951 4990 1106 5056 fiunt,
1154 4999 1209 5044 et
1231 4999 1290 5043 ut
1313 4989 1476 5044 homo
1505 5006 1608 5043 non
1637 4991 1859 5053 habens,
1893 4993 2095 5062 accipit

516 5085 737 5160 aj’atre
767 5099 885 5155 qua:
913 5081 1234 5138 naturaliter
1266 5081 1428 5135 habet
1459 5091 1513 5134 nt
1539 5080 1708 5136 Filius
1738 5093 1791 5135 et
1823 5080 1982 5137 Deus.

1185 5191 1412 5247 ALIUD.

594 5305 651 5360 Si
684 5301 914 5358 Verbum
946 5303 1040 5358 Dei
1067 5302 1266 5358 factum
1297 5311 1379 5356 est
1411 5304 1593 5368 homo,
1654 5314 1712 5358 ut
1749 5305 1971 5359 omnino
2012 5305 2093 5359 fa-

522 5407 670 5450 etum
706 5402 790 5450 est
812 5394 880 5458 '°,
912 5408 1086 5463 neque
1105 5408 1433 5462 quemquam
1466 5409 1662 5464 negare
1681 5395 1940 5460 arbitror,
1967 5394 2094 5464 quid

521 5487 768 5553 estquod
799 5484 1083 5540 nonnullos
1113 5494 1310 5549 movet,
1370 5495 1430 5539 nt
1455 5500 1579 5539 eum
1625 5485 1875 5540 humanis
1914 5487 2092 5542 verbis

525 5580 605 5629 uti
633 5589 738 5629 non
765 5575 1116 5644 permittant?
1141 5573 1273 5630 Nam
1299 5575 1389 5645 qni
1420 5591 1533 5631 rem
1565 5575 1737 5645 ipsam
1768 5576 1950 5632 subire
1982 5593 2088 5631 non

597 5750 621 5783 ⁸
653 5748 838 5806 Matth.
864 5764 1055 5817 xxvm,
1091 5748 1178 5804 18.
1256 5755 1275 5785 ³
1309 5750 1461 5810 Joan.
1508 5769 1639 5820 xm,
1679 5753 1722 5806 l.

2192 4622 2289 4676 τοῦ
2348 4622 2666 4690 δοξάζεσθαι
2716 4622 3022 4696 χρῄζουσαν
3047 4621 3228 4688 ἔλαϐε,
3292 4620 3384 4674 καὶ
3439 4619 3538 4689 οὐχ
3596 4617 3791 4688 ἑτέρου

2193 4715 2360 4778 τινὸς,
2389 4715 2503 4769 ἀλλ’
2529 4717 2693 4770 αὐτοῦ
2720 4717 2942 4786 γέγονεν
2971 4715 3108 4786 αὕτη
3135 4755 3149 4778 ,
3180 4714 3408 4776 εἰκότως
3451 4713 3793 4765 ἰδιοποιεῖται

2193 4807 2260 4860 τά
2283 4810 2362 4872 εἰς
2391 4809 2563 4880 αὐτὴν
2593 4810 2626 4881 ἢ
2653 4809 2782 4880 περὶ
2812 4809 2983 4880 αὐτὴν
3006 4807 3289 4877 γινόμενα,
3336 4805 3430 4858 καὶ
3459 4803 3536 4867 ὡς
3570 4802 3789 4873 ἀνθρω⁴

2195 4919 2295 4964 πος
2329 4902 2404 4972 μὴ
2429 4901 2589 4973 ἔχων,
2623 4902 2841 4972 δέχεται
2899 4901 3051 4972 παρά
3097 4897 3193 4954 τοῦ
3247 4895 3463 4967 Πατρδς
3499 4894 3640 4968 ἀπερ
3671 4894 3792 4966 ἔχει

2200 4992 2466 5060 φυσικῶς,
2498 4993 2573 5055 ὡς
2607 4992 2734 5055 Υἱὸς
2767 4993 2862 5046 καὶ
2885 4991 3036 5055 Θεός.

2881 5188 3086 5241 ΔΛΛο.

2267 5308 2330 5360 Ei
2363 5307 2585 5374 γέγονεν
2632 5303 2920 5374 ἄνθρωπος
2964 5304 2993 5355 ὀ
3029 5300 3122 5354 τοῦ
3173 5300 3310 5354 Θεοῦ
3349 5301 3543 5368 Λόγος,
3594 5298 3794 5366 γέγονε

2194 5399 2270 5463 δὲ,
2305 5398 2401 5451 καὶ
2431 5399 2677 5467 ἀντερεῖν
2705 5391 2861 5465 οἶμαι
2900 5393 3125 5464 μηδένα,
3175 5393 3230 5444 τί
3267 5393 3329 5446 τὸ
3360 5392 3660 5446 ἀναπεῖθόν
3706 5410 3796 5444 τι-

2195 5506 2312 5554 νας,
2351 5487 2426 5558 μὴ
2456 5486 2775 5556 ἐπιτρέπειν
2805 5484 2955 5554 αὐτῷ
2987 5486 3107 5546 ταῖς
3157 5481 3447 5552 ἀνθρώπου
3478 5481 3797 5553 κεχρῆσθαι

2199 5584 2436 5651 φωναῖςς
2495 5579 2556 5633 'U
2591 5579 2699 5648 γὰρ
2747 5577 2878 5631 αὐτὸ
2916 5577 2977 5630 τὸ
3021 5576 3256 5646 πρᾶγμα
3297 5572 3372 5644 μὴ
3413 5572 3630 5643 φυγὼν,
3674 5571 3797 5626 ἀλλ’

1807 5755 1850 5785 ¹⁰
1881 5751 2038 5810 Joan.
2073 5773 2110 5823 t,
2149 5756 2229 5810 Η.
