4074 6266
323 317 440 374 .385

1776 301 2225 361 TllESAUBUS.

3493 304 3600 360 386

334 436 410 498 εἰς
441 429 714 501 τοσαύτην
739 428 936 483 ἑαυτὸν
969 428 1301 482 ταπείνωσιν
1335 429 1686 498 καταγαγὼν,
1723 428 1823 482 οὐκ
1854 427 1920 481 ἂν

2030 423 2338 488 recusavit,
2367 421 2464 478 sed
2511 421 2565 477 in
2591 428 2793 477 tantam
2825 420 3185 478 humilitatem
3226 437 3286 479 se
3336 423 3556 480 demisit
3585 468 3599 488 .

335 527 498 594 ἔφυγε
541 523 605 576 τδ
650 524 708 577 ὲν
747 521 931 589 λόγοις
975 519 1176 572 ἑαυτοῦ
1206 520 1491 588 φαίνεσθαι
1533 518 1916 593 μετριώτερος.

335 619 390 670 Εἰ
445 616 544 686 μὲν
593 608 686 668 οὖν
737 613 797 666 οὐ
852 612 1082 681 γέγονεν
1115 610 1424 681 ἄνθρωπος,
1468 611 1918 684 περιαπτέτωσάν

329 724 473 769 τινες
512 704 592 773 τῷ
638 704 797 772 Λόγῳ
823 704 896 755 τὰ
937 701 1173 756 ταπεινὰ
1204 704 1446 772 ῥήματα,
1482 703 1576 756 καὶ
1611 701 1918 769 λεγέτωσαν

329 798 497 853 αὑτὸν
531 797 629 850 καὶ
657 796 870 863 ἀγνοεῖν
900 795 996 848 καὶ
1034 793 1198 864 δόξης
1245 794 1488 865 χρῄζειν,
1533 793 1629 846 καὶ
1669 790 1920 862 δέχεσθαί

329 907 384 942 τι
439 887 596 959 παρὰ
640 886 732 940 τοῦ
771 885 1000 957 Πατρός.
1059 885 1124 939 Εἰ
1180 883 1238 937 δὲ
1327 884 1552 953 γέγονεν
1607 883 1919 955 ἄνθρωπος,

337 979 586 1032 εστωσαν
641 977 739 1046 τῆς
773 975 1190 1046 ἀνθρωπότητος
1224 975 1282 1027 al
1332 975 1532 1044 φωναὶ,
1581 974 1678 1028 καὶ
1730 974 1921 1046 μηδεὶς

344 1069 746 1141 συκοφαντείτω
771 1069 862 1121 τὸν
888 1067 982 1121 τοῦ
1018 1066 1154 1120 Θεοῦ
1177 1066 1369 1135 Λόγον,
1396 1065 1472 1130 ὡς
1503 1067 1602 1120 οὐκ
1639 1066 1833 1136 ἔχοντα
1858 1065 1920 1117 τὸ

346 1163 575 1228 τέλειον,
615 1161 798 1232 ὥσπερ
849 1162 874 1213 6
921 1161 1150 1231 Πατήρο
1204 1158 1340 1230 μηδὲ
1390 1157 1658 1228 ὑδριζέτω
1713 1156 1776 1210 τὸ
1823 1156 1920 1210 τοῦ

347 1254 485 1309 Θεοῦ
517 1255 732 1326 γνήσιον
762 1251 1032 1323 γέννημα.

1021 1364 1222 1418 ΑΛΛΟ.

410 1460 519 1530 Οὐχ
543 1461 571 1514 ό
589 1456 682 1512 τοῦ
708 1457 844 1512 Θεοῦ
875 1459 1068 1526 Λόγος,
1155 1456 1325 1524 Λόγος
1347 1457 1483 1521 ἐστὶ,
1518 1455 1797 1520 δοξάζεται
1827 1455 1921 1508 καὶ

341 1551 549 1620 δέχεταί
580 1547 638 1604 ’τι
671 1548 827 1620 παρὰ
852 1547 947 1600 τοῦ
981 1547 1211 1616 Πατρός,
1251 1547 1284 1616 ἢ
1313 1548 1409 1600 καὶ
1447 1547 1733 1615 ἁγιάζεται
1753 1587 1768 1611 ,
1805 1545 1919 1599 ἀλλ’

347 1643 498 1711 ἡμεῖς
525 1643 580 1695 ἐν
614 1641 782 1710 αὐτῷ·
823 1640 922 1692 καὶ
942 1639 1008 1692 δι’
1040 1640 1182 1708 ἡμᾶς
1211 1641 1326 1702 ταῖς
1351 1638 1628 1701 τοιαύταις
1667 1638 1830 1701 αὐτός
1859 1655 1920 1690 τε

2023 528 2126 569 non
2159 511 2442 568 abhorruit
2475 511 2544 566 ab
2577 509 2881 580 hujusmodi
2916 510 3200 568 moderato
3231 522 3394 582 atque
3422 515 3601 568 humi.

2021 605 2159 662 liore
2188 603 2446 674 loquendi
2481 617 2695 675 genere.
2745 603 2814 657 At
2847 617 2978 658 vero
3011 603 3055 658 si
3088 602 3252 658 homo
3282 604 3457 658 factus
3496 619 3601 658 ιιοη

2021 704 2147 762 est,
2197 697 2435 752 tribuant
2471 694 2715 750 nonnulli
2751 693 2930 750 Verbo
2975 695 3210 750 humiles
3268 695 3402 749 istas
3444 695 3590 748 locu-

2023 791 2219 851 tiones,
2255 786 2550 855 dicantque
2577 786 2754 856 ipsum
2784 794 2841 840 et
2893 787 3144 857 ignorare
3167 827 3184 854 ,
3219 795 3273 841 et
3319 785 3492 856 gloria
3521 784 3604 837 in-

2021 878 2228 948 digere,
2269 883 2434 946 atque
2458 877 2663 948 aliquid
2696 893 2725 932 a
2758 877 2923 934 Patre
2949 879 3215 947 accipere.
3260 877 3370 932 Sed
3415 877 3461 932 si
3514 874 3601 928 la-

2022 977 2169 1020 ctum
2194 977 2276 1021 est
2299 968 2484 1030 homo,
2509 968 2617 1022 sint
2641 968 2755 1023 haec
2777 969 2942 1023 verba
2965 968 3218 1023 humana:
3236 976 3444 1022 natura:
3468 981 3599 1020 con-

2021 1055 2289 1111 venientia
2326 1073 2338 1108 :
2370 1064 2426 1110 et
2449 1070 2612 1111 nemo
2645 1056 3013 1112 calumnietur
3055 1055 3294 1113 Verbum
3328 1056 3443 1122 Dei,
3469 1067 3592 1110 tan-

2020 1159 2182 1214 quam
2214 1157 2321 1198 non
2347 1144 2637 1200 habentem
2660 1160 2782 1199 eam
2806 1145 3222 1215 perfectionem,
3247 1161 3411 1216 quam
3438 1144 3601 1201 habet

2021 1235 2181 1292 Pater
2211 1250 2224 1288 :
2260 1250 2436 1307 neque
2460 1250 2591 1292 vero
2624 1236 2720 1292 Dei
2744 1236 2883 1291 Filio
2899 1238 3296 1294 contumeliose
3323 1238 3600 1294 insultent.

2686 1347 2918 1404 ALIUD.

2076 1439 2314 1496 Verbum
2349 1440 2468 1507 Dei,
2524 1449 2796 1511 quatenus
2835 1442 3068 1497 Verbum
3113 1451 3218 1507 est,
3277 1457 3450 1514 neque
3489 1445 3602 1515 glo-

2023 1536 2182 1596 riam,
2207 1547 2381 1604 neque
2409 1532 2551 1588 aliud
2579 1533 2874 1603 quidquam
2907 1549 2937 1587 a
2969 1532 3130 1588 Patre
3161 1535 3381 1605 accipit,
3426 1549 3602 1605 neque

2022 1624 2436 1690 sanctiﬁcatur;
2478 1625 2573 1680 sed
2604 1640 2704 1681 nos
2734 1627 2786 1680 in
2816 1627 2936 1697 ipso
2974 1644 2990 1682 :
3029 1637 3083 1680 et
3110 1637 3330 1695 propter
3373 1641 3496 1692 nos,
3545 1637 3604 1683 et

345 1734 621 1803 ἐχρήσατο
647 1734 878 1801 φωναῖς,
904 1731 1000 1783 καὶ
1049 1733 1082 1799 ἡ
1132 1730 1246 1782 θεία
1291 1731 1480 1801 Γραφὴ
1525 1729 1753 1783 τοιαῦτά
1800 1747 1920 1782 τινα

2030 1716 2142 1786 ipse
2166 1714 2499 1783 ejuscemodi
2525 1716 2707 1771 verbis
2755 1717 2969 1783 utitur,
3018 1726 3074 1772 et
3118 1732 3272 1773 sacra
3321 1717 3600 1788 Scriptura

349 1825 504 1892 λέγει
526 1824 654 1894 περὶ
691 1822 875 1877 αὑτοῦ.
916 1823 979 1875 Εἰ
1021 1823 1146 1892 γὰρ,
1188 1821 1362 1886 καθὼς
1397 1822 1601 1876 οἴονταί
1632 1839 1799 1887 τινες,
1839 1823 1920 1885 εἱς

366 1916 448 1969 τὸν
477 1915 569 1988 τοῦ
599 1913 729 1969 Θεοῦ
751 1915 917 1982 Λόγον
953 1914 1242 1984 ἀναφέρειν
1276 1914 1382 1985 χρὴ
1417 1915 1486 1967 τὰ
1515 1913 1760 1977 τοιαῦτα,
1789 1913 1921 1981 ὁρά-

354 2023 536 2059 τωσαν
567 2007 640 2076 μὴ
697 2006 787 2057 καὶ
828 2005 916 2058 τὸν
962 2006 1056 2074 τῆς
1101 2005 1395 2076 ἐπιδημίας
1431 2008 1630 2078 τρόπον
1673 2006 1919 2060 ποιοῦσιν

353 2092 532 2161 ἀργὸν,
563 2091 651 2144 καὶ
683 2093 778 2161 τῆς
808 2091 960 2163 παρὰ
991 2093 1126 2147 Θεοῦ
1157 2095 1378 2166 χάριτος
1407 2095 1608 2166 ἔρημον
1636 2096 1790 2168 ἡμῶν
1820 2095 1920 2166 τὴν

344 2181 501 2248 φύσιν
533 2181 1003 2238 ἀποδεικνύουσιν.
1055 2184 1120 2236 Εἰ
1149 2185 1259 2253 γὰρ
1285 2186 1316 2237 6
1349 2185 1518 2252 Λόγος
1549 2187 1690 2238 ἐστὶν
1713 2189 1742 2239 6
1765 2183 1920 2250 δοξα-

340 2269 487 2333 σθεὶς
527 2270 622 2325 καὶ
646 2272 940 2338 άγιασθεὶς
967 2271 1113 2326 κατὰ
1140 2273 1240 2342 τὴν
1279 2271 1530 2343 θεότητα,
1568 2275 1696 2328 ποία
1733 2275 1923 2343 γέγονε

313 2363 453 2423 ’τοῖς
502 2360 816 2431 ἀνθρώποις
869 2363 906 2429 ἡ
951 2361 1164 2429 δνησις,
1216 2361 1282 2413 ὲκ
1329 2359 1424 2412 τοῦ
1478 2361 1723 2428 γενέσθαι
1770 2363 1928 2415 αὐτὸν

339 2449 676 2520 ἇνθρωπον;
717 2451 976 2503 Φαίνεται
1002 2449 1110 2520 γὰρ
1150 2450 1312 2512 αὐτὸς
1351 2450 1587 2512 ἀναστὰς
1615 2451 1678 2503 ὲκ
1706 2450 1926 2520 νεκρῶν,

317 2542 441 2612 -οὐχ
464 2543 651 2610 ἡμεῖς.
685 2542 751 2595 Τί
789 2541 846 2595 δὲ
878 2542 1043 2597 αὐτὸν
1085 2541 1270 2594 ἔπεισε
1308 2541 1560 2611 γενέσθαι
1589 2545 1678 2596 καὶ
1714 2545 1922 2614 capita;

330 2634 398 2686 Ei
459 2635 562 2703 μὲν
617 2634 749 2704 γὰρ,
798 2632 886 2686 ἵνα
935 2633 1038 2704 τὴν
1082 2632 1372 2704 ἀνθρώπου
1428 2634 1589 2703 φύσιν
1645 2635 1920 2707 ὠφελήσῃ,

329 2725 506 2796 ἆργὸν
557 2726 682 2776 κατ’
733 2724 984 2787 ἐκείνους
1030 2724 1090 2777 τὸ
1137 2725 1505 2795 ἐπιχείρημα·
1555 2725 1704 2778 οὐδὲν
1742 2727 1850 2797 γὰρ
1888 2729 1921 2797 ἡ

337 2816 476 2888 σάρξ
501 2815 847 2886 ὠφεληθεῖσα
876 2815 1150 2886 φαίνεται,
1189 2815 1329 2870 and:
1362 2817 1562 2886 μᾶλλον
1601 2818 1783 2881 αὑτός.
1812 2820 1924 2872 Καὶ

337 2910 387 2961 εἰ
433 2907 520 2960 ὅτε
552 2905 775 2975 γέγονεν
829 2904 1140 2975 ἄνθρωπος,
1177 2905 1296 2958 τότε
1331 2905 1580 2974 φαίνεται
1626 2907 1720 2960 καὶ
1763 2906 1922 2973 δόξαν

339 2997 549 3062 λαϐὼν,
577 2998 670 3051 καὶ
703 2997 995 3067 ἁγιασμόν,
1031 2997 1125 3050 καὶ
1154 2998 1420 3064 ἐξουσίαν,
1448 3000 1542 3052 καὶ
1570 2999 1666 3053 ὅσα
1696 2999 1922 3054 τοιαῦτα

353 3090 578 3159 φέρεται
627 3089 752 3160 περὶ
796 3086 981 3152 αὑτοῦ,
1036 3088 1302 3160 πρόδηλόν
1350 3091 1497 3142 ἐστιν
1542 3091 1623 3144 ὅτι
1674 3091 1779 3163 πρὸ
1825 3093 1925 3162 τῆς
1955 3124 2002 3186 c

356 3177 648 3247 ἐπιδημίας
662 3177 858 3230 τούτων
884 3177 1082 3248 ἕρημος
1114 3177 1210 3244 ὣν,
1232 3180 1353 3233 κατ’
1371 3181 1632 3246 ἐκείνους,
1659 3179 1924 3252 λαμϐάνει

355 3270 538 3325 ταῦτα
578 3270 716 3323 κατὰ
742 3268 826 3322 τὸν
861 3269 954 3341 τῆς
1001 3271 1296 3341 ἐπιδημίας
1347 3273 1555 3342 καιρόν.
1609 3273 1785 3343 Χάριν
1833 3268 1925 3327 οὖν

355 3361 688 3433 ὁμολογεὶτω
723 3365 790 3433 τῇ
830 3363 1004 3430 σαρκὶ,
1048 3362 1273 3432 βελτίων
1313 3363 1669 3434 ἀναδειχθεὶς,
1701 3366 1789 3418 ὅτε
1824 3380 1924 3417 πε-

355 3455 586 3526 φόρεκεν
608 3453 791 3525 αὐτὴν,
821 3453 880 3506 οὐ
911 3453 1202 3524 βελτιώσας
1224 3454 1413 3525 αὐτήν.
1450 3454 1588 3507 Ἀλλ’
1627 3454 1743 3508 ἔστι
1771 3454 1926 3510 τοῦτο

345 3546 445 3599 ’καὶ
492 3547 707 3616 φρονεῖν
753 3545 845 3597 καὶ
878 3545 1055 3614 λέγειν
1091 3545 1539 3599 δυσσεϐέστατον.
1586 3547 1927 3619 Ἐπεδήμησε

345 3637 458 3708 γάρ
505 3638 591 3689 ἵνα
635 3637 833 3710 δοξάσῃ
860 3637 952 3690 τὸν
1005 3637 1290 3708 ἄνθρωπον
1325 3639 1420 3691 καὶ
1473 3639 1694 3712 ἁγιάσῃ.
1749 3641 1861 3710 Οὐχ
1898 3640 1928 3692 6

340 3729 517 3796 Λόγος
542 3729 649 3800 ἄρα
678 3729 825 3782 ἐστὶν
853 3731 882 3782 6
909 3729 1196 3800 δεχόμενός
1225 3747 1278 3783 τι
1300 3745 1314 3760 ’
1346 3729 1548 3794 τέλειος
1579 3731 1707 3802 γὰρ,
1738 3729 1928 3803 ὥσπερ

339 3822 438 3874 καὶ
470 3823 499 3874 6
537 3821 806 3892 γεννήσας
834 3821 1016 3875 αὐτόν.
1063 3822 1206 3874 Ἀλλ’
1245 3824 1408 3893 ἡμεῖς
1439 3825 1496 3877 ἐν
1537 3824 1683 3896 αὐτῷ
1712 3825 1925 3897 λαμϐά-

337 3927 534 3980 νομεν,
566 3911 652 3963 ὅτε
701 3909 797 3982 τὴν
834 3913 1112 3985 ἡμετέραν
1170 3913 1395 3985 ὲφόρεσε
1447 3915 1626 3984 σάρκα
1655 3932 1667 3944 °
1709 3916 1784 3980 ὡς
1824 3918 1934 3988 γὰρ

337 4003 675 4066 ἀναστάντος
690 4005 878 4071 αὐτοῦ,
901 4007 1060 4076 ἡμεῖς
1079 4004 1278 4076 ἀνέστη
1287 4025 1404 4077 μεν,
1427 4009 1514 4060 καλ
1533 4008 1935 4080 ἀναϐεϐηκότος

336 4095 511 4149 αὐτοῦ
543 4096 728 4160 πάλιν,
779 4100 860 4161 εἰς
901 4099 1165 4168 οὐρανοὺς
1200 4101 1328 4170 ἡμῖν
1378 4102 1410 4171 ἡ
1441 4099 1624 4164 ἄνοδος
1662 4101 1936 4154 ἁνεκαινί-

340 4186 446 4258 σοη
475 4204 488 4216 ·
531 4187 702 4252 οὕτως
739 4189 834 4242 καὶ
872 4186 1189 4254 δοξάζεσθαι
1235 4191 1328 4244 καὶ
1358 4191 1681 4260 ἁγιάζεσθαι
1711 4191 1937 4262 λεγομέ-

342 4295 464 4343 νου,
504 4280 665 4349 ἡμεῖς
698 4281 863 4350 ἐσμεν
894 4280 942 4332 οἱ
975 4279 1180 4334 τούτων
1213 4281 1600 4345 ἀπολαύοντες.

2031 1808 2158 1864 talia
2185 1804 2433 1877 quaedam
2475 1806 2544 1861 de
2584 1806 2701 1878 ipso
2732 1809 2883 1864 dicit.
2937 1809 2996 1864 Si
3034 1809 3202 1874 enim,
3257 1821 3318 1864 ut
3359 1811 3602 1868 nonnulli

2027 1899 2341 1968 opinantur,
2368 1896 2441 1951 ad
2465 1895 2702 1952 Verbum
2738 1898 2830 1953 Dei
2859 1898 3191 1968 ejuscemodi
3220 1901 3364 1955 dicta
3405 1899 3603 1957 referri

2029 1989 2247 2050 debent,
2273 1987 2576 2042 videantne
2603 1987 3036 2044 incarnationem
3067 1991 3238 2060 ipsam
3257 1992 3489 2048 Otiosatn
3516 1993 3601 2048 in-

2030 2077 2456 2147 l'rugiteramque
2494 2077 2716 2144 faciant,
2769 2085 2826 2133 et
2859 2089 3108 2134 naturam
3145 2091 3387 2136 nostram
3429 2083 3604 2152 gratia

2029 2168 2124 2224 Dei
2151 2184 2375 2224 vacuam
2408 2168 2701 2225 declarent.
2751 2167 2889 2225 Nam
2920 2171 2965 2227 si
3015 2170 3252 2227 Verbum
3294 2185 3404 2241 est,
3458 2174 3602 2243 quod

2029 2263 2082 2318 in
2112 2277 2210 2318 sua
2245 2263 2446 2318 deitate
2485 2261 2842 2332 gloriﬁcatum
2895 2273 2952 2318 et
2996 2263 3395 2320 sanctiﬁcatum
3438 2265 3606 2338 ,ιο

2029 2366 2134 2421 est,
2175 2356 2303 2427 quid
2348 2356 2562 2411 fructus
2606 2364 2700 2411 aut
2745 2357 3095 2411 emolumenti
3139 2358 3450 2413 hominibus
3484 2359 3608 2415 inde

2030 2451 2260 2506 accessit
2287 2450 2435 2520 quod
2463 2448 2639 2502 factus
2658 2445 2734 2502 sit
2759 2447 2923 2500 homo
2945 2445 2968 2500 ?
2995 2446 3112 2515 Ipse
3140 2447 3286 2501 enim
3308 2460 3340 2501 e
3377 2446 3608 2504 mortuis

2030 2543 2397 2598 resurrexisse
2440 2540 2675 2605 videtur,
2727 2554 2836 2594 non
2881 2548 3062 2593 autem
3123 2553 3245 2596 nos.
3291 2540 3432 2606 Quid
3477 2555 3608 2598 vero

2031 2635 2204 2704 ipsum
2236 2633 2407 2690 movit
2432 2642 2491 2688 ut
2522 2632 2676 2688 ﬁeret
2702 2631 2906 2686 homo?
2937 2629 3070 2685 Nam
3103 2632 3174 2696 si,
3217 2641 3276 2686 ut
3306 2632 3603 2689 humanam

2030 2734 2277 2779 naturam
2301 2725 2537 2796 juvaret,
2600 2724 2775 2778 inanis
2801 2732 2906 2789 est,
2953 2723 3107 2791 juxta
3139 2723 3279 2790 illos,
3318 2724 3404 2780 hic
3445 2740 3609 2781 cona-

2033 2825 2162 2870 tus:
2207 2822 2400 2868 natura
2426 2814 2570 2869 enim
2604 2813 2787 2883 adjuta
2813 2829 2922 2868 non
2969 2813 3136 2869 fuisse
3179 2817 3446 2881 cernitur,
3509 2818 3606 2873 sed

2031 2907 2148 2976 ipse
2188 2907 2401 2976 potius;
2449 2915 2504 2959 et
2549 2905 2618 2970 si,
2671 2906 2892 2974 quando
2925 2903 3098 2960 factus
3141 2916 3224 2961 est
3259 2907 3441 2972 homo,
3493 2919 3608 2963 tum

2031 2999 2193 3054 etiam
2224 2997 2454 3068 gloriam
2489 2995 2764 3064 accepisse
2791 3003 2846 3049 et
2874 2997 3384 3061 sanctilicationem,
3415 3005 3470 3051 et
3506 3012 3604 3067 po-

2033 3098 2306 3156 testatem,
2357 3097 2413 3145 et
2443 3087 2548 3142 alia
2581 3101 2703 3157 quae
2754 3087 2855 3156 ipsi
2903 3087 3218 3140 tribuuntur
3243 3126 3257 3151 ,
3309 3089 3556 3143 cernitur
3590 3105 3604 3141 :

2033 3182 2386 3238 manifestum
2442 3188 2530 3236 est
2573 3179 2774 3250 ipsum,
2803 3179 2963 3248 juxta
3011 3177 3227 3233 illorum
3277 3181 3610 3251 Opinionem,

2033 3283 2158 3330 ante
2186 3274 2616 3330 incarnationem
2649 3272 2715 3327 iis
2745 3287 2975 3326 vacuum
3006 3271 3198 3339 fuisse,
3245 3283 3300 3328 et
3349 3285 3461 3329 tum
3496 3275 3607 3344 pri-

2033 3381 2180 3421 mum
2208 3381 2332 3421 cum
2363 3380 2582 3420 carnem
2635 3363 2953 3432 assumpsit,
3009 3379 3070 3418 ea
3099 3367 3394 3436 accepisse.
3448 3368 3608 3424 Carni

2034 3456 2199 3527 igitur
2220 3466 2502 3524 acceptum
2534 3455 2696 3524 ferat,
2725 3457 2867 3528 quod
2903 3471 3000 3526 per
3030 3457 3146 3528 ejus
3179 3460 3606 3528 assumptionem

2033 3548 2227 3602 melior
2252 3547 2323 3603 sit
2343 3546 2591 3614 eﬂ'ectus,
2617 3563 2720 3603 non
2756 3563 2884 3604 vero
2913 3549 3083 3619 ipsam
3106 3551 3384 3607 meliorem
3408 3553 3608 3611 eﬂece-

2032 3643 2124 3696 rit.
2152 3639 2317 3710 Atqui
2347 3639 2454 3694 hoc
2472 3650 2527 3695 et
2550 3639 2787 3710 cogitatu
2812 3650 2866 3694 et
2887 3641 3032 3696 dictu
3059 3643 3284 3712 impium
3303 3655 3408 3700 est.
3435 3645 3610 3702 lncar-

2032 3740 2190 3785 natus
2213 3729 2355 3784 enim
2375 3739 2457 3784 est
2480 3739 2537 3784 ut
2559 3729 2832 3785 hominem
2853 3731 3186 3795 gloriﬁcaret
3211 3745 3268 3788 et
3291 3737 3602 3791 sanctiﬁca-

2033 3818 2384 3876 ret.Verbum
2403 3824 2608 3891 itaque,
2646 3832 2915 3890 quatenus
2933 3823 3190 3891 Verbum,
3210 3825 3343 3878 nihil
3364 3831 3606 3893 accepit:

2037 3912 2338 3984 perfectum
2388 3915 2532 3968 enim
2562 3923 2665 3978 est,
2712 3914 3170 3982 quemadmodum
3195 3925 3249 3968 et
3281 3915 3472 3970 Pater.
3504 3917 3611 3972 Sed

2035 4021 2134 4061 nos
2157 4008 2208 4060 in
2245 4006 2363 4076 ipso
2400 4006 2719 4073 accipimus,
2745 4005 2961 4070 quando
2993 3993 3214 4057 carnem
3249 4016 3490 4060 nostram
3515 4023 3608 4075 ge-

2035 4095 2238 4149 stavit:
2275 4095 2420 4147 sicut
2446 4095 2590 4147 enim
2619 4108 2736 4146 cum
2768 4092 2882 4162 ipse
2933 4092 3252 4157 resurrexit,
3302 4110 3402 4149 nos
3446 4099 3610 4151 etiam

2036 4184 2475 4249 resurreximus;
2539 4197 2772 4251 cumque
2831 4183 2945 4252 ipse
2999 4197 3213 4237 rursum
3262 4189 3510 4244 ascendit
3556 4191 3610 4244 in

2038 4276 2225 4342 caelos,
2267 4288 2527 4330 ascensus
2566 4272 2720 4330 nobis
2779 4283 2862 4330 est
2922 4274 3254 4332 instauratus
3298 4295 3311 4332 :
3362 4278 3432 4335 ita
3489 4296 3610 4337 cum

346 4373 465 4440 ipse
503 4373 799 4444 glori-ficari
859 4383 912 4428 et
975 4375 1302 4430 sanctiﬁcari
1360 4378 1580 4444 dicitur,
1637 4392 1734 4433 nos
1763 4376 2136 4448 signiﬁcamur
2166 4373 2316 4428 hisce
2349 4372 2510 4427 rebus
2532 4369 2660 4427 frui.

341 4554 554 4618 ΑΛΛΟ,
585 4552 680 4627 δι’
707 4547 795 4627 οὗΔ
827 4552 1131 4627 δεξκτςυται
1177 4555 1425 4627 σαφῶς,υ
1456 4556 1605 4626 ἅπερ
1646 4552 1809 4627 εἶχεν
1855 4560 1927 4622 ὡς

2041 4546 2424 4627 Αιιιυι),⁸ᾳιιο
2483 4549 2759 4627 manifeste
2804 4550 3101 4604 ostenditur
3151 4566 3269 4627 quia
3321 4552 3502 4610 habuit
3554 4565 3610 4608 ut

565 4622 730 4690 Θεὸς,
765 4622 840 4677 δι’
875 4623 1033 4694 ἡμᾶς
1062 4626 1244 4680 αἰτῶν
1267 4622 1358 4693 ’ὡς
1389 4622 1718 4696 ἅνθρωπος-ζ

417 4783 585 4852 Λέγει
640 4799 742 4838 που
795 4783 1065 4855 Χριστός’
1123 4805 1142 4837 ι
1189 4785 1388 4858 Πάτερ,
1434 4787 1658 4852 δόξασόν
1699 4805 1792 4841 σου
1840 4788 1932 4842 τὸν

346 4875 503 4928 Υἰόν.
551 4895 570 4926 ι
602 4875 709 4928 Καὶ
737 4876 928 4930 πάλιν·
975 4893 993 4927 t
1034 4876 1220 4931 Πάντα
1259 4895 1350 4948 μοι
1381 4879 1650 4950 παρεδόθη
1695 4879 1804 4932 ὑπὸ
1835 4879 1933 4932 τοῦ

343 4966 584 5036 Πατρός.
629 4985 648 5018 ι
686 4967 796 5020 Καὶ
831 4967 968 5038 μετὰ
1013 4968 1110 5038 τὴν
1156 4969 1484 5024 ἁνάστασιν’
1531 4989 1548 5021 ι
1601 4969 1782 5040 Ἐδόοη
1819 4987 1930 5039 μοι,

344 5058 508 5128 φησὶ,
539 5059 688 5111 πᾶσα
710 5057 927 5122 ἐξουσξα
956 5061 1012 5111 ὲν
1041 5058 1255 5129 οὐρανῷ
1286 5061 1379 5113 καὶ
1413 5061 1507 5112 ἐπὶ
1552 5060 1675 5129 γῆς.
1713 5079 1732 5110 ι
1775 5059 1937 5112 Ἀλλὰ

340 5149 622 5204 δείκνυται
670 5149 764 5202 καὶ
810 5151 941 5221 πρὶν
995 5151 1145 5222 αὐτῷ
1196 5153 1566 5224 παραδοθῆναι
1614 5153 1684 5204 τὰ
1736 5153 1934 5217 πάντα,

343 5243 574 5296 πάντων
607 5239 680 5293 ὢν
714 5242 940 5314 Κύριος.
978 5243 1174 5312 Γέγονε
1209 5245 1316 5316 γὰρ
1345 5245 1416 5296 τά
1454 5245 1630 5298 πάντα
1659 5245 1724 5297 δι’
1747 5244 1933 5310 αὐτοῦ,

337 5335 441 5389 καὶ
483 5335 513 5385 6
563 5332 867 5405 Ψαλμῳδὸς
921 5335 978 5388 δὲ
1024 5336 1186 5388 δοῦλα
1234 5336 1328 5388 τοῦ
1372 5337 1731 5406 πεποιηκότος
1785 5335 1939 5397 εἰδὼς

335 5422 488 5478 αὒτὰ
523 5422 692 5492 λέγει,
735 5425 816 5478 ὅτι
853 5442 870 5476 t
902 5425 983 5478 Τὰ
1027 5419 1316 5496 σύμπαντα
1361 5426 1522 5478 δοῦλα
1573 5427 1658 5480 σά.
1704 5446 1722 5478 ι
1760 5425 1937 5480 Λίτῶν

333 5516 392 5568 δὲ
415 5515 578 5580 δόξαν
605 5517 882 5587 φαίνεται,
915 5516 1093 5570 καίτοι
1119 5517 1217 5585 τῆς
1245 5518 1401 5588 δόξης
1425 5515 1500 5570 ὢν
1527 5519 1746 5588 Κύριος.
1784 5517 1938 5570 Οὕτω

333 5607 451 5677 γὰρ
483 5609 512 5660 ό
543 5607 759 5674 Παῦλος
795 5607 949 5676 ἔλεγε
996 5608 1121 5679 περὲ
1173 5627 1358 5674 τινων,
1385 5609 1578 5679 ὅτιπερ
1612 5627 1629 5660 ι
1677 5611 1740 5663 Εἰ
1775 5609 1939 5677 ἔγνω⁴

405 5765 456 5846 ,ι’
483 5762 647 5823 Joan.
682 5743 826 5836 xvn,
863 5763 914 5820 1.

2260 4619 2425 4684 Deus,
2483 4621 2696 4688 petiisse
2725 4631 2941 4689 propter
2969 4637 3063 4675 nos
3114 4619 3169 4674 ut
3209 4621 3387 4678 Itonia.

2113 4796 2365 4851 Christus
2388 4793 2587 4850 alicubi
2619 4794 2832 4865 inquit:
2867 4816 2885 4848 ι
2925 4795 3102 4863 Pater,
3145 4796 3382 4862 gloriﬁca
3417 4800 3610 4853 Filium

2040 4894 2188 4939 tuum
2221 4883 2285 4934 “.
2324 4901 2342 4933 ι
2377 4882 2441 4936 Et
2473 4898 2700 4938 rursus:
2737 4902 2757 4936 ι
2795 4884 2987 4939 Omnia
3037 4885 3167 4939 mihi
3197 4888 3393 4940 tradita
3425 4900 3551 4942 sunt
3583 4905 3612 4941 a

2036 4975 2200 5028 Patre
2236 4974 2301 5024 η.
2343 4992 2361 5024 ι
2417 4974 2483 5026 Ει
2537 4985 2662 5041 post
2709 4976 3164 5029 resurrectionem
3207 4992 3220 5028 :
3280 4996 3297 5027 ι
3353 4976 3485 5032 Data
3533 4989 3615 5033 est

2037 5067 2168 5121 mihi
2229 5073 2472 5135 potestas
2519 5074 2572 5120 et
2604 5066 2658 5118 in
2711 5066 2851 5120 coelo
2886 5076 2938 5118 et
2967 5065 3018 5118 in
3067 5072 3211 5119 terra
3267 5067 3331 5120 ³³.
3393 5087 3411 5120 ι
3451 5070 3612 5139 Atqui

2035 5159 2197 5213 etiam
2243 5167 2530 5226 antequam
2588 5158 2662 5211 illi
2709 5159 3055 5212 traderentur
3091 5159 3310 5223 omnia,
3369 5164 3611 5215 omnium

2040 5250 2298 5304 Dominus
2328 5260 2463 5303 erat.
2497 5247 2688 5303 Omnia
2715 5249 2859 5304 enim
2885 5264 2982 5319 per
3014 5249 3189 5318 ipsum
3221 5251 3360 5305 facta
3391 5265 3516 5308 sunt
3546 5257 3613 5320 ",

2038 5348 2091 5392 et
2121 5338 2405 5392 Psalmisla
2425 5340 2606 5393 sciens
2628 5338 2808 5393 omnia
2835 5352 2955 5393 esse
2984 5352 3142 5391 serva
3159 5337 3460 5404 Creatoris,
3498 5341 3608 5394 ait:

2047 5450 2064 5482 ι
2103 5430 2296 5485 Omnia
2330 5431 2576 5484 serviunt
2601 5429 2695 5483 tibi
2733 5428 2798 5482 ¹⁵.
2835 5446 2854 5479 ι
2890 5427 3026 5482 Cum
3055 5442 3185 5482 vero
3210 5430 3436 5500 gloriam
3457 5431 3613 5498 petit,

2039 5521 2220 5590 gloria:
2249 5521 2504 5573 Dominus
2537 5535 2658 5576 esse
2685 5520 2948 5574 cernitur.
3004 5518 3081 5572 Ita
3129 5521 3273 5574 enim
3307 5520 3508 5575 Paulus
3550 5522 3616 5574 de

2040 5612 2359 5682 quibusdam
2405 5612 2564 5676 dixit,
2650 5611 2792 5679 quod
2852 5628 2872 5662 ι
2923 5611 2970 5665 si
3027 5612 3430 5680 cognovissent,
3508 5628 3614 5666 non

1067 5763 1255 5824 Matth.
1291 5781 1361 5837 ιι,
1395 5765 1482 5826 27,
1567 5766 1606 5796 ω
1635 5763 1831 5821 Matth,
1863 5779 1927 5818 xx

2036 5807 2049 5834 ,
2093 5766 2172 5822 l8.
2336 5765 2492 5824 δοίη).
2525 5765 2634 5830 t,5.
2683 5763 2755 5849 _"
2783 5765 2923 5824 Psal.
2959 5778 3148 5832 cxvm,
3190 5767 3277 5822 91.
