4074 6266
514 282 622 343 587

1515 270 1574 325 S.
1616 265 1894 322 CYRILLI
1929 262 2399 319 ALEXANDRINI
2436 264 2756 320 ARCHIEP.

3696 259 3807 314 583

514 401 705 470 utique
732 395 1023 452 Dominum
1051 390 1238 462 gloriae
1286 385 1692 444 eruciﬁxissent
1739 385 1810 437 “.
1865 402 1884 435 ο
1942 381 2130 452 Quod

2235 382 2449 446 ἀν,οὖκ
2512 380 2579 435 ἂν
2623 382 2714 433 τὸν
2760 377 2968 449 Κύριον
3005 376 3105 447 τῆς
3152 376 3309 447 δόξης
3351 376 3739 448 ἐσταύρωσαν.
3784 401 3803 434 ι

515 499 701 548 autem
752 486 1047 557 antequam
1114 484 1341 556 gloriam
1390 492 1419 534 a
1464 477 1629 533 Patre
1680 484 1924 547 peteret,
1983 489 2104 530 eam

516 583 793 649 habuerit,
832 588 893 635 ut
926 576 1117 641 Filius,
1155 576 1268 643 ipse
1303 570 1594 626 manifeste
1640 568 1819 636 docet,
1865 568 2054 623 dicens
2088 584 2101 621 :

523 694 542 727 ι
579 676 764 739 Pater,
796 669 1044 743 glorifica
1067 667 1262 722 Filium
1286 673 1432 717 tuum
1459 677 1522 717 ea
1551 662 1721 731 gloria
1744 674 1905 728 quam
1932 660 2107 713 habe-

520 770 641 820 bam
657 766 798 835 apud
812 772 869 818 te
882 770 1007 817 ante
1023 755 1464 814 constitutionem
1486 753 1695 807 mundi.
1711 751 1799 805 »δι
1825 766 1952 806 vero
1972 749 2019 803 fa
2030 759 2109 803 te-

523 866 612 910 tur
640 870 699 910 se
712 853 919 908 habere
944 850 1173 921 gloriam
1202 856 1328 901 ante
1351 845 1707 899 constitutum
1737 844 1996 898 mundum
2022 884 2035 908 ,
2056 850 2111 896 et

522 963 668 1004 nunc
685 962 803 1000 eam
818 946 954 1015 petit
973 951 1033 997 ut
1064 955 1169 995 non
1199 940 1427 1002 habens,
1453 947 1639 993 nostra
1669 952 1832 992 causa
1865 936 1916 990 id
1944 934 2109 999 facit;

522 1054 581 1099 et
602 1048 793 1097 nostra
832 1038 885 1090 in
925 1036 1040 1105 ipso
1100 1032 1240 1087 facta
1264 1038 1349 1086 est
1376 1031 1590 1100 petitio,
1618 1043 1857 1099 poscens
1881 1027 2111 1097 gloriam

522 1130 774 1184 humana:
807 1134 1014 1178 natura:
1039 1120 1298 1175 conferri.
1356 1119 1494 1172 Cum
1545 1124 1725 1172 autem
1764 1126 1888 1187 post
1930 1131 2114 1171 resur-

516 1222 821 1277 rectionem
853 1217 985 1271 dicit
1017 1233 1031 1269 :
1063 1233 1083 1265 ‹
1122 1215 1253 1267 Data
1283 1221 1369 1267 est
1402 1211 1537 1266 mihi
1572 1219 1855 1280 potesras;
1899 1228 1917 1261 ι
1946 1211 2113 1263 etiam

526 1322 653 1368 ante
684 1309 1141 1365 resurrectionem
1175 1318 1296 1360 eam
1351 1304 1609 1359 habuisse
1664 1303 1931 1357 cernitur.
1979 1300 2114 1354 Nam

524 1406 570 1461 si
603 1419 708 1458 non
734 1403 948 1467 habuit,
972 1414 1082 1468 quo
1102 1407 1259 1467 pacto
1282 1397 1529 1465 increpat
1552 1393 1851 1459 diabolum,
1881 1392 2071 1448 dicens
2100 1409 2113 1446 :

521 1511 554 1548 ιι
596 1493 746 1548 Vade
793 1501 964 1558 retro,
999 1488 1203 1544 Satana
1238 1488 1320 1540 ‘7?
1365 1506 1385 1539 ι
1426 1496 1526 1540 aut
1565 1486 1839 1555 quomodo
1890 1485 2118 1555 largitus

528 1597 613 1643 est
640 1583 920 1655 discipulis
954 1590 1279 1651 potestatem
1310 1581 1362 1633 in
1392 1580 1667 1633 daemones
1695 1576 1967 1647 “1'22'9
1985 1593 2121 1646 quo—

529 1679 692 1735 modo
719 1679 885 1732 filiam
915 1676 1182 1740 Abrabm,
1228 1683 1289 1732 ut
1328 1672 1590 1742 scriptum
1642 1681 1763 1735 est,
1818 1672 2042 1742 ligatam
2088 1685 2119 1725 a

2210 472 2331 525 Ὅτι
2379 472 2436 525 δὲ
2470 472 2564 526 καὶ
2607 470 2736 541 πρὶν
2785 470 3007 539 αἰτῆσαι
3043 467 3194 539 παρὰ
3231 468 3445 540 Πατρδς
3500 471 3601 543 τὴν
3644 472 3811 537 δόξαν

2208 558 2355 633 εἶχεν
2380 562 2456 625 ὡς
2494 562 2640 628 Υἱὸς,
2671 559 2835 622 αὐτὸς
2876 558 3117 611 διδάσκει
3155 557 3343 628 σαφῶς
3378 558 3592 629 λέγων’
3632 581 3652 613 r
3695 562 3812 615 Πά-

2208 672 2328 726 τερ,
2371 654 2597 721 δόξασόν
2649 670 2744 707 σου
2801 653 2893 706 τὸν
2940 652 3067 707 Υίδν
3101 655 3168 723 τῇ
3212 651 3342 724 δόξῃ
3388 647 3421 726 ᾖ
3468 649 3638 725 εἶχον,
3703 656 3815 726 πρὸ

2209 750 2306 803 τοῦ
2339 749 2431 803 τὸν
2477 749 2681 820 κόσμον
2723 746 2880 812 εἶναι,
2917 748 3068 818 παρὰ
3116 748 3219 802 σοί.
3267 769 3286 800 ι
3334 749 3397 802 Εἰ
3447 749 3507 803 δὲ
3554 751 3815 824 ὁμολογεῖ

2216 844 2314 914 μὲν
2348 842 2492 913 ἔχειν
2522 842 2617 895 καὶ
2656 842 2763 913 πρὸ
2801 841 2893 895 τοῦ
2942 841 3150 912 κόσμου
3194 842 3296 911 τὴν
3344 840 3526 907 δόξαν,
3563 844 3710 898 αἰτεῖ
3751 846 3811 898 δὲ

2213 934 2309 989 νῦν
2339 934 2509 1005 αὐτὴν
2541 934 2617 997 ὡς
2646 935 2746 987 οὐκ
2796 933 2955 1004 ἔχων,
2985 932 3055 986 δι’
3103 935 3253 1004 ἡμᾶς
3284 932 3395 1005 ἄρα
3436 934 3597 989 τοῦτο
3628 940 3807 991 ποιεῖ’

2214 1026 2310 1081 καὶ
2355 1026 2511 1097 ἡμῶν
2555 1027 2612 1079 ἐν
2643 1025 2792 1095 αὑτῷ
2819 1025 3042 1093 γέγονεν
3083 1024 3117 1094 ἡ
3152 1024 3391 1096 αἴτησις,
3423 1025 3669 1079 καλοῦσα
3710 1027 3811 1098 τὴν

2214 1117 2370 1181 δόξαν
2401 1120 2480 1180 εἰς
2507 1116 2605 1187 τὴν
2651 1115 2941 1187 ἀνθρώπου
2974 1114 3155 1184 φύσιν.
3188 1116 3382 1185 Λέγων
3426 1116 3485 1171 δὲ
3521 1119 3660 1189 μετὰ
3710 1121 3811 1188 τὴν

2217 1207 2537 1273 ἀνάστασιν,
2586 1224 2604 1257 r
2656 1205 2843 1276 Ἐδόθη
2886 1223 2976 1276 μοι
3026 1208 3177 1259 πᾶσα
3208 1205 3464 1275 ἐξουσία,
3514 1228 3534 1261 ι
3571 1210 3665 1263 καὶ
3705 1210 3813 1279 πρὸ

2218 1305 2319 1373 τῆς
2351 1300 2705 1363 ἀναστάσεως
2751 1298 2954 1369 ταύτην
2986 1298 3124 1369 ἔχων
3176 1300 3447 1368 φαίνεται.
3485 1302 3547 1355 Ei
3575 1302 3686 1373 γὰρ
3734 1304 3813 1375 μὴ

2219 1390 2354 1465 εἶχε,
2395 1392 2513 1457 πῶς
2552 1392 2791 1463 ἐπετίμα
2839 1392 2917 1464 τῷ
2969 1391 3202 1462 διαϐόλῳ
3256 1391 3466 1461 λέγων’
3504 1412 3540 1459 λι
3591 1392 3813 1463 ’Υπαγε

2219 1488 2396 1543 ὀπίσω
2447 1506 2581 1559 μου,
2614 1489 2859 1556 Batava;
2900 1508 2916 1541 ι
2951 1488 3071 1552 πῶς
3113 1488 3171 1541 δὲ
3201 1490 3312 1554 τοῖς
3353 1478 3627 1561 μαθηταῖς
3671 1494 3818 1547 κατὰ

2218 1581 2488 1653 δαιμόνων
2544 1581 2827 1653 ἐχαρίζετο
2890 1583 2990 1653 τὴν
3063 1580 3345 1649 ἐξουσίανς
3414 1583 3533 1647 πῶς
3594 1584 3651 1637 δὲ
3717 1585 3819 1656 τὴν

2236 1672 2489 1745 Ἀϐραὰμ
2522 1673 2823 1742 θυγατέρα,
2857 1671 3003 1726 καθά
3029 1674 3364 1742 γέγραπται,
3395 1672 3683 1746 δεδεμένην
3712 1675 3820 1727 ὑπὸ

532 1768 751 1824 diabolo
798 1775 857 1820 ut
895 1771 1172 1834 potestate
1219 1763 1481 1833 praeditus
1549 1761 1713 1817 solvit
1745 1762 1831 1815 ‘9?
1880 1771 1977 1816 aut
2016 1777 2123 1833 quo

2235 1766 2318 1819 τοῦ
2372 1764 2619 1819 διαϐόλου
2667 1763 2744 1827 ὡς
2797 1763 3049 1828 ἐξουσίαν
3110 1763 3252 1833 ἔχων
3308 1762 3497 1819 ἔλυσεν
3542 1765 3739 1832 αὑτός;
3782 1768 3817 1837 ἢ

530 1871 698 1931 pacto
743 1858 1051 1930 paralytico
1094 1855 1385 1911 sanitatem
1424 1854 1665 1909 contulit
1700 1855 1792 1907 '°?
1847 1856 2124 1924 quomodo

537 1952 761 2008 mulieri
810 1948 1107 2021 peccatrici
1154 1955 1379 2016 peccata
1432 1946 1650 2001 remisit
1704 1944 1798 1999 ³³2
1855 1947 2125 2015 quomodo

534 2054 785 2100 mortuos
819 2039 1277 2098 resuscitavit“?
1323 2039 1487 2094 crucis
1540 2037 1717 2094 visura
1756 2038 1996 2093 restituit
2037 2028 2127 2092 "‘2

539 2135 892 2192 Manifestum
932 2134 1116 2202 itaque
1142 2140 1231 2186 est
1262 2130 1410 2184 illum
1444 2129 1626 2185 verbis
1650 2129 1727 2184 uti
1756 2142 1887 2198 quae
1917 2131 2127 2186 homini

534 2228 887 2291 conveniant,
918 2239 1025 2280 non
1050 2222 1283 2294 quando
1302 2230 1421 2276 erat
1443 2221 1679 2276 Verbum
1699 2228 1854 2273 extra
1885 2236 2125 2289 carnem,

536 2324 632 2379 sed
661 2320 877 2392 quando
916 2319 1091 2374 factus
1116 2325 1204 2372 est
1249 2316 1411 2370 homo
1444 2312 1625 2367 Patris
1662 2313 1804 2367 dona
1846 2312 2006 2367 nobis
2036 2326 2131 2380 pe-

541 2424 688 2470 tens.
725 2411 804 2467 Ita
834 2410 982 2466 enim
1022 2410 1259 2465 dicimur
1305 2407 1476 2462 etiam
1512 2404 1712 2461 divinz'e
1755 2413 1965 2458 naturae
2002 2402 2132 2456 facti

547 2521 674 2563 esse
714 2503 1011 2575 participes
1043 2500 1113 2564 ",
1173 2516 1295 2555 cum
1349 2498 1586 2552 Verbum
1638 2505 1880 2550 nostram
1927 2494 2135 2549 humili-

542 2607 712 2654 tatem
733 2595 1001 2664 suscepit,
1047 2601 1106 2646 ut
1144 2606 1243 2646 nos
1281 2592 1347 2644 ad
1385 2604 1542 2644 suam
1584 2588 1960 2644 celsitudinem
2009 2602 2136 2641 eve—

542 2688 666 2753 hat,
705 2700 812 2740 non
838 2693 898 2738 ut
930 2684 1047 2753 ipse
1090 2680 1232 2735 infra
1286 2689 1523 2745 maneat,
1568 2678 1713 2733 sicut
1764 2693 1886 2734 nos.
1932 2677 2138 2732 idcirco

548 2780 697 2836 enirn
727 2792 851 2832 cum
884 2791 1078 2831 sumus
1108 2785 1300 2829 natura
1324 2773 1614 2838 homines,
1649 2773 1725 2827 dii
1782 2785 2044 2828 vocamur
2065 2771 2135 2836 ",

545 2878 746 2941 quippe
779 2870 871 2939 qui
908 2868 1016 2923 hoc
1065 2867 1120 2922 in
1169 2866 1392 2922 Christo
1433 2865 1650 2920 simus:
1695 2864 1949 2921 Christus
1994 2866 2139 2919 enim

546 2963 693 3021 Deus
727 2970 833 3018 est.

1220 3071 1459 3129 ALIUD.

2226 1856 2345 1919 πῶς
2390 1855 2746 1926 παραλυτικῷ
2796 1854 2896 1925 τὴν
2940 1855 3155 1924 ὑγίειαν
3205 1856 3535 1927 ἐχαρίσατο;
3590 1857 3709 1921 πῶς
3752 1860 3818 1927 τῇ

2227 1948 2450 2018 γυναικὶ
2476 1951 2543 2020 τῇ
2573 1947 2883 2019 ἁμαρτωλῷ
2911 1948 3012 2009 τὰς
3046 1946 3321 2018 ἁμαρτίας
3361 1948 3548 2019 ἡφίεις
3588 1952 3822 2022 νεκροὺς

2222 2040 2286 2094 δὲ
2316 2039 2434 2104 πῶς
2464 2042 2690 2111 ἥγειρε;
2720 2038 2938 2108 τυφλῶν
2972 2038 3029 2091 δὲ
3054 2038 3170 2103 πῶς
3201 2039 3434 2109 ἀνέῳξεν
3462 2040 3813 2112 ὀφθαλμούς

2228 2131 2400 2201 Δῆλον
2448 2127 2544 2184 οὖν
2581 2130 2831 2185 ἐντεῦθέν
2876 2131 3050 2197 ἐστιν,
3096 2132 3177 2183 ὅτι
3221 2129 3316 2195 τὰς
3359 2130 3630 2204 ἀνθρώπῳ
3676 2150 3812 2204 πρε-

2231 2220 2441 2285 πούσας
2486 2221 2636 2290 λέγει
2685 2222 2891 2291 φωνὰς,
2950 2223 3049 2292 οὐχ
3096 2221 3187 2274 ὅτε
3222 2221 3391 2291 Λόγος
3432 2218 3502 2293 ἦν
3558 2222 3664 2293 πρδ
3710 2222 3810 2292 τῆς

2230 2310 2530 2383 ἐπιδημίας
2561 2312 2667 2378 ἔξω
2702 2314 2903 2385 σαρκός
2931 2328 2946 2343 ο
2976 2314 3092 2367 ἀλλ’
3126 2314 3217 2368 ὅτε
3249 2314 3468 2384 γέγονεν
3510 2314 3821 2385 ἅνθρωπος,

2234 2405 2314 2466 είς
2346 2404 2495 2475 ἡμᾶς
2532 2403 2715 2459 καλῶν
2739 2406 2837 2469 τὰς
2868 2406 3018 2477 παρὰ
3046 2406 3140 2461 τοῦ
3168 2406 3383 2479 Πατρὺς
3410 2407 3639 2482 δωρεάς.
3670 2406 3827 2461 Οὕτω

2234 2496 2343 2568 γὰρ
2374 2495 2647 2566 λεγόμεθα
2697 2497 2792 2551 καὶ
2823 2498 2976 2563 θείας
3020 2499 3237 2569 φύσεως
3270 2500 3525 2569 γενέσθαι
3556 2501 3827 2561 κοινωνοὶ,

2237 2588 2330 2644 τοῦ
2348 2590 2525 2659 Λόγου
2547 2590 2878 2661 φορέσαντος
2902 2593 3000 2663 τὴν
3026 2594 3058 2664 ἡ
3068 2593 3184 2663 μῶν
3215 2594 3568 2658 ταπείνωσιν,
3594 2591 3662 2646 ἶν’
3684 2594 3831 2664 ἡμᾶς

2239 2681 2495 2753 ἁναγάγῃ
2515 2682 2647 2752 πρὸς
2670 2683 2732 2736 τὸ
2766 2682 2899 2753 ὕψος
2926 2684 2985 2737 τὸ
3016 2684 3233 2751 ἐαυτοῦ,
3258 2686 3356 2757 οὐχ
3381 2686 3468 2740 ἵνα
3498 2686 3658 2759 μείνῃ
3683 2686 3834 2738 κάτω

2246 2770 2506 2842 καθάπερ
2551 2774 2737 2843 ἡμεῖς.
2771 2776 2870 2828 Διὰ
2914 2774 3025 2848 γὰρ
3069 2776 3228 2829 τοῦτο
3277 2778 3374 2829 καὶ
3414 2776 3695 2848 ἂνθρωποι
3735 2776 3832 2847 τὴν

2241 2862 2405 2931 φύσιν
2433 2864 2606 2931 δντες,
2638 2865 2754 2919 θεοὶ
2782 2868 3224 2940 χρηματίξομεν,
3248 2868 3326 2934 ὡς
3360 2868 3516 2931 ὄντες
3554 2870 3650 2922 καὶ
3679 2868 3827 2923 τοῦτο

2240 2955 2301 3007 ἐν
2341 2955 2592 3027 Χριστῷ⁸
2621 2956 2755 3021 Θεὸς
2783 2959 2891 3030 γὰρ
2918 2962 2946 3012 ό
2974 2961 3230 3031 Χριστός.

2936 3072 3141 3128 ΑΛΛΟ.

623 3167 683 3224 Si
719 3168 943 3224 humilia
972 3168 1223 3238 quaedam
1268 3167 1432 3222 verba
1461 3178 1581 3236 quae
1610 3164 1759 3219 carni
1792 3163 2130 3229 conveniunt,

2316 3159 2380 3213 Ei
2408 3160 2477 3215 τὰ
2503 3162 2602 3233 τῆς
2637 3162 2836 3233 σαρκὸς
2874 3164 3106 3217 ταπεινὰ
3146 3164 3373 3236 ῥήματα
3403 3167 3470 3238 τῇ
3498 3164 3715 3237 θεότητι
3742 3163 3833 3219 τοῦ

549 3261 795 3316 nonnulli
850 3260 1122 3314 divinitati
1160 3258 1324 3314 Verbi
1379 3259 1652 3314 ascribere
1684 3264 1990 3311 conantur:
2022 3272 2143 3312 curn

552 3352 793 3408 viderint
836 3351 1118 3406 Christum
1170 3365 1269 3421 per
1312 3364 1528 3405 carnem
1565 3350 1825 3405 miracula
1872 3350 2143 3414 edentem,

553 3442 684 3512 quid
722 3441 949 3497 dicent?
997 3441 1133 3495 Cum
1186 3440 1331 3495 enim
1381 3455 1449 3495 ex
1483 3441 1648 3495 saliva
1679 3450 1734 3496 et
1774 3451 1925 3495 terra
1970 3440 2144 3494 lutum

555 3532 909 3599 confecisset,
945 3546 1146 3588 caecum
1193 3546 1260 3587 eo
1294 3533 1508 3586 curavit
1539 3551 1553 3588 :
1582 3536 1806 3587 emensa
1846 3542 2035 3598 manu,
2070 3532 2147 3588 fe-

555 3634 812 3694 retroque
842 3634 986 3681 tacto
1014 3626 1191 3681 vidua:
1227 3625 1395 3680 ﬁlium
1445 3627 1786 3697 unigenitum
1825 3626 2145 3694 suscitavit;

557 3728 692 3770 voce
722 3715 887 3770 etiam
913 3730 1011 3785 per
1040 3730 1240 3785 corpus
1270 3714 1414 3770 edita
1438 3713 1713 3770 Lazarum
1745 3731 1774 3770 e
1797 3726 2150 3772 monumento

557 3806 827 3862 evocavit.
862 3800 995 3862 Haec
1028 3808 1171 3863 enim
1205 3808 1445 3878 prrestita
1480 3818 1609 3862 sont
1634 3823 1736 3878 per
1773 3823 2020 3876 carnem,
2056 3809 2150 3865 sed

557 3914 664 3954 non
718 3908 877 3954 erant
926 3913 1091 3971 opera
1140 3901 1345 3955 carnis.
1379 3901 1844 3968 Quemadmodum
1898 3901 2062 3971 igitur
2105 3903 2151 3958 si

554 4001 809 4048 naturam
844 3992 922 4048 rei
956 3991 1308 4063 aspiciamus,
1343 4007 1410 4050 ex
1432 3994 1743 4049 divinitatis
1776 3996 1824 4049 vi
1856 4009 1919 4050 ac
1950 3996 2152 4051 virtute

556 4098 783 4152 operum
832 4085 1169 4154 ‘ejuscemodi
1224 4094 1478 4141 eventum
1530 4087 1888 4153 aestimamus,
1937 4088 2150 4143 tametsi

559 4191 661 4246 per
695 4191 919 4230 carnem
953 4176 1095 4231 facta
1128 4178 1276 4231 sint:
1312 4179 1387 4231 ita
1421 4178 1637 4247 quando
1676 4184 1897 4249 propter
1932 4195 2151 4235 carnem

562 4266 860 4320 humanum
892 4266 1095 4335 aliquid
1140 4268 1293 4333 dicit,
1324 4284 1431 4323 non
1466 4270 1578 4323 Deo
1611 4269 1789 4326 Verbo
1817 4272 1870 4325 id
1909 4272 2152 4326 ascriba-

563 4372 728 4422 mus;
770 4358 863 4411 sed
894 4373 1015 4411 cum
1045 4358 1098 4410 id
1131 4372 1159 4410 a
1195 4358 1483 4412 divinitate
1518 4360 1753 4414 alienum
1794 4377 1915 4417 esse
1952 4363 2155 4418 videri-

2248 3249 2424 3319 Λόγου
2450 3253 2789 3323 προσάπτειν
2819 3254 3159 3325 ἐπιχειροῦσί
3184 3274 3351 3324 τινες,
3374 3258 3505 3312 ὅταν
3534 3258 3687 3312 ἴδωσι
3710 3258 3837 3312 θαυ-

2252 3344 2673 3414 ματουργοῦντα
2708 3347 2944 3418 Χριστὸν
2986 3348 3073 3403 διὰ
3121 3349 3223 3419 τῆς
3264 3352 3489 3422 σαρκὸς,
3537 3352 3590 3405 τί
3623 3352 3839 3424 ἐροῦσιν

2249 3433 2393 3506 ipa;
2424 3437 2642 3502 Πτύσας
2689 3434 2787 3509 μὲν
2832 3440 2943 3516 γὰρ
2989 3442 3084 3493 καὶ
3132 3443 3368 3515 ποιήσας
3414 3444 3607 3515 πηλὸν,
3652 3445 3842 3516 ἐθεράο

2250 3545 2419 3581 πευσε
2451 3529 2542 3584 τὸν
2567 3531 2766 3607 τυφλόν
2791 3549 2802 3560 ·
2843 3533 3090 3598 ἐκτείνας
3136 3534 3193 3587 δὲ
3236 3536 3339 3607 τὴν
3385 3539 3542 3609 χεῖρα
3569 3538 3665 3591 καὶ
3703 3539 3842 3608 ἁψά-

2255 3637 2414 3690 μενος
2448 3621 2551 3693 τῆς
2579 3622 2761 3695 σοροῦ,
2788 3625 2876 3678 τὸν
2909 3627 3176 3696 μονογενῆ
3206 3627 3308 3700 τῆς
3337 3630 3512 3702 χήρας
3542 3630 3837 3701 ἀνέστησεν

2253 3711 2399 3764 υίόνο
2451 3714 2633 3786 φωνὴν
2677 3715 2734 3767 δὲ
2786 3718 2945 3786 ἀφεὶς
2999 3719 3087 3773 διὰ
3134 3720 3228 3773 τοῦ
3268 3720 3543 3792 σώματος,
3591 3723 3703 3789 ἔξω
3749 3720 3834 3775 τοῦ

2258 3805 2537 3877 μνήματος
2588 3806 2814 3861 ἐκάλεσε
2863 3810 2954 3863 τὸν
3003 3811 3274 3885 Λάζαρον.
3343 3812 3534 3867 Ταῦτα
3585 3814 3686 3884 μὲν
3736 3813 3845 3883 γὰρ

2254 3896 2487 3951 ἐτελεῖτο
2520 3897 2607 3953 διὰ
2640 3899 2738 3971 τῆς
2773 3901 2995 3971 σαρκὸς,
3042 3903 3154 3957 ἀλλ’
3182 3904 3283 3957 οὑκ
3324 3899 3393 3975 ἦν
3439 3904 3580 3977 ἔργα
3616 3906 3843 3975 σαρκός.

2256 3986 2467 4059 Ὠσπερ
2493 3984 2586 4044 οὖν
2612 3990 2692 4054 είς
2717 3992 2817 4062 τὴν
2844 3992 3004 4062 φύσιν
3036 3994 3132 4047 τοῦ
3164 3996 3491 4066 πράγματος
3532 3995 3845 4066 βλέποντες,

2255 4082 2320 4151 τῇ
2336 4080 2562 4153 δυνάμει
2575 4082 2674 4153 τῆς
2692 4084 2945 4157 θεότητος
2969 4084 3068 4158 τὴν
3085 4087 3192 4141 τῶν
3206 4089 3670 4159 ἀποτελεσμάτων
3687 4089 3854 4142 ἐκϐα-

2259 4189 2342 4227 σιν
2369 4172 2718 4246 λογιζόμεθα,
2750 4180 2797 4231 εί
2824 4178 2919 4231 καὶ
2948 4178 3036 4231 διὰ
3064 4182 3163 4250 τῆς
3188 4182 3389 4252 σαρκὸς
3414 4182 3645 4249 ἐγένετο·
3674 4181 3855 4245 οὕτως

2255 4260 2386 4315 ὅταν
2402 4261 2488 4315 διὰ
2501 4262 2599 4334 τὴν
2620 4265 2796 4335 σάρκα
2822 4265 2956 4340 λέγῃ
2971 4285 3021 4320 τι
3048 4268 3144 4321 καὶ
3156 4270 3518 4341 ἀνθρώπινον,
3533 4272 3605 4341 μὴ
3624 4271 3701 4341 τῷ
3726 4272 3857 4342 Θεῷ

2257 4352 2415 4423 Λόγῳ
2453 4355 2610 4408 τοῦτο
2652 4359 3077 4431 προσάπτωμεν,
3105 4361 3242 4415 ἀλλὰ
3273 4363 3373 4433 τῆς
3402 4364 3648 4432 θεότητος
3685 4363 3857 4418 ἀλλό-

566 4460 710 4515 mus,
745 4446 812 4498 ad
848 4460 1071 4499 carnem
1106 4445 1430 4500 referamus.
1459 4447 1535 4503 lta
1569 4451 1711 4527 enim
1747 4450 1958 4520 singula
1988 4453 2124 4521 ipsiu

2261 4463 2410 4517 τριον
2439 4448 2673 4519 ὁρῶντες
2714 4452 2867 4518 αὐτὸ,
2911 4455 3167 4526 φέρωμεν
3198 4456 3290 4509 ἐπὶ
3315 4458 3418 4528 τὴν
3460 4458 3657 4529 σάρκα.
3690 4458 3856 4512 Οὕτω

564 4535 708 4590 facta
743 4536 830 4590 vel
880 4535 1024 4591 dicta
1074 4537 1127 4591 in
1179 4550 1335 4590 suum
1377 4536 1555 4591 locum
1598 4539 1918 4607 referentes,
1968 4557 2130 4597 veran

2262 4539 2371 4607 γὰρ
2415 4539 2644 4593 ἕκαστον
2690 4542 2799 4596 τῶν
2844 4545 3147 4615 γινομένων
3189 4548 3308 4617 ἦτοι
3362 4548 3672 4618 λεγομένων
3721 4550 3857 4619 παρ’

566 4627 900 4697 minimeque
932 4628 1219 4683 erroneam
1251 4624 1561 4685 Se’rvatoris
1589 4632 1756 4687 nostri
1788 4634 2152 4704 cognitionem

560 4733 988 4790 consequemur.

1081 4924 1315 4992 ALIUD,
1345 4929 1629 4982 narratioe.

634 5016 803 5073 Sacra
887 5015 1174 5088 Scriptura
1239 5034 1406 5074 unum
1486 5018 1763 5075 Christum
1839 5023 2150 5089 pradicat:

2262 4629 2448 4696 αὐτοῦ,
2499 4629 2688 4702 ὥσπερ
2736 4634 2794 4686 ἐν
2834 4634 2914 4705 τῷ
2962 4635 3077 4706 ἰδίῳ
3130 4637 3280 4707 τόπῳ
3333 4638 3597 4703 τιθέντες,
3638 4637 3856 4709 ἀπλανῆ

2261 4719 2360 4791 τὴν
2410 4722 2540 4791 περὶ
2571 4723 2666 4776 τοῦ
2714 4718 2968 4798 Σωτῆρος
3015 4727 3173 4798 ἡμῶν
3201 4728 3404 4797 γνῶσιν
3445 4729 3664 4801 ἔχοντες
3704 4729 3861 4801 εὑρι-

2264 4812 2525 4884 σκόμεθα.

2420 4910 2425 4913 1
2695 4932 2882 4988 ΑΛΛΟ
2900 4975 2914 4999 ,
2956 4934 3421 5005 διηγηματικῶς.

2338 5021 2477 5075 Ἕνα
2506 5022 2741 5093 Χριστὸν
2767 5025 3131 5095 κηρύττουσιν
3157 5029 3212 5079 αἱ
3244 5025 3385 5080 θεῖαι
3423 5026 3463 5079 Γ
3468 5025 3639 5097 ραιραί
3659 5041 3672 5054 '
3703 5044 3722 5078 ι
3755 5018 3859 5089 Εἷς

566 5126 588 5160 ‹
620 5107 773 5165 Unus
817 5111 962 5166 enim
1015 5113 1155 5167 Deus
1198 5110 1381 5178 Pater,
1419 5121 1474 5167 et
1523 5124 1664 5169 unus
1696 5113 1960 5171 Dominus
1996 5115 2130 5171 Iesu

2262 5112 2373 5185 γὰρ
2396 5114 2532 5179 Θεὸς
2552 5118 2580 5170 ό
2601 5116 2815 5189 Πατὴρ,
2849 5119 2943 5172 καὶ
2965 5113 3046 5181 εἷς
3066 5117 3271 5189 Κύριος
3304 5117 3513 5189 Ἰησοῦς
3539 5114 3803 5190 Χριστός.
3833 5135 3853 5168 ι

564 5201 822 5258 Christus
845 5204 914 5258 ³⁸.
959 5222 979 5256 ι
1039 5204 1175 5260 Nam
1244 5220 1311 5260 ex
1387 5206 1640 5273 operibus
1698 5221 1820 5277 quae
1882 5209 1984 5263 soli
2042 5209 2130 5264 Det

2276 5208 2409 5261 Ἀπὸ
2436 5209 2537 5280 μὲν
2562 5209 2673 5282 γὰρ
2698 5210 2808 5264 τῶν
2844 5210 3022 5281 ἔργων
3051 5211 3181 5277 τῶν,
3218 5211 3319 5265 ὃσα
3344 5210 3547 5281 πρέπει
3594 5210 3743 5281 μόνῳ
3774 5206 3859 5277 τῷ

566 5295 924 5361 conveniunt,
974 5294 1117 5351 Deus
1155 5296 1525 5366 cognoscitur.
1557 5296 1694 5351 Cum
1739 5297 1885 5352 enim
1916 5296 2130 5353 Verbun

2262 5302 2402 5372 Θεῷ,
2438 5303 2765 5374 γνωρίζεται
2797 5305 2950 5369 Θεός.
3010 5304 3230 5377 Ἐπειδὴ
3278 5305 3334 5358 δὲ
3380 5304 3563 5375 σάρκα
3592 5300 3858 5372 γεγονότι

564 5399 694 5441 caro
727 5385 953 5456 factum,
992 5397 1050 5443 ut
1072 5388 1337 5456 scripturn
1366 5396 1453 5443 est
1474 5388 1542 5453 ⁸⁷,
1566 5388 1737 5446 homo
1766 5404 1981 5462 quoque
2007 5406 2130 5447 cern

2261 5392 2357 5448 τὸν
2382 5395 2575 5463 Λόγον,
2605 5395 2749 5455 καθὰ
2788 5399 3124 5468 γέγραπται,
3159 5397 3239 5450 δεῖ
3274 5395 3370 5450 καὶ
3396 5394 3686 5468 ἄνθρωπον
3727 5392 3859 5463 φαι-

641 5564 885 5641 “LCor.
920 5579 982 5627 ιι,
1021 5563 1074 5641 §_.
1112 5561 1545 5641 __‘-7_|larc.__vm,
1757 5565 2030 5641 ‘_’__Ma_tth.
2072 5582 2126 5631 ι,
2149 5568 2231 5641 8.Δ
2280 5569 2326 5601 ³⁸
2360 5568 2549 5625 Matth.
2585 5573 2881 5638 “,22-28.
2958 5575 3003 5607 ”
3030 5573 3222 5629 Matth.
3250 5571 3383 5635 rx,2
3416 5580 3570 5641 Seqq.

576 5634 769 5710 χιιι-5]
799 5650 952 5702 seqq.
994 5632 1075 5710 _"'
1110 5632 1477 5710 ibid._H—I7;
1521 5650 1637 5710 vni,
1671 5634 1873 5710 ἠμί-ᾆδε
1914 5636 2069 5692 Joan.
2104 5654 2179 5699 xi,
2216 5638 2235 5692 Ι
2273 5655 2425 5710 seqq.

571 5704 618 5738 ¹⁶
656 5704 696 5761 ll
732 5700 952 5771 Petrii,
980 5703 1037 5760 4.
1114 5702 1159 5782 ξ’
1198 5700 1407 5760 lJoan.
1448 5720 1529 5776 ιιι,
1566 5705 1620 5761 i.

3655 5567 3698 5603 "'
3719 5568 3857 5624 Luc.

1666 5602 1678 5618 .
1757 5568 1801 5597 ⁸⁸
1841 5568 2030 5624 Matth.
2072 5582 2126 5631 ι,

1671 5634 1873 5699 “~56;
1914 5636 2069 5692 Joan.
2104 5654 2130 5692 l

1666 5706 1745 5799 λη
1774 5706 1793 5761 l
1826 5707 1960 5764 Cor.
1995 5722 2108 5777 vm,

2280 5569 2326 5601 "
2360 5568 2549 5625 Matth.
2585 5573 2881 5638 “,22-28.
2958 5575 3003 5607 ”
3030 5573 3222 5629 Matth.
3250 5571 3383 5635 rx,2
3416 5580 3570 5641 Seqq.
3655 5568 3857 5627 "Luc.

2273 5655 2481 5769 $32.3"
2538 5643 2582 5769 Τ
2617 5644 2808 5769 lilium.
2852 5662 2943 5715 xx,
2984 5647 3055 5703 50
3080 5660 3278 5719 seqq.;
3316 5642 3472 5700 Joan-
3519 5659 3599 5711 η,
3641 5644 3858 5713 ima-
