4074 6266
433 344 559 406 ’τοις

1447 353 1505 406 S.
1546 343 1820 406 αγιιιιιι
1863 343 2343 409 ALEXANDRINI
2379 343 2697 410 ARCHiEP.

3582 356 3690 411 396

451 474 774 537 repugnant,
806 467 1122 534 dictumque
1168 465 1217 519 in
1272 465 1428 519 aliam
1475 464 1796 518 sententiam
1841 465 2026 519 detoro

2139 488 2206 524 rw
2235 471 2504 536 ἀϐούλως,
2537 472 2630 525 καὶ
2659 473 2958 543 πειρῶνται
2991 469 3051 522 τὸ
3075 469 3461 540 εἰρημένονείς
3494 469 3688 542 ἐτέρας

453 573 622 628 quere
682 569 984 622 conantur,
1040 573 1144 612 non
1204 559 1502 612 tribuentes
1558 553 1696 609 Filio
1756 557 1897 625 quod
1959 557 2028 610 sit

453 665 619 706 unum
653 665 775 705 cum
809 649 990 714 Patre,
1019 649 1114 704 sed
1153 648 1204 701 id
1230 646 1371 717 quod
1407 657 1554 701 recte
1583 647 1914 716 pulchreque
1943 647 2027 701 di-

448 751 600 797 ctum
633 750 720 796 est
764 739 1066 795 convellere
1101 744 1382 791 conantes.
1421 734 1656 790 ltursum
1689 735 2028 789 invenientes

453 835 510 888 in
549 832 878 903 Evangeliis,
913 841 1247 900 quaecunque
1294 838 1356 881 ut
1411 827 1571 882 homo
1613 835 1708 881 aut
1744 826 1900 890 dixit,
1936 834 2031 879 aut

459 924 609 991 .‘ecit,
639 923 892 979 nimirum
921 921 1061 990 quod
1087 918 1248 982 ﬁerit,
1279 928 1372 972 aut
1400 932 1637 972 matrore
1666 916 1888 972 aﬂ‘eclus
1913 915 2028 971 i‘ue-

455 1018 548 1082 rit,
583 1015 797 1084 aliaque
839 1012 925 1067 his
955 1010 1175 1078 similia,
1211 1026 1316 1065 non
1353 1010 1589 1064 referunt
1622 1011 1690 1066 ad
1718 1009 2028 1065 humanita-

455 1122 586 1175 tem,
642 1107 736 1162 sed
769 1104 930 1176 232
957 1103 1134 1160 Verbo
1168 1103 1256 1158 illa
1306 1103 1667 1167 ascribentes,
1721 1117 1789 1158 ex
1837 1101 1905 1156 iis
1933 1101 2030 1156 de-

455 1206 759 1257 monstrare
805 1199 1053 1253 nituntur
1079 1212 1184 1252 non
1229 1211 1351 1252 esse
1379 1195 1545 1250 Deum
1575 1194 1666 1265 qui
1705 1194 1818 1248 haec
1843 1191 2032 1248 fecerit

453 1305 509 1349 et
533 1306 724 1364 passus
755 1290 938 1354 fuerit,
981 1290 1115 1344 adeo
1160 1299 1221 1343 ut
1253 1296 1310 1344 ct
1336 1289 1509 1357 ipsum
1556 1286 1822 1340 creaturis
1858 1298 2030 1338 annu-

456 1392 688 1448 merent,
743 1397 867 1439 cum
910 1392 1099 1436 earum
1141 1381 1214 1436 sit
1258 1389 1493 1435 creator.
1540 1377 1645 1430 Aut
1695 1390 1825 1445 ergo
1871 1375 2029 1430 attri-

453 1478 606 1534 buite
641 1475 783 1531 Filio
805 1475 947 1544 quod
980 1475 1053 1528 sit
1089 1487 1228 1527 unus
1256 1487 1378 1526 cum
1412 1470 1591 1535 Patre,
1626 1475 1721 1522 aut
1747 1475 1895 1521 certe
1924 1479 2029 1520 non

455 1569 745 1628 invenietis
787 1566 1024 1623 Verbum
1071 1565 1214 1635 quod
1268 1563 1409 1618 Patri
1459 1561 1665 1633 aequale
1700 1571 1784 1616 est
1819 1576 1914 1632 per
1947 1575 2028 1625 se,

445 1671 725 1733 quatenus
757 1657 994 1712 Verbum
1028 1663 1136 1719 est,
1185 1652 1334 1716 ﬂere,
1372 1661 1467 1707 aut
1501 1664 1736 1706 maerore
1771 1649 1855 1704 vel
1885 1657 2032 1703 metu

2122 563 2435 635 περιέλκειν
2461 564 2696 627 ἐννοίας,
2725 563 2825 616 οὐκ
2865 560 3209 624 ἀποδιδόντες
3236 560 3316 632 τῷ
3363 559 3479 630 Υίῷ
3526 562 3588 616 τδ
3630 562 3690 616 ἓν

2123 649 2265 710 εἶναι
2295 653 2509 726 Πατρδς
2529 651 2710 726 (πρὸς)
2739 654 2830 707 τὸν
2855 653 3100 724 Πατέρα,
3133 651 3270 706 ἀλλὰ
3312 652 3374 705 τὸ
3428 653 3609 718 καλῶς
3634 671 3694 707 τε

2124 746 2216 800 καί
2242 745 2423 817 ὀρθῶς
2450 744 2747 816 εἰρημένον
2804 745 3209 817 ἐπιχειροῦντες
3239 742 3566 816 παραλύειν.
3595 745 3699 798 Εὑ-

2126 835 2407 908 ρίσκοντες
2442 835 2499 888 δὲ
2527 834 2690 889 πάλιν
2713 837 2773 889 ἐν
2821 837 2935 900 τοῖς
2992 835 3349 905 Εὑαγγελίοις
3386 835 3455 888 τὰ
3487 835 3697 907 ὅσαπερ

2125 926 2201 988 ὡς
2237 917 2524 995 ἅνθρωπος
2613 925 2880 978 πέπονθεν
2919 926 2950 996 ἢ
3005 925 3099 978 καὶ
3144 923 3384 997 εἰρηκὼς
3421 923 3697 994 φαίνεται,

2125 1012 2239 1072 οἷον
2267 1016 2328 1069 τὸ
2344 1016 2609 1070 ἐκλαύσεν
2631 1017 2663 1088 ἢ
2686 1017 2780 1070 καὶ
2801 1015 3070 1087 ἐλυπήθη,
3095 1016 3191 1070 καὶ
3208 1015 3277 1068 τὰ
3295 1014 3505 1079 τούτοις
3515 1015 3700 1086 ὅμοια,

2127 1109 2189 1163 οὑ
2225 1110 2482 1180 φέρουσιν
2533 1108 2628 1162 ἐπὶ
2660 1107 2760 1180 τὴν
2803 1107 3223 1180 ἀνθρωπότητα,
3257 1107 3372 1160 ἀλλ’
3407 1106 3571 1172 εὐθὺς
3624 1109 3705 1178 τῷ

2128 1203 2287 1274 Λόγῳ
2316 1201 2490 1256 ταῦτα
2521 1201 2951 1272 προσάπτοντες,
2986 1199 3260 1266 ἀπόδειξιν
3305 1199 3584 1254 ποιοῦνται
3610 1201 3704 1254 τοῦ

2134 1294 2209 1366 μὴ
2236 1291 2374 1348 εἶναι
2405 1293 2538 1347 Θεὸν
2561 1293 2651 1348 τὸν
2685 1293 2860 1346 ταῦτα
2886 1291 3195 1346 πεπονθότα
3212 1289 3395 1345 ’ὥστε
3424 1294 3522 1347 καὶ
3544 1293 3706 1347 αὐτὸν

2133 1383 2584 1455 συναριθμεῖσθαι
2614 1385 2680 1455 τῇ
2721 1383 2919 1448 κτίσει,
2953 1382 3045 1437 τὸν
3062 1382 3266 1451 ταύτης
3297 1381 3427 1436 ὄντα
3452 1385 3707 1452 ποιητήν.

2133 1468 2209 1528 ’Ἲί
2238 1475 2421 1531 τοίνυν
2449 1475 2646 1539 ἀπόδος
2659 1475 2736 1545 τῷ
2755 1475 2869 1546 Υἰῴ
2885 1474 2945 1528 τὸ
2974 1473 3030 1528 ἓν
3048 1470 3340 1544 εἶναιπρὸς
3357 1474 3450 1528 τὸν
3467 1456 3707 1545 Πατέρα,

2138 1568 2232 1620 καὶ
2256 1565 2354 1637 οὑχ
2372 1566 2626 1638 εὑρήσεις
2647 1566 2737 1619 τὸν
2777 1567 2834 1620 ἐν
2867 1566 3070 1635 ἰσότητι
3093 1565 3185 1618 τοῦ
3207 1561 3429 1636 Πατρὸς
3460 1566 3591 1620 ὄντα
3609 1567 3710 1619 Λό-

2139 1676 2234 1727 γον
2275 1657 2397 1712 καθ’
2426 1658 2640 1724 ἑαυτὸν,
2737 1658 2910 1727 Λόγος
2939 1658 3077 1722 ἐστὶ,
3110 1657 3367 1711 κλαίοντα
3393 1657 3715 1729 ἧλυπούμε-

456 1752 615 1818 alllci,
666 1758 783 1816 aut,
823 1749 867 1802 si
919 1761 1025 1801 non
1073 1745 1295 1801 creditis
1352 1743 1554 1799 dicenti
1606 1741 1704 1812 ipsi
1761 1741 1902 1811 quod
1962 1738 2032 1795 sit

2144 1768 2254 1811 νον,
2287 1750 2320 1820 ἢ
2347 1748 2499 1820 φόϐῳ
2531 1748 2863 1822 βαλλόμενον
2884 1766 2899 1781 ·
2930 1749 2964 1820 ἢ
2995 1749 3045 1801 εἰ
3075 1748 3149 1820 μὴ
3173 1749 3452 1814 πιστεύεις
3503 1746 3713 1819 λέγοντι

444 1858 620 1900 unum
670 1815 794 1896 cum
839 1839 1020 1902 Patro,
1075 1851 1142 1892 ne
1191 1837 1295 1892 hoc
1333 1835 1552 1905 quidem
1602 1833 1861 1897 credatis,
1909 1846 2030 1886 cum

2145 1815 2320 1913 αὐτῷ,
2344 1815 2613 1912 ῦτιπερῖέν
2643 1815 2762 1895 ἐστι
2780 1841 2916 1911 πρὸς
2934 1815 3026 1894 τὸν
3052 1815 3247 1895 ἑαυτοῦ
3295 1841 3539 1912 Πατέρα,
3580 1815 3716 1912 μηδὲ

453 1934 586 1991 dicit
617 1947 676 1988 se
708 1928 912 1985 tristari
947 1945 962 1982 :
997 1936 1160 1996 atque
1195 1927 1268 1981 ita
1312 1923 1606 1980 incredulis
1634 1921 1834 1978 Iudaeis
1858 1920 2030 1976 ascri-

439 2025 680 2088 ‘bemini,
715 2020 852 2078 nihil
881 2018 1104 2074 omnino
1131 2032 1321 2073 eorum
1347 2031 1466 2088 quae
1494 2015 1560 2070 de
1592 2015 1882 2070 Servatore
1905 2013 2032 2068 scri-

455 2129 544 2191 pta
571 2125 716 2181 sunt,
755 2112 1096 2181 recipientes.

1127 2221 1354 2278 ALIUD.

531 2343 727 2398 Paulus
795 2337 988 2392 alicubi
1043 2334 1178 2389 dicit
1225 2332 1292 2387 de
1342 2329 1477 2385 Filio
1533 2331 1624 2388 Dei
1676 2342 1688 2385 ξ
1738 2350 1755 2381 ι
1815 2329 1916 2395 Qui
1979 2325 2031 2382 in

433 2439 629 2490 Jnrma
658 2431 839 2487 Patris
869 2428 1165 2487 exsislcns,
1194 2439 1302 2477 non
1329 2424 1573 2493 rapinam
1608 2422 1904 2477 arbitratus
1950 2429 2034 2473 est

457 2544 517 2580 se
575 2538 694 2578 esse
761 2517 1022 2589 {aqualem
1085 2514 1234 2581 Deo,
1314 2513 1406 2566 sed
1477 2513 1716 2580 seipsum
1788 2511 2033 2565 exinani-

460 2619 556 2680 vit,
616 2613 785 2667 forma
835 2607 975 2664 servi
1027 2615 1270 2674 accepta,
1312 2613 1367 2656 et
1427 2603 1613 2657 habitu
1666 2603 1918 2657 inventus
1977 2610 2035 2655 ut

439 2706 710 2763 immo”.
745 2723 761 2753 ι
804 2701 1039 2756 Verbum
1077 2698 1260 2766 itaque
1309 2694 1402 2748 Dei
1457 2693 1654 2748 factum
1695 2703 1780 2747 est
1826 2693 2030 2748 homo:

437 2811 634 2867 araque
657 2795 802 2850 enim
837 2790 1062 2845 immisit
1097 2803 1157 2842 se
1193 2787 1245 2840 in
1273 2784 1567 2849 hominem,
1605 2793 1660 2837 ιιι
1700 2785 1752 2837 in
1795 2785 2034 2854 prophe-

464 2893 556 2954 tis,
592 2888 686 2942 sed
704 2899 906 2939 revera
928 2881 979 2936 id
1011 2879 1187 2933 lactus
1220 2885 1304 2931 est
1329 2875 1471 2944 quod
1509 2890 1629 2936 nos,
1664 2886 1890 2944 excepto
1921 2877 2034 2928 snln

435 2989 707 3051 ~‘peccato.
731 2975 838 3030 Est
872 2972 1035 3041 igitur
1065 2970 1230 3031 Deus,
1267 2975 1532 3035 quatenus
1562 2974 1645 3019 est
1671 2965 1902 3019 Verbum
1938 2963 2035 3016 Pa-

463 3072 581 3135 tris,
613 3079 668 3124 et
700 3064 1004 3137 praprietas
1032 3059 1280 3114 essentia:
1320 3057 1471 3127 ejus;
1522 3057 1681 3109 homo
1720 3072 1870 3120 vero,
1905 3072 2036 3124 qua-

2147 1935 2228 1988 ὅτι
2252 1933 2552 2004 λελύπηται
2598 1931 2814 2002 λέγοντι
2867 1932 3168 2005 πιστεύσῃς
3197 1948 3210 1962 ·
3250 1934 3346 1986 καὶ
3394 1933 3568 1996 οῦτως
3615 1933 3715 2004 ἔσῃ

2151 2026 2290 2097 μετά
2323 2025 2434 2080 τῶν
2465 2024 2714 2078 ἀπίστων
2765 2024 3060 2092 Ἰουδαίων,
3089 2023 3243 2080 οὐδὲν
3270 2023 3402 2090 ὅλως
3425 2025 3538 2079 τῶν
3560 2027 3714 2097 παρά

2150 2119 2248 2174 τοῦ
2290 2120 2541 2190 Σωτῆρος
2583 2118 2891 2190 εἰρημένων
2912 2117 3225 2188 δεχόμενος.

2813 2225 3019 2280 ΑΛΛυ.

2205 2343 2364 2414 Λέγει
2418 2360 2518 2396 που
2566 2341 2776 2404 Παῦλος
2806 2337 2934 2412 περί
2965 2337 3058 2392 τοῦ
3089 2327 3220 2391 Υἰοῦ
3250 2335 3342 2391 τοῦ
3371 2335 3530 2391 Θεοῦ’
3571 2327 3705 2403 (Ὃς

2134 2439 2191 2490 ὲν
2219 2439 2398 2508 μορφῇ
2426 2433 2562 2488 Θεοῦ
2591 2433 2873 2502 ὑπάρχων,
2905 2431 3004 2502 οὑχ
3044 2429 3337 2502 ἁρπαγμὸν
3377 2429 3623 2501 ἡγήσατο
3649 2428 3712 2481 τὺ

2135 2525 2273 2582 εἶναι
2316 2526 2408 2581 ῐσα
2441 2524 2578 2596 Θεῷ,
2614 2523 2730 2578 ἀλλ’
2756 2521 2948 2576 ἑαυτὸν
2974 2521 3229 2588 ὲκένωσε,
3263 2519 3478 2592 μορφὴν
3523 2519 3714 2572 δούλου

2135 2618 2336 2682 λαϐὼν,
2367 2619 2461 2673 καὶ
2488 2619 2726 2688 σχήματι
2756 2614 2998 2686 εὑρεθεὶς
3023 2613 3096 2677 ὡς
3123 2612 3460 2682 ἄνθρωπος.»
3489 2612 3716 2681 Γέγονεν

2135 2707 2227 2764 οῦν
2251 2710 2533 2780 ἄνθρωπος
2565 2711 2592 2761 ὁ
2618 2705 2710 2760 τοῦ
2743 2705 2878 2759 Θεοῦ
2911 2705 3082 2774 Λόγος
3104 2721 3118 2736 ·
3165 2704 3264 2757 οὑκ
3317 2705 3396 2767 εἰς
3429 2703 3716 2774 ἄνθρωπον

2133 2794 2320 2869 ἦλθεν,
2353 2797 2541 2861 ὥσπερ
2573 2797 2628 2849 ὲν
2674 2797 2787 2860 τοῖς
2839 2795 3148 2867 προφήταις
3172 2810 3185 2823 ’
3221 2793 3335 2846 ἀλλ’
3365 2792 3540 2869 ὅντως⁸
3562 2791 3721 2845 τοῦτο

2136 2865 2358 2953 γέγονεν
2384 2884 2520 2955 ὅπερ
2552 2884 2645 2937 καὶ
2673 2883 2854 2953 ἡμεῖς,
2877 2865 2999 2953 δίχα
3027 2881 3195 2952 μόνης
3225 2865 3719 2952 ἀμαρτίαςέἘτὶίν

2137 2971 2227 3030 οῦν
2263 2975 2394 3039 Θεὸς
2450 2975 2566 3045 μὲν,
2685 2973 2858 3042 Λόγος
2905 2973 3022 3026 ἐστὶ
3068 2971 3163 3025 τοῦ
3215 2972 3450 3043 Πατρὸς,
3481 2972 3575 3025 καὶ
3623 2972 3719 3042 τῆς

2137 3064 2324 3131 οὐσίας
2379 3065 2542 3120 αὑτοῦ
2593 3065 2652 3119 τὸ
2701 3065 2865 3119 ἴδιον·
2897 3063 3184 3136 ἄνθρωπος
3227 3062 3306 3126 δὲ,
3341 3062 3476 3117 καθὸ
3529 3063 3718 3130 γέγονε

447 3171 619 3214 "tenus
658 3155 832 3210 factus
877 3160 963 3206 est
1007 3161 1158 3208 caro,
1205 3146 1344 3200 sicut
1381 3142 1641 3211 scriptum
1678 3152 1780 3207 ρει,
1825 3151 1880 3195 et
1934 3156 2032 3194 no-

2141 3157 2298 3229 σάρξ,
2351 3156 2426 3219 ὡς
2475 3156 2824 3227 γέγραπται,
2873 3155 2969 3207 καὶ
3012 3153 3110 3226 τὴν
3162 3146 3322 3224 ἡμῶν
3370 3152 3722 3224 περιεϐάλετο

449 3262 631 3305 stram
658 3258 888 3300 deat-nem
919 3239 1234 3306 assumpsit.
1280 3235 1415 3290 Cum
1450 3235 1630 3303 itaque
1659 3233 1742 3287 his
1785 3233 2031 3287 terminis

443 3340 595 3392 dides
617 3337 682 3389 de
727 3333 1020 3386 Servatore
1055 3339 1238 3382 nostro
1289 3324 1506 3379 Christo
1545 3323 1853 3387 deliniatnr,
1915 3323 2030 3377 diss

443 3433 755 3481 “cernantur
791 3409 930 3473 dicta
977 3432 1096 3486 quae
1119 3417 1182 3468 ad
1211 3430 1334 3469 eum
1359 3414 1629 3482 pertinent
1655 3414 2034 3467 convenienter

462 3515 681 3571 rationi.
734 3511 800 3566 Et
843 3525 966 3564 cum
1003 3507 1202 3561 audis:
1242 3524 1259 3556 ι
1291 3505 1400 3576 Ego
1434 3515 1489 3561 et
1539 3503 1695 3558 Pater
1734 3519 1897 3558 unum
1943 3517 2034 3556 ευ-

465 3624 604 3671 mus,
637 3625 655 3656 ι
693 3605 757 3658 ad
787 3601 956 3657 solum
983 3599 1104 3654 Filii
1140 3609 1192 3653 et
1222 3597 1401 3652 Patris
1433 3597 1770 3651 divinitatem
1801 3595 2031 3665 respice,

454 3709 516 3752 et
557 3699 722 3751 Deum
751 3691 927 3761 cogita
957 3688 1154 3743 Filium
1196 3703 1260 3743 ex
1291 3686 1528 3741 essentia
1559 3685 1737 3739 Patris
1769 3686 2030 3754 genitum.

462 3787 564 3844 Ubi
594 3799 720 3839 vero
754 3780 991 3835 audieris
1019 3793 1142 3833 eum
1187 3777 1419 3840 ﬂevisse,
1457 3782 1511 3829 et
1537 3789 1774 3829 mmrore
1796 3788 1859 3828 ac
1888 3782 2035 3827 metu

461 3876 710 3932 allectum
737 3873 933 3936 fuisse,
987 3881 1183 3940 prteter
1213 3871 1262 3924 id
1291 3869 1439 3938 quod
1473 3865 1638 3922 fuerit
1669 3866 1833 3932 Deus,
1865 3865 2036 3920 homi-

448 3985 580 4023 nem
636 3981 854 4038 quoque
902 3964 1067 4018 luisse
1112 3961 1406 4029 intelligas,
1457 3969 1512 4015 et
1563 3960 1742 4020 tribue
1788 3959 2037 4013 humanre

461 4071 668 4115 natura:
712 4068 832 4126 (tum
879 4055 954 4109 illi
1004 4053 1290 4108 debentur.
1335 4050 1470 4106 Cum
1517 4050 1662 4105 enim
1710 4047 1937 4105 mortale
1982 4056 2038 4102 et

462 4150 811 4220 rnrruptibile
857 4162 1057 4217 corpus
1104 4146 1436 4214 assumpsit,
1489 4152 1544 4198 et
1597 4142 1860 4212 ejusmodi
1904 4139 2038 4196 ειπε-

458 4243 732 4297 rtionibns
783 4237 1116 4303 obnoxium,
1171 4235 1483 4292 necessario
1535 4235 1700 4289 etiam
1755 4248 1860 4288 una
1913 4247 2036 4288 cum

452 4346 624 4388 tante
673 4330 790 4398 eius
822 4329 1184 4397 proprietates
1217 4336 1270 4381 et
1299 4327 1584 4395 passiones
1612 4327 1668 4378 in
1705 4340 1763 4380 se
1793 4324 1991 4393 recipit
2019 4341 2032 4378 :

463 4438 597 4493 «ptas
642 4436 766 4476 cum
816 4434 945 4475 caro
995 4417 1296 4483 sustineat,
1339 4418 1456 4486 ipse
1517 4429 1610 4471 eas
1653 4417 1924 4472 sustinere
1973 4430 2038 4471 ac

2143 3247 2514 3318 σάρκα.⁶’()ρον
2550 3242 2642 3299 οῦν
2692 3243 2924 3315 ἐχούσης
2971 3244 3160 3297 τοῦτον
3199 3244 3300 3315 τῆς
3349 3241 3588 3306 πίστεως
3626 3243 3722 3312 τῆς

2141 3352 2206 3393 πε
2219 3340 2271 3412 pi
2297 3338 2391 3392 τοῦ
2422 3339 2671 3410 Σωτῆρος
2695 3335 2850 3408 ἡμῶν
2882 3333 3138 3405 Χριστοῦ,
3169 3332 3634 3404 διακρινέσθωσαν
3662 3335 3718 3386 αἰ

2141 3433 2270 3504 περί
2291 3429 2454 3484 αὑτοῦ
2482 3428 2657 3496 φωναὶ
2681 3426 2820 3480 κατά
2851 3427 2941 3479 τὸν
2971 3425 3126 3494 λόγον
3159 3424 3251 3478 τὸν
3279 3423 3577 3503 πρέποντα.
3603 3423 3722 3476 Κᾶν

2141 3499 2409 3589 ἀκούσῃς⁸
2461 3533 2479 3567 ι
2501 3513 2643 3584 Ἐγὼ
2675 3514 2769 3568 καὶ
2801 3516 2829 3566 ὁ
2873 3507 3062 3582 Πατὴρ
3089 3504 3148 3565 ἓν
3177 3506 3366 3581 ἐσμεν,
3395 3526 3437 3564 ι
3460 3499 3594 3582 μίαν
3624 3511 3724 3582 ὅρα

2140 3608 2238 3678 τὴν
2262 3607 2492 3676 θεότητα
2515 3605 2608 3658 τοῦ
2631 3603 2760 3658 Υἱοῦ
2785 3605 2878 3658 καλ⁸
2905 3603 3000 3657 τοῦ
3031 3603 3264 3674 Πατρὸς,
3283 3604 3378 3656 καὶ
3399 3602 3532 3657 Θεὸν
3554 3603 3724 3657 ἐννόει

2141 3699 2231 3752 τδν
2258 3696 2387 3749 Υἰδν
2415 3697 2476 3749 ἐκ
2503 3695 2602 3766 τῆς
2633 3695 2820 3758 οὐσίας
2845 3694 2974 3748 ὄντα
3003 3693 3096 3746 τοῦ
3125 3693 3357 3765 Πατρός.
3376 3693 3502 3746 Ἐὰν
3527 3692 3585 3746 δὲ
3615 3694 3725 3747 πά-

2143 3787 2227 3841 λιν
2279 3787 2518 3856 ἀκούσῃς
2562 3786 2690 3855 περὶ
2736 3783 2925 3848 αὑτοῦ,
2953 3785 3034 3837 ὅτι
3071 3783 3300 3835 έκλαυσε
3332 3782 3426 3837 καὶ
3453 3782 3724 3854 ἐλυπήθη,

2142 3881 2237 3934 καὶ
2293 3877 2555 3949 ἐπτοήθη,
2591 3877 2685 3930 καὶ
2734 3877 3022 3948 ἀδημονεῖν
3071 3874 3292 3946 ἤρξατο,
3341 3873 3513 3927 ὲννόει
3563 3874 3726 3928 πάλιν

2143 3970 2428 4041 ἄνθρωπον
2453 3967 2581 4021 ὄντα
2618 3965 2756 4036 μετὰ
2785 3967 2846 4018 τὸ
2878 3962 3016 4018 εἶναι
3063 3965 3215 4030 Θεὸν,
3247 3963 3343 4019 καί
3379 3963 3626 4017 ἀνατίθει
3658 3967 3725 4037 τῇ

2143 4059 2518 4129 ἀνθρωπότητι
2572 4057 2641 4110 τὰ
2689 4058 2825 4127 αὐτῇ
2878 4055 3315 4126 χρεωστούμενα.
3350 4053 3568 4125 Ἐπειδὴ
3619 4053 3726 4124 γὰρ

2145 4151 2337 4222 θνητὸν
2363 4150 2457 4204 καὶ
2485 4147 2721 4219 φθαρτὸν
2750 4145 2989 4200 ἀπέλαϐε
3020 4145 3199 4216 σῶμα,
3218 4144 3444 4207 καὶτοῖς
3464 4142 3726 4204 τοιούτοις

2145 4242 2375 4296 πάθεσιν
2419 4238 2794 4310 ὑποκείμενον,
2827 4236 3139 4304 ἀναγκαίως
3190 4233 3326 4304 μετὰ
3372 4233 3474 4303 τῆς
3526 4232 3725 4304 σαρκὸς

2144 4333 2241 4388 καὶ
2267 4332 2336 4385 τὰ
2364 4331 2533 4402 αὐτῆς
2565 4329 2900 4383 ίδιοποιείται
2929 4326 3076 4397 πάθη
3107 4326 3200 4379 καὶ
3223 4324 3400 4394 αὑτῆς
3423 4322 3725 4393 ὑπομενού-

2147 4439 2248 4494 σης
2296 4421 2455 4487 αὐτὰ,
2482 4420 2557 4484 ὡς
2606 4419 2765 4482 αὐτὸς
2798 4419 3086 4489 ὑπομένων
3117 4416 3356 4484 λέγεται.
3388 4415 3570 4476 Οὕτως
3612 4413 3722 4484 γάρ

459 4525 607 4569 terre
641 4511 859 4567 dicitur.
905 4509 982 4565 Ita
1032 4509 1176 4564 enim
1228 4507 1380 4563 illum
1427 4506 1750 4562 cruciﬁxum
1790 4517 1845 4562 et
1897 4523 2032 4562 mor-

2148 4486 2328 4583 φαμεν
2347 4513 2428 4565 ὅτι
2459 4512 2552 4565 καὶ
2583 4486 3024 4582 ἐσταυρώθηκαί
3050 4507 3310 4572 ἀπέθανε,
3339 4506 3498 4560 τοῦτο
3521 4504 3725 4559 παθούο

452 4619 614 4661 1num
659 4617 780 4659 esse
827 4601 1092 4667 dicimus,
1137 4614 1262 4655 cum
1316 4614 1445 4654 caro
1492 4599 1546 4654 id
1592 4613 1750 4668 passa
1801 4599 1890 4666 sit,
1930 4613 2039 4654 non

459 4702 635 4768 ipsum
667 4710 766 4766 per
804 4709 864 4750 se
911 4692 1178 4759 Verbum;
1232 4707 1356 4746 nam
1405 4693 1456 4747 id
1503 4691 1740 4762 passioni
1786 4700 1840 4747 et
1877 4691 2037 4746 morti

458 4791 753 4846 obnoxium
782 4801 892 4841 non
922 4793 1026 4841 est.
1053 4783 1146 4840 Pie
1173 4783 1341 4854 igitur
1371 4793 1534 4853 atque
1563 4782 1866 4840 orthodoxe
1890 4783 2032 4839 dicta

464 4878 963 4952 interpretabimur,
1009 4875 1279 4932 divinitati
1320 4876 1538 4945 quidem
1585 4874 1886 4932 tribuentes
1919 4889 2038 4944 quae

463 4976 647 5029 divino
675 4988 824 5028 more
858 4971 1001 5026 dicta
1033 4977 1160 5024 sunt
1191 4986 1204 5023 :
1233 4968 1386 5024 carni
1416 4982 1545 5024 vero
1570 4982 1692 5037 qua:
1719 4982 1816 5038 per
1843 4967 2038 5022 insitos

462 5063 619 5118 nobis
670 5061 944 5116 naturales
988 5067 1189 5126 nimus,
1235 5071 1465 5126 quorum
1504 5070 1665 5112 sensu
1716 5071 1839 5112 cum
1883 5069 2036 5111 mens

460 5155 748 5219 uinciatur,
785 5151 979 5206 tacitus
1013 5150 1372 5220 occultusque
1422 5149 1618 5205 mentis
1656 5163 1912 5205 susurrus
1941 5163 2036 5219 per

459 5245 658 5316 lingua:
687 5241 1072 5310 scaturiginem
1104 5240 1363 5309 erumpit.

879 5348 1040 5420 233
1077 5347 1308 5414 ALIUD,
1343 5350 1621 5404 narrative.

533 5463 766 5518 Verbum
821 5460 913 5516 Dei
949 5474 1055 5513 non
1103 5458 1263 5512 aliam
1316 5459 1385 5512 ob
1429 5473 1650 5513 causam
1704 5457 1906 5514 factum
1952 5468 2028 5514 est

463 5553 640 5615 homo,
667 5566 824 5619 quam
850 5560 908 5604 ut
931 5548 1111 5604 omnia
1138 5564 1256 5617 qua:
1283 5562 1376 5602 sua
1405 5557 1549 5615 sunt,
1574 5549 1771 5604 nostris
1807 5549 2033 5604 intirtni-

537 5725 587 5760 '°
614 5721 843 5790 Philipp.
883 5735 942 5787 It,
969 5721 1024 5785 (ὅ,
1051 5723 1108 5774 7.

2149 4621 2249 4674 οης
2274 4603 2374 4675 τῆς
2403 4604 2626 4674 σαρκὸς,
2657 4606 2756 4658 οὐκ
2790 4604 2895 4675 ἰδίᾳ
2919 4602 3016 4656 καὶ
3042 4601 3163 4656 καθ’
3189 4599 3380 4653 ἑαυτὸν
3401 4597 3496 4651 τοῦ
3525 4597 3725 4666 Λὸγου’

2144 4691 2360 4763 ἀπαθὴς
2407 4693 2515 4763 γάρ
2562 4694 2676 4746 ἐστι
2719 4693 2813 4746 καλ⁵
2850 4692 3136 4753 ἀθάνατος.
3174 4688 3384 4743 Οὐκοῦν
3427 4687 3729 4759 ὀρθοδόξως

2143 4781 2488 4853 ὲκληψόμεθα
2523 4780 2590 4834 τά
2637 4781 2925 4853 εἰρημένα,
2954 4782 3020 4850 τῇ
3073 4779 3173 4850 μὲν
3221 4777 3435 4846 θεότητι
3473 4776 3733 4845 νέμοντες

2143 4876 2212 4928 τὰ
2241 4873 2538 4946 θεοπρεπῆ,
2573 4872 2922 4936 ἀνατιθέντες
2951 4871 3008 4924 δὲ
3036 4873 3103 4942 τῇ
3135 4869 3299 4940 σαρκί
3341 4869 3412 4922 τὰ
3456 4866 3525 4920 δι’
3557 4866 3734 4935 αὑτήν

2145 4969 2240 5022 καὶ
2270 4966 2346 5030 ὡς
2373 4963 2434 5031 ἐξ
2470 4965 2640 5035 αὐτῆς
2674 4965 2944 5036 εἰρημένα
2971 4962 3062 5016 διὰ
3091 4961 3200 5015 τῶν
3223 4963 3280 5015 ἐν
3306 4961 3438 5030 ἡμῖν
3479 4956 3736 5028 φυσικῶν

2145 5059 2462 5130 κινημάτων
2481 5072 2496 5088 ο
2531 5049 2604 5110 ὧν
2629 5059 2658 5110 ὁ
2688 5056 2812 5120 νοῦς
2841 5054 2980 5125 ἔχων
3008 5052 3108 5124 τὴν
3131 5051 3403 5120 αἴσθησιν,
3432 5047 3734 5111 ἀναϐλύζει

2141 5149 2230 5203 διὰ
2275 5149 2521 5219 γλώττης
2567 5147 2635 5201 τὰ
2683 5149 2742 5201 ὲν
2795 5147 2950 5218 βάθει
2989 5146 3135 5220 ,κατὰ
3167 5144 3228 5197 τὸ
3255 5142 3458 5212 ἀφανὲς
3493 5141 3736 5210 ἁφὼνως

2140 5239 2556 5311 ψιθυριζόμενα.

2573 5353 2756 5408 ΛΛΛΟ
2777 5394 2792 5418 ,
2831 5341 3285 5422 διηγηματικῶς.

2212 5465 2438 5534 Γέγονεν
2470 5466 2751 5538 ἄνθρωπος
2795 5469 2823 5520 ὁ
2873 5466 2968 5519 τοῦ
3019 5464 3156 5517 Θεοῦ
3183 5463 3354 5530 Λόγος
3384 5460 3446 5513 οὑ
3473 5459 3560 5512 διὰ
3599 5467 3744 5512 τινα

2143 5555 2412 5624 πρόφασιν
2438 5556 2652 5627 ἑτέραν,
2673 5555 2788 5608 ἀλλ’
2811 5556 2894 5607 ἵνα
2923 5553 3098 5607 πάντα
3119 5553 3184 5604 τὰ
3209 5547 3403 5602 ἑαυτοῦ
3424 5548 3545 5608 ταῖς
3563 5543 3746 5613 ἡμῶν
