4074 6266
438 351 541 405 509

1439 352 1495 408 S.
1538 349 1808 407 CYRIHJ
1852 348 2318 405 ALEXANDRINI
2361 352 2671 410 ARCIIIICP.

3598 355 3703 413 400

440 487 469 523 a
501 485 586 524 me
618 469 752 523 calix
814 470 932 524 iste.
971 487 988 520 ι
1023 469 1088 523 Ει
1123 485 1181 524 re
1233 470 1347 540 ipsa
1404 470 1636 524 ostendit
1691 470 1832 538 quod
1882 469 2020 521 Dens

2128 470 2257 540 ἐμοῦ
2288 474 2346 524 τὸ
2382 475 2657 545 ποτήριον.
2692 494 2709 525 ι
2747 471 2985 525 Ἐδείκνυ
3036 472 3089 524 δὲ
3133 471 3219 524 διὰ
3256 471 3364 523 τῶν
3410 470 3583 541 ἔργων
3616 474 3701 526 ὅτι

438 573 585 615 esset
614 561 704 631 qui
746 571 961 631 propter
991 576 1088 616 nos
1118 561 1431 615 incarnatus
1458 570 1596 625 erat,
1626 571 1788 630 atque
1823 561 1937 614 haec
1966 560 2015 613 iu

440 668 603 709 cruce
638 654 915 709 sustinens
958 663 1176 723 propter
1205 653 1445 708 omnium
1488 662 1730 707 nostrum
1760 653 2013 707 salutem.

443 743 663 799 Solares
703 744 847 799 enim
896 743 1076 798 radios
1114 742 1408 807 contraxit,
1455 753 1509 797 et
1561 743 1797 798 tenebris
1825 742 2017 798 emtum

443 837 685 891 involvit.
713 835 884 890 Scidit
922 843 1122 903 petras,
1158 842 1212 888 et
1251 842 1471 899 terram,
1507 844 1561 888 et
1603 834 1777 888 velum
1816 832 2015 902 templi,

442 928 654 998 aliaque
692 926 857 980 multa
897 924 1154 978 miracula
1183 923 1351 978 edidit
1384 924 1452 987 ",
1489 932 1547 979 ut
1583 925 1722 980 Deus
1762 939 1903 984 esse,
1928 922 2018 993 qui

442 1018 757 1071 incarnatus
794 1022 935 1076 erat,
981 1012 1271 1067 manifeste
1322 1015 1722 1068 ostenderetur.
1782 1012 1931 1068 Unde
1968 1022 2022 1068 et

444 1110 476 1163 ii
506 1109 596 1178 qui
639 1122 762 1161 eum
808 1105 1223 1169 crneilixerunt,
1259 1113 1525 1176 anteaque
1576 1106 1901 1170 deriserant,
1940 1106 2020 1159 νίς

439 1200 628 1253 dentes
651 1211 771 1267 quae
804 1195 1063 1249 divinitus
1090 1196 1389 1251 edebantur
1418 1195 1698 1261 miracula,
1728 1196 2016 1251 dicebant:

442 1310 463 1343 ‹
500 1289 633 1343 Vere
670 1288 839 1343 Filius
866 1287 957 1342 Dei
985 1296 1103 1342 erat
1137 1286 1239 1342 iste
1264 1281 1328 1341 ⁸³.
1358 1306 1377 1340 ι

1122 1390 1350 1456 ALIUD.

513 1518 748 1574 Verbum
801 1514 891 1570 Dei
924 1513 1123 1570 factum
1168 1526 1255 1570 est
1291 1516 1473 1580 homo,
1508 1532 1613 1570 non
1661 1525 1719 1569 ιιι
1765 1524 2021 1586 tanquam

442 1612 581 1666 Deus
613 1617 736 1664 ante
765 1607 1196 1662 incarnationem
1223 1608 1406 1661 omnia
1454 1606 1617 1661 faciat
1647 1620 1700 1661 et
1752 1608 2019 1677 loquatur,-

438 1702 534 1758 sed
585 1709 642 1754 ut
699 1698 890 1762 multa,
941 1711 1005 1752 ex
1062 1696 1386 1752 necessitate
1434 1698 1923 1751 administrationis
1970 1700 2022 1751 in

2120 564 2251 627 Θεός
2296 568 2466 625 ἐστιν,
2517 566 2544 616 ό
2593 566 2659 618 δι’
2689 568 2836 637 ἡμᾶς
2886 563 3337 633 ὲνανθρωπήσας,
3392 564 3483 615 καὶ
3527 564 3703 620 ταῦτα

2120 658 2405 727 ὑπομένων
2453 659 2509 708 ἐν
2563 656 2639 726 τῷ
2695 657 2936 729 σταυρῷ,
2973 656 3061 709 διὰ
3103 655 3202 724 τὴν
3250 654 3502 707 ἁπάντων
3542 656 3705 725 ἡμῶν

2122 750 2393 819 σωτηρίαν
2414 765 2427 778 ⁸
2463 748 2772 802 συνέστελλε
2805 751 2901 820 μὲν
2930 749 3037 819 γὰρ
3069 749 3169 819 τὴν
3212 738 3444 817 ἡλιακὴν
3483 749 3705 815 ἀκτῖνα,

2119 842 2215 894 καὶ
2246 841 2421 912 σκότῳ
2454 859 2518 894 πε
2529 842 2775 912 ριέϐαλλε
2798 843 2887 896 τὸν
2919 840 3169 913 οὐρανὸν,
3196 841 3374 910 ἕσχιξε
3400 840 3456 893 δὲ
3484 842 3583 904 τάς
3609 842 3707 893 πέ-

2120 950 2276 1004 τρας,
2311 935 2405 987 καὶ
2448 935 2546 1004 τὴν
2589 936 2691 1006 γῆν
2725 935 2819 988 καὶ
2862 935 2924 988 τὸ
2968 934 3363 1004 καταπέτασμα
3397 933 3491 986 τοῦ
3530 934 3659 989 ναοῦ
3689 951 3705 967 ο

2123 1028 2286 1099 ἕτερά
2339 1046 2393 1081 τε
2434 1028 2569 1099 πρὸς
2604 1028 2810 1091 τούτοις
2844 1028 3013 1080 ἐποίει
3065 1026 3293 1097 μεγάλα,
3323 1027 3411 1080 ἵνα
3443 1023 3577 1089 Θεὸς
3622 1028 3709 1079 ὲν-

2121 1118 2492 1189 ανθρωπήσας
2518 1119 2795 1189 φαίνηται.
2819 1120 2928 1171 Καὶ
2950 1117 3080 1186 γοῦν
3099 1119 3146 1170 οἱ
3173 1116 3589 1188 σταυρώσαντες
3614 1118 3707 1169 καὶ

2123 1207 2293 1261 πάλαι
2322 1207 2590 1276 γελῶντες
2621 1209 2809 1271 αὐτὸν,
2839 1208 2907 1261 τά
2941 1207 3206 1277 γενόμενα
3237 1205 3435 1268 θεῖκῶς
3460 1204 3710 1276 ’ὁρῶντες

2124 1300 2311 1367 ἔλεγον
2335 1316 2346 1329 ·
2384 1319 2400 1350 ι
2449 1300 2687 1371 Ἀληθῶς
2714 1300 2848 1352 Θεοῦ
2878 1300 3008 1363 Υἱὸς
3032 1294 3098 1370 ἦν
3123 1294 3296 1362 οὗτος.
3330 1318 3346 1349 ι

2816 1415 3019 1467 ΛᾹΛΟ.

2201 1520 2521 1601 Ἄνθρωπος
2551 1530 2769 1599 γέγονεν
2795 1530 2823 1582 ό
2850 1527 2944 1582 τοῦ
2979 1527 3114 1581 Θεοῦ
3149 1530 3341 1596 Λόγος,
3370 1531 3469 1599 οὐχ
3498 1531 3583 1582 ἵνα
3608 1530 3709 1583 mi:

2126 1622 2205 1673 λιν
2237 1608 2311 1681 ὥς
2337 1622 2470 1684 Θεὸς
2508 1614 2615 1693 πρὸ
2642 1624 2742 1691 τῆς
2772 1611 3240 1691 ἕνανορωπήσεως
3271 1620 3449 1675 πάντα
3493 1621 3706 1693 πράττη

2127 1715 2221 1767 καὶ
2264 1713 2419 1783 λαλῇ,
2447 1712 2561 1767 ἀλλ’
2592 1715 2678 1767 ἵνα
2725 1712 2987 1777 πολλάκις
3024 1713 3119 1766 καὶ
3143 1713 3230 1767 διὰ
3264 1711 3362 1784 τὴν
3393 1712 3580 1782 χρείαν
3611 1715 3707 1783 τῆς

436 1808 625 1857 carne,
657 1791 821 1846 etiam
857 1798 915 1842 ut
941 1789 1103 1842 homo
1131 1788 1409 1858 loquatur.
1442 1789 1577 1844 Cum
1617 1789 1781 1856 igitur
1813 1790 1926 1843 haec
1955 1790 2023 1843 sit

2131 1805 2267 1875 μετὰ
2303 1806 2504 1877 σαρκὸς
2535 1805 2844 1875 οἰκονομίας
2870 1807 2961 1857 καὶ
2981 1803 3056 1867 ὡς
3083 1803 3371 1875 ἅνθρωπος
3402 1804 3536 1874 λέγῃ
3562 1806 3706 1859 τινα.

439 1885 601 1941 Verbi
642 1886 913 1953 potentia,
956 1880 1225 1951 quomodo
1252 1896 1356 1935 non
1389 1881 1680 1936 absurdum
1720 1884 1789 1935 sit
1828 1882 2026 1937 ollemli

439 1974 750 2034 nonnullos.
777 1988 897 2026 cum
929 1974 1153 2028 audiunt
1178 1973 1356 2044 ipsum
1384 1972 1620 2026 lmmano
1647 1986 1796 2027 more
1827 1973 2027 2041 aliquid

440 2062 720 2120 locutum?
754 2062 1015 2131 Loquitur
1042 2063 1185 2118 enim
1214 2072 1271 2116 ut
1300 2062 1489 2127 homo;
1526 2059 1762 2129 loquitur
1786 2065 1946 2114 etiam
1973 2073 2029 2117 ut

440 2156 582 2211 Deus
616 2174 629 2208 :
668 2164 961 2222 utrumque
998 2156 1142 2208 enim
1186 2154 1238 2208 in
1279 2153 1450 2222 ipsius
1487 2163 1751 2222 potestate
1779 2162 1880 2207 est.
1922 2152 2029 2205 llu-

440 2263 599 2302 mano
628 2256 776 2302 certe
809 2262 959 2301 more
999 2247 1174 2300 dixit:
1217 2264 1234 2296 ι
1276 2244 1428 2299 Nunc
1470 2246 1651 2298 anima
1692 2258 1809 2298 mea
1845 2244 2029 2297 turba-

439 2351 526 2395 tur
566 2340 643 2405 ”;
685 2359 703 2392 ι
766 2340 949 2393 divino
984 2348 1165 2391 autem
1207 2352 1375 2401 more,
1432 2356 1450 2387 ι
1492 2336 1822 2391 Potestatem
1859 2338 2028 2390 habet)

440 2448 642 2504 potiere
700 2433 905 2500 ipsam,
972 2440 1026 2484 et
1084 2446 1271 2483 rursus
1332 2438 1653 2498 potestatem
1718 2428 1886 2481 habeo
1936 2442 2028 2481 su-

439 2540 587 2580 mere
619 2524 790 2592 ipsam
822 2522 892 2575 “.
933 2539 952 2573 ι
1000 2520 1230 2575 'I‘urhari
1267 2521 1469 2588 itaque,
1503 2518 1716 2572 affectio
1768 2528 1850 2571 est
1877 2518 2026 2571 carni

438 2618 657 2688 propria
711 2632 727 2670 :
791 2623 1113 2686 potestatem
1174 2627 1303 2666 vero
1362 2611 1559 2666 habere
1613 2611 1935 2680 deponendi,
1977 2620 2028 2663 ct

441 2724 631 2766 rursus
660 2707 968 2761 assumendi
1002 2706 1261 2767 animam,
1289 2705 1541 2772 potentia:
1573 2702 1731 2756 Verbi
1765 2716 1897 2765 opus
1925 2709 2025 2755 est.

441 2798 907 2868 Quemadmodum
964 2796 1152 2865 igitur,
1197 2810 1320 2849 cum
1372 2793 1574 2862 aliquid
1638 2792 1821 2847 divino
1880 2806 2028 2846 more

440 2891 595 2954 dicit,
622 2885 851 2941 tametsi
897 2894 1155 2954 appareat
1190 2886 1371 2947 homo,
1422 2897 1525 2936 non
1561 2879 1907 2945 offendimur,
1936 2879 2026 2935 sed

443 2980 805 3049 intelligimus
860 2974 1098 3031 Verbum
1151 2974 1303 3030 carni
1370 2972 1682 3027 inhabitans
1722 2993 1732 3026 :
1772 2975 1841 3024 ita
1905 2987 2026 3025 eum

444 3071 647 3143 aliquid
664 3069 908 3124 ut-homo
930 3066 1194 3135 loquitur,
1214 3080 1281 3120 ne
1298 3061 2027 3131 oll‘endamur,intelligentes

443 3162 584 3232 quod
615 3169 836 3231 propter
864 3172 962 3212 nos
996 3156 1169 3211 lactus
1198 3166 1281 3211 est
1316 3156 1497 3220 homo,
1535 3163 1589 3208 et
1617 3168 1735 3223 qua:
1778 3152 2024 3207 humana:
2052 3153 2094 3209 C

443 3262 649 3306 natura
677 3248 1026 3312 conveniunt,
1044 3246 1315 3315 loquitur.

1122 3357 1350 3413 ALIUD.

490 3478 598 3533 'Ob
635 3474 858 3530 nmitam
898 3485 1067 3543 atque
1095 3476 1230 3530 adeo
1267 3475 1581 3528 immensam
1616 3475 2022 3544 benignitatem,

453 3572 684 3628 Verbum
710 3568 860 3623 nobis
884 3568 1119 3636 seipsum
1152 3566 1312 3637 235
1339 3568 1678 3622 commiscuit
1708 3577 1870 3636 atque
1899 3582 2027 3621 con-

450 3662 785 3732 temperarit,
816 3676 921 3713 non
958 3668 1013 3713 ut
1049 3661 1100 3712 in
1139 3676 1375 3713 nosH-am
1407 3669 1650 3711 naturam
1698 3668 2021 3722 minaretur,

447 3769 622 3823 neque
652 3753 795 3806 enim
829 3751 1194 3804 ullamutatio
1227 3752 1276 3803 in
1310 3751 1479 3818 ipsum
1512 3753 1688 3812 ca-lit,
1725 3754 1818 3806 sed
1846 3763 1903 3805 ut
1929 3769 2027 3806 nos

446 3846 547 3901 sibi
577 3846 934 3899 commiseeus
957 3842 1020 3895 ad
1044 3859 1197 3896 suam
1227 3843 1536 3895 transierat.
1562 3844 2023 3908 Quemadmodum

446 3940 586 3990 enim
619 3952 719 3989 nos
747 3936 834 4003 qui
869 3935 1041 4003 ipsum
1070 3935 1407 4002 ειιεςιοιιιιίιιιιιε
1437 3949 1533 4001 per
1560 3935 1729 4003 ipsius
1758 3936 2028 3990 inhabita-

447 4030 645 4083 tionetn
684 4029 733 4081 in
762 4043 947 4091 carne,
978 4028 1157 4078 eainia
1198 4041 1316 4091 quze
1351 4025 1520 4093 ipsius
1557 4037 1683 4080 sunt
1726 4028 2022 4083 habemus:

448 4136 568 4172 nam
612 4129 663 4171 et
714 4118 803 4170 lilii
840 4122 1013 4170 vocati
1060 4131 1248 4168 allttttls
1292 4116 1334 4145 “
1369 4125 1422 4168 et
1448 4116 1521 4170 dii
1558 4115 1624 4179 “,
1656 4118 1699 4171 si
1734 4134 1838 4173 non
1871 4132 2029 4173 natu-

448 4211 652 4269 raliter,
684 4221 738 4261 ut
774 4212 903 4277 ipse,
931 4210 1123 4261 saltem
1169 4224 1263 4276 per
1293 4211 1523 4276 gratiam
1557 4225 1570 4261 :
1608 4210 1681 4265 ita
1712 4213 1876 4265 etiam
1912 4214 2025 4282 ipse

446 4302 661 4369 quando
691 4302 839 4351 nobis
866 4303 1184 4351 rmnmistus
1217 4311 1318 4363 est,
1353 4299 1527 4356 factus
1552 4303 1809 4357 nimirum
1841 4306 2022 4369 homo,

448 4407 635 4444 omnes
672 4390 1009 4441 iuni-mimica
1035 4398 1249 4440 nostras
1284 4390 1515 4455 gestavit
1544 4408 1557 4445 :
1591 4400 1643 4444 et
1687 4392 1800 4461 ipse
1837 4408 2025 4462 passus

2132 1898 2348 1969 Ταύτην
2381 1897 2595 1968 ἔχοντος
2624 1896 2718 1951 τοῦ
2756 1898 3055 1969 μυστηρίου
3079 1897 3177 1965 τὴν
3206 1897 3591 1967 δύναμιν,πῶς
3611 1897 3708 1949 οὐκ

2130 1988 2331 2042 ἄτοπον
2368 1988 2815 2053 σκανδαλίζεσθαι
2856 1991 2981 2053 τοὺς
3017 1989 3405 2060 ἀκροωμένους
3436 1982 3710 2059 ἀνθρωπι-

2130 2081 2364 2153 νώτερον
2409 2076 2520 2135 ἕσθ⁴
2552 2083 2639 2136 ὅτε
2692 2083 2978 2145 λαλοῦντος
3027 2082 3227 2147 autem];
3270 2082 3430 2135 Λαλεῖ
3473 2082 3578 2151 γὰρ
3627 2081 3704 2143 ὠς

2129 2174 2435 2244 ἄνθρωπος,
2456 2174 2603 2226 λαλεῖ
2632 2176 2687 2228 δὲ
2715 2177 2807 2227 καὶ
2839 2176 2913 2238 ὡς
2943 2175 3093 2239 Θεὸς,
3122 2175 3256 2244 ἔχων
3288 2175 3341 2226 ὲν
3367 2173 3698 2244 ἀμφοτέροις

2128 2265 2224 2336 τὴν
2256 2265 2519 2331 ἐξουσίαν.
2541 2266 2917 2336 ’Λνθρωπίνως
2964 2266 3061 2335 μὲν
3108 2267 3215 2336 γὰρ
3258 2264 3431 2332 ἔλεγε·
3471 2283 3488 2315 ι
3520 2263 3635 2317 Νῦν
3659 2266 3694 2333 ἡ

2128 2361 2271 2431 ψυχή
2308 2376 2409 2429 μου
2438 2359 2791 2430 τετάρακται,
2821 2378 2837 2408 ι
2868 2358 3061 2419 θεϊκῶς
3087 2358 3141 2410 δὲ
3169 2357 3355 2409 πάλιν·
3388 2375 3404 2406 ι
3425 2356 3699 2418 Ἐξουσίαν

2129 2453 2238 2523 ἔχω
2273 2450 2445 2505 θεῖναι
2496 2451 2684 2521 αὐτὴν,
2722 2450 2815 2503 καὶ
2864 2450 3022 2502 πάλιν
3072 2448 3321 2514 ἐξουσίαν
3367 2446 3477 2515 ἔχω
3522 2446 3709 2499 λαϐεῖν

2129 2544 2316 2614 αὐτήν.
2353 2563 2369 2594 ι
2407 2542 2478 2595 Τὸ
2517 2541 2617 2612 μὲν
2651 2538 2743 2595 οῦν
2777 2539 3159 2611 ταράττεσθαι,
3201 2540 3299 2609 τῆς
3345 2539 3547 2609 σαρκὸς
3581 2537 3710 2589 ἴδιον

2130 2634 2329 2698 πάθος”
2365 2634 2427 2686 τὸ
2451 2634 2505 2687 δὲ
2537 2634 2784 2700 ἐξουσίαν
2811 2633 2953 2703 ἔχειν
2994 2632 3162 2685 θεῖναί
3196 2649 3255 2683 τε
3291 2634 3385 2684 καὶ
3416 2630 3580 2681 πάλιν
3613 2629 3713 2680 λαέ

2130 2724 2265 2786 δεῖν,
2293 2724 2393 2792 τῆς
2434 2722 2527 2775 τοῦ
2581 2722 2751 2787 Λόγου
2801 2722 3079 2791 δυνάμεως
3118 2719 3277 2789 ἔργον
3324 2720 3715 2788 ἐστίν.⁶⁸Ωσπερ

2129 2810 2221 2868 οῦν
2257 2816 2385 2867 ὅταν
2431 2814 2565 2887 λέγῃ
2597 2832 2648 2867 τι
2678 2812 2894 2876 θεῖκῶς,
2930 2812 3108 2864 καίτοι
3152 2811 3477 2880 φαινόμενος
3510 2810 3722 2878 ἄνθριϊ

2130 2922 2249 2971 πός,
2293 2906 2353 2957 οὐ
2407 2904 2871 2974 σκανδαλιζόμεθα
2897 2943 2911 2965 ,
2957 2903 3072 2957 ἀλλ’
3102 2901 3391 2970 ἐννοοῦμεν
3438 2901 3528 2953 τὸν
3573 2900 3708 2951 ἒνοιε

2129 2996 2331 3049 κοῦντα
2359 3000 2424 3066 τῇ
2458 2996 2623 3068 σαρκὶ
2656 2996 2856 3062 Λόγον·
2887 2993 3060 3056 οῦτως
3088 2994 3215 3045 ὅταν
3246 3009 3297 3044 τι
3341 2991 3477 3061 λαλῇ
3520 2990 3613 3042 καὶ
3638 2990 3710 3050 ιὶις

2129 3088 2434 3160 ἄνθρωπος,
2483 3086 2558 3159 μὴ
2602 3085 3107 3155 σκανδαλιζιὶιμεθα,
3147 3082 3455 3145 ἐννοοῦντες
3502 3083 3583 3134 ὃτι
3635 3081 3711 3132 δι’

2129 3184 2275 3252 ἡμᾶς
2330 3181 2551 3248 γέγονεν
2602 3180 2907 3250 ἄνθρωπος,
2953 3180 3048 3231 καὶ
3099 3179 3166 3231 τὰ
3210 3180 3275 3247 τῇ
3331 3174 3707 3245 ἀνθρωπότητι

2130 3274 2408 3344 πρέποντα
2433 3271 2599 3325 λαλεῖ.
2862 3264 2897 3285 ”’

2808 3384 3013 3441 ΑΛΛΟ.

2201 3502 2297 3555 Διὰ
2331 3501 2529 3570 πολλὴν
2561 3499 2653 3551 καὶ
2671 3500 2907 3569 ἄμετρον
2931 3494 3340 3567 φιλανθρωπίαν
3362 3492 3553 3547 ἑαυτὸν
3580 3490 3708 3562 ἡμῖν

2131 3596 2395 3664 ἐκέρασεν
2441 3595 2469 3645 ό
2520 3592 2611 3645 τοῦ
2663 3591 2797 3643 Θεοῦ
2849 3590 3055 3656 Λόγος·
3105 3589 3204 3658 οὐχ
3237 3588 3322 3640 ἴνα
3369 3583 3706 3656 μεταποιηθῇ

2128 3689 2265 3759 πρὸς
2289 3687 2349 3739 τὸ
2374 3687 2639 3755 ἡμέτερον
2665 3683 2846 3742 αὐτὸς,
2895 3682 3161 3750 ἄτρεπτος
3196 3681 3304 3750 γάρ
3339 3680 3454 3731 ἐστι
3484 3676 3581 3730 καὶ
3617 3674 3709 3728 ἀλ-

2127 3778 2342 3831 λοίωσιν
2380 3778 2479 3829 οὐκ
2517 3772 2693 3837 εἰδὼς,
2745 3773 2857 3825 ἀλλ’
2895 3772 2960 3823 ἵν’
2990 3772 3134 3841 ἡμᾶς
3184 3769 3453 3838 ἀναμίξας
3510 3763 3707 3835 ἑαυτῷ,

2132 3870 2411 3943 μεταϐάλῃ
2460 3868 2594 3939 πρὸς
2636 3867 2696 3919 τὸ
2737 3866 3172 3933 οἰκεῖον.”Ωσπερ
3219 3864 3325 3932 γὰρ
3356 3864 3520 3932 ἡμεῖς
3551 3859 3712 3912 αὐτὸν

2127 3961 2409 4031 δεξάμενοι
2436 3959 2523 4011 διὰ
2550 3958 2610 4010 τὸ
2638 3957 2917 4027 ἐνοικῆσαι
2942 3955 3127 4025 σαρκὶ,
3160 3954 3337 4006 πάντα
3377 3950 3565 4003 λοιπὸν
3592 3948 3711 4017 ἔχοι

2132 4070 2229 4125 μεν
2258 4052 2325 4104 τά
2356 4050 2520 4105 αὐτοῦ
2539 4067 2551 4079 ·
2588 4049 2683 4102 καὶ⁵
2713 4049 2821 4119 γὰρ
2852 4048 2944 4101 καὶ
2978 4046 3083 4098 υἱοὶ
3119 4042 3436 4114 κεκλήμεθα
3460 4042 3554 4093 καὶ
3577 4039 3710 4099 θεοὶ,

2130 4147 2177 4197 εί
2212 4143 2304 4197 καὶ
2338 4144 2413 4213 μὴ
2444 4141 2688 4212 φυσικῶς
2712 4140 2902 4210 ὥσπερ
2926 4138 3107 4201 αὐτὸς,
3127 4136 3265 4190 ἀλλά
3286 4152 3349 4203 γε
3371 4132 3514 4186 κατά
3533 4134 3709 4202 χάριν*

2127 4236 2269 4289 οὕτω
2298 4237 2391 4288 καὶ
2433 4235 2618 4297 αὐτὸς,
2660 4234 2747 4287 ὅτε
2782 4233 2918 4303 πρὸς
2950 4233 3094 4301 ἡμᾶς
3131 4227 3397 4299 ἀνεμίχθη
3425 4226 3713 4295 γενόμενος

2130 4329 2435 4399 ἄνθρωπος,
2490 4326 2717 4398 ὲφόρεσε
2764 4326 2864 4387 τὰς
2916 4322 3199 4385 ἀσθενείας
3245 4319 3436 4391 ἡμῶν·
3494 4317 3591 4369 καὶ
3638 4314 3713 4377 ὡς

2129 4418 2292 4481 αὐτὸς
2324 4415 2604 4478 πεπονθὼς
2640 4415 2952 4485 νενόμισται
2986 4412 3408 4481 ἰδιοποιούμενος
3452 4408 3593 4477 μετὰ
3620 4405 3711 4458 τοῦ

448 4498 572 4535 c-see
608 4490 877 4537 t‘Ptt-t'lttl‘,
907 4495 1028 4530 t'ttttt
1072 4492 1265 4532 omnes
1300 4481 1482 4549 templi
1525 4483 1666 4550 quod
1705 4485 2025 4540 inhabitavit

2132 4508 2535 4578 ἀναληφθέντος
2570 4508 2695 4561 ναοῦ
2727 4508 2819 4561 καὶ
2847 4506 2915 4560 τὰ
2949 4508 3005 4559 ὲν
3038 4503 3203 4572 αύτῷ,
3240 4503 3326 4554 ἵνα
3361 4502 3454 4553 καὶ
3491 4502 3548 4552 ἐν
3587 4500 3713 4569 ἡμῖν

448 4574 807 4642 pt'npt'it'lnlcs
859 4570 957 4621 sibi
1016 4569 1376 4637 vindicasset,
1434 4582 1493 4627 ut
1542 4574 1704 4628 etiam
1756 4575 1808 4629 in
1868 4578 2024 4632 nobis

447 4667 728 4735 passiones
761 4662 942 4715 carnis
971 4661 1470 4733 exstinguerentur,
1507 4665 1816 4735 similesque
1844 4664 2023 4723 eIIice-

450 4770 630 4809 remur
662 4754 902 4816 Christo,
950 4754 1041 4821 qui
1087 4762 1272 4810 nostra
1318 4764 1537 4826 propter
1580 4772 1678 4815 nos
1727 4759 1780 4812 in
1837 4775 1893 4813 se
1940 4776 2024 4816 as-

442 4843 689 4913 sumpsit.

1128 4932 1353 4992 ALIUD.

516 5042 656 5105 Deus
702 5052 897 5105 alicubi
933 5067 1028 5121 per
1082 5063 1301 5107 sanetos
1344 5055 1635 5123 pmphetas
1684 5058 1750 5109 ait
1793 5098 1807 5122 ,
1857 5058 2025 5116 lsrac-

447 5142 567 5195 litas
597 5144 662 5196 de
695 5144 1019 5215 quihusdam
1065 5145 1300 5214 peccatis
1327 5160 1583 5217 arguens,
1620 5152 1876 5217 quoniam
1904 5154 2027 5214 «Fi-

448 5234 548 5290 lius
577 5250 760 5290 cormn
808 5238 1161 5290 traduxerunt
1193 5253 1289 5305 per
1334 5238 1532 5307 ignem,
1562 5254 1719 5308 quem
1753 5257 1857 5295 non
1889 5261 2021 5313 prmo

445 5328 563 5395 Cepi
585 5329 684 5392 eis,
716 5341 888 5397 neque
924 5329 1152 5395 rogitavi
1182 5329 1231 5382 in
1264 5334 1425 5382 rorile
1454 5347 1572 5383 meo
1596 5331 1661 5383 ⁸³.
1701 5352 1718 5382 ι
1748 5332 1811 5386 Et
1844 5350 2030 5391 rursus

448 5420 515 5469 ad
554 5417 853 5472 Jerusalem
918 5433 936 5470 -:
978 5438 993 5469 ι
1027 5417 1219 5473 Dolore
1248 5420 1471 5475 alI'ecisti
1532 5438 1617 5476 mc
1671 5425 1721 5477 in
1774 5429 2028 5483 omnibus

452 5508 536 5561 his
566 5504 632 5563 “.
674 5528 689 5558 ι
729 5511 855 5562 Item
906 5515 970 5563 de
1020 5511 1139 5565 aliis
1190 5515 1429 5580 peccatis
1471 5531 1483 5567 :
1527 5534 1543 5567 ι
1583 5514 1836 5587 Nunquid
1867 5536 2028 5590 super

524 5662 563 5691 "
595 5662 782 5713 Matth.
831 5676 997 5724 amt,
1036 5660 1235 5719 Sil-53.

451 5746 640 5794 ιικιι,
680 5732 711 5781 ti
739 5748 750 5795 ;
780 5729 933 5782 .Inau.
981 5734 1139 5799 1,5I.

1346 5666 1390 5699 ⁸⁸
1421 5670 1552 5725 ibid.
1588 5672 1675 5726 Si.

1220 5738 1261 5765 ⁸³
1301 5737 1498 5793 .Ierem.
1540 5745 1717 5801 £13.35.

1773 5674 1816 5703 ⁸⁸⁵
1844 5672 1999 5727 .Iuau.
2044 5692 2142 5742 xtl,
2176 5673 2262 5733 9.7.

1795 5745 1839 5773 ιι
1874 5746 2000 5798 una.
2041 5748 2128 5802 ιδ,

2133 4598 2379 4670 νεκρωθῇ
2411 4598 2479 4652 τὰ
2507 4602 2604 4669 τῆς
2640 4598 2840 4669 σαρκὸς
2872 4597 3043 4665 πάθη,
3078 4594 3381 4666 τρεχόντων
3421 4593 3502 4655 εἰς
3543 4589 3718 4661 ὁμοιό-

2133 4708 2270 4760 τητα
2315 4690 2407 4744 τοῦ
2455 4690 2524 4742 τὰ
2569 4690 2723 4761 ἡμῶν
2750 4690 2816 4743 δι’
2850 4691 2996 4760 ἡμᾶς
3024 4690 3102 4751 εἰς
3134 4686 3325 4739 ἑαυτὸν
3357 4682 3718 4743 ἀναλαϐόντος

2134 4782 2181 4833 Χ
2190 4781 2371 4851 ριστοῦ
2381 4823 2392 4835 .

2828 4958 3030 5009 AAAU.

2206 5074 2343 5145 Φησί
2373 5091 2475 5128 που
2503 5074 2636 5136 Θεὸς
2669 5074 2756 5127 διὰ
2780 5071 2887 5125 τῶν
2922 5071 3090 5139 ἁγίων
3114 5066 3435 5140 προφητῶν,
3463 5065 3559 5117 ἐπί
3582 5080 3723 5117 τισιν

2136 5164 2430 5235 ἁμαρτίαις
2472 5164 2599 5226 τοὺς
2642 5162 2703 5226 ἐξ
2738 5161 2952 5233 Ἰσραὴλ
2987 5156 3443 5228 καταιτιώμενος,
3474 5156 3558 5208 ὅτι
3594 5174 3611 5204 ι
3642 5153 3721 5205 TC:

2135 5254 2298 5309 τέκνα
2346 5254 2525 5308 αὐτῶν
2576 5255 2761 5324 διῆγον
2808 5253 2897 5307 διὰ
2931 5252 3121 5323 πυρὸς,
3152 5252 3180 5303 ὃ
3224 5250 3323 5303 οὐκ
3362 5247 3721 5315 ἐνετειλάμην

2133 5346 2338 5411 αὐτοῖς,
2381 5348 2474 5400 καὶ
2524 5347 2583 5398 οὐ
2634 5345 2916 5415 διενοήθην
2951 5347 3009 5397 ἐν
3042 5346 3108 5414 τῇ
3156 5342 3353 5413 καρδίᾳ
3402 5356 3530 5410 μου.
3560 5364 3576 5391 ι
3613 5338 3723 5392 Καὶ
3770 5394 3775 5399 _

2134 5436 2294 5489 πάλιν
2324 5438 2398 5500 ὼς
2426 5438 2562 5507 πρὸς
2592 5438 2690 5507 τὴν
2718 5437 3097 5506 Ἰερουσαλήμ·
3137 5454 3154 5486 ι
3181 5435 3291 5486 Καὶ
3311 5430 3535 5493 ὲλύπεις
3570 5445 3636 5499 με
3663 5430 3723 5481 ἐν

2136 5527 2267 5578 πᾶσι
2297 5527 2523 5591 τούτοις.
2561 5547 2576 5578 ι
2628 5528 2737 5579 Καὶ
2768 5527 2925 5580 πάλιν
2958 5528 3041 5593 ἐφ’
3070 5525 3279 5595 ἑτέροις
3315 5523 3543 5583 κακοῖςο
3581 5538 3597 5568 ι
3632 5516 3723 5587 Μὴ

2374 5680 2416 5709 ⁸⁸
2443 5653 2594 5736 .quiu.
2644 5698 2693 5743 x,
2735 5683 2813 5735 I8.
2898 5682 2937 5711 ”
2983 5679 3191 5735 ΙΙΟίὶιι.
3230 5690 3308 5745 ιιι,
3354 5677 3399 5729 I.
3501 5676 3546 5705 "
3568 5672 3715 5727 PSJI.
