4074 6266
480 364 577 419 ιιι

1504 353 1561 406 S.
1604 343 1878 417 CYlllLLI
1920 336 2389 395 ALEXANDIKINI
2431 338 2746 394 ARCHIEP.

3647 338 3751 393 “2

481 474 653 529 Filius
684 488 713 527 a
735 472 953 541 reliquis
987 471 1238 527 tliﬂeret:
1301 479 1355 524 ct
1410 468 1681 538 quomodo
1719 469 2058 519 suorumntct

2181 458 2364 511 ἑαυτοῦ
2390 457 2895 529 δημιουργημάτων
2920 454 3006 519 εἴη
3047 453 3414 525 πρωτότοκος,
3440 454 3496 518 ὃς
3532 456 3749 525 πρῶτος

480 578 707 630 operum
736 563 805 619 sit
848 562 1237 631 primogenitus
1286 561 1376 629 qui
1425 558 1633 628 primus
1688 553 2063 626 appellationis

482 654 605 708 Filii
629 664 818 719 auctor
842 654 974 724 ipsis
998 652 1173 707 factus
1204 650 1310 705 sit?

1155 762 1385 819 ALIUD.

556 878 611 935 Si
643 882 813 951 prima
848 879 1131 934 manifeste
1168 886 1296 932 sunt
1323 890 1500 931 causa:
1523 874 1902 939 secundorum,
1954 872 2067 942 pri-

490 988 635 1025 mum
665 981 844 1026 autem
906 980 989 1025 est
1034 970 1175 1025 Deus
1206 977 1263 1023 et
1322 967 1416 1023 Dei
1479 967 1650 1023 Filius
1688 986 1701 1022 :
1738 981 1865 1038 ergo
1896 965 2067 1021 Filius

490 1075 677 1113 eorum
714 1075 832 1128 qua:
864 1061 1115 1115 dicuntur
1142 1067 1426 1127 causaest,
1458 1066 1644 1128 utpote
1673 1056 1871 1112 abillo.
1892 1058 2067 1112 Causa

491 1150 654 1221 igitur
679 1150 1038 1207 secundorum
1071 1152 1304 1207 liliorum
1331 1151 1376 1205 si
1412 1149 1625 1204 dicatur
1653 1149 2065 1219 primogenitus,

488 1256 596 1299 uon
654 1250 908 1311 tanquam
970 1243 1176 1310 primus
1205 1241 1346 1297 inter
1399 1241 1518 1297 illos
1570 1242 1640 1297 sit
1697 1240 1931 1306 dicitur,
1970 1240 2066 1295 sed

488 1331 631 1409 quod
691 1333 899 1402 primus
944 1333 1037 1388 lilii
1102 1332 1479 1403 appellationis
1538 1341 1727 1387 auctor
1781 1330 1852 1385 sit
1914 1329 2064 1400 ipsis.

1161 1529 1392 1586 ALIUD.

560 1644 616 1699 Si
644 1643 1039 1716 primogenitus
1066 1644 1263 1699 dicitur
1313 1642 1441 1712 quia
1493 1642 1696 1712 primus
1737 1640 1912 1699 lactus
1959 1650 2068 1708 est,

492 1751 614 1794 eum
649 1752 776 1792 vero
808 1738 898 1807 qui
923 1737 1175 1807 primum,
1206 1736 1299 1791 sed
1332 1752 1436 1792 non
1484 1736 1654 1793 solum
1678 1736 1878 1806 aliquid
1918 1734 2064 1803 fecit,

493 1838 912 1884 consentaneum
941 1836 1026 1884 est
1064 1836 1185 1898 post
1208 1828 1337 1883 illud
1367 1830 1600 1897 primum
1632 1829 1798 1884 ctiam
1830 1829 1931 1882 alia
1978 1828 2066 1884 le-
2099 1808 2144 1863 Β

494 1918 636 1984 cisse
675 1939 685 1972 :
721 1918 889 1974 Filius
925 1919 1108 1991 itaque
1138 1919 1273 1977 nihil
1314 1919 1459 1977 fecit.
1498 1918 1635 1975 Cum
1685 1935 1815 1976 vero
1859 1919 2070 1987 fecerit,

494 2025 602 2063 non
637 2010 821 2080 igitur,
858 2018 1113 2081 tanquam
1147 2020 1389 2079 creatus,
1412 2010 1805 2081 primogenitus
1844 2021 1951 2077 est,
1982 2014 2075 2067 sed

498 2110 751 2170 tanquam
786 2103 1056 2167 omnibus,
1094 2118 1215 2172 quae
1244 2102 1295 2157 in
1320 2103 1457 2165 coelo
1477 2112 1530 2160 ct
1568 2111 1713 2164 terra
1739 2112 1888 2169 sunt,
1916 2102 1971 2159 in
2006 2102 2076 2172 ip—

493 2204 554 2246 so
579 2191 797 2246 creatis.

1169 2305 1402 2364 ALIUD.

567 2417 623 2471 Si
653 2429 873 2487 propter
911 2428 1191 2475 creaturas
1228 2421 1554 2475 substitutus
1598 2431 1680 2475 est
1722 2421 1910 2487 Filius,
1943 2423 2076 2492 ipsis

496 2509 726 2577 gratiam
775 2510 1013 2573 habebit,
1057 2512 1257 2580 quippe
1307 2526 1426 2580 qua:
1474 2513 1521 2564 ci
1557 2514 1923 2580 generationis
1966 2529 2077 2568 sua:

495 2616 655 2655 causa
686 2602 1018 2657 exstiterint.

1164 2715 1394 2772 ALIUD.

567 2822 622 2877 Si
660 2824 824 2880 Filius
862 2828 981 2881 illeo
1012 2837 1161 2883 creat
1207 2828 1336 2896 quia
1360 2840 1615 2883 creatura
1661 2832 1958 2903 ingenitum
1983 2852 2077 2904 per

498 2930 557 2968 se
583 2928 895 2983 operantem
932 2917 1074 2972 ferre
1097 2934 1200 2972 non
1241 2929 1473 2988 poterat,
1510 2936 1680 2991 quare
1711 2924 1825 2992 ipse
1851 2936 1935 2981 est
1958 2944 2075 2982 tue-

498 3006 585 3057 dia
607 3009 847 3075 quani-am
872 3010 1134 3077 potentia,
1169 3022 1220 3063 et
1246 3010 1357 3079 ipse
1390 3027 1493 3067 non
1526 3023 1609 3068 est
1635 3014 1945 3085 ingenitus:
1982 3035 2076 3074 ne-

499 3112 603 3165 quc
637 3100 779 3151 enim
816 3112 1064 3154 creatura
1105 3101 1277 3171 ipsum
1306 3103 1450 3171 Serre
1482 3108 1677 3177 putuit,
1703 3124 1875 3179 neque
1904 3111 2066 3165 etiam

499 3189 602 3242 crit
634 3204 697 3242 ex
724 3206 947 3247 numero
978 3208 1163 3246 eorum
1210 3210 1331 3264 ηυδε
1383 3208 1564 3252 creata
1608 3208 1919 3257 summam
1972 3220 2072 3261 nec

504 3278 619 3343 ipse
666 3279 963 3351 ingenitum
992 3281 1138 3338 ferre
1174 3286 1457 3352 potuisset.
1488 3287 1625 3342 Cum
1647 3306 1775 3347 vero
1800 3292 1916 3362 ipse
1941 3309 2074 3348 ncu-

504 3376 643 3420 Irlltll
689 3370 921 3437 ipsorum
953 3374 1023 3427 sit
1050 3418 1061 3439 ,
1091 3388 1341 3444 superest
1386 3389 1444 3433 ut
1475 3384 1784 3440 necessario
1824 3384 1975 3439 illum
2008 3402 2073 3442 ex

505 3458 737 3524 ingenita
767 3472 953 3515 natura
980 3466 1215 3533 genitum
1249 3482 1369 3522 esse
1399 3470 1682 3530 fateantur.

1172 3666 1399 3721 ALIUD.

981 3776 1219 3845 Objectio
1244 3778 1512 3835 Ennomii.

557 3885 613 3940 Si
644 3883 832 3950 Filius,
876 3886 1067 3956 inquit,
1105 3899 1186 3944 est
1217 3906 1376 3945 verus
1414 3892 1572 3958 Deus,
1602 3896 1878 3964 quomodo
1912 3898 2076 3970 242

500 3978 677 4048 ipsum
702 3978 864 4033 etiam
891 3994 1045 4036 sacra
1068 3979 1348 4052 Scriptura
1381 3985 1582 4040 creatis
1629 4001 1969 4053 annuntcrat,
2000 3992 2081 4045 di-

498 4086 649 4136 cens,
671 4092 689 4125 ‹
725 4072 1120 4147 PrimOgenitus
1155 4076 1331 4133 omnis
1356 4081 1727 4135 creatum"?
1756 4101 1773 4133 ι
1822 4082 2080 4139 Necessa-

499 4163 639 4218 rium
661 4165 801 4220 enim
827 4168 1048 4223 omnino
1078 4177 1161 4224 est
1206 4180 1263 4224 ut
1288 4170 1406 4225 talis
1436 4173 1758 4230 naturaliter
1817 4176 1905 4241 sit,
1941 4194 2073 4247 qua-

498 4251 569 4319 lia
612 4263 737 4308 sunt
770 4254 857 4309 illa
882 4272 1111 4327 quorum
1130 4267 1215 4313 est
1244 4260 1467 4329 primus.

1010 4369 1217 4424 Salutio
1248 4372 1577 4439 objectionis.

572 4480 736 4551 impia
754 4480 927 4536 oratio
953 4491 1010 4536 et
1037 4481 1388 4537 absurditatis
1417 4483 1593 4553 plena.
1631 4486 1765 4543 Nam
1818 4492 1864 4547 si
1911 4494 2079 4553 Filius
2112 4488 2159 4543 Β

506 4571 815 4639 necessario
836 4581 919 4627 est
966 4572 1161 4627 similis
1207 4572 1274 4629 iis
1305 4577 1393 4645 qui
1419 4588 1539 4646 post
1562 4579 1741 4649 ipsum
1772 4583 1899 4643 lacti
1929 4601 2078 4661 sunt,

502 4666 627 4738 quia
650 4664 1042 4737 primogenitus
1066 4664 1276 4719 illorum
1303 4678 1543 4740 vocatur,
1599 4673 1771 4732 l'actus
1800 4687 1977 4737 autem
2001 4696 2082 4740 est

502 4773 608 4818 non
634 4758 796 4813 homo
833 4756 1028 4824 solum,
1047 4756 1141 4813 sed
1197 4757 1362 4813 multa
1410 4762 1730 4837 diversaque
1775 4771 2027 4831 animalia
2064 4795 2079 4833 ε

507 4850 882 4920 tempestivum
908 4850 1251 4917 erit,utvos,
1282 4850 1430 4923 impii
1464 4856 1646 4914 hostes
1662 4860 1884 4933 Christi,
1919 4868 2081 4923 dein-

501 4956 629 5011 ceps
653 4939 997 5010 impudenter
1013 4939 1227 5004 dicatis,
1256 4940 1449 4997 Filium
1475 4945 1843 5008 animantibus
1864 4970 2079 5027 quoque

501 5033 717 5096 ratione
745 5030 1059 5087 carentibus
1081 5031 1313 5088 similem
1345 5048 1483 5091 esse.
1540 5037 1656 5094 Non
1696 5054 1781 5097 est
1837 5046 1998 5116 igitur
2023 5050 2074 5105 in

501 5126 812 5185 universum
835 5136 1099 5196 cognatus
1120 5136 1175 5183 et
1202 5127 1398 5185 similis
1455 5131 1519 5186 iis
1551 5148 1778 5203 quorum
1805 5141 2075 5213 primoge-

503 5220 648 5274 nitus
671 5232 792 5273 esse
821 5218 1062 5276 dicitur:
1116 5230 1345 5277 vocatur
1390 5233 1569 5281 autem
1614 5229 1709 5293 ita,
1759 5236 2078 5292 ostendente

502 5312 659 5368 nobis
692 5310 869 5367 divina
905 5311 1206 5383 Scriptura,
1243 5317 1385 5385 quod
1419 5330 1608 5374 omnes
1644 5320 1694 5375 in
1733 5321 1870 5381 Filio
1906 5337 1959 5383 et
1986 5344 2082 5397 per

502 5404 696 5470 Filium
736 5404 802 5460 ad
847 5405 1255 5474 aqualemcum
1287 5408 1403 5477 ipso
1436 5409 1665 5467 formam
1703 5430 1979 5484 vocamur,
2020 5422 2081 5475 li-

506 5494 559 5548 lii
588 5497 678 5549 Dei
712 5510 806 5566 per
843 5496 1072 5566 gratiam
1142 5496 1400 5552 declarati
1444 5498 1509 5555 “.
1569 5502 1745 5572 Atque
1806 5507 1921 5577 ipse
2001 5524 2081 5569 cst

508 5585 826 5655 principium
850 5586 1037 5656 gratia:
1086 5587 1243 5643 nobis
1290 5589 1457 5644 datm:
1508 5600 1560 5646 et
1607 5607 1701 5661 per
1761 5597 2077 5659 iuuncnsam

579 5736 626 5768 ⁷⁵⁵
656 5735 864 5791 (Συῐηδε.
900 5755 935 5802 ι,
985 5740 1063 5791 l5.

1144 5741 1183 5769 πο
1215 5741 1387 5795 Galat.
1435 5760 1501 5809 IV,
1540 5746 1653 5800 μυ,

2167 552 2263 621 τῆς
2304 551 2434 605 Υἱοῦ
2469 550 2844 625 προσηγορῖας
2882 549 3177 621 γενόμενος
3209 548 3392 611 αὐτοῖς
3428 547 3628 614 «tunc;

2856 750 3058 812 AAAO.

2241 863 2301 914 Ei
2353 863 2416 916 τὰ
2460 860 2651 933 πρῶτα
2692 860 2802 915 τῶν
2845 862 3114 933 δευτέρων
3170 861 3316 917 αἴτια
3363 865 3750 936 ὡμολόγηται,

2170 953 2385 1025 πρῶτον
2415 954 2471 1007 δὲ
2497 948 2565 1026 ἦν
2591 952 2724 1017 Θεὸς
2753 953 2848 1007 καὶ
2878 953 3015 1008 Θεοῦ
3046 952 3205 1021 Υἱὸς,
3233 953 3344 1008 τῶν
3377 956 3485 1027 ἀρα
3519 958 3752 1028 Αεγομέ-

2169 1064 2274 1100 νων
2308 1046 2403 1099 καὶ
2437 1046 2607 1109 αἴτιος
2639 1048 2666 1099 6
2689 1044 2838 1113 Υἱὸς,
2871 1046 2946 1110 ὡς
2978 1045 3036 1113 ἐξ
3065 1045 3297 1102 ἐκείνου.
3338 1048 3396 1101 Ὀ
3434 1049 3545 1119 ἄρα
3574 1050 3751 1114 αἴτιος

2168 1137 2281 1197 τῶν
2300 1136 2568 1206 δευτέρων
2600 1138 2750 1205 υἱῶν,
2790 1140 2838 1193 εἰ
2869 1136 3081 1207 λέγοιτο
3124 1140 3473 1211 πρωτότοκος
3493 1180 3508 1204 ,
3537 1142 3638 1212 οὐχ
3676 1143 3751 1205 ὡς

2171 1229 2387 1300 πρῶτος
2413 1230 2640 1285 ἐκείνων
2672 1231 2920 1302 ὑπάρξας
2947 1274 2960 1298 ,
2988 1231 3105 1285 ἀλλ’
3137 1231 3212 1295 ὡς
3247 1231 3464 1303 πρῶτος
3504 1233 3603 1303 τῆς
3628 1234 3747 1287 υἱοῦ

2169 1324 2543 1395 προσηγορίας
2574 1324 2865 1395 γενόμενος
2894 1325 3078 1390 αὐτοῖς
3107 1324 3298 1388 αἴτιος.

2842 1530 3046 1587 AAAO.

2243 1644 2306 1698 El
2350 1644 2440 1698 διὰ
2480 1642 2640 1698 τοῦτο
2670 1646 3018 1716 πρωτότοκος
3064 1646 3148 1699 ὅτι
3178 1646 3394 1715 πρῶτος
3429 1647 3643 1718 γέγονε,
3674 1652 3749 1721 τῷ

2171 1736 2226 1789 δὲ
2257 1735 2508 1807 πρῶτον,
2544 1736 2661 1790 ἀλλ’
2690 1737 2750 1790 οὺ
2793 1737 2954 1808 μόνον
2995 1755 3049 1790 τι
3092 1740 3455 1811 πεποιηκότι,
3505 1741 3642 1811 μετὰ
3690 1743 3751 1795 τὸ

2183 1826 2399 1899 πρῶτον
2424 1828 2617 1882 ἕπεται
2656 1828 3016 1899 πεποιηκέναι
3046 1830 3139 1883 καὶ¹
3168 1830 3365 1901 ἕτερα·
3413 1832 3441 1884 ὁ
3477 1832 3603 1896 Υἱὸς
3643 1833 3750 1902 ἀρα

2178 1920 2477 1990 πεποίηκεν
2515 1920 2686 1975 οὐδέν.
2730 1920 2886 1973 Ἐπεὶ
2916 1921 2973 1974 δὲ
3001 1922 3321 1993 πεποίηκεν,
3374 1924 3472 1993 οὐχ
3522 1922 3597 1987 ὡς
3631 1941 3749 1976 κτι-

2179 2011 2326 2075 σθεὶς
2376 2012 2757 2082 πρωτότοκος,
2806 2012 2922 2065 ἀλλ’
2976 2012 3052 2076 ὡς
3098 2013 3209 2068 τῶν
3252 2015 3465 2069 πάντων
3500 2017 3561 2068 ἐν
3596 2015 3749 2085 αὐτῷ

2178 2102 2507 2157 κτισθέντων
2538 2103 2645 2157 τῶν
2677 2121 2737 2157 τε
2762 2104 2821 2158 ὲν
2846 2104 3063 2175 οὐρανῷ
3093 2106 3314 2159 καὶτῶν
3341 2106 3433 2158 ἐπὶ
3462 2108 3583 2178 γῆς.

2852 2301 3058 2355 AAAO.

2252 2421 2310 2473 Ei
2344 2418 2429 2472 διὰ
2462 2419 2561 2489 τὴν
2592 2420 2699 2471 τῶν
2726 2418 3040 2490 κτισμάτων
3068 2417 3300 2489 πάροδον
3329 2417 3558 2487 ὑπέστη,
3589 2421 3747 2486 χάριν

2178 2512 2359 2575 αὐτοῖς
2381 2510 2512 2577 ἕξει,
2540 2511 2621 2572 ὅτι
2656 2511 2753 2581 τῆς
2779 2509 3043 2579 γενέσεως
3062 2507 3227 2563 αὑτοῦ
3262 2507 3550 2579 γεγόνασιν
3578 2508 3745 2565 αἴτια.

2845 2716 3048 2769 ΛΛΛΘ.

2252 2830 2313 2882 El
2360 2827 2481 2880 ἐπεὶ
2528 2828 2603 2898 μὴ
2650 2826 2845 2898 ἔφερεν
2889 2828 2922 2897 ἡ
2971 2825 3148 2887 κτίσις
3200 2822 3614 2892 αὐτουργοῦντα
3667 2822 3755 2874 τὸν

2181 2920 2465 2991 ἀγένητον,
2501 2920 2589 2973 διὰ
2617 2920 2774 2974 τοῦτο
2806 2920 3133 2991 δημιουργεῖ
3169 2917 3197 2969 ὁ
3225 2916 3372 2980 Υἱὸς,
3408 2915 3547 2985 μέση
3578 2932 3663 2977 τις
3692 2914 3757 2966 ἂν

2181 3010 2267 3081 εἴη
2298 3010 2459 3073 αὐτὸς
2485 3009 2737 3080 δύναμις,
2767 3009 2863 3061 καὶ
2895 3006 3019 3060 οὔτε
3052 3005 3211 3069 αὐτὸς
3246 3006 3312 3059 ἂν
3337 3004 3423 3074 εἴη
3455 3004 3751 3071 ἀγένητος·

2181 3104 2281 3156 οὐκ
2308 3103 2374 3156 ἂν
2403 3101 2509 3173 γὰρ
2539 3101 2732 3171 ἔφερεν
2762 3100 2924 3154 αὑτὸν
2950 3100 2981 3169 ὴ
3010 3098 3207 3162 κτίσις,
3240 3098 3350 3150 οὐδ’
3380 3091 3446 3149 αὖ
3476 3095 3585 3151 τῶν
3614 3112 3754 3163 γινο-

2186 3196 2391 3267 μένων·
2429 3195 2488 3247 οὐ
2520 3194 2628 3265 γὰρ
2670 3193 2865 3264 ἔφερεν
2910 3191 3069 3254 αὐτὸς
3096 3190 3187 3244 τὸν
3220 3189 3505 3259 ἀγένητον.
3544 3187 3757 3239 Τούτων

2180 3289 2225 3342 δ’
2245 3288 2503 3358 ὁπότερον
2526 3288 2627 3340 οὐκ
2657 3286 2806 3348 ὄντος
2840 3283 3024 3348 αὐτοῦ,
3057 3283 3305 3337 λείπεται
3332 3281 3581 3350 γέννημα
3602 3277 3757 3333 αὑτὸν

2180 3378 2280 3448 τῆς
2316 3378 2609 3448 άγεννήτου
2645 3376 2860 3445 φύσεως
2888 3374 3189 3445 ὁμολογεῖν.

2854 3665 2939 3718 A.\
2950 3666 3056 3716 ᾹΟ.

2465 3782 2783 3846 Ἀκτίθεσις
2810 3780 2889 3846 ὡς
2917 3780 2984 3832 ἐκ
3013 3778 3129 3832 τῶν
3166 3779 3485 3848 Εὼόμίοιι.

2258 3894 2319 3947 Εἰ
2349 3892 2480 3954 Θεὸς
2506 3890 2754 3961 ἀληθινὸς
2774 3930 2788 3954 ,
2819 3891 3003 3959 φησιν,
3043 3888 3190 3943 ἔστιν
3216 3891 3243 3943 ό
3275 3889 3423 3954 Υἱὸς,
3453 3889 3573 3952 πῶς
3602 3886 3763 3943 αὑτὸν

2182 3989 2295 4051 τοῖς
2323 3988 2570 4057 γενητοῖς
2594 3986 2918 4056 συναριθμεῖ
2956 3984 3051 4038 καὶ
3078 3986 3109 4054 ἠ
3138 3982 3256 4036 θεία
3289 3983 3481 4054 Γραφὴ
3507 3982 3759 4051 λέγουσα,

2190 4102 2206 4133 ι
2243 4079 2594 4151 Πρωτὸτοκος
2630 4078 2811 4147 πάσης
2845 4076 3106 4141 κτίσεως;
3136 4095 3155 4127 ι
3197 4074 3438 4146 Ἀνάγκη
3468 4076 3579 4145 γάρ
3609 4077 3760 4129 πάσα

2184 4172 2427 4226 τοιοῦτον
2459 4166 2599 4223 εἶναι
2642 4169 2736 4223 καὶ
2774 4167 2937 4221 αὑτὸν
2976 4167 3118 4221 κατά
3164 4166 3348 4237 φύσιν,
3391 4168 3549 4221 ὁποῖά
3566 4181 3672 4234 περ
3698 4166 3763 4220 ἂν

2187 4262 2407 4333 ὑπάρχῃ
2437 4262 2533 4327 καὶ
2556 4259 2627 4325 τά
2656 4253 2726 4313 ὧν
2755 4260 2872 4311 ἐστι
2901 4256 3142 4328 πρῶτος.

2660 4374 2815 4447 Πρός
2854 4372 3047 4439 ταῦτα
3077 4372 3280 4437 λύσις.

2267 4491 2494 4562 Ἀσεϐὴς
2528 4491 2556 4543 ὁ
2580 4488 2757 4558 λόγος,
2793 4488 2887 4542 καὶ
2915 4484 3118 4557 πολλὴν
3142 4484 3350 4539 ὠδίνων
3381 4483 3478 4557 τὴν
3504 4478 3761 4535 ἀτοπίαν.

2184 4586 2246 4639 Εἰ
2281 4582 2390 4655 γὰρ
2416 4582 2567 4637 ἔσται
2589 4586 2702 4646 τοῖς
2734 4581 2851 4653 μετ’
2884 4579 3046 4635 αὐτὸν
3074 4578 3369 4649 γεγονόσιν.
3387 4575 3699 4644 ἀναγκαίως
3734 4574 3765 4625 6

2183 4677 2312 4741 Υἱὸς
2346 4674 2728 4748 παραπλήσιος
2748 4713 2762 4738 ,
2796 4672 2920 4726 ἐπεὶ
2954 4671 3049 4725 καὶ
3082 4668 3431 4743 πρωτότοκος
3461 4664 3639 4721 αὐτῶν
3668 4683 3766 4718 κα-

2182 4773 2380 4835 λεῖται,
2408 4769 2597 4837 γέγονε
2620 4766 2678 4819 δὲ
2702 4764 2801 4818 οὐκ
2832 4763 3117 4836 ἄνθρωπος
3150 4761 3335 4833 μόνον,
3362 4757 3500 4813 ἀλλὰ
3526 4756 3619 4812 καὶ
3646 4755 3765 4819 ζῶα

2182 4861 2354 4918 πολλὰ
2384 4878 2481 4915 και
2508 4859 2742 4929 διάφορα
2762 4900 2776 4924 ,
2812 4856 2930 4927 ὥρα
2969 4854 3156 4908 λοιπὸν
3187 4851 3585 4913 δυσσεὸοὖντας
3618 4850 3765 4918 ὑμᾶς

2188 4954 2358 5017 ἀδεῶς
2382 4992 2397 5016 ,
2427 4946 2472 5005 ὦ
2516 4948 2873 5021 χριστομάχοι
2894 4986 2909 5011 ,
2948 4945 3132 5014 λέγειν
3164 4945 3247 4998 ὅτι
3280 4944 3377 4995 καὶ
3402 4943 3514 5003 τοῖς
3546 4937 3767 5004 ἀλόγοις

2188 5051 2347 5117 ζώοις
2379 5051 2407 5103 6
2434 5046 2598 5109 αὐτός
2649 5046 2764 5097 ἐστι
2807 5040 2948 5095 κατά
2989 5039 3152 5109 φύσιν
3195 5038 3224 5090 6
3257 5038 3406 5099 Υἱός.
3453 5031 3675 5117 οὐκοῦνῌ
3699 5029 3768 5081 οὐ

2187 5113 2404 5203 πάντως
2454 5138 2607 5191 ἔσται
2661 5132 2928 5203 συγγενὴς
2961 5125 3037 5184 ὧν
3087 5128 3183 5181 καὶ
3232 5123 3576 5197 πρωτότοκος
3623 5113 3770 5171 εἶναι

2184 5238 2432 5307 λέγεται·
2487 5230 2733 5285 καλεῖται
2785 5226 2843 5279 δὲ
2884 5224 3041 5278 τοῦτο
3062 5264 3075 5286 ,
3109 5216 3462 5286 δεικνυούσης
3496 5215 3630 5307 ἡμῖν
3664 5211 3770 5307 τῆς

2183 5302 2333 5393 οεέας
2364 5326 2586 5399 Γραφῆς
2610 5365 2625 5387 ,
2666 5323 2748 5376 ὅτι
2778 5319 2981 5381 πάντες
3010 5318 3069 5370 ὲν
3098 5312 3212 5383 Υἱῷ
3249 5311 3341 5364 καὶ
3368 5302 3772 5399 δι’ᾼΥἱοῦ

2185 5422 2243 5475 τὸ
2279 5392 2391 5475 ἴσον
2409 5392 2568 5486 αὐτῷ
2596 5414 2783 5486 σχῆμα
2813 5405 3127 5477 καλούμεθα
3149 5443 3162 5467 ,
3192 5401 3299 5454 υἱοὶ
3329 5396 3466 5452 Θεοῦ
3496 5394 3639 5449 κατά
3670 5392 3776 5486 γά-

2191 5533 2273 5585 ριν
2304 5482 2772 5578 ἀναδεικνύμενοι.
2810 5503 2920 5555 Καὶ
2947 5498 3109 5557 αὑτός
3155 5497 3304 5585 ἐστιν
3527 5486 3657 5585 ,τῆςΔ
3676 5482 3774 5534 δον

2188 5574 2371 5675 δείσῃς
2403 5604 2533 5673 ἡμῖν
2564 5600 2806 5670 χάριτος,
2844 5590 3101 5662 ἐξομοιῶν
3140 5583 3315 5652 ἐαυτῷ
3346 5580 3432 5633 διὰ
3465 5574 3778 5647 φιλανθρω-
