4078 6264
379 241 512 302 1181

1754 241 1844 300 DE
1881 237 2281 300 τΙὶΙΝΙΤΔἸῈ.

3502 247 3642 302 1163

378 365 478 418 1Α’.
525 363 665 442 Ὅτι
685 360 887 442 οὐδεές
919 359 1042 442 οἶᾷε
1061 363 1168 442 τέγ-
1197 364 1329 442 l‘idr
1349 359 1520 442 eiu-ii
1545 367 1834 442 ὁᾹΠαιζὴρ,
1860 366 1960 421 καί

2065 363 2158 421 XI.
2193 365 2347 434 Quod
2381 381 2528 442 uento
2565 366 2703 435 norit
2739 365 2962 442 Fiiium,
2992 363 3306 442 Διιίέξηιτειιει-
3325 382 3344 432 ;
3396 386 3645 442 nemoque

552 432 756 498 οὐδεὶς
792 429 919 488 οἵδε
951 436 1058 488 τὸν
1089 436 1340 506 Πατέρα,
1374 429 1534 508 εί
1561 440 1594 492 ό
1633 440 1680 491 Υ
1674 429 1783 504 ιόςῖ

447 567 565 624 Ἵνα
592 569 648 622 δὲ
675 568 940 642 δείξωμεν
966 569 1183 642 Πατρὸς
1207 573 1302 626 καὶ
1325 572 1454 628 Υίοῦ
1480 574 1580 648 τὴν
1609 575 1849 649 ίσότητα,
1874 577 1960 630 ἐπ’

373 661 546 732 αὐτὴν
589 659 834 730 ἔλθωμεν
867 659 968 732 τὴν
1009 661 1106 715 τοῦ
1141 661 1350 736 Κυρίου
1377 663 1726 720 διδασκαλίαν
1749 683 1764 698 ·
1806 686 1824 720 ι
1856 667 1962 721 06-

372 753 506 817 621;,
544 751 730 823 φησιν,
759 745 872 806 οἶδε
909 752 1003 806 τὸν
1033 752 1186 819 Υίδν,
1215 755 1264 808 εί
1295 753 1372 827 μὴ
1404 757 1433 810 6
1459 756 1650 828 Πατήρ
1669 775 1684 788 ·
1719 757 1840 812 οὐδὲ
1867 758 1961 812 τὸν

373 839 595 911 Πατέρα
647 857 732 904 τις
769 840 1144 909 ἐπιγινώσκει,
1192 843 1242 896 εί
1288 843 1366 916 μὴ
1409 845 1439 898 6
1471 845 1618 912 Υίδς,
1667 847 1764 902 καὶ
1804 844 1850 916 ᾧ
1893 848 1961 902 ἂν

375 929 634 1002 βούληται
663 932 693 983 6
723 930 852 996 Υίδς
897 933 1269 1003 ἀποκαλύψαι.
1319 953 1338 987 ι
1377 935 1444 988 Τί
1477 935 1682 991 τούτων
1714 938 1824 992 τῶν
1859 941 1960 1011 ρη-

375 1021 566 1090 μάτων
595 1023 958 1095 σαφέστερονς
993 1023 1135 1094 Ίση,
1157 1026 1346 1095 φησὶν,
1368 1027 1502 1097 ἡμῖν
1520 1027 1554 1097 ἡ
1581 1026 1782 1096 γνῶσίς
1806 1029 1924 1082 ἐστι
1943 1046 1958 1062 ο

375 1111 628 1181 γινώσκω
661 1112 772 1185 γὰρ
796 1113 888 1168 τὸν
921 1114 1164 1184 Πατέρα,
1197 1117 1602 1188 γινωσκόμενος
1635 1117 1726 1171 ὑπ’
1753 1119 1920 1175 αὐτοῦ
1942 1130 1958 1151 δ

376 1204 474 1256 καὶ
523 1202 781 1272 γινώσκει
827 1221 896 1276 με
941 1207 970 1258 6
1023 1205 1235 1278 Πατὴρ,
1285 1207 1377 1260 καὶ
1423 1207 1822 1278 γινωσκόμενος
1868 1209 1960 1263 ὑπ’

375 1293 535 1364 ἐμοῦ.
585 1295 743 1350 Πᾶσα
783 1295 841 1350 δὲ
873 1297 908 1367 ή
955 1297 1134 1362 κτίσις
1179 1297 1282 1368 τῆς
1314 1297 1591 1372 ἡμετέρας
1633 1299 1959 1374 ὲκδέϐληται

374 1385 646 1453 γνώσεως.
677 1383 802 1451 Πῶς
831 1386 940 1460 γὰρ
970 1385 1084 1441 οἷόν
1110 1405 1171 1442 τε
1198 1389 1297 1460 τῆς
1321 1387 1538 1458 φύσεως
1567 1390 1726 1462 ἡμῶν
1755 1391 1817 1445 οὐ
1847 1409 1959 1447 κοι-

373 1475 672 1544 νωνοῦσαν,
733 1478 1064 1548 κοινωνῆσαι
1109 1477 1211 1550 τῆς
1263 1479 1551 1549 γνώσεως;
1616 1482 1960 1556 μεταλαγχά-

372 1585 526 1623 νουσι
561 1568 620 1622 δέ
655 1585 799 1633 τινες
841 1569 993 1640 ὅμως
1039 1565 1300 1641 βραχείας
1330 1567 1474 1637 τινὸς
1507 1571 1778 1645 θεωρίας’
1823 1575 1960 1631 ἁπο-

373 1658 638 1714 καλύπτω
667 1659 776 1729 γὰρ
806 1658 882 1725 ὡς
909 1653 1022 1714 οἷόν
1049 1677 1111 1714 τε
1141 1655 1224 1725 οἷς
1249 1661 1317 1716 ἂν
1343 1661 1514 1717 ἐθέλω
1556 1664 1660 1737 τὴν
1706 1665 1836 1738 περὶ
1861 1667 1957 1722 τοῦ

373 1751 590 1827 Πατρός
646 1751 880 1822 γνῶσιν,
949 1751 1026 1817 ὡς
1080 1754 1140 1807 ἑν
1191 1752 1450 1826 ἐσόπτρῳ
1499 1757 1594 1810 καὶ
1645 1758 1952 1829 αἰνίγματι.

375 1848 564 1904 Ταῦτα
611 1848 678 1902 ὲκ
722 1847 832 1902 τῶν
857 1845 1207 1902 Δεσποτικῶν
1252 1847 1532 1919 ἱμάθομεν
1571 1849 1951 1921 διδαγμάτων·

375 1943 538 1996 ποίαν
567 1939 802 1996 ἐνταῦθα
851 1939 1036 2012 χώραν
1084 1939 1198 2012 ἔχει
1231 1939 1294 1993 τὺ
1337 1938 1522 2010 μεῖζον
1565 1941 1660 1996 καὶ
1701 1941 1955 2008 ἐλαττονς

372 2033 532 2086 Ποῖον
569 2030 778 2102 κτίσμα
804 2032 896 2085 τὸν
925 2030 1150 2104 κτίστην
1170 2028 1449 2100 γινώσκει,
1481 2029 1560 2092 ὡς
1586 2031 1692 2086 ὑπὸ
1721 2031 1818 2086 τοῦ
1843 2033 1959 2088 κτί-

370 2139 496 2176 στου
544 2121 912 2191 γινώσκεταις
959 2121 1119 2175 Ποῖον
1169 2121 1228 2176 δὲ
1275 2120 1492 2194 ποίημα
1535 2121 1636 2193 τὴν
1682 2123 1821 2196 πρὸς
1864 2123 1958 2178 τὸν

369 2215 604 2290 ποιητὴν
654 2217 878 2288 ἰσότητα
910 2216 1160 2288 δέχεταις
1205 2217 1276 2270 Ἦ
1308 2217 1410 2271 οὐκ
1445 2217 1604 2288 ίσμεν
1633 2219 1785 2285 ὅπως
1828 2221 1957 2294 περὶ

369 2313 471 2382 τῆς
500 2309 732 2374 κτίσεως
759 2309 796 2382 ὴ
825 2308 944 2364 θεία
969 2309 1162 2382 Γραφὴ
1188 2309 1528 2380 διαλέγεται;
1572 2311 1958 2385 ’Δναμνησθῶ-

376 2418 479 2474 μεν
515 2400 696 2456 τοίνυν
751 2400 862 2456 τῶν
913 2399 1007 2456 τοῦ
1053 2401 1334 2475 Προφήτου
1381 2403 1676 2476 ῥημάτων·
1741 2421 1760 2458 ι
1818 2406 1954 2461 Κατ’

371 2492 550 2564 ἀρχὰς
576 2492 990 2566 σὺ,Κύριε,τὴν
1017 2493 1120 2566 γῆν
1151 2495 1537 2568 ιθιμελίωσας,
1559 2498 1652 2553 καὶ
1682 2497 1822 2572 ῑργα
1845 2499 1956 2556 τῶν

371 2585 576 2656 χειρῶν
615 2585 710 2640 σού
759 2586 900 2640 είσιν
945 2584 1182 2658 οὐρανοί.
1222 2587 1392 2644 Αὐτοὶ
1422 2587 1773 2657 ἀπολοῦνται,
1805 2590 1870 2646 σὺ
1898 2592 1960 2648 δι

367 2673 646 2745 διαμένεις
665 2690 681 2706 ο
731 2677 826 2729 καὶ
863 2673 1065 2740 πάντες
1096 2675 1173 2740 ὡς
1201 2676 1418 2748 ίμάτιον
1452 2680 1956 2754 παλαιωθήσονται,

367 2763 462 2818 καὶ
507 2763 639 2817 ὡσεὶ
679 2762 1030 2838 περιϐόλαιον
1081 2765 1277 2834 ἑλίξεις
1319 2767 1540 2834 αὐτοὺς,
1579 2771 1675 2825 καὶ
1719 2772 1959 2846 ἀλλαγή-

369 2871 586 2908 σονται·
631 2854 695 2908 σὺ
735 2855 792 2910 δὲ
829 2856 995 2922 αὐτὸς
1023 2850 1096 2924 εί,
1136 2857 1230 2912 καὶ
1261 2857 1330 2913 τὰ
1363 2860 1462 2932 ἐτη
1509 2879 1605 2918 σου
1648 2864 1750 2918 οὐκ
1779 2865 1958 2920 ἐκλεί-

367 2945 548 3015 ψουσι.
590 2965 608 2998 ι
643 2947 757 3001 Καὶ
783 2947 982 3004 πάλινο
1017 2967 1036 3002 ι
1083 2949 1140 3005 '0
1179 2950 1351 3006 ποιῶν
1389 2953 1517 3018 τοὺς
1563 2955 1830 3024 ἀγγέλους
1857 2959 1958 3013 αὐ-

2465 435 2680 492 Ριιιηιιι
2709 439 2871 506 nouit,
2903 438 3003 492 nisi
3037 435 3230 492 Filius.

2135 568 2312 640 Atque
2340 579 2398 625 ut
2427 570 2860 628 demonstremus
2887 570 3067 630 Patris
3093 571 3322 645 Filiique
3363 575 3646 643 aequalita-

2067 669 2198 726 tem,
2217 662 2286 716 ad
2309 663 2480 732 ipsam
2493 665 2771 720 veniamus
2801 665 3014 720 Domini
3041 665 3367 722 doctrinam.
3398 685 3417 719 ι
3449 666 3639 732 Nemo,

2065 752 2260 822 inquit,
2294 752 2445 808 novit
2469 751 2686 822 Filium,
2709 755 2812 812 nisi
2837 755 3004 813 Pater
3029 773 3043 823 ;
3067 770 3336 828 nemoque
3363 758 3514 813 novit
3539 757 3643 812 Pa-

2065 853 2223 908 trem,
2247 844 2348 900 nisi
2377 843 2568 912 Filius,
2597 856 2651 902 et
2679 848 2766 903 cui
2796 848 3027 906 voluerit
3052 848 3221 906 Filius
3245 849 3486 906 revelare
3513 851 3578 904 “.
3619 869 3638 902 ι

2062 934 2201 1002 Quid
2221 937 2306 991 bis
2329 937 2512 994 verbis
2534 939 2883 1002 evidentius?
2913 940 3038 1007 Par,
3087 943 3284 1013 inquit,
3343 943 3499 1000 nobis
3551 959 3650 1000 co-

2062 1025 2232 1096 gnitio
2267 1035 2384 1083 est:
2409 1043 2680 1100 cognosco
2699 1031 2844 1087 enim
2872 1031 3088 1089 Patrem
3117 1034 3368 1106 cognitus
3385 1036 3454 1092 ab
3477 1036 3594 1104 ipso
3625 1055 3640 1090 ι

2063 1127 2118 1174 et
2143 1119 2422 1190 cognoscit
2445 1135 2534 1176 me
2561 1120 2724 1178 Pater
2749 1137 2780 1176 a
2811 1138 2898 1179 me
2925 1125 3166 1182 vicissim
3198 1127 3470 1198 cognitus.
3510 1125 3644 1184 Uni.-

2061 1225 2222 1268 versa
2243 1219 2428 1269 autem
2458 1221 2712 1270 creatura
2747 1217 3057 1287 cognitione
3089 1227 3274 1275 nostra
3317 1219 3644 1277 excluditur.

2061 1299 2196 1356 Nam
2215 1302 2308 1372 qui
2333 1301 2451 1360 ﬁeri
2479 1314 2669 1375 posset
2695 1315 2756 1362 ut
2783 1315 2979 1362 natura
3000 1322 3108 1366 non
3125 1309 3400 1380 particeps
3421 1321 3644 1376 nostrae,

2061 1392 2430 1462 cognitionem
2460 1395 2857 1468 participaret?
2884 1396 3224 1472 Participant
3270 1410 3452 1459 autem
3511 1419 3649 1459 non-

2060 1481 2194 1538 nulli
2220 1497 2410 1555 parum
2437 1487 2570 1556 quid
2609 1488 3084 1562 contemplationis
3117 1507 3131 1545 :
3165 1507 3268 1565 ego
3307 1494 3452 1550 enim
3493 1509 3646 1551 reve-

2060 1573 2132 1641 lo,
2159 1576 2338 1646 quoad
2388 1577 2539 1644 licet,
2575 1580 2773 1650 quibus
2821 1581 2954 1638 mihi
3007 1583 3220 1640 libitum
3265 1583 3430 1640 fuerit
3466 1585 3647 1641 Patris

2061 1667 2337 1733 notitiam,
2369 1677 2626 1742 tanquam
2649 1671 2702 1726 in
2739 1673 2958 1744 speculo
2980 1683 3036 1730 et
3087 1676 3394 1748 aenigmate.
3455 1677 3582 1734 Haec
3615 1695 3644 1733 ιι

2061 1757 2359 1816 Dominicis
2402 1761 2665 1817 doctrinis
2709 1763 3020 1820 didicimus.
3061 1767 3362 1834 Quemnam
3429 1769 3517 1825 hic
3569 1772 3647 1824 lo-

2061 1862 2186 1904 cum
2223 1851 2443 1920 babent,
2497 1852 2674 1923 majus
2725 1863 2782 1910 et
2832 1857 3044 1912 minus?
3099 1873 3348 1928 quamam
3395 1871 3646 1916 creatura

2059 1936 2376 1995 Creatorem
2397 1944 2700 2012 cognoscit.
2732 1945 2893 2002 sicuti
2913 1947 3028 2016 ipsa
3073 1961 3104 2001 a
3147 1947 3410 2006 Creatore
3440 1965 3646 2021 cogno-

2061 2030 2269 2086 scitur?
2293 2031 2554 2101 Quaenam
2595 2049 2685 2094 res
2723 2035 2864 2094 facta
2894 2039 3257 2112 aqualitatem
3288 2058 3408 2098 cum
3439 2041 3649 2102 factore

2061 2124 2286 2178 tuetur?
2313 2123 2396 2181 An
2435 2126 2748 2198 ignoramus
2805 2132 3078 2201 quomodo
3139 2132 3207 2188 de
3250 2127 3450 2191 creatis
3483 2135 3648 2192 rebus

2060 2213 2240 2272 divina
2271 2215 2550 2288 Scriptura
2581 2218 2868 2292 loquatur?
2895 2219 2951 2276 lu
2980 2233 3214 2280 mentem
3244 2223 3430 2296 itaque
3487 2241 3646 2284 revo-

2058 2319 2247 2364 ccmus
2275 2311 2442 2366 verba
2475 2305 2801 2380 Propheta:
2848 2331 2868 2367 ι
2902 2311 3062 2370 luitio
3097 2325 3174 2383 tu,
3237 2311 3486 2384 Domine,
3538 2321 3648 2375 ter-

2061 2412 2179 2456 ram
2209 2398 2469 2468 fundasti.
2499 2411 2556 2460 et
2587 2417 2756 2475 opera
2785 2421 3042 2464 manuum
3075 2417 3292 2465 tuarum
3322 2421 3447 2468 sunt
3475 2407 3596 2469 creti
3627 2431 3644 2468 :

2061 2485 2164 2564 ipsi
2193 2493 2468 2564 peribunt,
2504 2503 2560 2550 tu
2598 2505 2782 2554 autem
2807 2512 3142 2570 permanes:
3192 2511 3248 2558 et
3267 2517 3463 2560 omnes
3501 2505 3646 2561 εἰι-ιιι

2060 2584 2444 2642 vestimentum
2474 2595 2836 2657 veterasccnt,
2855 2599 2912 2646 et
2943 2581 3088 2648 sicut
3111 2585 3444 2662 opertorium
3467 2599 3648 2652 inver-

2061 2684 2144 2734 tes
2164 2690 2278 2746 eos,
2300 2685 2356 2735 et
2389 2677 2825 2738 immutabuntur
2859 2699 2875 2738 :
2925 2692 2982 2740 tu
3012 2699 3143 2740 vero
3167 2685 3312 2743 idem
3339 2689 3455 2758 ipse
3485 2705 3566 2756 es,
3591 2693 3648 2744 et

2061 2769 2188 2826 anni
2215 2771 2292 2825 tui
2319 2785 2428 2826 non
2457 2771 2712 2830 deﬁcient
2738 2773 2804 2831 ".
2837 2791 2858 2827 ι
2911 2775 2978 2832 Ει
3027 2792 3264 2836 rursus:
3300 2799 3318 2833 ι
3362 2779 3462 2848 Qui
3510 2783 3650 2836 facis

2061 2860 2284 2932 angelos
2312 2870 2432 2918 tuos
2471 2862 2718 2933 spiritus.
2771 2873 2828 2922 et
2882 2867 3170 2924 ministros
3219 2879 3342 2928 tuos
3369 2871 3644 2928 ﬂammam

2059 2953 2204 3024 ignis
2231 2953 2296 3009 ".
2341 2971 2362 3007 ι
2393 2952 2520 3010 Haec
2542 2968 2626 3012 est
2645 2967 2916 3014 creatura:
2941 2974 2974 3014 a
3015 2959 3276 3018 Creatorc
3333 2964 3644 3021 diversitas.

368 3034 468 3089 τοῦ
517 3033 824 3106 πνεύματα,
867 3037 961 3092 καὶ
997 3039 1126 3103 τοὺς
1170 3039 1520 3112 λειτουργοὺς
1572 3045 1738 3100 αὑτοῦ
1785 3047 1958 3118 πυρὸς

2063 3045 2166 3102 Ubi
2190 3061 2320 3118 ergo
2349 3047 2652 3114 aequalitas,
2686 3049 2756 3104 ibi
2789 3065 2893 3105 non
2915 3059 3003 3106 est
3033 3062 3284 3108 creatura
3311 3063 3366 3110 et
3394 3049 3645 3118 Creator.

371 3127 572 3196 φλόγα.
615 3145 635 3180 ι
671 3126 818 3200 Αὕτη
851 3129 1082 3194 κτίσεως
1114 3132 1210 3184 καὶ
1253 3133 1473 3188 κτίστου
1502 3134 1756 3210 διαφορά.
1792 3139 1961 3196 Ἔνθα

367 3217 553 3270 τοίνυν
593 3217 794 3287 ἰσότης,
831 3217 1013 3274 οὐκέτι
1044 3219 1249 3293 κτίσμα
1281 3221 1378 3276 καὶ
1403 3225 1648 3296 κτίστης,
1679 3227 1817 3282 ἀλλὰ
1847 3229 1959 3286 Πα-

368 3309 474 3393 τὴρ
521 3309 616 3362 καὶ
667 3309 828 3372 Υίόςσ
865 3309 946 3364 διὸ
974 3311 1276 3368 καὶταῦτα
1317 3313 1530 3370 τέθεικε
1576 3317 1648 3372 τὰ
1693 3319 1957 3393 ὀνόματα,

367 3389 459 3450 ἵνα
493 3399 557 3452 ὲκ
587 3396 694 3450 τῶν
721 3397 1000 3469 ὀνομάτων
1027 3400 1290 3472 μάθωμεν
1320 3405 1418 3476 τὴν
1451 3389 1828 3480 ταυτότητα.ἰ
1858 3389 1958 3464 Οὺζ

367 3490 480 3554 δεῖς
520 3490 648 3563 γὰρ,
677 3492 832 3563 φησὶ,
873 3492 1128 3561 γινώσκει
1174 3495 1267 3548 τὸν
1313 3496 1442 3551 Υίὸν
1474 3500 1522 3552 εί
1566 3499 1642 3571 μὴ
1683 3503 1711 3556 6
1743 3503 1954 3577 Πατὴρ,

369 3585 489 3638 οὐδὲ
519 3585 610 3638 τὸν
641 3581 857 3658 Πατέρα
885 3603 970 3650 τις
995 3587 1349 3658 ἐπιγινώσκει
1387 3591 1435 3643 εί
1467 3590 1545 3664 μὴ
1573 3593 1603 3646 6
1637 3593 1783 3658 Υίός.
1819 3615 1837 3647 ι
1865 3595 1957 3668 Τῷ

369 3678 544 3730 εἰπεῖν
578 3696 598 3732 ι
633 3677 828 3744 οὐδεὶς,
865 3697 885 3730 ι
919 3678 1018 3752 τὴν
1057 3680 1236 3735 κτίσιν
1272 3682 1574 3754 ἐδήλωσεν·
1608 3667 1953 3761 ἐκδαλομένη

369 3771 428 3823 δὲ
463 3772 498 3842 ἡ
547 3771 746 3838 κτίσις,
794 3771 1034 3826 δείκνυσι
1077 3773 1168 3828 τὸν
1199 3765 1434 3845 μένοντα
1483 3776 1591 3830 τῶν
1638 3781 1956 3851 κτισμάτων

371 3864 694 3934 ὑπέρτερον,
726 3862 803 3935 τῷ
835 3863 892 3918 δὲ
917 3866 1240 3936 γεννήσαντι
1277 3867 1523 3938 φυσικῶς
1567 3873 1914 3942 συνημμένον
1936 3892 1952 3908 ·

2065 3139 2162 3196 sed
2199 3137 2362 3194 Pater
2390 3152 2454 3194 ac
2469 3137 2675 3194 Filius:
2709 3153 2878 3210 quare
2901 3149 2957 3195 et
2981 3141 3094 3196 lucc
3116 3145 3296 3212 posuit
3319 3137 3560 3212 nomina,
3592 3159 3650 3201 ut

2066 3243 2133 3285 ex
2163 3229 2248 3284 bis
2266 3227 2490 3300 689m
2523 3229 2656 3300 ipsis
2691 3233 2952 3285 unitatem
2986 3229 3308 3288 substantiae
3344 3235 3644 3291 discamus.

2071 3338 2090 3372 ι
2129 3319 2298 3376 Nemo
2320 3324 2490 3388 enim,
2513 3313 2876 3392 inquit,novit
2897 3311 3116 3388 Filium,
3147 3323 3252 3378 nisi
3273 3315 3456 3390 Pater,
3477 3341 3652 3396 neque

2064 3410 2284 3468 Patrem
2301 3413 2426 3482 quis
2461 3415 2634 3481 novit,
2661 3413 2764 3470 nisi
2798 3413 2987 3470 Filius.
3014 3432 3033 3468 ι
3060 3412 3337 3472 Vocabula
3383 3435 3402 3468 ι
3439 3433 3596 3474 nemo
3627 3439 3646 3468 ›

2065 3513 2374 3560 creaturam
2395 3506 2640 3562 denotat.
2667 3505 2898 3562 Exclusa
2929 3516 3108 3561 autem
3143 3519 3392 3562 creatura
3429 3509 3651 3563 demou-

2063 3605 2202 3652 strat
2241 3611 2564 3668 permanere
2591 3613 2714 3654 eum
2746 3598 2836 3667 qui
2863 3595 3130 3654 creaturis
3159 3599 3407 3668 superior
3425 3608 3530 3664 est,
3558 3615 3651 3670 ερ-

2065 3691 2230 3748 nitori
2270 3690 2936 3761 naturalitercopulatum.
2973 3709 2990 3742 ι
3033 3685 3204 3745 Nemo
3254 3692 3400 3744 novit
3430 3687 3646 3754 Filium,

2065 3785 2170 3841 nisi
2204 3785 2386 3852 Pater,
2411 3800 2588 3854 neque
2626 3783 2844 3838 Patrem
2872 3784 2996 3854 quis
3025 3783 3200 3850 novit,
3232 3783 3336 3838 nisi
3363 3781 3554 3852 Filius,
3594 3797 3649 3842 ct

2063 3877 2151 3934 cui
2187 3877 2414 3932 voluerit
2441 3875 2614 3929 Filius
2639 3873 2900 3928 revelare.
2935 3894 2955 3926 ι

371 3975 390 4008 ι
441 3957 633 4021 Οὐδεὶς
663 3956 918 4025 γινώσκει
947 3959 1037 4013 τὸν
1076 3959 1202 4012 Υίὸν
1236 3961 1286 4014 εί
1321 3963 1396 4031 μὴ
1450 3962 1478 4014 6
1527 3961 1740 4035 Πατὴρ,
1768 3966 1887 4020 οὐδὲ
1926 3971 2016 4025 τὸν
2065 3970 2285 4041 Πατέρα
2330 3985 2416 4032 τις
2470 3964 2844 4032 ἐπιγινώσκει,
2873 3966 2922 4018 εἰ
2976 3961 3054 4034 μὴ
3081 3966 3108 4016 ὁ
3140 3965 3288 4032 Υἱὸς,
3341 3967 3436 4018 καὶ
3489 3959 3534 4035 ᾧ
3583 3967 3649 4021 ἂν

357 4050 620 4118 ,βούληται
648 4053 677 4104 6
711 4052 834 4116 Υἱὸς
871 4053 1239 4125 ἀποκαλύψαι.
1278 4073 1297 4106 ι

436 4144 764 4198 Είπὰτωοαν
797 4147 848 4198 οἱ
875 4149 976 4217 τῆς
1016 4146 1281 4218 ἀληθείας
1313 4148 1524 4220 ἐχθροὶ,
1559 4150 1676 4216 πῶς
1717 4151 1823 4225 χρὴ
1856 4155 1955 4226 τὴν

366 4234 518 4288 θείαν
548 4234 944 4305 ἀναγινώσκειν
975 4238 1226 4311 Γραφὴν,
1259 4240 1339 4311 τῷ
1364 4241 1652 4312 γράμματι
1681 4245 1953 4316 στέργειν,
2003 4277 2006 4280 ι

2130 4131 2326 4206 Dicant
2357 4125 2603 4185 veritatis
2632 4125 2838 4188 hostes,
2884 4123 3152 4196 quomodo
3191 4133 3444 4194 oporteat
3495 4125 3649 4180 Scri-

2060 4233 2274 4296 pturam
2299 4213 2512 4290 legere;
2553 4217 2816 4272 littcrtene
2845 4211 3144 4281 adlnerere,
3171 4229 3237 4267 an
3269 4229 3488 4269 sensum
3521 4229 3646 4282 pcr-

363 4326 400 4395 ῆ
432 4324 531 4397 τὴν
559 4324 768 4380 ἔννοιαν
798 4307 1045 4400 ἐρευνᾷν.
1089 4307 1207 4382 Κᾶν
1254 4307 1353 4402 μέν
1377 4307 1561 4386 οὗν-τὺ
1585 4307 1840 4406 δεύτερον
1873 4307 1949 4389 ei;

2061 4316 2315 4374 scrutari.
2347 4315 2413 4370 Et
2452 4315 2496 4368 si
2525 4311 2627 4368 hcc
2661 4309 2890 4365 alterum
2922 4307 3180 4377 dixerint,
3210 4310 3422 4364 discant
3453 4309 3536 4364 vel
3580 4324 3647 4364 ex

363 4433 537 4480 πωσι,
570 4417 888 4488 μαθέτωσαν
916 4422 1010 4491 ἀφ’
1041 4413 1117 4474 ὧν
1154 4421 1396 4491 λέγουσι,
1445 4425 1547 4478 κάν
1591 4427 1705 4489 τοῖς
1736 4429 1958 4493 οίκείοις

364 4507 719 4579 προϐλήμασι
762 4510 922 4565 τοῦτο
962 4514 1158 4578 ποιεῖν,
1192 4515 1288 4569 καὶ
1327 4515 1426 4586 τὴν
1457 4515 1635 4587 ἀληθῆ
1663 4518 1772 4572 τῶν
1810 4535 1956 4590 πρα-

364 4600 592 4668 γμάτων
643 4600 827 4672 ζητεῖν
877 4604 1206 4676 ἑρμηνείαν·
1254 4607 1304 4659 εί
1339 4607 1396 4660 δὲ
1442 4610 1601 4676 φαῖεν
1653 4611 1847 4680 ἀρκεῖν
1897 4613 1958 4664 τὸ

364 4692 600 4763 γράμμα
632 4694 769 4765 πρὸς
804 4695 1010 4767 ἀκριδῆ
1040 4696 1413 4762 διδασκαλίαν,
1437 4700 1501 4752 ὲκ
1529 4699 1634 4753 τῶν
1658 4702 1957 4771 ἰιροκειμεί⁴

363 4803 472 4837 νων
501 4786 602 4856 τὴν
625 4786 834 4841 ἔννοιαν
865 4789 1048 4842 αὐτῶν
1079 4789 1441 4861 διελέγξωμαι
1459 4808 1472 4820 ·
1509 4792 1822 4860 εὑρίσκεται
1850 4794 1957 4862 γὰρ

361 4877 654 4945 ἀνέφικτος
699 4878 800 4948 μὲν
837 4881 865 4932 6
905 4879 1054 4946 Υἱὸς,
1097 4883 1126 4933 6
1173 4883 1230 4936 δὲ
1265 4883 1455 4953 Πατὴρ
1492 4884 1747 4951 ὲφικτός·
1799 4885 1894 4937 καὶ
1925 4886 1952 4934 6

363 4970 466 5038 μὲν
495 4971 874 5043 άπερινόητος,
903 4976 932 5026 6
962 4975 1016 5027 δὲ
1063 4976 1253 5046 Πατὴρ
1283 4974 1474 5038 θεατός
1497 4991 1511 5006 ·
1544 4977 1672 5044 περὶ
1708 4975 1805 5044 μὲν
1845 4976 1952 5047 γὰρ

361 5062 560 5114 ἑαυτοῦ
590 5066 618 5116 6
651 5065 934 5136 Δεσπότης
967 5067 1205 5136 Χριστὸς
1247 5067 1437 5131 εἰπὼν,
1478 5068 1560 5120 ὃτι
1590 5087 1607 5117 r
1656 5067 1842 5132 Οὐδεὶς
1871 5086 1953 5136 γι-

361 5152 562 5206 νώσκει
587 5154 678 5206 τὺν
713 5156 862 5221 Υίὸν,
895 5159 944 5211 εί
974 5159 1049 5229 μὴ
1081 5159 1110 5210 6
1145 5159 1356 5228 Πατὴρ,
1389 5176 1408 5208 ι
1435 5159 1534 5210 οὐκ
1565 5159 1836 5228 ἐπήγαγε,
1859 5161 1953 5212 καὶ

358 5237 406 5311 ᾧ
457 5245 524 5297 ἂν
577 5246 835 5319 βούληται
879 5251 907 5301 6
952 5249 1144 5322 Πατὴρ
1189 5249 1833 5320 ἀποκαλύψανείρηκὼς
1872 5250 1948 5312 δὲ,

367 5353 384 5385 ι
429 5336 565 5388 Οὐδὲ
593 5337 686 5389 τὸν
729 5341 950 5411 Πατέρα
979 5359 1063 5405 τις
1096 5343 1475 5410 ἐπιγινώσκει,
1503 5343 1551 5395 εί
1589 5343 1662 5412 μὴ
1688 5343 1716 5394 6
1749 5343 1894 5405 Υἱὸς,
1929 5361 1947 5390 ι

363 5425 536 5488 Εὐθὺς
565 5429 898 5500 προσέθηκε,
933 5451 950 5482 ι
988 5433 1097 5486 Καὶ
1129 5427 1174 5500 ᾧ
1203 5435 1268 5487 ἂν
1296 5434 1552 5504 βούληται
1592 5437 1620 5486 ὁ
1661 5434 1787 5496 Tib;
1816 5431 1950 5486 ἀπο-

361 5514 603 5583 καλύψαι
629 5535 640 5546 ’
704 5537 722 5569 ι
772 5519 866 5570 καὶ
900 5520 958 5571 οὐ
999 5522 1161 5587 μόνον
1196 5521 1356 5573 αὑτὸν
1403 5520 1677 5592 Θεωρητὸν
1721 5517 1950 5584 πεποίη-

2059 4409 2220 4466 dictis
2241 4407 2494 4480 propriis,
2528 4408 2582 4462 in
2643 4405 2755 4460 suis
2793 4418 3010 4474 quoque
3068 4404 3532 4476 propositionibus
3594 4405 3647 4457 id

2061 4516 2240 4570 agere,
2272 4509 2326 4555 et
2353 4513 2532 4554 veram
2557 4512 2737 4552 rerum
2764 4495 3054 4566 exquirere
3083 4496 3516 4567 intelligentiam.
3549 4497 3643 4549 Sin

2060 4595 2242 4649 dicant
2269 4591 2518 4648 suﬂicere
2549 4590 2654 4642 vim
2682 4589 2876 4644 litterae
2913 4581 2978 4641 ad
3009 4597 3318 4642 accuratam
3345 4589 3420 4640 rei
3471 4589 3648 4640 (πριιιι-

2061 4686 2354 4749 rationem,
2390 4699 2453 4738 ει
2493 4681 2784 4752 propositis
2843 4679 3022 4735 verbis
3068 4681 3383 4733 eorumdem
3425 4693 3644 4730 sensuttt

2061 4789 2306 4845 arguam.
2356 4765 2698 4843 Comperitur
2753 4769 2896 4826 enim
2969 4766 3378 4838 inintelligibilis
3441 4765 3647 4827 Filius.

2061 4867 2224 4923 Pater
2274 4875 2454 4920 autem
2515 4855 2916 4935 intelligibilis:
2960 4869 3014 4916 et
3071 4859 3162 4913 ille
3229 4857 3445 4927 quidem
3499 4857 3644 4910 inco-

2060 4961 2332 5033 gitabilis,
2372 4961 2533 5016 Pater
2584 4970 2763 5014 autem
2792 4958 3039 5012 visibilis.
3098 4953 3233 5010 Nam
3269 4969 3389 5009 cum
3443 4953 3508 5007 de
3556 4968 3642 5006 sc-

2063 5057 2180 5123 ipso
2248 5053 2507 5106 Dominus
2563 5052 2812 5105 Christus
2873 5048 3140 5113 dixisset,
3206 5065 3224 5097 ι
3276 5042 3442 5099 Nemo
3497 5046 3644 5097 novit

2064 5146 2284 5208 Filium,
2314 5145 2413 5197 nisi
2442 5132 2622 5204 Pater,
2656 5159 2674 5191 ι
2709 5157 2810 5195 non
2842 5141 3065 5203 addidit,
3094 5149 3151 5193 et
3181 5137 3267 5192 cui
3291 5137 3517 5191 voluerit
3541 5135 3642 5189 Pa-

2065 5247 2147 5292 tcr
2175 5234 2435 5290 revelare.
2472 5233 2605 5286 Cum
2665 5247 2791 5285 vero
2846 5231 3095 5294 dixisset,
3151 5248 3169 5280 r
3210 5243 3384 5297 neque
3427 5225 3640 5280 Patrem

2061 5329 2182 5398 quis
2211 5328 2361 5382 novit
2395 5327 2494 5380 nisi
2529 5321 2712 5386 Filius,
2755 5343 2773 5373 ι
2802 5323 2985 5378 statim
3015 5319 3272 5386 subdidit,
3311 5340 3328 5372 ι
3366 5329 3418 5374 et
3437 5320 3523 5372 cui
3551 5333 3639 5370 vo-

2058 5421 2219 5474 luerit
2267 5418 2430 5472 Filius
2488 5413 2748 5470 revelare.
2779 5432 2798 5466 ι
2850 5407 3036 5482 Neque
3096 5413 3269 5467 solum
3326 5409 3640 5464 noscihilent

2061 5513 2186 5569 fecit
2213 5504 2459 5577 Patrem,
2494 5507 2586 5564 sed
2617 5507 2756 5560 hanc
2787 5521 2814 5558 a
2839 5517 2935 5560 sua
2982 5513 3252 5574 potestate
3274 5501 3510 5574 pendere
3545 5513 3640 5555 co-

437 5695 484 5728 “
515 5694 706 5751 Matth.
742 5712 820 5760 χι,
851 5697 942 5749 9.7.
1023 5697 1063 5727 ¹⁷
1101 5697 1241 5752 Psal.
1281 5714 1353 5761 Ci,
1387 5699 1574 5753 ἰεῦ-⁸28.
1655 5698 1696 5728 "‘
1730 5694 1866 5749 Psal.
1905 5708 2022 5758 CIII,
2063 5692 2106 5745 l.

696 5789 969 5848 Parum.
1021 5789 1137 5849 Οιι.
1189 5789 1434 5850 LXXV.

3227 5760 3317 5835 '37
