4078 6264
493 286 628 340 1165

1547 271 1605 326 S.
1648 267 1925 324 CYRILLI
1965 261 2429 321 ALEXANDRINI
2467 259 2786 318 ARCHIEP.

3606 254 3742 311 H84

491 401 786 470 gnitionem
825 392 1140 451 declaravit.
1169 377 1340 446 Porro
1388 384 1600 440 etiamsi
1657 382 1850 437 millies
1879 382 2074 436 adver-

2199 395 2291 441 ιεν,
2343 377 2478 430 ἀλλὰ
2535 377 2627 428 καὶ
2672 374 2774 444 τῆς
2819 369 3028 432 οἰκείας
3075 368 3323 436 ἐξουσίας
3371 367 3472 436 τὴν
3515 365 3746 438 θεωρίαν

491 508 589 548 Sus
619 490 814 546 Filium
846 487 1006 554 impie.
1029 497 1210 553 agere,
1243 487 1402 550 prout
1431 475 1625 542 solent,
1657 473 1948 538 voluerint,
1969 487 2067 528 nos

497 585 872 654 blasphemam
926 577 1250 633 sententiam
1307 571 1378 626 de
1429 569 1539 624 Deo
1594 567 1756 622 Patre
1791 566 2068 634 suscipere

497 693 601 733 non
621 676 874 730 feremus.
904 668 1186 725 Credimus
1207 664 1349 719 enim
1375 659 1697 717 invisibilem
1725 668 1781 713 et
1811 658 2069 726 incogita.

496 768 656 826 bilem
688 779 808 820 esse
828 759 1183 816 universalem
1222 757 1408 809 Deum.
1446 751 1584 807 Nam
1635 749 1907 821 quomodo
1987 747 2070 801 in-

453 883 466 930 χ
498 852 997 927 comprehensibilis
1051 849 1220 904 Filius
1267 849 1337 902 sit
1373 847 1490 915 ejus
1536 844 1628 914 qui
1679 839 2068 910 comprehendi

498 949 708 1022 potest?
733 947 872 1017 Ergo
893 943 1106 998 Patrem
1134 955 1286 1012 mque
1320 954 1385 994 ac
1401 937 1594 993 Filium
1628 932 2068 1004 inintelligibiles,

499 1041 806 1096 inaccessos
847 1029 1530 1105 incomprehensibilesque
1556 1028 1807 1082 dicimus.
1841 1023 2072 1078 Revela-

497 1133 541 1186 ri
566 1141 747 1184 autem
778 1143 808 1182 a
837 1126 996 1182 Patre
1013 1124 1177 1180 etiam
1200 1121 1321 1176 Filii
1355 1119 1603 1176 notitiam
1619 1116 1894 1172 credimus
1923 1127 2074 1168 men-

500 1223 568 1276 tis
597 1216 954 1274 visuietiidei
987 1210 1450 1281 contemplationi.
1482 1227 1501 1262 ι
1546 1207 1720 1262 Nemo
1777 1205 1924 1260 novit
1976 1202 2072 1258 Fi-

501 1312 650 1376 lium,
678 1309 782 1363 nisi
813 1307 994 1369 Pater,
1023 1317 1200 1374 neque
1221 1303 1440 1357 Patrem
1470 1302 1594 1369 quis
1629 1299 1796 1361 novit,
1842 1295 1946 1350 nisi
1986 1293 2076 1350 Fi-

503 1404 624 1456 lius.
656 1420 675 1451 ι
715 1399 781 1453 Et
819 1398 927 1453 alio
948 1397 1067 1452 loco
1101 1414 1114 1449 :
1161 1413 1180 1446 ι
1211 1393 1363 1448 Sicut
1425 1391 1708 1462 cognoscit
1763 1403 1855 1444 me
1891 1387 2074 1453 Pater,

501 1499 557 1546 et
577 1505 676 1562 ego
717 1501 984 1559 cognosco
1021 1486 1240 1542 Patrem
1266 1483 1330 1538 “.
1363 1501 1382 1535 ι
1414 1481 1566 1537 Haud
1609 1480 1889 1535 enimvero
1940 1477 2085 1533 alter.

501 1582 719 1650 quidem
743 1578 938 1648 magis,
971 1578 1112 1634 alter
1147 1577 1348 1641 minus,
1378 1574 1475 1630 sed
1496 1572 1764 1642 quomodo
1789 1583 2076 1641 cognosco.

503 1675 574 1728 ita
599 1681 656 1728 et
693 1685 1010 1741 cognoscor.

2172 471 2486 539 ἐξήρτησεν.
2538 466 2698 519 ’Λλλὰ
2727 464 2831 518 κᾶν
2863 462 3122 533 μυριάκις
3154 461 3233 524 είς
3257 460 3348 513 τὸν
3377 459 3500 512 Υἱὺν
3533 458 3748 512 ἀσεϐεῖν

2173 559 2462 623 ἐθέλωσιν,
2519 551 2600 620 οἷς
2649 553 2806 609 τοῦτο
2851 553 3035 622 φίλον,
3087 552 3246 622 ἡμεῖς
3301 550 3403 602 οὐκ
3449 547 3750 617 ἀνεξόμεθα

2176 650 2492 720 βλάσφημον
2524 648 2730 700 ἔννοιαν
2760 641 3154 720 καταδέξασθαι
3186 641 3314 711 περὶ
3345 639 3480 693 Θεοῦ
3512 639 3606 693 καλ⁵
3635 639 3751 692 Πα-
3777 685 3781 720 ε

2326 715 2338 769 ζ
2369 715 2695 809 πιστεύομεν
2721 736 2828 808 γὰρ
2854 715 3080 788 ἀθέατον
3109 733 3205 787 καὶ
3229 731 3586 803 ἀπερινὸήτον
3612 725 3754 782 εἶναι

2175 835 2266 888 τὸν
2294 831 2404 887 τῶν
2445 831 2581 884 ὅλων
2614 828 2748 882 Θεόν
2777 845 2790 858 ο
2849 827 2966 890 πῶς
2990 824 3099 896 γὰρ
3145 827 3172 878 ὁ
3209 823 3592 894 ἀκατάληπτος
3625 820 3756 882 Υἱὸς

2178 923 2244 978 ἂν
2283 923 2366 992 εἴη
2395 920 2486 974 τοῦ
2511 917 2922 989 καταληφθῆναι
2948 917 3250 987 δυναμένου
3273 935 3288 980 ;
3316 914 3550 984 Ὁμοίως
3572 911 3759 965 τοίνυν

2177 1014 2395 1084 Πατέρα
2423 1013 2518 1065 καὶ
2544 1010 2671 1064 Υίὸν
2697 1008 2978 1080 ἀχώρητον
3003 1003 3143 1061 εἷναί
3174 1023 3352 1078 φαμεν
3380 1004 3669 1072 ἀνέφικτον
3695 1019 3758 1058 τι

2178 1105 2272 1157 καὶ
2312 1104 2725 1175 ἀκατάληπτονο
2771 1099 3249 1156 ἀποκαλύπτεσθαι
3298 1097 3356 1151 δὲ
3402 1096 3492 1150 διά
3543 1095 3759 1165 Πατρὸς

2175 1193 2274 1245 καὶ
2310 1192 2440 1246 Υίοῦ
2483 1193 2583 1264 τὴν
2633 1191 2836 1262 γνῶσιν
2875 1189 3203 1258 πιστεύομεν
3249 1187 3325 1257 τῷ
3368 1187 3472 1256 τῆς
3516 1184 3758 1247 διανοίας

2180 1283 2388 1352 ὀπτικῷ
2412 1282 2506 1336 καὶ
2521 1284 2587 1354 τῇ
2618 1282 2714 1351 τῆς
2747 1280 2983 1341 πίστεως
3011 1277 3234 1348 θεωρίᾳ·
3257 1295 3281 1327 ι
3293 1274 3478 1338 Οὐδεὶς
3497 1271 3759 1341 γινώσκει

2182 1371 2271 1425 τὸν
2301 1371 2450 1436 Υἱὸν,
2487 1373 2535 1423 εἰ
2565 1370 2640 1441 μὴ
2663 1371 2690 1422 ὁ
2717 1369 2934 1440 Πατήρ·
2968 1366 3088 1420 ούδέ
3121 1365 3213 1419 τὸν
3243 1363 3464 1436 Πατέρα
3489 1379 3574 1426 τις
3597 1361 3759 1430 γινώ-

2182 1481 2326 1528 σκει,
2358 1464 2407 1517 εί
2443 1463 2518 1535 μὴ
2546 1465 2574 1516 6
2609 1462 2766 1526 Υἱός·
2807 1482 2825 1514 ι
2863 1461 2956 1514 καὶ
2985 1459 3250 1530 ἀλλαχοῦ·
3287 1478 3306 1512 ι
3343 1457 3563 1522 Καθὼς,
3601 1457 3754 1528 φησι,

2183 1554 2440 1624 γινώσκει
2472 1571 2537 1626 με
2567 1555 2595 1607 6
2626 1551 2832 1624 Πατήρ,
2879 1549 3034 1618 κάγὼ
3065 1549 3319 1624 γινώσκω
3342 1547 3432 1602 τδν
3457 1547 3696 1619 Πατέρα.
3730 1567 3748 1600 ι

2184 1648 2296 1716 Οὐχ
2313 1647 2344 1700 6
2363 1645 2463 1717 μὲν
2492 1645 2672 1707 πλέον,
2694 1645 2724 1697 6
2748 1643 2805 1696 δέ
2832 1642 3075 1707 ἔλαττον,
3099 1642 3238 1696 ἀλλὰ
3273 1640 3457 1706 καθὼς
3482 1639 3754 1708 γινώσκω,

2104 1747 2152 1809 Β
2180 1737 2543 1809 γινώσκομαι.

2184 1871 2286 1928 ω.
2339 1872 2465 1926 Ὀτι
2515 1871 2620 1939 ἴση
2669 1869 2775 1924 τοῦ
2820 1868 3054 1938 Πατρός
3091 1869 3190 1922 καί
3233 1868 3340 1924 τοῦ
3382 1868 3519 1923 Υιοῦ
3564 1867 3606 1934 ἡ
3657 1867 3762 1921 δύο

2872 1957 3069 2009 ναμις.

576 2090 812 2158 Quorum
845 2099 973 2155 ergo
1002 2083 1147 2137 notio
1171 2078 1394 2148 aequalis
1424 2084 1529 2144 est,
1559 2077 1751 2130 borum
1797 2069 1963 2127 etiam
1990 2083 2087 2140 po-

2258 2071 2357 2131 Ὦν
2393 2075 2574 2131 τοίνυν
2619 2074 2651 2146 ἢ
2697 2073 2898 2144 γνῶσις
2945 2075 3058 2146 ῑση,
3089 2072 3290 2128 τούτων
3333 2071 3429 2125 καὶ
3455 2072 3491 2142 ὴ
3542 2070 3765 2158 δύναμις

512 2139 674 2237 ιεηῖἰιι
707 2139 947 2248 aqualis.
973 2173 1404 2242 Quorumautcm
1436 2166 1660 2237 aequalis
1678 2164 1935 2236 potentia,
1993 2139 2088 2215 lto-

2199 2167 2318 2238 ίση·
2359 2160 2434 2223 ὧν
2480 2166 2540 2221 δὲ
2585 2139 2890 2248 ήδύναμις
2933 2139 3046 2234 ῐσηῑ,
3081 2163 3284 2217 τούτων
3311 2139 3552 2233 δηλονζτι
3595 2139 3690 2215 και
3731 2139 3766 2232 ἦ

511 2288 627 2330 rum
649 2241 856 2327 scilicet
883 2266 1183 2323 substantia
1213 2275 1428 2334 quoque
1462 2273 1568 2313 una
1623 2265 1728 2312 est.
1760 2254 1913 2323 Quod
1960 2264 2091 2307 vero

2199 2257 2348 2312 οὐσία
2385 2257 2518 2328 μίαν
2565 2256 2647 2310 ὅτι
2674 2241 2730 2309 δέ
2759 2255 2849 2324 ῐση
2887 2252 3102 2325 Πατρὸς
3145 2253 3243 2307 καὶ
3286 2249 3422 2305 Υίοῦ
3454 2251 3491 2322 ή
3519 2250 3766 2322 δύναμις,

509 2363 689 2418 Patris
721 2375 786 2416 ac
823 2357 949 2414 Filii
980 2357 1206 2428 aequalis
1235 2357 1304 2411 sit
1337 2351 1600 2424 potentia,
1629 2350 1744 2419 ipse
1781 2359 1969 2401 rursus
1994 2357 2092 2398 nos

2199 2351 2354 2414 αὐτὸς
2389 2350 2535 2422 ἡμᾶς
2577 2345 2738 2401 πάλιν
2767 2349 2796 2400 6
2842 2345 3031 2417 Σωτὴρ
3063 2341 3301 2408 ἐδίδαξεν
3318 2343 3520 2396 οὑτωσὶ
3567 2341 3766 2412 λέγων·

536 1872 750 1968 690m
780 1889 897 1946 ΧΠ.
931 1888 1082 1955 Quod
1104 1903 1200 1957 par
1235 1887 1298 1940 sit
1338 1884 1514 1938 Patris
1547 1893 1591 1940 et
1636 1881 1767 1935 Filii
1787 1879 2042 1950 potentia.

511 2452 758 2508 Salvator
780 2448 962 2506 docuit
987 2448 1059 2502 ita
1085 2445 1306 2500 dicens:
1347 2459 1364 2494 ι
1391 2441 1489 2508 Qui
1509 2447 1631 2495 sunt
1651 2453 1714 2493 ex
1733 2435 1923 2493 ovibus
1935 2434 2089 2500 meis,

514 2547 568 2599 lii
602 2557 784 2600 vocem
813 2555 987 2596 meam
1019 2537 1264 2600 audiunt,
1296 2543 1351 2588 et
1381 2547 1479 2600 ego
1508 2544 1638 2586 oves
1699 2542 1848 2582 meas
1897 2539 2096 2594 cogno-

513 2630 628 2698 sco,
665 2646 782 2702 quae
803 2644 889 2685 me
918 2636 1239 2696 sequuntur,
1264 2632 1320 2678 et
1353 2623 1517 2675 vitam
1546 2628 1803 2674 aternam
1858 2630 1956 2685 ego
1990 2613 2096 2670 illis

515 2728 604 2789 do,
634 2723 770 2779 etin
799 2728 1059 2775 aeternum
1085 2730 1191 2770 non
1233 2712 1514 2784 peribunt;
1567 2720 1744 2779 neque
1793 2720 1886 2762 eas
1927 2703 2098 2775 quis-

516 2830 677 2888 quam
721 2814 789 2869 de
839 2825 1004 2866 manu
1036 2822 1156 2863 mea
1179 2804 1372 2876 rapiet.
1402 2803 1580 2869 Pater,
1629 2801 1722 2872 qui
1759 2800 1904 2856 dedit
1943 2796 2096 2864 mihi,

518 2908 691 2979 major
735 2903 985 2961 omnibus
1042 2908 1153 2965 est,
1209 2909 1475 2966 nemoque
1498 2895 1566 2951 de
1591 2908 1750 2949 manu
1770 2891 1949 2947 Patris
1991 2889 2098 2945 mei

518 3013 712 3070 rapere
725 3003 924 3068 potest.
955 2994 1066 3065 Ego
1092 3002 1146 3048 et
1179 2989 1337 3045 Pater
1364 3003 1531 3044 unum
1558 3001 1746 3042 sumus
1769 2985 1837 3041 ".
1869 3001 1888 3035 ι
1911 2981 2099 3037 Anim-

2201 2461 2221 2495 ι
2269 2442 2333 2496 Οἱ
2379 2444 2442 2495 ἐκ
2475 2440 2582 2495 τῶν
2618 2439 2905 2512 προϐάτων
2949 2437 3058 2492 τῶν
3104 2436 3251 2507 ἐμῶν
3291 2435 3389 2506 τῆς
3437 2433 3627 2507 φωνῆς
3672 2453 3771 2508 μου

2197 2533 2476 2599 ἀκούουσι,
2514 2531 2668 2602 κάγὼ
2693 2529 2948 2601 γινώσκω
2973 2528 3134 2592 αὐτὰ,
3162 2528 3255 2581 καὶ
3277 2526 3636 2581 ἀκολουθοῦσι
3661 2527 3772 2598 μοι,

2197 2621 2354 2694 κάγὼ
2394 2623 2540 2696 ζωὴν
2579 2623 2796 2678 αἰώνιον
2823 2607 3016 2692 δίδωμι
3062 2619 3268 2682 αὐτοῖς,
3299 2618 3394 2672 καὶ
3427 2619 3488 2671 οὐ
3523 2620 3597 2690 μὴ
3639 2619 3771 2672 ἁπο-

2199 2717 2415 2770 λοῦνται
2447 2716 2525 2779 είς
2554 2714 2645 2768 τὸν
2678 2713 2871 2778 αἰῶνα,
2905 2712 3014 2765 οὐδ’
3051 2711 3112 2765 οὐ
3150 2711 3222 2782 μή
3261 2726 3346 2773 τις
3386 2710 3596 2781 ἁρπάσῃ
3624 2709 3762 2762 αὐτὰ

2193 2811 2264 2862 ’ἐκ
2289 2807 2390 2878 τῆς
2429 2807 2610 2878 χειρός
2646 2822 2748 2874 μου
2767 2819 2783 2836 ο
2819 2806 2847 2856 6
2873 2802 3082 2876 Πατὴρ,
3110 2801 3169 2866 ὃς
3199 2801 3402 2854 δέδωκέ
3429 2817 3527 2870 μοι,
3562 2797 3753 2869 μείζων

2202 2901 2420 2955 πάντων
2464 2898 2602 2961 ἐστὶ,
2653 2896 2748 2950 καὶ
2795 2895 2967 2958 οὐδεὶς
3010 2893 3230 2947 δύναται
3281 2893 3522 2962 ἁρπάσαι
3563 2892 3626 2944 ἐκ
3664 2890 3757 2960 τῆς

2203 2993 2382 3065 χειρὸς
2404 2988 2498 3044 τοῦ
2529 2987 2740 3060 Πατρός
2767 3004 2889 3058 μου.
2921 2985 3060 3056 Ἐγὼ
3091 2987 3184 3039 καὶ
3201 2989 3228 3040 6
3257 2986 3449 3056 Πατὴρ
3473 2983 3531 3037 ἓν
3557 2985 3764 3052 ἐσμεν.ι

521 3093 742 3147 adverte
765 3087 1030 3158 quomodo
1059 3097 1167 3138 non
1185 3080 1504 3151 simpliciter
1519 3077 1722 3148 posuit,
1741 3092 1760 3127 ι
1782 3075 1889 3146 Ego
1908 3082 1964 3129 et
1989 3072 2094 3128 Pa-

2208 3084 2405 3156 Ὁρᾶτε
2444 3080 2562 3144 πῶς
2589 3079 2688 3150 οὐχ
2716 3077 2902 3141 ἁπλῶς
2947 3076 3161 3132 τέθεικε
3189 3077 3249 3158 τὸ
3287 3097 3304 3129 ι
3328 3074 3470 3145 Ἐγὼ
3496 3076 3593 3129 καὶ
3618 3076 3646 3126 6
3671 3075 3776 3127 Πα-

525 3196 607 3239 ter
665 3197 830 3236 unum
867 3192 1076 3242 sumus,
1109 3195 1126 3227 ι
1183 3172 1484 3244 praevidens
1533 3169 1741 3226 scilicet
1782 3165 2092 3222 bsereticam

526 3275 810 3338 malitiam,
841 3286 909 3327 ne
935 3271 999 3326 de
1018 3268 1244 3337 consilio
1269 3281 1332 3322 ac
1358 3263 1637 3320 voluntate
1658 3262 1796 3316 hanc
1826 3257 2092 3328 intellige-

526 3378 643 3422 rent
667 3365 978 3420 dictionem.
1012 3359 1117 3415 Sed
1155 3359 1328 3429 primo
1351 3355 1604 3427 potentiae
1637 3349 1946 3422 aequalitate
1985 3359 2097 3404 sta-

526 3458 694 3522 bilita,
728 3463 911 3526 postea
935 3453 1132 3508 dictam
1181 3448 1506 3506 sententiam
1560 3444 1808 3513 subjecit.
1854 3440 2099 3510 Namque

525 3549 739 3611 ovibus,
768 3547 960 3615 inquit,
989 3556 1076 3598 me
1103 3541 1452 3610 sequentibus
1481 3539 1645 3593 vitam
1691 3546 1950 3591 mternam
1999 3547 2100 3602 ego

528 3641 694 3706 do,ut
715 3635 856 3692 nulla
886 3651 952 3690 ex
979 3633 1044 3687 iis
1063 3641 1248 3701 pereat
1273 3633 1326 3684 iu
1357 3639 1638 3684 aeternum.
1666 3627 1800 3693 Quis
1839 3625 1986 3681 enim
2017 3631 2100 3678 est

532 3737 731 3792 tantus,
763 3733 821 3780 ut
853 3725 918 3780 de
945 3737 1108 3776 manu
1127 3733 1244 3775 mea
1281 3731 1470 3787 rapere
1493 3715 1686 3786 possit,
1711 3711 1972 3784 quidQuid
1997 3713 2100 3767 sub

534 3831 619 3872 me
652 3825 868 3888 pastore
890 3813 1082 3868 fuerit?
1107 3809 1242 3865 Nam
1265 3810 1425 3865 sicuti
1445 3805 1782 3877 impossibile
1810 3813 1895 3859 est
1913 3816 2102 3873 quem-

531 3925 690 3981 quam
714 3908 892 3964 Patris
925 3908 1147 3962 dextera
1171 3902 1351 3971 potiri,
1375 3901 1468 3971 qui
1498 3899 1670 3968 major
1691 3896 1943 3952 omnibus
1996 3903 2100 3959 est,

533 4005 604 4057 ita
627 4000 741 4056 lleri
774 3998 959 4069 nequit
979 4006 1034 4050 ut
1061 3993 1289 4063 quilibet
1335 3991 1642 4061 quempiam
1687 3990 1936 4058 diripiat.
2007 3983 2102 4054 qui

442 4131 450 4137 -
534 4109 667 4150 mete
708 4090 966 4148 custodia:
987 4089 1055 4143 sit
1082 4088 1338 4142 traditus.
1375 4083 1584 4163 Etenim
1621 4101 1640 4134 ι
1692 4081 1803 4152 Ego
1837 4091 1891 4136 et
1944 4080 2106 4138 Pater

536 4202 701 4242 unum
730 4199 938 4240 sumus.
981 4199 1000 4232 ι
1037 4179 1267 4236 Ubinam
1309 4191 1437 4247 ergo
1475 4174 1650 4245 majus
1685 4183 1740 4227 et
1801 4169 2020 4228 minus?
2050 4169 2106 4224 Si

534 4276 680 4332 enim
710 4267 1202 4342 mque,ncceFilii
1253 4281 1435 4332 manu,
1476 4279 1648 4333 neque
1704 4263 1829 4316 item
1884 4276 1951 4316 ex
2008 4257 2110 4314 Pa-

541 4367 638 4420 tris
669 4379 827 4416 manu
851 4369 1022 4431 potest
1043 4358 1306 4429 quispiam
1338 4369 1546 4424 rapere,
1605 4351 1794 4419 majori
1860 4366 1965 4404 non
2027 4358 2110 4404 est

2199 3174 2306 3247 τήρ
2338 3175 2398 3227 ἓν
2433 3174 2621 3243 ἐσμεν,
2659 3189 2679 3222 ›
2709 3168 2956 3245 προορῶν
2994 3168 3092 3240 τὴν
3119 3156 3402 3240 αίρετικὴν
3434 3166 3774 3236 κακοήθειαν,

2202 3265 2290 3319 ἵνα
2338 3263 2413 3335 μὴ
2447 3261 2556 3330 ,ἐπὶ
2597 3260 2940 3332 βουλήματος
2973 3259 3066 3312 καὶ
3096 3258 3401 3330 θελήματος
3448 3260 3654 3328 ταύτην
3690 3255 3780 3308 λά-

2202 3355 2337 3408 ϐωσι
2384 3354 2484 3425 τὴν
2532 3353 2744 3424 φωνήν·
2792 3350 2929 3406 ἀλλά
2969 3351 3237 3423 πρότερον
3267 3351 3329 3404 τὸ
3372 3351 3473 3420 τῆς
3503 3349 3780 3419 δυνάμεως

2207 3447 2320 3501 ι’σον
2375 3444 2828 3508 κατασκευάσας,
2880 3441 3025 3497 οῦτω
3080 3443 3285 3514 ταύτην
3336 3442 3623 3512 ἐπήγαγε·
3671 3441 3783 3502 τοῖς

2203 3541 2313 3608 γὰρ
2361 3536 2675 3609 προόἀτοις,
2724 3535 2879 3604 φησι,
2930 3535 3043 3596 τοῖς
3093 3531 3447 3586 ἀκολουθοῦσι
3497 3547 3588 3602 μοι
3641 3530 3786 3601 ζωὴν

2206 3627 2422 3682 αἰώνιον
2465 3627 2655 3697 δίδωμι
2688 3625 2821 3693 ἐγὼ,
2849 3624 2924 3687 ὡς
2961 3621 3127 3695 μηδὲν
3166 3622 3226 3690 ἐξ
3264 3621 3443 3675 αὐτῶν
3487 3618 3785 3674 ἀπολέσθαι

2207 3721 2287 3783 είς
2317 3719 2408 3772 τὸν
2437 3717 2636 3772 αἰῶνα*
2685 3715 2770 3781 τίς
2808 3716 2915 3788 γάρ
2960 3717 3076 3768 ἐστι
3119 3713 3374 3777 τοσοῦτος
3413 3712 3490 3776 ώς
3533 3712 3783 3781 ἁρπάσαι

2207 3814 2272 3864 ἐκ
2301 3809 2397 3880 τῆς
2428 3809 2608 3880 χειρός
2642 3824 2742 3879 μου
2771 3805 3071 3878 δυνηθῆναί
3101 3804 3171 3859 τὰ
3199 3804 3292 3858 ὑπ’
3315 3803 3453 3877 ἐμοῦ
3501 3802 3783 3874 ποιμαινό-

2214 3918 2380 3974 μενα;
2410 3901 2600 3972 ῶσπερ
2631 3899 2739 3972 γὰρ
2765 3902 2864 3970 τῆς
2906 3897 3083 3962 δεξιᾶς
3110 3895 3202 3949 τοῦ
3229 3896 3464 3967 Πατρδς,
3497 3895 3557 3958 ὃς
3587 3894 3781 3966 μείζων

2212 4002 2430 4054 πάντων
2455 3998 2712 4068 ὑπάρχει,
2740 3995 3018 4066 ἀμήχανόν
3037 4009 3161 4047 τινα
3188 3990 3591 4063 περιγενέσθαι,
3617 3988 3781 4050 οὕτως

2212 4088 2473 4142 ἀδύνατον
2501 4084 2814 4158 ἀρπαγῆναί
2847 4099 2970 4136 τινα
3010 4082 3121 4134 τῶν
3166 4081 3255 4133 ὑπ’
3287 4079 3423 4149 ἐμοῦ
3455 4075 3780 4149 φρουρουμέ-

2212 4195 2346 4235 νων·
2385 4198 2406 4232 σ
2449 4176 2591 4246 Ἐγὼ
2620 4176 2729 4247 γὰρ
2755 4175 2849 4229 καὶ
2878 4175 2908 4226 6
2947 4173 3137 4244 Πατὴρ
3171 4171 3231 4224 ’ἐν
3257 4173 3443 4240 ἐσμεν.
3485 4187 3504 4221 ι
3538 4167 3649 4221 Ποῦ
3673 4167 3777 4220 τοί-

2214 4288 2306 4323 νυν
2333 4271 2394 4324 τὸ
2441 4269 2626 4341 μεῖζον
2663 4267 2849 4322 καὶτὸ
2877 4266 3137 4330 ἐλαττον;
3180 4265 3244 4316 Ei
3269 4262 3378 4333 γὰρ
3405 4263 3628 4332 ὁμοίως,
3665 4259 3776 4312 οὔτε

2217 4365 2281 4416 ἐκ
2310 4360 2409 4432 τῆς
2429 4360 2610 4430 χειρὸς
2640 4357 2733 4412 τοῦ
2764 4357 2914 4422 Υίοῦ,
2949 4355 3070 4408 οὕτε
3100 4358 3166 4408 ἐκ
3201 4353 3299 4424 τῆς
3325 4352 3508 4423 χειρὸς
3543 4350 3640 4403 τοῦ
3679 4350 3778 4402 Πα-

539 4460 707 4512 locus.
737 4451 803 4506 Et
831 4451 1108 4521 quoniam,
1134 4450 1258 4521 quia
1282 4449 1452 4517 major
1505 4445 1754 4500 omnibus
1805 4443 1966 4498 Pater
2008 4451 2088 4497 est

2214 4453 2363 4524 τρὸς,
2392 4451 2635 4522 ἁρπάσαι
2655 4466 2739 4512 τις
2759 4448 3001 4513 δύναται,
3025 4447 3084 4500 τὸ
3110 4445 3292 4515 μεῖζον
3313 4443 3498 4514 χώραν
3517 4443 3620 4495 οὐκ
3641 4441 3745 4510 ἔχει
3762 4456 3775 4468 ⁸

540 4562 700 4603 nemo
724 4559 911 4614 rapere
958 4551 1134 4611 potest
1155 4540 1220 4596 de
1240 4555 1398 4592 manu
1431 4537 1547 4606 ejus
1574 4579 1588 4603 ,
1642 4537 1883 4604 sequitur
1909 4543 1966 4590 ut
1995 4549 2108 4588 ma-

539 4643 624 4708 jor
654 4627 904 4692 omnibus
925 4632 1093 4688 Filius
1115 4647 1329 4702 quoque
1367 4632 1457 4698 sit,
1487 4630 1741 4699 quoniam
1781 4643 1929 4698 atque
1953 4643 2111 4684 nemo

543 4738 607 4786 de
638 4745 798 4783 manu
824 4727 940 4797 ejus
975 4741 1167 4797 rapere
1228 4733 1422 4792 potest.
1477 4723 1600 4776 Ideo
1645 4722 1884 4775 addidit:
1925 4739 1943 4772 ι
1998 4720 2111 4791 Ego

543 4831 592 4876 ct
620 4821 777 4875 Pater
805 4831 968 4873 unum
1000 4831 1205 4872 sumus.
1246 4834 1264 4866 ι
1301 4814 1433 4868 Nam
1467 4814 1512 4868 si
1547 4812 1780 4868 litteram
1812 4814 1990 4868 denuo
2024 4826 2109 4866 se-

543 4929 794 4986 quemur,
815 4910 1009 4965 Filium
1049 4906 1390 4978 prmpositum
1425 4906 1756 4960 videbimus:
1786 4925 1802 4955 ι
1830 4905 1941 4974 Ego
1968 4905 2111 4956 enim

544 5005 702 5069 dixit,
723 5011 776 5056 et
801 5001 996 5056 Pater:
1024 5016 1041 5049 ι
1074 5013 1203 5060 non,
1222 4994 1383 5050 Pater
1397 4993 1596 5064 ctEgo.
1627 4994 2115 5062 Demonstrataque

545 5109 898 5166 personarum
926 5090 1208 5152 dualitate,
1239 5086 1771 5156 praedicavitnatura:
1825 5086 2110 5140 unitatem.

549 5187 678 5240 Nam
710 5185 955 5247 dicendo,
981 5181 1089 5252 Ego
1136 5190 1190 5233 et
1210 5179 1390 5242 Pater,
1453 5193 1734 5232 numerum
1761 5191 2110 5246 personarum

546 5279 704 5351 691
732 5294 780 5329 m
821 5272 1148 5346 signiﬁcavit
1175 5291 1187 5325 :
1214 5273 1462 5327 addendo
1501 5282 1697 5334 autem,
1738 5287 1755 5320 ι
1797 5285 1962 5323 unum
2023 5283 2117 5324 su-

552 5387 730 5434 mus,»
767 5368 1018 5435 potentizc
1069 5365 1456 5419 demonstravit
1520 5362 1825 5432 paritatem.
1876 5361 2115 5426 Quorum

552 5460 732 5528 itaque
755 5457 978 5526 aequalis
1018 5466 1100 5509 est
1138 5457 1308 5519 notio,
1337 5454 1574 5523 potentia
1601 5468 1814 5523 quoque
1841 5462 1895 5508 ct
1931 5453 2115 5508 volun-

624 5633 666 5664 "
698 5633 850 5686 Joau.
891 5649 944 5692 Χ,
987 5630 1068 5682 i5.
1145 5631 1190 5660 "
1222 5629 1350 5682 ibid.
1391 5628 1578 5682 27-30.

2217 4546 2310 4598 καὶ
2335 4543 2520 4614 ἐπειδὴ
2548 4542 2767 4596 πάντων
2797 4539 2999 4611 μείζων
3039 4539 3068 4590 6
3117 4535 3330 4606 Πατὴρ,
3361 4535 3538 4596 οὐδεὶς
3565 4533 3778 4587 δύναται

2218 4636 2462 4704 ἁρπάσαι
2494 4635 2558 4687 ἐκ
2583 4634 2680 4703 τῆς
2706 4634 2886 4703 χειρὸς
2914 4628 3116 4684 αὐτοῦ’
3146 4627 3348 4698 μείζων
3376 4627 3485 4696 ἄρα
3519 4627 3731 4680 πάντων
3755 4624 3780 4674 6

2217 4728 2367 4793 Υῑδς,
2404 4726 2592 4798 ἐπειδὴ
2627 4724 2825 4793 ὁμοίως
2851 4723 3025 4785 οὐδεὶς
3054 4723 3117 4774 ἐκ
3145 4721 3246 4788 τῆς
3286 4719 3468 4787 χειρὸς
3498 4717 3662 4772 αὑτοῦ
3693 4717 3781 4783 ἁρ-

2219 4822 2386 4873 πάσαι
2431 4819 2652 4872 δύναται
2678 4834 2691 4848 ο
2725 4817 2806 4869 διὸ
2834 4817 3136 4886 ἐπήγαγεν,
3172 4832 3192 4865 ι
3239 4809 3380 4880 Ἐγὼ
3413 4812 3505 4864 καὶ
3533 4813 3562 4864 6
3603 4809 3780 4878 Πατὴρ

2219 4912 2278 4967 ἓν
2331 4912 2516 4982 ἐσμεν.
2541 4928 2559 4961 ν
2594 4912 2690 4962 Ἂν
2722 4910 2830 4980 γὰρ
2865 4909 2942 4980 τῷ
2984 4907 3270 4978 γράμματι
3308 4905 3471 4957 πάλιν
3503 4899 3782 4967 ἀκολουθή-

2223 5004 2680 5076 σωμεν,ὁψὸμεθα
2708 5002 2796 5054 τὸν
2823 5001 2952 5054 Υἱὸν
2981 4996 3436 5068 προτεταγμένον·
3453 5014 3473 5046 ι
3496 4993 3639 5061 Ἐγὼ
3661 4993 3780 5062 γὰρ,

2221 5093 2363 5160 εἷπε,
2389 5096 2483 5147 καὶ
2511 5097 2539 5146 6
2565 5093 2802 5162 Πατὴρ,›
2829 5093 2928 5161 οὐχ
2951 5092 2980 5141 6
3001 5089 3190 5158 Πατὴρ
3218 5087 3311 5139 καὶ
3337 5084 3466 5153 ἐγώ·
3495 5086 3589 5137 καὶ
3614 5081 3780 5144 δείξας

2219 5187 2318 5256 τὴν
2343 5185 2451 5238 τῶν
2481 5185 2794 5256 προσώπων
2816 5183 3004 5243 δυάδα,
3037 5178 3269 5250 ἐκήρυξε
3309 5177 3410 5247 τὴν
3453 5175 3552 5246 τῆς
3579 5172 3782 5240 φύσεως

2216 5276 2541 5347 ταυτότήτα.
2581 5274 2673 5344 Τῷ
2713 5275 2822 5344 γὰρ
2867 5275 3041 5326 εἰπεῖν
3065 5267 3221 5336 ’Ἐγὼ
3266 5267 3360 5320 καὶ
3401 5265 3431 5317 6
3459 5263 3666 5331 Πατὴρ,
3699 5259 3783 5310 τὸν

2217 5367 2451 5438 ἀριθμὸν
2479 5367 2588 5420 τῶν
2613 5367 2964 5419 ὑποστάσεων
2988 5365 3227 5434 ἐσήμανε
3245 5376 3258 5390 ο
3295 5359 3358 5411 τδ
3383 5357 3440 5411 δὲ
3472 5353 3780 5422 ἐπαγαγεῖν,

2233 5454 2526 5526 «ἐσμὲνέν,
2541 5456 2626 5508 »τὸ
2651 5454 2753 5525 τῆς
2775 5454 3058 5523 δυνάμεως
3075 5449 3342 5522 ἐδήλωσεν
3354 5441 3781 5516 ἀπαράλλακτον

3777 717 3784 752 i
