4078 6264
451 283 583 341 Ηϐτ

1442 278 1496 331 S.
1540 274 1809 332 CYRILLI
1847 274 2313 330 ALEXANDRIM
2354 272 2672 328 ARCHIEP.

3486 310 3494 325 .
3572 272 3706 329 “63

452 404 517 454 de
576 395 784 465 meipso
826 399 1018 455 testor,
1065 387 1433 444 testimonium
1474 400 1653 439 meum
1692 400 1876 441 verum
1921 395 2026 452 est,

2153 386 2261 454 περ).
2308 383 2546 455 ἐμαυτοῦ
2600 382 2885 454 μαρτυρῶ,
2941 384 2975 452 ἡ
3028 380 3304 453 μαρτυρία
3351 398 3455 451 μον
3506 382 3709 455 ἀληθής

449 490 576 560 quia
608 488 754 541 solus
788 498 892 537 non
924 497 1063 545 sum,
1107 480 1204 535 sed
1231 492 1333 549 ego
1376 486 1432 532 et
1459 478 1549 545 qui
1597 478 1746 531 misit
1791 490 1876 530 me
1922 475 2025 530 Pa-

454 592 555 635 ter.
608 577 663 631 ln
697 582 876 629 vestra
919 585 1138 641 quoque
1168 568 1286 638 lege
1332 567 1596 636 scriptum
1633 576 1743 633 est,
1796 566 2028 621 duorum

456 668 736 725 hominum
786 661 1178 723 testimonium,
1207 656 1395 712 verum
1430 656 1687 727 judicari.
1743 655 1884 710 Ecce
1927 668 2029 725 ego

453 763 521 815 de
544 774 629 814 me
658 766 858 819 testor,
890 764 1150 821 meusque
1185 748 1347 804 simul
1379 748 1444 803 de
1471 760 1577 813 me,
1610 746 1703 817 qui
1734 760 1822 801 me
1860 746 2030 812 misit,

455 852 617 910 Pater
642 857 891 903 testatur.
929 843 1189 898 Dicebant
1224 853 1357 910 ergo
1386 838 1437 894 ei
1465 836 1639 893 Judaei
1674 855 1689 892 :
1729 854 1749 889 ι
1794 834 2030 891 Ubinam

455 956 540 1002 est
584 944 743 998 Pater
790 936 953 994 tuus?
997 933 1303 1005 Respondit
1344 931 1427 987 eis
1471 929 1631 987 .lesus
1662 947 1677 985 :
1710 928 1900 998 Neque
1943 942 2033 983 me

461 1038 637 1100 scitis,
668 1046 845 1104 neque
871 1029 1089 1085 Patrem
1109 1040 1311 1081 meum.
1344 1022 1404 1079 Si
1434 1036 1522 1077 me
1553 1020 1789 1089 sciretis,
1814 1020 2031 1075 Patrem

456 1138 674 1199 quoque
705 1136 889 1177 meum
915 1118 1134 1175 sciretis
1165 1115 1234 1169 ³¹.
1272 1132 1299 1167 -ι
1344 1112 1535 1183 Papae»!
1572 1119 1776 1182 quanta
1804 1119 1888 1166 est
1925 1110 2035 1164 liae-

457 1218 756 1274 reticorum
791 1208 1039 1268 insania!
1072 1213 1278 1277 quanto
1300 1203 1561 1261 laborant
1602 1210 1825 1273 stupore
1855 1201 1911 1257 bi
1940 1200 2033 1273 qui

457 1309 573 1363 Arii
624 1302 984 1371 Eunomiique
1037 1296 1389 1367 blasphemia:
1429 1307 1559 1352 sunt
1590 1294 1875 1352 heredes!
1925 1292 2034 1349 Sed

459 1411 654 1473 prater
703 1395 1013 1458 insaniam,
1057 1391 1287 1447 multam
1312 1403 1542 1461 quoque
1582 1387 1769 1444 videre
1804 1386 1935 1443 licet
1980 1385 2055 1441 in.

460 1490 593 1561 ipsis
624 1486 891 1558 vigentem
932 1479 1325 1551 impudentiam
1358 1494 1373 1532 :
1411 1492 1537 1533 nam
1580 1477 1897 1533 missionem
1941 1487 2037 1532 sus

455 1574 635 1649 deque
662 1580 1113 1635 commemorant,
1143 1578 1199 1625 et
1234 1570 1539 1624 mittentem
1581 1566 1843 1638 maiorem
1870 1566 2039 1623 misso

458 1684 581 1728 esse
604 1670 816 1727 dicunt.
847 1664 1027 1721 Tanta
1069 1663 1178 1719 illis
1208 1663 1353 1718 inest
1389 1659 1695 1732 ignorantia
1725 1658 2038 1730 Scriptura-

2136 480 2301 542 ἐστιν,
2332 478 2413 530 ὅτι
2442 476 2601 546 μόνος
2632 477 2733 528 οὐκ
2756 474 2893 544 εἰμὶ,
2924 474 3038 527 ἀλλ’
3070 473 3182 543 ἐγὼ
3214 474 3308 527 καὶ
3340 476 3368 526 6
3396 474 3615 545 πέμψας
3646 495 3708 545 με

2136 571 2325 643 Πατήρ
2348 590 2361 603 ·
2386 570 2481 623 καὶ
2506 570 2563 623 ἑν
2590 568 2669 639 τῷ
2698 568 2847 639 νόμῳ
2875 567 2932 621 δὲ
2954 566 3030 639 τῷ
3060 566 3312 638 ὑμετέρῳ
3332 569 3712 638 γεγραμμένον

2136 663 2303 727 ἐστὶν,
2342 662 2424 715 ὅτι
2459 660 2552 714 δύο
2590 659 2893 731 ἀνθρώπων
2926 660 2960 729 ἡ
3002 657 3277 730 μαρτυρία
3308 658 3514 728 ἀληθής
3546 661 3706 711 ἐστιν.
3742 712 3745 713 ,

2150 754 2292 824 Ἐγώ
2318 756 2434 826 είμι
2463 754 2491 806 6
2523 753 2821 825 μαρτυρῶν
2858 752 2986 823 περὶ
3028 750 3289 822 ἐμαυτοῦ,
3316 751 3413 804 καὶ
3453 754 3716 822 μαρτυρεί
3742 807 3747 815 ,

2138 848 2268 918 περὶ
2299 846 2432 917 ἐμοῦ
2471 847 2500 899 6
2529 845 2749 916 πέμψας
2787 862 2855 916 με
2886 836 3335 915 Πατήρ.¹Έλεγον
3367 837 3461 895 οὖν
3492 842 3639 911 αὑτῷ
3667 844 3715 894 οἱ

2152 937 2571 993 Ἰουδαῖοιίηοῦ
2599 938 2749 991 ἐστιν
2776 938 2806 990 6
2832 938 3021 1009 Πατήρ
3051 953 3178 1003 σου;
3210 934 3507 1006 Ἀπεκρίθη
3536 934 3717 998 αὐτοῖς

2137 1033 2167 1085 6
2217 1030 2443 1103 Ἰησοῦς·
2473 1028 2611 1085 Οὔτε
2637 1029 2740 1102 ὲμι
2768 1029 2965 1095 οἴδατε,
2992 1027 3116 1082 οὔτε
3142 1026 3235 1081 τὸν
3264 1026 3484 1097 Πατέρα
3511 1044 3612 1097 μου
3630 1044 3645 1057 ο
3670 1028 3720 1080 εί

2139 1122 2240 1195 ἐμὲ
2272 1122 2470 1189 οίδατε,
2502 1122 2598 1178 καὶ
2624 1122 2714 1176 τὸν
2744 1122 2964 1193 Πατέρα
2990 1120 3168 1193 ᾔδειτε
3196 1120 3261 1175 ἀν
3279 1136 3296 1153 ο
3325 1136 3348 1172 a
3379 1119 3543 1189 βαϐαὶ
3576 1120 3717 1190 πόση

2138 1214 2246 1269 τῶν
2277 1214 2572 1286 αἱρετικῶν
2613 1215 2647 1284 ὴ
2687 1211 3072 1284 παραπληξίαι
3118 1210 3292 1281 πόσην
3325 1210 3572 1265 νοσοῦσιν
3615 1214 3721 1282 έμ-

2140 1304 2465 1378 ϐροντησίαν
2489 1306 2540 1358 οι
2562 1304 2664 1375 τῆς
2696 1305 2909 1376 ’Δρείου
2937 1303 3031 1358 καὶ
3076 1302 3344 1375 Εὑνομίου
3373 1301 3720 1375 βλασφημίας

2143 1398 2503 1469 κληρονόμοιι
2559 1397 2698 1470 πρὸς
2747 1400 2815 1469 τῇ
2867 1396 3258 1470 παραπληξία,
3313 1395 3516 1467 πολλὴν
3574 1399 3722 1451 ἐστιν

2146 1492 2276 1546 ίδείν
2320 1494 2378 1546 ὲν
2422 1491 2609 1554 αὐτοῖς
2638 1489 2979 1544 επανθοῦσαν
3016 1487 3431 1558 ἀναισχυντίαν·
3467 1488 3570 1558 τῆς
3614 1488 3721 1561 γὰρ

2143 1583 2445 1655 ἀποστολῆς
2474 1582 2587 1637 ἀνω
2607 1582 2703 1635 καὶ
2728 1581 2881 1636 κάτω
2911 1579 3328 1651 μνημονεύουσι,
3358 1578 3453 1631 καὶ
3482 1578 3571 1633 τὸν
3589 1580 3722 1633 dm-

2147 1677 2428 1732 στείλαντα
2460 1675 2554 1730 τοῦ
2584 1674 2978 1738 ἀποσταλέντος
3005 1674 3168 1744 φασὶν
3200 1670 3337 1728 εἶναι
3366 1670 3686 1745 τιμιώτερον
3704 1693 3721 1707 ο

463 1762 613 1817 rum!
664 1758 853 1830 Neque
885 1762 1142 1826 reputant
1179 1752 1324 1822 quod
1369 1752 1437 1806 ab
1476 1750 1665 1806 lsaaco
1710 1748 1947 1806 lacubus
1986 1748 2041 1804 in

2153 1769 2412 1840 τοσαύτην
2437 1768 2653 1839 ιχουσιν
2682 1766 2922 1837 ἀμαθίαν
2945 1764 3055 1819 τῶν
3079 1764 3309 1837 Γραφῶν
3329 1786 3345 1802 ·
3378 1770 3472 1822 καὶ
3492 1770 3553 1823 οὐ
3582 1770 3723 1838 λογί-

464 1851 909 1923 llesopotamiam
936 1849 1154 1910 missus,
1191 1842 1562 1909 nonidcirco,
1593 1842 1661 1897 ad
1698 1840 1918 1912 693m
1947 1855 2045 1896 na-

465 1957 641 2002 turam
675 1943 821 2013 quod
864 1938 1078 2003 attinet,
1116 1938 1297 1993 minor
1340 1945 1427 1991 est
1464 1936 1730 1991 mittente.
1772 1932 1953 2005 Eque
1991 1940 2048 1988 et

462 2039 731 2109 Jesephus
752 2037 962 2092 missus
1002 2049 1033 2090 a
1062 2033 1278 2091 Jacobo
1321 2033 1423 2088 fuit
1456 2030 1526 2087 ad
1569 2028 1768 2085 fratres
1810 2040 1940 2083 suos
1969 2027 2050 2082 in-

469 2130 811 2205 spiciendos,
865 2140 1046 2198 neque
1091 2136 1275 2182 tamen
1317 2123 1608 2196 quisquam
1655 2119 1858 2177 dixerit
1903 2118 2047 2174 hunc

471 2226 642 2298 patris
689 2232 894 2279 natura
936 2235 1045 2277 non
1105 2218 1273 2275 fuisse
1323 2216 1679 2289 participem,
1730 2211 1858 2281 quia
1904 2212 2048 2281 patri

466 2318 855 2387 obtemperans
886 2311 1204 2368 missionem
1238 2308 1605 2381 peragendam
1638 2302 1902 2373 suscepit.

537 2556 645 2614 Sed
683 2554 836 2612 aiunt
871 2550 1146 2607 fortasse:
1184 2542 1413 2600 Etiamsi
1444 2548 1653 2596 natoue
1685 2537 1905 2593 ratione
1940 2548 2047 2590 non

467 2652 685 2707 fuerunt
715 2646 768 2701 bi
799 2643 1081 2699 mittentes
1110 2635 1345 2706 majores
1369 2633 1572 2697 missis,
1597 2640 1654 2687 at
1683 2638 1905 2702 paterna
1942 2626 2049 2682 sal-

468 2755 577 2799 tem
612 2740 878 2809 dignitate
923 2734 1215 2807 primatum
1280 2726 1507 2784 honoris
1562 2725 1838 2781 tenebant.
1883 2720 2049 2792 Atqui

472 2850 568 2891 nos
598 2829 985 2903 comperimus,
1022 2839 1057 2881 o
1085 2821 1262 2879 insani
1293 2820 1413 2893 (vos
1439 2819 1585 2875 enim
1622 2815 1943 2872 nominatim
1973 2812 2052 2868 al-

471 2924 712 2998 loquor),
742 2918 976 2989 majores
1009 2926 1225 2986 quoque
1250 2928 1281 2967 a
1306 2910 1609 2966 minoribus
1643 2908 1858 2973 missos,
1874 2919 2051 2975 neque

468 2993 678 3075 idcirco
726 3008 945 3083 proprio
989 3005 1198 3061 honore
1243 3001 1441 3057 missos
1491 2998 1868 3070 spoliabimus.
1912 2993 2048 3049 Nam

2147 1860 2329 1925 ζονται
2357 1860 2435 1924 ὠς
2472 1859 2578 1914 ὑπὸ
2603 1858 2699 1912 τοῦ
2742 1857 2927 1912 Ἰσαὰκ
2950 1858 2978 1911 6
3013 1856 3208 1911 Ἰακὼϐ
3241 1861 3323 1922 είς
3351 1859 3451 1931 τὴν
3475 1862 3724 1914 Μεσοπο-

2145 1952 2347 2025 ταμίαν
2379 1952 2809 2024 ἀπσσταλμένος,
2829 1952 2891 2003 οὐ
2924 1950 3032 2022 μὴν
3056 1948 3144 2005 διὰ
3164 1950 3322 2004 τοῦτο
3344 1951 3585 2007 ἐλάττων
3608 1952 3726 2007 ἔστι

2145 2045 2241 2101 τοῦ
2272 2041 2697 2109 ἀποστείλαντος
2725 2043 2868 2098 κατά
2906 2042 3000 2096 τὸν
3032 2041 3187 2112 λόγον
3210 2041 3314 2113 τῆς
3344 2043 3589 2113 φύσεως·
3615 2045 3722 2098 ὡσ-

2146 2138 2325 2203 αύτως
2349 2138 2407 2192 δὲ
2435 2138 2534 2192 καὶ
2566 2138 2768 2209 Ἰωσὴφ
2812 2138 3093 2209 ἀπεστάλη
3138 2138 3239 2209 μιν
3267 2138 3376 2192 ὑπὸ
3407 2137 3505 2193 τοῦ
3535 2138 3724 2193 Ἰακὼϐ

2147 2226 2544 2300 ἑπισκέψαδθαι
2592 2230 2718 2295 τοὺς
2762 2229 3027 2299 ἀδελφοὺς
3072 2227 3261 2295 αὑτοῦ,
3293 2229 3389 2284 καὶ
3438 2229 3617 2294 οὐδεὶς
3655 2229 3724 2284 ἀν

2148 2324 2282 2396 φαίη
2322 2324 2422 2395 τῆς
2464 2321 2559 2377 τοῦ
2594 2322 2801 2395 πατρὸς
2844 2321 3061 2391 φύσεως
3109 2322 3186 2394 μὴ
3232 2320 3503 2393 μετέχειν,
3538 2323 3725 2395 ἐπειδὴ

2148 2416 2227 2488 τῷ
2256 2416 2425 2488 πατρὶ
2448 2414 2769 2486 πειθόμενος
2796 2414 2898 2486 τὴν
2917 2413 3217 2488 ἀτωστολὴν
3249 2414 3594 2479 κατεδέξατο.

2232 2552 2395 2609 Ἀλλά
2422 2569 2585 2623 φασιν
2616 2549 2775 2616 ἴσως*
2806 2551 2869 2605 Ei
2902 2549 2978 2624 μὴ
3004 2550 3146 2605 κατά
3178 2550 3269 2605 τδν
3296 2549 3455 2621 λόγον
3480 2551 3581 2622 τῆς
3619 2553 3715 2621 φύ-

2152 2654 2290 2709 σεως
2322 2645 2539 2715 μείζους
2567 2636 2800 2696 ἐνταῦθα
2828 2641 2935 2695 τῶν
2967 2632 3380 2696 ἀποσταλέντων
3401 2644 3449 2695 οἱ
3470 2643 3712 2696 ἀποστεί-

2150 2738 2361 2802 λαντες,
2398 2734 2540 2790 κατά
2584 2734 2645 2787 τδ
2677 2735 2942 2804 πατρικὸν
2988 2734 3120 2802 γοῦν
3163 2735 3378 2804 ἀξίωμα
3416 2734 3581 2803 ἔχουσι
3613 2733 3706 2803 τῆς

2150 2827 2316 2899 τιμῆς
2364 2827 2436 2880 τά
2490 2826 2773 2896 πρεσϐεῖα.
2830 2825 2967 2877 Ἀλλ’
3001 2825 3353 2897 εὑρίσκομεν,
3401 2819 3441 2879 ὦ
3478 2821 3699 2895 ἀνόητοι,

2150 2917 2316 2989 φαίην
2364 2912 2431 2970 ἀν
2479 2912 2614 2987 πρὸς
2661 2910 2878 2978 αὐτοὺς,
2913 2914 3009 2968 καὶ
3050 2914 3176 2979 τοὺς
3224 2916 3441 2985 μείζους
3468 2908 3564 2966 ὕπὸ
3606 2914 3708 2966 τῶν

2151 2998 2446 3063 ἐλαττόνων
2490 3005 2919 3073 ἀποσταλέντας,
2947 3000 3042 3059 καὶ
3071 3006 3190 3077 οὐχὶ
3218 3007 3307 3061 διὰ
3336 3005 3495 3059 τοῦτο
3519 3006 3613 3076 τῆς
3642 3007 3716 3057 oi-

472 3109 671 3163 inissus
698 3103 799 3159 fuit
825 3116 855 3156 a
892 3098 1099 3155 Davide
1139 3093 1406 3152 Jonathas
1429 3135 1444 3161 ,
1488 3093 1634 3160 regis
1678 3090 1819 3146 filius
1852 3104 1882 3143 a
1915 3101 2044 3156 pro-

2155 3100 2304 3162 κείας
2359 3099 2523 3170 τιμῆς
2575 3100 2701 3161 τοὺς
2743 3093 3148 3160 ἀποσταλέντας
3180 3094 3573 3169 γυμνώσομεν·
3625 3097 3725 3151 ἀπ-

472 3202 619 3267 fugo,
652 3201 1019 3265 conregnator
1051 3188 1224 3261 patris
1258 3185 1327 3242 ab
1358 3200 1423 3240 eo
1456 3184 1550 3254 qui
1580 3196 1647 3237 ne
1678 3181 1733 3236 in
1761 3194 2046 3238 servorum

471 3292 688 3364 quidem
724 3288 915 3343 ordine
952 3293 1214 3353 apparere
1255 3276 1507 3333 audebat.
1556 3272 1825 3342 Quoniam
1869 3273 2051 3342 itaque

474 3386 567 3442 ille
598 3381 817 3453 quidem
846 3376 1037 3447 ,misit,
1070 3373 1161 3428 hic
1203 3380 1385 3425 autem
1426 3367 1627 3465 missus
1662 3377 1779 3432 est;
1812 3365 1927 3437 jam
1957 3365 2052 3436 qui

476 3478 679 3533 rinissus
730 3474 853 3537 fuit,
886 3485 983 3525 rex
1035 3480 1141 3523 non
1198 3464 1325 3531 erit,
1359 3470 1419 3517 ut
1461 3458 1559 3517 vos
1610 3458 2052 3526 ratiocinamini;

476 3582 653 3638 neque
683 3566 775 3635 qui
810 3562 979 3626 misit,
1012 3558 1310 3628 profugus;
1347 3556 1444 3610 sed
1476 3555 1531 3608 in
1564 3554 1867 3608 mittentem
1891 3552 2053 3606 Davi-

477 3663 624 3726 dem,
652 3654 803 3713 missi
843 3652 1083 3724 dignitas
1119 3647 1383 3705 transiit:
1439 3644 1785 3713 vicissimque
1830 3645 1883 3697 in
1921 3644 2056 3697 mis-

476 3767 597 3808 sum
622 3747 934 3809 Ionatham,
973 3739 1239 3795 mittentis
1268 3733 1570 3793 calamitas.
1620 3735 1829 3791 Revera
1875 3745 2055 3790 tamen

478 3846 621 3904 haud
653 3843 770 3900 haec
784 3838 871 3894 ita
898 3850 963 3892 se
1000 3833 1223 3889 habent.
1265 3828 1374 3885 Sed
1407 3842 1508 3884 cur
1537 3826 1771 3881 humana
1811 3840 2055 3881 comme-

478 3931 798 3994 moramus?
846 3925 1227 3997 Comperimus
1277 3921 1426 3975 enim
1476 3918 1647 3974 Deum
1696 3918 1956 3982 missum,
2003 3926 2060 3973 et

479 4026 754 4084 hominem
791 4019 1121 4076 mittentem.
1148 4009 1285 4066 Nam
1320 4009 1412 4079 qui
1442 4023 1565 4065 cum
1590 4005 1796 4063 Jacobo
1827 4007 2059 4063 luctatus

476 4120 674 4180 fuerat,
711 4132 733 4168 ι
769 4112 921 4167 Mitte
949 4124 1057 4173 me,
1077 4105 1283 4176 inquit,
1317 4116 1558 4171 namque
1590 4106 1788 4156 aurora
1826 4114 2061 4159 consur-

479 4214 573 4284 git.
616 4230 635 4263 ι
664 4209 760 4265 Cui
786 4204 1022 4261 Iacobus
1054 4200 1131 4254 ait
1166 4217 1179 4253 :
1216 4216 1234 4250 ι
1269 4195 1386 4251 Non
1423 4204 1476 4250 te
1507 4194 1796 4257 dimittam,
1828 4194 1933 4248 nisi
1966 4195 2060 4247 beo

480 4301 755 4359 ncdixeris
784 4296 916 4350 mihi
948 4296 1015 4347 ".
1049 4310 1070 4343 ι
1106 4289 1246 4357 Quid
1268 4290 1477 4342 habent
1502 4285 1646 4355 quod
1672 4287 1757 4340 his
1784 4294 2059 4354 opponant

480 4394 751 4460 sapientes
797 4386 884 4439 isti
912 4391 968 4438 et
1008 4378 1451 4460 artificiosifidei
1501 4374 1792 4453 doctores?
1826 4375 2056 4429 Aliunde

2152 3192 2349 3264 εστάλη
2379 3193 2487 3263 γὰρ
2521 3191 2627 3245 ὑπὸ
2655 3189 2750 3245 τοῦ
2783 3191 2947 3245 Δαϐὶδ
2981 3190 3256 3257 Ἰωνάθας,
3283 3193 3312 3245 ὁ
3337 3191 3430 3245 τοῦ
3462 3190 3723 3261 βασιλέως

2155 3285 2268 3349 υίὸς
2292 3284 2397 3338 ὑπὸ
2424 3282 2515 3338 τοῦ
2546 3283 2802 3353 φυγάδος,
2834 3284 2861 3336 6
2880 3283 2958 3354 τῷ
2992 3284 3157 3355 πατρὶ
3185 3282 3601 3354 συμϐασιλεύων
3627 3282 3727 3334 ὑπὸ

2154 3376 2249 3430 τοῦ
2279 3375 2412 3449 μηδὲ
2439 3377 2495 3430 ὲν
2515 3374 2725 3429 οἰκέτου
2747 3374 2900 3439 τάξει
2924 3374 3154 3444 φανῆναι
3179 3374 3489 3445 τολμῶντος
3509 3394 3523 3407 ο
3546 3375 3728 3443 ἐπειδὴ

2154 3466 2356 3533 τοίνυν,
2390 3466 2418 3519 6
2453 3465 2550 3536 μὲν
2580 3462 2915 3532 ἀπέστειλεν,
2941 3464 2969 3515 6
2999 3463 3055 3516 δὲ
3079 3464 3379 3535 ἀπεστάλη,
3414 3465 3598 3518 οὐκέτι
3634 3465 3728 3534 μὲν

2156 3558 2184 3609 6
2212 3555 2479 3627 πεμφθεὶς
2514 3553 2765 3625 βασιλεὺς
2795 3555 2933 3607 κατά
2954 3553 3044 3607 τὸν
3070 3554 3332 3626 ὑμέτερον
3358 3556 3532 3623 λόγον,
3550 3556 3728 3608 οὐκέτι

2156 3646 2212 3699 δὲ
2238 3649 2266 3700 6
2291 3645 2617 3709 ἀποστείλας
2638 3644 2814 3714 φυγάς
2834 3663 2848 3677 ο
2871 3643 3007 3699 ἀλλά
3031 3645 3374 3717 μεταϐέϐηκε
3402 3648 3499 3717 μὲν
3524 3648 3615 3699 ἐπὶ
3638 3647 3730 3699 τὸν

2160 3734 2553 3813 ἀποστείλαντα
2581 3733 2747 3786 Δαϐὶδ
2779 3734 2840 3786 τὸ
2868 3728 2963 3785 τοῦ
2990 3732 3331 3802 πεμφθέντος
3361 3734 3574 3804 ἀξίωμα
3592 3751 3606 3764 θ
3638 3751 3732 3804 με-

2157 3822 2429 3896 ταϐέϐηκε
2453 3824 2509 3877 δὲ
2534 3825 2624 3877 ἐπὶ
2643 3823 2734 3877 τὸν
2756 3824 3129 3877 ἀποσταλέντα
3155 3824 3300 3897 [cod.
3320 3826 3729 3897 ἀποστείλαντα]

2171 3894 2425 3969 Ἰωνάθαν
2452 3916 2485 3986 ή
2519 3914 2612 3967 τοῦ
2644 3914 2959 3985 πέμψαντος
2982 3894 3276 3986 δυσκηρία·
3310 3917 3427 3970 ἀλλ’
3457 3919 3554 3988 οὐχ
3593 3894 3733 3970 οὕτω
3754 3894 3769 3909 ⁸

2158 4009 2310 4064 ταῦτ’
2338 4007 2469 4078 ἔχει.
2492 4009 2601 4061 Καὶ
2620 4009 2673 4061 τί
2699 4008 2779 4061 δεῖ
2803 4007 2983 4077 λέγειν
3008 4009 3075 4062 τὰ
3089 4008 3433 4080 ἀνθρώπινα;
3468 4011 3726 4082 Εὐρίσκοσ-

2163 4118 2263 4171 μεν
2299 4101 2408 4173 γὰρ
2439 4100 2571 4153 Θεὸν
2598 4100 2992 4164 ἀποσταλέντα,
3028 4101 3120 4153 καὶ
3164 4098 3447 4173 ἄνθρωπον
3489 4101 3727 4155 ἀποστεί-

2160 4194 2328 4247 λαντα
2345 4212 2356 4223 ·
2392 4196 2421 4247 6
2440 4194 2548 4266 γὰρ
2567 4193 2645 4264 τῷ
2676 4193 2871 4246 Ἰακὼϐ
2904 4194 3305 4265 συμπαλαίσας,
3330 4194 3516 4265 φησίν·
3544 4213 3564 4246 ι
3588 4195 3728 4247 Ἀπό-

2161 4287 2368 4340 στειλόν
2421 4302 2509 4357 με·
2545 4286 2712 4357 ἀνέϐη
2764 4287 2872 4357 γὰρ
2914 4287 2943 4338 6
2989 4285 3217 4358 ὄρθρος·
3270 4286 3407 4357 πρὸς
3452 4287 3511 4340 δν
3546 4286 3726 4340 Ἰακὼϐ

2161 4381 2295 4453 ἔφη·
2327 4382 2399 4435 Οὐ
2440 4382 2512 4453 μή
2546 4399 2603 4434 σε
2631 4380 2933 4435 ἀποστείλω
2957 4380 3051 4433 ἐὰν
3084 4381 3157 4451 μή
3204 4397 3270 4450 με
3312 4380 3637 4451 εὐλογήσῃς·
3681 4380 3728 4430 τί

482 4458 612 4538 vero
664 4492 731 4533 rx
802 4473 1104 4530 Dominicis
1168 4458 1384 4540 quoque
1440 4480 1834 4539 cognoscemus
1879 4466 2048 4520 verbis

2167 4474 2301 4545 πρὸς
2328 4473 2497 4527 ταῦτα
2522 4473 2700 4541 λέγειν
2733 4472 2945 4542 ἔχουσιν
2987 4472 3035 4523 oi
3078 4471 3233 4539 σοφοὶ
3262 4470 3361 4539 τῆς
3389 4470 3622 4531 πίστεως
3646 4485 3729 4521 τε·

482 4582 657 4647 ipsum
697 4584 913 4642 qnoquc
946 4568 1250 4623 mittentem
1286 4561 1503 4617 Patrem
1551 4560 1718 4616 misso
1761 4574 1883 4614 cum
1921 4557 2058 4613 Filio

482 4654 925 4723 coexsistentem.
970 4676 990 4711 ι
1024 4658 1182 4713 Solus
1213 4654 1381 4720 enim,
1418 4653 1616 4723 inquit,
1653 4666 1758 4707 non
1785 4665 1928 4716 sum,
1963 4650 2057 4707 sed

481 4770 581 4827 ego
612 4764 668 4809 et
695 4754 788 4824 qui
828 4749 974 4807 misit
1006 4762 1091 4804 me
1117 4745 1280 4801 Pater
1300 4744 1367 4799 ³³.
1408 4763 1427 4796 ι
1460 4742 1528 4797 Et
1558 4742 1666 4797 alio
1693 4742 1809 4797 loco
1837 4758 1850 4795 :
1886 4760 1904 4793 ι
1942 4742 2056 4796 Non

483 4847 702 4916 reliquit
738 4859 824 4900 me
862 4843 1034 4898 solum
1064 4839 1229 4894 Pater
1287 4851 1438 4893 meus
1457 4835 1523 4890 ³⁵.
1556 4854 1575 4888 ι
1607 4834 1675 4889 Et
1706 4835 1831 4890 alibi
1858 4850 1873 4886 :
1909 4851 1927 4887 ‹
1956 4832 2060 4887 Pa-

484 4952 565 4996 ter
608 4953 761 4994 meus
810 4937 861 4991 in
904 4949 990 4989 me
1026 4944 1274 4994 manens,
1325 4931 1439 4999 ipse
1482 4942 1645 4997 opera
1682 4926 1815 4981 facit
1836 4925 1903 4980 ³⁸.
1942 4945 1961 4977 ι
2003 4923 2061 4979 Si

484 5050 614 5105 ergo
662 5035 714 5087 in
769 5032 886 5101 ipso
920 5038 974 5084 et
1026 5042 1148 5082 cum
1197 5029 1314 5095 ipso
1352 5034 1472 5080 erat
1505 5024 1598 5093 qui
1640 5024 1810 5088 misit,
1842 5023 2059 5077 ubinam

485 5127 701 5183 vilitas?
731 5124 899 5180 Porro
926 5121 1019 5193 qui
1045 5120 1228 5174 omnia
1264 5117 1475 5186 implet,
1499 5132 1608 5187 qno
1645 5115 1728 5169 vel
1768 5114 1908 5169 unde
1931 5117 2062 5169 mis-

485 5236 579 5279 sus
605 5219 744 5275 fuit?
779 5216 911 5272 Nam
951 5214 1137 5269 missio
1165 5211 1270 5267 loci
1316 5211 1667 5265 nmtationem
1700 5207 1898 5263 innuit.
1938 5205 2057 5260 Jam

487 5316 532 5368 ei
564 5314 744 5369 omnia
778 5309 941 5364 Pater
974 5306 1252 5375 Filiusque
1294 5303 1580 5360 continent
1603 5340 1618 5365 ,
1678 5315 1853 5367 neque
1898 5298 2063 5353 Pater

487 5420 584 5459 ceu
615 5410 854 5458 remotus
889 5399 955 5453 ab
984 5397 1089 5453 illis
1137 5397 1205 5451 ad
1248 5410 1383 5465 quos
1418 5393 1596 5457 misit,
1634 5390 1831 5446 Filium
1879 5389 2060 5452 misit;

490 5511 662 5565 neque
687 5492 857 5547 Filius
888 5504 955 5544 ex
1002 5490 1108 5545 alio
1156 5488 1209 5543 in
1256 5487 1420 5542 alium
1460 5482 1679 5555 694m
1720 5482 1933 5537 transiit
1976 5480 2063 5535 lu—

2162 4565 2278 4636 χνο)
2291 4564 2436 4633 ὀγοι;
2476 4563 2684 4626 ’Δλλως
2709 4563 2765 4616 δὲ
2787 4563 2881 4615 καὶ
2910 4564 2973 4615 ἐκ
2997 4561 3105 4614 τῶν
3138 4559 3484 4613 Δεσποτικῶν
3511 4560 3731 4630 εὑρήσο-

2167 4673 2267 4728 μεν
2301 4656 2559 4727 ῥημάτων
2592 4656 2684 4708 καὶ
2715 4654 2876 4708 αὐτὸν
2922 4655 3013 4706 τὸν
3065 4652 3358 4721 πέμψαντα
3399 4652 3616 4721 Πατέρα
3652 4648 3732 4717 τῷ

2165 4749 2465 4820 πεμφθέντι
2492 4747 2604 4819 Υίῴ
2630 4747 2873 4801 συνόνταο
2898 4746 3101 4809 «Μνενος
3126 4745 3252 4815 γὰρ,
3278 4745 3461 4814 φησὶν,
3480 4744 3576 4795 οὐκ
3601 4741 3729 4811 εἰμὶ,

2163 4841 2277 4895 ἀλλ’
2310 4840 2419 4909 ἐγὼ
2466 4841 2562 4893 καὶ
2610 4840 2638 4892 6
2685 4838 2907 4907 πέμψας
2942 4854 3007 4908 με
3041 4838 3257 4907 Πατήρ·
3292 4855 3310 4887 a
3343 4834 3437 4888 καὶ
3464 4831 3689 4902 ἀλλαχοῦ
3717 4846 3729 4857 ’

2170 4951 2187 4984 ι
2217 4932 2330 4985 Οὐκ
2362 4929 2540 5001 ἀφῆκέ
2571 4945 2638 5000 με
2667 4930 2828 4999 μόνον
2852 4929 2880 4980 ὁ
2911 4928 3101 4998 Πατήρ
3128 4942 3257 4997 μου·
3286 4945 3304 4977 ι
3340 4926 3432 4978 καί⁵
3448 4923 3728 4987 ἑτέρωθεν·

2170 5045 2187 5077 ι
2212 5024 2268 5078 'O
2287 5024 2475 5094 Πατήρ
2495 5039 2594 5094 μου
2618 5024 2646 5075 6
2669 5024 2726 5075 ὲν
2746 5021 2869 5092 ἐμοὶ
2891 5021 3086 5091 μένων,
3106 5019 3267 5081 αὐτὸς
3291 5019 3435 5069 ποιεῖ
3461 5015 3529 5069 τά
3550 5015 3729 5083 ἔργα.»

2165 5118 2227 5171 El
2263 5116 2440 5168 τοίνυν
2470 5115 2528 5168 ὲν
2554 5112 2723 5183 αὐτῷ,
2759 5113 2852 5165 καὶ
2885 5113 2983 5167 σὺν
3017 5110 3169 5181 αὐτῷ
3204 5106 3271 5181 ἦν
3298 5111 3327 5163 6
3354 5109 3594 5177 πέμψας.
3639 5105 3733 5158 ποῦ

2164 5206 2259 5261 τοῦ
2296 5205 2635 5277 πεμφθέντος
2666 5206 2698 5274 ὴ
2725 5204 3001 5270 εὐτέλεια;
3032 5205 3061 5256 6
3091 5203 3147 5255 δὲ
3186 5203 3252 5256 τὰ
3291 5203 3467 5255 πάντα
3498 5196 3732 5267 πληρῶν,

2167 5296 2271 5350 ποῦ
2322 5298 2417 5349 καὶ
2452 5296 2615 5349 πόθεν
2654 5295 2970 5365 ἀπεστάλη;
3023 5297 3055 5366 ἡ
3095 5294 3204 5364 γὰρ
3254 5290 3543 5359 ἀποστολὴ,
3570 5289 3734 5340 τόπου

2166 5388 2405 5457 ἀλλαγὴν
2435 5388 2727 5440 αἰνίττεται
2748 5402 2763 5417 ο
2798 5387 2846 5438 εἰ
2877 5386 2933 5438 δὲ
2962 5385 3031 5438 τὰ
3060 5385 3235 5437 πάντα
3268 5382 3455 5451 Πατὴρ
3493 5380 3585 5433 καὶ
3614 5379 3737 5439 Υίὶς

2170 5480 2433 5552 περιέχει,
2460 5479 2581 5534 οὔτε
2612 5481 2639 5531 6
2662 5478 2848 5550 Πατὴρ
2874 5478 2949 5544 ὡς
2974 5478 3164 5549 τ’..όρρω
3189 5474 3469 5544 τυγχάνων
3495 5471 3736 5533 ἐκείνων,

564 5692 606 5721 ³⁸
640 5688 798 5743 Joan.
834 5704 947 5755 vin,
973 5689 1154 5744 14-19.
1232 5686 1275 5720 ⁸³
1306 5686 1441 5743 Gen.
1477 5699 1650 5750 χχχιι,
1676 5684 1770 5742 26.
1846 5681 2071 5739 "Joan.
2114 5696 2229 5751 vm,
2276 5681 2358 5737 16.
2428 5683 2480 5771 _“
2519 5680 2646 5738 ibid.
2682 5680 2772 5737 9.9.
2844 5680 2889 5712 ³⁸
2926 5678 3081 5735 Joan.
3122 5692 3227 5743 xxv,
3258 5676 3342 5732 10.
