4078 6264
396 355 538 412 1169

1752 367 1845 441 nn
1879 367 2270 432 TlthlTATE.

3530 390 3665 445 H70

395 468 535 540 πρὸς
564 466 685 531 οὓς·
705 467 1045 537 ἀπέστειλεν,
1082 473 1297 545 ἔπεμψε
1341 474 1431 528 τὸν
1462 476 1610 543 Υίὸν,
1638 477 1761 531 οὔτε
1802 481 1833 532 ὁ
1863 480 1984 544 Υἱὸς

2095 500 2238 541 cum.
2275 488 2534 560 Superest
2565 503 2781 569 ergout
2824 495 3197 553 existimemus
3244 514 3533 572 assumpta:
3571 507 3668 567 hu,-

397 558 457 623 ὲξ
484 560 673 629 ἑτέρου
713 562 792 624 είς
822 560 1009 633 ἕτερον
1041 567 1387 637 μεταϐέϐηκε
1424 570 1589 623 τόπον
1612 587 1624 601 '
1656 571 1851 626 οὐκοῦν
1877 573 1989 626 λεί-

397 666 556 703 πεται
580 653 720 704 νοεῖν
745 651 848 722 τῆς
870 654 1274 729 ἀναληφθείσης
1292 661 1709 734 ἀνθρωπότητος
1736 665 1834 736 τὴν
1856 667 1988 721 ἀπο-

394 744 592 815 στολὴν
629 739 790 799 εἶναι.

480 876 621 930 Ἀλλ’
655 877 750 931 ἐπὶ
777 879 877 951 τὴν
901 882 1197 953 ἑρμηνείαν
1222 884 1331 940 τῶν
1355 888 1697 945 Δεσποτικῶν
1725 894 1987 965 ῥημάτων

396 971 733 1043 ἀναδραμεῖν
766 974 1009 1045 καιρός.«
1033 976 1122 1031 Ἐν
1153 977 1232 1048 τῷ
1260 979 1428 1051 νόμῳ,
1461 983 1616 1053 φησὶ,
1631 984 1708 1055 τῷ
1737 988 1987 1059 ὑμετέρῳ

396 1062 728 1153 γέγραπται,
756 1066 839 1118 ὅτι
885 1065 980 1120 δύο
1028 1067 1333 1139 ἀνθρώπων
1380 1075 1414 1144 ἡ
1468 1078 1742 1148 μαρτυρία
1779 1081 1988 1153 ἀληθής

401 1157 600 1207 ἐστιν’(
625 1151 745 1213 εἶτα
772 1158 1087 1227 ὲπάγει,ὃτι
1120 1180 1141 1216 ι
1163 1162 1304 1231 Ἐγώ
1332 1166 1449 1236 είμι
1477 1168 1505 1220 6
1534 1170 1833 1242 μαρτυρῶν
1860 1151 1987 1245 περὶ

401 1247 667 1315 ἐμαυτοῦ,
690 1250 786 1302 καὶ
833 1254 1104 1324 μαρτυρεῖ
1136 1256 1266 1327 περὶ
1294 1257 1428 1327 ἐμοῦ
1462 1260 1491 1311 6
1519 1259 1744 1331 πέμψας
1775 1280 1841 1335 με
1872 1266 1986 1320 Πα-

401 1340 530 1411 τήρ,
567 1360 586 1393 ι
627 1341 1059 1417 Ἀποϐλέψαντες
1092 1346 1273 1402 τοίνυν
1320 1348 1420 1420 τὴρν
1466 1351 1669 1419 εἰκόνα,
1702 1354 1987 1427 νοήσωμεν
2034 1352 2037 1353 ν

403 1435 463 1487 τὸ
494 1434 834 1507 ἀρχέτυπον·
879 1455 898 1488 t
927 1437 1049 1501 Δύο,
1084 1440 1268 1510 φησὶν,
1304 1441 1670 1517 άνθρώπωνή
1710 1450 1987 1521 μαρτυρία

399 1524 605 1596 ἀληθής
645 1527 833 1581 ἐστιν’
877 1547 895 1580 ι
944 1529 1057 1593 τῶν
1083 1531 1141 1585 δὲ
1178 1532 1272 1587 δύο
1300 1534 1601 1606 ἀνθρώπων
1633 1539 1854 1610 ἡφύσις
1887 1544 1986 1612 μία

398 1617 641 1687 δηλονότι
669 1619 820 1690 παρὰ
858 1621 1026 1674 πᾶσιν
1052 1622 1119 1677 ἂν
1140 1623 1486 1697 ὡμολόγηται
1508 1646 1520 1659 ·
1551 1630 1746 1685 οὐκοῦν
1774 1634 1987 1705 Πατρὸς

401 1710 497 1763 καὶ
532 1708 664 1762 Υίοῦ
691 1714 724 1781 ὴ
753 1712 909 1766 οὐσία
936 1714 1057 1783 μία,
1083 1715 1181 1786 μία
1210 1714 1309 1787 [ita
1338 1719 1436 1788 μία
1466 1719 1574 1793 bis]
1607 1724 1671 1776 ὲκ
1715 1724 1814 1793 τῆς
1844 1726 1987 1779 εἰκό-

401 1818 493 1864 νος
524 1801 846 1873 νοηθήσεταί
891 1822 951 1857 τε
1001 1807 1095 1859 καὶ
1127 1808 1588 1881 ὁμολογηθήσεται
1608 1830 1621 1844 ·
1657 1813 1848 1885 ὥσπερ
1880 1816 1987 1886 γὰρ

402 1894 521 1948 ἐκεῖ
550 1892 642 1947 δύο
663 1895 956 1969 ἄνθρωποι,
983 1897 1127 1952 οὕτω
1156 1900 1251 1953 καὶ
1277 1900 1513 1955 ἐνταῦθα
1539 1903 1670 1967 Θεὸς
1700 1906 1793 1959 καὶ
1827 1906 1981 1973 Θεὸς,

405 1984 595 2055 Πατὴρ
646 1986 739 2039 καὶ
769 1986 912 2052 Υἱὸς,
945 1990 1040 2042 καὶ
1067 1990 1253 2056 αὐτοῖς
1295 1995 1409 2058 τοῖς
1435 1993 1663 2064 ὀνόμασι
1696 1996 1983 2068 δηλοῦντες

400 2074 499 2143 τῆς
539 2074 755 2143 φύσεως
782 2078 882 2148 τὴν
912 2079 1216 2152 ταυτότητα
1236 2099 1248 2112 ·
1277 2081 1399 2136 οὔτε
1425 2084 1532 2157 γὰρ
1558 2088 1586 2139 6
1610 2085 1827 2158 άληθῶς
1851 2089 1984 2156 Θεὸς

397 2164 589 2237 ἐτέρας
618 2166 684 2221 ἂν
711 2167 797 2239 εἴη
831 2170 1046 2240 φύσεως
1066 2175 1215 2245 παρά
1243 2175 1344 2237 τὸν
1363 2176 1631 2248 ἀληθινῶς
1662 2178 1826 2233 Θεόν·
1858 2180 1981 2235 οὔτε

396 2258 425 2313 ὁ
474 2260 601 2323 Υίὸς
652 2262 810 2327 ἄλλος
866 2268 996 2341 παρ’
1030 2268 1275 2336 ἐκεῖνον,
1329 2272 1465 2326 Θεοῦ
1518 2274 1783 2345 ὑπάρχων
1832 2278 1978 2342 Υίός.

400 2352 618 2407 Τούτων
642 2355 977 2422 ἀκούσαντες
1001 2362 1053 2415 οἱ
1076 2361 1319 2429 Ἰουδαῖοι
1331 2366 1624 2438 ἠρώτησαν
1646 2368 1981 2425 αὑτόνίΠοῦ

402 2446 551 2499 ἔστιν
592 2449 839 2521 ὁΠατήρ
890 2469 1058 2520 σου;›
1109 2456 1403 2530 Ἀπεκρίθη
1454 2461 1632 2523 τοίνυν
1659 2466 1687 2516 6
1733 2464 1937 2536 Ἰησοῦς
1963 2482 1978 2498 ⁸

408 2539 593 2633 ιΔΟῦτε
645 2542 745 2615 ἐμὲ
793 2545 992 2611 οἴδατε,
1035 2547 1155 2633 οὔτε
1190 2552 1279 2604 τὸν
1324 2553 1543 2626 Πατέρα
1598 2574 1731 2627 μου·
1786 2560 1836 2612 εἰ
1881 2560 1982 2633 ἐμὲ

401 2628 600 2699 ᾔδειτε,
643 2635 735 2687 καὶ
771 2634 877 2689 τὸν
900 2630 1120 2711 Πατέρα
1157 2659 1260 2711 μου
1300 2643 1478 2719 ᾔδειτε
1517 2646 1655 2705 ἄν.)

477 2860 672 2930 Ὁρᾶτε
698 2861 859 2915 πάλιν
880 2863 996 2928 πῶς
1019 2865 1265 2920 ἐντεῦθεν
1287 2870 1347 2923 τὸ
1367 2872 1649 2941 ὁμοούσιον
1671 2875 1976 2933 δείκνυται·

395 2952 461 3006 Εἰ
485 2954 586 3024 ἐμὲ
617 2955 744 3027 γὰρ,
771 2954 957 3026 φησιν,
984 2958 1179 3029 ᾔδειτε,
1206 2962 1299 3015 καὶ
1325 2962 1417 3018 τὸν
1437 2966 1656 3038 Πατέρα
1682 2986 1783 3039 μου
1803 2972 1981 3042 ᾔδειτε

399 3045 500 3096 ἄν·
543 3046 607 3098 ὲκ
645 3046 702 3099 δὲ
729 3047 824 3100 τοῦ
856 3050 1199 3119 ὲτεροουσίου
1231 3052 1293 3106 τὸ
1322 3056 1660 3129 ὲτεροούσιον
1689 3062 1750 3115 οὐ
1782 3064 1981 3136 γνωρί-

401 3135 582 3197 ζεται·
616 3138 682 3192 τὰ
712 3139 818 3212 γάρ
848 3141 1119 3213 ἀλλόφυλα
1160 3144 1254 3200 καὶ
1297 3147 1445 3214 ξένα,
1475 3150 1721 3217 ἀλλήλων
1744 3154 1844 3207 οὐκ
1875 3135 1983 3209 eici.

395 3227 703 3299 δηλαηικά’
748 3231 817 3285 τὰ
860 3232 918 3289 δὲ
964 3234 1180 3303 φύσεως
1227 3240 1609 3309 κοινωνοῦντα,
1640 3244 1709 3298 δι’
1737 3246 1985 3318 ἀλλήλων

399 3318 762 3387 γινώσκεται·
792 3323 862 3376 δι’
890 3324 1009 3388 ἐνὸς
1044 3327 1143 3397 μὲν
1180 3328 1493 3401 ἀνθρώπου,
1529 3336 1709 3390 πᾶσαν
1747 3335 1858 3391 τῶν
1892 3340 1986 3394 ἀν-

399 3406 639 3478 θρώπων
666 3409 765 3480 τὴν
795 3411 956 3481 φύσιν
985 3413 1113 3469 ἰδεῖν
1145 3416 1291 3471 ἐστι’
1328 3422 1422 3474 καὶ
1457 3422 1525 3475 δι’
1551 3422 1670 3487 ἐνὸς
1711 3427 1984 3496 προϐάτου

400 3498 511 3590 τών
542 3500 827 3590 προϐάτων
858 3503 1006 3559 ἀπαν
1032 3507 1094 3560 τὸ
1127 3509 1311 3577 γένος’
1343 3512 1405 3565 οὐ
1444 3513 1552 3584 μὴν
1582 3515 1671 3570 διὰ
1698 3518 1988 3590 προϐάτοιν

397 3588 530 3652 τοὺς
565 3589 807 3657 λέοντας,
833 3594 954 3648 οὐδὲ
983 3596 1071 3651 διὰ
1099 3597 1332 3655 λεόντων
1358 3601 1427 3657 τά
1460 3588 1869 3675 πρόϐατα,ὴοὺδ¹
1894 3610 1988 3679 ἀγ-

397 3681 592 3776 γέλους
619 3683 710 3739 διὰ
741 3685 1067 3756 ἀνθρώπων,
1106 3692 1228 3746 οὐδὲ
1250 3692 1336 3747 διὰ
1362 3696 1610 3776 ἀγγέλων
1628 3699 1948 3773 ἀνθρώπους
1968 3721 1981 3734 ο

400 3772 542 3829 ζῶον
558 3776 668 3848 γὰρ
689 3778 920 3837 ἕκαστον
938 3782 1039 3852 τῆς
1063 3784 1271 3851 οίκείας
1290 3772 1590 3861 δηλωτικόν
1609 3772 1984 3865 ἐστιφύσεως.

402 3865 469 3958 Et
495 3866 675 3958 τοίνυν
697 3872 726 3924 ὁ
756 3875 1048 3945 μονογενὴς
1067 3876 1238 3947 Λόγος
1259 3879 1355 3934 τοῦ
1375 3881 1513 3937 Θεοῦ
1539 3884 1766 3958 κτίσμα,
1805 3891 1898 3945 καὶ
1927 3889 1988 3957 ἐξ

394 3957 502 4012 οὐκ
524 3957 713 4029 ὄνων,
741 3962 837 4017 καὶ
887 3963 946 4031 ιε
989 3965 1182 4038 ἑτέρας
1228 3969 1373 4034 τινὸς
1414 3957 1707 4047 γεγένηται
1747 3977 1984 4046 φύσεως,

398 4047 516 4115 πῶς
542 4050 603 4104 ὲν
633 4053 785 4126 αὐτῷ
814 4054 906 4109 τὸν
937 4056 1157 4128 Πατέρα
1187 4060 1428 4117 δείκνυσι
1472 4065 1889 4137 πιστευόμενοςς
1938 4071 1987 4124 εί

389 4140 451 4195 δὲ
480 4143 510 4195 6
536 4143 728 4216 Πατὴρ
764 4146 853 4200 διὰ
880 4146 974 4201 τοῦ
1002 4149 1133 4206 Υιοῦ
1179 4151 1527 4222 γινώσκεται,
1557 4156 1650 4210 καὶ
1681 4157 1710 4210 6
1742 4157 1833 4212 τὸν
1858 4160 1985 4214 Υίὸν

393 4233 701 4302 γινώσκων,
736 4240 831 4291 καὶ
877 4240 970 4294 τὸν
1019 4242 1237 4314 Πατέρα
1265 4245 1545 4315 γινώσκει,
1580 4249 1838 4323 πεδηθείη
1884 4252 1985 4325 μὲν

395 4327 549 4379 πᾶσα
588 4327 907 4400 βλάσφημος
937 4333 1173 4402 γλῶσσα,
1211 4338 1411 4409 καὶτῷ
1440 4339 1676 4413 λάρυγγι
1715 4344 1855 4398 κατά
1894 4326 1985 4399 τὸν

397 4417 687 4488 προφήτην
722 4418 1007 4494 κολληθείη
1032 4440 1045 4453 ο
1084 4426 1245 4495 ἡμεῖς
1272 4426 1331 4479 δὲ
1359 4429 1408 4481 οί
1442 4428 1543 4499 τῆς
1569 4431 1799 4501 Τριάδος
1819 4449 1985 4506 προσ-

395 4508 628 4578 κυνηταὶ
659 4509 862 4583 ἀκριϐῆ
895 4512 987 4567 τοῦ
1019 4517 1305 4586 ὀμοουσίου
1339 4518 1587 4576 ἐντεῦθεν
1637 4522 1738 4595 τὴν
1780 4526 1981 4593 γνῶσιν

395 4598 777 4671 λαμϐάνομεν⁸
822 4602 1160 4675 λογιζόμενοι
1202 4609 1280 4675 ώς
1315 4612 1416 4665 οὐκ
1453 4613 1520 4667 ἂν
1549 4615 1750 4687 ἑτέρως
1779 4618 1838 4670 ὲν
1866 4617 1982 4689 Υίῷ

392 4689 587 4763 Πατὴρ
612 4694 940 4766 ἐγνωρίσθη,
968 4699 1017 4750 εί
1048 4698 1124 4770 μὴ
1147 4700 1249 4769 τῆς
1272 4703 1443 4774 αὐτῆς
1463 4705 1651 4770 οὐσίας
1684 4707 1976 4779 ἐτύγχανε-⁸

393 4786 491 4838 καὶ
545 4787 964 4860 προσκυνοῦμεν
1000 4792 1095 4845 τὸν
1145 4794 1377 4866 Σωτῆρα
1417 4798 1509 4853 τὸν
1557 4800 1848 4871 ἡμέτερον,
1880 4802 1981 4872 τῆς

393 4880 821 4950 προσκυνήσεως
862 4881 954 4935 τὸν
996 4884 1212 4955 καρπὸν
1238 4888 1622 4958 ἀναμένοντες,
1652 4884 1713 4944 οῦ
1744 4895 1981 4965 χορηγὸς

390 4968 556 5032 αὐτὸς
581 4971 610 5023 ὁ
633 4970 822 5042 Πατὴρ
846 4974 1105 5044 τυγχάνει
1130 4979 1274 5032 κατὰ
1298 4980 1397 5051 τὴν
1419 4981 1513 5034 τοῦ
1540 4983 1744 5052 Κυρίου
1770 4988 1975 5056 φωνήνο

396 5079 417 5112 ς
442 5061 570 5114 Ἐάν
598 5080 682 5127 τις
705 5065 834 5134 γὰρ,
866 5066 1052 5136 φησιν,
1076 5068 1198 5138 ἐμοὶ
1228 5071 1543 5145 διακονήσῃ,
1570 5075 1791 5145 τιμήσει
1814 5078 1978 5132 αὐτὸν

386 5153 421 5205 6
448 5153 637 5225 Πατήρ
665 5174 766 5225 μου
788 5175 802 5188 ο
834 5176 852 5208 ι
890 5159 983 5212 καὶ
1022 5161 1051 5213 6
1091 5161 1391 5232 θαυμάσιος
1424 5164 1480 5217 δὲ
1514 5166 1767 5237 Ἰωάννης
1796 5169 1825 5222 6
1854 5169 1976 5222 θεο-

390 5245 584 5311 λογῶν,
622 5267 639 5298 ι
664 5248 721 5301 Ὀ
752 5251 1025 5305 πιστεύων
1056 5254 1135 5318 είς
1170 5254 1262 5308 τὸν
1288 5255 1434 5321 Υἱὺν,
1471 5258 1657 5327 φησὶν,
1686 5259 1801 5329 ἔχει
1832 5261 1977 5331 ζωὴν

389 5338 610 5393 αἰώνιον
629 5357 641 5370 ⁸
663 5345 692 5393 ὁ
719 5341 776 5395 δὲ
808 5343 1051 5396 ἀπειθῶν
1079 5346 1156 5417 τῷ
1178 5346 1313 5418 Υἱῷ,
1342 5349 1440 5401 οὐκ
1466 5349 1656 5417 ὄψεται
1687 5351 1783 5422 τὴν
1808 5351 1974 5424 ζωὴν,

387 5429 562 5501 ἀλλ’ἢ
598 5432 735 5503 ὀργὴ
770 5436 863 5487 τοῦ
894 5436 1028 5488 Θεοῦ
1064 5441 1219 5509 μενεί
1360 5440 1539 5496 αὐτόν.
1572 5461 1587 5492 ι

463 5804 505 5837 ἐ
541 5803 682 5860 Psal.
715 5818 934 5871 CXXXVI,
978 5806 1027 5859 ti.
1110 5807 1143 5835 τ
1178 5802 1328 5858 Joan.
1371 5822 1463 5872 χιι,
1496 5810 1582 5864 2:5,

1664 5811 1705 5837 εί
1747 5806 1903 5861 Joan.
1938 5823 2016 5872 ιιι,

2096 580 2377 643 manitatis
2406 583 2573 641 fuisse
2588 588 2927 651 missionem.

2092 954 2095 955 ν
2163 888 2404 960 Sed‘jam
2435 900 2648 963 tempus
2670 906 2749 951 est
2780 899 2927 953 ut-ad
2954 898 3353 957 Dominicorum
3378 906 3667 960 verborum
3697 884 3701 888 6

2090 982 2598 1053 interpretationem
2624 990 2924 1071 veniamus.
2957 1011 2975 1044 ι
3007 992 3223 1059 Vestra,
3254 997 3447 1068 inquit,
3474 999 3525 1053 in
3554 999 3669 1071 lege

2090 1075 2353 1145 scriptum
2399 1089 2504 1146 est,
2537 1080 2764 1136 duorum
2805 1066 3081 1140 hominum
3134 1066 3501 1145 testimonium
3548 1106 3669 1147 esse

2092 1178 2301 1219 verum.
2337 1185 2355 1219 ι
2384 1166 2588 1223 Deinde
2620 1170 2770 1225 addit
2799 1190 2812 1229 :
2846 1193 2864 1224 ι
2900 1173 3008 1243 Ego
3037 1191 3154 1231 sum
3183 1180 3272 1248 qui
3301 1182 3667 1236 testimonium

2088 1254 2350 1323 perhibeo
2376 1258 2443 1313 de
2485 1258 2712 1328 meipso,
2736 1272 2789 1316 et
2809 1264 3171 1320 testimonium
3197 1270 3445 1335 perhibet
3472 1271 3536 1325 do
3559 1287 3666 1336 me,

2089 1346 2180 1412 qui
2224 1348 2370 1402 misit
2411 1365 2516 1415 me,
2554 1348 2734 1405 Pater.
2769 1369 2788 1403 ι
2821 1352 2961 1422 Ergo
3003 1356 3290 1425 imaginem
3337 1371 3665 1428 spectantes,

2089 1438 2441 1512 archetypum
2484 1456 2899 1513 cognoscamus.
2941 1464 2959 1498 ι
2995 1445 3266 1515 Duorum,
3311 1450 3537 1519 inquit,
3567 1453 3666 1513 ho-

2090 1530 2295 1585 minum
2335 1548 2523 1588 verum
2560 1543 2646 1591 est
2696 1538 3109 1605 testimonium;
3159 1559 3189 1603 ιη
3242 1542 3392 1610 atqui
3439 1544 3666 1599 duorum

2090 1622 2368 1680 hominum
2407 1641 2568 1680 unam
2600 1641 2721 1683 esse
2754 1639 3000 1693 naturam
3039 1633 3221 1687 cuncti
3259 1632 3529 1701 fatentur;
3566 1637 3668 1705 igi-

2092 1721 2179 1768 tur
2207 1714 2387 1772 Patris
2419 1725 2473 1773 et
2497 1718 2615 1773 Filii
2645 1729 2897 1775 naturam
2935 1738 3125 1786 unam,
3158 1739 3320 1781 unam
3368 1741 3559 1796 reapse
3601 1743 3677 1782 εκ-

2016 1843 2063 1903 B
2092 1806 2333 1878 imagine
2364 1824 2752 1880 cognoscemus
2793 1814 3270 1875 et_coniitebimur.
3317 1818 3472 1874 Sicut
3525 1820 3689 1878 enim.

2093 1899 2164 1952 ibi
2198 1899 2306 1955 duo
2335 1900 2604 1965 homines,
2628 1902 2701 1956 ita
2737 1914 2791 1958 et
2817 1904 2904 1959 hic
2955 1905 3094 1960 Deus
3125 1914 3179 1959 et
3211 1906 3380 1974 Deus,
3417 1908 3577 1973 Pater
3602 1920 3672 1971 ,ει

2090 1989 2287 2054 Filius,
2316 1990 2407 2060 qui
2440 1991 2750 2056 nominibus
2778 1994 2891 2049 suis
2924 1995 3058 2063 ipsis
3084 1997 3330 2051 eamdem
3364 2012 3483 2054 esse
3515 2008 3671 2053 natu-

2091 2097 2209 2137 ram
2237 2081 2538 2139 declarant.
2574 2081 2762 2153 Neque
2786 2085 2930 2140 enim
2963 2085 3054 2156 qui
3084 2100 3243 2142 verus
3270 2088 3342 2143 sit
3375 2088 3534 2152 Deus,
3571 2106 3669 2144 una

2092 2183 2213 2230 tura
2236 2173 2448 2230 dili'eret
2481 2189 2512 2229 a
2541 2189 2672 2231 vero
2707 2175 2855 2243 Deo;
2896 2189 3069 2245 neque
3107 2176 3280 2233 Filius
3328 2175 3574 2233 diversus
3603 2180 3670 2232 ab

2091 2266 2185 2323 illo
2222 2267 2349 2332 erit,
2382 2280 2504 2323 cum
2543 2267 2615 2323 sit
2647 2268 2741 2323 Dei
2770 2267 2959 2323 Filius.
2992 2267 3088 2322 llis
3124 2268 3347 2335 auditis,
3380 2268 3550 2327 Judaei
3589 2271 3670 2329 in:

2092 2366 2506 2428 terrogaverunt
2549 2374 2714 2418 eum:
2777 2378 2795 2410 ι
2830 2358 3057 2415 Ubinam
3107 2368 3194 2414 est
3234 2360 3398 2416 Pater
3443 2364 3611 2416 tuus?
3646 2381 3663 2412 ι

2089 2450 2391 2523 Respondit
2420 2454 2604 2523 itaque
2636 2451 2793 2512 Jesus
2823 2471 2837 2507 :
2863 2469 2891 2520 ,ι
2922 2451 3108 2523 Neque
3147 2468 3234 2507 me
3282 2453 3433 2511 scitis
3454 2496 3467 2520 ,
3498 2468 3683 2524 neque,

2088 2542 2306 2600 Patrem
2364 2558 2592 2601 meum:
2647 2544 2692 2600 si
2757 2557 2844 2601 me
2901 2543 3157 2613 sciretis,
3189 2542 3407 2610 Patrem
3456 2560 3678 2613 quoque

2091 2652 2270 2695 meum
2300 2636 2532 2696 scimtis.
2569 2654 2599 2715 ιη

2161 2858 2357 2915 Videte
2405 2874 2597 2917 rursus
2642 2862 2915 2932 quomodo
2956 2862 3083 2918 hinc
3130 2863 3670 2919 consubstantialitas

2090 2954 2515 3008 demonstratur.
2554 2953 2609 3008 Si
2647 2969 2755 3019 me,
2787 2953 3241 3023 inquit,sciretis,
3276 2953 3493 3009 Patrem
3534 2973 3670 3024 quo-

2088 3057 2198 3113 que
2234 3058 2411 3098 meum
2456 3042 2690 3099 sciretis.
2726 3045 2795 3099 At
2838 3059 2967 3101 vero
3013 3060 3079 3099 ex
3113 3059 3178 3100 eo
3210 3046 3352 3115 quod
3396 3046 3670 3100 diversum

2088 3144 2173 3191 est
2201 3144 2421 3201 natura,
2459 3136 2690 3191 alterum
2722 3137 2850 3191 item
2887 3137 3205 3193 naturaliter
3252 3138 3529 3193 diversum
3564 3154 3667 3191 nou

2091 3225 2449 3295 dignoscitur.
2500 3225 2746 3296 Namque
2794 3226 2970 3281 aliena
3010 3225 3245 3281 invicem
3279 3237 3336 3281 et
3384 3237 3668 3293 extranea,

2092 3316 2327 3373 invicem
2356 3333 2462 3373 non
2492 3318 2867 3373 demonstrant
2902 3318 3034 3374 :sed
3063 3326 3269 3372 natura:
3288 3316 3671 3373 communione

2089 3411 2410 3481 conjuncta,
2445 3425 2513 3466 ex
2544 3410 2809 3480 alterutro
2840 3420 3164 3467 noscuntur.
3194 3410 3271 3467 Ex
3302 3425 3409 3466 uno
3450 3409 3671 3465 homine

2090 3502 2402 3558 universam
2438 3502 2720 3560 hominum
2758 3512 3010 3559 naturam
3046 3517 3377 3574 cognoscere
3423 3502 3581 3568 licet;
3616 3510 3671 3557 et

2087 3614 2157 3656 ex
2189 3615 2292 3656 una
2325 3613 2447 3665 ove,
2476 3599 2789 3655 universum
2837 3599 3018 3654 ovium
3065 3614 3236 3669 genus
3265 3614 3283 3651 :
3334 3614 3441 3654 non
3488 3605 3670 3652 tamen

2090 3707 2161 3748 es
2189 3690 2389 3749 ovibus
2411 3691 2630 3758 leones,
2670 3705 2847 3762 neque
2884 3705 2952 3747 ex
2991 3690 3240 3748 leonibus
3280 3704 3452 3746 oves:
3498 3704 3672 3759 neque

2088 3783 2311 3855 angelos
2342 3798 2407 3839 ex
2448 3781 2781 3849 hominibus,
2822 3796 3002 3853 neque
3031 3797 3098 3837 ex
3132 3781 3336 3853 angelis
3373 3782 3620 3837 homines
3655 3800 3665 3834 :

2090 3889 2218 3929 nam
2249 3874 2675 3944 unumquodque
2704 3870 2903 3927 animal
2939 3873 3172 3942 propriae
3206 3881 3414 3927 naturae
3444 3872 3669 3926 demon-

2087 3965 2375 4022 strativum
2432 3974 2538 4019 est.
2597 3962 2657 4019 Si
2704 3978 2835 4033 ergo
2878 3963 3219 4035 unigenitum
3281 3963 3515 4018 Verbum
3573 3964 3668 4018 Dei

2087 4066 2342 4113 creatura
2362 4063 2468 4121 est,
2497 4064 2554 4111 et
2576 4068 2642 4109 ex
2667 4068 2773 4109 non
2806 4064 2963 4109 antea
2995 4054 3362 4120 exstantibus,
3387 4064 3444 4111 et
3473 4070 3539 4109 ex
3567 4055 3667 4109 alia

2086 4146 2325 4217 quadam
2365 4153 2558 4200 natura
2591 4152 2799 4210 natum,
2837 4146 3108 4215 quomodo
3133 4144 3354 4217 695m
3387 4146 3441 4202 in
3478 4161 3537 4202 se
3567 4146 3671 4202 Pal--

2089 4251 2228 4296 trem
2258 4238 2636 4304 demonstrat,
2672 4239 2717 4295 si
2749 4239 2798 4296 ei
2829 4240 3085 4296 credatur
3104 4240 3131 4294 ?
3152 4238 3272 4295 1am
3305 4239 3349 4296 si
3380 4239 3544 4296 Pater
3575 4256 3671 4309 pcr

2090 4332 2286 4388 Filium
2311 4334 2644 4403 agnoscitur,
2673 4342 2730 4388 et
2756 4333 2849 4404 qui
2874 4332 3070 4388 Filium
3104 4333 3287 4399 novit,
3317 4334 3467 4390 novit
3488 4342 3544 4387 et
3567 4332 3671 4388 Pa-

2090 4434 2252 4491 trem,
2280 4424 2612 4495 impediatur
2635 4440 2769 4480 sane
2796 4426 3002 4495 quaevis
3028 4425 3210 4496 lingua
3235 4424 3571 4495 blaspheme,
3589 4436 3665 4488 et.

2091 4523 2152 4571 ut
2184 4515 2260 4570 ait
2292 4512 2585 4584 Propheta,
2623 4515 2871 4571 faucibus
2914 4516 3189 4571 adhaereat
3217 4515 3284 4571 ".
3328 4514 3439 4571 Nos
3486 4525 3666 4571 autem

2093 4606 2383 4662 Trinitatis
2407 4606 2724 4661 adoratores
2743 4616 3050 4661 accuratam
3087 4607 3213 4665 hinc
3233 4607 3668 4661 consubstantia-

2091 4699 2263 4754 litatis
2293 4697 2567 4752 notionem
2595 4694 2996 4767 adipiscamur;
3029 4706 3368 4765 reputantes,
3415 4710 3522 4749 non
3564 4696 3663 4749 ali-

2091 4800 2173 4847 ter
2202 4789 2397 4845 Filium
2447 4789 2501 4843 in
2539 4787 2704 4844 Patre
2737 4788 2852 4844 fore
2900 4786 3327 4857 agnoscendum,
3374 4786 3477 4841 nisi
3523 4788 3667 4855 ejus-

2088 4882 2212 4936 dem
2251 4888 2396 4935 esset
2443 4879 2798 4935 substautiazz
2860 4880 3257 4947 adnuimusque
3317 4878 3664 4933 Servatorcm

2088 4982 2369 5038 nostrum,
2402 4970 2582 5026 cultus
2605 4972 2775 5028 nostri
2809 4970 3041 5025 fructum
3076 4969 3475 5038 praestolantes,
3511 4969 3666 5036 cuius

2085 5067 2245 5121 dator
2290 5063 2454 5119 Pater
2484 5074 2587 5127 est,
2628 5064 2926 5119 secundum
2980 5062 3189 5117 Domini
3234 5062 3484 5116 dictum:
3543 5080 3562 5114 ι
3606 5062 3663 5117 Si

2084 5159 2207 5227 quis
2239 5156 2405 5221 enim,
2437 5154 2632 5225 inquit,
2666 5155 2795 5209 mihi
2832 5153 3251 5218 ministraverit,
3286 5152 3667 5208 honoriﬁcabit

2085 5263 2209 5303 eum
2252 5246 2416 5301 Pater
2450 5260 2604 5301 meus
2626 5245 2693 5297 ⁸⁷.
2735 5262 2753 5294 ι
2804 5242 3047 5312 Itemque
3106 5242 3460 5296 admirandus
3502 5244 3668 5298 Joan-

2088 5354 2186 5394 nes
2230 5338 2511 5407 theologus
2544 5351 2558 5387 :
2589 5353 2614 5389 ι
2648 5334 2748 5403 Qui
2782 5333 2957 5389 credit
3003 5334 3054 5387 in
3084 5332 3276 5386 Filium
3302 5371 3319 5397 ,
3345 5334 3541 5403 inquit,
3573 5334 3667 5387 ha-

2089 5428 2179 5482 bet
2214 5427 2378 5481 vitam
2415 5436 2672 5480 aeternam
2702 5443 2714 5479 :
2761 5423 2850 5493 qui
2890 5433 3069 5478 autem
3105 5422 3416 5478 incredulus
3454 5435 3537 5478 est
3574 5424 3661 5479 Fin

2087 5517 2178 5581 lio,
2207 5515 2371 5569 vitam
2407 5530 2514 5571 non
2546 5512 2763 5581 videbit,
2815 5511 2908 5568 scil
2962 5513 3040 5568 ira
3085 5513 3178 5570 Dei
3227 5510 3465 5567 manebit
3502 5528 3666 5587 super

2088 5612 2262 5676 ipsum
2293 5609 2353 5663 ³³.
2397 5628 2412 5660 ι

2051 5811 2113 5847 ἵιξ

2049 5844 2134 5865 ναὶ-ιι
