4078 6264
541 335 672 392 “71

1533 334 1589 389 S.
1629 330 1901 388 CYRILLI
1941 327 2416 386 ALEXANDRINI
2452 328 2773 387 ARCHIEP.

3653 327 3793 383 1172

470 522 473 523 ν
536 448 678 503 XVI.
723 448 875 516 Quod
915 451 1095 523 multis
1130 453 1257 523 locis
1307 450 1765 523 Dominus_unam
1804 462 1916 502 cur
1957 462 2107 502 suam

2266 445 2385 515 ις’.
2408 448 2547 523 Ὅτε
2566 442 2881 523 πρλλαχοῦ
2904 444 2951 523 ,ὁ
2988 441 3203 523 Κιξνριρς
3234 438 3391 523 ιιίρη
3417 439 3604 523 ιξύτοῦ
3638 443 3735 497 και

808 551 815 558 -
887 531 936 574 et
968 519 1149 575 Patris
1178 522 1524 575 substantiam
1556 518 1754 571 docuit.

608 658 677 714 Ut
705 666 885 713 autem
917 656 1023 712 alio
1051 669 1267 727 quoque
1303 655 1615 711 testimonio
1638 651 2107 708 consubstantiali-

537 760 700 805 tatcm
739 749 1195 815 demonstremus,
1236 751 1408 818 ipsum
1453 747 1740 801 audiamus
1780 745 2103 801 clamantem

538 842 823 896 Dominum
856 856 920 896 ac
944 840 1213 895 dicentem
1239 854 1343 894 non
1369 838 1623 908 apostolis
1656 846 1888 902 tantum,
1917 850 2104 890 verum

533 935 692 987 etiam
722 932 957 987 Judmis:
994 952 1011 983 ι
1043 932 1145 999 Qui
1181 932 1355 987 credit
1395 932 1448 985 in
1497 946 1609 997 me,
1641 944 1747 984 non
1784 930 1838 984 in
1873 944 1958 985 me
1982 943 2103 984 cre-

534 1025 632 1086 dit,
658 1024 751 1078 sed
784 1024 836 1077 in
865 1038 988 1078 eum
1020 1024 1111 1092 qni
1147 1024 1291 1078 misit
1321 1037 1425 1077 me.
1456 1022 1522 1075 Et
1556 1022 1644 1090 qui
1678 1022 1821 1076 videt
1853 1035 1956 1085 me,
1980 1033 2103 1075 eum

532 1110 620 1177 qui
661 1126 745 1165 me
776 1112 922 1166 misit
950 1110 1115 1166 videt.
1167 1111 1278 1181 Ego
1321 1111 1408 1165 lux
1457 1112 1511 1165 in
1558 1110 1815 1165 mundum
1870 1111 2017 1175 veni,
2046 1120 2106 1165 ut

530 1202 620 1266 qui
656 1201 708 1254 in
742 1216 826 1255 me
858 1203 1058 1269 credit,
1098 1202 1153 1255 in
1192 1201 1432 1255 tenebris
1474 1216 1579 1257 non
1628 1211 1944 1271 permaneat
1972 1202 2039 1255 ⁸³.
2080 1220 2098 1254 ι

532 1292 588 1345 Si
620 1307 749 1362 ergo
781 1293 871 1362 qui
911 1295 1056 1347 videt
1078 1293 1297 1358 Filium,
1323 1293 1378 1347 in
1405 1293 1619 1349 Patrem
1649 1294 1842 1359 credit,
1878 1295 2102 1350 ubinam

533 1383 706 1451 majus
729 1392 781 1437 et
805 1384 983 1439 minus
1002 1384 1025 1437 ?
1044 1381 1288 1452 Namque
1312 1385 1362 1438 in
1389 1386 1595 1440 minore
1622 1386 1883 1441 minuitur
1904 1387 2099 1457 majus,

533 1487 709 1541 neque
735 1474 1064 1545 agnoscitur.
1100 1474 1155 1529 Si
1195 1475 1376 1545 itaque
1421 1473 1584 1531 Pater
1613 1477 1805 1546 major,
1834 1478 2104 1546 quomodo

534 1566 588 1616 in
613 1563 750 1620 Filio
780 1564 1094 1634 spectatur?
1122 1563 1273 1630 Quod
1301 1565 1344 1619 si
1372 1574 1645 1636 spectatur
1688 1566 1741 1620 in
1771 1566 1941 1633 Filio,
1985 1576 2105 1622 tan-

533 1668 695 1721 quam
758 1653 809 1708 in
881 1654 1076 1725 aequali
1136 1654 1388 1711 videlicet
1451 1656 1792 1727 agnoscitur.
1854 1657 2104 1728 Namque

533 1744 759 1812 a‘qualia
825 1747 1053 1801 invicem
1124 1747 1548 1803 demonstrativa
1608 1758 1755 1804 sunt.
1818 1747 1888 1803 Et
1944 1749 2102 1819 paulo

533 1845 658 1902 post
698 1836 837 1892 idem
876 1837 1131 1893 Dominus
1169 1840 1246 1892 ait
1284 1839 1587 1909 apostolis:
1624 1858 1643 1891 ε
1690 1839 1801 1910 Ego
1829 1858 1946 1897 sum
1988 1843 2102 1910 via,

536 1928 736 1981 veritas
794 1943 857 1982 ac
916 1929 1057 1994 vita;
1116 1945 1277 1984 nemo
1351 1931 1498 1985 venit
1557 1929 1629 1985 ad
1687 1931 1937 2001 Patrem,
1999 1934 2105 1988 nisi

537 2032 633 2084 per
677 2033 797 2085 me;
848 2021 893 2075 si
945 2020 1351 2091 cugnosceretis
1404 2035 1510 2087 me,
1564 2022 1751 2092 utique
1792 2035 1846 2080 et
1888 2023 2106 2080 Patrem

539 2125 717 2163 meum
770 2112 1203 2181 eognosceretis,
1258 2122 1313 2167 et
1377 2114 1571 2169 amodo
1614 2113 1727 2183 jam
1784 2117 2109 2186 cognoscitis

537 2216 697 2266 eumr
717 2216 950 2271 eumque
977 2203 1210 2263 vidistis.
1236 2204 1375 2260 Dicit
1399 2206 1447 2261 ei
1473 2204 1753 2277 Philippus
1796 2228 1809 2263 :
1861 2208 2107 2276 Domine,

538 2294 762 2348 ostende
793 2294 950 2350 nobis
983 2292 1199 2351 Patrem
1234 2307 1409 2364 tuum,
1438 2309 1492 2353 et
1523 2297 1717 2355 suﬂicit
1755 2301 1929 2356 nobis.
1970 2302 2111 2358 Dicit

535 2383 585 2437 ei
627 2380 786 2440 Jesns
820 2400 832 2436 :
867 2384 1044 2442 Tanto
1101 2398 1342 2459 tempore
1400 2391 1677 2448 vobiscum
1732 2408 1872 2456 sum,
1909 2403 1963 2447 et
2003 2409 2108 2447 non

537 2476 836 2544 cognovisti
864 2494 967 2542 me,
993 2478 1271 2551 Philippe?
1292 2482 1391 2548 Qui
1422 2482 1567 2538 videt
1591 2499 1695 2547 me,
1718 2483 1936 2557 696m
1968 2486 2110 2541 videt

538 2576 592 2621 et
623 2566 839 2622 Patrem
882 2584 1102 2636 meum;
1158 2582 1214 2627 et
1262 2573 1530 2641 quomodo
1572 2582 1628 2628 tu
1685 2576 1843 2640 dicis,
1876 2575 2111 2633 Ostende

538 2659 696 2712 nobis
718 2658 1103 2716 Patrem?Non
1132 2664 1309 2718 credis
1345 2665 1469 2733 quia
1496 2681 1595 2737 ego
1624 2667 1677 2721 in
1709 2668 1891 2733 Patre,
1926 2680 1979 2723 et
2010 2669 2113 2724 Pa-

541 2760 622 2802 ter
652 2749 704 2802 in
742 2765 831 2804 me
851 2752 975 2805 est?
1014 2751 1189 2808 Verba
1241 2771 1361 2825 qua:
1421 2772 1522 2829 ego
1569 2759 1779 2828 loquor,
1830 2776 1858 2812 a
1889 2773 2112 2817 memet-

541 2842 659 2911 ipso
686 2858 794 2898 non
824 2844 1050 2912 loquor;
1094 2847 1187 2902 sed
1215 2847 1375 2905 Pater
1401 2850 1491 2921 qui
1536 2851 1587 2906 in
1638 2858 1725 2908 me
1755 2862 1966 2920 manet,
1990 2854 2111 2924 ipse

539 2949 700 3005 opera
737 2934 886 2992 facit.
912 2936 1129 2995 Credite
1155 2942 1310 3007 mihi,
1340 2944 1465 3013 quia
1501 2959 1599 3012 ego
1625 2950 1677 2999 in
1713 2944 1892 3011 Patre,
1929 2956 1982 3001 et
2009 2945 2113 3001 Pa-

540 3040 621 3083 tcr
664 3032 714 3084 in
762 3048 848 3087 me
880 3045 1000 3088 est:
1045 3034 1281 3105 alioquin
1340 3046 1559 3106 propter
1604 3052 1768 3109 opera
1812 3041 1928 3108 ipsa
1979 3041 2106 3094 mihi

538 3121 746 3177 credite
771 3123 835 3179 “.
880 3143 901 3176 ι

608 3216 853 3282 Quidhis
884 3219 1063 3273 verbis
1104 3220 1345 3274 clarius?
1384 3220 1511 3290 quid
1555 3221 1657 3274 hac
1707 3220 1950 3275 doctrina
1996 3221 2110 3275 evi-

539 3306 796 3362 dentius?
823 3309 928 3363 Sed
952 3311 1117 3374 enim,
1145 3320 1202 3364 ut
1246 3311 1482 3378 videtur,
1518 3310 1823 3367 Judmorum
1864 3312 2108 3369 velamen

541 3398 592 3449 in
620 3398 1002 3454 haereticorum
1047 3411 1280 3456 mentem
1325 3402 1562 3460 transiit.
1621 3401 1738 3470 Quo
1778 3405 1836 3458 lit
1892 3413 1949 3457 ut
1999 3405 2110 3459 sole

540 3497 705 3543 etiam
751 3491 983 3545 clariora
1036 3506 1259 3548 cernere
1309 3495 1509 3559 nolint,
1558 3495 1917 3550 voluntariam
1956 3496 2110 3566 igno-

540 3580 731 3633 rantiae
766 3582 1015 3634 nebulam
1055 3583 1274 3637 sibimet
1297 3585 1649 3639 attrahentes.
1680 3585 1789 3642 Nos
1836 3602 1962 3641 vero
2005 3587 2109 3643 Do-

541 3670 742 3723 minum
780 3671 1044 3725 dicentem
1071 3673 1393 3729 audiamus:
1437 3692 1455 3725 ι
1490 3675 1546 3728 Si
1574 3678 1976 3746 cegnosceretis
1998 3694 2106 3744 me,

539 3763 726 3830 utique
767 3772 822 3816 et
869 3762 1081 3817 Patrem
1128 3778 1305 3817 meum
1356 3769 1783 3835 cognoscet-etis,
1827 3771 2109 3842 et'amodo

540 3855 869 3923 cognoscitis
904 3870 1051 3919 eum,
1095 3855 1381 3925 ipsumque
1413 3858 1644 3916 vidistis.
1695 3877 1715 3910 ι
1752 3858 1972 3914 Thema:
2007 3862 2110 3916 hoc

540 3946 638 4012 ait,
670 3962 699 3998 a
733 3960 841 4015 quo
869 3947 918 4002 ei
949 3947 1152 4002 dictum
1187 3946 1383 4013 fuerat,
1403 3947 1521 4015 Quo
1552 3950 1702 4005 vadis
1734 3950 2025 4015 nescimus,
2056 3962 2110 4006 et
2136 4000 2139 4004 .

538 4039 808 4107 quomodo
842 4055 1128 4110 possumus
1166 4041 1306 4094 viam
1347 4042 1523 4096 scire?
1561 4043 1837 4114 Docetque
1894 4059 2018 4100 eum
2056 4054 2109 4100 et

540 4131 779 4201 reliquos
816 4132 977 4187 simul
1022 4133 1316 4201 apostolos,
1353 4134 1624 4189 hominem
1654 4135 1745 4205 qui
1788 4134 2108 4193 sibi.credi—

540 4221 699 4287 derit,
750 4223 875 4276 dum
927 4225 997 4276 ita
1033 4225 1208 4292 ipsum
1250 4226 1446 4279 mentis
1490 4227 1664 4280 oculis
1710 4228 1883 4290 videt,
1931 4226 2110 4283 Patris

539 4324 754 4379 quoque
789 4311 902 4363 ﬁeri
943 4320 1325 4379 spectatorem,
1366 4316 1620 4383 quoniam
1670 4315 1830 4369 Pater
1879 4316 1931 4369 in
1973 4316 2110 4372 Filio

542 4402 869 4469 agnoscitur.
920 4402 1046 4457 Haec
1090 4404 1371 4473 Philippus
1423 4421 1528 4460 non
1583 4406 1911 4477 intelligens,
1956 4419 2109 4480 regat

538 4494 690 4545 illum
747 4492 975 4549 dicens:
1029 4512 1047 4545 ι
1082 4494 1316 4549 Ostende
1364 4496 1519 4551 nobis
1569 4494 1786 4552 Patrem
1839 4507 2008 4565 tuum,
2054 4512 2109 4555 et

541 4586 737 4641 suliieit
767 4587 959 4652 nobis;
1003 4606 1023 4640 ι
1071 4597 1351 4657 propterea
1378 4604 1495 4644 non
1547 4589 1815 4655 laudatur,
1858 4591 1985 4660 quia
2026 4606 2111 4645 se-

538 4679 775 4732 cundum
823 4679 1105 4734 haereticos
1157 4681 1307 4735 visus
1343 4691 1429 4735 est
1482 4692 1672 4750 aptare
1703 4682 1876 4752 majus
1907 4682 2108 4751 aliquid

538 4784 795 4835 eernere;
823 4771 916 4825 sed
953 4771 1367 4840 reprehenditur
1402 4773 1599 4843 potius,
1630 4787 1726 4827 ceu
1767 4774 1858 4842 qui
1895 4773 1945 4827 in
1973 4773 2109 4829 Filio

540 4858 752 4915 Patrem
780 4874 887 4914 non
922 4860 1148 4917 viderat.
1182 4880 1202 4913 ‹
1240 4860 1415 4915 Tanto
1439 4863 1606 4925 enim,
1633 4863 1830 4932 inquit,
1867 4874 2107 4934 tempore

539 4953 816 5008 vobiscum
845 4966 985 5020 sum,
1012 4967 1188 5022 neque
1213 4967 1302 5007 me
1327 4952 1502 5008 adhuc
1527 4953 1744 5017 novisti,
1770 4953 2046 5024 Philippe?
2078 4975 2097 5007 ι

538 5046 700 5115 Atqui
745 5060 850 5099 non
899 5047 1116 5115 ipsum.
1176 5046 1273 5100 sed
1328 5042 1545 5099 Patrem
1604 5044 1789 5100 videre
1830 5045 2108 5115 Philippus

538 5137 783 5205 optabat.
822 5135 931 5191 Cur
966 5152 1095 5206 ergo
1128 5136 1543 5207 reprehenditur
1576 5137 1717 5206 quod
1763 5136 1957 5191 Filium
1999 5153 2105 5193 non

539 5230 889 5301 cognoverit?
932 5229 1198 5284 Nimirum
1238 5229 1396 5285 Jesns
1430 5231 1534 5284 hac
1584 5230 1763 5283 addita
1812 5231 2106 5298 reprehen-

540 5324 724 5390 sione,
771 5339 989 5380 causam
1017 5325 1094 5380 rei
1129 5324 1403 5380 declarat:
1445 5342 1465 5376 r
1502 5322 1637 5377 Nam
1666 5324 1757 5392 qui
1802 5340 1886 5378 me
1926 5324 2102 5388 novit,

610 5502 652 5533 "
675 5502 833 5558 Joan.
877 5518 977 5567 xit,
1016 5502 1104 5567 Η,
1138 5503 1228 5557 45.
1304 5502 1349 5534 ’⁵⁸
1378 5501 1533 5557 Joan.
1576 5517 1686 5565 xlv,
1729 5502 1881 5557 6-!‘2.

2441 515 2549 570 τοῦ
2588 509 2818 582 Πατρὸζ-
2858 510 2973 580 τὴν
3008 510 3226 564 οὐσίαν
3260 509 3559 573 ἐδίδαξεν.

2286 651 2406 704 Ἵνα
2432 649 2489 703 δὲ
2520 648 2613 702 καὶ
2635 647 2695 712 ἐξ
2722 648 2913 716 ἑτέρας
2942 642 3248 715 μαρτυρίας
3275 642 3336 697 τὸ
3363 642 3648 713 ὀμοούσιον
3674 645 3793 700 δεί-

2214 739 2413 811 ξωμεν,
2444 737 2608 792 αὐτοῦ
2660 737 2756 791 τοῦ
2802 736 3006 807 Κυρίου
3052 733 3379 803 ἀκούσωμεν
3429 733 3660 803 βοιῖιντσς
3695 739 3797 791 καὶ

2214 831 2483 898 λέγοντος,
2513 830 2572 882 ού
2620 830 2735 892 τοῖς
2778 827 3096 890 ἀποστόλοις
3146 826 3327 897 μόνον,
3358 825 3496 879 ἀλλὰ
3538 828 3633 880 καὶ
3678 832 3797 892 τοῖς

2226 921 2529 982 Ἰουδαίοις⁸
2583 920 2681 973 «Ὀ
2727 917 2995 985 πιστεύων
3043 918 3123 979 είς
3171 915 3290 986 ἐμὲ,
3317 915 3381 968 ού
3424 904 3673 970 πιστεύει
3708 919 3795 980 είς

2212 1011 2333 1080 ἐμὲ,
2357 1010 2471 1063 ἀλλ’
2502 1010 2582 1073 είς
2626 1009 2717 1063 τὸν
2751 1006 3040 1078 πέμψαντά
3075 1022 3162 1077 με.
3202 1005 3315 1059 Καὶ
3342 1006 3371 1058 6
3401 1004 3623 1076 θεωρῶν
3663 1008 3795 1076 ἐμὲ,

2214 1101 2410 1169 θεωρεῖ
2437 1100 2538 1169 ⁵τὸν
2586 1098 2877 1170 πέμψαντά
2907 1099 2988 1168 ςμε
3014 1113 3028 1129 ⁸
3061 1093 3171 1164 ἐγὼ
3198 1096 3313 1169 φῶς
3345 1098 3425 1158 είς
3460 1096 3551 1149 τὸν
3586 1097 3797 1167 κόσμον

2211 1190 2466 1261 ἐλήλυθα,
2499 1190 2584 1242 ἴνα
2616 1190 2645 1242 6
2673 1187 2943 1243 πιστεύων
2985 1188 3065 1250 είς
3109 1186 3211 1257 ἐμὲ
3257 1186 3317 1238 ὲν
3364 1188 3434 1256 τῇ
3484 1186 3673 1257 σκοτίᾳ
3710 1188 3791 1257 μὴ

2215 1283 2393 1355 μείνῃ.
2426 1301 2443 1333 ›
2483 1282 2545 1335 Εἰ
2577 1282 2755 1334 τοίνυν
2779 1283 2806 1334 6
2828 1279 3050 1351 θεωρῶν
3074 1278 3166 1332 τὸν
3190 1279 3316 1332 Υίδν
3339 1279 3418 1340 εἰς
3446 1276 3537 1330 τὸν
3569 1278 3793 1350 Πατέρα

2213 1374 2457 1427 πιστεύει
2476 1385 2526 1439 ο,
2563 1371 2663 1425 ποῦ
2698 1373 2758 1426 τὸ
2794 1371 2977 1443 μεῖζον
3008 1371 3104 1425 καὶ
3129 1371 3191 1424 τὸ
3222 1370 3479 1438 ἐλαττονς
3510 1371 3569 1423 ὲν
3587 1369 3696 1441 γὰρ
3710 1370 3793 1440 τῷ

2211 1467 2454 1521 ὲλάττονι
2498 1462 2851 1538 σμικρύνεται
2879 1464 2942 1518 τὸ
2973 1464 3178 1535 μεῖζον,
3206 1463 3303 1516 καλ⁸
3334 1463 3395 1515 οὐ
3423 1461 3744 1534 γνωρίζεται
3771 1482 3788 1494 ·

2212 1561 2260 1612 εί
2293 1559 2350 1612 δὲ
2383 1560 2411 1610 6
2435 1556 2624 1634 Πατὴρ
2653 1555 2874 1627 μείζων,
2901 1555 3020 1619 πῶς
3044 1556 3103 1609 ἐν
3128 1554 3207 1625 τῷ
3238 1553 3353 1625 Υίῷ
3386 1554 3704 1626 θεωρεῖται;
3735 1558 3788 1609 εί

2210 1653 2266 1706 δὲ
2298 1652 2583 1723 θεωρεῖται
2606 1650 2664 1704 ὲν
2690 1646 2824 1720 Υίῷ,
2852 1647 2928 1711 ὡς
2955 1650 3013 1701 ὲν
3037 1647 3136 1719 ῐσῳ
3162 1646 3405 1714 δηλονότι
3428 1647 3752 1718 γνωρίζεται
3769 1665 3784 1677 ⁸

2209 1740 2483 1813 δηλωτικὰ
2514 1740 2624 1811 γὰρ
2648 1738 2893 1812 ἀλλήλων
2929 1738 2999 1793 τὰ
3034 1738 3154 1792 ίσα·
3187 1738 3282 1791 καὶ
3303 1737 3466 1791 πάλιν
3494 1740 3609 1807 μετ’
3631 1738 3787 1805 ὀλίγα

2210 1833 2368 1897 αὐτὸς
2401 1834 2430 1885 6
2460 1831 2663 1905 Κύριός
2694 1847 2825 1902 φησι
2852 1832 2965 1894 τοῖς
3000 1830 3354 1895 ἀποστόλοις*
3387 1849 3406 1883 ι
3431 1828 3573 1899 Ἑγὼ
3611 1831 3724 1903 είμι
3748 1834 3785 1901 ἡ

2206 1927 2347 1990 ὁδὸς.
2378 1928 2471 1980 καὶ
2504 1925 2807 1997 ήάλήθεια,
2829 1925 2925 1978 καὶ
2955 1926 2989 1998 ἠ
3021 1925 3132 1995 ζωή
3153 1942 3167 1955 ⁸
3202 1925 3377 1988 οὐδεὶς
3406 1923 3625 1996 ἔρχεται
3648 1926 3786 1996 πρὸς

2208 2018 2298 2072 τὸν
2345 2018 2583 2089 Πατέρα,
2631 2020 2680 2071 εί
2726 2018 2801 2089 μὴ
2849 2017 2914 2069 δι’
2945 2017 3113 2088 ὲμοῦ⁸
3153 2016 3202 2069 εἰ
3235 2016 3524 2084 ἐγνώκειτέ
3571 2033 3660 2086 με,
3692 2017 3787 2069 καὶ

2206 2110 2297 2162 τὸν
2318 2109 2537 2181 Πατέρα
2562 2127 2661 2180 μου
2683 2107 2970 2177 ἐγνώκειτε
2992 2108 3078 2172 ἂν,
3101 2109 3194 2162 καὶ
3226 2109 3321 2161 ἀπ’
3337 2108 3461 2179 άρτι
3492 2106 3786 2175 γινώσκετε

2209 2204 2373 2257 αὐτὸν
2399 2205 2493 2256 καὶ
2524 2203 2805 2274 ἑωράκατε
2832 2201 3013 2254 αὐτόν.
3050 2199 3216 2269 Λέγει
3242 2199 3298 2252 δὲ
3328 2198 3479 2270 αύτῷ
3499 2197 3781 2260 Φίλιππος’

2208 2294 2405 2367 Κύριε,
2437 2294 2610 2361 δεῖξον
2630 2296 2764 2364 ἡμῖν
2790 2293 2880 2346 τὸν
2909 2291 3127 2363 Πατέρα
3157 2308 3272 2357 σου,
3298 2290 3395 2345 καὶ
3434 2291 3601 2362 ἀρκεῖ
3635 2291 3782 2360 ἡμῖν.

2210 2394 2371 2461 Λέγει
2400 2391 2548 2462 αὐτῷ
2589 2394 2617 2445 6
2654 2389 2894 2463 Ἰησοῦς·
2932 2388 3198 2443 Τοσοῦτον
3242 2389 3432 2460 χρόνον
3482 2389 3604 2459 μεθ’
3637 2390 3784 2460 ὑμῶν

2209 2484 2347 2553 εἰμι,
2374 2482 2470 2535 καὶ
2519 2481 2618 2534 οὐκ
2661 2479 2903 2549 ἔγνωκάς
2936 2496 3025 2550 με,
3055 2479 3288 2532 Φίλιππε
3316 2479 3430 2551 (1);
3472 2482 3501 2533 6
3528 2478 3784 2551 ἑωρακὼς

2210 2575 2330 2646 ἐμὲ,
2357 2574 2565 2644 ἑώρακε
2587 2574 2681 2625 καὶ
2708 2571 2799 2625 τὸν
2815 2571 3033 2641 Πατέρα
3059 2588 3161 2642 μου
3180 2586 3195 2601 ⁸
3226 2571 3322 2625 καὶ
3353 2570 3470 2635 πῶς
3495 2570 3560 2624 σὺ
3589 2572 3779 2639 λέγεις,

2210 2666 2391 2733 Δεῖξον
2420 2668 2550 2736 ἡμῖν
2581 2665 2673 2717 τὸν
2694 2665 2943 2733 Πατέρα;
2978 2662 3041 2716 οὐ
3075 2662 3350 2725 πιστεύεις
3372 2662 3455 2715 ὅτι
3483 2661 3594 2730 ἐγὼ
3622 2664 3680 2715 έν
3708 2661 3779 2731 τῷ

2211 2756 2406 2827 Πατρὶ,
2434 2756 2530 2810 καὶ
2555 2757 2584 2806 6
2607 2754 2795 2825 Πατὴρ
2824 2756 2880 2807 ὲν
2909 2754 3033 2824 ἐμοί
3063 2754 3215 2822 ἔστη
3244 2754 3327 2807 Τά
3354 2751 3773 2825 ρήματαάλαλῶ

2213 2849 2343 2928 ῂγὼ,
2375 2850 2469 2903 ἀπ’
2503 2845 2742 2918 ἐμαυτοῦ
2787 2847 2846 2900 ού
2892 2845 3038 2900 λαλῶ
3060 2862 3076 2876 ⁸
3122 2847 3152 2899 6
3194 2846 3252 2898 δὲ
3298 2846 3484 2917 Πατὴρ
3506 2847 3532 2898 6
3557 2845 3612 2896 έν
3647 2842 3762 2913 ἐμοὶ

2217 2942 2410 3010 μένων,
2446 2937 2608 3001 αὐτὸς
2637 2939 2782 2991 ποιεῖ
2818 2937 2887 2990 τὰ
2919 2935 3056 3007 ἔργα
3077 2950 3089 2961 ·
3119 2937 3406 2989 πιστεύετέ
3447 2953 3529 3006 μοι
3551 2935 3632 2988 ὃτι
3660 2931 3767 3001 ἐγὼ

2213 3035 2269 3087 ὲν
2297 3031 2375 3102 τῷ
2402 3031 2599 3102 Πατρὶ,
2631 3029 2727 3084 καὶ
2759 3031 2788 3082 6
2821 3029 3008 3100 Πατὴρ
3042 3031 3100 3083 ὲν
3123 3029 3246 3099 ὲμοί
3264 3045 3279 3061 ⁸
3307 3031 3355 3082 εί
3386 3029 3443 3082 δὲ
3472 3028 3567 3100 μὴ,
3602 3025 3690 3081 διὰ
3712 3026 3777 3079 τὰ

2136 3138 2180 3195 (ς
2212 3124 2348 3196 ἔργα
2379 3124 2521 3178 αὐτὰ
2560 3122 2846 3177 πιστεύετέ
2887 3140 2997 3192 μοι.
3027 3141 3047 3174 ο

2282 3215 2347 3268 Τί
2375 3214 2581 3268 τούτων
2609 3213 2718 3268 τῶν
2748 3216 3008 3286 ῥημάτιον
3033 3212 3399 3284 σαφέστερονς
3428 3211 3481 3265 τί
3510 3212 3609 3283 τῆς
3643 3212 3784 3265 διδα-

2212 3302 2441 3366 σκαλίας
2463 3302 2667 3373 ταύτης
2697 3302 3109 3373 φανερώτερον;
3168 3303 3327 3367 Ἀλλ’,
3360 3303 3438 3366 ὡς
3480 3302 3649 3367 ἔοικε,
3682 3301 3787 3356 τῶν

2222 3394 2492 3450 Ἰουδαίων
2514 3396 2576 3449 τὸ
2609 3396 2873 3465 κάλυμμα
2903 3397 2986 3458 είς
3024 3396 3122 3465 τὴν
3159 3395 3267 3448 τῶν
3295 3395 3590 3467 αίρετικῶν
3624 3411 3788 3467 μετα-

2210 3488 2412 3557 ϐέϐηκε
2440 3488 2704 3542 διάνοιαν⁸
2737 3488 2818 3541 διὸ
2844 3487 2911 3540 τὰ
2950 3487 3045 3540 τοῦ
3095 3486 3248 3557 ἡλίου
3291 3486 3647 3559 φανερώτερα
3674 3503 3792 3539 suv-

2207 3579 2344 3649 ορᾷν
2394 3579 2495 3632 οὐκ
2540 3578 2781 3633 ἐθέλουσι
2808 3617 2824 3641 ,
2874 3579 2973 3649 τὴν
3034 3578 3356 3648 αὐθαίρετον
3412 3578 3642 3650 ὀμίχλην
3690 3578 3790 3648 τῆς

2209 3672 2435 3739 ἀγνοίας
2490 3672 2957 3742 ἐπισπασάμενοι·
3006 3672 3166 3742 ἡμεῖς
3211 3671 3269 3724 δὲ
3317 3672 3638 3740 ἀκούσωμεν
3694 3671 3788 3725 τοῦ

2208 3762 2415 3833 Κυρίου
2454 3763 2719 3831 λέγοντος·
2762 3783 2781 3813 σ
2802 3765 2866 3817 Et
2891 3763 3179 3830 ἐγνώκειτέ
3210 3782 3317 3835 με,
3336 3764 3430 3819 καὶ
3448 3764 3542 3818 τὸν
3568 3763 3789 3835 Πατέρα

2213 3872 2315 3924 μου
2363 3855 2655 3923 ἐγνώκειτε
2699 3857 2796 3911 ἄν·
2837 3856 2933 3910 καὶ
2975 3856 3069 3910 ἀπ’
3099 3856 3226 3926 ἄρτι
3262 3856 3565 3925 γικώσκετε
3602 3856 3783 3919 αὑτὸν.

2210 3947 2305 4001 καὶ
2335 3948 2619 4016 ἑωράκατε
2652 3948 2866 4003 αὐτόν’»
2889 3947 2967 4018 τῷ
2992 3949 3162 4019 Θωμᾷ
3189 3948 3349 4002 τοῦτο
3369 3949 3520 4018 λέγει
3547 3950 3785 4019 εἰρηκότι

2208 4038 2381 4109 αὐτῷ,
2417 4039 2525 4092 Ποῦ
2568 4040 2799 4106 ὑπάγεις
2844 4041 2942 4094 οὐκ
2975 4041 3214 4111 οἴδαμεν,
3241 4042 3336 4094 καὶ
3363 4042 3463 4111 τὴν
3508 4041 3628 4095 ὁδὸν
3671 4040 3785 4105 πῶς

2208 4130 2407 4183 εἰδέναι
2432 4130 2739 4200 δυνάμεθα;
2771 4132 2866 4184 καὶ⁵
2888 4131 3129 4185 διδάσκει
3160 4131 3346 4196 αὑτὸν,
3382 4136 3475 4185 καὶ
3512 4132 3638 4195 τοὺς
3676 4132 3783 4184 λοι-

2209 4222 2347 4285 ποὺς
2397 4222 2761 4287 ἀποστόλους,
2819 4224 2895 4287 ὡς
2949 4224 3098 4294 αὐτῷ
3143 4225 3173 4276 6
3228 4224 3626 4289 πεπιστευκὼς,
3673 4226 3784 4286 τοῖς

2208 4314 2506 4385 ὀφθαλμοῖς
2553 4315 2651 4386 τῆς
2694 4316 2931 4379 διανοίας
2977 4315 3314 4386 θεασάμενος
3348 4316 3535 4381 αὐτὸν,
3568 4318 3659 4369 καὶ
3690 4315 3780 4368 τοῦ

2211 4406 2425 4477 Πατρὸς
2473 4407 2764 4476 γεγένηται
2796 4407 3016 4478 θεατὴς,
3049 4409 3125 4470 ὼς
3158 4409 3218 4461 ὲν
3259 4408 3408 4478 αύτῷ
3448 4407 3544 4461 τοῦ
3580 4408 3782 4477 Πατρὸς

2140 4472 2183 4527 Ῐ)
2211 4472 2634 4562 γνωριζομένου.
2659 4472 2857 4547 *Ταῦτα
2889 4472 3154 4557 Φίλιππος
3186 4494 3261 4564 μὴ
3307 4472 3510 4557 συνεὶς,
3538 4472 3783 4563 παρακα-

2217 4584 2297 4637 λεί
2328 4583 2492 4638 αὐτδν
2516 4585 2690 4654 λέγων
2711 4604 2725 4617 ⁸
2762 4605 2780 4637 ι
2811 4587 2992 4653 Δεῖξον
3017 4589 3159 4657 ἡμῖν
3186 4586 3278 4641 τὸν
3307 4586 3528 4657 Πατέρα
3556 4603 3673 4650 σου,
3696 4585 3785 4639 καὶ

2216 4681 2377 4751 ἀρκεῖ
2422 4682 2557 4749 ἡμῖν
2578 4696 2591 4709 ⁸
2622 4699 2642 4733 ι
2682 4682 2776 4733 καὶ
2820 4681 2921 4734 οὐκ
2950 4682 3270 4746 ἐπαινεῖται,
3292 4680 3370 4745 ὡς
3399 4681 3463 4732 τὸ
3492 4680 3634 4735 κατὰ
3665 4681 3785 4740 τοὺς

2215 4771 2527 4842 αἱρετικοῦς
2554 4771 2736 4841 μεῖζον
2759 4771 2886 4826 ίδεῖν
2911 4772 3258 4843 ἐπιθυμήσας
3276 4787 3291 4804 ⁸
3315 4771 3435 4825 ἀλλ’
3454 4770 3781 4839 ἐγκαλεῖται,

2215 4866 2292 4928 ὡς
2342 4865 2419 4936 μὴ
2463 4865 2792 4937 θεασάμενος
2838 4868 2897 4918 ὲν
2922 4865 3035 4935 Υίῷ
3062 4865 3155 4919 τὸν
3188 4864 3438 4935 Πατέρα·
3478 4883 3500 4915 ι
3530 4862 3783 4916 Τοσοῦτον

2211 4958 2339 5028 γὰρ,
2372 4959 2524 5027 φησι,
2558 4958 2748 5027 χρόνον
2781 4956 2899 5027 μεθ’
2927 4957 3080 5026 ὑμῶν
3125 4959 3263 5027 εἰμι,
3292 4957 3387 5009 καὶ
3422 4956 3524 5009 οὐκ
3548 4952 3781 5023 ἔγνωκάς

2209 5068 2299 5120 με,
2335 5050 2598 5115 tiamne;
2625 5069 2645 5101 ι
2677 5050 2788 5103 Καὶ
2822 5050 2928 5122 μὴν
2951 5049 3050 5103 οὐκ
3080 5049 3262 5113 αὐτὸν,
3292 5047 3427 5100 ἀλλὰ
3457 5048 3549 5101 τὸν
3572 5045 3782 5113 Πατέρα

2205 5145 2234 5195 6
2262 5142 2525 5204 Φίλιππος
2554 5143 2680 5196 ἰδεῖν
2706 5142 3021 5213 ἐπεθύμησε
3042 5157 3056 5171 ⁸
3094 5140 3215 5204 πῶς
3248 5137 3340 5193 οὖν
3372 5139 3682 5207 ἐγκαλεῖται
3708 5135 3779 5198 ὡς

2204 5235 2305 5289 οὐκ
2342 5233 2597 5303 ἐγνωκὼς
2634 5234 2726 5286 τὸν
2753 5234 2917 5298 Υιόν;
2969 5235 3034 5303 τῇ
3084 5233 3347 5301 ἐπαγωγῇ
3384 5231 3475 5283 τοῦ
3505 5228 3779 5297 ἐγκλήμα-

2207 5344 2295 5389 τος
2327 5326 2425 5395 τὴν
2455 5326 2632 5379 αἰτίαν
2657 5325 2808 5395 δηλοῖ
2825 5342 2838 5355 ·
2888 5342 2907 5375 ι
2930 5324 2987 5376 ’0
3017 5320 3277 5393 ἑωρακὼς
3300 5321 3429 5389 γὰρ,
3454 5319 3639 5389 φησιν,
3660 5314 3779 5385 tu},

2297 5519 2321 5546 ι
2350 5507 2433 5558 ἴσ.
2468 5506 2557 5558 τὸν
2589 5505 2806 5576 Πατέρα
2838 5505 3046 5572 θεωρεῖ.

606 5660 681 5725 (l)
726 5660 799 5735 lla
824 5676 881 5713 se
899 5660 1057 5715 habet
1079 5662 1129 5712 in
1148 5661 1247 5715 hoc
1266 5660 1448 5715 codice
1474 5670 1522 5714 et
1546 5660 1662 5714 aliis
1691 5663 1910 5719 verbum
1938 5663 2180 5732 ἔγνωκας
2250 5665 2504 5735 singulari
2552 5680 2809 5727 munero;
2848 5672 2898 5717 et
2959 5670 3212 5731 prmterea
3281 5658 3358 5713 sic
3391 5656 3439 5710 in
3470 5663 3651 5709 nostro
3681 5649 3765 5704 in-

552 5728 907 5794 trijmngitut'.
