4078 6264
371 333 512 388 1173

1714 329 1800 386 DE
1839 329 2234 390 TRINITATE.

3487 344 3625 401 “.76

371 448 584 520 ἑώρακε
613 447 701 500 τὸν
725 448 968 520 Πατέρα.
989 470 1005 500 ι
1036 449 1148 503 Kal.
1174 448 1290 514 πῶς
1317 451 1379 504 σὺ
1404 449 1602 518 λέγεις,
1625 450 1804 515 Δεῖξον
1829 452 1957 526 ἡμῖν

2063 452 2260 522 inquit,
2303 457 2452 511 novit
2493 467 2548 511 et
2579 457 2812 512 Patrem.
2849 477 2866 510 ι
2898 459 3176 526 Quomodo
3225 471 3355 530 ergo
3409 469 3462 516 tu
3523 463 3626 526 ais,

370 539 462 592 τὸν
483 538 704 610 Πατέρα
723 540 968 610 ς’Ἑτερός
997 542 1135 610 εἰμι,
1163 544 1350 612 φησὶν,
1379 542 1522 595 κατὰ
1553 542 1613 595 τὸ
1639 543 1951 614 πρόσωπον,

371 634 431 686 οὔ
476 632 620 686 κατὰ
669 631 765 702 τὴν
813 633 1006 700 φύσιν·
1054 635 1173 686 ὅλον
1213 636 1270 687 ἐν
1303 635 1451 706 αὐτῷ
1481 636 1554 706 (l)
1589 636 1680 688 τὸν
1735 637 1954 708 Πατέρα

375 723 700 794 περιφέρωο
768 725 1008 794 σφραγὶς
1069 724 1178 795 γάρ
1242 727 1356 796 εἰμι
1427 727 1520 780 τοῦ
1595 729 1956 800 γεννήσαντος

371 812 816 882 ἀπαράλλακτος,
848 813 1138 884 χαρακτήρ
1169 815 1282 884 εἰμι
1304 814 1406 883 τῆς
1447 813 1541 866 τοῦ
1587 815 1800 886 Ila-:96;
1825 817 1957 869 ὑπο-

375 905 641 968 στάσεως,
661 903 825 958 είκὼν
853 905 1058 976 φυσικὴ
1080 905 1158 975 τῷ
1173 906 1491 977 γεννήσαντι
1516 908 1952 977 συνυπάρχουσα·

372 998 502 1051 ὅταν
535 999 716 1050 τοίνυν
751 997 877 1050 ίδεῖν
910 995 1171 1070 ἐθελήσῃς
1208 998 1432 1064 ἐκεῖνον,
1462 999 1542 1062 εἰς
1591 997 1688 1067 ἐμὲ
1729 995 1958 1050 άποσλέ-

373 1087 507 1156 ψας,
538 1086 798 1157 ἑκάτερον
843 1086 996 1156 ὄψει’
1044 1085 1166 1154 ὄψει
1214 1085 1270 1138 δὲ
1318 1086 1380 1139 οὐ
1428 1090 1541 1150 τοῖς
1585 1083 1679 1138 τοῦ
1711 1085 1959 1156 σώματος

375 1181 695 1252 ὀφθαλμοῖς,
729 1180 864 1234 ἀλλὰ
895 1183 1006 1244 τοῖς
1033 1179 1134 1250 τῆς
1168 1179 1404 1244 πίστεως
1428 1195 1444 1211 ο
1477 1179 1570 1232 καὶ
1599 1181 1710 1242 τοῖς
1737 1179 1836 1250 τῆς
1870 1179 1960 1232 πί-

381 1287 549 1335 στεως
598 1271 654 1323 δὲ
701 1269 976 1334 τοσοῦτον,
1007 1270 1131 1323 ὅσον
1170 1270 1373 1336 γνῶναι
1420 1269 1520 1333 τὰς
1561 1269 1860 1341 ἐνεργείας,
1895 1269 1956 1322 οὐ

375 1365 481 1435 τὴν
515 1362 696 1432 φύσιν,
732 1363 765 1434 ἦ
796 1363 895 1433 τὴν
927 1361 1114 1415 οὐσίαν
1140 1379 1151 1390 ·
1183 1362 1357 1416 πάντα
1389 1363 1498 1432 γὰρ
1532 1360 1655 1414 νοῦν
1688 1361 1722 1432 ἡ
1755 1361 1958 1430 ταύτης

377 1455 694 1527 ὑπερϐαίνει
716 1453 1022 1525 κατάληψις
1039 1471 1056 1485 ο
1078 1455 1158 1508 διὸ
1179 1454 1458 1524 ἐπήγαγεν
1477 1469 1490 1484 ο
1517 1473 1536 1505 ι
1561 1454 1635 1507 Οὐ
1659 1451 1956 1515 πιστεύεις,

375 1547 460 1601 ὅτι
491 1546 602 1616 ἐγὼ
633 1548 692 1600 ἐν
718 1545 798 1618 τῷ
821 1547 1017 1618 Πατρὶ,
1059 1548 1154 1600 καὶ
1181 1549 1209 1600 6
1236 1545 1428 1616 Πατήρ
1455 1547 1510 1598 ἐν
1544 1545 1666 1616 ἐμοί
1695 1546 1846 1610 ἐστι;
1891 1545 1961 1598 τὰ

377 1641 622 1713 ῥήματα,
651 1639 688 1696 ἃ.
718 1641 829 1710 ἐγὼ
860 1639 1027 1706 λαλῶ,
1072 1640 1165 1693 ἀπ’
1195 1636 1437 1708 ἐμαυτοῦ
1481 1639 1541 1692 οὐ
1585 1638 1750 1706 λαλῶ,
1784 1637 1900 1692 ἀλλ’
1930 1639 1959 1690 6

377 1731 574 1803 Πατήρ
623 1748 725 1802 μου
769 1734 796 1784 ὁ
840 1732 898 1784 ἐν
925 1733 1048 1802 ἐμοὶ
1095 1731 1294 1800 μένων,
1323 1733 1484 1796 αὐτὸς
1517 1733 1662 1785 ποιεῖ
1690 1732 1757 1784 τὰ
1799 1729 1956 1802 ἔργα.

2055 543 2292 600 Ostende
2341 547 2492 601 nobis
2533 548 2788 604 Patrem?
2852 550 3034 616 Alius,
3081 551 3289 620 inquit,
3339 567 3460 608 sum
3507 568 3630 622 per-

2056 650 2208 702 sona,
2242 653 2346 691 non
2377 648 2592 704 natura,
2626 649 2792 694 totum
2825 641 2876 696 in
2914 642 3119 712 meipso
3154 641 3368 698 Patrem
3393 643 3630 697 circum-

2057 727 2192 793 fero,
2226 743 2348 782 sum
2392 729 2534 784 enim
2580 731 2812 802 sigillum
2850 733 3080 802 genitori
3131 731 3496 802 simillimum,
3531 748 3630 802 pa-

2059 827 2226 872 ternae
2262 819 2432 888 ﬁgura
2477 822 2828 887 substantias,
2869 823 3126 878 naturalis
3177 824 3352 892 imago
3391 823 3628 892 gignenti

2056 909 2409 965 coexsistens.
2439 893 2580 966 'Cum
2608 927 2738 984 ergo
2765 914 2913 968 illum
2945 914 3126 970 videre
3157 915 3428 982 volueris,
3454 915 3504 970 in
3546 929 3632 970 me

2061 1000 2291 1068 respice,
2317 1009 2370 1055 et
2392 1001 2610 1072 697m
2635 1014 2925 1074 utrumque
2949 1007 3176 1060 videbis.
3204 1004 3422 1062 Videbis
3449 1014 3630 1060 tamen

2061 1089 2200 1144 haud
2227 1093 2470 1160 corporis
2503 1093 2594 1146 sed
2630 1092 2751 1149 fidei
2789 1095 3000 1148 oculis:
3043 1106 3096 1150 et
3144 1095 3362 1166 quidem
3407 1105 3634 1152 eatenus

2063 1181 2180 1236 ﬁdei
2213 1181 2414 1248 oculis,
2457 1191 2728 1254 quatenus
2770 1185 3112 1253 operationes
3153 1200 3479 1254 cognoscas,
3525 1202 3634 1241 non

2061 1277 2310 1322 naturam
2337 1281 2428 1324 aut
2457 1271 2858 1338 substantiam;
2891 1272 3186 1341 quamlibet
3215 1275 3360 1328 enim
3399 1285 3633 1331 mentem

2059 1361 2476 1429 comprehensio
2511 1365 2628 1418 haec
2665 1363 2898 1420 excedit.
2929 1361 3136 1419 idcirco
3177 1365 3426 1420 addidit:
3467 1385 3486 1418 ι
3515 1365 3634 1422 Non

2061 1456 2238 1511 credis
2290 1457 2413 1526 quia
2441 1472 2541 1528 ego
2562 1458 2615 1513 in
2642 1455 2826 1524 Patre,
2855 1465 2909 1512 et
2929 1456 3093 1514 Pater
3121 1459 3173 1514 in
3203 1473 3290 1514 me
3313 1459 3437 1516 est?
3460 1458 3632 1516 Verba

2060 1560 2179 1614 quae
2211 1561 2312 1616 ego
2347 1547 2558 1616 loquor,
2611 1562 2642 1602 a
2681 1548 2887 1618 meipso
2929 1564 3034 1604 non
3073 1548 3288 1619 loquor,
3345 1552 3438 1606 sed
3475 1549 3638 1605 Pater

2063 1655 2214 1694 meus
2249 1642 2338 1710 qui
2377 1643 2428 1696 in
2465 1655 2550 1696 me
2599 1652 2818 1708 manet,
2855 1642 2968 1712 ipse
3015 1657 3180 1714 opera
3227 1643 3374 1700 facit.
3418 1643 3637 1700 Credite

2061 1733 2205 1798 quod
2239 1746 2340 1801 ego
2394 1733 2448 1787 in
2497 1731 2678 1801 Patre,
2714 1744 2770 1789 et
2817 1735 2976 1790 Pater
3022 1737 3076 1790 in
3129 1751 3216 1792 me
3263 1745 3387 1792 est:
3436 1736 3636 1806 alioqui

387 1822 681 1876 Πιστεύετέ
706 1839 798 1892 μοι
819 1823 902 1878 ὅτι
929 1822 1040 1892 ἐγὼ
1072 1809 1131 1876 ἐν
1160 1822 1238 1894 τῷ
1267 1825 1464 1894 [la-:91,
1501 1824 1594 1876 καὶ
1619 1825 1648 1875 6
1685 1822 1876 1893 Πατὴρ
1904 1822 1961 1874 ἐν

2063 1829 2284 1890 propter
2325 1836 2488 1890 opera
2537 1821 2650 1891 ipsa
2705 1824 2932 1878 credite.
2997 1844 3015 1877 ι
3073 1823 3132 1880 Si
3172 1840 3302 1894 ergo
3346 1827 3462 1895 ipse
3504 1827 3640 1882 dicit

382 1910 542 1980 ἐμοί·
577 1912 626 1965 εί
670 1913 728 1966 δὲ
776 1914 870 1985 μή,
902 1914 989 1969 διὰ
1017 1914 1087 1968 τὰ
1117 1912 1255 1986 ἔργα
1305 1914 1449 1968 αὐτὰ
1490 1912 1796 1967 πιστεύετε.
1833 1931 1851 1966 ι
1895 1913 1960 1967 Ei

379 2000 560 2056 τοίνυν
585 2003 654 2058 τά
676 2004 818 2060 αὐτὰ
847 2005 926 2077 τῷ
947 2007 1124 2080 Harp!
1155 2005 1473 2076 φθέγγεται,
1505 2007 1599 2062 καὶ
1627 2007 1656 2058 6
1690 2005 1880 2076 Πατὴρ
1903 2007 1961 2059 ἐν

377 2091 532 2165 αὐτῷ
570 2094 720 2167 μένει
766 2098 859 2151 καὶ
896 2099 1058 2163 αὐτὸς
1089 2101 1148 2153 ἐν
1177 2099 1257 2172 τῷ
1283 2097 1480 2170 Πατρὶ,
1523 2099 1617 2152 καὶ
1644 2099 1672 2151 6
1697 2097 1961 2170 ἑωρακὼς

377 2189 543 2244 αὑτὸν
585 2190 801 2264 ἑώρακε
850 2192 941 2248 τὸν
985 2194 1229 2266 Πατέρα,
1259 2196 1355 2248 καὶ
1379 2196 1408 2249 6
1435 2190 1726 2264 γινώσκων
1771 2189 1960 2255 αὐτὸν,

373 2280 472 2334 τὸν
519 2281 740 2353 Πατέρα
788 2284 1082 2354 γινώσκει,
1137 2285 1295 2358 δῆλον
1339 2286 1511 2340 ἅπασι
1559 2286 1671 2349 τοῖς
1719 2301 1782 2353 γε
1836 2281 1962 2336 νοῦν

379 2371 566 2443 ἔχουσι
592 2375 668 2439 ὡς
699 2376 798 2446 μία
823 2365 916 2430 τοῦ
943 2377 1154 2450 Πατρὸς
1185 2379 1279 2432 καὶ
1315 2379 1408 2432 τοῦ
1435 2377 1565 2432 Υἱοῦ
1597 2379 1630 2449 ή
1664 2375 1844 2448 φύσις,
1868 2375 1964 2430 καὶ⁸

382 2465 564 2520 πάντα
594 2464 707 2537 ἔχει
740 2466 808 2521 τά
834 2467 928 2522 τοῦ
957 2469 1172 2540 Πατρδς
1194 2473 1222 2524 6
1243 2471 1368 2534 Υἱός
1387 2487 1402 2502 ·
1437 2469 1496 2523 οὐ
1525 2469 1634 2541 γὰρ
1665 2467 1732 2524 ἂν
1760 2467 1964 2540 ἑτέρως

383 2555 585 2624 ἔδειξεν
616 2561 672 2612 ἐν
701 2561 879 2632 ἐαυτῷ
909 2561 1000 2616 τὸν
1031 2564 1268 2636 Πατέρα,
1301 2567 1352 2618 εί
1378 2564 1454 2636 μὴ
1482 2566 1660 2622 πάντα
1688 2560 1833 2635 εῖχεν
1861 2563 1963 2616 ὅσα

378 2647 411 2700 6
455 2648 664 2721 Πατήρ,
693 2650 834 2723 πλὴν
877 2653 1046 2726 αὐτῆς
1090 2655 1190 2725 τῆς
1233 2657 1605 2727 πατρότητος·
1649 2655 1806 2709 τοῦτο
1853 2653 1962 2724 γάρ

381 2737 514 2793 ἴδιον
547 2741 640 2795 τοῦ
673 2737 908 2814 Πατρὸς,
937 2745 1129 2819 ὥσπερ
1160 2746 1256 2801 τοῦ
1284 2747 1416 2802 Υἱοῦ
1442 2749 1476 2819 ή
1513 2747 1718 2818 υίότης.

417 2854 516 2908 lZ'.
544 2851 744 2924 Ἑτέρα
778 2857 1120 2984 ἀπόδειξιῇ
1145 2860 1287 2948 ἵσογ
1323 2858 1478 2916 εἶναι
1517 2861 1625 2916 τὸν
1671 2861 1811 2914 Υὶὸν
1847 2858 1928 2925 τῷ

1119 2946 1273 2984 ατοι.

1119 2946 1273 2999 arpi.

452 3015 666 3088 Ταύτην
711 3018 934 3088 ἰσότητα
976 3020 1071 3074 καὶ
1109 3021 1378 3092 ἑτέρωθεν
1415 3022 1532 3076 ἐστι
1572 3022 1788 3093 μαθεῖν.
1824 3017 1961 3076 Eia-te

381 3104 514 3176 γὰρ,
540 3107 725 3177 φησὶν,
745 3109 996 3201 δ’Ῑησοῦς
1017 3126 1032 3141 ·
1065 3128 1084 3163 ι
1103 3111 1218 3164 Νῦν
1250 3101 1509 3184 ἐδοξάσθη
1539 3114 1568 3167 6
1589 3113 1720 3176 Υἱὸς
1750 3113 1844 3166 τοῦ
1869 3113 1964 3166 ἀν·
1991 3143 2034 3201 C

382 3197 624 3269 θρώπου,
655 3199 749 3253 καὶ
793 3201 824 3254 6
865 3200 1000 3265 Θεὸς
1044 3201 1305 3274 ἐδοξάσθη
1351 3206 1410 3258 ἐν
1455 3204 1626 3276 αὐτῷ,
1655 3206 1752 3260 καὶ
1779 3204 1964 3270 όθεδς

335 3353 342 3358 ἑ
377 3289 595 3355 δοξάσει
609 3290 772 3346 αὐτὸν
793 3294 850 3346 ἐν
871 3293 1072 3365 ἐαυτῷ,
1095 3295 1192 3348 καὶ
1211 3295 1375 3360 εὐθὺς
1393 3296 1610 3362 δοξάσει
1631 3297 1967 3352 αὐτόν.›Κα“ι

383 3379 548 3434 πάλιν
564 3397 580 3412 ο
607 3400 628 3434 ι
651 3384 854 3454 Πάτερ,
877 3387 910 3456 ή
933 3385 1056 3456 ὥρα
1081 3387 1330 3458 ἐλήλυθε,
1346 3387 1569 3454 δόξασόν
1593 3407 1686 3444 σου
1707 3391 1798 3444 τὸν
1815 3389 1963 3456 Υίδν,

384 3470 472 3523 ἶνα
505 3471 598 3524 καὶ
624 3471 654 3524 6
681 3472 808 3538 Υἱός
838 3491 930 3529 σου
962 3475 1159 3549 δοξάσῃ
1193 3495 1276 3533 σε.
1307 3479 1402 3533 »Ὦ
1427 3481 1524 3551 τῆς
1554 3481 1966 3553 ὑπερϐαλούσης

385 3563 497 3618 τῶν
543 3563 836 3634 αίρετικῶν
877 3567 1242 3640 ἀδελτηρίαςι
1273 3571 1512 3638 Μείζων,
1543 3573 1729 3644 φησιν,
1755 3576 1782 3628 6
1813 3574 1969 3639 δοξά-

387 3653 496 3719 ζων
523 3655 616 3709 τοῦ
645 3655 1028 3728 δοξαζομένου·
1073 3663 1168 3716 καὶ
1197 3662 1411 3730 δοξάζει
1459 3664 1558 3736 μὲν
1585 3666 1614 3718 6
1641 3666 1851 3738 Πατὴρ,
1881 3669 1966 3722 δο-

389 3745 610 3812 ξάζεται
641 3749 697 3803 δέ
717 3749 746 3801 6
763 3751 920 3815 Υίός’
946 3753 1146 3823 μείζων
1174 3751 1269 3810 οὖν
1293 3755 1403 3828 ἄρα
1425 3757 1522 3812 τοῦ
1543 3757 1674 3813 Υίοῦ
1701 3761 1730 3813 6
1749 3759 1960 3833 Πατήρ.

391 3839 456 3890 Et
483 3837 658 3892 τοίνυν
683 3842 713 3894 6
742 3841 870 3906 Υἱὸς
910 3843 1010 3897 οὐκ
1057 3844 1317 3918 ἐδοξάσθη
1355 3849 1537 3918 μόνον,
1568 3847 1706 3905 ἀλλὰ
1740 3851 1834 3905 καὶ
1872 3853 1964 3906 τὸν

385 3929 684 3997 δοξάσαντα
703 3933 972 4002 ἐδόξασεν,
999 3937 1162 3991 ποίαν
1183 3937 1372 4010 χώραν
1395 3942 1550 4012 σχοίη
1575 3942 1634 3995 τὺ
1659 3943 1842 4012 μεῖζον
1869 3944 1967 3997 καὶ

386 4023 450 4076 τὸ
479 4023 728 4094 ἔλαττονς
754 4029 802 4080 εί
841 4027 916 4100 μὴ
941 4030 1050 4101 ἄρα
1078 4033 1220 4085 κατὰ
1247 4032 1346 4104 τὴν
1371 4033 1482 4086 τῶν
1502 4035 1812 4106 εἰρημένων
1835 4036 1968 4088 ἀκο-

383 4114 604 4171 λουθίαν
630 4121 782 4190 παρὰ
811 4121 906 4174 τὸν
942 4121 1237 4188 δοξάζοντα
1279 4125 1594 4194 μεταϐαίνει
1631 4125 1694 4179 τὸ
1737 4125 1922 4197 μεῖζον
1946 4168 1960 4190 ,

386 4210 484 4262 καὶ
507 4210 681 4275 οὕτως
707 4213 1058 4284 εὑρεθήσεται
1080 4219 1110 4270 6
1139 4217 1288 4282 Υἱὸς,
1311 4218 1547 4272 ἐλάττων
1579 4219 1676 4290 μὲν
1705 4220 1863 4290 ἡνίκα
1897 4218 1964 4272 ἂν

383 4299 698 4372 δοξάζηται,
738 4303 936 4372 μείζων
978 4306 1035 4359 δέ
1066 4307 1227 4376 ήνίκα
1261 4306 1327 4361 ἂν
1361 4307 1586 4380 δοξάζῃ·
1618 4309 1753 4363 ἀλλὰ
1779 4310 1841 4363 τὸ
1874 4309 1961 4362 λέ-

383 4407 504 4458 γειν
525 4391 716 4459 ταῦτα,
741 4395 1122 4466 παραπληξίας
1145 4399 1242 4452 καὶ
1273 4399 1754 4470 μανίας-ἐσχάτης·
1770 4401 1830 4453 ού
1857 4400 1962 4470 γὰρ

2061 1909 2247 1965 eadem
2273 1925 2392 1980 quae
2415 1911 2613 1979 Pater;
2640 1911 2687 1967 si
2722 1911 2885 1968 Pater
2916 1913 2970 1969 in
3009 1915 3124 1984 ipso
3149 1925 3331 1970 manet
3353 1925 3409 1971 et
3437 1915 3552 1986 ipse
3580 1919 3635 1971 in

2059 2001 2256 2069 Patre;
2287 2009 2342 2056 et
2368 2003 2462 2074 qui
2492 2003 2667 2074 ipsum
2711 2004 2864 2071 vidit,
2907 2003 3040 2060 vidit
3075 2015 3129 2061 et
3170 2005 3416 2073 Patrem;
3452 2015 3508 2064 et
3547 2007 3638 2077 qui

2060 2093 2308 2150 eumdem
2352 2095 2530 2160 novit,
2568 2095 2717 2150 novit
2752 2103 2808 2150 et
2835 2095 3090 2164 Patrem;
3130 2105 3346 2153 constat
3385 2097 3639 2154 omnibus

2062 2187 2155 2255 qui
2189 2195 2368 2242 mente
2417 2187 2634 2258 quidem
2673 2202 2782 2244 non
2826 2197 3068 2256 careant,
3097 2204 3257 2244 unam
3303 2205 3425 2246 esse
3459 2189 3638 2244 Patris

2063 2276 2294 2348 Filiique
2321 2289 2595 2347 naturam,
2618 2288 2674 2336 et
2693 2281 2874 2336 omnia
2895 2281 3098 2337 habere
3141 2297 3263 2354 quae
3286 2291 3411 2338 sunt
3435 2281 3637 2347 Patris,

2064 2369 2284 2428 Filium.
2317 2369 2506 2441 Neque
2527 2371 2672 2427 enim
2711 2372 2870 2430 aliter
2905 2373 3124 2430 Patrem
3155 2373 3210 2429 in
3237 2373 3414 2444 seipso
3439 2389 3638 2444 reprae-

2063 2471 2326 2530 sentaret,
2359 2463 2461 2520 nisi
2509 2463 2692 2519 omnia
2741 2465 2970 2522 haberet
3015 2479 3135 2536 qua
3184 2464 3368 2532 Pater,
3413 2475 3636 2536 excepta

2062 2557 2430 2626 paternitate;
2461 2565 2545 2612 est
2577 2557 2720 2612 enim
2750 2558 2864 2613 haec
2887 2553 3067 2612 Patris
3087 2555 3328 2630 propria,
3353 2555 3492 2613 sicut
3515 2552 3638 2612 Filii

2065 2646 2280 2704 ﬁlietas.

2064 2847 2227 2904 XVII.
2271 2849 2452 2904 Altera
2491 2852 2872 2975 demanat-gr?
2919 2853 3060 2922 quod
3105 2853 3328 2924 aqualis
3373 2851 3526 2907 Patri
3570 2855 3638 2908 sit

2803 2937 2950 2975 nus.

2137 3008 2290 3064 Hanc
2336 3009 2554 3069 aliunde
2589 3025 2806 3082 quoque
2845 3009 3060 3068 discere
3102 3011 3466 3082 aqualitatem
3514 3027 3641 3080 pos-

2067 3115 2278 3158 sumus.
2308 3101 2455 3157 Dixit
2495 3103 2640 3158 enim
2681 3103 2882 3160 Iesus:
2935 3121 2956 3156 ι
2995 3103 3150 3160 Nune
3186 3103 3514 3160 clarilicatus
3557 3114 3642 3160 est

2066 3193 2240 3250 Filius
2283 3193 2540 3260 hominis,
2586 3203 2644 3250 et
2697 3195 2838 3252 Deus
2889 3196 3218 3252 elariﬁcatus
3248 3203 3334 3251 est
3377 3197 3428 3250 in
3463 3210 3551 3260 eo,
3585 3205 3643 3250 et

2067 3283 2212 3342 Deus
2236 3286 2558 3343 clariﬁcabit
2589 3287 2736 3343 illum
2771 3288 2826 3343 in
2857 3289 3174 3359 semetipso,
3205 3297 3260 3342 et
3292 3288 3509 3358 quidem
3536 3296 3642 3342 sta-

2067 3379 2166 3434 tim
2219 3379 2628 3437 clariﬁcabit“.
2689 3399 2710 3434 ι
2754 3381 2823 3437 Et
2881 3397 3117 3438 rursus:
3176 3401 3194 3433 ε
3237 3381 3433 3446 Pater,
3493 3379 3644 3432 venit
3705 3413 3720 3430 .

2070 3471 2224 3538 hora,
2255 3471 2490 3527 clariﬂca
2519 3471 2714 3527 Filium
2744 3481 2918 3538 tuum,
2949 3481 3008 3526 ut
3031 3481 3087 3528 et
3115 3471 3286 3527 Filius
3319 3479 3442 3525 tuus
3473 3467 3640 3524 clari-

2068 3560 2192 3616 licet
2225 3572 2278 3618 te
2302 3561 2368 3616 ⁴².
2403 3581 2423 3616 ι
2477 3561 2524 3618 0
2571 3563 2837 3618 inﬁnitam
2892 3563 3269 3620 hereticorum
3315 3556 3634 3615 stultitiam!

2065 3653 2240 3725 Major
2265 3665 2371 3722 est,
2401 3655 2574 3722 aiunt,
2617 3653 2924 3711 clariﬁcatts
2965 3653 3287 3710 clarill-cato.
3315 3649 3393 3705 En
3435 3647 3640 3705 clariﬁ-

2065 3757 2153 3801 eat
2175 3745 2358 3814 Pater,
2389 3746 2558 3802 Filius
2587 3762 2720 3802 vero
2748 3747 3078 3804 clariﬁcatur
3102 3761 3118 3812 ;
3145 3745 3318 3813 major
3345 3755 3478 3812 ergo
3501 3739 3641 3794 Filia

2049 3838 2246 3912 Pater.
2271 3841 2434 3910 Atqui
2463 3839 2508 3893 si
2531 3839 2702 3894 Filius
2727 3853 2832 3892 non
2861 3837 3032 3892 solum
3061 3843 3142 3890 est
3170 3833 3521 3894 clarifteatus,
3545 3830 3641 3884 sed

2065 3931 2230 3985 etiam
2271 3929 2662 3984 clariﬁeantem
2695 3927 3034 3989 elariiicavit,
3067 3925 3289 3994 quinam
3322 3922 3410 3976 hic
3444 3921 3638 3988 majori

2066 4035 2131 4076 ac
2153 4021 2350 4076 minori
2383 4028 2630 4089 superest
2651 4017 2836 4073 locus?
2866 4016 2978 4071 Nisi
3007 4015 3168 4078 forte,
3197 4023 3257 4068 ut
3280 4027 3344 4067 ex
3369 4009 3640 4081 praedictis

2065 4119 2511 4180 consequeretur,
2545 4109 2717 4179 major
2742 4107 2980 4178 dignitas
3027 4105 3226 4160 transit
3277 4103 3344 4159 ad
3385 4115 3509 4158 eum
3549 4103 3640 4170 qui

2064 4201 2365 4268 clariﬁcat;
2401 4202 2472 4256 ita
2507 4211 2564 4255 ut
2599 4200 2766 4256 Filius
2791 4198 2972 4254 minor
2997 4197 3196 4254 evadat
3221 4211 3342 4251 cum
3376 4192 3642 4251 clariﬁca-

2068 4306 2192 4361 tur;
2241 4295 2411 4364 major
2445 4309 2566 4350 cum
2598 4293 2864 4350 clariﬁcat
2906 4310 2919 4348 :
2957 4307 3075 4362 quae
3121 4291 3226 4347 dici
3264 4290 3382 4345 sine
3427 4301 3636 4342 summa

2065 4388 2361 4444 stoliditate
2405 4397 2462 4446 et
2510 4387 2745 4442 armentia
2791 4395 3085 4456 nequeunt.
3151 4383 3338 4453 Neque
3379 4381 3523 4437 enim
3573 4393 3638 4433 ex

381 4485 447 4535 τὸ
476 4485 660 4553 μεῖζον
690 4488 783 4539 καὶ
811 4488 873 4540 τὸ
901 4487 1122 4544 ἔλαττον
1156 4490 1428 4555 ἐντεῦθεν,
1452 4492 1512 4545 τὸ
1540 4491 1598 4544 δέ
1619 4493 1730 4545 ἴσον
1752 4493 1962 4564 Πατρὸς

2068 4481 2338 4547 prtedictis
2364 4481 2536 4551 majus
2560 4481 2644 4535 vel
2672 4481 2870 4545 minus,
2889 4478 2983 4534 sed
3006 4475 3367 4546 aequalitatem
3381 4473 3556 4528 Patris
3577 4485 3641 4525 ac

383 4575 483 4628 καὶ
513 4575 640 4629 Υίοῦ
663 4577 1031 4648 διδασκόμεθα
1050 4595 1064 4610 ·
1089 4580 1359 4651 ἀκούομεν
1386 4583 1494 4653 γὰρ
1520 4583 1596 4646 ὡς
1617 4583 1710 4638 καὶ
1729 4585 1758 4636 ὁ
1780 4583 1966 4653 Πατὴρ

381 4667 597 4731 δοξάζει
633 4668 780 4730 Υίὸν,
808 4671 903 4724 καὶ
934 4671 1217 4737 δοξάζεται
1267 4673 1358 4741 ὑφ’
1397 4673 1530 4726 Υἱοῦ
1549 4689 1562 4703 ’
1605 4674 1700 4728 καὶ
1725 4673 1854 4736 Υἱὸς
1879 4673 1966 4726 ὅο-

383 4756 608 4822 ξάζεται
643 4761 746 4813 ὑπὸ
785 4762 882 4815 τοῦ
916 4764 1150 4835 Πατρὸς,
1182 4766 1276 4818 καὶ
1303 4764 1514 4830 δοξάζει
1563 4766 1652 4818 τὸν
1703 4765 1922 4836 Πατέρα
1949 4783 1961 4795 ·

383 4846 470 4900 ὅτι
501 4848 529 4900 6
560 4849 944 4920 δεδοξασμένος
985 4855 1084 4924 οὐχ
1119 4854 1147 4907 ὃ
1198 4855 1272 4925 μὴ
1321 4851 1467 4926 εἶχεν
1515 4855 1757 4928 εἴληφεν,
1795 4857 1910 4912 ἀλλ’
1939 4857 1965 4910 ὃ

385 4931 563 5007 εἶχεν·
597 4941 655 4992 ὲν
684 4941 834 5012 αὐτῷ
859 4941 936 5012 τῷ
962 4944 1147 5014 χωρίῳ
1191 4945 1349 4998 τοῦτο
1375 4945 1649 5000 διδάσκει·
1681 4966 1699 4997 ‹
1731 4947 1963 5011 Δόξασόν

387 5049 456 5101 με
484 5033 612 5103 γὰρ,
640 5035 792 5103 φησι,
817 5037 967 5107 παρὰ
990 5037 1192 5107 σαυτῷ.
1226 5040 1310 5104 σὺ,
1343 5038 1545 5109 Πάτερ,
1575 5042 1640 5110 τῇ
1675 5039 1798 5110 δόξῃ
1834 5035 1964 5110 ᾖεῖ-

385 5140 503 5192 χον.
537 5124 644 5195 πρὸ
668 5124 762 5179 τοῦ
789 5126 878 5180 τὸν
911 5127 1113 5198 κόσμον
1142 5123 1303 5190 εἶναι,
1337 5129 1484 5199 παρὰ
1511 5129 1612 5183 σοί.
1648 5149 1664 5180 ι
1703 5130 1764 5182 El
1791 5131 1847 5183 δὲ
1873 5133 1965 5184 καὶ

388 5215 497 5283 πρὸ
521 5217 613 5269 τοῦ
647 5215 737 5270 τὸν
769 5218 973 5288 κόσμον
997 5219 1270 5288 γενέσθαι,
1299 5220 1500 5291 ταύτην
1524 5220 1633 5290 ἔχοι
1657 5222 1752 5292 τὴν
1785 5222 1960 5288 δόξαν,

387 5307 503 5371 πῶς
542 5311 684 5362 αξτεῖ
722 5310 906 5363 λαϐεῖν
945 5311 973 5364 ὃ
1012 5307 1154 5381 εῖχεν
1193 5313 1312 5375 ἁεί;

463 5618 502 5646 *τ
528 5615 680 5668 Joun.
719 5633 836 5678 xm.
877 5619 962 5673 31.

461 5761 537 5831 (l)
578 5760 652 5816 ita
681 5760 800 5813 cod.
836 5759 940 5816 Sed
970 5763 1110 5816 malo
1145 5761 1383 5830 ἐμαυτῷ.

2065 4571 2185 4628 Filii
2229 4574 2506 4628 docemur.
2547 4572 2812 4628 Audimus
2845 4571 2990 4626 enim
3021 4568 3245 4639 698m
3266 4565 3462 4620 Filium
3485 4580 3514 4617 a
3540 4564 3638 4617 Pa-

2064 4674 2146 4719 tre
2165 4665 2476 4728 clarilicari,
2496 4663 2848 4732 vicissimque
2866 4677 2898 4716 a
2927 4660 3063 4714 Filio
3081 4660 3300 4714 Patrem
3325 4673 3340 4711 :
3360 4664 3414 4712 et
3443 4655 3641 4710 Filium

2063 4755 2350 4812 clariﬁcari
2377 4772 2406 4810 a
2440 4753 2622 4820 Patre,
2650 4765 2706 4810 et
2727 4770 2851 4810 eum
2882 4751 3042 4807 simul
3069 4748 3373 4805 clariﬁcare
3397 4747 3636 4802 Patrem.
3687 4789 3690 4792 .

2061 4848 2198 4902 Nam
2234 4849 2323 4916 qui
2353 4847 2682 4904 clariﬁcatus
2712 4854 2814 4910 est,
2847 4860 2952 4899 non
2983 4842 3126 4912 quod
3161 4856 3266 4895 non
3299 4839 3535 4894 habebat
3557 4853 3644 4894 ac-
3705 4867 3712 4872 -

2065 4941 2227 5009 cepit,
2267 4939 2360 4995 sed
2401 4939 2544 5008 quod
2597 4952 2786 5006 reapse
2827 4937 2938 5006 jam
2991 4933 3246 4988 habebat.
3303 4929 3476 4996 Quam
3526 4942 3639 4984 rem

2065 5033 2254 5087 eodem
2290 5031 2483 5086 inloco
2515 5043 2612 5084 nos
2649 5031 2806 5084 docet
2835 5046 2898 5082 :-¢
2941 5025 3191 5080 Clariiica
3225 5023 3368 5078 enim
3419 5034 3526 5084 me,
3559 5021 3639 5074 iu-

2067 5123 2206 5191 quit.
2254 5123 2392 5192 apud
2430 5120 2774 5188 temetipsum
2824 5129 2904 5180 tu,
2949 5116 3132 5180 Pater,
3177 5113 3428 5170 claritate
3476 5125 3637 5180 quam

2067 5214 2229 5268 habui
2261 5215 2574 5284 priusquam
2605 5211 2837 5267 mundus
2865 5217 3030 5273 esset,
3049 5211 3189 5276 apud
3215 5215 3268 5260 te
3297 5205 3432 5258 “'“.
3459 5224 3480 5257 ι
3521 5204 3640 5258 .Iam

2074 5307 2118 5360 si
2158 5317 2285 5362 ante
2323 5321 2482 5374 quam
2510 5302 2740 5358 mundus
2771 5302 2957 5364 ﬁeret,
2985 5301 3124 5355 hanc
3162 5298 3388 5370 gloriam
3429 5295 3641 5358 habuit.

2075 5399 2344 5464 quomodo
2395 5397 2446 5453 id
2494 5395 2733 5467 postulat
2784 5392 3026 5462 accipere
3085 5392 3226 5461 quod
3279 5401 3492 5457 semper
3547 5386 3646 5441 ha-

2075 5487 2238 5544 buit?’

1042 5621 1084 5650 δ’
1119 5620 1273 5673 Joan.
1321 5638 1449 5688 xvii,
1486 5625 1534 5676 i.
1614 5622 1896 5677 "i-“Ioun.
1937 5623 2151 5691 xvu,5.
