4078 6264
570 350 708 406 H75

1568 351 1627 405 S.
1669 351 1947 407 CYRlLLl
1990 344 2458 406 ALEXANDRINI
2497 349 2819 407 ARCHIEP.

3692 349 3825 404 1176

570 462 754 518 XVIII.
811 459 963 528 Quod
999 480 1107 518 una
1157 473 1233 519 est
1288 463 1464 517 Patris
1512 480 1574 518 ac
1632 463 1764 519 Filii
1819 465 2138 520 dominatio.

2313 464 2422 516 ιη’.
2462 464 2588 517 Ὅτι
2615 466 2726 535 μία
2753 466 2985 533 Πατρός
3008 465 3107 518 καί
3156 465 3293 521 Υίοῦ
3336 461 3371 531 ἡ
3407 463 3751 517 δεσποτεία.

640 577 845 632 Deinde
876 592 997 631 cum
1033 577 1511 641 demonstravisset
1548 592 1608 632 se
1640 593 1747 633 non
1780 577 1949 635 solum
1979 577 2140 633 clari-

570 668 744 733 iicari,
780 683 964 732 verum
1014 668 1179 725 etiam
1226 669 1462 723 vicissim
1506 669 1853 735 clariﬁcare,
1898 670 2137 731 addidit:

576 781 592 810 ι
630 758 966 814 Manifestavi
998 774 1193 821 nomen
1228 766 1379 813 tuum
1404 760 1716 815 hominibus
1732 761 1801 814 δ’.
1841 779 1858 819 i
1891 761 1955 815 Et
1985 760 2142 828 paulo

570 858 711 919 post,
778 850 1155 905 hazreticorum
1212 864 1306 905 ora
1342 850 1627 921 oppilans:
1693 870 1713 904 ι
1758 850 1895 917 Mea,
1945 851 2141 927 inquit,

568 942 748 995 omnia
797 950 891 995 tua
936 950 1103 1006 sunt,
1150 951 1204 997 et
1244 951 1332 996 tua
1382 957 1501 997 mea
1547 943 1593 975 “
1635 945 1747 1013 (l);
1786 964 1803 995 ι
1858 959 1962 998 non
2011 958 2147 999 sane

570 1046 911 1085 communem
944 1031 1193 1087 dividens
1220 1032 1667 1098 dominationem,
1714 1049 1891 1103 neque
1928 1035 2032 1089 alia
2076 1035 2144 1089 ad

571 1138 627 1175 se
662 1133 929 1191 spectare,
964 1124 1069 1176 alia
1115 1126 1182 1177 ad
1230 1123 1472 1191 Patrem,
1504 1125 1877 1183 demonstrare
1918 1127 2142 1192 volens;

570 1216 661 1267 sed
694 1215 949 1282 quoniam
983 1215 1017 1268 ii
1048 1216 1138 1291 qui
1174 1215 1380 1270 nullum
1421 1226 1610 1272 contra
1645 1217 1995 1287 Unigenitum
2026 1217 2143 1273 bla-

570 1306 828 1373 sphemiae
873 1320 1044 1374 genus
1090 1308 1369 1369 omittunt,
1417 1307 1593 1378 ipsum
1635 1309 1853 1377 quidem
1902 1310 2148 1378 accipere

571 1399 742 1461 aiunt,
769 1399 860 1453 sed
880 1398 1094 1453 Patrem
1123 1401 1276 1466 dare,
1304 1402 1644 1457 demonstrat
1670 1402 1854 1472 utique
1875 1417 1934 1459 se
1960 1417 2146 1474 parem

573 1490 718 1544 Patri
773 1490 974 1546 habere
1018 1507 1200 1555 rerum
1242 1494 1482 1548 omnium
1528 1493 1968 1550 dominationem.
2011 1494 2145 1551 Nam

578 1603 595 1633 ‹
633 1582 768 1647 Mea,
799 1584 994 1652 inquit,
1026 1585 1227 1650 omnia,
1266 1592 1353 1637 tua
1385 1593 1529 1651 sunt,
1560 1594 1615 1640 et
1657 1594 1744 1638 tua
1777 1600 1930 1651 mea;
1969 1604 1988 1637 ι
2024 1601 2149 1655 pro-

574 1671 715 1727 fecto
745 1687 848 1727 non
881 1674 1269 1730 dominationis
1294 1674 1640 1741 divisionem,
1679 1676 1775 1733 sed
1802 1676 2147 1734 communio-

574 1780 693 1819 nem
724 1781 823 1820 nos
848 1768 1073 1823 docens.

642 1857 750 1912 Sed
779 1858 923 1913 enim
951 1860 1128 1915 sentio
1157 1874 1243 1915 me
1279 1859 1420 1915 hunc
1461 1861 1528 1917 de
1572 1860 1677 1915 ﬁde
1716 1876 2025 1918 sermonem
2056 1861 2148 1917 diu

573 1947 931 2025 produxisse;
965 1964 1087 2004 cum
1126 1959 1306 2005 tamen
1353 1953 1509 2019 quasi
1546 1967 1652 2007 uno
1681 1952 1918 2022 capitulo
1955 1952 2150 2009 deﬁni-

578 2042 781 2095 tionem
830 2040 950 2115 ejus
1003 2056 1090 2096 me
1133 2042 1651 2114 comprehensurum
1703 2044 1803 2099 sub
1866 2044 2022 2099 initio
2070 2045 2148 2116 (Ξ)

575 2131 974 2207 promisissem.
1027 2131 1164 2187 Nam
1217 2148 1339 2189 cum
1408 2148 1475 2188 ex
1533 2134 1843 2204 evangelica
1903 2134 2149 2190 doctrina

573 2226 1054 2301 demonstrandam
1102 2230 1465 2296 suscepissem
1495 2224 1774 2298 Unigeniti
1804 2227 2145 2297 dignitatem,

580 2304 878 2387 loiigiorem
904 2331 1068 2387 quam
1094 2317 1447 2388 promiseram
1475 2316 1578 2375 feci
1617 2332 1921 2379 sermonem
1940 2356 1955 2381 ,
1981 2332 2151 2388 quan-

572 2422 735 2476 quam
776 2407 828 2462 in
868 2409 998 2476 ipsis
1032 2417 1275 2464 textuum
1311 2409 1855 2479 interpretationibus
1896 2408 2151 2465 brevitati

573 2501 775 2560 studui.
824 2500 994 2571 igitur
1043 2500 1148 2572 piis
1196 2500 1527 2565 Christianis
1575 2502 1840 2571 ablegatis
1886 2500 1953 2555 ad
2005 2501 2152 2572 ipsos

575 2605 687 2649 tum
718 2595 1082 2666 evangelicos,
1111 2603 1221 2649 tum
1248 2593 1595 2665 propheticos
1628 2593 1814 2660 libros,
1848 2592 1938 2662 qui
1964 2605 2153 2648 omnes

576 2686 845 2756 theologia
873 2686 941 2740 de
972 2685 1108 2740 Filio
1143 2685 1475 2750 redundant,
1507 2698 1605 2755 ego
1633 2684 1850 2755 quidem
1890 2682 2153 2754 propositi

575 2777 642 2831 de
673 2775 941 2832 Trinitate
974 2775 1279 2847 argumenti
1307 2776 1505 2831 seriem
1530 2788 1851 2847 prosequar.

859 2886 1027 2959 699
1051 2904 1101 2942 ηε
1139 2856 1281 2941 XIX.
1311 2885 1390 2943 De
1419 2884 1624 2958 Spiritu
1655 2895 1861 2942 sancto.

647 2999 931 3056 Credimus
957 3014 1107 3070 ergo,
1127 3009 1185 3054 ut
1206 3000 1318 3070 jam
1350 2998 1484 3067 dixi,
1505 2998 1558 3053 in
1588 2998 1755 3054 Deum
1786 2996 2002 3053 Patrem
2030 2997 2155 3053 abs-

577 3107 682 3159 que
729 3089 995 3160 principio
1018 3131 1033 3158 ,
1092 3099 1145 3146 et
1197 3090 1248 3144 in
1282 3089 1452 3145 Deum
1486 3099 1816 3145 coaeternum
1848 3089 2151 3145 naturalem

578 3181 797 3248 Filium,
839 3195 903 3238 ex
930 3179 1095 3241 Patre
1125 3180 1342 3249 quidem
1370 3178 1636 3249 genitum,
1686 3178 1783 3233 sed
1823 3186 1999 3233 tamen
2028 3192 2151 3233 cum

578 3272 746 3328 Patre
774 3286 992 3342 semper
1038 3271 1416 3336 exsistentem,
1447 3270 1606 3341 juxta
1660 3270 2030 3341 evangelicum
2068 3268 2155 3325 di-

578 3377 768 3423 ctum:
824 3384 843 3420 ι
899 3365 961 3420 In
1009 3364 1279 3436 principio
1340 3371 1459 3420 erat
1506 3361 1766 3419 Verbum.
1816 3380 1834 3414 ι
1872 3361 2157 3418 Credimus

578 3456 743 3512 etiam
797 3454 849 3511 in
892 3454 1156 3525 Spiritum
1201 3460 1478 3519 sanctum,
1525 3459 1758 3516 rectum,
1796 3452 2156 3525 dirigentem,

580 3547 805 3609 bonum,
848 3545 1268 3613 consolatorem,
1324 3558 1392 3601 ex
1444 3545 1555 3602 Deo
1598 3544 2005 3616 procedentem,
2051 3559 2159 3601 non

581 3637 859 3709 genitum;
896 3651 1039 3694 unus
1069 3636 1217 3692 enim
1253 3646 1339 3691 est
1382 3634 1747 3707 Unigenitus;
1785 3650 1960 3705 neque
2002 3650 2160 3692 crea-

583 3739 724 3795 tum,
755 3741 1023 3798 nusquam
1050 3726 1197 3783 enim
1232 3726 1289 3783 in
1323 3726 1507 3783 divina
1543 3726 1826 3798 Scriptura
1858 3742 1982 3783 eum
2008 3741 2160 3783 eom-

582 3820 825 3891 perimus
875 3818 953 3875 rei
993 3827 1193 3875 creata
1239 3828 1677 3885 annumeratum,
1718 3818 1815 3875 sed
1863 3819 1917 3874 in
1968 3819 2158 3875 eodem

582 3927 705 3969 cum
741 3911 904 3968 Patre
930 3926 996 3972 ac
1036 3909 1175 3967 Filio
1200 3912 1393 3968 ordine
1436 3912 1699 3981 positum.
1744 3910 1925 3983 Ipsum
1972 3919 2157 3966 autem

581 4004 649 4061 de
707 4004 870 4062 Patre
926 4005 1317 4075 procedentem
1368 4005 1697 4071 audivimus,
1757 4018 1934 4075 neque
1979 4013 2159 4059 tamen

580 4099 851 4167 quomodo
901 4098 1160 4169 procedat
1196 4100 1413 4155 curiose
1456 4107 1791 4164 scrutamur,
1841 4096 1935 4154 sed
1977 4096 2062 4151 his
2095 4095 2161 4151 ti-

583 4191 742 4245 nibus
792 4191 1030 4246 contenti
1067 4202 1255 4247 sumus
1287 4205 1423 4261 quos
1454 4190 1610 4247 nobis
1643 4188 1876 4260 theologi
1904 4188 2160 4259 beatique

582 4282 684 4335 viri
715 4290 1040 4337 statuerunt.

582 4388 704 4444 XX.
756 4389 912 4455 Quod
958 4392 1012 4445 in
1061 4393 1242 4466 eodem
1295 4393 1480 4466 ordine
1519 4407 1637 4446 cum
1697 4390 1861 4447 Patre
1912 4390 2161 4466 Filioque

1080 4462 1317 4530 Spiritus
1342 4462 1658 4517 collocatur.

656 4574 901 4643 Namque
943 4574 1010 4630 ab
1052 4573 1172 4645 ipso
1216 4571 1507 4631 Servatore
1549 4584 1735 4633 nostro
1773 4576 1898 4634 Jesu
1938 4576 2158 4636 Christo

583 4667 761 4724 edocti
796 4666 996 4723 fuimus
1025 4667 1483 4737 complementum
1511 4682 1634 4724 esse
1673 4669 1961 4727 Trinitatis
1987 4671 2158 4743 Spiri-

586 4771 697 4814 tum
730 4769 996 4815 sanctum.
1030 4776 1049 4811 ι
1082 4757 1287 4813 Euntes
1319 4756 1489 4824 enim,
1521 4758 1719 4829 inquit,
1753 4761 1943 4819 docete
1968 4779 2158 4822 omnes

583 4859 795 4918 gentes,
830 4848 1174 4919 baptizantes
1202 4861 1295 4903 eos
1326 4847 1379 4903 in
1423 4847 1640 4904 nomine
1658 4848 1839 4907 Patris
1867 4862 1917 4907 et
1953 4853 2073 4909 Filii
2104 4863 2159 4909 et

586 4941 822 5012 Spiritus
853 4940 1029 4995 sancti
1052 4940 1118 4994 ⁸⁷.
1155 4956 1175 4992 ι
1208 4939 1379 4995 Porro
1401 4955 1560 5011 quem
1579 4956 1701 4996 cum
1728 4942 1890 5000 Patre
1914 4945 2159 5017 Filioque

583 5032 929 5098 conﬁtemur,
961 5033 1011 5087 is
1038 5032 1185 5087 omni
1219 5032 1297 5087 rei
1330 5042 1531 5089 creata
1561 5035 1813 5104 superior
1842 5046 1944 5092 est.
1974 5038 2156 5105 Quare

582 5136 639 5180 et
669 5125 860 5181 beatus
892 5124 1091 5181 Paulus
1129 5141 1250 5180 cum
1299 5124 1466 5180 Patre
1498 5126 1671 5195 ipsum
1708 5126 1959 5198 Filioque
1982 5131 2159 5185 conti-

584 5228 747 5272 nuata
800 5218 946 5273 serie
988 5217 1287 5286 pradicat:
1328 5235 1346 5268 ι
1385 5216 1569 5272 Gratia
1599 5218 1767 5285 enim,
1804 5220 2003 5289 inquit,
2054 5223 2157 5277 Do-

584 5313 717 5368 mini
746 5310 917 5368 nostri
942 5308 1071 5365 Jesu
1106 5308 1332 5375 Christi,
1361 5317 1416 5363 et
1446 5309 1685 5371 charitas
1732 5310 1825 5366 Dei
1866 5310 2065 5379 Patris,
2101 5323 2159 5369 et

660 5475 705 5507 “
729 5473 885 5530 Joan.
913 5484 1049 5536 xvii,
1083 5469 1135 5525 6.

654 5634 729 5699 (l)
770 5634 985 5686 Nieetas
1024 5632 1409 5695 Aquileiensis,
1442 5648 1469 5683 a
1500 5631 1655 5684 nobis
1679 5632 1878 5694 editus,
1908 5634 1958 5685 in
1984 5634 2147 5689 simili

584 5709 813 5753 tractatu
846 5702 922 5754 sit:
950 5702 1180 5768 explicat
1206 5720 1217 5752 :
1252 5702 1381 5764 Qum
1405 5702 1502 5751 illa
1535 5702 1750 5752 omnia?
1781 5704 1954 5769 utique
1983 5705 2145 5755 virtu-

588 5779 707 5835 tem,
737 5770 907 5838 utique
930 5771 1230 5839 potentiam,
1262 5771 1555 5833 bonitatem,
1588 5771 2011 5839 inconuptclml,
2034 5774 2147 5843 glo-

1214 5470 1258 5502 ⁸⁸
1286 5470 1415 5526 ibid.
1449 5470 1535 5524 10.
1612 5470 1656 5502 ⁸⁷
1686 5471 1874 5527 Matth.
1910 5488 2103 5542 mnu,
2140 5476 2221 5530 l9.

2316 572 2451 633 Εἶτα
2475 577 2692 641 δεικνὺς
2724 578 2799 642 ὡς
2821 580 2883 640 ού
2919 578 3078 648 μόνον
3103 577 3408 652 δοξάζεται,
3443 578 3579 647 ἀλλὰ
3617 580 3709 632 καὶ
3737 578 3819 632 δο-

2246 670 2427 739 ξάζει,
2456 671 2774 741 ιἰτιτήγαγεν⁹
2810 689 2829 723 t
2866 668 3218 741 Ἐφανέρωσά
3254 685 3348 721 σου
3401 667 3464 722 τὸ
3498 667 3669 737 ὄνομα
3715 671 3825 728 τοῖς

2245 760 2576 831 ἀνθρώποις.
2612 780 2629 813 ι
2659 760 2768 813 Καὶ
2792 758 2909 833 μετ’
2931 759 3087 828 ὀλίγα
3113 759 3221 817 τῶν
3248 758 3539 830 αἱρετικῶν
3574 757 3823 828 ἐμφράτο

2244 868 2354 906 των
2386 852 2458 907 τὰ
2498 852 2769 923 στόματα·
2818 871 2836 904 ι
2862 852 2942 906 Τὰ
2988 853 3114 923 ἐμὰ.
3146 850 3302 923 φησὶ,
3346 852 3526 906 πάντα
3570 849 3639 902 σά
3686 850 3824 909 ἐστι.

2248 945 2345 999 καὶ
2367 944 2435 999 τὰ
2470 943 2538 1001 σὰ
2561 942 2702 1015 ἐμά’
2734 963 2754 997 ε
2790 943 2850 997 οὐ
2893 943 2991 1013 τὴν
3018 943 3205 1014 κοινὴν
3232 941 3456 1011 διαιρῶν
3482 939 3824 999 δεσποτείαν,

2246 1036 2368 1089 οὐδὲ
2389 1034 2553 1107 ἕτερα
2583 1034 2639 1089 δὲ
2669 1033 2738 1087 τὰ
2763 1033 2841 1105 τῷ
2869 1034 3042 1105 Πατρὶ
3074 1032 3399 1105 διαφέροντα
3442 1031 3613 1096 δεῖξαι
3645 1030 3823 1096 βουλό‹

2252 1144 2413 1196 μενος
2432 1143 2447 1159 ο
2469 1126 2583 1179 ἀλλ’
2606 1125 2792 1196 ἐπειδὴ
2822 1127 2869 1179 οἱ
2895 1126 3075 1181 πᾶσαν
3100 1125 3419 1194 βλάσφημον
3439 1122 3623 1195 φωνὴν
3644 1122 3818 1191 ἀφιὲν⁴

2247 1235 2338 1282 τες
2363 1216 2505 1272 κατὰ
2530 1216 2625 1271 τοῦ
2642 1215 3001 1285 Μονογενοῦς,
3026 1215 3187 1272 αὑτὸν
3218 1216 3317 1287 μὲν
3347 1214 3645 1285 λαμϐάνειν
3672 1212 3823 1281 φασὶ,

2249 1308 2339 1363 τὸν
2370 1309 2428 1362 δὲ
2452 1308 2671 1379 Πατέρα
2707 1307 2930 1369 διδόναι,
2964 1307 3241 1361 δείκνυσιν
3271 1307 3353 1360 ὃτι
3383 1307 3482 1375 τὴν
3515 1304 3687 1374 αὐτὴν
3717 1302 3823 1373 ἔχει

2249 1399 2327 1470 τῷ
2356 1400 2533 1471 Πατρ“ι
2560 1399 2671 1452 τῶν
2720 1398 2979 1452 ἁπάντων
3008 1397 3327 1451 δεσποτείαν
3347 1412 3359 1425 ·
3391 1414 3410 1447 ι
3445 1394 3527 1449 Τὰ
3550 1394 3659 1466 γὰρ
3695 1392 3824 1464 ὲμὰ,

2252 1492 2407 1564 φησὶ,
2434 1491 2612 1546 πάντα
2642 1490 2713 1553 σά
2743 1490 2880 1557 ἐστι,
2909 1490 3005 1544 καὶ
3027 1488 3094 1542 τὰ
3122 1487 3192 1541 σὰ
3228 1485 3339 1558 ἐμά
3358 1503 3371 1517 ⁸
3411 1507 3430 1539 ι
3464 1487 3524 1541 οὺ
3564 1486 3661 1556 τὴν
3692 1485 3823 1547 διαί-

2254 1602 2404 1656 ρεσιν
2431 1584 2530 1655 τῆς
2552 1582 2895 1651 δεσποτείας,
2925 1579 3063 1643 ἀλλὰ
3091 1579 3152 1633 τὸ
3189 1580 3368 1635 κοινὸν
3394 1583 3491 1650 τῆς
3512 1579 3823 1642 δεσποτείας

2252 1676 2545 1732 παιδεύων.

2336 1855 2496 1911 Ἀλλὰ
2522 1856 2630 1928 γὰρ
2656 1857 2748 1910 τὸν
2780 1856 2935 1924 λόγον
2972 1855 3051 1918 είς
3094 1855 3266 1924 μῆκος
3296 1851 3534 1919 ἐξέτεινα
3578 1850 3664 1904 τὸν
3700 1852 3825 1920 περὶ

2253 1951 2509 2015 πίστεως,
2536 1950 2592 2003 ὲν
2621 1946 2903 2019 κεφαλαίῳ
2944 1946 3231 2013 διεξελθεῖν
3272 1945 3400 2015 ὅρον
3420 1945 3478 1997 ὲν
3500 1943 3611 2007 τοῖς
3642 1959 3825 2012 προοι-

2255 2041 2399 2112 μίοις
2442 2038 2939 2109 ἐπαγγειλάμενος·
2972 2036 3141 2101 δεῖξαι
3170 2034 3277 2106 γὰρ
3313 2032 3594 2105 βουληθεὶς
3630 2034 3692 2086 ἐκ
3728 2032 3825 2100 τῆς

2252 2131 2613 2204 εὑαγγελικῆς
2656 2128 3009 2191 διδασκαλίας
3036 2127 3130 2181 τοῦ
3162 2124 3504 2194 Μονογενοῦς
3531 2125 3629 2195 τὴν
3652 2125 3823 2192 ἀξίαν,

2256 2225 2592 2298 μακρότερον
2621 2224 2719 2294 τῆς
2746 2221 3097 2291 ὑποσχέσεως
3130 2217 3480 2290 είργασάμην
3522 2217 3615 2271 τὸν
3640 2217 3823 2283 λόγον·

2255 2315 2549 2372 καὶταῦτα
2583 2311 2949 2385 βραχυλογίας
2986 2312 3045 2365 ὲν
3093 2312 3213 2375 ταῖς
3246 2308 3570 2381 ἑρμηνείαις
3598 2325 3826 2377 πεφρον-

2251 2407 2440 2471 τικώς.
2467 2406 2563 2469 El;
2591 2403 2761 2467 αὐτὰς
2780 2402 2958 2457 τοίνυν
2989 2400 3090 2464 τὰς
3115 2397 3476 2468 εύαγγελικὰς
3498 2396 3713 2467 βίϐλους
3738 2398 3827 2451 καὶ

2254 2498 2599 2571 πῳφητικὰς
2626 2496 2752 2559 τοὺς
2778 2493 3024 2557 εὐσεϐεῖς
3050 2490 3272 2562 πέμψας
3291 2490 3517 2562 (μεσταὶ
3544 2490 3651 2561 γὰρ
3673 2486 3824 2545 αὗται

2252 2590 2349 2660 τῆς
2377 2586 2655 2655 θεολογίας
2674 2582 2771 2637 τοῦ
2803 2583 2984 2653 Υἱοῦ),
3011 2582 3104 2636 ἐπὶ
3148 2581 3246 2655 τὴν
3296 2580 3658 2653 προκειμένην
3695 2581 3821 2634 duo-

2253 2680 2474 2736 λουθίαν
2502 2676 2812 2752 βαδιοῦμαι.

2534 2878 2637 2934 ιθο.
2679 2877 2820 2948 Περὶ
2842 2878 2950 2933 τοῦ
2978 2878 3152 2949 ἁγίου
3185 2880 3534 2949 Πνεύματος.

2330 2994 2664 3066 Πιστεύομεν
2694 2994 2913 3060 τοίνυν,
2965 2995 3043 3059 ὡς
3091 2994 3251 3066 ἔφην,
3297 2993 3378 3057 είς
3433 2990 3558 3045 Θεὸν
3604 2987 3816 3058 Πατέρα

2254 3089 2510 3163 ἄναρχον,
2535 3090 2631 3143 καὶ
2660 3091 2740 3153 είς
2769 3088 2901 3143 Θεὸν
2934 3087 3211 3143 ωναῖδιον
3250 3087 3411 3158 φύσει
3441 3086 3588 3150 Υίὸν,
3616 3082 3681 3137 ὲκ
3713 3082 3825 3136 Πα-

2256 3183 2385 3256 τρὸς
2416 3182 2515 3254 μὲν
2544 3181 2897 3253 γεννηθέντα,
2921 3182 3009 3239 ἀεὶ
3030 3182 3089 3236 δὲ
3102 3181 3183 3253 τῷ
3213 3180 3388 3252 [lupi
3424 3178 3670 3242 συνόντα,
3693 3176 3831 3231 κατὰ

2255 3274 2353 3347 τὴν
2386 3274 2495 3329 τῶν
2511 3273 2862 3342 Εὐαγγελίων
2894 3274 3079 3343 φωνήν
3105 3287 3119 3302 ⁸
3152 3293 3171 3326 ι
3210 3273 3300 3327 Ἐν
3322 3273 3466 3343 ἀρχῇ
3495 3270 3626 3341 γὰρ.
3650 3268 3833 3339 φησὶν,

2256 3362 2372 3441 ἧνὸ
2397 3366 2660 3435 Δόγος.ῖ›
2692 3364 3035 3437 Πιστεύομεν
3064 3365 3123 3419 δὲ
3167 3364 3263 3419 καὶ
3304 3364 3387 3426 είς
3432 3362 3494 3415 τὸ
3528 3360 3752 3430 Πνεῦμα
3778 3358 3838 3411 τὸ

2260 3458 2442 3528 ἅγιον,
2462 3457 2525 3511 τὸ
2550 3456 2727 3522 εὺθὲς,
2760 3455 2824 3510 τὸ
2854 3456 3203 3527 ἡγεμονικὸν,
3235 3454 3299 3509 τὸ
3324 3451 3552 3523 ἀγαθὸν,
3577 3449 3640 3504 τὸ
3664 3448 3840 3520 παρὰ·

2260 3550 2479 3622 κλητον,
2511 3549 2572 3604 τὸ
2602 3551 2668 3603 εκ
2698 3546 2835 3603 Θεοῦ
2864 3546 3151 3620 προελθὸν,
3186 3546 3249 3600 οὐ
3283 3541 3548 3615 γεννηθέν
3567 3558 3582 3572 ο
3619 3534 3703 3605 εἷς
3733 3541 3840 3610 γὰρ

2259 3643 2591 3713 Μονογενής⁸
2620 3639 2744 3695 οὕτε
2773 3640 2880 3712 μὴν
2914 3638 3155 3695 κτισθὲν·
3198 3636 3436 3709 οὐδαμοῦ
3462 3634 3574 3707 γὰρ
3596 3632 3839 3706 εὑρίσκο-

2262 3752 2362 3808 μεν
2392 3735 2451 3788 εν
2492 3736 2561 3806 τῇ
2602 3732 2725 3805 θείᾳ
2768 3733 2960 3804 Γραφῇ
2986 3733 3055 3803 τῇ
3105 3730 3284 3786 κτίσει
3313 3726 3839 3800 συναριθμούμενσν,

2259 3825 2395 3885 ἀλλὰ
2421 3826 2597 3899 Πατρὶ
2623 3825 2719 3879 καὶ
2751 3823 2869 3895 Υἱῷ
2914 3821 3375 3893 συνταττόμενονο
3408 3816 3839 3889 ἐκπορευόμενον

2258 3918 2317 3975 δὲ
2341 3917 2474 3973 αὐτὸ
2501 3918 2566 3973 ὲκ
2593 3916 2688 3971 τοῦ
2727 3914 2943 3987 Πατρὸς
2963 3913 3303 3985 ἠκούσαμεν,
3328 3911 3428 3967 καὶ
3460 3912 3524 3966 οὺ
3565 3909 3837 3979 πολυπρατ

2259 4007 2575 4080 γμονοῦμεν
2618 4006 2735 4070 πῶς
2786 4004 3169 4077 ἐκπορεύεται,
3192 4000 3332 4057 ἀλλὰ
3382 4001 3691 4074 στέργομεν
3728 4002 3837 4062 τοῖς

2260 4102 2499 4157 τεθεῖσιν
2528 4102 2661 4173 ἡμῖν
2688 4101 2836 4172 ὅροις
2864 4097 2972 4156 ὑπὸ
2994 4097 3105 4154 τῶν
3130 4095 3397 4165 θεολόγων
3426 4095 3524 4151 καὶ
3557 4092 3837 4166 μακαρίων

2260 4190 2498 4266 ἀνδρῶν.

2296 4387 2380 4446 K'.
2430 4390 2551 4445 Ὅτι
2609 4389 2795 4458 Πατρί
2843 4389 2943 4443 καί
2980 4389 3092 4456 Υἱῷ
3139 4389 3207 4443 τὸ
3250 4388 3495 4459 Πνεῦμα
3548 4386 3801 4442 συντάτ-

2963 4476 3027 4515 τε
3031 4476 3145 4514 ται.

2348 4574 2737 4646 Ἐδιδάχθημεν
2773 4578 2881 4647 γὰρ
2910 4574 3002 4628 ὑπ’
3043 4572 3209 4628 αὐτοῦ
3259 4573 3356 4628 τοῦ
3403 4574 3659 4646 Σωτῆρος
3689 4570 3832 4644 ἡμῶν

2277 4666 2455 4740 Ἰησοῦ
2499 4668 2737 4740 Χριστοῦ
2761 4709 2776 4734 ,
2834 4670 2933 4740 τῆς
2987 4668 3220 4741 Τριάδος
3273 4666 3739 4738 συμπληρωτικὸν
3778 4662 3833 4716 τὸ

2265 4764 2491 4835 Πνεῦμα
2526 4763 2588 4816 τὸ
2631 4764 2814 4831 ἆγιονφ
2860 4780 2880 4812 ι
2917 4759 3283 4830 Πορευθέντες
3315 4757 3447 4827 γὰρ,
3482 4756 3639 4827 φησὶ,
3670 4751 3831 4825 μαθηο

2263 4856 2496 4911 τεύσατε
2539 4856 2715 4909 πάντα
2740 4852 2813 4908 τὰ
2857 4852 3006 4923 ἔθνη,
3046 4851 3399 4922 βαπτίζοντες
3441 4848 3641 4911 αὐτοὺς
3672 4847 3747 4908 είς
3776 4843 3830 4895 τὸ

2263 4949 2435 5020 ὄνομα
2469 4947 2561 5001 τοῦ
2596 4947 2831 5016 Πατρὸς,
2856 4944 2950 4998 καὶ
2978 4942 3129 5009 Υίοῦ,
3162 4942 3259 4996 καὶ
3280 4942 3374 4995 τοῦ
3401 4940 3558 5008 ἁγίου
3592 4936 3831 5006 Πνεῦμα-

2263 5056 2384 5105 τος·
2422 5061 2440 5093 ι
2476 5039 2552 5111 τῷ
2578 5038 2637 5092 δὲ
2664 5037 2841 5109 Πατρὶ
2866 5037 2959 5091 καὶ
2983 5035 3100 5106 Υίῷ
3136 5032 3718 5105 συμμαρτυρούμενσν.
3741 5027 3827 5096 τῆς

2266 5132 2494 5196 κτίσεώς
2529 5133 2646 5184 ἐστι
2678 5131 2860 5200 πάσης
2891 5127 3212 5199 ὑπέρτερον.
3247 5125 3339 5179 Διὸ
3369 5124 3464 5179 καὶ
3507 5125 3536 5176 ὁ
3571 5121 3828 5192 μακάριος

2264 5225 2477 5289 Παῦλος
2505 5224 2642 5296 μετὰ
2685 5222 2900 5292 [ἰατρὸς
2930 5219 3063 5275 αὐτὸ
3092 5219 3186 5273 καὶ
3232 5217 3365 5271 Υίοῦ
3412 5214 3695 5286 κηρύττων
3723 5210 3830 5263 δια-

2264 5318 2436 5372 τελεῖ·
2489 5334 2510 5368 ι
2565 5316 2631 5369 Ἠ
2679 5315 2838 5385 χάρις
2886 5312 3032 5383 γὰρ,
3076 5311 3229 5381 φησὶ,
3280 5306 3374 5361 τοῦ
3424 5304 3630 5376 Κυρίου
3681 5298 3826 5371 ἡμῶν

2257 5638 2388 5690 riam
2430 5645 2476 5689 et
2518 5637 2881 5691 wternitatcm.
2924 5632 3057 5683 sicut
3096 5629 3250 5681 habet
3291 5625 3462 5681 Pater.

2326 5709 2401 5779 (2)
2442 5705 2638 5763 Recole
2680 5704 2897 5765 tertium
2940 5699 3256 5775 capitulum.
