4078 6264
372 303 512 358 H77

1715 315 1803 370 DE
1845 316 2244 376 TRINITATE.

3493 352 3624 409 H78

383 414 580 485 Ἰησοῦ,
627 414 721 467 καὶ
753 417 782 485 ἡ
815 416 1004 487 άγάπη
1034 418 1130 471 τοῦ
1166 418 1301 473 Θεοῦ
1345 421 1439 473 καὶ
1482 423 1693 495 Πατρδς
1724 427 1822 497 (-I),
1858 447 1924 482 κα

2055 437 2474 495 communicatio
2507 442 2679 499 sancti
2726 443 2961 517 Spiritus
3001 450 3073 506 sit
3099 465 3221 508 cum
3253 461 3502 519 omnibus
3533 481 3625 521 ve-

367 511 401 574 η
468 506 720 560 κοινωνία
778 509 872 562 τοῦ
940 510 1094 577 ἁγίου
1157 512 1474 583 Πνεύματος
1540 518 1679 586 μετὰ
1726 520 1945 574 πάντων

366 597 542 667 ὑμῶν.
589 617 607 649 s

402 713 533 766 KA'.
593 713 918 782 Ἀπόδειξις
969 716 1080 786 τῆς
1133 719 1241 803 τοῦ
1290 725 1639 795 Πνεύματος
1686 727 1906 784 δεσπο-

1066 805 1247 855 τείας.

436 894 546 948 Καὶ
585 895 746 949 πάλιν
770 915 784 928 ·
826 917 845 950 ι
870 901 1174 970 Διαιρέσεις
1217 904 1273 957 δὲ
1317 908 1674 978 χαρισμάτων
1708 912 1837 976 sici,
1880 914 1942 965 τὸ

362 986 420 1039 δὲ
452 988 584 1041 αὐτὸ
611 989 867 1061 Πνεῦμαο
894 994 985 1046 καὶ
1014 994 1308 1066 διαιρέσεις
1333 998 1618 1054 διακονιῶν
1650 1004 1855 1067 είσιν,ὁ
1883 1004 1941 1058 δὲ

332 1080 526 1163 ,αὐτὸς
574 1082 805 1155 Κύριος·
848 1087 941 1138 καὶ⁸
970 1086 1261 1159 διαιρέσεις
1296 1092 1684 1163 ἐνεργημάτων
1727 1096 1885 1163 είσὶν,
1912 1099 1941 1151 6

364 1120 523 1144 ...ν-ν,
574 1120 775 1155 ..νει-ν,
851 1120 941 1138 ’.ιιι
970 1120 1258 1159 νιυιιρςυει,
1296 1120 1684 1163 ινιρῐηματων
1727 1120 1885 1163 εισιν,
1912 1120 1931 1151 ε

332 1120 421 1223 1δὲ.
464 1172 623 1235 αὐτὸς
652 1175 766 1227 ἐστι
797 1175 927 1239 Θεὸς
958 1178 986 1229 6
1018 1179 1257 1249 ἐνεργῶν
1287 1182 1353 1234 τά
1398 1183 1575 1237 πάντα
1616 1186 1674 1237 ἐν
1704 1187 1861 1240 πᾶσι.
1911 1206 1931 1241 ι

365 1263 539 1316 ⁴Αὑτοῦ
567 1264 624 1316 δέ
672 1260 959 1336 κηρύττων
982 1270 1079 1341 τὴν
1121 1270 1369 1335 ἐξουσίαν
1411 1275 1539 1328 ἐϐόα
1559 1293 1572 1306 ·
1618 1297 1636 1329 ι
1668 1277 1852 1332 Πάντα
1880 1279 1937 1333 δὲ

362 1356 536 1409 ταῦτα
568 1359 778 1426 ἐνεργεῖ
804 1360 865 1412 τὸ
896 1361 1027 1414 αὐτὸ
1071 1365 1161 1416 καὶ
1188 1364 1249 1416 τὸ
1292 1364 1350 1418 ἐν
1385 1367 1606 1440 Πνεῦμα
1631 1411 1646 1436 ,
1686 1371 1929 1443 διαιροῦν

365 1447 471 1517 ἰδίᾳ
502 1450 734 1520 ἐκάστῳ,
770 1448 952 1513 καθὼς
1005 1452 1253 1522 βούλεται
1290 1456 1532 1528 διανέμει
1570 1462 1647 1531 (2)
1690 1464 1799 1527 τοῖς
1842 1480 1933 1516 πι-

361 1537 611 1590 στεύουσι
637 1537 705 1591 τά
726 1538 894 1610 δῶρα.
916 1558 935 1591 ι
957 1542 1037 1592 Δι’
1066 1542 1231 1596 αὑτοῦ
1258 1543 1367 1616 γάρ
1387 1544 1496 1599 τῶν
1523 1547 1934 1619 ἁμαρτημάτων

360 1628 627 1698 ἐλάϐομεν
654 1629 752 1700 τὴν
794 1630 1117 1703 ἀπαλλαγήν
1138 1650 1154 1665 ο
1185 1634 1252 1688 δι’
1296 1637 1460 1690 αὐτοῦ
1489 1637 1591 1709 τῆς
1624 1638 1934 1710 ἐλευθερίας

361 1722 703 1792 τυγχάνομεν
725 1742 739 1755 ο
771 1723 837 1778 δι’
860 1725 1025 1779 αὑτοῦ
1048 1727 1141 1780 τοῦ
1171 1728 1271 1799 τῆς
1298 1730 1571 1795 υἱοθεσίας
1596 1733 1933 1803 χαρίσματος

2053 522 2138 578 bis
2173 524 2236 579 ⁸⁸.
2275 546 2296 579 s

2125 723 2265 783 XXI.
2314 728 2724 791 Demonstratur
2753 739 2988 810 Spiritus
3028 747 3200 800 sancti
3237 748 3546 808 dominatio.

2126 898 2334 957 Rursus
2398 904 2640 965 Paulus:
2688 930 2709 964 ι
2780 915 3080 975 Divisiones
3132 937 3262 978 vero
3321 926 3617 994 gratiarum
3688 937 3695 945 ‘

2049 1001 2194 1052 sunt,
2228 991 2367 1047 idem
2395 1006 2576 1053 autem
2605 999 2839 1072 Spiritus
2875 1025 2887 1060 :
2924 1017 2975 1062 et
3008 1008 3306 1068 divisiones
3326 991 3616 1071 —IllIllISlI'a~

2050 1080 2252 1136 tionum
2287 1094 2433 1152 sunt,
2482 1088 2623 1145 idem
2659 1102 2837 1149 autem
2874 1094 3037 1163 Deus,
3082 1103 3172 1170 qui
3219 1114 3476 1175 cperatur
3503 1122 3618 1160 om-

2045 1173 2132 1227 nia
2187 1176 2240 1229 in
2307 1180 2559 1237 omnibus
2583 1183 2651 1238 δ’.
2686 1202 2708 1237 ›
2753 1185 3005 1252 Ejusdem
3063 1194 3225 1247 etiam
3258 1173 3616 1264 potestatem

2049 1264 2214 1335 700
2240 1284 2290 1319 m
2320 1272 2625 1338 praedicans
2650 1274 2915 1332 clamabat
2949 1297 2964 1334 :
3006 1299 3024 1332 ι
3063 1281 3187 1338 Hinc
3216 1295 3393 1339 autem
3437 1290 3615 1343 omnia

2042 1366 2300 1423 operatur
2332 1375 2471 1417 unus
2505 1373 2668 1433 atque
2699 1367 2839 1421 idem
2886 1368 3146 1439 Spiritus,
3175 1373 3425 1429 dividens
3463 1393 3615 1446 sepa-

2043 1447 2202 1502 ratim
2243 1451 2481 1521 singulis
2510 1475 2524 1507 :
2556 1467 2715 1525 prout
2752 1458 2869 1514 vult
2898 1462 3175 1518 distribuit
3200 1464 3337 1520 dona
3360 1466 3429 1520 ".
3464 1486 3480 1519 ι
3518 1467 3618 1523 Per

2043 1536 2215 1607 ipsum
2247 1544 2449 1613 quippe
2486 1549 2793 1618 recepimus
2819 1566 3168 1623 peccatorum
3199 1558 3612 1625 remissionem;

2040 1643 2136 1699 per
2157 1632 2331 1702 ipsum
2362 1636 2669 1695 libertatem
2699 1644 3122 1715 consequimur;
3148 1662 3244 1717 per
3277 1650 3453 1719 ipsum
3481 1652 3615 1707 ado-

2041 1725 2240 1792 ptionis
2278 1729 2453 1797 gratia
2484 1732 2735 1787 fruimur.
2779 1754 2799 1786 ι
2838 1735 2955 1792 Νοη
2991 1739 3133 1794 enim
3170 1745 3497 1813 accepimus,
3530 1746 3611 1799 in-

362 1812 740 1885 ιίιειῖολαύομεν⁹
798 1836 815 1867 ι
855 1817 926 1871 Οὐ
959 1817 1068 1889 γὰρ
1116 1793 1380 1890 ἐλάθομεν
1421 1793 1683 1892 Πνεῦμα,
1711 1793 1924 1893 φησὶνί

2037 1813 2156 1880 quit
2190 1793 2412 1881 Paulus,
2438 1816 2707 1888 Spiritum
2745 1824 3023 1880 servitutis
3051 1825 3249 1882 iterum
3297 1793 3352 1885 in
3400 1833 3612 1898 timore,

364 1904 596 1973 Παῦλος,
631 1905 872 1971 δουλείας
926 1907 1087 1963 πάλιν
1127 1912 1208 1973 είς
1257 1911 1459 1980 φόϐον,
1502 1911 1617 1965 ἀλλ’
1667 1912 1931 1983 ἐλάϐομεν

360 1997 585 2068 Πνεῦμα
612 1998 900 2065 υἱοθεσίας,
922 2001 981 2053 ἐν
1000 1994 1044 2069 ᾧ
1075 2000 1367 2073 κράζομεν,
1414 2002 1582 2057 Ἀὅδᾶ
1601 2006 1629 2057 6
1658 2005 1869 2075 Πατήρ.
1908 2024 1924 2057 ι

357 2090 466 2142 Καὶ
494 2090 759 2162 ἀλλαχοῦο
816 2111 835 2145 ι
877 2093 935 2147 ’0
968 2094 1077 2167 γάρ
1129 2095 1291 2164 νόμος
1326 2093 1419 2147 τοῦ
1473 2095 1789 2167 Πνεύματος
1832 2097 1931 2167 τῆς

355 2179 501 2249 ζωῆς
542 2181 873 2253 ἐλευθέρωσέ
924 2201 990 2255 με
1023 2184 1131 2237 άπὸ
1181 2185 1275 2238 τοῦ
1309 2185 1476 2256 νόμου
1522 2186 1623 2257 τῆς
1656 2188 1931 2258 ἁμαρτίας

357 2270 454 2321 καὶ
474 2270 565 2323 τοῦ
590 2272 842 2329 θανάτου.
876 2294 893 2326 ι
924 2276 1035 2327 Καὶ
1073 2275 1337 2346 ἐτέρωθεν
1363 2293 1375 2306 ·
1401 2294 1420 2327 ι
1460 2276 1520 2330 '0
1548 2277 1604 2330 δὲ
1630 2278 1835 2348 Κύριος
1867 2279 1929 2332 τὸ

356 2363 584 2435 Πνεῦμά
617 2370 796 2427 ἐστιν’
832 2361 893 2430 οὗ
921 2368 979 2423 δὲ
1009 2368 1068 2421 τὸ
1099 2369 1321 2440 Πνεῦμα
1344 2371 1584 2441 Κυρίου,
1620 2373 1737 2425 ἐκεῖ
1774 2373 1928 2425 ἐλευ-

358 2454 547 2525 θερία·
582 2475 601 2507 s
641 2458 701 2511 τὸ
724 2458 782 2511 δέ
806 2461 931 2523 τοὺς
962 2461 1153 2526 ἄλλους
1184 2462 1524 2535 ἐλευθεροῦν,
1559 2466 1619 2518 οὐ
1650 2465 1922 2519 δουλεύει·

355 2545 475 2610 πῶς
506 2548 613 2618 γάρ
646 2548 711 2601 ἂν
740 2551 852 2612 τοῖς
873 2552 1180 2621 ὁμοδούλοις
1209 2557 1460 2628 μεταδοίη
1485 2551 1567 2611 ὧν
1596 2557 1656 2610 οὐ
1690 2556 1924 2628 μετέχει,

350 2632 412 2692 οὗ
432 2642 612 2710 τυχεῖν
633 2642 734 2699 οὐκ
769 2643 963 2714 ἰσχύει,
992 2639 1051 2699 οὗ
1077 2646 1381 2702 ἀπολαῦσαι
1403 2650 1652 2720 βούλεται
1695 2650 1815 2721 μὲν,
1848 2651 1923 2714 ὼς

348 2730 517 2796 είκὸς,
535 2733 593 2784 οὺ
617 2731 840 2787 δύναται
880 2734 936 2787 δέ
958 2753 972 2801 ;
993 2734 1057 2789 El
1083 2737 1140 2789 δὲ
1166 2740 1487 2809 μεταδίδωσι
1508 2744 1621 2805 τοῖς
1644 2742 1926 2795 πιστεύου-

346 2839 433 2879 σιν
482 2823 831 2894 ἐλευθερίας,
897 2827 993 2880 καὶ
1059 2827 1335 2901 ἐλευθεροί
1376 2832 1503 2894 τοὺς
1542 2832 1921 2898 δουλεύοντας,

344 2914 407 2968 οὐ
438 2913 677 2969 δουλεύει
702 2916 972 2988 δηλονότι,
1003 2918 1140 2973 άλλά
1165 2919 1438 2988 δεσπόζει,
1467 2923 1562 2976 καὶ
1591 2923 1925 2992 δεσποτικῶς

347 3005 447 3074 τὴν
484 3006 793 3080 ἐλευθερίαν
826 3003 907 3073 οἷς
943 3009 1120 3071 ἐθέλει
1152 3010 1473 3083 χαρίζεται·
1502 3012 1583 3067 διδ
1618 3014 1711 3067 καὶ⁸
1756 3015 1784 3066 6
1821 3031 1924 3085 μοι-

350 3097 539 3166 κάριος
578 3096 680 3169 ἐφη
711 3099 940 3166 Παῦλος,
975 3101 1056 3159 ὅτι
1087 3121 1103 3154 t
1134 3102 1317 3159 Πάντα
1340 3104 1513 3157 ταῦτα
1536 3104 1749 3178 ἐνεργεῖ
1776 3105 1836 3157 τὸ
1865 3104 1922 3157 ἓν

350 3189 446 3241 καὶ
486 3188 549 3242 τὸ
597 3190 727 3243 αὐτὸ
777 3192 1021 3266 Πνεῦμα,
1064 3194 1306 3271 διαιροῦν
1355 3196 1463 3273 ἰδίᾳ
1493 3198 1705 3268 ἑκάστῳ
1745 3196 1923 3262 καθὼς

348 3279 620 3349 βούλεται.
658 3299 678 3334 s
713 3282 804 3336 Διὺ
835 3285 927 3343 καὶ
973 3287 1001 3338 6
1050 3288 1338 3362 προφήτης
1380 3289 1439 3342 ἐν
1465 3290 1530 3360 τῇ
1579 3288 1790 3360 Παλαιᾷ
1826 3288 1926 3362 τὴν

346 3374 599 3441 ἐξουσίαν
627 3375 789 3430 αὑτοῦ
836 3377 1119 3451 κηρύττων
1157 3380 1288 3433 ἐϐόα
1308 3396 1323 3411 ο
1361 3400 1378 3431 ι
1405 3379 1609 3451 Κύριος
1639 3380 1925 3435 ἀπέστειλέ

349 3483 443 3539 με,
477 3467 653 3521 καὶτὸ
682 3468 909 3542 Πνεῦμα
939 3468 1125 3525 αὐτοῦ.
1156 3489 1175 3523 ι
1202 3472 1312 3532 Καὶ
1334 3474 1363 3526 6
1387 3471 1522 3538 Θεὸς
1548 3473 1794 3543 ἐγκαλῶν
1813 3476 1926 3538 τοῖς

360 3558 651 3625 Ἰουδαίοις
665 3578 684 3614 ι
708 3560 1046 3634 Ἐποιήσατο,
1066 3563 1220 3639 φησὶ,
1240 3563 1455 3636 βουλὴν,
1477 3565 1571 3619 κα)⁵
1593 3566 1654 3626 οὐ
1676 3565 1742 3621 δι’
1764 3564 1920 3636 ἐμοῦ,

346 3651 442 3701 καὶ
475 3648 742 3721 συνθήκας
762 3650 821 3705 οὐ
847 3650 936 3705 διὰ
966 3650 1059 3705 τοῦ
1088 3652 1405 3724 Πνεύματός
1435 3672 1540 3725 μου
1558 3673 1572 3686 ο
1604 3674 1627 3709 s
1668 3654 1922 3710 κοινωνὸν

344 3738 447 3808 τῆς
484 3739 801 3805 δεσποτείας
852 3741 1067 3807 δεικνὺς
1108 3742 1171 3797 τδ
1208 3743 1431 3816 Πνεῦμα
1468 3746 1530 3800 τὸ
1575 3748 1749 3817 ἅγιον.
1803 3746 1917 3801 Καὶ

347 3831 643 3904 ἑτέρωθεν·
682 3853 701 3886 ι
722 3832 834 3897 Διὸ,
871 3834 1055 3907 φησὶν,
1084 3836 1195 3905 ἐγὼ
1234 3838 1356 3907 μεθ’
1382 3835 1537 3910 ὑμῶν
1565 3839 1703 3910 εἰμι,
1735 3838 1830 3894 καὶ
1860 3838 1921 3894 τὺ

343 3923 573 3995 Πνεῦμά
602 3943 702 3996 μου
732 3928 1032 3999 ἐφέστηκεν
1059 3930 1118 3983 ἐν
1151 3928 1301 4000 μέσῳ
1338 3929 1512 4001 ὑμῶν.
1539 3947 1558 3980 ι

536 4035 665 4088 KB'.
698 4035 827 4091 Ὅτι
854 4035 1217 4107 δημιουργὸς
1242 4040 1275 4092 ὁ
1304 4036 1719 4108 Παρὰκλητος.

412 4145 524 4198 Kal.
558 4147 587 4199 6
617 4144 736 4199 ’1ὼὸ
770 4147 1098 4220 δημιουργὸν
1132 4148 1263 4204 αὐτὸ
1289 4150 1384 4204 καὶ
1420 4149 1740 4205 δεσποτικὸν
1769 4144 1911 4205 εἶναι

340 4237 652 4302 πιστεύων,
716 4236 829 4291 ἀλλ’
890 4240 987 4311 οὐχ
1046 4240 1421 4311 ὑπουργικὸν,
1484 4239 1606 4294 οὑδέ
1663 4239 1911 4311 ποίημα·

345 4353 363 4382 ι
391 4329 615 4401 Πνεῦμα
642 4330 802 4397 θεῖον,
828 4332 1010 4401 φησὶν,
1035 4331 1098 4385 τὸ
1134 4332 1361 4402 ποιῆσάν
1387 4349 1477 4403 με,
1509 4330 1646 4403 πνοὴ
1685 4330 1741 4385 δὲ
1774 4348 1913 4386 παν-

2032 1903 2127 1958 sed
2158 1906 2467 1976 accepimus
2489 1911 2737 1979 spiritum
2768 1915 3075 1985 adoptionis
3114 1918 3167 1973 in
3202 1920 3362 1987 Iilios,
3414 1923 3467 1977 in
3508 1939 3615 1994 quo

2031 1992 2345 2064 clamamus,
2375 1999 2526 2056 Abba
2557 2000 2720 2058 Pater
2743 2005 2810 2059 “.
2843 2025 2862 2058 ι
2904 2007 2968 2062 Et
2988 2008 3094 2064 alio
3126 2009 3281 2067 loco:
3314 2031 3333 2063 ι
3361 2012 3496 2067 Nam
3524 1992 3613 2069 lex

2031 2085 2255 2154 spiritus
2291 2088 2413 2146 vitae
2446 2091 2714 2151 liberavit
2768 2111 2854 2154 me
2897 2113 2925 2153 a
2976 2098 3093 2171 lege
3138 2103 3348 2172 peccati
3377 2113 3432 2158 et
3462 2120 3612 2159 mor-

2034 2176 2102 2231 tis
2123 2178 2188 2231 ".
2226 2196 2244 2230 ι
2284 2179 2350 2235 Et
2380 2182 2508 2239 alibi
2552 2203 2565 2240 :
2612 2205 2632 2237 ι
2671 2186 2933 2246 Dominus
2978 2202 3156 2248 autem
3203 2193 3440 2264 Spiritus
3479 2207 3559 2251 est
3593 2218 3605 2253 :

2035 2268 2125 2323 ubi
2162 2278 2342 2325 autem
2379 2272 2615 2344 Spiritus
2656 2277 2893 2348 Domini,
2947 2280 3019 2336 ibi
3078 2283 3301 2340 libertas
3343 2287 3408 2340 ⁸³.
3448 2306 3465 2339 ι
3510 2288 3609 2355 Qui

2031 2366 2211 2415 autem
2242 2362 2378 2420 alios
2416 2365 2631 2435 liberat,
2679 2369 2726 2425 is
2765 2387 2870 2427 non
2929 2376 3120 2432 servit.
3163 2376 3267 2445 Qui
3308 2378 3453 2434 enim
3493 2381 3610 2435 ﬁeri

2028 2463 2213 2542 posset
2243 2464 2301 2508 ut
2337 2459 2615 2517 conservis
2643 2460 2795 2518 daret
2819 2479 2939 2535 qua:
2971 2467 3086 2536 ipse
3110 2483 3216 2523 non
3253 2470 3434 2536 habet,
3458 2470 3607 2542 quod

2029 2540 2144 2610 ipse
2198 2548 2455 2616 consequi
2503 2564 2611 2604 non
2656 2553 2824 2620 valet,
2863 2570 2971 2625 quo
3015 2558 3176 2612 vellet
3211 2561 3426 2629 quidem
3475 2540 3606 2627 irui,

2028 2632 2103 2687 uti
2150 2648 2249 2702 par
2275 2645 2381 2702 est,
2417 2655 2594 2709 neque
2632 2651 2812 2699 tamen
2859 2646 3081 2715 posset?
3127 2649 3280 2716 Quod
3328 2653 3373 2705 si
3421 2668 3607 2708 revera

2027 2726 2377 2783 credentibus
2408 2730 2713 2788 libertatem
2746 2738 3133 2805 communicat,
3162 2750 3216 2795 et
3250 2757 3433 2799 servos
3460 2744 3602 2799 libe-

2026 2824 2129 2880 rat,
2163 2832 2269 2873 non
2320 2822 2508 2891 utique
2545 2825 2660 2894 ipse
2711 2829 2900 2895 servit,
2943 2831 3038 2886 sed
3083 2833 3411 2902 dominatur,
3444 2836 3608 2893 liber-

2026 2911 2298 2977 tatemque
2345 2926 2442 2981 pro
2478 2928 2574 2967 sua
2617 2924 2885 2985 potestate
2926 2920 3125 2989 quibus
3177 2924 3290 2978 vult
3336 2924 3586 2997 largitur.

2026 2992 2209 3060 Quare
2242 3004 2296 3051 et
2326 2998 2517 3055 beatus
2544 3001 2742 3059 Paulus
2772 3006 2847 3060 ait
2876 3026 2888 3062 :
2920 3024 2939 3060 t
2974 3007 3166 3065 Omnia
3189 2992 3446 3094 operatur
3472 3031 3610 3071 unus

2035 3094 2198 3154 atque
2225 3087 2364 3145 idem
2396 3090 2652 3163 Spiritus,
2688 3096 2935 3153 dividens
2960 3100 3189 3172 singulis
3218 3087 3543 3173 prout'vult.
3584 3128 3605 3162 ο

2032 3177 2392 3272 Quamobrem
2435 3193 2490 3239 et
2524 3186 2789 3257 propheta
2817 3189 2871 3244 in
2904 3189 3101 3248 Vetere
3130 3194 3479 3253 Testamento
3510 3217 3609 3272 p0-

2028 3267 2258 3324 tentiam
2294 3269 2439 3328 illius
2464 3277 2767 3343 praedicans
2800 3279 3072 3338 clamabat
3103 3301 3118 3338 :
3152 3300 3172 3336 ι
3215 3286 3473 3344 Dominus
3506 3267 3606 3347 ini-

2032 3358 2105 3413 sit
2132 3372 2302 3451 meet
2328 3361 2565 3433 Spiritus
2596 3366 2711 3435 ejus
2737 3369 2806 3426 “.
2844 3390 2866 3425 ›
2898 3372 2968 3428 Et
3013 3372 3275 3435 Dominus
3310 3382 3605 3451 reprehen-

2037 3448 2174 3506 dens
2206 3449 2458 3510 Judaos:
2495 3475 2516 3510 ι
2554 3456 2876 3527 Consilium,
2898 3463 3091 3535 inquit,
3118 3468 3261 3535 iniit,
3287 3479 3341 3524 et
3375 3448 3484 3526 non
3507 3488 3605 3542 per

2023 3554 2148 3607 me;
2207 3551 2264 3599 et
2334 3549 2724 3608 eouventiones
2752 3591 2769 3619 ,
2828 3554 2923 3611 sed
2996 3571 3102 3612 non
3168 3573 3268 3628 per
3340 3559 3600 3632 Spiritum

2037 3648 2217 3690 meum
2244 3637 2333 3707 ἐς
2366 3657 2386 3692 ο
2420 3642 2736 3715 participem
2776 3646 2852 3701 ita
2902 3649 3282 3710 demonstrans
3319 3656 3603 3724 potestatis

2021 3736 2274 3784 sanctum
2314 3729 2600 3802 Spiritum.
2647 3735 2715 3793 Et
2765 3738 3001 3810 denique
3037 3742 3211 3800 alibi:
3259 3764 3279 3799 ι
3336 3746 3478 3814 Ideo,
3516 3751 3600 3805 in-

2020 3820 2159 3889 quit,
2184 3835 2287 3893 ego
2321 3825 2603 3882 vobiscum
2639 3845 2781 3895 sum,
2816 3842 2868 3886 et
2904 3833 3142 3902 Spiritus
3190 3852 3344 3896 meus
3388 3839 3445 3895 iu
3485 3856 3598 3896 me-

2019 3911 2110 3965 dio
2144 3922 2385 3968 vestrum
2418 3917 2574 3971 stetit
2604 3917 2674 3972 ⁸⁶.
2711 3937 2731 3971 ι

2268 4017 2434 4077 XXII.
2470 4021 2627 4089 Quod
2656 4024 2980 4085 Paraclctus
3014 4032 3084 4087 sit
3121 4045 3345 4093 creator.

2085 4131 2253 4191 Jobus
2282 4150 2499 4207 quoque
2520 4148 2827 4196 creatorem
2858 4142 3254 4218 Dominumque
3277 4150 3449 4221 ipsum
3479 4155 3598 4224 Spi-

2017 4226 2179 4282 ritum
2237 4230 2488 4296 credens,
2534 4246 2643 4288 nou
2692 4234 3002 4292 ministrum
3049 4254 3223 4310 neque
3263 4254 3587 4315 creaturam,

2023 4335 2043 4371 ι
2075 4317 2313 4390 Spiritus
2344 4321 2585 4389 divinus,
2633 4325 2831 4397 inquit,
2863 4328 2956 4399 qui
3002 4329 3133 4387 fecit
3182 4349 3291 4399 me,
3327 4346 3383 4392 et
3416 4339 3590 4406 spira-

335 4420 669 4490 τοκράτορος
695 4420 1070 4492 ήδιδάσκουσά
1097 4440 1185 4493 με.
1226 4441 1246 4473 ›
1276 4423 1339 4477 El
1360 4422 1417 4476 δὲ
1439 4422 1539 4493 τὴν
1565 4422 1912 4494 ἀνθρωπίνην

2033 4425 2140 4468 neu
2171 4413 2564 4484 omnipotentis
2604 4417 2751 4490 quod
2780 4419 2961 4477 erudit
2990 4438 3079 4479 me
3104 4424 3173 4481 ⁵⁷.
3212 4445 3231 4480 ι
3271 4426 3390 4485 Jam
3425 4433 3469 4486 si
3494 4433 3591 4488 hu-

334 4483 504 4580 φύσιν
552 4483 969 4584 ἐδημιούργησε,
1008 4483 1110 4585 τὴν
1145 4514 1316 4584 αὐτὴν
1348 4483 1539 4567 οὐσίαν
1579 4483 1692 4585 ἔχει
1740 4483 1914 4585 Πατρὶ

2033 4518 2237 4561 manam
2269 4483 2521 4564 naturam
2552 4511 2784 4577 creavit,
2815 4515 3065 4585 sequitur
3104 4527 3161 4574 ut
3191 4519 3431 4589 ejusdem
3469 4539 3592 4579 cum

334 4602 435 4654 καὶ
467 4601 581 4672 Υίῷ
603 4617 618 4632 ο
652 4604 710 4655 ἐν
734 4603 842 4674 γάρ
874 4606 940 4675 τῇ
979 4602 1074 4659 τοῦ
1103 4603 1393 4676 ἀνθρώπου
1439 4606 1657 4677 ποιήσει
1702 4602 1853 4659 εἶπεν
1882 4606 1911 4658 ὁ

331 4693 470 4756 Θεός
488 4710 503 4725 ο
542 4714 560 4745 ι
592 4695 914 4767 Ποιήσωμεν
937 4696 1222 4768 ἄνθρωπον
1244 4699 1363 4755 κατ’
1398 4698 1583 4753 εἰκόνα
1607 4699 1906 4770 ἡμετέραν,

332 4783 433 4836 καὶ
462 4784 579 4837 καθ’
602 4785 879 4854 ὁμοίωσιν.
917 4781 1051 4840 »Ὧν
1073 4787 1129 4843 δέ
1147 4790 1181 4859 ἡ
1215 4787 1380 4842 εἰκὼν
1415 4782 1536 4860 μία,
1560 4788 1763 4844 τούτων
1810 4789 1907 4858 δη-

335 4874 517 4929 λονότι
554 4876 649 4930 καὶ
679 4877 711 4947 ἡ
740 4866 896 4933 οὐσία
933 4877 1053 4948 μία.

502 5077 629 5132 Kl".
667 5077 798 5131 ’Ὁτι
826 5077 896 5132 ἐκ
929 5078 1080 5133 Θεοῦ
1112 5078 1178 5133 τὸ
1214 5079 1453 5148 Πνεῦμα
1481 5080 1547 5132 τὸ
1578 5079 1767 5146 ἅγιον.

407 5188 528 5242 ’Ὁτι
560 5189 616 5242 δέ
653 5190 841 5254 οὐσίας
869 5190 1022 5255 θείας
1053 5192 1287 5264 ὑπάρχει
1316 5192 1375 5245 τὸ
1402 5190 1627 5262 Πνεῦμα
1651 5192 1710 5245 τὸ
1732 5191 1907 5260 ἅγιον,

403 5365 449 5397 ⁸⁸
475 5362 513 5417 lI
536 5364 659 5420 Cor.
688 5381 807 5429 xm,
846 5368 931 5423 13.

406 5590 483 5660 (1)
529 5589 859 5671 Vidcsuapud
890 5591 1149 5671 erilltlnt
1191 5600 1346 5671 recte.
1373 5592 1613 5671 additum
1650 5593 1740 5643 καὶ
1788 5593 1900 5671 Ila:

330 5662 486 5729 τρὸς,
518 5677 637 5728 qua:
672 5662 837 5713 dictio
888 5661 1043 5713 deest
1098 5662 1150 5711 in
1200 5661 1382 5741 multis
1410 5660 1538 5714 Novi
1572 5661 1899 5741 "I‘c'stamenti

330 5731 631 5796 codicibus,
673 5742 730 5787 ct
760 5739 935 5785 tamen
966 5731 1275 5785 necessaria
1302 5732 1392 5799 hic
1420 5742 1497 5785 est
1524 5732 1589 5785 ad
1624 5731 1902 5787 Trinitatis

1036 5366 1080 5398 δ’
1107 5364 1124 5418 I
1155 5367 1279 5421 Cor.
1322 5383 1421 5428 xu,
1451 5367 1566 5421 6-6.
1663 5368 1709 5398 ⁵ο
1736 5367 1863 5421 ibid.
1895 5367 1981 5421 Il.

329 5439 379 5467 '”
412 5437 514 5490 lsa.
544 5452 731 5504 vatn,
766 5438 849 5492 l6.
920 5439 965 5471 ⁵⁵
992 5439 1248 5508 lsa._xxx,
1276 5437 1324 5491 l.
1404 5438 1449 5468 ⁵⁸
1472 5441 1606 5508 Agg.
1629 5452 1688 5503 it,
1719 5438 1770 5492 6.
1844 5439 1924 5492 '7.

2055 5453 2225 5497 xxx".
2257 5437 2312 5492 8.

2018 4592 2181 4653 Patre
2212 4612 2273 4652 ac
2296 4598 2436 4654 Filio
2461 4600 2785 4658 substantiae
2837 4604 2932 4661 sit.
2970 4605 3214 4677 Namque
3254 4611 3309 4665 in
3357 4612 3591 4669 hominis

2018 4691 2304 4745 creatione
2328 4691 2465 4747 dixit
2492 4692 2635 4750 Deus
2660 4712 2676 4750 :
2713 4714 2732 4748 ι
2756 4694 3046 4751 Faciamus
3067 4699 3281 4770 701m
3316 4701 3587 4761 hominem

2015 4780 2084 4836 ad
2108 4780 2395 4852 imaginem
2424 4795 2662 4841 nostram
2682 4802 2747 4843 ac
2770 4788 3177 4845 similitudinem
3209 4791 3276 4846 ⁵⁸.
3303 4811 3322 4845 ι
3357 4794 3594 4861 Quorum

2020 4882 2202 4929 autem
2229 4890 2333 4930 una
2375 4886 2459 4932 est
2488 4878 2691 4949 imago,
2725 4895 2912 4936 eorum
2945 4881 3195 4939 videlicet
3234 4898 3338 4938 una
3385 4900 3597 4957 quoque

2018 4965 2318 5022 substantia
2350 4976 2452 5022 est.

2196 5076 2381 5133 XXIII.
2418 5078 2569 5146 Quod
2608 5096 2672 5133 ex
2714 5080 2819 5135 Deo
2846 5083 2913 5136 sit
2950 5080 3179 5150 Spiritus
3215 5096 3449 5138 sanctus.

2091 5191 2245 5257 Quod
2296 5201 2479 5248 autem
2524 5192 2705 5247 divina
2751 5200 2963 5247 constet
3007 5194 3313 5248 substantia
3350 5193 3590 5263 Spiritus

2081 5367 2123 5398 δι
2166 5366 2323 5421 Rom.
2351 5384 2466 5427 vni.
2501 5369 2585 5423 15.
2687 5370 2731 5400 ⁵¹
2769 5369 2895 5423 ibid.
2928 5370 2979 5427 2.
3081 5371 3125 5402 ⁸³
3151 5370 3191 5426 II
3221 5372 3343 5428 Cor.
3377 5390 3458 5429 lli.
3497 5374 3584 5429 I7.

2418 5439 2464 5471 ⁵⁸
2489 5439 2622 5494 Gen.
2652 5456 2690 5504 ι,
2730 5440 2819 5494 26.

2012 5591 2221 5661 plenam
2264 5595 2748 5649 enumerationem.

2080 5661 2154 5728 (ιι)
2197 5661 2271 5715 Ita
2312 5664 2477 5742 codex
2508 5665 2773 5737 διανέμει,
2808 5667 2922 5724 sine
2954 5669 3062 5725 ulla
3091 5678 3248 5728 antea
3283 5674 3362 5730 vel
3402 5684 3586 5745 postea

2012 5733 2461 5799 intcrpunctionc.
