  <div class='ocr_page' id='page_1' title='image "/cluster/home/n/w/nwhite01/storage/ocr_20150623/75/mdp.39015078384495/598.png"; bbox 0 0 4078 6264; ppageno 0'>
   <div class='ocr_carea' id='block_1_1' title="bbox 297 361 430 415">
    <p class='ocr_par' dir='ltr' id='par_1_1' title="bbox 297 361 430 415">
     <span class='ocr_line' id='line_1_1' title="bbox 297 361 430 415; baseline -0.038 0"><span class='ocrx_word' id='word_1_1' title='bbox 297 361 430 415; x_wconf 81' lang='grc'><strong>1181</strong></span> 
     </span>
    </p>
   </div>
   <div class='ocr_carea' id='block_1_2' title="bbox 1631 359 2150 416">
    <p class='ocr_par' dir='ltr' id='par_1_2' title="bbox 1631 359 2150 416">
     <span class='ocr_line' id='line_1_2' title="bbox 1631 359 2150 416; baseline -0.002 0"><span class='ocrx_word' id='word_1_2' title='bbox 1631 359 1718 416; x_wconf 86' lang='lat' dir='ltr'><strong>DE</strong></span> <span class='ocrx_word' id='word_1_3' title='bbox 1757 359 2150 416; x_wconf 75' lang='lat' dir='ltr'><strong>TRINITATE.</strong></span> 
     </span>
    </p>
   </div>
   <div class='ocr_carea' id='block_1_3' title="bbox 3417 361 3558 416">
    <p class='ocr_par' dir='ltr' id='par_1_3' title="bbox 3417 361 3558 416">
     <span class='ocr_line' id='line_1_3' title="bbox 3417 361 3558 416; baseline -0.007 0"><span class='ocrx_word' id='word_1_4' title='bbox 3417 361 3558 416; x_wconf 66' lang='grc'><strong>1182</strong></span> 
     </span>
    </p>
   </div>
   <div class='ocr_carea' id='block_1_4' title="bbox 295 449 1875 551">
    <p class='ocr_par' dir='ltr' id='par_1_4' title="bbox 295 476 1864 551">
     <span class='ocr_line' id='line_1_4' title="bbox 295 476 1864 551; baseline -0.001 -18"><span class='ocrx_word' id='word_1_5' title='bbox 295 476 602 550; x_wconf 79' lang='grc' dir='ltr'>Κυρίου,δς</span> <span class='ocrx_word' id='word_1_6' title='bbox 627 476 956 546; x_wconf 73' lang='grc' dir='ltr'>σομδιὸάσει</span> <span class='ocrx_word' id='word_1_7' title='bbox 984 477 1453 550; x_wconf 68' lang='grc' dir='ltr'>αὐτόν;Ἦμεῖςδὶ</span> <span class='ocrx_word' id='word_1_8' title='bbox 1479 479 1604 532; x_wconf 93' lang='grc' dir='ltr'>νοῦν</span> <span class='ocrx_word' id='word_1_9' title='bbox 1629 479 1864 551; x_wconf 78' lang='grc' dir='ltr'><strong>Χριστοῦ</strong></span> 
     </span>
    </p>
   </div>
   <div class='ocr_carea' id='block_1_5' title="bbox 1976 449 3576 551">
    <p class='ocr_par' dir='ltr' id='par_1_5' title="bbox 1976 449 3576 550">
     <span class='ocr_line' id='line_1_5' title="bbox 1976 449 3576 550; baseline 0 -14"><span class='ocrx_word' id='word_1_10' title='bbox 1976 479 2232 536; x_wconf 76' lang='lat' dir='ltr'><strong>habemus</strong></span> <span class='ocrx_word' id='word_1_11' title='bbox 2273 478 2337 536; x_wconf 84' lang='lat'><strong>“.</strong></span> <span class='ocrx_word' id='word_1_12' title='bbox 2391 499 2412 533; x_wconf 72' lang='grc' dir='ltr'><strong>ι</strong></span> <span class='ocrx_word' id='word_1_13' title='bbox 2471 478 2606 534; x_wconf 88' lang='lat' dir='ltr'><strong>Dum</strong></span> <span class='ocrx_word' id='word_1_14' title='bbox 2653 477 2731 534; x_wconf 73' lang='lat' dir='ltr'><strong>ait</strong></span> <span class='ocrx_word' id='word_1_15' title='bbox 2787 477 3009 548; x_wconf 85' lang='lat' dir='ltr'><strong>itaque:</strong></span> <span class='ocrx_word' id='word_1_16' title='bbox 3063 496 3082 530; x_wconf 85' lang='grc' dir='ltr'><strong>ι</strong></span> <span class='ocrx_word' id='word_1_17' title='bbox 3145 475 3255 534; x_wconf 81' lang='lat' dir='ltr'><strong>Nos</strong></span> <span class='ocrx_word' id='word_1_18' title='bbox 3303 449 3576 550; x_wconf 47' lang='lat' dir='ltr'><strong>spiritum‘.</strong></span> 
     </span>
    </p>
   </div>
   <div class='ocr_carea' id='block_1_6' title="bbox 293 563 1866 642">
    <p class='ocr_par' dir='ltr' id='par_1_6' title="bbox 293 563 1866 642">
     <span class='ocr_line' id='line_1_6' title="bbox 293 563 1866 642; baseline 0.001 -20"><span class='ocrx_word' id='word_1_19' title='bbox 293 569 514 640; x_wconf 77' lang='grc' dir='ltr'>ἔχομεν.</span> <span class='ocrx_word' id='word_1_20' title='bbox 559 587 576 619; x_wconf 76' lang='grc' dir='ltr'><strong>ι</strong></span> <span class='ocrx_word' id='word_1_21' title='bbox 615 563 824 620; x_wconf 86' lang='grc' dir='ltr'>Οὐκοῦν</span> <span class='ocrx_word' id='word_1_22' title='bbox 849 567 928 637; x_wconf 81' lang='grc' dir='ltr'>τῷ</span> <span class='ocrx_word' id='word_1_23' title='bbox 947 570 1122 622; x_wconf 79' lang='grc' dir='ltr'>είπεῖν</span> <span class='ocrx_word' id='word_1_24' title='bbox 1154 570 1238 622; x_wconf 83' lang='grc' dir='ltr'>ὅτι</span> <span class='ocrx_word' id='word_1_25' title='bbox 1270 591 1288 622; x_wconf 81' lang='grc' dir='ltr'><strong>ι</strong></span> <span class='ocrx_word' id='word_1_26' title='bbox 1321 571 1398 623; x_wconf 78' lang='grc' dir='ltr'><strong>Οὐ</strong></span> <span class='ocrx_word' id='word_1_27' title='bbox 1425 571 1486 622; x_wconf 83' lang='grc' dir='ltr'>τὸ</span> <span class='ocrx_word' id='word_1_28' title='bbox 1525 570 1744 642; x_wconf 83' lang='grc' dir='ltr'>πνεῦμα</span> <span class='ocrx_word' id='word_1_29' title='bbox 1771 569 1866 624; x_wconf 92' lang='grc' dir='ltr'><strong>τοῦ</strong></span> 
     </span>
    </p>
   </div>
   <div class='ocr_carea' id='block_1_7' title="bbox 293 663 1863 737">
    <p class='ocr_par' dir='ltr' id='par_1_7' title="bbox 293 663 1863 737">
     <span class='ocr_line' id='line_1_7' title="bbox 293 663 1863 737; baseline -0.001 -17"><span class='ocrx_word' id='word_1_30' title='bbox 293 669 502 737; x_wconf 85' lang='grc' dir='ltr'>κόσμου</span> <span class='ocrx_word' id='word_1_31' title='bbox 535 663 822 734; x_wconf 69' lang='grc' dir='ltr'>ἐλάϐομεν,</span> <span class='ocrx_word' id='word_1_32' title='bbox 847 664 982 717; x_wconf 80' lang='grc' dir='ltr'><strong>ἀλλὰ</strong></span> <span class='ocrx_word' id='word_1_33' title='bbox 1013 665 1074 717; x_wconf 68' lang='lat' dir='ltr'><strong>to</strong></span> <span class='ocrx_word' id='word_1_34' title='bbox 1109 665 1335 736; x_wconf 80' lang='grc' dir='ltr'><strong>Πνεῦμα</strong></span> <span class='ocrx_word' id='word_1_35' title='bbox 1361 666 1422 719; x_wconf 83' lang='grc' dir='ltr'><strong>τδ</strong></span> <span class='ocrx_word' id='word_1_36' title='bbox 1443 667 1508 720; x_wconf 82' lang='grc' dir='ltr'>ὲκ</span> <span class='ocrx_word' id='word_1_37' title='bbox 1530 666 1622 720; x_wconf 89' lang='grc' dir='ltr'><strong>τοῦ</strong></span> <span class='ocrx_word' id='word_1_38' title='bbox 1655 665 1814 732; x_wconf 84' lang='grc' dir='ltr'>Θεοῦ,</span> <span class='ocrx_word' id='word_1_39' title='bbox 1843 685 1863 719; x_wconf 74' lang='grc' dir='ltr'><strong>ι</strong></span> 
     </span>
    </p>
   </div>
   <div class='ocr_carea' id='block_1_8' title="bbox 293 756 1870 829">
    <p class='ocr_par' dir='ltr' id='par_1_8' title="bbox 293 756 1870 829">
     <span class='ocr_line' id='line_1_8' title="bbox 293 756 1870 829; baseline 0.001 -17"><span class='ocrx_word' id='word_1_40' title='bbox 293 757 532 824; x_wconf 74' lang='grc' dir='ltr'>ἐδίδαξεν</span> <span class='ocrx_word' id='word_1_41' title='bbox 575 759 674 828; x_wconf 79' lang='grc' dir='ltr'>οὐχ</span> <span class='ocrx_word' id='word_1_42' title='bbox 704 757 966 828; x_wconf 78' lang='grc' dir='ltr'><strong>ὁμογενὲς</strong></span> <span class='ocrx_word' id='word_1_43' title='bbox 989 757 1064 827; x_wconf 84' lang='grc'><strong>(1)</strong></span> <span class='ocrx_word' id='word_1_44' title='bbox 1087 756 1164 828; x_wconf 84' lang='grc' dir='ltr'>τῷ</span> <span class='ocrx_word' id='word_1_45' title='bbox 1193 759 1404 828; x_wconf 85' lang='grc' dir='ltr'>κόσμῳ,</span> <span class='ocrx_word' id='word_1_46' title='bbox 1439 759 1572 813; x_wconf 76' lang='grc' dir='ltr'><strong>ἀλλὰ</strong></span> <span class='ocrx_word' id='word_1_47' title='bbox 1589 760 1690 829; x_wconf 78' lang='grc' dir='ltr'>τῆς</span> <span class='ocrx_word' id='word_1_48' title='bbox 1721 760 1870 824; x_wconf 84' lang='grc' dir='ltr'>θείας</span> 
     </span>
    </p>
   </div>
   <div class='ocr_carea' id='block_1_9' title="bbox 293 832 1869 923">
    <p class='ocr_par' dir='ltr' id='par_1_9' title="bbox 293 832 1869 923">
     <span class='ocr_line' id='line_1_9' title="bbox 293 832 1869 923; baseline 0 -19"><span class='ocrx_word' id='word_1_49' title='bbox 293 851 540 920; x_wconf 78' lang='grc' dir='ltr'>ὑπάρχον</span> <span class='ocrx_word' id='word_1_50' title='bbox 602 849 792 914; x_wconf 80' lang='grc' dir='ltr'>οὐσίας</span> <span class='ocrx_word' id='word_1_51' title='bbox 836 848 900 902; x_wconf 79' lang='grc' dir='ltr'>τὸ</span> <span class='ocrx_word' id='word_1_52' title='bbox 947 848 1172 919; x_wconf 79' lang='grc' dir='ltr'><strong>Πνεῦμα</strong></span> <span class='ocrx_word' id='word_1_53' title='bbox 1236 848 1297 902; x_wconf 84' lang='grc' dir='ltr'><strong>τδ</strong></span> <span class='ocrx_word' id='word_1_54' title='bbox 1345 832 1684 918; x_wconf 45' lang='grc' dir='ltr'>ἅγιονίΚαὶ</span> <span class='ocrx_word' id='word_1_55' title='bbox 1733 835 1869 923; x_wconf 74' lang='grc' dir='ltr'>πρδς</span> 
     </span>
    </p>
   </div>
   <div class='ocr_carea' id='block_1_10' title="bbox 293 939 1868 1014">
    <p class='ocr_par' dir='ltr' id='par_1_10' title="bbox 293 939 1868 1014">
     <span class='ocr_line' id='line_1_10' title="bbox 293 939 1868 1014; baseline 0 -18"><span class='ocrx_word' id='word_1_56' title='bbox 293 942 468 1012; x_wconf 80' lang='grc' dir='ltr'>τούτῳ</span> <span class='ocrx_word' id='word_1_57' title='bbox 515 940 773 1006; x_wconf 71' lang='grc' dir='ltr'>ἐδίδαξεν,</span> <span class='ocrx_word' id='word_1_58' title='bbox 809 941 886 1003; x_wconf 85' lang='grc' dir='ltr'><strong>ὡς</strong></span> <span class='ocrx_word' id='word_1_59' title='bbox 929 941 990 993; x_wconf 85' lang='grc' dir='ltr'>οὐ</span> <span class='ocrx_word' id='word_1_60' title='bbox 1026 941 1278 1011; x_wconf 81' lang='grc' dir='ltr'>περὶτοῦ</span> <span class='ocrx_word' id='word_1_61' title='bbox 1323 939 1460 994; x_wconf 85' lang='grc' dir='ltr'>Θεοῦ</span> <span class='ocrx_word' id='word_1_62' title='bbox 1509 941 1602 995; x_wconf 76' lang='grc' dir='ltr'>καὶ</span> <span class='ocrx_word' id='word_1_63' title='bbox 1653 941 1868 1014; x_wconf 72' lang='grc' dir='ltr'>Πατρός</span> 
     </span>
    </p>
   </div>
   <div class='ocr_carea' id='block_1_11' title="bbox 293 1033 1868 1108">
    <p class='ocr_par' dir='ltr' id='par_1_11' title="bbox 293 1033 1868 1108">
     <span class='ocr_line' id='line_1_11' title="bbox 293 1033 1868 1108; baseline 0.003 -20"><span class='ocrx_word' id='word_1_64' title='bbox 293 1035 408 1106; x_wconf 73' lang='grc' dir='ltr'>ἔχει</span> <span class='ocrx_word' id='word_1_65' title='bbox 441 1033 534 1088; x_wconf 70' lang='grc' dir='ltr'>τὸν</span> <span class='ocrx_word' id='word_1_66' title='bbox 566 1034 760 1102; x_wconf 80' lang='grc' dir='ltr'><strong>Λόγον,</strong></span> <span class='ocrx_word' id='word_1_67' title='bbox 788 1033 926 1089; x_wconf 75' lang='grc' dir='ltr'><strong>ἀλλὰ</strong></span> <span class='ocrx_word' id='word_1_68' title='bbox 949 1035 1080 1104; x_wconf 63' lang='grc' dir='ltr'><strong>ιιιιερὶ⁸</strong></span> <span class='ocrx_word' id='word_1_69' title='bbox 1106 1033 1198 1087; x_wconf 89' lang='grc' dir='ltr'><strong>τοῦ</strong></span> <span class='ocrx_word' id='word_1_70' title='bbox 1231 1036 1388 1104; x_wconf 81' lang='grc' dir='ltr'><strong>ἁγίου</strong></span> <span class='ocrx_word' id='word_1_71' title='bbox 1435 1036 1772 1108; x_wconf 86' lang='grc' dir='ltr'>Πνεύματος,</span> <span class='ocrx_word' id='word_1_72' title='bbox 1808 1033 1868 1093; x_wconf 81' lang='grc' dir='ltr'>οῦ</span> 
     </span>
    </p>
   </div>
   <div class='ocr_carea' id='block_1_12' title="bbox 294 1123 1872 1197">
    <p class='ocr_par' dir='ltr' id='par_1_12' title="bbox 294 1123 1872 1197">
     <span class='ocr_line' id='line_1_12' title="bbox 294 1123 1872 1197; baseline 0.004 -19"><span class='ocrx_word' id='word_1_73' title='bbox 294 1127 394 1196; x_wconf 77' lang='grc' dir='ltr'>τὴν</span> <span class='ocrx_word' id='word_1_74' title='bbox 430 1127 588 1197; x_wconf 88' lang='grc' dir='ltr'>χάριν</span> <span class='ocrx_word' id='word_1_75' title='bbox 617 1123 986 1196; x_wconf 76' lang='grc' dir='ltr'>λαμϐάνουσιν</span> <span class='ocrx_word' id='word_1_76' title='bbox 1007 1126 1058 1179; x_wconf 81' lang='lat' dir='ltr'><strong>oi</strong></span> <span class='ocrx_word' id='word_1_77' title='bbox 1086 1127 1453 1191; x_wconf 77' lang='grc' dir='ltr'><strong>πιστεύοντες.</strong></span> <span class='ocrx_word' id='word_1_78' title='bbox 1493 1129 1586 1182; x_wconf 82' lang='grc' dir='ltr'><strong>Διὸ</strong></span> <span class='ocrx_word' id='word_1_79' title='bbox 1613 1130 1674 1184; x_wconf 81' lang='grc' dir='ltr'>τὸ</span> <span class='ocrx_word' id='word_1_80' title='bbox 1701 1132 1872 1185; x_wconf 82' lang='grc' dir='ltr'>Πνεῦ-</span> 
     </span>
    </p>
   </div>
   <div class='ocr_carea' id='block_1_13' title="bbox 300 1209 1872 1292">
    <p class='ocr_par' dir='ltr' id='par_1_13' title="bbox 300 1209 1872 1292">
     <span class='ocr_line' id='line_1_13' title="bbox 300 1209 1872 1292; baseline 0.003 -24"><span class='ocrx_word' id='word_1_81' title='bbox 300 1233 376 1286; x_wconf 91' lang='grc' dir='ltr'><strong>μα</strong></span> <span class='ocrx_word' id='word_1_82' title='bbox 403 1209 524 1270; x_wconf 74' lang='grc' dir='ltr'>εἷπε</span> <span class='ocrx_word' id='word_1_83' title='bbox 554 1215 614 1268; x_wconf 82' lang='grc' dir='ltr'>τὸ</span> <span class='ocrx_word' id='word_1_84' title='bbox 632 1217 698 1269; x_wconf 78' lang='grc' dir='ltr'>ὲκ</span> <span class='ocrx_word' id='word_1_85' title='bbox 717 1215 814 1268; x_wconf 86' lang='grc' dir='ltr'><strong>τοῦ</strong></span> <span class='ocrx_word' id='word_1_86' title='bbox 847 1215 1005 1280; x_wconf 84' lang='grc' dir='ltr'>Θεοῦ,</span> <span class='ocrx_word' id='word_1_87' title='bbox 1039 1215 1305 1270; x_wconf 73' lang='grc' dir='ltr'><strong>διδάσκων</strong></span> <span class='ocrx_word' id='word_1_88' title='bbox 1339 1217 1417 1280; x_wconf 84' lang='grc' dir='ltr'>ὡς</span> <span class='ocrx_word' id='word_1_89' title='bbox 1452 1219 1516 1272; x_wconf 73' lang='grc' dir='ltr'>ἐκ</span> <span class='ocrx_word' id='word_1_90' title='bbox 1534 1219 1628 1272; x_wconf 90' lang='grc' dir='ltr'><strong>τοῦ</strong></span> <span class='ocrx_word' id='word_1_91' title='bbox 1659 1219 1872 1292; x_wconf 76' lang='grc' dir='ltr'>Πατρός</span> 
     </span>
    </p>
   </div>
   <div class='ocr_carea' id='block_1_14' title="bbox 298 1305 1872 1379">
    <p class='ocr_par' dir='ltr' id='par_1_14' title="bbox 298 1305 1872 1379">
     <span class='ocr_line' id='line_1_14' title="bbox 298 1305 1872 1379; baseline 0.005 -21"><span class='ocrx_word' id='word_1_92' title='bbox 298 1306 412 1376; x_wconf 76' lang='grc' dir='ltr'>ἔχει</span> <span class='ocrx_word' id='word_1_93' title='bbox 450 1305 703 1378; x_wconf 77' lang='grc' dir='ltr'>ὓπαρξιν,</span> <span class='ocrx_word' id='word_1_94' title='bbox 733 1307 994 1377; x_wconf 78' lang='grc' dir='ltr'>κάκείνης</span> <span class='ocrx_word' id='word_1_95' title='bbox 1028 1307 1266 1378; x_wconf 80' lang='grc' dir='ltr'><strong>ὑπάρχει</strong></span> <span class='ocrx_word' id='word_1_96' title='bbox 1305 1309 1406 1379; x_wconf 76' lang='grc' dir='ltr'>τῆς</span> <span class='ocrx_word' id='word_1_97' title='bbox 1439 1308 1678 1378; x_wconf 81' lang='grc' dir='ltr'>φύσεως,</span> <span class='ocrx_word' id='word_1_98' title='bbox 1711 1311 1772 1365; x_wconf 80' lang='grc' dir='ltr'>οὐ</span> <span class='ocrx_word' id='word_1_99' title='bbox 1813 1313 1872 1366; x_wconf 81' lang='grc' dir='ltr'>δὲ</span> 
     </span>
    </p>
   </div>
   <div class='ocr_carea' id='block_1_15' title="bbox 296 1395 1870 1469">
    <p class='ocr_par' dir='ltr' id='par_1_15' title="bbox 296 1395 1870 1469">
     <span class='ocr_line' id='line_1_15' title="bbox 296 1395 1870 1469; baseline 0.006 -19"><span class='ocrx_word' id='word_1_100' title='bbox 296 1397 651 1468; x_wconf 55' lang='grc' dir='ltr'>γενητικῶς,</span> <span class='ocrx_word' id='word_1_101' title='bbox 685 1397 800 1452; x_wconf 81' lang='grc' dir='ltr'><strong>ἀλλ’</strong></span> <span class='ocrx_word' id='word_1_102' title='bbox 837 1399 915 1461; x_wconf 81' lang='grc' dir='ltr'>ὡς</span> <span class='ocrx_word' id='word_1_103' title='bbox 949 1395 1056 1452; x_wconf 73' lang='grc' dir='ltr'>οἶδε</span> <span class='ocrx_word' id='word_1_104' title='bbox 1099 1399 1258 1469; x_wconf 83' lang='grc' dir='ltr'>μόνος</span> <span class='ocrx_word' id='word_1_105' title='bbox 1297 1401 1326 1452; x_wconf 97' lang='lat'><strong>6</strong></span> <span class='ocrx_word' id='word_1_106' title='bbox 1357 1403 1450 1454; x_wconf 83' lang='grc' dir='ltr'>τὸν</span> <span class='ocrx_word' id='word_1_107' title='bbox 1485 1402 1614 1456; x_wconf 66' lang='lat' dir='ltr'><strong>nev</strong></span> <span class='ocrx_word' id='word_1_108' title='bbox 1645 1403 1870 1460; x_wconf 66' lang='grc' dir='ltr'>ἑπιστά-</span> 
     </span>
    </p>
   </div>
   <div class='ocr_carea' id='block_1_16' title="bbox 300 1489 1872 1561">
    <p class='ocr_par' dir='ltr' id='par_1_16' title="bbox 300 1489 1872 1561">
     <span class='ocr_line' id='line_1_16' title="bbox 300 1489 1872 1561; baseline 0.006 -23"><span class='ocrx_word' id='word_1_109' title='bbox 300 1503 482 1556; x_wconf 86' lang='grc' dir='ltr'>μενος,</span> <span class='ocrx_word' id='word_1_110' title='bbox 520 1489 612 1542; x_wconf 76' lang='grc' dir='ltr'>καὶ</span> <span class='ocrx_word' id='word_1_111' title='bbox 655 1490 684 1541; x_wconf 88' lang='lat'><strong>6</strong></span> <span class='ocrx_word' id='word_1_112' title='bbox 714 1489 874 1560; x_wconf 80' lang='grc' dir='ltr'>μόνος</span> <span class='ocrx_word' id='word_1_113' title='bbox 916 1489 1008 1542; x_wconf 80' lang='grc' dir='ltr'>τὸν</span> <span class='ocrx_word' id='word_1_114' title='bbox 1051 1489 1270 1561; x_wconf 74' lang='grc' dir='ltr'>Πατέρα</span> <span class='ocrx_word' id='word_1_115' title='bbox 1309 1490 1616 1560; x_wconf 82' lang='grc' dir='ltr'><strong>γινώσκων,</strong></span> <span class='ocrx_word' id='word_1_116' title='bbox 1670 1494 1765 1548; x_wconf 78' lang='grc' dir='ltr'>καὶ</span> <span class='ocrx_word' id='word_1_117' title='bbox 1807 1495 1872 1548; x_wconf 77' lang='grc' dir='ltr'>τὸ</span> 
     </span>
    </p>
   </div>
   <div class='ocr_carea' id='block_1_17' title="bbox 299 1578 1870 1654">
    <p class='ocr_par' dir='ltr' id='par_1_17' title="bbox 299 1578 1870 1654">
     <span class='ocr_line' id='line_1_17' title="bbox 299 1578 1870 1654; baseline 0.005 -22"><span class='ocrx_word' id='word_1_118' title='bbox 299 1579 464 1648; x_wconf 86' lang='grc' dir='ltr'>μόνον</span> <span class='ocrx_word' id='word_1_119' title='bbox 485 1579 705 1651; x_wconf 79' lang='grc' dir='ltr'><strong>Πατέρα</strong></span> <span class='ocrx_word' id='word_1_120' title='bbox 750 1578 828 1650; x_wconf 69' lang='grc' dir='ltr'><strong>(ε)</strong></span> <span class='ocrx_word' id='word_1_121' title='bbox 870 1581 962 1634; x_wconf 82' lang='grc' dir='ltr'>καὶ</span> <span class='ocrx_word' id='word_1_122' title='bbox 999 1581 1128 1634; x_wconf 81' lang='grc' dir='ltr'>Υίδν</span> <span class='ocrx_word' id='word_1_123' title='bbox 1157 1583 1521 1654; x_wconf 79' lang='grc' dir='ltr'>ἐπιστάμενον</span> <span class='ocrx_word' id='word_1_124' title='bbox 1539 1601 1554 1616; x_wconf 73' lang='grc' dir='ltr'><strong>ο</strong></span> <span class='ocrx_word' id='word_1_125' title='bbox 1587 1585 1616 1640; x_wconf 83' lang='grc' dir='ltr'><strong>δ</strong></span> <span class='ocrx_word' id='word_1_126' title='bbox 1641 1588 1704 1640; x_wconf 65' lang='grc' dir='ltr'>ὲκ</span> <span class='ocrx_word' id='word_1_127' title='bbox 1733 1585 1870 1640; x_wconf 75' lang='grc' dir='ltr'>Θεοῦ</span> 
     </span>
    </p>
   </div>
   <div class='ocr_carea' id='block_1_18' title="bbox 300 1670 1872 1750">
    <p class='ocr_par' dir='ltr' id='par_1_18' title="bbox 300 1670 1872 1750">
     <span class='ocr_line' id='line_1_18' title="bbox 300 1670 1872 1750; baseline 0.008 -30"><span class='ocrx_word' id='word_1_128' title='bbox 300 1671 726 1740; x_wconf 79' lang='grc' dir='ltr'>μεμαθήκαμεν,</span> <span class='ocrx_word' id='word_1_129' title='bbox 757 1670 848 1724; x_wconf 74' lang='grc' dir='ltr'>τὸν</span> <span class='ocrx_word' id='word_1_130' title='bbox 881 1671 940 1724; x_wconf 84' lang='grc' dir='ltr'>δὲ</span> <span class='ocrx_word' id='word_1_131' title='bbox 955 1671 1158 1744; x_wconf 85' lang='grc' dir='ltr'>τρόπον</span> <span class='ocrx_word' id='word_1_132' title='bbox 1187 1673 1287 1727; x_wconf 82' lang='grc' dir='ltr'>οὐκ</span> <span class='ocrx_word' id='word_1_133' title='bbox 1327 1675 1707 1747; x_wconf 81' lang='grc' dir='ltr'>ἐδιδάχθημεν.</span> <span class='ocrx_word' id='word_1_134' title='bbox 1749 1679 1872 1750; x_wconf 81' lang='grc' dir='ltr'><strong>’Δρ-</strong></span> 
     </span>
    </p>
   </div>
   <div class='ocr_carea' id='block_1_19' title="bbox 1967 571 3551 642">
    <p class='ocr_par' dir='ltr' id='par_1_19' title="bbox 1967 571 3551 642">
     <span class='ocr_line' id='line_1_19' title="bbox 1967 571 3551 642; baseline 0.001 -16"><span class='ocrx_word' id='word_1_135' title='bbox 1967 572 2151 628; x_wconf 89' lang='lat' dir='ltr'><strong>mundi</strong></span> <span class='ocrx_word' id='word_1_136' title='bbox 2182 587 2284 626; x_wconf 89' lang='lat' dir='ltr'><strong>non</strong></span> <span class='ocrx_word' id='word_1_137' title='bbox 2305 572 2635 640; x_wconf 81' lang='lat' dir='ltr'><strong>accepimus,</strong></span> <span class='ocrx_word' id='word_1_138' title='bbox 2661 572 2752 628; x_wconf 86' lang='lat' dir='ltr'><strong>sed</strong></span> <span class='ocrx_word' id='word_1_139' title='bbox 2777 573 2867 640; x_wconf 88' lang='lat' dir='ltr'><strong>qui</strong></span> <span class='ocrx_word' id='word_1_140' title='bbox 2896 588 2958 630; x_wconf 81' lang='lat' dir='ltr'><strong>es</strong></span> <span class='ocrx_word' id='word_1_141' title='bbox 2993 571 3103 628; x_wconf 84' lang='lat' dir='ltr'><strong>Deo</strong></span> <span class='ocrx_word' id='word_1_142' title='bbox 3123 571 3502 642; x_wconf 88' lang='lat' dir='ltr'><strong>estSpiritum,</strong></span> <span class='ocrx_word' id='word_1_143' title='bbox 3531 593 3551 628; x_wconf 79' lang='grc' dir='ltr'><strong>ι</strong></span> 
     </span>
    </p>
   </div>
   <div class='ocr_carea' id='block_1_20' title="bbox 1969 661 3554 736">
    <p class='ocr_par' dir='ltr' id='par_1_20' title="bbox 1969 661 3554 736">
     <span class='ocr_line' id='line_1_20' title="bbox 1969 661 3554 736; baseline -0.001 -16"><span class='ocrx_word' id='word_1_144' title='bbox 1969 663 2361 720; x_wconf 83' lang='lat' dir='ltr'><strong>demonstravit</strong></span> <span class='ocrx_word' id='word_1_145' title='bbox 2389 677 2496 718; x_wconf 91' lang='lat' dir='ltr'><strong>non</strong></span> <span class='ocrx_word' id='word_1_146' title='bbox 2539 677 2660 718; x_wconf 87' lang='lat' dir='ltr'><strong>esse</strong></span> <span class='ocrx_word' id='word_1_147' title='bbox 2692 663 2893 718; x_wconf 89' lang='lat' dir='ltr'><strong>mundo</strong></span> <span class='ocrx_word' id='word_1_148' title='bbox 2939 663 3333 736; x_wconf 73' lang='lat' dir='ltr'><strong>bomogeneum</strong></span> <span class='ocrx_word' id='word_1_149' title='bbox 3380 661 3554 734; x_wconf 85' lang='lat' dir='ltr'><strong>Spiri—</strong></span> 
     </span>
    </p>
   </div>
   <div class='ocr_carea' id='block_1_21' title="bbox 1971 751 3556 823">
    <p class='ocr_par' dir='ltr' id='par_1_21' title="bbox 1971 751 3556 823">
     <span class='ocr_line' id='line_1_21' title="bbox 1971 751 3556 823; baseline -0.002 -16"><span class='ocrx_word' id='word_1_150' title='bbox 1971 761 2080 807; x_wconf 92' lang='lat' dir='ltr'><strong>tum</strong></span> <span class='ocrx_word' id='word_1_151' title='bbox 2123 763 2392 818; x_wconf 87' lang='lat' dir='ltr'><strong>sanctum,</strong></span> <span class='ocrx_word' id='word_1_152' title='bbox 2419 751 2513 808; x_wconf 88' lang='lat' dir='ltr'><strong>sed</strong></span> <span class='ocrx_word' id='word_1_153' title='bbox 2545 752 2727 808; x_wconf 79' lang='lat' dir='ltr'><strong>divina</strong></span> <span class='ocrx_word' id='word_1_154' title='bbox 2757 761 2954 808; x_wconf 89' lang='lat' dir='ltr'><strong>natura</strong></span> <span class='ocrx_word' id='word_1_155' title='bbox 2987 752 3298 823; x_wconf 63' lang='lat' dir='ltr'><strong>praeditum.</strong></span> <span class='ocrx_word' id='word_1_156' title='bbox 3332 752 3556 822; x_wconf 87' lang='lat' dir='ltr'><strong>Insuper</strong></span> 
     </span>
    </p>
   </div>
   <div class='ocr_carea' id='block_1_22' title="bbox 1969 842 3552 915">
    <p class='ocr_par' dir='ltr' id='par_1_22' title="bbox 1969 842 3552 915">
     <span class='ocr_line' id='line_1_22' title="bbox 1969 842 3552 915; baseline -0.003 -15"><span class='ocrx_word' id='word_1_157' title='bbox 1969 845 2366 900; x_wconf 84' lang='lat' dir='ltr'><strong>demonstravit</strong></span> <span class='ocrx_word' id='word_1_158' title='bbox 2408 857 2756 915; x_wconf 85' lang='lat' dir='ltr'><strong>nequaquam.</strong></span> <span class='ocrx_word' id='word_1_159' title='bbox 2785 858 2846 900; x_wconf 86' lang='lat' dir='ltr'><strong>se</strong></span> <span class='ocrx_word' id='word_1_160' title='bbox 2899 846 2965 900; x_wconf 89' lang='lat' dir='ltr'><strong>de</strong></span> <span class='ocrx_word' id='word_1_161' title='bbox 3013 847 3124 900; x_wconf 88' lang='lat' dir='ltr'><strong>Deo</strong></span> <span class='ocrx_word' id='word_1_162' title='bbox 3168 843 3330 900; x_wconf 82' lang='lat' dir='ltr'><strong>Patre</strong></span> <span class='ocrx_word' id='word_1_163' title='bbox 3387 842 3552 912; x_wconf 85' lang='lat' dir='ltr'><strong>loqui,</strong></span> 
     </span>
    </p>
   </div>
   <div class='ocr_carea' id='block_1_23' title="bbox 1969 935 3554 1009">
    <p class='ocr_par' dir='ltr' id='par_1_23' title="bbox 1969 935 3554 1009">
     <span class='ocr_line' id='line_1_23' title="bbox 1969 935 3554 1009; baseline -0.003 -16"><span class='ocrx_word' id='word_1_164' title='bbox 1969 939 2064 994; x_wconf 85' lang='lat' dir='ltr'><strong>sed</strong></span> <span class='ocrx_word' id='word_1_165' title='bbox 2117 937 2184 992; x_wconf 88' lang='lat' dir='ltr'><strong>de</strong></span> <span class='ocrx_word' id='word_1_166' title='bbox 2231 945 2422 993; x_wconf 90' lang='lat' dir='ltr'><strong>sancto</strong></span> <span class='ocrx_word' id='word_1_167' title='bbox 2485 937 2728 1008; x_wconf 85' lang='lat' dir='ltr'><strong>Spiritu,</strong></span> <span class='ocrx_word' id='word_1_168' title='bbox 2786 935 2942 1006; x_wconf 83' lang='lat' dir='ltr'><strong>cujus</strong></span> <span class='ocrx_word' id='word_1_169' title='bbox 2989 940 3220 1009; x_wconf 75' lang='lat' dir='ltr'><strong>gratiam</strong></span> <span class='ocrx_word' id='word_1_170' title='bbox 3271 936 3554 991; x_wconf 74' lang='lat' dir='ltr'><strong>credentes</strong></span> 
     </span>
    </p>
   </div>
   <div class='ocr_carea' id='block_1_24' title="bbox 1971 1027 3554 1100">
    <p class='ocr_par' dir='ltr' id='par_1_24' title="bbox 1971 1027 3554 1100">
     <span class='ocr_line' id='line_1_24' title="bbox 1971 1027 3554 1100; baseline 0 -18"><span class='ocrx_word' id='word_1_171' title='bbox 1971 1028 2262 1100; x_wconf 81' lang='lat' dir='ltr'><strong>accipiunt.</strong></span> <span class='ocrx_word' id='word_1_172' title='bbox 2322 1028 2444 1084; x_wconf 90' lang='lat' dir='ltr'><strong>ideo</strong></span> <span class='ocrx_word' id='word_1_173' title='bbox 2477 1038 2534 1084; x_wconf 88' lang='lat' dir='ltr'><strong>et</strong></span> <span class='ocrx_word' id='word_1_174' title='bbox 2573 1029 2712 1086; x_wconf 74' lang='lat' dir='ltr'><strong>dixit</strong></span> <span class='ocrx_word' id='word_1_175' title='bbox 2744 1027 3006 1100; x_wconf 84' lang='lat' dir='ltr'><strong>Spiritum</strong></span> <span class='ocrx_word' id='word_1_176' title='bbox 3044 1029 3136 1100; x_wconf 85' lang='lat' dir='ltr'><strong>qui</strong></span> <span class='ocrx_word' id='word_1_177' title='bbox 3185 1044 3252 1084; x_wconf 82' lang='lat' dir='ltr'><strong>ex</strong></span> <span class='ocrx_word' id='word_1_178' title='bbox 3285 1029 3394 1084; x_wconf 91' lang='lat' dir='ltr'><strong>Deo</strong></span> <span class='ocrx_word' id='word_1_179' title='bbox 3447 1037 3554 1094; x_wconf 88' lang='lat' dir='ltr'><strong>est,</strong></span> 
     </span>
    </p>
   </div>
   <div class='ocr_carea' id='block_1_25' title="bbox 1971 1118 3557 1187">
    <p class='ocr_par' dir='ltr' id='par_1_25' title="bbox 1971 1118 3557 1187">
     <span class='ocr_line' id='line_1_25' title="bbox 1971 1118 3557 1187; baseline -0.001 -11"><span class='ocrx_word' id='word_1_180' title='bbox 1971 1118 2172 1176; x_wconf 86' lang='lat' dir='ltr'><strong>docens</strong></span> <span class='ocrx_word' id='word_1_181' title='bbox 2217 1133 2340 1174; x_wconf 87' lang='lat' dir='ltr'><strong>eum</strong></span> <span class='ocrx_word' id='word_1_182' title='bbox 2371 1135 2400 1174; x_wconf 89' lang='lat' dir='ltr'><strong>a</strong></span> <span class='ocrx_word' id='word_1_183' title='bbox 2427 1119 2587 1174; x_wconf 86' lang='lat' dir='ltr'><strong>Patre</strong></span> <span class='ocrx_word' id='word_1_184' title='bbox 2637 1120 2841 1176; x_wconf 85' lang='lat' dir='ltr'><strong>habere</strong></span> <span class='ocrx_word' id='word_1_185' title='bbox 2883 1120 3292 1187; x_wconf 81' lang='lat' dir='ltr'><strong>exsistentiam,</strong></span> <span class='ocrx_word' id='word_1_186' title='bbox 3319 1129 3376 1174; x_wconf 92' lang='lat' dir='ltr'><strong>et</strong></span> <span class='ocrx_word' id='word_1_187' title='bbox 3413 1118 3557 1174; x_wconf 84' lang='lat' dir='ltr'><strong>illius</strong></span> 
     </span>
    </p>
   </div>
   <div class='ocr_carea' id='block_1_26' title="bbox 1969 1207 3600 1282">
    <p class='ocr_par' dir='ltr' id='par_1_26' title="bbox 1969 1207 3600 1282">
     <span class='ocr_line' id='line_1_26' title="bbox 1969 1207 3600 1282; baseline -0.001 -16"><span class='ocrx_word' id='word_1_188' title='bbox 1969 1225 2092 1266; x_wconf 85' lang='lat' dir='ltr'><strong>esse</strong></span> <span class='ocrx_word' id='word_1_189' title='bbox 2133 1221 2372 1274; x_wconf 74' lang='lat' dir='ltr'><strong>naturae,</strong></span> <span class='ocrx_word' id='word_1_190' title='bbox 2411 1226 2514 1266; x_wconf 90' lang='lat' dir='ltr'><strong>non</strong></span> <span class='ocrx_word' id='word_1_191' title='bbox 2571 1210 2816 1282; x_wconf 78' lang='lat' dir='ltr'><strong>profecto</strong></span> <span class='ocrx_word' id='word_1_192' title='bbox 2871 1212 3138 1282; x_wconf 72' lang='lat' dir='ltr'><strong>genitum,</strong></span> <span class='ocrx_word' id='word_1_193' title='bbox 3167 1211 3263 1266; x_wconf 85' lang='lat' dir='ltr'><strong>sed</strong></span> <span class='ocrx_word' id='word_1_194' title='bbox 3301 1224 3366 1264; x_wconf 89' lang='lat' dir='ltr'><strong>eo</strong></span> <span class='ocrx_word' id='word_1_195' title='bbox 3399 1207 3556 1264; x_wconf 88' lang='lat' dir='ltr'><strong>modo</strong></span> <span class='ocrx_word' id='word_1_196' title='bbox 3591 1259 3600 1264; x_wconf 94' lang='lat'><strong>.</strong></span> 
     </span>
    </p>
   </div>
   <div class='ocr_carea' id='block_1_27' title="bbox 1969 1300 3550 1374">
    <p class='ocr_par' dir='ltr' id='par_1_27' title="bbox 1969 1300 3550 1374">
     <span class='ocr_line' id='line_1_27' title="bbox 1969 1300 3550 1374; baseline -0.001 -19"><span class='ocrx_word' id='word_1_197' title='bbox 1969 1317 2132 1374; x_wconf 83' lang='lat' dir='ltr'><strong>quem</strong></span> <span class='ocrx_word' id='word_1_198' title='bbox 2163 1301 2308 1358; x_wconf 82' lang='lat' dir='ltr'><strong>solus</strong></span> <span class='ocrx_word' id='word_1_199' title='bbox 2337 1301 2426 1358; x_wconf 88' lang='lat' dir='ltr'><strong>ille</strong></span> <span class='ocrx_word' id='word_1_200' title='bbox 2448 1302 2552 1358; x_wconf 80' lang='lat' dir='ltr'><strong>scit</strong></span> <span class='ocrx_word' id='word_1_201' title='bbox 2579 1304 2670 1372; x_wconf 88' lang='lat' dir='ltr'><strong>qui</strong></span> <span class='ocrx_word' id='word_1_202' title='bbox 2699 1302 2896 1358; x_wconf 84' lang='lat' dir='ltr'><strong>Filium</strong></span> <span class='ocrx_word' id='word_1_203' title='bbox 2926 1303 3098 1364; x_wconf 72' lang='lat' dir='ltr'><strong>novit,</strong></span> <span class='ocrx_word' id='word_1_204' title='bbox 3128 1311 3184 1356; x_wconf 92' lang='lat' dir='ltr'><strong>et</strong></span> <span class='ocrx_word' id='word_1_205' title='bbox 3209 1301 3303 1370; x_wconf 85' lang='lat' dir='ltr'><strong>qui</strong></span> <span class='ocrx_word' id='word_1_206' title='bbox 3334 1300 3550 1354; x_wconf 86' lang='lat' dir='ltr'><strong>Patrem</strong></span> 
     </span>
    </p>
   </div>
   <div class='ocr_carea' id='block_1_28' title="bbox 1973 1391 3556 1466">
    <p class='ocr_par' dir='ltr' id='par_1_28' title="bbox 1973 1391 3556 1466">
     <span class='ocr_line' id='line_1_28' title="bbox 1973 1391 3556 1466; baseline -0.004 -16"><span class='ocrx_word' id='word_1_207' title='bbox 1973 1394 2120 1450; x_wconf 87' lang='lat' dir='ltr'><strong>novit</strong></span> <span class='ocrx_word' id='word_1_208' title='bbox 2153 1392 2340 1461; x_wconf 87' lang='lat' dir='ltr'><strong>Filius,</strong></span> <span class='ocrx_word' id='word_1_209' title='bbox 2369 1403 2424 1450; x_wconf 89' lang='lat' dir='ltr'><strong>et</strong></span> <span class='ocrx_word' id='word_1_210' title='bbox 2453 1396 2500 1450; x_wconf 87' lang='lat' dir='ltr'><strong>is</strong></span> <span class='ocrx_word' id='word_1_211' title='bbox 2535 1395 2768 1464; x_wconf 88' lang='lat' dir='ltr'><strong>denique</strong></span> <span class='ocrx_word' id='word_1_212' title='bbox 2793 1395 2883 1466; x_wconf 86' lang='lat' dir='ltr'><strong>qui</strong></span> <span class='ocrx_word' id='word_1_213' title='bbox 2913 1393 3060 1450; x_wconf 87' lang='lat' dir='ltr'><strong>solus</strong></span> <span class='ocrx_word' id='word_1_214' title='bbox 3087 1391 3304 1448; x_wconf 79' lang='lat' dir='ltr'><strong>Patrem</strong></span> <span class='ocrx_word' id='word_1_215' title='bbox 3329 1391 3556 1446; x_wconf 87' lang='lat' dir='ltr'><strong>Filium-</strong></span> 
     </span>
    </p>
   </div>
   <div class='ocr_carea' id='block_1_29' title="bbox 1971 1483 3554 1558">
    <p class='ocr_par' dir='ltr' id='par_1_29' title="bbox 1971 1483 3554 1558">
     <span class='ocr_line' id='line_1_29' title="bbox 1971 1483 3554 1558; baseline -0.003 -18"><span class='ocrx_word' id='word_1_216' title='bbox 1971 1501 2078 1556; x_wconf 86' lang='lat' dir='ltr'><strong>que</strong></span> <span class='ocrx_word' id='word_1_217' title='bbox 2131 1485 2280 1542; x_wconf 84' lang='lat' dir='ltr'><strong>novit</strong></span> <span class='ocrx_word' id='word_1_218' title='bbox 2313 1504 2330 1555; x_wconf 89' lang='lat'><strong>;</strong></span> <span class='ocrx_word' id='word_1_219' title='bbox 2363 1501 2524 1558; x_wconf 83' lang='lat' dir='ltr'><strong>quam</strong></span> <span class='ocrx_word' id='word_1_220' title='bbox 2577 1487 2792 1556; x_wconf 84' lang='lat' dir='ltr'><strong>quidem</strong></span> <span class='ocrx_word' id='word_1_221' title='bbox 2845 1501 2964 1543; x_wconf 87' lang='lat' dir='ltr'><strong>rem</strong></span> <span class='ocrx_word' id='word_1_222' title='bbox 3007 1500 3044 1542; x_wconf 78' lang='grc' dir='ltr'><strong>ιι</strong></span> <span class='ocrx_word' id='word_1_223' title='bbox 3089 1485 3200 1542; x_wconf 87' lang='lat' dir='ltr'><strong>Deo</strong></span> <span class='ocrx_word' id='word_1_224' title='bbox 3245 1483 3554 1548; x_wconf 84' lang='lat' dir='ltr'><strong>didicimus,</strong></span> 
     </span>
    </p>
   </div>
   <div class='ocr_carea' id='block_1_30' title="bbox 1969 1575 3557 1646">
    <p class='ocr_par' dir='ltr' id='par_1_30' title="bbox 1969 1575 3557 1646">
     <span class='ocr_line' id='line_1_30' title="bbox 1969 1575 3557 1646; baseline -0.005 -8"><span class='ocrx_word' id='word_1_225' title='bbox 1969 1582 2066 1638; x_wconf 84' lang='lat' dir='ltr'><strong>sed</strong></span> <span class='ocrx_word' id='word_1_226' title='bbox 2120 1583 2340 1638; x_wconf 83' lang='lat' dir='ltr'><strong>modum</strong></span> <span class='ocrx_word' id='word_1_227' title='bbox 2401 1582 2576 1638; x_wconf 85' lang='lat' dir='ltr'><strong>edocti</strong></span> <span class='ocrx_word' id='word_1_228' title='bbox 2632 1596 2736 1636; x_wconf 88' lang='lat' dir='ltr'><strong>non</strong></span> <span class='ocrx_word' id='word_1_229' title='bbox 2787 1580 3006 1636; x_wconf 72' lang='lat' dir='ltr'><strong>fuimus.-</strong></span> <span class='ocrx_word' id='word_1_230' title='bbox 3067 1577 3319 1638; x_wconf 80' lang='lat' dir='ltr'><strong>Contenti</strong></span> <span class='ocrx_word' id='word_1_231' title='bbox 3371 1575 3557 1646; x_wconf 82' lang='lat' dir='ltr'><strong>itaque</strong></span> 
     </span>
    </p>
   </div>
   <div class='ocr_carea' id='block_1_31' title="bbox 1971 1671 3560 1743">
    <p class='ocr_par' dir='ltr' id='par_1_31' title="bbox 1971 1671 3560 1743">
     <span class='ocr_line' id='line_1_31' title="bbox 1971 1671 3560 1743; baseline -0.003 -15"><span class='ocrx_word' id='word_1_232' title='bbox 1971 1673 2144 1730; x_wconf 83' lang='lat' dir='ltr'><strong>simus</strong></span> <span class='ocrx_word' id='word_1_233' title='bbox 2173 1673 2302 1730; x_wconf 82' lang='lat' dir='ltr'><strong>data</strong></span> <span class='ocrx_word' id='word_1_234' title='bbox 2325 1673 2527 1730; x_wconf 83' lang='lat' dir='ltr'><strong>notitiae</strong></span> <span class='ocrx_word' id='word_1_235' title='bbox 2563 1688 2834 1738; x_wconf 79' lang='lat' dir='ltr'><strong>mensura,</strong></span> <span class='ocrx_word' id='word_1_236' title='bbox 2871 1688 3050 1742; x_wconf 89' lang='lat' dir='ltr'><strong>neque</strong></span> <span class='ocrx_word' id='word_1_237' title='bbox 3085 1671 3332 1743; x_wconf 85' lang='lat' dir='ltr'><strong>imperite</strong></span> <span class='ocrx_word' id='word_1_238' title='bbox 3353 1676 3560 1726; x_wconf 83' lang='lat' dir='ltr'><strong>scrute-</strong></span> 
     </span>
    </p>
   </div>
   <div class='ocr_carea' id='block_1_32' title="bbox 298 1737 1875 1836">
    <p class='ocr_par' dir='ltr' id='par_1_32' title="bbox 298 1737 1870 1836">
     <span class='ocr_line' id='line_1_32' title="bbox 298 1737 1870 1836; baseline 0.007 -25"><span class='ocrx_word' id='word_1_239' title='bbox 298 1737 548 1828; x_wconf 75' lang='grc' dir='ltr'>κοὺμεθα</span> <span class='ocrx_word' id='word_1_240' title='bbox 663 1763 776 1824; x_wconf 86' lang='grc' dir='ltr'>τοῖς</span> <span class='ocrx_word' id='word_1_241' title='bbox 819 1737 1018 1815; x_wconf 79' lang='grc' dir='ltr'>δοθεῖσί</span> <span class='ocrx_word' id='word_1_242' title='bbox 1064 1762 1283 1835; x_wconf 72' lang='grc' dir='ltr'>μέτροις</span> <span class='ocrx_word' id='word_1_243' title='bbox 1315 1767 1416 1836; x_wconf 81' lang='grc' dir='ltr'>τῆς</span> <span class='ocrx_word' id='word_1_244' title='bbox 1445 1737 1730 1835; x_wconf 38' lang='lat' dir='ltr'><strong>Turbo-sura</strong></span> 
     </span>
    </p>
   </div>
   <div class='ocr_carea' id='block_1_33' title="bbox 1976 1737 3040 1836">
    <p class='ocr_par' dir='ltr' id='par_1_33' title="bbox 1976 1737 3040 1835">
     <span class='ocr_line' id='line_1_33' title="bbox 1976 1737 3040 1835; baseline 0.002 -17"><span class='ocrx_word' id='word_1_245' title='bbox 1976 1778 2094 1818; x_wconf 86' lang='lat' dir='ltr'><strong>mur</strong></span> <span class='ocrx_word' id='word_1_246' title='bbox 2121 1780 2242 1834; x_wconf 71' lang='lat' dir='ltr'><strong>qum</strong></span> <span class='ocrx_word' id='word_1_247' title='bbox 2271 1765 2652 1834; x_wconf 84' lang='lat' dir='ltr'><strong>comprehendi</strong></span> <span class='ocrx_word' id='word_1_248' title='bbox 2678 1781 2786 1822; x_wconf 77' lang='lat' dir='ltr'><strong>non</strong></span> <span class='ocrx_word' id='word_1_249' title='bbox 2817 1737 3040 1835; x_wconf 74' lang='lat' dir='ltr'><strong>queunt.</strong></span> 
     </span>
    </p>
   </div>
   <div class='ocr_carea' id='block_1_34' title="bbox 298 1851 1710 1928">
    <p class='ocr_par' dir='ltr' id='par_1_34' title="bbox 298 1851 1710 1928">
     <span class='ocr_line' id='line_1_34' title="bbox 298 1851 1710 1928; baseline 0.006 -24"><span class='ocrx_word' id='word_1_250' title='bbox 298 1853 360 1904; x_wconf 79' lang='grc' dir='ltr'><strong>οὐ</strong></span> <span class='ocrx_word' id='word_1_251' title='bbox 401 1851 959 1926; x_wconf 71' lang='grc' dir='ltr'>πολυπραγμονοῦμεν</span> <span class='ocrx_word' id='word_1_252' title='bbox 979 1856 1258 1926; x_wconf 75' lang='grc' dir='ltr'>άγνοήτως</span> <span class='ocrx_word' id='word_1_253' title='bbox 1286 1857 1354 1911; x_wconf 78' lang='grc' dir='ltr'>τὰ</span> <span class='ocrx_word' id='word_1_254' title='bbox 1381 1859 1668 1928; x_wconf 80' lang='grc' dir='ltr'>ἀνέφικτα.</span> <span class='ocrx_word' id='word_1_255' title='bbox 1707 1905 1710 1907; x_wconf 94' lang='grc'>.</span> 
     </span>
    </p>
   </div>
   <div class='ocr_carea' id='block_1_35' title="bbox 338 1997 1834 2078">
    <p class='ocr_par' dir='ltr' id='par_1_35' title="bbox 338 1997 1834 2078">
     <span class='ocr_line' id='line_1_35' title="bbox 338 1997 1834 2078; baseline 0.006 -20"><span class='ocrx_word' id='word_1_256' title='bbox 338 2007 463 2062; x_wconf 71' lang='lat' dir='ltr'><strong>KA&#39;.</strong></span> <span class='ocrx_word' id='word_1_257' title='bbox 516 2007 640 2061; x_wconf 78' lang='grc' dir='ltr'>Ὀτι</span> <span class='ocrx_word' id='word_1_258' title='bbox 685 2010 720 2062; x_wconf 84' lang='grc' dir='ltr'><strong>ό</strong></span> <span class='ocrx_word' id='word_1_259' title='bbox 757 2008 947 2078; x_wconf 70' lang='grc' dir='ltr'>μέγας</span> <span class='ocrx_word' id='word_1_260' title='bbox 1005 1997 1365 2076; x_wconf 74' lang='grc' dir='ltr'>Ἀπόστολὸς</span> <span class='ocrx_word' id='word_1_261' title='bbox 1411 2011 1560 2065; x_wconf 85' lang='grc' dir='ltr'><strong>Θεὸν</strong></span> <span class='ocrx_word' id='word_1_262' title='bbox 1601 2007 1727 2066; x_wconf 77' lang='grc' dir='ltr'>οἵδε</span> <span class='ocrx_word' id='word_1_263' title='bbox 1767 2013 1834 2068; x_wconf 80' lang='grc' dir='ltr'>τὸ</span> 
     </span>
    </p>
   </div>
   <div class='ocr_carea' id='block_1_36' title="bbox 780 2077 1382 2150">
    <p class='ocr_par' dir='ltr' id='par_1_36' title="bbox 780 2077 1382 2150">
     <span class='ocr_line' id='line_1_36' title="bbox 780 2077 1382 2150; baseline 0.003 -18"><span class='ocrx_word' id='word_1_264' title='bbox 780 2077 1026 2147; x_wconf 72' lang='grc' dir='ltr'>Πνεῦμα</span> <span class='ocrx_word' id='word_1_265' title='bbox 1074 2081 1142 2133; x_wconf 81' lang='grc' dir='ltr'>τὸ</span> <span class='ocrx_word' id='word_1_266' title='bbox 1191 2077 1382 2150; x_wconf 74' lang='grc' dir='ltr'>ἅγιον.</span> 
     </span>
    </p>
   </div>
   <div class='ocr_carea' id='block_1_37' title="bbox 369 2189 1874 2264">
    <p class='ocr_par' dir='ltr' id='par_1_37' title="bbox 369 2189 1874 2264">
     <span class='ocr_line' id='line_1_37' title="bbox 369 2189 1874 2264; baseline 0.004 -20"><span class='ocrx_word' id='word_1_267' title='bbox 369 2189 492 2244; x_wconf 88' lang='grc' dir='ltr'>Ὅτι</span> <span class='ocrx_word' id='word_1_268' title='bbox 524 2190 581 2244; x_wconf 72' lang='grc' dir='ltr'>δὲ</span> <span class='ocrx_word' id='word_1_269' title='bbox 631 2189 726 2245; x_wconf 88' lang='grc' dir='ltr'><strong>τοῦ</strong></span> <span class='ocrx_word' id='word_1_270' title='bbox 779 2191 916 2246; x_wconf 87' lang='grc' dir='ltr'>Θεοῦ</span> <span class='ocrx_word' id='word_1_271' title='bbox 943 2192 1005 2246; x_wconf 85' lang='grc' dir='ltr'>τὸ</span> <span class='ocrx_word' id='word_1_272' title='bbox 1063 2191 1288 2264; x_wconf 90' lang='grc' dir='ltr'>Πνεῦμα</span> <span class='ocrx_word' id='word_1_273' title='bbox 1329 2193 1392 2246; x_wconf 86' lang='grc' dir='ltr'><strong>τὺ</strong></span> <span class='ocrx_word' id='word_1_274' title='bbox 1431 2194 1607 2263; x_wconf 79' lang='grc' dir='ltr'>άγιον,</span> <span class='ocrx_word' id='word_1_275' title='bbox 1651 2195 1814 2249; x_wconf 80' lang='grc' dir='ltr'>πάλιν</span> <span class='ocrx_word' id='word_1_276' title='bbox 1844 2198 1874 2250; x_wconf 89' lang='grc' dir='ltr'><strong>ό</strong></span> 
     </span>
    </p>
   </div>
   <div class='ocr_carea' id='block_1_38' title="bbox 297 2283 1874 2358">
    <p class='ocr_par' dir='ltr' id='par_1_38' title="bbox 297 2283 1874 2358">
     <span class='ocr_line' id='line_1_38' title="bbox 297 2283 1874 2358; baseline 0.004 -20"><span class='ocrx_word' id='word_1_277' title='bbox 297 2283 514 2347; x_wconf 79' lang='grc' dir='ltr'>Παῦλος</span> <span class='ocrx_word' id='word_1_278' title='bbox 539 2285 687 2356; x_wconf 78' lang='grc' dir='ltr'>ἡμᾶς</span> <span class='ocrx_word' id='word_1_279' title='bbox 728 2286 999 2340; x_wconf 74' lang='grc' dir='ltr'><strong>διδάσκει·</strong></span> <span class='ocrx_word' id='word_1_280' title='bbox 1030 2307 1048 2338; x_wconf 80' lang='grc' dir='ltr'><strong>ι</strong></span> <span class='ocrx_word' id='word_1_281' title='bbox 1088 2287 1509 2354; x_wconf 81' lang='grc' dir='ltr'>’Δπελούσασθε,</span> <span class='ocrx_word' id='word_1_282' title='bbox 1549 2287 1743 2358; x_wconf 83' lang='grc' dir='ltr'>λέγων,</span> <span class='ocrx_word' id='word_1_283' title='bbox 1777 2292 1874 2344; x_wconf 77' lang='grc' dir='ltr'>καὶ</span> 
     </span>
    </p>
   </div>
   <div class='ocr_carea' id='block_1_39' title="bbox 185 2373 1871 2449">
    <p class='ocr_par' dir='ltr' id='par_1_39' title="bbox 185 2373 1871 2449">
     <span class='ocr_line' id='line_1_39' title="bbox 185 2373 1871 2449; baseline 0.003 -22"><span class='ocrx_word' id='word_1_284' title='bbox 185 2395 188 2400; x_wconf 94' lang='grc'><strong>·</strong></span> <span class='ocrx_word' id='word_1_285' title='bbox 298 2374 604 2446; x_wconf 76' lang='grc' dir='ltr'><strong>ἡγιάσθητε</strong></span> <span class='ocrx_word' id='word_1_286' title='bbox 639 2375 734 2428; x_wconf 71' lang='grc' dir='ltr'>καὶ</span> <span class='ocrx_word' id='word_1_287' title='bbox 771 2375 1123 2446; x_wconf 75' lang='grc' dir='ltr'>ἐδικαιώθητε</span> <span class='ocrx_word' id='word_1_288' title='bbox 1156 2379 1213 2432; x_wconf 76' lang='grc' dir='ltr'>ἐν</span> <span class='ocrx_word' id='word_1_289' title='bbox 1245 2375 1323 2448; x_wconf 84' lang='grc' dir='ltr'>τῷ</span> <span class='ocrx_word' id='word_1_290' title='bbox 1359 2377 1581 2449; x_wconf 77' lang='grc' dir='ltr'>ὀνόματι</span> <span class='ocrx_word' id='word_1_291' title='bbox 1619 2379 1713 2432; x_wconf 87' lang='grc' dir='ltr'><strong>τοῦ</strong></span> <span class='ocrx_word' id='word_1_292' title='bbox 1757 2373 1871 2432; x_wconf 77' lang='grc' dir='ltr'><strong>Κυ-</strong></span> 
     </span>
    </p>
   </div>
   <div class='ocr_carea' id='block_1_40' title="bbox 307 2467 1871 2543">
    <p class='ocr_par' dir='ltr' id='par_1_40' title="bbox 307 2467 1871 2543">
     <span class='ocr_line' id='line_1_40' title="bbox 307 2467 1871 2543; baseline 0.003 -23"><span class='ocrx_word' id='word_1_293' title='bbox 307 2470 422 2542; x_wconf 92' lang='grc' dir='ltr'>ρίου</span> <span class='ocrx_word' id='word_1_294' title='bbox 457 2468 616 2539; x_wconf 75' lang='grc' dir='ltr'>ἡμῶν</span> <span class='ocrx_word' id='word_1_295' title='bbox 647 2467 821 2539; x_wconf 84' lang='grc' dir='ltr'>Ἰησοῦ</span> <span class='ocrx_word' id='word_1_296' title='bbox 848 2467 1106 2540; x_wconf 80' lang='grc' dir='ltr'>Χριστοῦ,</span> <span class='ocrx_word' id='word_1_297' title='bbox 1139 2471 1231 2525; x_wconf 74' lang='grc' dir='ltr'>καὶ</span> <span class='ocrx_word' id='word_1_298' title='bbox 1276 2473 1334 2525; x_wconf 72' lang='grc' dir='ltr'>ἐν</span> <span class='ocrx_word' id='word_1_299' title='bbox 1362 2471 1440 2542; x_wconf 84' lang='grc' dir='ltr'>τῷ</span> <span class='ocrx_word' id='word_1_300' title='bbox 1467 2469 1743 2543; x_wconf 78' lang='grc' dir='ltr'>Πνεῦματι</span> <span class='ocrx_word' id='word_1_301' title='bbox 1777 2471 1871 2526; x_wconf 85' lang='grc' dir='ltr'><strong>τοῦ</strong></span> 
     </span>
    </p>
   </div>
   <div class='ocr_carea' id='block_1_41' title="bbox 302 2557 1876 2635">
    <p class='ocr_par' dir='ltr' id='par_1_41' title="bbox 302 2557 1876 2635">
     <span class='ocr_line' id='line_1_41' title="bbox 302 2557 1876 2635; baseline 0.003 -23"><span class='ocrx_word' id='word_1_302' title='bbox 302 2557 438 2612; x_wconf 75' lang='grc' dir='ltr'>Θεοῦ</span> <span class='ocrx_word' id='word_1_303' title='bbox 470 2559 648 2628; x_wconf 83' lang='grc' dir='ltr'>ἡμῶν.</span> <span class='ocrx_word' id='word_1_304' title='bbox 678 2578 696 2611; x_wconf 81' lang='grc' dir='ltr'><strong>ι</strong></span> <span class='ocrx_word' id='word_1_305' title='bbox 755 2559 912 2624; x_wconf 84' lang='grc' dir='ltr'>Τίνος</span> <span class='ocrx_word' id='word_1_306' title='bbox 940 2561 1048 2632; x_wconf 80' lang='grc' dir='ltr'><strong>γάρ</strong></span> <span class='ocrx_word' id='word_1_307' title='bbox 1094 2562 1277 2614; x_wconf 73' lang='grc' dir='ltr'>ἕνεκεν</span> <span class='ocrx_word' id='word_1_308' title='bbox 1306 2563 1427 2616; x_wconf 72' lang='grc' dir='ltr'>ναοὶ</span> <span class='ocrx_word' id='word_1_309' title='bbox 1475 2563 1876 2635; x_wconf 86' lang='grc' dir='ltr'>προσαγορευό-</span> 
     </span>
    </p>
   </div>
   <div class='ocr_carea' id='block_1_42' title="bbox 304 2649 1872 2726">
    <p class='ocr_par' dir='ltr' id='par_1_42' title="bbox 304 2649 1872 2726">
     <span class='ocr_line' id='line_1_42' title="bbox 304 2649 1872 2726; baseline 0.006 -25"><span class='ocrx_word' id='word_1_310' title='bbox 304 2649 446 2719; x_wconf 86' lang='grc' dir='ltr'>μεθα</span> <span class='ocrx_word' id='word_1_311' title='bbox 480 2649 614 2702; x_wconf 86' lang='grc' dir='ltr'>Θεοῦ</span> <span class='ocrx_word' id='word_1_312' title='bbox 637 2649 725 2702; x_wconf 72' lang='grc' dir='ltr'><strong>διά</strong></span> <span class='ocrx_word' id='word_1_313' title='bbox 767 2649 859 2703; x_wconf 90' lang='grc' dir='ltr'><strong>τοῦ</strong></span> <span class='ocrx_word' id='word_1_314' title='bbox 891 2650 1265 2723; x_wconf 82' lang='grc' dir='ltr'>βαπτίσματος</span> <span class='ocrx_word' id='word_1_315' title='bbox 1294 2655 1394 2725; x_wconf 82' lang='grc' dir='ltr'>τὴν</span> <span class='ocrx_word' id='word_1_316' title='bbox 1427 2655 1522 2706; x_wconf 89' lang='grc' dir='ltr'><strong>τοῦ</strong></span> <span class='ocrx_word' id='word_1_317' title='bbox 1556 2653 1872 2726; x_wconf 80' lang='grc' dir='ltr'>Πνεῦματος</span> 
     </span>
    </p>
   </div>
   <div class='ocr_carea' id='block_1_43' title="bbox 296 2737 1874 2814">
    <p class='ocr_par' dir='ltr' id='par_1_43' title="bbox 296 2737 1874 2814">
     <span class='ocr_line' id='line_1_43' title="bbox 296 2737 1874 2814; baseline 0.004 -24"><span class='ocrx_word' id='word_1_318' title='bbox 296 2737 581 2808; x_wconf 85' lang='grc' dir='ltr'>δεχόμενοι</span> <span class='ocrx_word' id='word_1_319' title='bbox 615 2739 795 2810; x_wconf 82' lang='grc' dir='ltr'>χάριν,</span> <span class='ocrx_word' id='word_1_320' title='bbox 828 2739 876 2791; x_wconf 90' lang='grc' dir='ltr'><strong>εί</strong></span> <span class='ocrx_word' id='word_1_321' title='bbox 911 2739 985 2809; x_wconf 85' lang='grc' dir='ltr'>μὴ</span> <span class='ocrx_word' id='word_1_322' title='bbox 1014 2739 1146 2804; x_wconf 82' lang='grc' dir='ltr'>Θεὸς</span> <span class='ocrx_word' id='word_1_323' title='bbox 1185 2741 1420 2814; x_wconf 82' lang='grc' dir='ltr'>ὑπάρχει</span> <span class='ocrx_word' id='word_1_324' title='bbox 1453 2743 1514 2796; x_wconf 82' lang='grc' dir='ltr'><strong>τὺ</strong></span> <span class='ocrx_word' id='word_1_325' title='bbox 1557 2741 1780 2814; x_wconf 84' lang='grc' dir='ltr'>Πνεῦμα</span> <span class='ocrx_word' id='word_1_326' title='bbox 1813 2745 1874 2800; x_wconf 84' lang='grc' dir='ltr'>τὸ</span> 
     </span>
    </p>
   </div>
   <div class='ocr_carea' id='block_1_44' title="bbox 297 2821 1875 2906">
    <p class='ocr_par' dir='ltr' id='par_1_44' title="bbox 297 2821 1875 2906">
     <span class='ocr_line' id='line_1_44' title="bbox 297 2821 1875 2906; baseline 0.006 -26"><span class='ocrx_word' id='word_1_327' title='bbox 297 2827 488 2895; x_wconf 74' lang='grc' dir='ltr'>ἂγιονς</span> <span class='ocrx_word' id='word_1_328' title='bbox 533 2829 616 2881; x_wconf 85' lang='grc' dir='ltr'>ὅτι</span> <span class='ocrx_word' id='word_1_329' title='bbox 649 2827 705 2880; x_wconf 81' lang='grc' dir='ltr'>δὲ</span> <span class='ocrx_word' id='word_1_330' title='bbox 735 2829 854 2882; x_wconf 62' lang='grc' dir='ltr'><strong>ναοὶ⁸</strong></span> <span class='ocrx_word' id='word_1_331' title='bbox 885 2829 982 2882; x_wconf 85' lang='grc' dir='ltr'><strong>τοῦ</strong></span> <span class='ocrx_word' id='word_1_332' title='bbox 1024 2821 1341 2900; x_wconf 77' lang='grc' dir='ltr'>Πνεῦματος</span> <span class='ocrx_word' id='word_1_333' title='bbox 1373 2833 1422 2885; x_wconf 86' lang='grc' dir='ltr'>οἱ</span> <span class='ocrx_word' id='word_1_334' title='bbox 1475 2835 1654 2887; x_wconf 74' lang='grc' dir='ltr'>πιστοὶ</span> <span class='ocrx_word' id='word_1_335' title='bbox 1707 2851 1875 2906; x_wconf 82' lang='grc' dir='ltr'>προσ-</span> 
     </span>
    </p>
   </div>
   <div class='ocr_carea' id='block_1_45' title="bbox 297 2918 1872 2994">
    <p class='ocr_par' dir='ltr' id='par_1_45' title="bbox 297 2918 1872 2994">
     <span class='ocr_line' id='line_1_45' title="bbox 297 2918 1872 2994; baseline 0.006 -23"><span class='ocrx_word' id='word_1_336' title='bbox 297 2918 673 2990; x_wconf 87' lang='grc' dir='ltr'>αγορεύονται,</span> <span class='ocrx_word' id='word_1_337' title='bbox 701 2921 729 2974; x_wconf 89' lang='grc' dir='ltr'><strong>ό</strong></span> <span class='ocrx_word' id='word_1_338' title='bbox 767 2920 930 2984; x_wconf 79' lang='grc' dir='ltr'>αὐτὸς</span> <span class='ocrx_word' id='word_1_339' title='bbox 969 2924 1114 2994; x_wconf 72' lang='grc' dir='ltr'>ἡμᾶς</span> <span class='ocrx_word' id='word_1_340' title='bbox 1161 2923 1479 2988; x_wconf 82' lang='grc' dir='ltr'>Ἀπόστολος</span> <span class='ocrx_word' id='word_1_341' title='bbox 1500 2925 1740 2980; x_wconf 84' lang='grc' dir='ltr'>διδάσκει</span> <span class='ocrx_word' id='word_1_342' title='bbox 1783 2925 1872 2980; x_wconf 81' lang='grc' dir='ltr'><strong>λέ-</strong></span> 
     </span>
    </p>
   </div>
   <div class='ocr_carea' id='block_1_46' title="bbox 299 3009 1872 3084">
    <p class='ocr_par' dir='ltr' id='par_1_46' title="bbox 299 3009 1872 3084">
     <span class='ocr_line' id='line_1_46' title="bbox 299 3009 1872 3084; baseline 0.004 -22"><span class='ocrx_word' id='word_1_343' title='bbox 299 3029 412 3079; x_wconf 83' lang='grc' dir='ltr'>γων</span> <span class='ocrx_word' id='word_1_344' title='bbox 435 3028 448 3040; x_wconf 90' lang='grc'><strong>·</strong></span> <span class='ocrx_word' id='word_1_345' title='bbox 481 3029 498 3062; x_wconf 84' lang='grc' dir='ltr'><strong>ι</strong></span> <span class='ocrx_word' id='word_1_346' title='bbox 527 3011 643 3064; x_wconf 76' lang='grc' dir='ltr'>Οὐκ</span> <span class='ocrx_word' id='word_1_347' title='bbox 669 3009 846 3064; x_wconf 78' lang='grc' dir='ltr'>οἴδατε</span> <span class='ocrx_word' id='word_1_348' title='bbox 871 3012 953 3065; x_wconf 86' lang='grc' dir='ltr'>ὅτι</span> <span class='ocrx_word' id='word_1_349' title='bbox 980 3012 1049 3066; x_wconf 77' lang='grc' dir='ltr'>τὰ</span> <span class='ocrx_word' id='word_1_350' title='bbox 1089 3012 1319 3084; x_wconf 82' lang='grc' dir='ltr'>σώματα</span> <span class='ocrx_word' id='word_1_351' title='bbox 1349 3013 1502 3084; x_wconf 86' lang='grc' dir='ltr'>ὑμῶν</span> <span class='ocrx_word' id='word_1_352' title='bbox 1528 3015 1654 3080; x_wconf 84' lang='grc' dir='ltr'>ναὸς</span> <span class='ocrx_word' id='word_1_353' title='bbox 1688 3015 1782 3069; x_wconf 88' lang='grc' dir='ltr'><strong>τοῦ</strong></span> <span class='ocrx_word' id='word_1_354' title='bbox 1817 3017 1872 3070; x_wconf 81' lang='grc' dir='ltr'>ὲν</span> 
     </span>
    </p>
   </div>
   <div class='ocr_carea' id='block_1_47' title="bbox 301 3099 1872 3175">
    <p class='ocr_par' dir='ltr' id='par_1_47' title="bbox 301 3099 1872 3175">
     <span class='ocr_line' id='line_1_47' title="bbox 301 3099 1872 3175; baseline 0.004 -21"><span class='ocrx_word' id='word_1_355' title='bbox 301 3103 430 3172; x_wconf 77' lang='grc' dir='ltr'>ὑμῖν</span> <span class='ocrx_word' id='word_1_356' title='bbox 459 3102 612 3170; x_wconf 81' lang='grc' dir='ltr'>ἁγίου</span> <span class='ocrx_word' id='word_1_357' title='bbox 647 3101 966 3172; x_wconf 87' lang='grc' dir='ltr'>Πνεύματός</span> <span class='ocrx_word' id='word_1_358' title='bbox 996 3105 1133 3168; x_wconf 78' lang='grc' dir='ltr'>ἐστι,</span> <span class='ocrx_word' id='word_1_359' title='bbox 1163 3099 1224 3157; x_wconf 79' lang='grc' dir='ltr'><strong>οῦ</strong></span> <span class='ocrx_word' id='word_1_360' title='bbox 1254 3105 1405 3175; x_wconf 81' lang='grc' dir='ltr'>ἔχετε</span> <span class='ocrx_word' id='word_1_361' title='bbox 1429 3105 1538 3160; x_wconf 76' lang='grc' dir='ltr'><strong>ἀπὸ</strong></span> <span class='ocrx_word' id='word_1_362' title='bbox 1588 3105 1682 3158; x_wconf 89' lang='grc' dir='ltr'><strong>τοῦ</strong></span> <span class='ocrx_word' id='word_1_363' title='bbox 1715 3105 1872 3170; x_wconf 81' lang='grc' dir='ltr'>Θεοῦ,</span> 
     </span>
    </p>
   </div>
   <div class='ocr_carea' id='block_1_48' title="bbox 301 3193 1875 3268">
    <p class='ocr_par' dir='ltr' id='par_1_48' title="bbox 301 3193 1875 3268">
     <span class='ocr_line' id='line_1_48' title="bbox 301 3193 1875 3268; baseline 0.004 -23"><span class='ocrx_word' id='word_1_364' title='bbox 301 3195 392 3246; x_wconf 72' lang='grc' dir='ltr'>καὶ</span> <span class='ocrx_word' id='word_1_365' title='bbox 415 3194 514 3248; x_wconf 83' lang='grc' dir='ltr'><strong>οῦκ</strong></span> <span class='ocrx_word' id='word_1_366' title='bbox 539 3193 661 3247; x_wconf 75' lang='grc' dir='ltr'>ἐστὲ</span> <span class='ocrx_word' id='word_1_367' title='bbox 689 3193 931 3262; x_wconf 80' lang='grc' dir='ltr'>ὲαυτῶνς</span> <span class='ocrx_word' id='word_1_368' title='bbox 963 3195 1304 3266; x_wconf 80' lang='grc' dir='ltr'>ἠγοράσθητε</span> <span class='ocrx_word' id='word_1_369' title='bbox 1333 3197 1441 3267; x_wconf 83' lang='grc' dir='ltr'><strong>γὰρ</strong></span> <span class='ocrx_word' id='word_1_370' title='bbox 1465 3197 1650 3268; x_wconf 81' lang='grc' dir='ltr'>τιμῆς.</span> <span class='ocrx_word' id='word_1_371' title='bbox 1676 3215 1695 3248; x_wconf 77' lang='grc' dir='ltr'><strong>ι</strong></span> <span class='ocrx_word' id='word_1_372' title='bbox 1727 3197 1787 3250; x_wconf 83' lang='grc'><strong>’0</strong></span> <span class='ocrx_word' id='word_1_373' title='bbox 1818 3197 1875 3252; x_wconf 83' lang='grc' dir='ltr'>δὲ</span> 
     </span>
    </p>
   </div>
   <div class='ocr_carea' id='block_1_49' title="bbox 295 3269 1878 3357">
    <p class='ocr_par' dir='ltr' id='par_1_49' title="bbox 295 3269 1878 3357">
     <span class='ocr_line' id='line_1_49' title="bbox 295 3269 1878 3357; baseline 0.001 -19"><span class='ocrx_word' id='word_1_374' title='bbox 295 3285 426 3348; x_wconf 78' lang='grc' dir='ltr'>ναὸς</span> <span class='ocrx_word' id='word_1_375' title='bbox 452 3284 544 3338; x_wconf 80' lang='grc' dir='ltr'>τὸν</span> <span class='ocrx_word' id='word_1_376' title='bbox 563 3285 877 3340; x_wconf 74' lang='grc' dir='ltr'>ἐνοικοῦντα</span> <span class='ocrx_word' id='word_1_377' title='bbox 906 3285 1166 3357; x_wconf 80' lang='grc' dir='ltr'>κηρύττει</span> <span class='ocrx_word' id='word_1_378' title='bbox 1197 3269 1328 3340; x_wconf 85' lang='grc' dir='ltr'>Θεόν</span> <span class='ocrx_word' id='word_1_379' title='bbox 1349 3305 1362 3317; x_wconf 91' lang='grc'><strong>·</strong></span> <span class='ocrx_word' id='word_1_380' title='bbox 1394 3287 1476 3340; x_wconf 79' lang='grc' dir='ltr'>διὸ</span> <span class='ocrx_word' id='word_1_381' title='bbox 1505 3288 1597 3341; x_wconf 74' lang='grc' dir='ltr'>καὶ</span> <span class='ocrx_word' id='word_1_382' title='bbox 1622 3287 1878 3356; x_wconf 74' lang='grc' dir='ltr'>ἀνωτέρω</span> 
     </span>
    </p>
   </div>
   <div class='ocr_carea' id='block_1_50' title="bbox 296 3377 1878 3446">
    <p class='ocr_par' dir='ltr' id='par_1_50' title="bbox 296 3377 1878 3446">
     <span class='ocr_line' id='line_1_50' title="bbox 296 3377 1878 3446; baseline 0.003 -17"><span class='ocrx_word' id='word_1_383' title='bbox 296 3377 485 3446; x_wconf 77' lang='grc' dir='ltr'>ἔλεγεν</span> <span class='ocrx_word' id='word_1_384' title='bbox 505 3393 518 3406; x_wconf 92' lang='grc'><strong>·</strong></span> <span class='ocrx_word' id='word_1_385' title='bbox 544 3396 562 3428; x_wconf 81' lang='grc' dir='ltr'><strong>ι</strong></span> <span class='ocrx_word' id='word_1_386' title='bbox 591 3377 706 3432; x_wconf 78' lang='grc' dir='ltr'>Οὐκ</span> <span class='ocrx_word' id='word_1_387' title='bbox 731 3377 906 3431; x_wconf 84' lang='grc' dir='ltr'>οῐδατε</span> <span class='ocrx_word' id='word_1_388' title='bbox 937 3379 1018 3432; x_wconf 80' lang='grc' dir='ltr'><strong>δτι</strong></span> <span class='ocrx_word' id='word_1_389' title='bbox 1053 3377 1178 3443; x_wconf 83' lang='grc' dir='ltr'>ναὸς</span> <span class='ocrx_word' id='word_1_390' title='bbox 1205 3377 1299 3432; x_wconf 86' lang='grc' dir='ltr'><strong>τοῦ</strong></span> <span class='ocrx_word' id='word_1_391' title='bbox 1331 3379 1465 3432; x_wconf 89' lang='grc' dir='ltr'>Θεοῦ</span> <span class='ocrx_word' id='word_1_392' title='bbox 1507 3381 1653 3445; x_wconf 78' lang='grc' dir='ltr'>ἐστε,</span> <span class='ocrx_word' id='word_1_393' title='bbox 1692 3380 1786 3434; x_wconf 70' lang='grc' dir='ltr'>καὶ</span> <span class='ocrx_word' id='word_1_394' title='bbox 1817 3380 1878 3433; x_wconf 79' lang='grc' dir='ltr'>τὸ</span> 
     </span>
    </p>
   </div>
   <div class='ocr_carea' id='block_1_51' title="bbox 297 3467 1878 3542">
    <p class='ocr_par' dir='ltr' id='par_1_51' title="bbox 297 3467 1878 3542">
     <span class='ocr_line' id='line_1_51' title="bbox 297 3467 1878 3542; baseline 0.002 -20"><span class='ocrx_word' id='word_1_395' title='bbox 297 3468 526 3536; x_wconf 87' lang='grc' dir='ltr'>Πνεῦμα</span> <span class='ocrx_word' id='word_1_396' title='bbox 557 3469 650 3522; x_wconf 89' lang='grc' dir='ltr'><strong>τοῦ</strong></span> <span class='ocrx_word' id='word_1_397' title='bbox 678 3467 810 3521; x_wconf 84' lang='grc' dir='ltr'>Θεοῦ</span> <span class='ocrx_word' id='word_1_398' title='bbox 837 3471 978 3522; x_wconf 80' lang='grc' dir='ltr'>οἰκεῖ</span> <span class='ocrx_word' id='word_1_399' title='bbox 1007 3471 1062 3523; x_wconf 79' lang='grc' dir='ltr'>ὲν</span> <span class='ocrx_word' id='word_1_400' title='bbox 1088 3471 1214 3542; x_wconf 84' lang='grc' dir='ltr'>ὑμῖν</span> <span class='ocrx_word' id='word_1_401' title='bbox 1239 3489 1252 3537; x_wconf 87' lang='grc'>;</span> <span class='ocrx_word' id='word_1_402' title='bbox 1301 3471 1368 3524; x_wconf 80' lang='grc' dir='ltr'><strong>Εἴ</strong></span> <span class='ocrx_word' id='word_1_403' title='bbox 1389 3487 1470 3532; x_wconf 89' lang='grc' dir='ltr'><strong>τις</strong></span> <span class='ocrx_word' id='word_1_404' title='bbox 1503 3469 1593 3523; x_wconf 79' lang='grc' dir='ltr'>τὸν</span> <span class='ocrx_word' id='word_1_405' title='bbox 1628 3471 1752 3524; x_wconf 77' lang='grc' dir='ltr'>ναδν</span> <span class='ocrx_word' id='word_1_406' title='bbox 1784 3472 1878 3525; x_wconf 88' lang='grc' dir='ltr'><strong>τοῦ</strong></span> 
     </span>
    </p>
   </div>
   <div class='ocr_carea' id='block_1_52' title="bbox 298 3559 1878 3638">
    <p class='ocr_par' dir='ltr' id='par_1_52' title="bbox 298 3559 1878 3638">
     <span class='ocr_line' id='line_1_52' title="bbox 298 3559 1878 3638; baseline 0.004 -27"><span class='ocrx_word' id='word_1_407' title='bbox 298 3560 438 3613; x_wconf 81' lang='grc' dir='ltr'>Θεοῦ</span> <span class='ocrx_word' id='word_1_408' title='bbox 475 3559 706 3630; x_wconf 78' lang='grc' dir='ltr'>φθείρει.</span> <span class='ocrx_word' id='word_1_409' title='bbox 738 3561 926 3632; x_wconf 81' lang='grc' dir='ltr'>φθερεῖ</span> <span class='ocrx_word' id='word_1_410' title='bbox 957 3561 1146 3616; x_wconf 87' lang='grc' dir='ltr'>τοῦτον</span> <span class='ocrx_word' id='word_1_411' title='bbox 1180 3563 1207 3616; x_wconf 88' lang='lat'><strong>6</strong></span> <span class='ocrx_word' id='word_1_412' title='bbox 1234 3559 1364 3626; x_wconf 82' lang='grc' dir='ltr'>Θεός</span> <span class='ocrx_word' id='word_1_413' title='bbox 1385 3581 1398 3596; x_wconf 85' lang='grc'><em>’</em></span> <span class='ocrx_word' id='word_1_414' title='bbox 1435 3565 1462 3617; x_wconf 85' lang='grc' dir='ltr'>ὁ</span> <span class='ocrx_word' id='word_1_415' title='bbox 1490 3565 1596 3638; x_wconf 81' lang='grc' dir='ltr'>γὰρ</span> <span class='ocrx_word' id='word_1_416' title='bbox 1626 3564 1716 3618; x_wconf 89' lang='grc' dir='ltr'><strong>τοῦ</strong></span> <span class='ocrx_word' id='word_1_417' title='bbox 1743 3563 1878 3619; x_wconf 84' lang='grc' dir='ltr'>Θεοῦ</span> 
     </span>
    </p>
   </div>
   <div class='ocr_carea' id='block_1_53' title="bbox 302 3651 1881 3726">
    <p class='ocr_par' dir='ltr' id='par_1_53' title="bbox 302 3651 1881 3726">
     <span class='ocr_line' id='line_1_53' title="bbox 302 3651 1881 3726; baseline 0.002 -20"><span class='ocrx_word' id='word_1_418' title='bbox 302 3653 429 3716; x_wconf 67' lang='grc' dir='ltr'>ναὲς</span> <span class='ocrx_word' id='word_1_419' title='bbox 453 3651 608 3720; x_wconf 75' lang='grc' dir='ltr'>ἅγιός</span> <span class='ocrx_word' id='word_1_420' title='bbox 641 3651 808 3714; x_wconf 78' lang='grc' dir='ltr'>ἐστιν,</span> <span class='ocrx_word' id='word_1_421' title='bbox 834 3653 1030 3714; x_wconf 83' lang='grc' dir='ltr'>οἰτινὲς</span> <span class='ocrx_word' id='word_1_422' title='bbox 1060 3653 1182 3707; x_wconf 76' lang='grc' dir='ltr'>ἐστε</span> <span class='ocrx_word' id='word_1_423' title='bbox 1219 3655 1395 3723; x_wconf 81' lang='grc' dir='ltr'>ὑμεῖς.</span> <span class='ocrx_word' id='word_1_424' title='bbox 1431 3674 1448 3704; x_wconf 78' lang='grc' dir='ltr'><strong>ι</strong></span> <span class='ocrx_word' id='word_1_425' title='bbox 1477 3653 1540 3708; x_wconf 83' lang='lat' dir='ltr'><strong>Ei</strong></span> <span class='ocrx_word' id='word_1_426' title='bbox 1573 3656 1751 3708; x_wconf 88' lang='grc' dir='ltr'>τοίνυν</span> <span class='ocrx_word' id='word_1_427' title='bbox 1782 3655 1881 3726; x_wconf 72' lang='grc' dir='ltr'>τὴν</span> 
     </span>
    </p>
   </div>
   <div class='ocr_carea' id='block_1_54' title="bbox 304 3741 1880 3818">
    <p class='ocr_par' dir='ltr' id='par_1_54' title="bbox 304 3741 1880 3818">
     <span class='ocr_line' id='line_1_54' title="bbox 304 3741 1880 3818; baseline 0.005 -23"><span class='ocrx_word' id='word_1_428' title='bbox 304 3745 463 3812; x_wconf 76' lang='grc' dir='ltr'>χάριν</span> <span class='ocrx_word' id='word_1_429' title='bbox 504 3741 595 3795; x_wconf 89' lang='grc' dir='ltr'><strong>τοῦ</strong></span> <span class='ocrx_word' id='word_1_430' title='bbox 639 3742 956 3814; x_wconf 80' lang='grc' dir='ltr'>Πνεῦματος</span> <span class='ocrx_word' id='word_1_431' title='bbox 991 3744 1078 3798; x_wconf 73' lang='grc' dir='ltr'><strong>διὰ</strong></span> <span class='ocrx_word' id='word_1_432' title='bbox 1105 3743 1200 3798; x_wconf 83' lang='grc' dir='ltr'><strong>τοῦ</strong></span> <span class='ocrx_word' id='word_1_433' title='bbox 1252 3745 1626 3818; x_wconf 79' lang='grc' dir='ltr'>βαπτίσματος</span> <span class='ocrx_word' id='word_1_434' title='bbox 1665 3749 1880 3818; x_wconf 74' lang='grc' dir='ltr'>λαμϐά-</span> 
     </span>
    </p>
   </div>
   <div class='ocr_carea' id='block_1_55' title="bbox 303 3833 1884 3910">
    <p class='ocr_par' dir='ltr' id='par_1_55' title="bbox 303 3833 1884 3910">
     <span class='ocr_line' id='line_1_55' title="bbox 303 3833 1884 3910; baseline 0.002 -21"><span class='ocrx_word' id='word_1_435' title='bbox 303 3850 489 3889; x_wconf 84' lang='grc' dir='ltr'>νουσιν</span> <span class='ocrx_word' id='word_1_436' title='bbox 519 3833 566 3886; x_wconf 73' lang='grc' dir='ltr'><strong>οἱ</strong></span> <span class='ocrx_word' id='word_1_437' title='bbox 603 3835 966 3902; x_wconf 82' lang='grc' dir='ltr'>πιστεύοντες,</span> <span class='ocrx_word' id='word_1_438' title='bbox 998 3835 1199 3905; x_wconf 80' lang='grc' dir='ltr'>ταύτης</span> <span class='ocrx_word' id='word_1_439' title='bbox 1243 3837 1298 3890; x_wconf 80' lang='grc' dir='ltr'>δὲ</span> <span class='ocrx_word' id='word_1_440' title='bbox 1335 3839 1439 3910; x_wconf 79' lang='grc' dir='ltr'>τῆς</span> <span class='ocrx_word' id='word_1_441' title='bbox 1465 3839 1670 3910; x_wconf 84' lang='grc' dir='ltr'>δωρεᾶς</span> <span class='ocrx_word' id='word_1_442' title='bbox 1705 3837 1884 3903; x_wconf 82' lang='grc' dir='ltr'><strong>ἀξιού-</strong></span> 
     </span>
    </p>
   </div>
   <div class='ocr_carea' id='block_1_56' title="bbox 309 3924 1882 4000">
    <p class='ocr_par' dir='ltr' id='par_1_56' title="bbox 309 3924 1882 4000">
     <span class='ocr_line' id='line_1_56' title="bbox 309 3924 1882 4000; baseline 0.005 -26"><span class='ocrx_word' id='word_1_443' title='bbox 309 3940 482 3994; x_wconf 80' lang='grc' dir='ltr'>μενοι,</span> <span class='ocrx_word' id='word_1_444' title='bbox 512 3924 636 3986; x_wconf 83' lang='grc' dir='ltr'>ναὸς</span> <span class='ocrx_word' id='word_1_445' title='bbox 660 3924 792 3977; x_wconf 83' lang='grc' dir='ltr'>Θεοῦ</span> <span class='ocrx_word' id='word_1_446' title='bbox 825 3926 1253 3996; x_wconf 78' lang='grc' dir='ltr'>χρηματίζομεν,</span> <span class='ocrx_word' id='word_1_447' title='bbox 1277 3927 1410 3989; x_wconf 72' lang='grc' dir='ltr'>Θεὸς</span> <span class='ocrx_word' id='word_1_448' title='bbox 1443 3928 1549 3999; x_wconf 83' lang='grc' dir='ltr'>ἄρα</span> <span class='ocrx_word' id='word_1_449' title='bbox 1576 3929 1636 3982; x_wconf 77' lang='grc' dir='ltr'>τὸ</span> <span class='ocrx_word' id='word_1_450' title='bbox 1660 3929 1882 4000; x_wconf 88' lang='grc' dir='ltr'>Πνεῦμα</span> 
     </span>
    </p>
   </div>
   <div class='ocr_carea' id='block_1_57' title="bbox 303 4014 1878 4089">
    <p class='ocr_par' dir='ltr' id='par_1_57' title="bbox 303 4014 1878 4089">
     <span class='ocr_line' id='line_1_57' title="bbox 303 4014 1878 4089; baseline 0.005 -23"><span class='ocrx_word' id='word_1_451' title='bbox 303 4014 364 4066; x_wconf 73' lang='grc' dir='ltr'>τὸ</span> <span class='ocrx_word' id='word_1_452' title='bbox 389 4014 558 4084; x_wconf 64' lang='grc' dir='ltr'>ἅγιον.</span> <span class='ocrx_word' id='word_1_453' title='bbox 583 4017 783 4069; x_wconf 74' lang='grc' dir='ltr'>Τούτου</span> <span class='ocrx_word' id='word_1_454' title='bbox 808 4017 988 4088; x_wconf 83' lang='grc' dir='ltr'>χάριν,</span> <span class='ocrx_word' id='word_1_455' title='bbox 1009 4014 1360 4089; x_wconf 69' lang='grc' dir='ltr'>είὲνοίκησις</span> <span class='ocrx_word' id='word_1_456' title='bbox 1383 4020 1478 4072; x_wconf 71' lang='grc' dir='ltr'>καὶ</span> <span class='ocrx_word' id='word_1_457' title='bbox 1495 4021 1624 4083; x_wconf 76' lang='grc' dir='ltr'>ναὸς</span> <span class='ocrx_word' id='word_1_458' title='bbox 1652 4021 1790 4073; x_wconf 86' lang='grc' dir='ltr'>Θεοῦ</span> <span class='ocrx_word' id='word_1_459' title='bbox 1830 4023 1878 4074; x_wconf 85' lang='lat' dir='ltr'><strong>oi</strong></span> 
     </span>
    </p>
   </div>
   <div class='ocr_carea' id='block_1_58' title="bbox 301 4106 1884 4183">
    <p class='ocr_par' dir='ltr' id='par_1_58' title="bbox 301 4106 1884 4183">
     <span class='ocr_line' id='line_1_58' title="bbox 301 4106 1884 4183; baseline 0.003 -25"><span class='ocrx_word' id='word_1_460' title='bbox 301 4108 403 4175; x_wconf 76' lang='grc' dir='ltr'>τῆς</span> <span class='ocrx_word' id='word_1_461' title='bbox 422 4106 513 4160; x_wconf 91' lang='grc' dir='ltr'><strong>τοῦ</strong></span> <span class='ocrx_word' id='word_1_462' title='bbox 545 4107 864 4178; x_wconf 80' lang='grc' dir='ltr'>Πνεῦματος</span> <span class='ocrx_word' id='word_1_463' title='bbox 891 4109 1112 4183; x_wconf 73' lang='grc' dir='ltr'>χάριτος</span> <span class='ocrx_word' id='word_1_464' title='bbox 1141 4109 1504 4173; x_wconf 78' lang='grc' dir='ltr'>ἀπολαύοντες</span> <span class='ocrx_word' id='word_1_465' title='bbox 1527 4111 1633 4164; x_wconf 75' lang='grc' dir='ltr'>εἰσὶ</span> <span class='ocrx_word' id='word_1_466' title='bbox 1665 4113 1755 4163; x_wconf 71' lang='grc' dir='ltr'>καὶ</span> <span class='ocrx_word' id='word_1_467' title='bbox 1786 4127 1884 4163; x_wconf 86' lang='grc' dir='ltr'>κα-</span> 
     </span>
    </p>
   </div>
   <div class='ocr_carea' id='block_1_59' title="bbox 303 4199 1886 4272">
    <p class='ocr_par' dir='ltr' id='par_1_59' title="bbox 303 4199 1886 4272">
     <span class='ocr_line' id='line_1_59' title="bbox 303 4199 1886 4272; baseline 0.003 -22"><span class='ocrx_word' id='word_1_468' title='bbox 303 4199 544 4262; x_wconf 72' lang='grc' dir='ltr'>λοῦνται,</span> <span class='ocrx_word' id='word_1_469' title='bbox 591 4200 690 4270; x_wconf 77' lang='grc' dir='ltr'>τῆς</span> <span class='ocrx_word' id='word_1_470' title='bbox 730 4199 878 4264; x_wconf 82' lang='grc' dir='ltr'>θείας</span> <span class='ocrx_word' id='word_1_471' title='bbox 915 4201 1127 4270; x_wconf 79' lang='grc' dir='ltr'>φύσεως</span> <span class='ocrx_word' id='word_1_472' title='bbox 1159 4201 1316 4272; x_wconf 81' lang='grc' dir='ltr'>δῆλον</span> <span class='ocrx_word' id='word_1_473' title='bbox 1355 4203 1436 4254; x_wconf 82' lang='grc' dir='ltr'>ὅτι</span> <span class='ocrx_word' id='word_1_474' title='bbox 1468 4201 1528 4253; x_wconf 88' lang='grc' dir='ltr'>τὸ</span> <span class='ocrx_word' id='word_1_475' title='bbox 1560 4201 1782 4271; x_wconf 88' lang='grc' dir='ltr'>Πνεῦμα</span> <span class='ocrx_word' id='word_1_476' title='bbox 1825 4203 1886 4254; x_wconf 80' lang='grc' dir='ltr'>τὸ</span> 
     </span>
    </p>
   </div>
   <div class='ocr_carea' id='block_1_60' title="bbox 303 4289 1882 4366">
    <p class='ocr_par' dir='ltr' id='par_1_60' title="bbox 303 4289 1882 4366">
     <span class='ocr_line' id='line_1_60' title="bbox 303 4289 1882 4366; baseline 0.002 -23"><span class='ocrx_word' id='word_1_477' title='bbox 303 4290 483 4356; x_wconf 70' lang='grc' dir='ltr'>ἅγιον,</span> <span class='ocrx_word' id='word_1_478' title='bbox 517 4289 607 4344; x_wconf 64' lang='grc' dir='ltr'>καὶ</span> <span class='ocrx_word' id='word_1_479' title='bbox 633 4291 811 4362; x_wconf 68' lang='grc' dir='ltr'>Πατρὶ</span> <span class='ocrx_word' id='word_1_480' title='bbox 841 4293 935 4345; x_wconf 74' lang='grc' dir='ltr'>καὶ</span> <span class='ocrx_word' id='word_1_481' title='bbox 970 4293 1084 4366; x_wconf 79' lang='grc' dir='ltr'><strong>Υίῷ</strong></span> <span class='ocrx_word' id='word_1_482' title='bbox 1119 4295 1422 4366; x_wconf 78' lang='grc' dir='ltr'>ὀμοούσιον.</span> <span class='ocrx_word' id='word_1_483' title='bbox 1463 4296 1526 4348; x_wconf 81' lang='lat' dir='ltr'><strong>Ei</strong></span> <span class='ocrx_word' id='word_1_484' title='bbox 1559 4295 1614 4346; x_wconf 82' lang='grc' dir='ltr'>δὲ</span> <span class='ocrx_word' id='word_1_485' title='bbox 1652 4295 1882 4364; x_wconf 81' lang='grc' dir='ltr'>κτίσμα,</span> 
     </span>
    </p>
   </div>
   <div class='ocr_carea' id='block_1_61' title="bbox 2045 2023 3486 2096">
    <p class='ocr_par' dir='ltr' id='par_1_61' title="bbox 2045 2023 3486 2096">
     <span class='ocr_line' id='line_1_61' title="bbox 2045 2023 3486 2096; baseline -0.003 -16"><span class='ocrx_word' id='word_1_486' title='bbox 2045 2025 2260 2096; x_wconf 81' lang='lat' dir='ltr'><strong>703m</strong></span> <span class='ocrx_word' id='word_1_487' title='bbox 2281 2024 2472 2080; x_wconf 79' lang='lat' dir='ltr'><strong>XXIV.</strong></span> <span class='ocrx_word' id='word_1_488' title='bbox 2497 2025 2650 2092; x_wconf 80' lang='lat' dir='ltr'><strong>Quod</strong></span> <span class='ocrx_word' id='word_1_489' title='bbox 2677 2041 2900 2096; x_wconf 64' lang='lat' dir='ltr'><strong>magnus</strong></span> <span class='ocrx_word' id='word_1_490' title='bbox 2923 2023 3198 2094; x_wconf 75' lang='lat' dir='ltr'><strong>Apostolus</strong></span> <span class='ocrx_word' id='word_1_491' title='bbox 3224 2025 3486 2096; x_wconf 74' lang='lat' dir='ltr'><strong>Spiritum</strong></span> 
     </span>
    </p>
   </div>
   <div class='ocr_carea' id='block_1_62' title="bbox 2422 2093 3204 2151">
    <p class='ocr_par' dir='ltr' id='par_1_62' title="bbox 2422 2093 3204 2151">
     <span class='ocr_line' id='line_1_62' title="bbox 2422 2093 3204 2151; baseline 0 -1"><span class='ocrx_word' id='word_1_492' title='bbox 2422 2107 2666 2150; x_wconf 77' lang='lat' dir='ltr'><strong>sanctum</strong></span> <span class='ocrx_word' id='word_1_493' title='bbox 2695 2093 2861 2150; x_wconf 76' lang='lat' dir='ltr'><strong>Deum</strong></span> <span class='ocrx_word' id='word_1_494' title='bbox 2893 2093 3003 2151; x_wconf 73' lang='lat' dir='ltr'><strong>esse</strong></span> <span class='ocrx_word' id='word_1_495' title='bbox 3031 2096 3204 2150; x_wconf 72' lang='lat' dir='ltr'><strong>scivit.</strong></span> 
     </span>
    </p>
   </div>
   <div class='ocr_carea' id='block_1_63' title="bbox 2045 2207 3559 2278">
    <p class='ocr_par' dir='ltr' id='par_1_63' title="bbox 2045 2207 3559 2278">
     <span class='ocr_line' id='line_1_63' title="bbox 2045 2207 3559 2278; baseline 0.002 -17"><span class='ocrx_word' id='word_1_496' title='bbox 2045 2207 2200 2277; x_wconf 86' lang='lat' dir='ltr'><strong>Quod</strong></span> <span class='ocrx_word' id='word_1_497' title='bbox 2253 2217 2430 2263; x_wconf 87' lang='lat' dir='ltr'><strong>autem</strong></span> <span class='ocrx_word' id='word_1_498' title='bbox 2497 2207 2591 2264; x_wconf 89' lang='lat' dir='ltr'><strong>Dei</strong></span> <span class='ocrx_word' id='word_1_499' title='bbox 2635 2207 2706 2264; x_wconf 89' lang='lat' dir='ltr'><strong>sit</strong></span> <span class='ocrx_word' id='word_1_500' title='bbox 2761 2207 2997 2278; x_wconf 79' lang='lat' dir='ltr'><strong>Spiritus</strong></span> <span class='ocrx_word' id='word_1_501' title='bbox 3051 2217 3310 2272; x_wconf 87' lang='lat' dir='ltr'><strong>sanctus,</strong></span> <span class='ocrx_word' id='word_1_502' title='bbox 3375 2207 3559 2264; x_wconf 87' lang='lat' dir='ltr'><strong>denuo</strong></span> 
     </span>
    </p>
   </div>
   <div class='ocr_carea' id='block_1_64' title="bbox 1975 2299 3550 2366">
    <p class='ocr_par' dir='ltr' id='par_1_64' title="bbox 1975 2299 3550 2366">
     <span class='ocr_line' id='line_1_64' title="bbox 1975 2299 3550 2366; baseline -0.002 -9"><span class='ocrx_word' id='word_1_503' title='bbox 1975 2301 2170 2357; x_wconf 83' lang='lat' dir='ltr'><strong>Paulus</strong></span> <span class='ocrx_word' id='word_1_504' title='bbox 2203 2316 2300 2356; x_wconf 91' lang='lat' dir='ltr'><strong>nos</strong></span> <span class='ocrx_word' id='word_1_505' title='bbox 2329 2301 2485 2356; x_wconf 87' lang='lat' dir='ltr'><strong>docet</strong></span> <span class='ocrx_word' id='word_1_506' title='bbox 2514 2319 2528 2356; x_wconf 90' lang='lat'><strong>:</strong></span> <span class='ocrx_word' id='word_1_507' title='bbox 2561 2318 2580 2351; x_wconf 81' lang='grc' dir='ltr'><strong>ι</strong></span> <span class='ocrx_word' id='word_1_508' title='bbox 2620 2300 2797 2354; x_wconf 86' lang='lat' dir='ltr'><strong>Abluti</strong></span> <span class='ocrx_word' id='word_1_509' title='bbox 2835 2301 2992 2366; x_wconf 87' lang='lat' dir='ltr'><strong>estis,</strong></span> <span class='ocrx_word' id='word_1_510' title='bbox 3023 2299 3234 2366; x_wconf 87' lang='lat' dir='ltr'><strong>dicens,</strong></span> <span class='ocrx_word' id='word_1_511' title='bbox 3265 2306 3322 2354; x_wconf 91' lang='lat' dir='ltr'><strong>et</strong></span> <span class='ocrx_word' id='word_1_512' title='bbox 3343 2299 3550 2354; x_wconf 86' lang='lat' dir='ltr'><strong>sancti-</strong></span> 
     </span>
    </p>
   </div>
   <div class='ocr_carea' id='block_1_65' title="bbox 1975 2387 3557 2462">
    <p class='ocr_par' dir='ltr' id='par_1_65' title="bbox 1975 2387 3557 2462">
     <span class='ocr_line' id='line_1_65' title="bbox 1975 2387 3557 2462; baseline -0.002 -16"><span class='ocrx_word' id='word_1_513' title='bbox 1975 2389 2118 2446; x_wconf 86' lang='lat' dir='ltr'><strong>ﬁcati</strong></span> <span class='ocrx_word' id='word_1_514' title='bbox 2161 2400 2324 2460; x_wconf 86' lang='lat' dir='ltr'><strong>atque</strong></span> <span class='ocrx_word' id='word_1_515' title='bbox 2351 2391 2629 2462; x_wconf 63' lang='lat' dir='ltr'><strong>iustiﬁcati</strong></span> <span class='ocrx_word' id='word_1_516' title='bbox 2666 2389 2718 2446; x_wconf 92' lang='lat' dir='ltr'><strong>in</strong></span> <span class='ocrx_word' id='word_1_517' title='bbox 2745 2389 2964 2445; x_wconf 87' lang='lat' dir='ltr'><strong>nomine</strong></span> <span class='ocrx_word' id='word_1_518' title='bbox 2998 2389 3208 2445; x_wconf 88' lang='lat' dir='ltr'><strong>Domini</strong></span> <span class='ocrx_word' id='word_1_519' title='bbox 3238 2391 3406 2445; x_wconf 90' lang='lat' dir='ltr'><strong>nostri</strong></span> <span class='ocrx_word' id='word_1_520' title='bbox 3428 2387 3557 2446; x_wconf 77' lang='lat' dir='ltr'><strong>Jesu</strong></span> 
     </span>
    </p>
   </div>
   <div class='ocr_carea' id='block_1_66' title="bbox 1976 2477 3560 2552">
    <p class='ocr_par' dir='ltr' id='par_1_66' title="bbox 1976 2477 3560 2552">
     <span class='ocr_line' id='line_1_66' title="bbox 1976 2477 3560 2552; baseline 0.001 -16"><span class='ocrx_word' id='word_1_521' title='bbox 1976 2481 2194 2542; x_wconf 85' lang='lat' dir='ltr'><strong>Christi,</strong></span> <span class='ocrx_word' id='word_1_522' title='bbox 2221 2489 2271 2534; x_wconf 89' lang='lat' dir='ltr'><strong>et</strong></span> <span class='ocrx_word' id='word_1_523' title='bbox 2305 2479 2356 2534; x_wconf 91' lang='lat' dir='ltr'><strong>iu</strong></span> <span class='ocrx_word' id='word_1_524' title='bbox 2381 2479 2582 2550; x_wconf 84' lang='lat' dir='ltr'><strong>Spiritu</strong></span> <span class='ocrx_word' id='word_1_525' title='bbox 2611 2477 2702 2536; x_wconf 91' lang='lat' dir='ltr'><strong>Dei</strong></span> <span class='ocrx_word' id='word_1_526' title='bbox 2730 2481 2897 2536; x_wconf 85' lang='lat' dir='ltr'><strong>nostri</strong></span> <span class='ocrx_word' id='word_1_527' title='bbox 2914 2481 2980 2535; x_wconf 79' lang='lat'><strong>&quot;.</strong></span> <span class='ocrx_word' id='word_1_528' title='bbox 3005 2500 3024 2533; x_wconf 75' lang='grc' dir='ltr'><strong>ι</strong></span> <span class='ocrx_word' id='word_1_529' title='bbox 3049 2479 3158 2536; x_wconf 91' lang='lat' dir='ltr'><strong>Cur</strong></span> <span class='ocrx_word' id='word_1_530' title='bbox 3185 2483 3330 2536; x_wconf 86' lang='lat' dir='ltr'><strong>enim</strong></span> <span class='ocrx_word' id='word_1_531' title='bbox 3363 2479 3560 2552; x_wconf 85' lang='lat' dir='ltr'><strong>templa</strong></span> 
     </span>
    </p>
   </div>
   <div class='ocr_carea' id='block_1_67' title="bbox 1975 2571 3562 2644">
    <p class='ocr_par' dir='ltr' id='par_1_67' title="bbox 1975 2571 3562 2644">
     <span class='ocr_line' id='line_1_67' title="bbox 1975 2571 3562 2644; baseline 0.003 -18"><span class='ocrx_word' id='word_1_532' title='bbox 1975 2571 2068 2627; x_wconf 93' lang='lat' dir='ltr'><strong>Dei</strong></span> <span class='ocrx_word' id='word_1_533' title='bbox 2097 2573 2447 2642; x_wconf 86' lang='lat' dir='ltr'><strong>appellamur,</strong></span> <span class='ocrx_word' id='word_1_534' title='bbox 2473 2571 2562 2642; x_wconf 90' lang='lat' dir='ltr'><strong>qui</strong></span> <span class='ocrx_word' id='word_1_535' title='bbox 2593 2587 2688 2642; x_wconf 88' lang='lat' dir='ltr'><strong>per</strong></span> <span class='ocrx_word' id='word_1_536' title='bbox 2708 2571 3033 2644; x_wconf 84' lang='lat' dir='ltr'><strong>baptismum</strong></span> <span class='ocrx_word' id='word_1_537' title='bbox 3081 2573 3315 2644; x_wconf 82' lang='lat' dir='ltr'><strong>Spiritus</strong></span> <span class='ocrx_word' id='word_1_538' title='bbox 3336 2575 3562 2644; x_wconf 73' lang='lat' dir='ltr'><strong>gratiam</strong></span> 
     </span>
    </p>
   </div>
   <div class='ocr_carea' id='block_1_68' title="bbox 1977 2663 3560 2734">
    <p class='ocr_par' dir='ltr' id='par_1_68' title="bbox 1977 2663 3560 2734">
     <span class='ocr_line' id='line_1_68' title="bbox 1977 2663 3560 2734; baseline 0.003 -16"><span class='ocrx_word' id='word_1_539' title='bbox 1977 2666 2312 2734; x_wconf 88' lang='lat' dir='ltr'><strong>recepimus,</strong></span> <span class='ocrx_word' id='word_1_540' title='bbox 2361 2663 2461 2718; x_wconf 88' lang='lat' dir='ltr'><strong>nisi</strong></span> <span class='ocrx_word' id='word_1_541' title='bbox 2516 2663 2629 2733; x_wconf 92' lang='lat' dir='ltr'><strong>ipse</strong></span> <span class='ocrx_word' id='word_1_542' title='bbox 2673 2674 2894 2720; x_wconf 86' lang='lat' dir='ltr'><strong>sanctus</strong></span> <span class='ocrx_word' id='word_1_543' title='bbox 2935 2663 3168 2732; x_wconf 87' lang='lat' dir='ltr'><strong>Spiritus</strong></span> <span class='ocrx_word' id='word_1_544' title='bbox 3229 2665 3370 2720; x_wconf 86' lang='lat' dir='ltr'><strong>Deus</strong></span> <span class='ocrx_word' id='word_1_545' title='bbox 3415 2675 3500 2722; x_wconf 87' lang='lat' dir='ltr'><strong>est</strong></span> <span class='ocrx_word' id='word_1_546' title='bbox 3533 2667 3560 2722; x_wconf 71' lang='grc'><strong>1</strong></span> 
     </span>
    </p>
   </div>
   <div class='ocr_carea' id='block_1_69' title="bbox 1975 2755 3562 2826">
    <p class='ocr_par' dir='ltr' id='par_1_69' title="bbox 1975 2755 3562 2826">
     <span class='ocr_line' id='line_1_69' title="bbox 1975 2755 3562 2826; baseline 0 -17"><span class='ocrx_word' id='word_1_547' title='bbox 1975 2756 2128 2823; x_wconf 85' lang='lat' dir='ltr'><strong>Quod</strong></span> <span class='ocrx_word' id='word_1_548' title='bbox 2173 2765 2352 2812; x_wconf 86' lang='lat' dir='ltr'><strong>autem</strong></span> <span class='ocrx_word' id='word_1_549' title='bbox 2399 2755 2635 2826; x_wconf 81' lang='lat' dir='ltr'><strong>Spiritus</strong></span> <span class='ocrx_word' id='word_1_550' title='bbox 2691 2755 2888 2824; x_wconf 84' lang='lat' dir='ltr'><strong>templa</strong></span> <span class='ocrx_word' id='word_1_551' title='bbox 2947 2755 3136 2811; x_wconf 81' lang='lat' dir='ltr'><strong>ﬁdeles</strong></span> <span class='ocrx_word' id='word_1_552' title='bbox 3198 2756 3562 2826; x_wconf 82' lang='lat' dir='ltr'><strong>appellentur,</strong></span> 
     </span>
    </p>
   </div>
   <div class='ocr_carea' id='block_1_70' title="bbox 1976 2845 3564 2920">
    <p class='ocr_par' dir='ltr' id='par_1_70' title="bbox 1976 2845 3564 2920">
     <span class='ocr_line' id='line_1_70' title="bbox 1976 2845 3564 2920; baseline -0.001 -16"><span class='ocrx_word' id='word_1_553' title='bbox 1976 2848 2088 2918; x_wconf 87' lang='lat' dir='ltr'><strong>ipse</strong></span> <span class='ocrx_word' id='word_1_554' title='bbox 2118 2864 2216 2902; x_wconf 89' lang='lat' dir='ltr'><strong>nos</strong></span> <span class='ocrx_word' id='word_1_555' title='bbox 2250 2847 2406 2904; x_wconf 86' lang='lat' dir='ltr'><strong>docet</strong></span> <span class='ocrx_word' id='word_1_556' title='bbox 2459 2845 2749 2918; x_wconf 81' lang='lat' dir='ltr'><strong>Apostolus</strong></span> <span class='ocrx_word' id='word_1_557' title='bbox 2797 2847 2983 2904; x_wconf 89' lang='lat' dir='ltr'><strong>dicens</strong></span> <span class='ocrx_word' id='word_1_558' title='bbox 3023 2870 3036 2904; x_wconf 92' lang='lat'><strong>:</strong></span> <span class='ocrx_word' id='word_1_559' title='bbox 3089 2867 3108 2900; x_wconf 80' lang='grc' dir='ltr'><strong>ι</strong></span> <span class='ocrx_word' id='word_1_560' title='bbox 3149 2845 3385 2904; x_wconf 82' lang='lat' dir='ltr'><strong>Nescitis</strong></span> <span class='ocrx_word' id='word_1_561' title='bbox 3423 2862 3564 2920; x_wconf 90' lang='lat' dir='ltr'><strong>quo-</strong></span> 
     </span>
    </p>
   </div>
   <div class='ocr_carea' id='block_1_71' title="bbox 1975 2937 3566 3014">
    <p class='ocr_par' dir='ltr' id='par_1_71' title="bbox 1975 2937 3566 3014">
     <span class='ocr_line' id='line_1_71' title="bbox 1975 2937 3566 3014; baseline -0.001 -20"><span class='ocrx_word' id='word_1_562' title='bbox 1975 2941 2119 2994; x_wconf 78' lang='lat' dir='ltr'><strong>niam</strong></span> <span class='ocrx_word' id='word_1_563' title='bbox 2149 2955 2377 3010; x_wconf 86' lang='lat' dir='ltr'><strong>corpora</strong></span> <span class='ocrx_word' id='word_1_564' title='bbox 2408 2950 2585 2995; x_wconf 88' lang='lat' dir='ltr'><strong>vestra</strong></span> <span class='ocrx_word' id='word_1_565' title='bbox 2611 2940 2862 3008; x_wconf 86' lang='lat' dir='ltr'><strong>templum</strong></span> <span class='ocrx_word' id='word_1_566' title='bbox 2899 2937 3166 3014; x_wconf 3' lang='lat' dir='ltr'><strong>suntqejus</strong></span> <span class='ocrx_word' id='word_1_567' title='bbox 3193 2941 3282 3010; x_wconf 85' lang='lat' dir='ltr'><strong>qui</strong></span> <span class='ocrx_word' id='word_1_568' title='bbox 3315 2939 3368 2992; x_wconf 91' lang='lat' dir='ltr'><strong>in</strong></span> <span class='ocrx_word' id='word_1_569' title='bbox 3413 2937 3566 2993; x_wconf 82' lang='lat' dir='ltr'><strong>vobis</strong></span> 
     </span>
    </p>
   </div>
   <div class='ocr_carea' id='block_1_72' title="bbox 1961 3013 3565 3100">
    <p class='ocr_par' dir='ltr' id='par_1_72' title="bbox 1961 3013 3565 3100">
     <span class='ocr_line' id='line_1_72' title="bbox 1961 3013 3565 3100; baseline -0.004 -13"><span class='ocrx_word' id='word_1_570' title='bbox 1961 3013 2096 3098; x_wconf 79' lang='lat' dir='ltr'><strong>est,</strong></span> <span class='ocrx_word' id='word_1_571' title='bbox 2125 3031 2294 3085; x_wconf 81' lang='lat' dir='ltr'><strong>sancti</strong></span> <span class='ocrx_word' id='word_1_572' title='bbox 2335 3029 2595 3100; x_wconf 88' lang='lat' dir='ltr'><strong>Spiritus,</strong></span> <span class='ocrx_word' id='word_1_573' title='bbox 2627 3044 2786 3097; x_wconf 89' lang='lat' dir='ltr'><strong>quem</strong></span> <span class='ocrx_word' id='word_1_574' title='bbox 2817 3044 2846 3082; x_wconf 91' lang='lat' dir='ltr'><strong>a</strong></span> <span class='ocrx_word' id='word_1_575' title='bbox 2881 3025 2992 3084; x_wconf 90' lang='lat' dir='ltr'><strong>Deo</strong></span> <span class='ocrx_word' id='word_1_576' title='bbox 3019 3013 3266 3092; x_wconf 83' lang='lat' dir='ltr'><strong>habetis,</strong></span> <span class='ocrx_word' id='word_1_577' title='bbox 3298 3042 3396 3082; x_wconf 89' lang='lat' dir='ltr'><strong>nec</strong></span> <span class='ocrx_word' id='word_1_578' title='bbox 3431 3027 3565 3082; x_wconf 87' lang='lat' dir='ltr'><strong>estis</strong></span> 
     </span>
    </p>
   </div>
   <div class='ocr_carea' id='block_1_73' title="bbox 1975 3117 3562 3190">
    <p class='ocr_par' dir='ltr' id='par_1_73' title="bbox 1975 3117 3562 3190">
     <span class='ocr_line' id='line_1_73' title="bbox 1975 3117 3562 3190; baseline -0.002 -14"><span class='ocrx_word' id='word_1_579' title='bbox 1975 3124 2141 3176; x_wconf 89' lang='lat' dir='ltr'><strong>vestri</strong></span> <span class='ocrx_word' id='word_1_580' title='bbox 2166 3119 2190 3174; x_wconf 77' lang='lat' dir='ltr'><strong>&#39;t</strong></span> <span class='ocrx_word' id='word_1_581' title='bbox 2211 3119 2386 3190; x_wconf 82' lang='lat' dir='ltr'><strong>Empti</strong></span> <span class='ocrx_word' id='word_1_582' title='bbox 2427 3119 2570 3175; x_wconf 85' lang='lat' dir='ltr'><strong>enim</strong></span> <span class='ocrx_word' id='word_1_583' title='bbox 2598 3121 2730 3176; x_wconf 88' lang='lat' dir='ltr'><strong>estis</strong></span> <span class='ocrx_word' id='word_1_584' title='bbox 2763 3119 2935 3187; x_wconf 90' lang='lat' dir='ltr'><strong>pretio</strong></span> <span class='ocrx_word' id='word_1_585' title='bbox 2952 3121 3048 3175; x_wconf 76' lang='grc'><strong>⁸³.»</strong></span> <span class='ocrx_word' id='word_1_586' title='bbox 3075 3117 3350 3190; x_wconf 86' lang='lat' dir='ltr'><strong>Templum</strong></span> <span class='ocrx_word' id='word_1_587' title='bbox 3382 3129 3562 3174; x_wconf 85' lang='lat' dir='ltr'><strong>autem</strong></span> 
     </span>
    </p>
   </div>
   <div class='ocr_carea' id='block_1_74' title="bbox 1978 3207 3567 3282">
    <p class='ocr_par' dir='ltr' id='par_1_74' title="bbox 1978 3207 3567 3282">
     <span class='ocr_line' id='line_1_74' title="bbox 1978 3207 3567 3282; baseline -0.004 -15"><span class='ocrx_word' id='word_1_588' title='bbox 1978 3211 2368 3268; x_wconf 87' lang='lat' dir='ltr'><strong>inhabitantem</strong></span> <span class='ocrx_word' id='word_1_589' title='bbox 2439 3209 2692 3282; x_wconf 67' lang='lat' dir='ltr'><strong>praedicat</strong></span> <span class='ocrx_word' id='word_1_590' title='bbox 2743 3207 2934 3265; x_wconf 90' lang='lat' dir='ltr'><strong>Deum.</strong></span> <span class='ocrx_word' id='word_1_591' title='bbox 2987 3211 3166 3277; x_wconf 84' lang='lat' dir='ltr'><strong>Quare</strong></span> <span class='ocrx_word' id='word_1_592' title='bbox 3208 3217 3263 3264; x_wconf 90' lang='lat' dir='ltr'><strong>et</strong></span> <span class='ocrx_word' id='word_1_593' title='bbox 3317 3207 3567 3278; x_wconf 82' lang='lat' dir='ltr'><strong>superius</strong></span> 
     </span>
    </p>
   </div>
   <div class='ocr_carea' id='block_1_75' title="bbox 1979 3295 3568 3368">
    <p class='ocr_par' dir='ltr' id='par_1_75' title="bbox 1979 3295 3568 3368">
     <span class='ocr_line' id='line_1_75' title="bbox 1979 3295 3568 3368; baseline -0.004 -12"><span class='ocrx_word' id='word_1_594' title='bbox 1979 3301 2157 3356; x_wconf 80' lang='lat' dir='ltr'><strong>aiebat</strong></span> <span class='ocrx_word' id='word_1_595' title='bbox 2185 3321 2197 3357; x_wconf 92' lang='lat'>:</span> <span class='ocrx_word' id='word_1_596' title='bbox 2241 3321 2259 3354; x_wconf 81' lang='grc' dir='ltr'><strong>ι</strong></span> <span class='ocrx_word' id='word_1_597' title='bbox 2291 3297 2523 3356; x_wconf 84' lang='lat' dir='ltr'><strong>Nescitis</strong></span> <span class='ocrx_word' id='word_1_598' title='bbox 2549 3317 2641 3356; x_wconf 84' lang='lat' dir='ltr'><strong>vos</strong></span> <span class='ocrx_word' id='word_1_599' title='bbox 2665 3299 2920 3368; x_wconf 90' lang='lat' dir='ltr'><strong>templum</strong></span> <span class='ocrx_word' id='word_1_600' title='bbox 2953 3297 3044 3353; x_wconf 89' lang='lat' dir='ltr'><strong>Dei</strong></span> <span class='ocrx_word' id='word_1_601' title='bbox 3078 3313 3220 3364; x_wconf 86' lang='lat' dir='ltr'><strong>esse,</strong></span> <span class='ocrx_word' id='word_1_602' title='bbox 3253 3301 3308 3352; x_wconf 86' lang='lat' dir='ltr'><strong>et</strong></span> <span class='ocrx_word' id='word_1_603' title='bbox 3334 3299 3385 3350; x_wconf 91' lang='lat' dir='ltr'><strong>iu</strong></span> <span class='ocrx_word' id='word_1_604' title='bbox 3414 3295 3568 3350; x_wconf 80' lang='lat' dir='ltr'><strong>vobis</strong></span> 
     </span>
    </p>
   </div>
   <div class='ocr_carea' id='block_1_76' title="bbox 1981 3387 3568 3466">
    <p class='ocr_par' dir='ltr' id='par_1_76' title="bbox 1981 3387 3568 3466">
     <span class='ocr_line' id='line_1_76' title="bbox 1981 3387 3568 3466; baseline -0.006 -16"><span class='ocrx_word' id='word_1_605' title='bbox 1981 3393 2224 3450; x_wconf 88' lang='lat' dir='ltr'><strong>habitare</strong></span> <span class='ocrx_word' id='word_1_606' title='bbox 2261 3393 2520 3466; x_wconf 89' lang='lat' dir='ltr'><strong>Spiritum</strong></span> <span class='ocrx_word' id='word_1_607' title='bbox 2557 3391 2693 3448; x_wconf 89' lang='lat' dir='ltr'><strong>Dei?</strong></span> <span class='ocrx_word' id='word_1_608' title='bbox 2722 3393 2778 3448; x_wconf 92' lang='lat' dir='ltr'><strong>Si</strong></span> <span class='ocrx_word' id='word_1_609' title='bbox 2803 3393 2925 3464; x_wconf 85' lang='lat' dir='ltr'><strong>quis</strong></span> <span class='ocrx_word' id='word_1_610' title='bbox 2971 3389 3223 3460; x_wconf 89' lang='lat' dir='ltr'><strong>templum</strong></span> <span class='ocrx_word' id='word_1_611' title='bbox 3263 3389 3357 3443; x_wconf 91' lang='lat' dir='ltr'><strong>Dei</strong></span> <span class='ocrx_word' id='word_1_612' title='bbox 3397 3387 3568 3442; x_wconf 83' lang='lat' dir='ltr'><strong>viola-</strong></span> 
     </span>
    </p>
   </div>
   <div class='ocr_carea' id='block_1_77' title="bbox 1980 3476 3566 3554">
    <p class='ocr_par' dir='ltr' id='par_1_77' title="bbox 1980 3476 3566 3554">
     <span class='ocr_line' id='line_1_77' title="bbox 1980 3476 3566 3554; baseline -0.005 -14"><span class='ocrx_word' id='word_1_613' title='bbox 1980 3488 2153 3550; x_wconf 89' lang='lat' dir='ltr'><strong>verit,</strong></span> <span class='ocrx_word' id='word_1_614' title='bbox 2203 3485 2477 3554; x_wconf 88' lang='lat' dir='ltr'><strong>disperdet</strong></span> <span class='ocrx_word' id='word_1_615' title='bbox 2529 3481 2674 3540; x_wconf 87' lang='lat' dir='ltr'><strong>illum</strong></span> <span class='ocrx_word' id='word_1_616' title='bbox 2727 3479 2888 3540; x_wconf 87' lang='lat' dir='ltr'><strong>Deus.</strong></span> <span class='ocrx_word' id='word_1_617' title='bbox 2945 3479 3223 3550; x_wconf 84' lang='lat' dir='ltr'><strong>Templum</strong></span> <span class='ocrx_word' id='word_1_618' title='bbox 3271 3479 3414 3534; x_wconf 87' lang='lat' dir='ltr'><strong>enim</strong></span> <span class='ocrx_word' id='word_1_619' title='bbox 3470 3476 3566 3532; x_wconf 89' lang='lat' dir='ltr'><strong>Dei</strong></span> 
     </span>
    </p>
   </div>
   <div class='ocr_carea' id='block_1_78' title="bbox 1981 3567 3568 3647">
    <p class='ocr_par' dir='ltr' id='par_1_78' title="bbox 1981 3567 3568 3647">
     <span class='ocr_line' id='line_1_78' title="bbox 1981 3567 3568 3647; baseline -0.006 -13"><span class='ocrx_word' id='word_1_620' title='bbox 1981 3587 2226 3634; x_wconf 82' lang='lat' dir='ltr'><strong>sanctum</strong></span> <span class='ocrx_word' id='word_1_621' title='bbox 2256 3587 2360 3645; x_wconf 84' lang='lat' dir='ltr'><strong>est,</strong></span> <span class='ocrx_word' id='word_1_622' title='bbox 2397 3573 2543 3647; x_wconf 88' lang='lat' dir='ltr'><strong>quod</strong></span> <span class='ocrx_word' id='word_1_623' title='bbox 2592 3577 2724 3632; x_wconf 90' lang='lat' dir='ltr'><strong>estis</strong></span> <span class='ocrx_word' id='word_1_624' title='bbox 2757 3591 2854 3632; x_wconf 91' lang='lat' dir='ltr'><strong>vos</strong></span> <span class='ocrx_word' id='word_1_625' title='bbox 2891 3573 2959 3630; x_wconf 72' lang='grc' dir='ltr'><strong>θ’.</strong></span> <span class='ocrx_word' id='word_1_626' title='bbox 3001 3593 3020 3628; x_wconf 76' lang='grc' dir='ltr'><strong>ι</strong></span> <span class='ocrx_word' id='word_1_627' title='bbox 3071 3571 3127 3627; x_wconf 88' lang='lat' dir='ltr'><strong>Si</strong></span> <span class='ocrx_word' id='word_1_628' title='bbox 3172 3587 3301 3644; x_wconf 77' lang='lat' dir='ltr'><strong>ergo</strong></span> <span class='ocrx_word' id='word_1_629' title='bbox 3334 3567 3568 3641; x_wconf 84' lang='lat' dir='ltr'><strong>Spiritus</strong></span> 
     </span>
    </p>
   </div>
   <div class='ocr_carea' id='block_1_79' title="bbox 1981 3661 3566 3740">
    <p class='ocr_par' dir='ltr' id='par_1_79' title="bbox 1981 3661 3566 3740">
     <span class='ocr_line' id='line_1_79' title="bbox 1981 3661 3566 3740; baseline -0.004 -19"><span class='ocrx_word' id='word_1_630' title='bbox 1981 3669 2206 3740; x_wconf 65' lang='lat' dir='ltr'><strong>gratiam</strong></span> <span class='ocrx_word' id='word_1_631' title='bbox 2255 3685 2348 3738; x_wconf 89' lang='lat' dir='ltr'><strong>per</strong></span> <span class='ocrx_word' id='word_1_632' title='bbox 2415 3667 2740 3736; x_wconf 89' lang='lat' dir='ltr'><strong>baptismum</strong></span> <span class='ocrx_word' id='word_1_633' title='bbox 2805 3667 3076 3737; x_wconf 87' lang='lat' dir='ltr'><strong>recipiunt</strong></span> <span class='ocrx_word' id='word_1_634' title='bbox 3116 3663 3433 3727; x_wconf 85' lang='lat' dir='ltr'><strong>credentes,</strong></span> <span class='ocrx_word' id='word_1_635' title='bbox 3475 3661 3566 3730; x_wconf 84' lang='lat' dir='ltr'><strong>qui</strong></span> 
     </span>
    </p>
   </div>
   <div class='ocr_carea' id='block_1_80' title="bbox 1983 3753 3567 3826">
    <p class='ocr_par' dir='ltr' id='par_1_80' title="bbox 1983 3753 3567 3826">
     <span class='ocr_line' id='line_1_80' title="bbox 1983 3753 3567 3826; baseline -0.003 -18"><span class='ocrx_word' id='word_1_636' title='bbox 1983 3770 2109 3810; x_wconf 86' lang='lat' dir='ltr'><strong>vero</strong></span> <span class='ocrx_word' id='word_1_637' title='bbox 2139 3757 2239 3810; x_wconf 92' lang='lat' dir='ltr'><strong>hoc</strong></span> <span class='ocrx_word' id='word_1_638' title='bbox 2262 3755 2403 3810; x_wconf 89' lang='lat' dir='ltr'><strong>dono</strong></span> <span class='ocrx_word' id='word_1_639' title='bbox 2445 3755 2589 3826; x_wconf 77' lang='lat' dir='ltr'><strong>digni</strong></span> <span class='ocrx_word' id='word_1_640' title='bbox 2629 3755 2844 3822; x_wconf 84' lang='lat' dir='ltr'><strong>fuimus,</strong></span> <span class='ocrx_word' id='word_1_641' title='bbox 2881 3756 3140 3826; x_wconf 89' lang='lat' dir='ltr'><strong>templum</strong></span> <span class='ocrx_word' id='word_1_642' title='bbox 3173 3753 3261 3808; x_wconf 91' lang='lat' dir='ltr'><strong>Dei</strong></span> <span class='ocrx_word' id='word_1_643' title='bbox 3285 3753 3567 3815; x_wconf 69' lang='lat' dir='ltr'><strong>eiﬁcimur,</strong></span> 
     </span>
    </p>
   </div>
   <div class='ocr_carea' id='block_1_81' title="bbox 1982 3843 3566 3916">
    <p class='ocr_par' dir='ltr' id='par_1_81' title="bbox 1982 3843 3566 3916">
     <span class='ocr_line' id='line_1_81' title="bbox 1982 3843 3566 3916; baseline -0.003 -14"><span class='ocrx_word' id='word_1_644' title='bbox 1982 3849 2228 3916; x_wconf 86' lang='lat' dir='ltr'><strong>sequitur</strong></span> <span class='ocrx_word' id='word_1_645' title='bbox 2264 3857 2321 3902; x_wconf 90' lang='lat' dir='ltr'><strong>ut</strong></span> <span class='ocrx_word' id='word_1_646' title='bbox 2351 3847 2490 3902; x_wconf 87' lang='lat' dir='ltr'><strong>Deus</strong></span> <span class='ocrx_word' id='word_1_647' title='bbox 2520 3849 2592 3903; x_wconf 91' lang='lat' dir='ltr'><strong>sit</strong></span> <span class='ocrx_word' id='word_1_648' title='bbox 2633 3845 2868 3916; x_wconf 88' lang='lat' dir='ltr'><strong>Spiritus</strong></span> <span class='ocrx_word' id='word_1_649' title='bbox 2909 3856 3151 3900; x_wconf 86' lang='lat' dir='ltr'><strong>sanctus.</strong></span> <span class='ocrx_word' id='word_1_650' title='bbox 3183 3843 3469 3912; x_wconf 83' lang='lat' dir='ltr'><strong>Propterea</strong></span> <span class='ocrx_word' id='word_1_651' title='bbox 3519 3844 3566 3897; x_wconf 86' lang='lat' dir='ltr'><strong>si</strong></span> 
     </span>
    </p>
   </div>
   <div class='ocr_carea' id='block_1_82' title="bbox 1985 3921 3569 4006">
    <p class='ocr_par' dir='ltr' id='par_1_82' title="bbox 1985 3921 3569 4006">
     <span class='ocr_line' id='line_1_82' title="bbox 1985 3921 3569 4006; baseline -0.006 -14"><span class='ocrx_word' id='word_1_652' title='bbox 1985 3937 2347 3992; x_wconf 87' lang='lat' dir='ltr'><strong>habitaculum</strong></span> <span class='ocrx_word' id='word_1_653' title='bbox 2376 3938 2738 4006; x_wconf 87' lang='lat' dir='ltr'><strong>templumque</strong></span> <span class='ocrx_word' id='word_1_654' title='bbox 2763 3921 2890 3999; x_wconf 83' lang='lat' dir='ltr'><strong>Dei,</strong></span> <span class='ocrx_word' id='word_1_655' title='bbox 2921 3933 2957 3987; x_wconf 89' lang='lat' dir='ltr'><strong>ii</strong></span> <span class='ocrx_word' id='word_1_656' title='bbox 2989 3933 3078 4003; x_wconf 90' lang='lat' dir='ltr'><strong>qui</strong></span> <span class='ocrx_word' id='word_1_657' title='bbox 3107 3935 3281 4002; x_wconf 79' lang='lat' dir='ltr'><strong>gratia</strong></span> <span class='ocrx_word' id='word_1_658' title='bbox 3335 3929 3569 3998; x_wconf 81' lang='lat' dir='ltr'><strong>Spiritus</strong></span> 
     </span>
    </p>
   </div>
   <div class='ocr_carea' id='block_1_83' title="bbox 1985 4017 3564 4093">
    <p class='ocr_par' dir='ltr' id='par_1_83' title="bbox 1985 4017 3564 4093">
     <span class='ocr_line' id='line_1_83' title="bbox 1985 4017 3564 4093; baseline -0.006 -14"><span class='ocrx_word' id='word_1_659' title='bbox 1985 4023 2256 4090; x_wconf 77' lang='lat' dir='ltr'><strong>fruuntur,</strong></span> <span class='ocrx_word' id='word_1_660' title='bbox 2290 4035 2414 4080; x_wconf 87' lang='lat' dir='ltr'><strong>sunt</strong></span> <span class='ocrx_word' id='word_1_661' title='bbox 2443 4035 2496 4078; x_wconf 91' lang='lat' dir='ltr'><strong>et</strong></span> <span class='ocrx_word' id='word_1_662' title='bbox 2523 4025 2885 4093; x_wconf 83' lang='lat' dir='ltr'><strong>appellantur,</strong></span> <span class='ocrx_word' id='word_1_663' title='bbox 2911 4021 3249 4092; x_wconf 82' lang='lat' dir='ltr'><strong>exploratum</strong></span> <span class='ocrx_word' id='word_1_664' title='bbox 3275 4029 3358 4073; x_wconf 88' lang='lat' dir='ltr'><strong>est</strong></span> <span class='ocrx_word' id='word_1_665' title='bbox 3385 4017 3564 4070; x_wconf 82' lang='lat' dir='ltr'><strong>divina</strong></span> 
     </span>
    </p>
   </div>
   <div class='ocr_carea' id='block_1_84' title="bbox 1987 4107 3566 4186">
    <p class='ocr_par' dir='ltr' id='par_1_84' title="bbox 1987 4107 3566 4186">
     <span class='ocr_line' id='line_1_84' title="bbox 1987 4107 3566 4186; baseline -0.005 -14"><span class='ocrx_word' id='word_1_666' title='bbox 1987 4129 2174 4172; x_wconf 86' lang='lat' dir='ltr'><strong>natura</strong></span> <span class='ocrx_word' id='word_1_667' title='bbox 2209 4131 2330 4172; x_wconf 90' lang='lat' dir='ltr'><strong>esse</strong></span> <span class='ocrx_word' id='word_1_668' title='bbox 2382 4117 2662 4186; x_wconf 66' lang='lat' dir='ltr'><strong>praeditum</strong></span> <span class='ocrx_word' id='word_1_669' title='bbox 2699 4115 2957 4185; x_wconf 82' lang='lat' dir='ltr'><strong>Spiritum</strong></span> <span class='ocrx_word' id='word_1_670' title='bbox 2998 4120 3249 4170; x_wconf 83' lang='lat' dir='ltr'><strong>sanctum</strong></span> <span class='ocrx_word' id='word_1_671' title='bbox 3277 4151 3291 4174; x_wconf 92' lang='lat'><strong>,</strong></span> <span class='ocrx_word' id='word_1_672' title='bbox 3324 4119 3378 4166; x_wconf 90' lang='lat' dir='ltr'><strong>et</strong></span> <span class='ocrx_word' id='word_1_673' title='bbox 3417 4107 3566 4164; x_wconf 79' lang='lat' dir='ltr'><strong>Patri</strong></span> 
     </span>
    </p>
   </div>
   <div class='ocr_carea' id='block_1_85' title="bbox 1985 4201 3570 4280">
    <p class='ocr_par' dir='ltr' id='par_1_85' title="bbox 1985 4201 3570 4280">
     <span class='ocr_line' id='line_1_85' title="bbox 1985 4201 3570 4280; baseline -0.008 -14"><span class='ocrx_word' id='word_1_674' title='bbox 1985 4209 2227 4280; x_wconf 85' lang='lat' dir='ltr'><strong>Filioque</strong></span> <span class='ocrx_word' id='word_1_675' title='bbox 2258 4201 2816 4265; x_wconf 60' lang='lat' dir='ltr'><strong>consubstantialem.</strong></span> <span class='ocrx_word' id='word_1_676' title='bbox 2846 4205 2980 4261; x_wconf 85' lang='lat' dir='ltr'><strong>Nam</strong></span> <span class='ocrx_word' id='word_1_677' title='bbox 3009 4205 3052 4261; x_wconf 92' lang='lat' dir='ltr'><strong>si</strong></span> <span class='ocrx_word' id='word_1_678' title='bbox 3094 4211 3342 4260; x_wconf 84' lang='lat' dir='ltr'><strong>creatura</strong></span> <span class='ocrx_word' id='word_1_679' title='bbox 3391 4201 3570 4256; x_wconf 86' lang='lat' dir='ltr'><strong>diver-</strong></span> 
     </span>
    </p>
   </div>
   <div class='ocr_carea' id='block_1_86' title="bbox 1989 4290 3565 4374">
    <p class='ocr_par' dir='ltr' id='par_1_86' title="bbox 1989 4290 3565 4374">
     <span class='ocr_line' id='line_1_86' title="bbox 1989 4290 3565 4374; baseline -0.008 -18"><span class='ocrx_word' id='word_1_680' title='bbox 1989 4317 2169 4372; x_wconf 69' lang='lat' dir='ltr'><strong>saeque</strong></span> <span class='ocrx_word' id='word_1_681' title='bbox 2207 4301 2536 4374; x_wconf 72' lang='lat' dir='ltr'><strong>substantia:</strong></span> <span class='ocrx_word' id='word_1_682' title='bbox 2588 4299 2759 4364; x_wconf 87' lang='lat' dir='ltr'><strong>l&#39;oret,</strong></span> <span class='ocrx_word' id='word_1_683' title='bbox 2819 4295 2960 4353; x_wconf 84' lang='lat' dir='ltr'><strong>haud</strong></span> <span class='ocrx_word' id='word_1_684' title='bbox 3015 4307 3161 4352; x_wconf 84' lang='lat' dir='ltr'><strong>recte</strong></span> <span class='ocrx_word' id='word_1_685' title='bbox 3219 4293 3414 4363; x_wconf 87' lang='lat' dir='ltr'><strong>templa</strong></span> <span class='ocrx_word' id='word_1_686' title='bbox 3471 4290 3565 4345; x_wconf 87' lang='lat' dir='ltr'><strong>Dei</strong></span> 
     </span>
    </p>
   </div>
   <div class='ocr_carea' id='block_1_87' title="bbox 306 4379 1875 4462">
    <p class='ocr_par' dir='ltr' id='par_1_87' title="bbox 306 4382 1875 4456">
     <span class='ocr_line' id='line_1_87' title="bbox 306 4382 1875 4456; baseline 0.003 -22"><span class='ocrx_word' id='word_1_687' title='bbox 306 4383 402 4434; x_wconf 70' lang='grc' dir='ltr'>καὶ</span> <span class='ocrx_word' id='word_1_688' title='bbox 428 4382 484 4447; x_wconf 73' lang='grc' dir='ltr'>ἐξ</span> <span class='ocrx_word' id='word_1_689' title='bbox 531 4383 722 4452; x_wconf 80' lang='grc' dir='ltr'>ἑτέρας</span> <span class='ocrx_word' id='word_1_690' title='bbox 754 4383 942 4448; x_wconf 81' lang='grc' dir='ltr'>οὐσίας</span> <span class='ocrx_word' id='word_1_691' title='bbox 979 4385 1257 4456; x_wconf 82' lang='grc' dir='ltr'>τυγχάνει,</span> <span class='ocrx_word' id='word_1_692' title='bbox 1291 4388 1388 4438; x_wconf 78' lang='grc' dir='ltr'>οὐκ</span> <span class='ocrx_word' id='word_1_693' title='bbox 1416 4387 1640 4449; x_wconf 65' lang='grc' dir='ltr'>εἰκότως</span> <span class='ocrx_word' id='word_1_694' title='bbox 1671 4385 1736 4437; x_wconf 83' lang='grc' dir='ltr'>ἂν</span> <span class='ocrx_word' id='word_1_695' title='bbox 1764 4386 1875 4439; x_wconf 68' lang='grc' dir='ltr'>ναοὶ</span> 
     </span>
    </p>
   </div>
   <div class='ocr_carea' id='block_1_88' title="bbox 1976 4379 3569 4462">
    <p class='ocr_par' dir='ltr' id='par_1_88' title="bbox 1987 4379 3569 4462">
     <span class='ocr_line' id='line_1_88' title="bbox 1987 4379 3569 4462; baseline -0.006 -17"><span class='ocrx_word' id='word_1_696' title='bbox 1987 4391 2387 4462; x_wconf 85' lang='lat' dir='ltr'><strong>appellarentur</strong></span> <span class='ocrx_word' id='word_1_697' title='bbox 2412 4389 2444 4444; x_wconf 93' lang='lat' dir='ltr'><strong>ii</strong></span> <span class='ocrx_word' id='word_1_698' title='bbox 2492 4389 2584 4459; x_wconf 89' lang='lat' dir='ltr'><strong>qui</strong></span> <span class='ocrx_word' id='word_1_699' title='bbox 2609 4387 2766 4457; x_wconf 85' lang='lat' dir='ltr'><strong>hujus</strong></span> <span class='ocrx_word' id='word_1_700' title='bbox 2800 4387 2998 4443; x_wconf 81' lang='lat' dir='ltr'><strong>donum</strong></span> <span class='ocrx_word' id='word_1_701' title='bbox 3031 4394 3157 4439; x_wconf 90' lang='lat' dir='ltr'><strong>sunt</strong></span> <span class='ocrx_word' id='word_1_702' title='bbox 3184 4383 3381 4453; x_wconf 85' lang='lat' dir='ltr'><strong>adepti.</strong></span> <span class='ocrx_word' id='word_1_703' title='bbox 3416 4379 3569 4448; x_wconf 87' lang='lat' dir='ltr'><strong>Quod</strong></span> 
     </span>
    </p>
   </div>
   <div class='ocr_carea' id='block_1_89' title="bbox 307 4471 1886 4548">
    <p class='ocr_par' dir='ltr' id='par_1_89' title="bbox 307 4471 1886 4548">
     <span class='ocr_line' id='line_1_89' title="bbox 307 4471 1886 4548; baseline 0.004 -26"><span class='ocrx_word' id='word_1_704' title='bbox 307 4471 798 4544; x_wconf 77' lang='grc' dir='ltr'>προσαγορευθεῖεν</span> <span class='ocrx_word' id='word_1_705' title='bbox 855 4473 990 4530; x_wconf 85' lang='grc' dir='ltr'>Θεοῦ</span> <span class='ocrx_word' id='word_1_706' title='bbox 1037 4478 1087 4528; x_wconf 92' lang='grc' dir='ltr'><strong>οί</strong></span> <span class='ocrx_word' id='word_1_707' title='bbox 1133 4477 1232 4548; x_wconf 80' lang='grc' dir='ltr'>τῆς</span> <span class='ocrx_word' id='word_1_708' title='bbox 1281 4477 1470 4530; x_wconf 72' lang='grc' dir='ltr'>τούτου</span> <span class='ocrx_word' id='word_1_709' title='bbox 1525 4477 1886 4546; x_wconf 80' lang='grc' dir='ltr'>τυγχάνοντες</span> 
     </span>
    </p>
   </div>
   <div class='ocr_carea' id='block_1_90' title="bbox 301 4551 1885 4642">
    <p class='ocr_par' dir='ltr' id='par_1_90' title="bbox 301 4563 1885 4642">
     <span class='ocr_line' id='line_1_90' title="bbox 301 4563 1885 4642; baseline 0.005 -28"><span class='ocrx_word' id='word_1_710' title='bbox 301 4563 550 4633; x_wconf 76' lang='grc' dir='ltr'>δωρεᾶς·</span> <span class='ocrx_word' id='word_1_711' title='bbox 597 4565 646 4618; x_wconf 90' lang='grc' dir='ltr'><strong>εί</strong></span> <span class='ocrx_word' id='word_1_712' title='bbox 691 4565 748 4617; x_wconf 83' lang='grc' dir='ltr'>δὲ</span> <span class='ocrx_word' id='word_1_713' title='bbox 787 4565 904 4620; x_wconf 58' lang='grc' dir='ltr'><strong>ναοί⁵</strong></span> <span class='ocrx_word' id='word_1_714' title='bbox 950 4563 1086 4621; x_wconf 86' lang='grc' dir='ltr'>Θεοῦ</span> <span class='ocrx_word' id='word_1_715' title='bbox 1133 4567 1508 4639; x_wconf 76' lang='grc' dir='ltr'>ὀνομάζονται,</span> <span class='ocrx_word' id='word_1_716' title='bbox 1549 4571 1597 4622; x_wconf 85' lang='grc' dir='ltr'>οἱ</span> <span class='ocrx_word' id='word_1_717' title='bbox 1653 4569 1885 4642; x_wconf 75' lang='grc' dir='ltr'>μερεκῆς</span> 
     </span>
    </p>
   </div>
   <div class='ocr_carea' id='block_1_91' title="bbox 301 4653 1887 4730">
    <p class='ocr_par' dir='ltr' id='par_1_91' title="bbox 301 4653 1887 4730">
     <span class='ocr_line' id='line_1_91' title="bbox 301 4653 1887 4730; baseline 0.006 -28"><span class='ocrx_word' id='word_1_718' title='bbox 301 4653 450 4715; x_wconf 76' lang='grc' dir='ltr'>τινὸς</span> <span class='ocrx_word' id='word_1_719' title='bbox 490 4653 582 4705; x_wconf 79' lang='grc' dir='ltr'>καὶ</span> <span class='ocrx_word' id='word_1_720' title='bbox 623 4653 883 4725; x_wconf 83' lang='grc' dir='ltr'>βραχείας</span> <span class='ocrx_word' id='word_1_721' title='bbox 930 4657 1084 4726; x_wconf 79' lang='grc' dir='ltr'>παρὰ</span> <span class='ocrx_word' id='word_1_722' title='bbox 1109 4659 1300 4711; x_wconf 80' lang='grc' dir='ltr'>τούτου</span> <span class='ocrx_word' id='word_1_723' title='bbox 1341 4659 1561 4730; x_wconf 82' lang='grc' dir='ltr'>χάριτος</span> <span class='ocrx_word' id='word_1_724' title='bbox 1589 4657 1887 4713; x_wconf 80' lang='grc' dir='ltr'>ἀπολαῦον-</span> 
     </span>
    </p>
   </div>
   <div class='ocr_carea' id='block_1_92' title="bbox 303 4745 1882 4820">
    <p class='ocr_par' dir='ltr' id='par_1_92' title="bbox 303 4745 1882 4820">
     <span class='ocr_line' id='line_1_92' title="bbox 303 4745 1882 4820; baseline 0.005 -24"><span class='ocrx_word' id='word_1_725' title='bbox 303 4760 418 4808; x_wconf 85' lang='grc' dir='ltr'>τες,</span> <span class='ocrx_word' id='word_1_726' title='bbox 453 4745 514 4796; x_wconf 78' lang='grc' dir='ltr'>ἐκ</span> <span class='ocrx_word' id='word_1_727' title='bbox 548 4745 644 4816; x_wconf 81' lang='grc' dir='ltr'>τῆς</span> <span class='ocrx_word' id='word_1_728' title='bbox 678 4748 1053 4819; x_wconf 80' lang='grc' dir='ltr'>προσηγορίας</span> <span class='ocrx_word' id='word_1_729' title='bbox 1085 4751 1350 4820; x_wconf 81' lang='grc' dir='ltr'>νοήσομεν</span> <span class='ocrx_word' id='word_1_730' title='bbox 1395 4751 1491 4820; x_wconf 83' lang='grc' dir='ltr'>τὴν</span> <span class='ocrx_word' id='word_1_731' title='bbox 1540 4753 1882 4818; x_wconf 77' lang='grc' dir='ltr'>συγγένειαν.</span> 
     </span>
    </p>
   </div>
   <div class='ocr_carea' id='block_1_93' title="bbox 306 4833 1888 4914">
    <p class='ocr_par' dir='ltr' id='par_1_93' title="bbox 306 4833 1888 4914">
     <span class='ocr_line' id='line_1_93' title="bbox 306 4833 1888 4914; baseline 0.007 -30"><span class='ocrx_word' id='word_1_732' title='bbox 306 4834 478 4886; x_wconf 77' lang='grc' dir='ltr'>Τοῦτο</span> <span class='ocrx_word' id='word_1_733' title='bbox 511 4833 604 4887; x_wconf 72' lang='grc' dir='ltr'>καὶ</span> <span class='ocrx_word' id='word_1_734' title='bbox 631 4835 738 4914; x_wconf 74' lang='grc' dir='ltr'><strong>τῷν</strong></span> <span class='ocrx_word' id='word_1_735' title='bbox 764 4838 1078 4892; x_wconf 80' lang='grc' dir='ltr'>ἀποστόλων</span> <span class='ocrx_word' id='word_1_736' title='bbox 1109 4843 1136 4893; x_wconf 85' lang='grc' dir='ltr'><strong>ό</strong></span> <span class='ocrx_word' id='word_1_737' title='bbox 1161 4841 1399 4910; x_wconf 80' lang='grc' dir='ltr'>κολοφὼν</span> <span class='ocrx_word' id='word_1_738' title='bbox 1423 4843 1479 4894; x_wconf 77' lang='grc' dir='ltr'>ἐν</span> <span class='ocrx_word' id='word_1_739' title='bbox 1501 4845 1619 4902; x_wconf 79' lang='grc' dir='ltr'>ταῖς</span> <span class='ocrx_word' id='word_1_740' title='bbox 1648 4841 1888 4913; x_wconf 78' lang='grc' dir='ltr'>Πράξεσι</span> 
     </span>
    </p>
   </div>
   <div class='ocr_carea' id='block_1_94' title="bbox 305 4925 1675 5004">
    <p class='ocr_par' dir='ltr' id='par_1_94' title="bbox 305 4925 1675 5004">
     <span class='ocr_line' id='line_1_94' title="bbox 305 4925 1675 5004; baseline 0.008 -28"><span class='ocrx_word' id='word_1_741' title='bbox 305 4925 568 4992; x_wconf 74' lang='grc' dir='ltr'>διδάσκει,</span> <span class='ocrx_word' id='word_1_742' title='bbox 603 4928 696 4981; x_wconf 88' lang='grc' dir='ltr'><strong>τοῦ</strong></span> <span class='ocrx_word' id='word_1_743' title='bbox 734 4929 977 4983; x_wconf 80' lang='grc' dir='ltr'>Ἀνανίου</span> <span class='ocrx_word' id='word_1_744' title='bbox 997 4932 1096 5002; x_wconf 77' lang='grc' dir='ltr'>τὴν</span> <span class='ocrx_word' id='word_1_745' title='bbox 1130 4931 1338 5004; x_wconf 81' lang='grc' dir='ltr'>κλοπὴν</span> <span class='ocrx_word' id='word_1_746' title='bbox 1366 4931 1675 5003; x_wconf 72' lang='grc' dir='ltr'>διελέγχων.</span> 
     </span>
    </p>
   </div>
   <div class='ocr_carea' id='block_1_95' title="bbox 1991 4474 3568 4550">
    <p class='ocr_par' dir='ltr' id='par_1_95' title="bbox 1991 4474 3568 4550">
     <span class='ocr_line' id='line_1_95' title="bbox 1991 4474 3568 4550; baseline -0.008 -11"><span class='ocrx_word' id='word_1_747' title='bbox 1991 4481 2033 4539; x_wconf 88' lang='lat' dir='ltr'><strong>si</strong></span> <span class='ocrx_word' id='word_1_748' title='bbox 2070 4481 2264 4550; x_wconf 88' lang='lat' dir='ltr'><strong>templa</strong></span> <span class='ocrx_word' id='word_1_749' title='bbox 2299 4481 2388 4534; x_wconf 90' lang='lat' dir='ltr'><strong>Dei</strong></span> <span class='ocrx_word' id='word_1_750' title='bbox 2430 4479 2766 4550; x_wconf 88' lang='lat' dir='ltr'><strong>appellantur</strong></span> <span class='ocrx_word' id='word_1_751' title='bbox 2805 4479 2894 4548; x_wconf 90' lang='lat' dir='ltr'><strong>qui</strong></span> <span class='ocrx_word' id='word_1_752' title='bbox 2933 4487 3086 4548; x_wconf 87' lang='lat' dir='ltr'><strong>parte</strong></span> <span class='ocrx_word' id='word_1_753' title='bbox 3118 4476 3321 4545; x_wconf 83' lang='lat' dir='ltr'><strong>aliqua,</strong></span> <span class='ocrx_word' id='word_1_754' title='bbox 3365 4485 3417 4528; x_wconf 88' lang='lat' dir='ltr'><strong>et</strong></span> <span class='ocrx_word' id='word_1_755' title='bbox 3447 4474 3568 4542; x_wconf 91' lang='lat' dir='ltr'><strong>qui-</strong></span> 
     </span>
    </p>
   </div>
   <div class='ocr_carea' id='block_1_96' title="bbox 2001 4565 3574 4642">
    <p class='ocr_par' dir='ltr' id='par_1_96' title="bbox 2001 4565 3574 4642">
     <span class='ocr_line' id='line_1_96' title="bbox 2001 4565 3574 4642; baseline -0.004 -16"><span class='ocrx_word' id='word_1_756' title='bbox 2001 4571 2119 4627; x_wconf 89' lang='lat' dir='ltr'><strong>dem</strong></span> <span class='ocrx_word' id='word_1_757' title='bbox 2148 4573 2362 4642; x_wconf 78' lang='lat' dir='ltr'><strong>exigua,</strong></span> <span class='ocrx_word' id='word_1_758' title='bbox 2417 4573 2600 4642; x_wconf 69' lang='lat' dir='ltr'><strong>gratiae</strong></span> <span class='ocrx_word' id='word_1_759' title='bbox 2643 4573 2758 4639; x_wconf 79' lang='lat' dir='ltr'><strong>ejus</strong></span> <span class='ocrx_word' id='word_1_760' title='bbox 2811 4579 3054 4634; x_wconf 90' lang='lat' dir='ltr'><strong>tttuntur,</strong></span> <span class='ocrx_word' id='word_1_761' title='bbox 3106 4569 3172 4623; x_wconf 90' lang='lat' dir='ltr'><strong>de</strong></span> <span class='ocrx_word' id='word_1_762' title='bbox 3221 4565 3574 4636; x_wconf 82' lang='lat' dir='ltr'><strong>appellatimtc</strong></span> 
     </span>
    </p>
   </div>
   <div class='ocr_carea' id='block_1_97' title="bbox 1991 4656 3569 4729">
    <p class='ocr_par' dir='ltr' id='par_1_97' title="bbox 1991 4656 3569 4729">
     <span class='ocr_line' id='line_1_97' title="bbox 1991 4656 3569 4729; baseline -0.006 -14"><span class='ocrx_word' id='word_1_763' title='bbox 1991 4663 2376 4718; x_wconf 63' lang='lat' dir='ltr'><strong>mstimabhuus</strong></span> <span class='ocrx_word' id='word_1_764' title='bbox 2410 4663 2740 4716; x_wconf 86' lang='lat' dir='ltr'><strong>consortiqu</strong></span> <span class='ocrx_word' id='word_1_765' title='bbox 2771 4663 2907 4729; x_wconf 91' lang='lat' dir='ltr'><strong>ejus.</strong></span> <span class='ocrx_word' id='word_1_766' title='bbox 2952 4661 3086 4714; x_wconf 82' lang='lat' dir='ltr'><strong>Rem</strong></span> <span class='ocrx_word' id='word_1_767' title='bbox 3131 4661 3268 4712; x_wconf 91' lang='lat' dir='ltr'><strong>hanc</strong></span> <span class='ocrx_word' id='word_1_768' title='bbox 3295 4656 3569 4725; x_wconf 90' lang='lat' dir='ltr'><strong>apostolo-</strong></span> 
     </span>
    </p>
   </div>
   <div class='ocr_carea' id='block_1_98' title="bbox 1955 4739 3574 4821">
    <p class='ocr_par' dir='ltr' id='par_1_98' title="bbox 1955 4739 3574 4821">
     <span class='ocr_line' id='line_1_98' title="bbox 1955 4739 3574 4821; baseline -0.006 -15"><span class='ocrx_word' id='word_1_769' title='bbox 1955 4749 1958 4752; x_wconf 75' lang='grc'><em>’</em></span> <span class='ocrx_word' id='word_1_770' title='bbox 1995 4767 2112 4806; x_wconf 86' lang='lat' dir='ltr'><strong>rum</strong></span> <span class='ocrx_word' id='word_1_771' title='bbox 2148 4759 2360 4821; x_wconf 81' lang='lat' dir='ltr'><strong>qunque</strong></span> <span class='ocrx_word' id='word_1_772' title='bbox 2421 4767 2556 4820; x_wconf 82' lang='lat' dir='ltr'><strong>apex</strong></span> <span class='ocrx_word' id='word_1_773' title='bbox 2609 4755 2661 4807; x_wconf 90' lang='lat' dir='ltr'><strong>iu</strong></span> <span class='ocrx_word' id='word_1_774' title='bbox 2712 4751 2937 4806; x_wconf 81' lang='lat' dir='ltr'><strong>Actibus</strong></span> <span class='ocrx_word' id='word_1_775' title='bbox 2987 4751 3166 4813; x_wconf 89' lang='lat' dir='ltr'><strong>docet,</strong></span> <span class='ocrx_word' id='word_1_776' title='bbox 3200 4747 3324 4802; x_wconf 87' lang='lat' dir='ltr'><strong>dum</strong></span> <span class='ocrx_word' id='word_1_777' title='bbox 3351 4739 3574 4797; x_wconf 65' lang='lat' dir='ltr'><strong>Ananiae</strong></span> 
     </span>
    </p>
   </div>
   <div class='ocr_carea' id='block_1_99' title="bbox 1995 4843 2493 4912">
    <p class='ocr_par' dir='ltr' id='par_1_99' title="bbox 1995 4843 2493 4912">
     <span class='ocr_line' id='line_1_99' title="bbox 1995 4843 2493 4912; baseline 0.002 -14"><span class='ocrx_word' id='word_1_778' title='bbox 1995 4843 2194 4899; x_wconf 75' lang='lat' dir='ltr'><strong>furtum</strong></span> <span class='ocrx_word' id='word_1_779' title='bbox 2227 4845 2493 4912; x_wconf 82' lang='lat' dir='ltr'><strong>coarguit.</strong></span> 
     </span>
    </p>
   </div>
   <div class='ocr_carea' id='block_1_100' title="bbox 309 5075 1875 5152">
    <p class='ocr_par' dir='ltr' id='par_1_100' title="bbox 309 5077 1875 5152">
     <span class='ocr_line' id='line_1_100' title="bbox 309 5077 1875 5152; baseline 0.002 -23"><span class='ocrx_word' id='word_1_780' title='bbox 309 5077 441 5130; x_wconf 82' lang='lat' dir='ltr'><strong>KE’.</strong></span> <span class='ocrx_word' id='word_1_781' title='bbox 481 5078 608 5132; x_wconf 75' lang='lat' dir='ltr'><strong>&quot;Ott</strong></span> <span class='ocrx_word' id='word_1_782' title='bbox 651 5080 749 5133; x_wconf 81' lang='grc' dir='ltr'><strong>καί</strong></span> <span class='ocrx_word' id='word_1_783' title='bbox 791 5085 823 5134; x_wconf 85' lang='grc' dir='ltr'><em>ὁ</em></span> <span class='ocrx_word' id='word_1_784' title='bbox 872 5083 1198 5149; x_wconf 81' lang='grc' dir='ltr'>θεσπέσιος</span> <span class='ocrx_word' id='word_1_785' title='bbox 1238 5084 1460 5150; x_wconf 76' lang='grc' dir='ltr'>Πέτρος</span> <span class='ocrx_word' id='word_1_786' title='bbox 1482 5084 1728 5150; x_wconf 68' lang='grc' dir='ltr'>συνῳδὰ</span> <span class='ocrx_word' id='word_1_787' title='bbox 1758 5099 1875 5152; x_wconf 74' lang='grc' dir='ltr'>περ</span> 
     </span>
    </p>
   </div>
   <div class='ocr_carea' id='block_1_101' title="bbox 1976 5075 3571 5152">
    <p class='ocr_par' dir='ltr' id='par_1_101' title="bbox 2005 5075 3571 5152">
     <span class='ocr_line' id='line_1_101' title="bbox 2005 5075 3571 5152; baseline -0.007 -13"><span class='ocrx_word' id='word_1_788' title='bbox 2005 5084 2169 5142; x_wconf 70' lang='lat' dir='ltr'><strong>XXV.</strong></span> <span class='ocrx_word' id='word_1_789' title='bbox 2198 5087 2350 5152; x_wconf 81' lang='lat' dir='ltr'><strong>Quod</strong></span> <span class='ocrx_word' id='word_1_790' title='bbox 2379 5087 2535 5141; x_wconf 86' lang='lat' dir='ltr'><strong>etiam</strong></span> <span class='ocrx_word' id='word_1_791' title='bbox 2565 5088 2716 5140; x_wconf 74' lang='lat' dir='ltr'><strong>diuus</strong></span> <span class='ocrx_word' id='word_1_792' title='bbox 2747 5085 2930 5139; x_wconf 73' lang='lat' dir='ltr'><strong>Petrus</strong></span> <span class='ocrx_word' id='word_1_793' title='bbox 2961 5095 3244 5137; x_wconf 76' lang='lat' dir='ltr'><strong>consonam</strong></span> <span class='ocrx_word' id='word_1_794' title='bbox 3276 5079 3340 5132; x_wconf 79' lang='lat' dir='ltr'><strong>de</strong></span> <span class='ocrx_word' id='word_1_795' title='bbox 3373 5075 3571 5147; x_wconf 78' lang='lat' dir='ltr'><strong>Spiritu</strong></span> 
     </span>
    </p>
   </div>
   <div class='ocr_carea' id='block_1_102' title="bbox 719 5152 1491 5222">
    <p class='ocr_par' dir='ltr' id='par_1_102' title="bbox 719 5152 1491 5222">
     <span class='ocr_line' id='line_1_102' title="bbox 719 5152 1491 5222; baseline 0.003 -18"><span class='ocrx_word' id='word_1_796' title='bbox 719 5152 826 5205; x_wconf 83' lang='grc' dir='ltr'><strong>τοῦ</strong></span> <span class='ocrx_word' id='word_1_797' title='bbox 863 5155 1209 5221; x_wconf 46' lang='lat' dir='ltr'><strong>“rediturae</strong></span> <span class='ocrx_word' id='word_1_798' title='bbox 1235 5155 1491 5222; x_wconf 77' lang='grc' dir='ltr'>δέχεται.</span> 
     </span>
    </p>
   </div>
   <div class='ocr_carea' id='block_1_103' title="bbox 391 5262 1893 5339">
    <p class='ocr_par' dir='ltr' id='par_1_103' title="bbox 391 5262 1893 5339">
     <span class='ocr_line' id='line_1_103' title="bbox 391 5262 1893 5339; baseline 0.008 -30"><span class='ocrx_word' id='word_1_799' title='bbox 391 5279 408 5309; x_wconf 81' lang='grc' dir='ltr'><strong>ι</strong></span> <span class='ocrx_word' id='word_1_800' title='bbox 456 5262 692 5330; x_wconf 85' lang='grc' dir='ltr'>Ἀνανία,</span> <span class='ocrx_word' id='word_1_801' title='bbox 717 5266 852 5338; x_wconf 80' lang='grc' dir='ltr'>γὰρ,</span> <span class='ocrx_word' id='word_1_802' title='bbox 888 5269 1073 5339; x_wconf 69' lang='grc' dir='ltr'>φησιν,</span> <span class='ocrx_word' id='word_1_803' title='bbox 1105 5269 1189 5318; x_wconf 82' lang='grc' dir='ltr'>ἵνα</span> <span class='ocrx_word' id='word_1_804' title='bbox 1225 5269 1279 5320; x_wconf 78' lang='grc' dir='ltr'><strong>τί</strong></span> <span class='ocrx_word' id='word_1_805' title='bbox 1305 5271 1585 5338; x_wconf 65' lang='grc' dir='ltr'>ἠπάτησεν</span> <span class='ocrx_word' id='word_1_806' title='bbox 1607 5269 1893 5332; x_wconf 79' lang='grc' dir='ltr'>ὁΣατανᾶς</span> 
     </span>
    </p>
   </div>
   <div class='ocr_carea' id='block_1_104' title="bbox 2445 5157 3148 5226">
    <p class='ocr_par' dir='ltr' id='par_1_104' title="bbox 2445 5157 3148 5226">
     <span class='ocr_line' id='line_1_104' title="bbox 2445 5157 3148 5226; baseline -0.007 -15"><span class='ocrx_word' id='word_1_807' title='bbox 2445 5171 2624 5212; x_wconf 79' lang='lat' dir='ltr'><strong>sancto</strong></span> <span class='ocrx_word' id='word_1_808' title='bbox 2653 5158 2786 5226; x_wconf 64' lang='lat' dir='ltr'><strong>gerit</strong></span> <span class='ocrx_word' id='word_1_809' title='bbox 2816 5157 3148 5209; x_wconf 77' lang='lat' dir='ltr'><strong>sententiam.</strong></span> 
     </span>
    </p>
   </div>
   <div class='ocr_carea' id='block_1_105' title="bbox 2071 5261 3572 5338">
    <p class='ocr_par' dir='ltr' id='par_1_105' title="bbox 2071 5261 3572 5338">
     <span class='ocr_line' id='line_1_105' title="bbox 2071 5261 3572 5338; baseline -0.007 -19"><span class='ocrx_word' id='word_1_810' title='bbox 2071 5287 2092 5319; x_wconf 74' lang='grc' dir='ltr'><strong>ι</strong></span> <span class='ocrx_word' id='word_1_811' title='bbox 2131 5271 2364 5332; x_wconf 76' lang='lat' dir='ltr'><strong>Anauia,</strong></span> <span class='ocrx_word' id='word_1_812' title='bbox 2401 5269 2573 5338; x_wconf 87' lang='lat' dir='ltr'><strong>inquit</strong></span> <span class='ocrx_word' id='word_1_813' title='bbox 2600 5269 2782 5332; x_wconf 89' lang='lat' dir='ltr'><strong>enim,</strong></span> <span class='ocrx_word' id='word_1_814' title='bbox 2829 5280 2927 5320; x_wconf 88' lang='lat' dir='ltr'><strong>cur</strong></span> <span class='ocrx_word' id='word_1_815' title='bbox 2951 5261 3164 5318; x_wconf 76' lang='lat' dir='ltr'><strong>seduxit</strong></span> <span class='ocrx_word' id='word_1_816' title='bbox 3199 5261 3430 5315; x_wconf 81' lang='lat' dir='ltr'><strong>Satanas</strong></span> <span class='ocrx_word' id='word_1_817' title='bbox 3477 5269 3572 5310; x_wconf 84' lang='lat' dir='ltr'><strong>cor</strong></span> 
     </span>
    </p>
   </div>
   <div class='ocr_carea' id='block_1_106' title="bbox 387 5417 1875 5494">
    <p class='ocr_par' dir='ltr' id='par_1_106' title="bbox 387 5417 1875 5490">
     <span class='ocr_line' id='line_1_106' title="bbox 387 5417 1875 5490; baseline 0.001 -17"><span class='ocrx_word' id='word_1_818' title='bbox 387 5417 470 5473; x_wconf 81' lang='grc'><strong>⁸⁵1</strong></span> <span class='ocrx_word' id='word_1_819' title='bbox 501 5421 608 5476; x_wconf 77' lang='lat' dir='ltr'><strong>Cor</strong></span> <span class='ocrx_word' id='word_1_820' title='bbox 632 5437 689 5488; x_wconf 89' lang='grc' dir='ltr'><strong>ιι,</strong></span> <span class='ocrx_word' id='word_1_821' title='bbox 716 5422 898 5478; x_wconf 68' lang='grc'><strong>12-16.</strong></span> <span class='ocrx_word' id='word_1_822' title='bbox 976 5421 1191 5478; x_wconf 70' lang='grc' dir='ltr'>οτιεοτ</span> <span class='ocrx_word' id='word_1_823' title='bbox 1219 5439 1292 5490; x_wconf 78' lang='lat' dir='ltr'><strong>Vt,</strong></span> <span class='ocrx_word' id='word_1_824' title='bbox 1329 5424 1410 5477; x_wconf 90' lang='lat' dir='ltr'><strong>il.</strong></span> <span class='ocrx_word' id='word_1_825' title='bbox 1487 5423 1532 5453; x_wconf 77' lang='grc'><strong>⁸³</strong></span> <span class='ocrx_word' id='word_1_826' title='bbox 1569 5423 1695 5477; x_wconf 86' lang='lat' dir='ltr'><strong>ibid.</strong></span> <span class='ocrx_word' id='word_1_827' title='bbox 1737 5424 1822 5488; x_wconf 85' lang='lat' dir='ltr'><strong>l9,</strong></span> <span class='ocrx_word' id='word_1_828' title='bbox 1854 5423 1875 5474; x_wconf 64' lang='grc' dir='ltr'><strong><em>ἓ</em></strong></span> 
     </span>
    </p>
   </div>
   <div class='ocr_carea' id='block_1_107' title="bbox 1976 5417 2614 5494">
    <p class='ocr_par' dir='ltr' id='par_1_107' title="bbox 2030 5421 2614 5494">
     <span class='ocr_line' id='line_1_107' title="bbox 2030 5421 2614 5494; baseline 0.003 -18"><span class='ocrx_word' id='word_1_829' title='bbox 2030 5425 2072 5456; x_wconf 76' lang='grc'><strong>⁶⁹</strong></span> <span class='ocrx_word' id='word_1_830' title='bbox 2112 5424 2280 5494; x_wconf 49' lang='grc' dir='ltr'><strong>Ιιϐοι.</strong></span> <span class='ocrx_word' id='word_1_831' title='bbox 2305 5439 2388 5489; x_wconf 87' lang='grc' dir='ltr'>ιιι,</span> <span class='ocrx_word' id='word_1_832' title='bbox 2419 5425 2500 5490; x_wconf 84' lang='grc'>16,</span> <span class='ocrx_word' id='word_1_833' title='bbox 2532 5421 2614 5478; x_wconf 90' lang='lat' dir='ltr'><strong>l7.</strong></span> 
     </span>
    </p>
   </div>
   <div class='ocr_carea' id='block_1_108' title="bbox 392 5601 1894 5672">
    <p class='ocr_par' dir='ltr' id='par_1_108' title="bbox 392 5601 1894 5672">
     <span class='ocr_line' id='line_1_108' title="bbox 392 5601 1894 5672; baseline 0 -20"><span class='ocrx_word' id='word_1_834' title='bbox 392 5603 409 5665; x_wconf 88' lang='lat'><strong>(_</strong></span> <span class='ocrx_word' id='word_1_835' title='bbox 419 5601 469 5668; x_wconf 84' lang='grc'><strong>1)</strong></span> <span class='ocrx_word' id='word_1_836' title='bbox 508 5601 639 5656; x_wconf 78' lang='lat' dir='ltr'><strong>Cod.</strong></span> <span class='ocrx_word' id='word_1_837' title='bbox 668 5603 927 5657; x_wconf 83' lang='lat' dir='ltr'><strong>mendose</strong></span> <span class='ocrx_word' id='word_1_838' title='bbox 956 5603 983 5654; x_wconf 84' lang='lat'><strong>6</strong></span> <span class='ocrx_word' id='word_1_839' title='bbox 1023 5603 1338 5672; x_wconf 75' lang='grc' dir='ltr'>μονογενής,</span> <span class='ocrx_word' id='word_1_840' title='bbox 1367 5603 1446 5654; x_wconf 81' lang='lat' dir='ltr'><strong>vel</strong></span> <span class='ocrx_word' id='word_1_841' title='bbox 1478 5610 1622 5656; x_wconf 72' lang='lat' dir='ltr'><strong>certe</strong></span> <span class='ocrx_word' id='word_1_842' title='bbox 1644 5604 1894 5670; x_wconf 77' lang='grc' dir='ltr'>ὀμονογε-</span> 
     </span>
    </p>
   </div>
   <div class='ocr_carea' id='block_1_109' title="bbox 315 5675 415 5722">
    <p class='ocr_par' dir='ltr' id='par_1_109' title="bbox 315 5675 415 5722">
     <span class='ocr_line' id='line_1_109' title="bbox 315 5675 415 5722; baseline 0 0"><span class='ocrx_word' id='word_1_843' title='bbox 315 5675 415 5722; x_wconf 52' lang='lat' dir='ltr'><strong>vi:</strong></span> 
     </span>
    </p>
   </div>
   <div class='ocr_carea' id='block_1_110' title="bbox 376 5717 1893 5815">
    <p class='ocr_par' dir='ltr' id='par_1_110' title="bbox 376 5717 1893 5815">
     <span class='ocr_line' id='line_1_110' title="bbox 376 5717 1893 5815; baseline 0.001 -22"><span class='ocrx_word' id='word_1_844' title='bbox 376 5717 466 5808; x_wconf 62' lang='grc'><strong>’(2)</strong></span> <span class='ocrx_word' id='word_1_845' title='bbox 517 5741 612 5796; x_wconf 64' lang='lat' dir='ltr'><strong>llic</strong></span> <span class='ocrx_word' id='word_1_846' title='bbox 651 5743 700 5796; x_wconf 88' lang='lat' dir='ltr'><strong>iu</strong></span> <span class='ocrx_word' id='word_1_847' title='bbox 732 5742 851 5796; x_wconf 65' lang='lat' dir='ltr'><strong>coci.</strong></span> <span class='ocrx_word' id='word_1_848' title='bbox 891 5742 1079 5796; x_wconf 82' lang='lat' dir='ltr'><strong>iterum</strong></span> <span class='ocrx_word' id='word_1_849' title='bbox 1111 5741 1363 5794; x_wconf 83' lang='lat' dir='ltr'><strong>inseritur</strong></span> <span class='ocrx_word' id='word_1_850' title='bbox 1397 5741 1488 5792; x_wconf 66' lang='lat' dir='ltr'><strong>mi.</strong></span> <span class='ocrx_word' id='word_1_851' title='bbox 1523 5741 1575 5791; x_wconf 67' lang='grc' dir='ltr'>τὸ</span> <span class='ocrx_word' id='word_1_852' title='bbox 1605 5743 1760 5815; x_wconf 69' lang='grc' dir='ltr'>μόνον</span> <span class='ocrx_word' id='word_1_853' title='bbox 1787 5744 1893 5794; x_wconf 74' lang='grc' dir='ltr'>Πα-</span> 
     </span>
    </p>
   </div>
   <div class='ocr_carea' id='block_1_111' title="bbox 1991 5599 3568 5730">
    <p class='ocr_par' dir='ltr' id='par_1_111' title="bbox 1991 5599 3568 5730">
     <span class='ocr_line' id='line_1_111' title="bbox 1991 5599 3568 5730; baseline -0.002 -76"><span class='ocrx_word' id='word_1_854' title='bbox 1991 5605 2121 5730; x_wconf 49' lang='lat' dir='ltr'><strong>cfp:</strong></span> <span class='ocrx_word' id='word_1_855' title='bbox 2151 5603 2454 5726; x_wconf 57' lang='grc' dir='ltr'>γιρὼσκων,</span> <span class='ocrx_word' id='word_1_856' title='bbox 2497 5604 2638 5674; x_wconf 85' lang='lat' dir='ltr'><strong>quod</strong></span> <span class='ocrx_word' id='word_1_857' title='bbox 2675 5602 2988 5661; x_wconf 83' lang='lat' dir='ltr'><strong>mendosum</strong></span> <span class='ocrx_word' id='word_1_858' title='bbox 3021 5599 3190 5656; x_wconf 87' lang='lat' dir='ltr'><strong>visum</strong></span> <span class='ocrx_word' id='word_1_859' title='bbox 3240 5603 3321 5652; x_wconf 77' lang='lat' dir='ltr'><strong>est</strong></span> <span class='ocrx_word' id='word_1_860' title='bbox 3382 5602 3435 5651; x_wconf 87' lang='lat' dir='ltr'><strong>et</strong></span> <span class='ocrx_word' id='word_1_861' title='bbox 3469 5608 3568 5651; x_wconf 78' lang='lat' dir='ltr'><strong>cx-</strong></span> 
     </span>
     <span class='ocr_line' id='line_1_112' title="bbox 1995 5691 2334 5729; baseline 0 -3"><span class='ocrx_word' id='word_1_862' title='bbox 1995 5691 2021 5726; x_wconf 71' lang='grc' dir='ltr'><strong>ο</strong></span> <span class='ocrx_word' id='word_1_863' title='bbox 2048 5694 2074 5728; x_wconf 88' lang='lat' dir='ltr'><strong>ll</strong></span> <span class='ocrx_word' id='word_1_864' title='bbox 2119 5691 2200 5729; x_wconf 69' lang='lat' dir='ltr'><strong>Clit</strong></span> <span class='ocrx_word' id='word_1_865' title='bbox 2226 5692 2334 5728; x_wconf 82' lang='lat' dir='ltr'><strong>um.</strong></span> 
     </span>
    </p>
   </div>
   <div class='ocr_carea' id='block_1_112' title="bbox 1995 5691 2334 5729">
    <p class='ocr_par' dir='ltr' id='par_1_112' title="bbox 1995 5691 2334 5729">
     <span class='ocr_line' id='line_1_113' title="bbox 1995 5691 2334 5729; baseline 0 -3"><span class='ocrx_word' id='word_1_866' title='bbox 1995 5691 2334 5729; x_wconf 69' lang='grc' dir='ltr'>οιιιυειιιιιιιιι.</span> 
     </span>
    </p>
   </div>
  </div>
