4078 6264
598 350 738 406 H85

1598 346 1660 405 S.
1701 346 1976 403 CYBILLI
2017 343 2487 402 ALEXANDRINI
2527 343 2848 401 ABCHIEP.

3719 343 3859 398 ιιει

597 480 745 522 tuum
779 477 838 524 ut
864 468 1069 538 Spiritu
1095 478 1284 525 sancto
1309 468 1639 535 mentireris,
1668 479 1723 524 et
1760 462 1829 524 de
1853 471 1965 542 agri
1997 470 2155 539 pretic

2267 466 2366 537 τὴν
2399 466 2626 537 καρδίαν
2677 483 2770 520 σου
2813 465 3125 537 ψεύσασθαι
3164 466 3225 520 τὸ
3272 468 3429 534 ἅγιον
3467 464 3713 533 Πνεῦμα,
3765 465 3857 517 καὶ

596 561 875 616 frandares
896 562 992 616 ὀἳ
1039 580 1058 614 ι
1092 561 1155 615 Et
1181 578 1301 616 mox
1337 580 1350 616 :
1380 561 1658 632 70ﬁm4
1684 562 1800 618 Non
1828 578 1887 619 es
1919 563 2175 619 mentitus

595 652 928 718 hominibus,
960 653 1052 708 sed
1085 652 1197 708 Deo
1234 654 1300 705 ".
1343 671 1363 706 ι
1408 654 1543 707 Nam
1582 654 1707 723 quia
1759 654 1847 709 ille
1892 663 2175 725 putaverat

595 742 762 796 latere
811 742 1118 809 apostolos,
1164 751 1345 812 utpote
1389 742 1665 809 homines,
1706 744 1835 799 dum
1884 744 1950 799 de
1987 743 2173 814 pra-dii

593 829 767 899 pretio
791 845 951 899 quam
975 830 1132 885 libuit
1171 840 1378 902 partem
1412 826 1775 900 subtraheret,
1802 834 2171 903 apostolorum

594 922 840 992 princeps
871 937 994 976 eum
1020 923 1213 988 docet,
1246 939 1341 980 eos
1390 924 1483 995 qui
1525 924 1758 995 Spiritus
1786 926 1957 996 gratia
2001 924 2171 996 polle-

591 1020 733 1079 rent,
756 1023 946 1068 cuncta
971 1026 1157 1084 aperte
1181 1029 1506 1085 cognoscere
1521 1030 1640 1086 qua:
1664 1017 1803 1072 clam
1833 1027 1952 1072 acta
1969 1026 2167 1073 essent.

591 1103 706 1158 Non
728 1103 882 1160 nobis
915 1106 1169 1162 mentitus
1206 1121 1287 1174 es,
1323 1107 1533 1177 inquit,
1570 1108 1662 1164 sed
1697 1107 1923 1179 Spiritui
1957 1117 2163 1164 sancto.

590 1194 669 1252 Ne
720 1196 888 1267 igitur
923 1197 1171 1254 homines
1218 1208 1270 1252 te
1311 1197 1569 1256 fefellisse
1622 1210 1778 1272 putes
1813 1218 1827 1254 :
1870 1201 1979 1257 Deo
2024 1199 2169 1255 enim

590 1296 646 1340 tu
680 1302 797 1343 rem
835 1287 1026 1344 falsam
1073 1290 1256 1347 dixisti
1298 1309 1322 1359 ;
1360 1307 1594 1362 namque
1638 1292 1946 1349 hominibus
1980 1309 2083 1348 non
2110 1308 2169 1349 es

590 1379 882 1442 mentitus,
928 1379 1023 1435 sed
1065 1379 1197 1436 Deo.
1248 1380 1401 1436 Haud
1431 1383 1630 1451 quippe
1661 1382 1816 1438 nobis
1842 1391 1896 1437 tu
1929 1381 2165 1448 illusisti,

590 1469 685 1522 sed
717 1467 942 1537 Spiritui
968 1480 1179 1539 sancto,
1209 1474 1302 1542 qui
1338 1473 1479 1528 Deus
1517 1482 1622 1538 est,
1652 1488 1721 1529 ex
1760 1472 1870 1530 Deo
1896 1474 2167 1528 exsisten-

590 1560 718 1613 tiam
755 1561 993 1630 habens,
1021 1571 1076 1617 et
1108 1563 1347 1632 ejusdem
1375 1573 1581 1621 naturas
1622 1567 1822 1623 socius.
1862 1565 1978 1623 Hoc
2004 1567 2168 1623 etiam

588 1650 763 1707 Lucas
792 1652 846 1707 in
880 1653 1106 1711 Actibus
1138 1658 1411 1723 ostendit,
1439 1658 1564 1713 dum
1594 1671 1777 1714 narrat
1807 1660 1947 1729 quod
1966 1700 1982 1727 ,
2009 1669 2167 1714 antea

588 1745 1026 1802 ministrantibus
1082 1747 1313 1804 Domino
1377 1758 1433 1805 et
1480 1750 1847 1819 iejunantibus
1906 1752 2166 1809 fratribus

586 1837 913 1902 Antiochiae,
942 1837 1080 1893 dixit
1119 1837 1352 1908 Spiritus
1383 1849 1603 1897 sanctus
1635 1859 1650 1895 :

657 2124 845 2182 XXVI.
900 2126 1259 2198 Multifariam
1313 2136 1710 2184 demonstratur
1760 2128 1923 2185 Deum
1973 2146 2088 2188 esse

1076 2198 1335 2268 Spiritum
1367 2209 1630 2255 sanctum.

662 2324 682 2359 σ
714 2305 1009 2379 Segregate
1043 2308 1171 2364 mihi
1218 2308 1444 2365 Paulum
1482 2318 1538 2368 et
1575 2310 1883 2370 Barnabam
1926 2314 1981 2370 in
2023 2328 2175 2386 opus.

584 2399 652 2454 ad
673 2400 814 2471 quod
832 2414 925 2455 eos
955 2400 1212 2457 advocavi
1240 2404 1339 2457 τ’.»
1374 2402 1558 2474 Pergit
1581 2415 1759 2461 autem
1790 2406 1972 2463 dicere
2012 2407 2161 2478 ipsos

583 2506 611 2543 a
642 2498 831 2547 sancto
876 2490 1082 2560 Spiritu
1128 2494 1323 2551 missos
1358 2496 1558 2551 abiisse
1603 2497 1930 2554 Seleuciam.
1982 2499 2161 2569 Atque

584 2581 675 2635 ubi
715 2585 960 2638 narravit
994 2586 1265 2653 quomodo
1300 2595 1670 2656 peragrantes
1716 2586 1952 2658 Cyprum
1988 2631 2004 2658 ,
2051 2588 2160 2660 Ly-

582 2672 744 2737 ciam,
774 2671 1123 2746 Lycaoniam,
1160 2668 1534 2748 Pampbyliam
1584 2687 1749 2747 atque
1788 2678 2096 2751 Bithyniam
2136 2719 2153 2747 ,

581 2764 916 2832 evangelium
938 2766 1374 2833 praedicaverint,
1400 2769 1718 2841 subiungit:
1760 2789 1779 2824 ι
1816 2770 1883 2827 Ει
1910 2771 2035 2828 inde
2058 2789 2158 2830 na-

582 2853 831 2922 vigantes
874 2855 1218 2913 Antiochiam
1279 2858 1553 2915 Barnabas
1614 2876 1679 2916 ac
1727 2860 1961 2930 Saulus,
2012 2865 2157 2922 unde

582 2941 800 2998 fuerant
834 2944 1015 3001 traditi
1041 2948 1233 3015 gratia:
1264 2948 1359 3003 Dei
1389 2948 1444 3004 in
1474 2963 1610 3020 opus
1654 2953 1797 3021 quod
1840 2953 2152 3025 compleve-

580 3045 735 3103 rant;
791 3050 913 3091 cum
977 3038 1107 3096 illuc
1166 3041 1484 3108 venissent,
1553 3051 1608 3098 et
1667 3042 1962 3101 Ecclesiam
2026 3062 2155 3102 con-

2278 557 2635 626 νοσφίσασθαί
2683 557 2896 609 σειάπὸ
2940 557 3042 626 τῆς
3086 556 3254 626 τιμῆς
3289 554 3384 608 τοῦ
3416 555 3649 626 χωρίου;
3686 572 3707 607 s
3747 555 3860 607 Καὶ

2281 647 2399 719 μετ’
2427 648 2584 717 ὀλίγα
2604 665 2616 677 ·
2638 647 2781 700 (Οὐκ
2804 645 3018 716 ἐψεύσω
3047 646 3375 718 ἀνθρώποις,
3392 645 3529 700 ἀλλά
3558 644 3635 714 τῷ
3654 644 3795 713 Θεῷ.
3833 662 3851 694 ι

2288 739 2505 810 Ἐπειδὴ
2527 738 2635 810 γάρ
2660 740 2867 793 ἐκεῖνον
2910 737 3065 809 ᾠήθη
3096 737 3385 791 λανθάνειν
3410 734 3485 800 ὥς
3534 734 3862 809 ἀνθρώπους

2274 832 2402 894 τοὺς
2480 831 2813 893 ἀποστόλους
2866 828 3199 899 ὑφελόμενος
3244 829 3345 901 τῆς
3409 827 3505 885 τοῦ
3576 828 3859 898 κτήματος

2274 921 2462 992 τιμῆς,
2499 920 2527 974 ὃ
2573 920 2862 992 ὴθὲλησεν,
2890 920 2921 971 δ
2962 919 3257 989 κορυφαῖος
3294 917 3456 972 αὐτὸν
3482 916 3723 971 διδάσκει
3753 916 3858 968 τῶν

2275 1012 2611 1078 ἀποστόλων,
2635 1012 2717 1066 ὅτι
2751 1010 2847 1065 τοῦ
2881 1009 3199 1082 Πνεύματος
3229 1010 3329 1081 τὴν
3354 1010 3512 1080 χάριν
3539 1010 3589 1062 οἱ
3617 1007 3853 1077 ἔχοντες,

2275 1104 2453 1158 πάντα
2479 1103 2665 1175 σαφῶς
2701 1102 3021 1157 ἐπίστανται
3044 1102 3116 1155 τά
3156 1101 3396 1173 κρύϐδην
3421 1101 3706 1170 γινόμενα.
3746 1100 3855 1169 Οὐχ

2274 1193 2423 1265 ἡμᾶς
2449 1193 2579 1265 γὰρ,
2613 1193 2800 1263 φησὶν,
2824 1190 3061 1262 ἐψεύσω,
3084 1191 3222 1246 ἀλλά
3242 1192 3305 1245 τὸ
3334 1189 3559 1263 Πνεῦμα
3584 1190 3647 1244 τὸ
3667 1189 3821 1258 ἅγιον
3837 1205 3850 1218 ·

2276 1285 2351 1355 μὴ
2380 1285 2560 1339 τοίνυν
2601 1284 2923 1357 ἀνθρώπους
2950 1284 3300 1355 ὴπατηκέναι
3330 1285 3548 1355 νόμιζε⁹
3577 1284 3715 1347 Θεὸς
3748 1284 3880 1354 γάρ

2268 1376 2468 1430 ἐστινό
2507 1376 2852 1445 διαψευσθεὶς
2884 1375 3038 1448 παρά
3068 1375 3163 1430 σοῦ
3184 1391 3197 1404 ⁸
3234 1376 3336 1430 οὐκ
3365 1375 3583 1445 ἐψεύσω
3612 1374 3724 1446 γάρ
3758 1374 3875 1431 άνιτ

2270 1465 2533 1537 θρώποις,
2563 1466 2701 1522 ἀλλά
2725 1465 2804 1537 τῷ
2828 1465 2982 1538 Θεῷ·
3022 1467 3122 1537 οὐχ
3167 1469 3331 1539 ἡμεῖς
3357 1466 3488 1537 γάρ,
3525 1466 3715 1537 φησιν,
3750 1467 3873 1520 ὑπὸ·

2270 1558 2367 1611 σοῦ
2418 1557 2948 1629 παρεκρούσθημεν,
3007 1558 3145 1613 ἀλλά
3185 1561 3247 1614 τὸ
3294 1560 3521 1628 Πνεῦμα
3560 1561 3622 1613 τδ
3674 1559 3877 1629 ἆγιον,τ

2268 1649 2407 1720 δπερ
2434 1650 2554 1702 ἐστὶ
2582 1650 2735 1716 Θεὸς,
2758 1653 2824 1704 ἐκ
2841 1650 2977 1705 Θεοῦ
3020 1650 3118 1722 τὴν
3142 1650 3380 1723 ὕπαρξιν
3415 1652 3559 1722 ἔχον,
3591 1653 3850 1722 κάκείνης

2273 1740 2518 1813 ὑπάρχον
2538 1741 2641 1811 τῆς
2684 1742 2924 1812 φύσεως.
2976 1741 3148 1797 Τοῦτο
3178 1743 3274 1798 καὶ
3316 1745 3345 1796 ὁ
3389 1744 3604 1808 Λουκᾶς
3648 1747 3707 1799 ἐν
3733 1750 3850 1811 ταῖς

2197 1803 2248 1868 Β
2273 1803 2512 1904 Πράξέσι
2547 1803 2713 1904 δήλοηί
2734 1803 2915 1888 ποιεῖ-ο
2958 1833 3129 1888 εἰπὼν
3168 1840 3276 1908 γάρ
3315 1803 3600 1907 ἀνώτερον⁷
3627 1837 3710 1891 ὅτι
3739 1803 3848 1891 λειρΣ

2268 1922 2641 1993 τουργούντων
2666 1922 2744 1993 τῷ
2773 1924 2984 1995 Κυρίῳ,
3023 1926 3118 1978 καὶ
3148 1925 3523 1996 νηστευόντων
3550 1926 3661 1980 τῶν
3701 1928 3849 1981 ἀδελ-

2266 2014 2383 2083 φῶν
2407 2016 2466 2070 ἐν
2496 2015 2815 2089 Ἀντιοχείᾳ,
2843 2011 2963 2070 εἷπε
2984 2016 3045 2070 τὸ
3074 2016 3301 2089 Πνεῦμα
3327 2018 3389 2070 τὸ
3410 2017 3565 2085 ἅγιον
3585 2033 3601 2050 ·

2336 2126 2484 2195 ιςςτ.
2539 2128 2642 2183 Ἐκ
2694 2128 2994 2183 πλειόνων
3039 2128 3350 2195 ἀπόδειξις
3387 2130 3535 2185 Θεὸν
3586 2127 3741 2187 εἷναι
3773 2135 3840 2188 τὸ

2824 2197 2998 2268 ἅγιον
3029 2199 3293 2268 Πνεῦμα.

2340 2330 2359 2365 ε
2396 2312 2717 2386 Ἀφορίσατε
2743 2331 2836 2386 μοι
2861 2314 2952 2369 τὸν
2980 2314 3191 2369 Παῦλον
3221 2315 3286 2387 δὴ
3314 2314 3408 2369 καὶ
3431 2314 3525 2369 τδν
3562 2315 3846 2388 Βαρνάϐαν

2261 2405 2342 2470 είς
2368 2406 2429 2459 τὸ
2456 2404 2616 2477 ἔργον
2643 2406 2671 2460 δ
2712 2407 3130 2479 προσκέκλημαι
3161 2407 3383 2473 αύτούς.
3432 2426 3451 2461 ι
3501 2409 3613 2462 Καὶ
3644 2412 3845 2478 ἐπαγα-

2260 2496 2373 2567 γὼν
2412 2500 2495 2553 ὅτι
2552 2499 2966 2572 ἐκπεμφθέντες
3016 2501 3121 2555 ὑπὸ
3170 2501 3265 2555 τοῦ
3321 2502 3479 2570 ἁγίου
3534 2504 3843 2573 Πνεύματος

2260 2590 2529 2661 κατῆλθον
2569 2593 2652 2656 είς
2708 2592 3069 2657 Σελεύκειαν,
3107 2593 3202 2647 καὶ⁸
3251 2593 3655 2665 διηγησάμενος
3699 2596 3843 2658 ὅπως

2259 2680 2753 2751 περινοστήσαντες
2780 2680 2879 2753 τὴν
2909 2679 3135 2752 Κύπρον
3181 2680 3277 2734 καὶ
3324 2679 3423 2752 τὴν
3468 2681 3690 2746 Λυκίαν,
3745 2684 3839 2735 καὶ

2257 2770 2583 2835 Λυκαονίαν,
2626 2771 2720 2825 καὶ
2758 2771 3105 2842 Παμφυλίαν,
3136 2773 3231 2827 καὶ
3254 2771 3529 2836 Βυθυνίαν,
3554 2774 3833 2843 ἐκήρυξαν

2255 2862 2317 2916 τὸ
2378 2862 2754 2933 Εὐαγγέλιον,
2825 2865 3081 2935 ἐπιφέρει
3118 2881 3133 2897 ⁸
3201 2882 3220 2917 ε
3248 2865 3508 2919 Κάκεῖθεν
3554 2864 3820 2917 ἀποπλεύ-

2261 2971 2456 3018 σαντες
2492 2955 2575 3019 είς
2622 2955 2950 3027 Ἀντιόχειαν
2997 2956 3049 3009 οί
3082 2955 3211 3027 περὶ
3248 2955 3531 3030 Βαρνάϐαν
3560 2957 3652 3009 καὶ
3685 2954 3827 3010 Παῦ-

2253 3046 2374 3115 λον,
2416 3049 2539 3103 ὄθεν
2581 3042 2723 3120 ἦσαν
2763 3048 3192 3121 παραδεδομένοι
3239 3053 3305 3122 τῇ
3342 3049 3529 3120 χάριτι
3568 3048 3662 3102 τοῦ
3705 3048 3839 3103 Θεοῦ

580 3137 918 3198 gregassent,
974 3130 1282 3188 retulerunt
1335 3141 1539 3203 quanta
1600 3133 1819 3193 fecisset
1867 3152 1990 3193 cum
2047 3137 2155 3194 illis

2257 3140 2336 3203 είς
2362 3138 2426 3193 τὸ
2450 3138 2614 3210 ,ἔργον
2655 3138 2685 3192 δ
2719 3139 3087 3210 ἐπλήρωσανο
3136 3139 3576 3221 παραγενόμενοι
3616 3138 3708 3203 δὲ,
3752 3140 3844 3193 καὶ

579 3215 723 3273 Deus
743 3217 811 3274 ".
841 3237 861 3271 ι
899 3219 966 3275 Et
998 3222 1216 3292 quidem
1258 3237 1382 3279 cum
1421 3224 1672 3294 superius
1699 3225 1937 3297 Spiritus
1962 3230 2154 3285 memi-

580 3305 771 3376 nisset,
798 3322 897 3365 ceu
929 3310 1022 3381 qui
1051 3308 1278 3367 Paulum
1306 3322 1363 3369 et
1394 3311 1697 3371 Barnabam
1722 3316 1788 3372 ad
1819 3317 2154 3376 destinatum

580 3411 612 3450 a
644 3412 703 3452 se
732 3412 868 3470 opus
899 3399 1172 3472 elegisset,
1207 3403 1476 3474 Spiritum
1518 3421 1711 3464 rursus
1757 3417 1880 3479 post
1917 3410 2153 3467 reditum

580 3488 849 3557 nominat,
878 3491 1071 3563 bisque
1101 3492 1181 3550 illi
1229 3492 1326 3551 Dei
1375 3510 1575 3555 nomen
1627 3497 1923 3567 attribuit;
1978 3500 2155 3572 primo

581 3576 791 3644 dicens,
825 3581 969 3649 quod
1001 3582 1345 3640 Antiochiam
1396 3586 1773 3658 navigaverint
1812 3589 1954 3646 unde
1996 3598 2156 3647 erant

582 3668 765 3727 traditi
792 3670 983 3743 gratia
1007 3672 1102 3730 Dei
1135 3684 1354 3744 propter
1384 3690 1521 3747 opus
1562 3678 1707 3747 quod
1757 3694 1950 3749 reapse
1999 3695 2152 3737 com-

579 3759 899 3831 pleverant;
951 3763 1152 3821 iterum
1207 3764 1336 3839 dum
1369 3769 1470 3838 ait,
1495 3769 1639 3841 quod
1679 3779 2020 3843 congregatae
2046 3770 2152 3828 Ec-

580 3851 760 3909 clesia:
784 3866 850 3910 ea
875 3857 1245 3927 narraverint,
1275 3874 1395 3930 qum
1421 3875 1545 3917 cum
1582 3861 1716 3932 ipsis
1743 3860 1885 3927 Deus
1912 3861 2149 3919 fecisset.

579 3944 829 4005 Profecto
849 3963 881 4003 a
919 3947 1125 4020 Spiritu
1151 3962 1342 4009 sancto
1364 3962 1486 4010 erat
1512 3953 1900 4013 miraculorum
1927 3952 2148 4023 donum,

579 4037 697 4107 ipse
718 4039 1045 4111 sapientiam
1094 4042 1552 4117 prudentiamque
1595 4047 2007 4119 suppeditabat,
2035 4047 2154 4119 ipse

577 4128 997 4198 praedicantibus
1025 4130 1240 4204 705m
1266 4133 1374 4191 vim
1424 4136 1730 4207 ingerebat,
1767 4136 1883 4208 ipse
1935 4137 2021 4196 his
2064 4139 2150 4196 iu-

578 4218 826 4289 spirabat
847 4222 1150 4294 magisterii
1176 4238 1513 4286 sermonem.
1545 4227 1703 4285 Unde
1722 4237 1778 4286 et
1801 4229 2004 4287 Paulus
2037 4230 2152 4287 aie-

576 4310 674 4365 bat
711 4328 727 4365 :
768 4327 789 4364 s
824 4310 927 4367 Alii
962 4312 1181 4384 quidem
1208 4329 1306 4387 per
1342 4317 1610 4387 Spiritum
1645 4319 1812 4376 datur
1846 4334 2032 4381 sermo
2053 4336 2148 4379 sa-

575 4399 791 4469 pientia
807 4418 822 4469 ;
839 4402 929 4457 alii
943 4412 1125 4460 autem
1138 4421 1318 4465 sermo
1328 4409 1572 4467 scientia:
1587 4414 1883 4471 secundum
1897 4416 2146 4472 eumdem

2253 3231 2355 3301 τὴν
2421 3230 2753 3301 Ἐκκλησίαν
2829 3230 3231 3300 συναγαγόντες
3255 3269 3273 3296 ,
3342 3230 3679 3302 ἀνήγγειλαν
3746 3230 3844 3283 ὅσα

2260 3321 2518 3393 ἐποίησεν
2550 3322 2668 3393 μετ’
2698 3321 2878 3377 αὐτῶν
2906 3322 2935 3375 δ
2957 3321 3114 3388 Θεός.
3133 3340 3155 3375 s
3201 3322 3606 3394 Μνημονεύσας
3641 3320 3846 3376 ἄνωθεν

2253 3409 2347 3465 τοῦ
2376 3409 2715 3482 Πνεύματος,
2760 3410 2835 3475 ὡς
2865 3410 3226 3481 ἀφορίσαντος
3250 3409 3342 3465 τὸν
3383 3410 3600 3465 Παῦλον
3640 3411 3731 3465 καὶ
3758 3410 3847 3463 τὸν

2254 3499 2541 3573 Βαρνάϐαν
2582 3502 2663 3565 είς
2717 3499 2747 3554 δ
2782 3499 3190 3573 προσεκέκλητο
3232 3501 3430 3566 αὐτοὺς
3468 3500 3652 3573 ἔργον,
3692 3501 3849 3555 τοῦτο

2256 3593 2394 3664 μετά
2422 3593 2524 3665 τὴν
2559 3591 2745 3648 άνοδον
2778 3592 3072 3647 ἀποκαλεῖ·
3122 3593 3219 3648 καὶ
3261 3593 3344 3659 δ’ίς
3384 3592 3568 3666 τίθησι
3618 3593 3721 3665 τὴν
3751 3594 3846 3648 τοῦ

2251 3684 2389 3741 Θεοῦ
2418 3686 2821 3760 προσηγορίαν·
2850 3685 3069 3760 πρῶτον
3097 3685 3198 3759 μέν
3218 3685 3392 3756 λέγων
3415 3687 3499 3741 δτι
3523 3688 3608 3752 εἰς
3640 3688 3845 3741 Ἀντιό-

2251 3792 2404 3847 χειαν
2465 3774 2840 3844 ἀπέπλευσαν,
2910 3775 3036 3831 ὅθεν
3087 3769 3231 3846 ἦσαν
3283 3773 3716 3847 παραδεδομένοι
3767 3777 3835 3845 τῇ

2250 3870 2434 3942 χάριτι
2464 3869 2559 3926 τοῦ
2582 3869 2719 3926 Θεοῦ
2747 3871 2829 3936 είς
2850 3869 2914 3926 τε
2940 3868 3102 3946 ἐργον
3127 3866 3158 3923 δ
3183 3867 3513 3940 ἐπλήρωσαν
3531 3884 3546 3897 °
3579 3867 3836 3942 δεύτερον

2248 3963 2307 4017 δέ
2329 3962 2432 4028 δτι,
2448 3962 2846 4033 συναγαγόντες
2873 3963 2974 4035 τὴν
3008 3959 3358 4036 Ἐκκλησίαν,
3379 3960 3713 4034 ἀνήγγειλαν
3740 3964 3839 4016 ὅσα

2250 4052 2505 4125 ἐποίησεν
2533 4053 2651 4125 μετ’
2678 4052 2859 4109 αὐτῶν
2892 4053 2922 4106 ό
2943 4051 3096 4118 Θεός.
3118 4053 3229 4106 Καὶ
3259 4050 3365 4123 μὴν
3398 4051 3460 4105 τὸ
3502 4052 3729 4124 Πνεῦμα
3765 4053 3825 4106 τὸ

2248 4141 2403 4211 ἆγιον
2428 4135 2499 4214 ἦν
2523 4140 2585 4197 τὸ
2614 4137 3084 4213 θαυματουργοῦν,
3115 4138 3178 4193 τὸ
3213 4139 3454 4209 σοφίζον,
3504 4138 3566 4191 τὸ
3612 4138 3831 4191 σύνεσιν

2248 4233 2544 4309 χορηγοῦν,
2618 4234 2680 4287 τὸ
2746 4233 2876 4298 τοὺς
2947 4230 3323 4304 κηρύττοντας
3370 4229 3723 4301 ἐνδυναμοῦν,
3778 4229 3839 4283 τὺ

2258 4322 2495 4394 ἐμπνέον
2536 4322 2721 4388 αὐτοῖς
2759 4322 2852 4377 τὸν
2882 4322 2985 4394 τῆς
3021 4321 3373 4386 διδασκαλίας
3396 4320 3557 4390 λόγον
3575 4338 3591 4352 ο
3635 4322 3715 4376 διδ
3746 4323 3838 4375 καὶ.

2246 4413 2461 4480 Παῦλος
2490 4412 2676 4484 ἔλεγεν
2700 4430 2713 4445 ·
2745 4431 2766 4465 r
2798 4408 2873 4487 Ἴ)
2912 4413 3014 4485 μὲν
3037 4414 3145 4484 γάρ
3184 4412 3387 4468 δίδοται
3418 4412 3510 4467 διὰ
3541 4414 3637 4468 τοῦ
3668 4414 3833 4466 lived-

577 4490 879 4562 Spiritum;
905 4493 1062 4551 alteri
1093 4496 1227 4554 fides
1253 4498 1307 4555 in
1339 4500 1529 4559 eodem
1566 4503 1813 4575 Spiritu;
1839 4505 1930 4563 alii
1958 4507 2146 4577 gratiae

2256 4521 2422 4577 ματος
2448 4504 2608 4579 λόγος
2649 4486 2864 4574 σοφίας,
2908 4503 3053 4576 ἄλλῳ
3097 4502 3156 4559 δέ
3198 4502 3355 4572 λόγος
3398 4502 3655 4573 γνώσεως
3696 4505 3832 4557 κατά

574 4582 867 4640 sanitatum
892 4586 946 4641 in
972 4601 1080 4643 uno
1113 4587 1346 4661 Spiritu,
1383 4610 1405 4646 ι
1442 4602 1497 4650 et
1541 4596 1752 4669 reliqua
1794 4596 1866 4655 ".
1940 4600 2145 4657 Deinde

571 4673 793 4740 docens,
821 4675 962 4747 quod
995 4692 1103 4735 non
1139 4680 1373 4740 ministri
1401 4684 1517 4741 vice
1543 4685 1662 4744 haec
1699 4687 1978 4746 distribuit
2020 4688 2144 4761 Spi-

572 4768 709 4825 ritus
756 4780 1017 4840 sanctus,
1067 4775 1164 4832 sed
1209 4779 1584 4848 potentialiter
1635 4784 1838 4854 quibus
1886 4785 1997 4842 vult
2026 4786 2139 4843 lar-

570 4859 735 4947 gitur,
767 4862 947 4947 subdlt
979 4883 993 4921 :
1034 4884 1053 4920 ι
1090 4866 1217 4925 Haec
1238 4878 1423 4930 autem
1474 4873 1657 4931 omnia
1688 4886 1948 4947 operatur
1993 4892 2136 4934 unus

568 4954 625 4998 et
645 4945 792 5038 idem
821 4946 1059 5020 Spiritus
1085 4994 1103 5023 ,
1151 4956 1397 5016 dividens
1423 4975 1671 5018 seorsum
1723 4945 1952 5036 singulis
1977 4975 2138 5038 prout

570 5036 685 5093 vult
711 5039 812 5096 τ’.»
838 5040 898 5098 Si
923 5060 1052 5117 ergo
1080 5047 1198 5105 haec
1224 5049 1461 5120 Spiritus
1486 5063 1710 5113 sanctus
1734 5071 1833 5129 per
1864 5036 2138 5129 apostolos

568 5145 669 5201 pro
696 5147 798 5191 suo
825 5135 979 5194 libito
1007 5143 1318 5212 peragebat,
1371 5143 1571 5203 Paulus
1603 5162 1736 5205 vero
1760 5164 1826 5205 ac
1856 5150 2137 5209 Barnabas

566 5234 908 5312 congregata:
938 5226 1196 5287 Ecclesiae
1224 5235 1572 5303 nuntiabant,
1594 5248 1799 5308 quanta
1833 5254 1957 5295 cum
1989 5241 2129 5312 ipsis

570 5310 791 5371 fecisset
821 5316 961 5375 Deus
985 5359 1001 5385 ,
1045 5321 1232 5391 utique
1270 5324 1413 5382 Deus
1458 5338 1544 5386 est
1592 5329 1830 5401 Spiritus
1870 5310 2090 5389 sanctus
2124 5370 2139 5398 ,

573 5404 721 5474 iuxta
751 5412 1119 5480 apostolorum
1149 5414 1437 5487 loquelam.

2246 4593 2309 4648 τὸ
2330 4593 2463 4648 αὐτὸ
2483 4592 2731 4665 Πνεῦμα,
2760 4592 2933 4666 ἑτέρῳ
2961 4592 3019 4647 δέ
3058 4591 3242 4657 πίστις
3267 4592 3327 4646 ἐν
3363 4590 3444 4665 τῷ
3470 4592 3626 4665 αὖτῷ
3663 4594 3830 4646 Πνεῦ-

2249 4703 2405 4759 ματι,
2454 4685 2601 4758 ἄλλῳ
2643 4685 2701 4741 δέ
2754 4686 3069 4757 χαρίσματα
3129 4683 3375 4755 ίαμάτων
3439 4686 3499 4737 ἐν
3556 4684 3639 4756 τῷ
3689 4684 3823 4750 αὐτῷ

2246 4776 2526 4850 Πνεύματι
2542 4816 2558 4842 ,
2590 4796 2608 4829 r
2646 4777 2742 4833 καὶ
2784 4777 2855 4830 τά
2899 4775 3048 4847 ἑξῆς.
3091 4770 3225 4829 Εῐτα
3277 4774 3546 4830 διδάσκων
3604 4776 3681 4840 ὡς
3738 4775 3822 4843 οὐχ

2242 4866 2548 4938 ὕπουργοῦν
2574 4867 2749 4922 ταῦτα
2774 4867 3019 4940 διανέμει
3051 4868 3112 4920 τὸ
3155 4865 3383 4943 Πνεῦμα
3407 4866 3469 4920 τὸ
3492 4867 3668 4937 ἅγιον,
3695 4866 3820 4922 ἀλλὰ

2240 4958 2575 5023 δεσποτικῶς
2604 4953 2685 5024 οἷς
2716 4959 2859 5014 θέλει
2897 4956 3204 5031 χαρίζεται,
3246 4959 3499 5031 ἐπήγαγε
3525 4974 3540 4989 ⁸
3602 4979 3621 5011 ι
3650 4959 3819 5012 Πάντα

2239 5049 2301 5104 δέ
2323 5047 2499 5104 ταῦτα
2526 5051 2742 5121 ἐνεργεῖ
2767 5049 2830 5104 τὸ
2859 5048 2919 5103 ἓν
2940 5050 3038 5103 καὶ
3066 5048 3131 5103 τὸ
3152 5048 3288 5103 αὐτὸ
3308 5048 3556 5119 Πνεῦμα,
3592 5045 3819 5119 διαιροῦν

2244 5142 2353 5215 ίδίᾳ
2378 5142 2593 5214 ἑκάστῳ
2618 5142 2801 5206 καθὼς
2818 5141 3081 5213 βούλεται.
3107 5159 3127 5193 ι
3161 5140 3225 5193 El
3240 5138 3420 5193 τοίνυν
3447 5138 3509 5191 τὸ
3528 5137 3746 5207 Πνεῦμα
3765 5135 3818 5187 τὸ

2242 5234 2399 5303 ἅγιον
2424 5234 2595 5291 ταῦτα
2624 5235 2715 5289 διὰ
2740 5234 2851 5288 τῶν
2883 5232 3200 5288 ἀποστόλων
3226 5230 3514 5301 εἰργάζετο
3551 5228 3628 5292 ὡς
3660 5228 3815 5299 ἠϐού-

2239 5327 2384 5391 λετο,
2424 5326 2821 5395 συναγαγόντες
2846 5323 2904 5377 δὲ
2928 5323 2980 5375 οί
3010 5320 3140 5392 περὶ
3177 5318 3389 5373 Παῦλον
3417 5319 3511 5372 καὶ
3541 5318 3817 5389 Βαρνάϐαν

2240 5418 2342 5489 τὴν
2378 5418 2706 5490 Ἐκκλησίαν
2737 5413 3067 5485 ἀνήγγειλαν
3109 5412 3211 5465 ὅσα
3239 5411 3463 5481 ἐποίησε
3501 5413 3620 5480 μετ’
3649 5411 3819 5464 αὐτῶν

2246 5510 2273 5560 ὀ
2296 5508 2448 5572 Θεὸς,
2478 5508 2609 5572 Θεὸς
2633 5506 2740 5578 ἄρα
2772 5505 2834 5559 τὸ
2860 5504 3083 5573 Πνεῦμα
3110 5503 3168 5556 τὸ
3199 5502 3353 5570 ἅγιον
3389 5500 3528 5554 κατά
3562 5501 3660 5572 τὴν
3692 5500 3819 5553 ἀπο-

2248 5601 2446 5655 στόλων
2471 5602 2675 5671 φωνήν.

646 5755 689 5787 "
715 5755 834 5812 Act.
864 5775 915 5827 v,
943 5763 992 5815 5.
1074 5766 1117 5796 ’ί
1151 5766 1279 5822 ibid.
1304 5766 1355 5820 4.
1396 5769 1477 5848 ’,τ’
1508 5770 1627 5824 Act.
1661 5786 1776 5839 xui,
1808 5771 1861 5826 2.
1898 5775 1983 5855 ζ’
2012 5774 2131 5831 Act.
2163 5792 2272 5844 xw,
2306 5776 2396 5833 23.
2460 5778 2502 5810 7"
2533 5777 2552 5832 l
2580 5777 2683 5833 Cor
2711 5792 2808 5843 xu,
2842 5776 2895 5845 8,
2921 5776 2974 5832 9.
3050 5777 3091 5808 ⁷⁵
3134 5773 3263 5831 ibid.
3299 5776 3381 5831 ll.
