4078 6264
227 308 360 366 “83
1571 301 1660 358 DE
1696 300 1837 356 TRIi

1895 300 2101 358 TATE‘.
3364 301 3505 359 1186

291 421 463 478 Τοῦτο
499 419 721 490 γεγονὸς
761 419 857 474 καὶ
900 419 961 471 ἔν
1027 418 1420 491 Ἰεροσολύμοις
1475 420 1505 471 6
1544 418 1821 481 θειότατος
1851 423 1898 481 Α

1891 468 1898 481 ,
1998 418 2114 474 Hoc
2142 418 2285 473 idem
2311 418 2557 475 evenisse
2582 416 2978 489 Hierosolymis
3009 430 3228 488 quoque
3276 417 3501 484 praecla-

221 514 490 586 διηγεῖται
518 512 753 573 Λουκᾶς.
770 530 791 563 t
813 509 1068 580 Ἐσίγησε
1083 508 1216 581 γὰρ,
1234 510 1387 580 φησὶ,
1423 509 1570 563 ἆπαν
1596 507 1658 561 τὸ
1673 509 1813 578 πλῆ-

1921 511 2172 566 rissimus
2192 509 2367 565 Lucas
2396 518 2617 565 narrat:
2645 528 2664 562 ι
2690 510 2883 564 Tacuit
2902 509 3073 574 enim,
3099 506 3300 575 inquit,
3323 504 3504 559 omnis

222 609 330 672 θος,
361 605 461 658 καὶ⁵
490 604 657 675 ήκουε
690 600 784 656 τοῦ
809 600 1070 671 Βαρνάὸα
1094 600 1191 654 καὶ
1219 600 1313 654 τοῦ
1337 600 1553 654 Παύλου
1584 600 1815 671 ἐξηγου-

1923 602 2236 667 multitudo,
2253 610 2308 657 et
2324 603 2617 657 audiebant
2632 601 2934 656 Barnabam
2956 610 3013 655 et
3027 597 3253 655 Paulum
3274 610 3504 651 narran-

225 696 426 768 μὲνων,
460 694 562 747 ὅσα
587 693 617 745 6
658 690 792 754 Θεὸς
830 689 1090 760 ἐποίησεν
1132 692 1336 760 σημεῖα
1381 690 1449 744 δι’
1483 690 1684 756 αὐτῶν,
1721 692 1817 745 καὶ

1918 702 2001 748 tes
2017 702 2217 762 quanta
2245 692 2386 747 Deus
2409 690 2633 748 fecisset
2648 693 2803 763 signa
2829 703 2886 747 et
2902 694 3145 762 prodigia
3173 693 3227 747 in
3252 692 3507 763 gentibus

221 787 429 858 τέρατα
453 786 511 839 ἐν
539 784 655 847 τοῖς
681 781 885 835 ἔθνεσι.
921 798 942 833 ι
975 779 1108 843 Θεὸς
1135 775 1230 834 οὖν
1268 779 1375 851 ἀρα
1406 779 1468 833 τὸ
1496 781 1720 850 Πνεῦμα
1755 779 1819 834 τὸ

1918 797 2016 854 per
2031 784 2258 854 ipsos".
2272 802 2291 835 ι
2309 782 2454 839 Deus
2469 797 2600 854 ergo
2612 793 2695 839 est
2710 783 2948 854 Spiritus
2958 794 3208 841 sanctus:
3225 788 3340 855 ipse
3360 783 3504 838 enim

222 880 374 949 ἀγιον
401 896 417 909 ο
447 879 510 931 τὸ
536 876 645 946 γὰρ
674 873 807 928 αὑτὸ
828 870 1237 945 θαυματουργεῖ
1264 874 1335 927 τὰ
1380 875 1582 944 σημεῖα
1627 874 1723 927 καὶ
1749 872 1820 928 τὰ

1918 878 2075 947 signa
2100 885 2155 932 et
2187 876 2433 948 prodigia
2469 876 2791 933 mirabiliter
2822 887 3101 948 operatur.
3135 876 3295 934 [Inde
3335 877 3503 932 etiam

221 972 447 1044 τέρατα.
473 969 565 1022 Διὸ
593 968 687 1021 καὶ
713 969 743 1021 6
769 964 1059 1037 Κύριοςέν
1085 967 1197 1029 τοῖς
1220 965 1569 1033 Εύαγγελίοις
1596 964 1782 1033 ἔλεγεν
1800 979 1815 994 ·

1920 968 2180 1024 Dominus
2192 968 2246 1022 iu
2263 967 2574 1037 Evangeliis
2588 968 2776 1024 aiebat
2796 987 2809 1022 :
2835 967 3021 1035 «Quod
3038 969 3082 1024 si
3101 982 3204 1038 ego
3221 968 3275 1023 iu
3296 966 3505 1037 Spiritu

229 1082 247 1114 ι
274 1063 335 1115 Εἰ
357 1060 420 1114 δὲ
457 1062 516 1113 ἐν
541 1057 823 1128 Πνεύματι
854 1054 991 1109 Θεοῦ
1023 1054 1136 1124 ἐγὼ
1168 1054 1417 1109 ἐκϐάλλω
1444 1056 1515 1108 τά
1542 1053 1817 1125 δαιμόνια,

1920 1058 2017 1114 Dei
2058 1058 2326 1114 daemonia
2360 1058 2547 1129 ejicio,
2571 1059 2762 1130 utique
2784 1061 3102 1131 pervenitin
3126 1075 3225 1116 vos
3277 1074 3505 1131 regnum

226 1153 332 1227 ἄρα
357 1152 596 1222 ἔφθασεν
627 1151 713 1221 ἐφ’
747 1150 894 1222 ὑμᾶς
926 1153 961 1224 ἡ
1011 1146 1259 1221 βασιλεία
1307 1146 1402 1201 τοῦ
1448 1144 1608 1200 Θεοῦ.
1629 1163 1649 1199 ι
1709 1144 1821 1199 Καὶ

1922 1151 2019 1208 Dei
2040 1152 2107 1206 ".
2147 1169 2168 1204 ι
2203 1150 2523 1221 Rursusque
2556 1151 2610 1206 in
2640 1150 2869 1207 Actibus
2900 1152 3078 1207 Lucas
3110 1153 3188 1207 ait
3222 1152 3272 1185 "
3301 1192 3318 1219 ,
3366 1152 3506 1207 Pau-

228 1244 390 1298 πάλιν
420 1245 480 1297 ἐν
508 1244 628 1308 ταῖς
665 1242 939 1310 Πράξεσιν
975 1243 1003 1294 6
1044 1238 1259 1302 Λουκᾶς
1289 1236 1383 1292 τὸν
1409 1235 1623 1290 Παῦλόν
1655 1251 1821 1307 φησιν

1922 1242 2033 1297 lum
2078 1241 2253 1297 electo
2298 1241 2412 1296 Sila
2452 1240 2760 1313 profectum
2811 1255 2956 1309 esse,
3006 1242 3269 1296 traditum
3318 1244 3507 1313 gratiae

231 1336 621 1407 ἐπιλεξάμενον
647 1328 740 1388 τὸν
775 1335 937 1390 Σίλαν
979 1332 1216 1398 ἐξελθεῖν
1238 1332 1304 1401 τῇ
1346 1328 1532 1402 χάριτι
1560 1326 1654 1382 τοῦ
1684 1326 1819 1382 Θεοῦ

1922 1331 2017 1387 Dei
2045 1348 2075 1385 ιι
2110 1330 2390 1390 fratribus.
2423 1330 2543 1398 Quo
2568 1331 2697 1387 item
2728 1332 2849 1388 loco
2878 1331 3045 1387 Deum
3091 1331 3329 1401 appellat
3380 1330 3508 1402 Spi-

232 1430 336 1486 ὑπὸ
360 1428 474 1482 τῶν
498 1426 743 1496 ἀδελφῶν
771 1424 1179 1498 παραδοθέντα·
1223 1422 1358 1475 Θεὸν
1389 1416 1548 1486 αὖθις
1585 1419 1823 1486 καλέσας

1926 1423 2089 1479 ritum
2120 1431 2407 1490 sanctum,
2438 1423 2531 1495 qui
2586 1437 2785 1494 nempe
2823 1438 2925 1495 per
2949 1423 3151 1480 fratres
3196 1423 3508 1478 Antiochia

231 1524 290 1579 τὸ
317 1518 545 1590 Πνεῦμα
575 1518 638 1572 τὸ
677 1517 854 1587 ἅγιον,
904 1516 965 1571 τὸ
994 1515 1081 1570 διὰ
1108 1514 1218 1568 τῶν
1240 1512 1486 1583 ἀδελφῶν
1523 1514 1582 1568 ἐν
1619 1513 1824 1567 Ἀντιο-

1925 1526 2312 1589 segregaverat
2354 1518 2535 1589 ipsum
2594 1519 2663 1576 ad
2715 1518 3047 1576 destinatum
3105 1533 3264 1591 opus.
3317 1518 3510 1574 Adhuc

230 1610 351 1682 χείᾳ
396 1608 670 1679 ἀφορίσαν
721 1602 885 1661 αὐτὸν
928 1606 1010 1670 εἰς
1070 1605 1099 1658 δ
1153 1603 1599 1675 προσεκαλέσατο
1659 1603 1824 1657 αὑτὸν

1924 1608 2120 1675 beatus
2148 1608 2349 1666 Paulus
2374 1611 2428 1665 in
2462 1610 2708 1681 Epistula
2734 1613 2801 1669 ad
2825 1612 3144 1669 Corinthios
3168 1612 3245 1667 ait
3268 1627 3284 1667 :
3310 1629 3330 1664 ι
3360 1609 3508 1678 Quos

232 1703 414 1774 ἔργον.
462 1698 632 1753 Πάλιν
682 1699 711 1752 6
753 1698 1023 1769 μακάριος
1072 1694 1285 1758 Παῦλος
1316 1696 1373 1749 ἐν
1420 1694 1517 1767 μὲν
1559 1697 1629 1767 τῇ
1684 1694 1823 1766 πρὸς

1921 1685 2072 1756 Deus
2112 1702 2291 1772 posuit
2320 1702 2375 1757 in
2405 1700 2649 1759 Ecclesia
2693 1706 2891 1773 partim
2946 1706 3243 1777 prophetas
3277 1715 3332 1762 et
3372 1719 3505 1778 apo-

234 1788 557 1862 Κορινθίους
588 1788 662 1861 (1)
686 1788 868 1861 φησίνο
915 1808 932 1841 ι
964 1787 1072 1853 οὓς
1096 1786 1250 1841 ἔθετο
1282 1784 1311 1838 6
1341 1785 1476 1849 Θεὸς
1503 1787 1562 1840 ἐν
1587 1787 1653 1856 τῇ
1700 1785 1823 1839 Ἐκ-

1894 1791 1902 1839 l
1929 1788 2118 1854 stolos,
2151 1790 2351 1859 partim
2384 1799 2635 1860 pastores
2656 1801 2714 1847 et
2761 1793 3017 1850 doctores
3062 1804 3230 1865 atque
3263 1809 3504 1865 evange-

236 1883 459 1953 κλησίᾳ,
487 1882 611 1943 τοὺς
641 1881 740 1952 μὲν
777 1880 1059 1952 προφήτας
1096 1878 1193 1931 καὶ
1222 1875 1575 1942 ἀποστόλους,
1602 1877 1729 1939 τοὺς
1760 1875 1817 1930 δέ

1925 1877 2101 1944 listas,
2134 1880 2201 1934 sd
2226 1879 2642 1938 cdiﬂeationem
2677 1891 2993 1940 saneton
3026 1886 3095 1939 "'.
3144 1902 3165 1937 ι
3201 1885 3367 1943 Mileti
3403 1901 3506 1942 au-

236 1974 502 2046 ποιμένας
538 1973 630 2028 καὶ
662 1970 1020 2037 διδασκάλους
1068 1972 1164 2027 καὶ
1219 1966 1639 2039 εὑαγγελιστὰς,
1678 1966 1819 2038 πρὸς

1925 1977 2033 2024 tein
2062 1969 2324 2027 fratribus
2350 1971 2471 2029 vale
2505 1971 2715 2040 dicens,
2763 1982 2817 2029 et
2856 1975 3041 2030 datam
3069 1990 3509 2034 commemorans

234 2066 599 2139 καταρτισμὸν
624 2065 730 2118 τῶν
769 2065 973 2135 ἁγίωνο
1013 2084 1032 2117 ι
1074 2067 1133 2120 ἐν
1170 2064 1228 2119 δὲ
1257 2064 1486 2135 Μιλήτῳ
1529 2060 1819 2117 συνταττόσ

1925 2060 2196 2130 gratiam:
2236 2080 2275 2123 ιλ
2302 2061 2584 2121 Attendite
2639 2066 2806 2136 igitur
2836 2067 3270 2140 vobismetipsis,
3306 2070 3507 2142 inquit,

231 2175 396 2230 μενος
415 2160 526 2222 τοῖς
551 2155 823 2226 ἀδελφοῖς,
851 2157 948 2212 καὶ
977 2156 1077 2226 τῆς
1114 2154 1364 2227 δοθείσης
1383 2152 1819 2225 ἀναμιμνήσκων

1923 2160 1979 2208 et
2003 2152 2260 2211 universo
2292 2155 2469 2227 gregi,
2495 2157 2549 2213 in
2577 2172 2688 2230 quo
2723 2172 2820 2214 vos
2851 2158 3092 2230 Spiritus
3141 2173 3367 2220 sanctus
3415 2180 3510 2235 po-

229 2251 471 2322 χάριτοςο
508 2266 528 2302 ε
558 2249 862 2321 Προσέχετε
892 2243 986 2303 οὖν
1015 2248 1253 2312 εαυτοίς,
1298 2248 1487 2317 φησὶν,
1534 2244 1634 2299 κα)⁸
1656 2242 1821 2297 παντὶ

1923 2243 2030 2299 suit
2075 2244 2366 2317 episcopos
2400 2262 2594 2321 regere
2640 2250 2860 2323 Ἰωιιι
2900 2251 3199 2310 Ecclesium
3248 2252 3462 2310 Domini
3486 2293 3505 2323 ,

228 2341 313 2412 τῷ
357 2342 593 2413 ποιμνίῳ
640 2342 699 2395 ἐν
734 2332 780 2409 ᾧ
812 2340 957 2412 ὑμᾶς
981 2340 1136 2395 ἐθετο
1176 2340 1239 2394 τὸ
1283 2337 1510 2410 Πνεῦμα
1544 2336 1607 2392 τὸ
1651 2334 1814 2405 ἀγιον

1377 2337 1510 2410 ιῦμα
1544 2336 1607 2392 τὸ
1651 2334 1814 2405 ἀγιον
1922 2349 2084 2405 quam
2111 2340 2402 2409 acquisivit
2431 2339 2700 2412 sanguine
2729 2357 2830 2397 suo
2862 2343 2931 2399 ".
2966 2361 2987 2397 ι

233 2432 567 2501 ἐπισκόπους
638 2432 951 2503 ποιμαίνειν
1001 2431 1099 2504 τὴν
1168 2431 1494 2503 Ἐκκλησίαν
1569 2427 1669 2483 τοῦ
1744 2424 1954 2497 Κυρίου
2000 2427 2102 2500 (2),
2160 2430 2228 2502 ἣν
2306 2433 2737 2505 περιεποιήσατο
2782 2434 2872 2491 διά
2924 2434 3021 2491 τοῦ
3098 2437 3335 2510 αἵματος
3410 2437 3508 2494 τοῦ

237 2524 394 2581 ίδῐου.
425 2544 445 2577 s

316 2619 514 2691 Ὁρᾶτε
561 2619 724 2676 πάλιν
766 2618 1046 2675 κάνταῦθα
1074 2617 1172 2692 τὴν
1203 2618 1487 2689 θεολογίαν
1515 2615 1611 2671 τοῦ
1647 2611 1820 2669 Πνεύ·

1998 2605 2189 2665 Videte
2240 2624 2431 2666 rursus
2467 2609 2597 2667 hinc
2632 2611 2820 2681 etiam,
2862 2612 3034 2670 Deum
3074 2614 3334 2675 aﬂirmari
3381 2618 3505 2691 Spi-

232 2728 431 2784 ματος.
450 2711 599 2764 Ἐκεῖ
620 2713 730 2783 γὰρ
757 2713 852 2766 τοῦ
877 2711 1013 2765 Θεοῦ
1039 2710 1422 2783 μνημονεύσας
1445 2709 1521 2772 ὡς
1537 2706 1820 2778 ποιμένας,

1928 2701 2089 2755 ritum
2148 2711 2420 2783 sanctum.
2480 2702 2614 2759 Cum
2670 2705 2817 2759 enim
2874 2704 2988 2761 illic
3055 2705 3288 2764 dixisset
3336 2710 3505 2768 Deum

225 2806 323 2859 καὶ
369 2803 747 2869 διδασκάλους,
784 2806 879 2859 κα)¹
925 2804 1319 2876 εὐαγγελιστὰς
1361 2801 1820 2875 χειροτονοῦντος,

1926 2793 2276 2850 constituisse
2331 2804 2577 2864 pastores
2608 2835 2625 2861 ,
2677 2797 2933 2853 doctores
2985 2807 3042 2853 et
3093 2802 3504 2873 evangelistas,

226 2896 464 2950 ἐνταῦθα
495 2896 623 2969 περὶ
648 2894 740 2951 τοῦ
766 2896 1084 2970 Πνεύματός
1112 2914 1264 2970 φησι’
1314 2898 1402 2952 Ἐν
1428 2890 1472 2966 ᾧ
1506 2898 1647 2968 ὑμᾶς
1671 2893 1823 2947 ἔθετο

1928 2885 2018 2941 hic
2066 2885 2134 2941 de
2182 2882 2387 2956 Spiritu
2421 2886 2501 2941 ait
2535 2905 2549 2941 :
2610 2904 2629 2939 ι
2659 2886 2780 2953 Quo
2810 2887 2863 2943 in
2896 2900 3063 2959 grege
3096 2901 3193 2945 vos
3220 2891 3507 2950 collocarit

230 2987 291 3039 τὸ
315 2985 548 3059 Πνεῦμα
581 2987 642 3040 τὸ
669 2988 824 3057 ἆγιον
856 2989 1191 3053 ἐπισκόπους
1228 2990 1538 3060 ποιμαίνειν
1562 2988 1661 3058 τὴν
1699 2987 1822 3040 Ἐκ-

1930 2976 2170 3047 Spiritus
2214 2988 2437 3033 sanctus
2486 2977 2773 3047 episcopos
2800 2980 2870 3033 ob
2923 2981 3214 3049 regendam
3246 2985 3504 3053 pastorali

230 3036 500 3148 κλησίανἶ
533 3036 797 3134 διδάσκων
825 3080 901 3144 ὡς
934 3080 1065 3144 Θεὸς
1092 3081 1152 3134 τὸ
1164 3036 1401 3152 Πνεῦμα
1424 3080 1484 3133 τὸ
1511 3036 1687 3149 ἅγιόν,
1729 3094 1824 3132 και

1926 3036 2055 3122 cura
2093 3067 2389 3123 Ecclesium
2420 3084 2434 3121 :
2474 3086 2493 3120 ι
2514 3036 2715 3125 docens
2742 3036 3014 3125 videlicet
3031 3072 3197 3127 Deum
3222 3036 3346 3130 esse
3381 3074 3506 3146 Spi-

226 3172 313 3223 ῦτι
341 3170 541 3225 ταύτόν
577 3173 725 3225 ἐστιν
767 3174 943 3226 εἰπεῖν
973 3171 1126 3239 Θεὸν,
1178 3172 1273 3227 καὶ
1313 3171 1560 3242 Πνεῦμα,
1602 3170 1689 3224 διὰ
1722 3169 1823 3241 τὴν

1924 3160 2088 3215 ritum
2113 3168 2384 3227 sanetum,
2407 3161 2740 3231 perindeque
2764 3161 2869 3217 dici
2904 3161 3072 3217 Deum
3113 3177 3179 3219 ac
3211 3163 3502 3235 Spiritum,

226 3264 524 3317 κοινωνίαν
547 3266 644 3336 τῆς
674 3264 886 3333 φύσεως
909 3282 923 3295 ο
952 3267 1061 3328 τοῖς
1092 3283 1150 3318 τε
1181 3264 1289 3337 γὰρ
1311 3265 1415 3318 ὑπὸ
1438 3262 1531 3317 τοῦ
1556 3262 1692 3317 Θεοῦ
1731 3262 1823 3315 καὶ

1923 3262 2144 3321 propter
2176 3262 2386 3307 naturae
2418 3252 2876 3307 communionem.
2913 3251 3047 3307 Nam
3079 3253 3147 3309 iis
3167 3264 3288 3326 quae
3321 3272 3352 3312 a
3398 3259 3507 3314 Deo

222 3356 450 3427 Πατρὸς
478 3356 779 3428 γινομένοις
813 3358 1064 3427 συνεργεῖ
1087 3360 1114 3410 6
1140 3338 1268 3422 Ῠὶὸς
1293 3358 1387 3411 καὶ
1414 3356 1476 3410 τὸ
1508 3355 1735 3426 Πνεῦμα
1762 3355 1823 3408 τὸ

1922 3340 2082 3396 Patre
2111 3342 2264 3409 fiunt,
2290 3351 2651 3411 cooperantur
2682 3341 2850 3397 Filius
2876 3356 2939 3395 ac
2966 3340 3209 3411 Spiritus
3232 3356 3460 3400 sanctus
3488 3362 3502 3400 :

224 3447 417 3515 ἅγιον·
458 3448 573 3510 τοῖς
596 3463 655 3499 τε
681 3446 786 3500 ὑπὸ
820 3446 912 3499 τοῦ
956 3446 1088 3501 Υἱοῦ
1123 3448 1201 3517 (5)
1249 3448 1343 3501 καὶ
1372 3447 1466 3501 τοῦ
1505 3447 1823 3517 Πνεύματος

1923 3434 2272 3503 vicissimque
2300 3434 2389 3498 iis,
2420 3447 2542 3502 quae
2571 3446 2599 3486 a
2637 3431 2778 3488 Filio
2803 3441 2857 3488 et
2893 3431 3096 3502 Spiritu
3125 3437 3501 3503 perficiuntur.

222 3536 581 3608 τελουμένοις
621 3538 928 3591 συνευδοκεῖ
954 3537 1216 3601 ὡσαύτως
1244 3539 1272 3590 6
1307 3537 1439 3602 Θεὸς
1473 3538 1565 3590 καὶ
1606 3538 1819 3609 Πατήρ.

1922 3527 2194 3582 consentit
2227 3525 2431 3596 pariter
2462 3526 2609 3581 Deus
2638 3523 2823 3580 Pater.
2852 3524 3185 3597 Rursusque
3211 3527 3336 3583 alibi
3373 3529 3504 3583 hea-

223 3628 342 3680 Καὶ
379 3628 650 3698 ἑτέρωθεν
686 3628 847 3682 πάλιν
901 3631 929 3683 6
981 3629 1247 3702 μακάριος
1286 3628 1495 3694 Παῦλος
1526 3630 1656 3683 Θεὸν
1683 3625 1822 3683 εἶναι

1925 3624 2011 3674 tus
2048 3617 2248 3674 Paulus
2295 3618 2465 3673 Deum
2510 3632 2633 3674 esse
2669 3617 2933 3689 Spiritum
2982 3620 3276 3689 praedicat:
3316 3641 3334 3673 ε
3371 3621 3504 3677 Nam

222 3719 287 3771 τὸ
321 3720 554 3791 Πνεῦμα
582 3719 859 3793 κηρύττει·
893 3742 910 3772 ι
942 3720 1069 3774 Ἐὰν
1097 3723 1227 3791 γὰρ,
1258 3722 1413 3793 φησὶ,
1437 3722 1821 3795 προφητεύωσι

1924 3711 2003 3775 εἰ,
2046 3710 2241 3780 inquit,
2296 3723 2487 3765 omnes
2533 3709 2883 3780 prophetent,
2938 3709 3106 3765 intret
3156 3722 3334 3767 autem
3385 3716 3508 3783 quis

220 3813 455 3876 πάντες,
482 3813 699 3884 είσέλθῃ
726 3814 782 3865 δέ
811 3830 894 3879 τις
927 3813 1154 3877 ἄπιστος
1185 3815 1217 3884 ἢ
1265 3813 1497 3887 ἰδιώτης,
1539 3816 1820 3886 ἐλέγχεται

1924 3801 2155 3856 inlidelis
2185 3800 2269 3855 vel
2315 3801 2506 3865 idiota,
2553 3800 2895 3856 convincitur
2930 3801 2998 3856 ab
3023 3803 3277 3857 omnibus
3299 3841 3315 3866 ,
3367 3804 3503 3873 diju~

219 3904 330 3959 ὑπὸ
360 3906 610 3970 πάντων,
642 3904 989 3977 ἀνακρίνεται
1015 3906 1119 3958 ὑπὸ
1148 3906 1364 3960 πάντων
1396 3905 1493 3977 (4),
1516 3906 1583 3958 τὰ
1604 3906 1822 3977 κρυπτὰ

1924 3894 2138 3948 dicatur
2168 3893 2235 3945 ab
2262 3892 2537 3954 omnibus,
2593 3890 2808 3945 occulta
2843 3890 3178 3957 cordis'cjus
3216 3892 3504 3947 manifesta

210 3996 317 4069 τῆς
351 3998 591 4068 καρδίας
622 3996 785 4051 αὑτοῦ
818 3998 1028 4070 φανερὰ
1047 4000 1254 4069 γίνεται
1275 4015 1289 4028 ο
1323 4000 1418 4052 καὶ
1443 3997 1617 4061 οὕτως
1640 3996 1820 4050 πεσὼν

1927 3981 2060 4035 fiunt
2096 3994 2112 4033 :
2139 3988 2194 4035 et
2226 3980 2297 4033 ita
2328 3979 2532 4032 cadens
2561 3977 2614 4031 in
2649 3976 2847 4031 faciem
2875 3978 3126 4031 adorabit
3156 3978 3346 4042 Deum,
3373 3995 3504 4048 pro-

207 4088 307 4142 ἐπὶ
341 4089 650 4162 πρόσωπον
683 4092 1051 4162 προσκυνήσει
1088 4090 1163 4162 τῷ
1196 4089 1335 4161 Θεῷ,
1362 4089 1718 4158 ἀπαγγέλλων
1741 4090 1817 4142 ὅτι

1926 4073 2184 4128 nuntians
2232 4072 2375 4139 quod
2422 4082 2551 4123 vere
2600 4068 2743 4122 Deus
2792 4068 2845 4122 in
2883 4069 3042 4124 vobis
3085 4071 3156 4124 sit
3180 4070 3249 4125 θί.
3284 4089 3303 4123 ι
3371 4071 3503 4126 Nam

204 4161 394 4241 ὅντως
417 4182 446 4232 6
470 4179 610 4241 Θεὸς
645 4180 701 4231 ἐν
735 4180 863 4249 ὑμῖν
890 4161 1058 4235 ἐστιν.
1094 4202 1112 4233 s
1139 4161 1372 4251 7.137285?)
1401 4179 1509 4249 γὰρ
1538 4178 1630 4231 τοῦ
1657 4179 1814 4231 Πνεύ-

1925 4165 2052 4236 quia
2080 4163 2362 4234 prophetia
2395 4162 2593 4217 donum
2625 4161 2863 4229 Spiritus
2896 4170 3007 4230 est,
3055 4171 3110 4217 et
3158 4176 3255 4232 per
3290 4165 3503 4220 revela-

204 4288 388 4343 ματος
421 4273 457 4344 ἡ
487 4270 805 4341 προφητεία
824 4272 1191 4343 χὰρισμα,διὰ
1210 4273 1265 4325 δὲ
1295 4272 1395 4342 τῆς
1425 4271 1814 4342 ἀποκαλύψεως

1929 4258 2129 4313 tionem
2176 4253 2441 4323 Spiritus,
2479 4252 2771 4307 manifesta
2825 4252 2960 4306 fiunt
3016 4253 3197 4308 cordis
3247 4254 3456 4309 occulta
3486 4296 3500 4317 ,

198 4364 299 4417 τοῦ
363 4363 706 4433 Πνεύματος
773 4366 984 4435 φανερὰ
1037 4366 1106 4419 τὰ
1152 4366 1253 4436 τῆς
1315 4365 1542 4438 καρδίας
1602 4366 1808 4436 κρυπτᾶ

1891 4393 1897 4429 ,
1931 4350 2021 4404 Dei
2044 4364 2170 4403 vero
2192 4347 2466 4417 proprium
2484 4354 2567 4401 est
2590 4354 2825 4399 mentem
2845 4343 3124 4399 hominum
3146 4360 3501 4417 cognoscere.

198 4459 451 4527 γίνεται,
506 4455 652 4510 Θεοῦ
695 4456 750 4509 δέ
794 4457 924 4511 ἴδιον
968 4457 1027 4511 τὸ
1069 4460 1159 4512 τὸν
1205 4460 1329 4512 νοῦν
1374 4459 1480 4512 τῶν
1515 4459 1808 4534 ἀνθρώπων

1928 4437 2238 4493 necessario
2274 4437 2319 4491 is
2376 4435 2466 4505 qui
2514 4433 2862 4489 convincitur
2903 4448 2934 4488 a
2991 4436 3301 4504 prophetia,
3350 4437 3505 4508 diju-

198 4526 580 4610 ἐπίστασθαι,
604 4546 915 4615 ἀναγκαίως
934 4548 961 4600 ὁ
988 4548 1344 4619 ἐλεγχόμενος
1372 4548 1462 4602 διὰ
1490 4550 1588 4620 τῆς
1611 4526 1808 4622 προφηε

1927 4531 2143 4585 dicatus
2192 4526 2443 4582 adorabit
2498 4526 2662 4580 Deum
2696 4564 2712 4589 ,
2778 4528 3137 4595 pronuntians
3189 4528 3331 4598 quod
3377 4544 3504 4584 vere

204 4596 327 4599 -ηί-
352 4596 440 4599 -υν
463 4596 580 4610 "vr
610 4596 913 4615 ""'t""'"v
939 4596 956 4600 ν
990 4596 1341 4619 ""|A't"""
1376 4596 1462 4602 *τ’*
1500 4596 1585 4620 ’⁵Ιῖ
1618 4596 1793 4622 "r'r't

193 4638 377 4706 τείας,
429 4639 878 4709 ἀνακρινόμενος
927 4643 1295 4711 προσκυνήσει
1332 4640 1411 4711 τῷ
1453 4641 1594 4712 Θεῷ,
1637 4644 1803 4712 ἀπαγ‹

1930 4622 2069 4676 Deus
2100 4619 2154 4674 in
2187 4620 2341 4675 vobis
2375 4619 2464 4671 sit.
2491 4616 2659 4673 Porro
2698 4618 2772 4672 illi
2805 4618 3036 4688 gratiam
3076 4596 3312 4686 Spiritus
3344 4619 3501 4674 hahe-

192 4694 423 4799 γέλλων
449 4733 537 4785 ὅτι
564 4694 738 4795 δῖιτωξ
768 4733 795 4785 ό
828 4694 1042 4798 ΘεὸςΙὲν
1072 4694 1205 4803 ὑμῖν.
1235 4694 1419 4785 ἐστιν’·
1452 4694 1597 4804 εἶχον

1930 4712 2078 4763 bant.
2113 4708 2264 4775 Quod
2289 4708 2333 4761 si
2367 4706 2508 4761 Deus
2544 4707 2596 4762 in
2627 4708 2756 4777 ipsis
2794 4717 2932 4771 erat,
2965 4710 3091 4777 quia
3116 4707 3350 4785 Spiritus
3381 4727 3503 4777 gra-

194 4793 369 4894 γάριν
421 4824 640 4877 ἐκεῖνοι
699 4793 792 4876 τοῦ
849 4793 1186 4895 Πνεύματὸς.
1245 4825 1305 4878 El
1360 4823 1417 4877 δὲ
1471 4793 1602 4889 Θεὸς
1650 4822 1719 4897 ἧν
1761 4793 1804 4881 ἐκ

1930 4799 2001 4852 tia
2041 4797 2379 4858 fruebantur,
2414 4804 2663 4866 superest
2705 4806 2763 4849 ut
2804 4794 2946 4849 Deus
2992 4803 3048 4849 et
3085 4809 3151 4848 ex
3188 4793 3299 4849 Deo
3331 4794 3503 4864 Spiri-

192 4888 417 4981 αύτοίς,
456 4913 664 4981 ἐπειδὴ
697 4914 794 4984 τῆς
816 4914 909 4967 τοῦ
939 4888 1253 4987 Πνεύματος
1275 4918 1558 4989 ἀπήλαυον
1578 4888 1796 4990 χάριτος

786 4914 909 4975 ῖτοῦ
939 4916 1253 4987 Πνεύματος
1275 4918 1558 4989 ἀπήλαυον
1578 4918 1815 4990 χάριτος,
1932 4901 2016 4946 ws
2054 4898 2277 4945 “melus
2305 4898 2396 4944 ⁸η·

192 5006 337 5071 Θεὸς
361 5008 481 5079 ἄρα
513 5008 617 5060 καὶ
652 5006 716 5058 ἐκ
743 5006 878 5060 Θεοῦ
911 5009 972 5060 τὸ
1004 5008 1228 5081 Πνεῦμα
1259 5010 1319 5065 τὸ
1348 5011 1521 5081 ἅγιον.

271 5124 484 5197 'f‘_Act.
517 5137 618 5188 xv,
834 5124 879 5154 ⁷⁷
910 5122 1094 5180 Matth.
1129 5142 1229 5191 xu,
1257 5128 1348 5183 28.
1428 5128 1475 5159 ⁷⁸
1508 5128 1627 5183 Αει.
1666 5146 1754 5195 XV.
1784 5133 1875 5188 40.

1979 5137 2024 5167 τ’
2055 5134 2074 5188 l
2113 5134 2242 5189 Cor.
2269 5145 2369 5197 xu,
2397 5127 2468 5183 28
2500 5146 2515 5195 ;
2548 5127 2744 5196 Ephes.
2777 5140 2852 5191 tv,
2886 5125 2976 5179 l2.
3052 5123 3095 5154 ⁸ο
3128 5123 3250 5180 Act.
3278 5139 3368 5192 xx,
3407 5123 3498 5179 98.

193 5194 239 5228 "
275 5194 294 5247 Ι
321 5194 460 5249 Cor.
494 5208 617 5257 xw,
643 5193 833 5248 25-25.

269 5312 357 5381 (1)
404 5311 548 5381 Pars
581 5310 801 5375 quidem
830 5310 978 5379 prior
1012 5310 1304 5364 testimonii
1338 5309 1457 5379 ejus
1490 5320 1573 5365 est
1605 5327 1670 5365 ex
1697 5310 1821 5381 Epi-
1926 5319 1995 5371 sit
2048 5317 2296 5380 Deipara.
2333 5329 2481 5366 num.
2512 5312 2604 5365 ‘22.

192 5378 345 5457 stola
380 5381 455 5435 ad
487 5378 843 5457 Cprinthiosj
870 5381 1224 5457 _pars_al_te_ra
1265 5378 1441 5457 tamen
1472 5384 1717 5435 adsuitur
1743 5378 1817 5437 ‘cx
1998 5390 2075 5457 (5)
2117 5378 2422 5457 ϐαιὴξεοῦ,
2457 5383 2583 5447 Deo,
2603 5382 2695 5435 sed
2717 5379 2997 5434 videbatur
3015 5378 3238 5433 omnino
3262 5378 3504 5434 scribem-

194 5454 322 5507 loco
368 5450 649 5520 parallelo
681 5449 933 5521 Epistolis
975 5451 1040 5503 ad
1085 5450 1370 5521 Ephesios.
1926 5449 2241 5521 duiu'Tioﬁ,
2276 5453 2438 5507 Filio.

274 5519 375 5590 (εἰ)
406 5523 487 5598 ita
509 5520 963 5598 cod.Kup£ou,_ut
988 5520 1226 5573 nonnulli
1246 5520 1334 5598 alii
1364 5521 1814 5598 codi_ces_Ac_t‘nur_n

1997 5530 2073 5598 (i)
2114 5519 2238 5580 Tria
2289 5526 2416 5598 haec
2446 5522 2607 5577 verba
2658 5522 2852 5575 desunt
2882 5519 3179 5598 _mendos_c_
3208 5520 3260 5598 in
3314 5519 3503 5574 codice

196 5588 387 5665 apos't.
426 5592 543 5645 Sed
587 5588 767 5665 tamen
798 5589 969 5643 multo
1005 5592 1342 5665 communior
1362 5602 1446 5665 est
1475 5592 1633 5645 lectio
1655 5591 1806 5657 Θεοῦ,

1924 5588 2143 5665 propter
2185 5592 2591 5665 ὸμοιοτέλευτον
2622 5594 3006 5665 praetermissa,
3041 5590 3135 5646 sed
3169 5588 3309 5644 infra
3338 5604 3502 5659 appu-

200 5658 327 5727 Dei,
369 5678 548 5730 quam
604 5661 869 5732 interpres
896 5673 1118 5732 quoque
1147 5658 1261 5712 Lat.
1304 5660 1562 5732 vulgatus
1596 5668 1813 5732 retinet.
1924 5658 2183 5725 i-et'lccta
2220 5658 2413 5721 revera
2454 5658 2690 5719 fuissoa
2730 5659 2954 5732 Cyrillo.

196 5732 344 5785 Θεοῦ
381 5729 564 5787 habet
621 5729 735 5796 ipse
779 5730 1011 5799 Cyrillus
1049 5732 1099 5781 in
1134 5731 1416 5798 opusculo,
1448 5729 1605 5796 Quod
1638 5730 1812 5786 Maria
2698 5801 2730 5831 ο
