4078 6264
558 321 697 378 1187
1615 316 1674 371 S.
1713 316 1982 372 CYRIIJJ
2021 316 2149 371 ALE

2258 317 2483 372 NDRINI
2522 319 2836 374 ARCHIEP.
3672 324 3820 380 H88

558 432 771 490 XXVII.
806 431 956 496 Quod
985 431 1179 507 absque
1215 432 1478 483 creatione
1513 445 1578 482 ea:
1610 428 1718 482 Deo
1773 432 1841 483 sit
1890 428 2121 499 Spiritus

2251 434 2357 486 IIZ'.
2396 432 2523 485 Ὅτι
2555 432 3119 507 ἁλιτίρντωςέκ-Θεοῦ
3155 432 3224 485 τὸ
3254 433 3491 507 "ferina
3519 435 3586 488 τὸ
3619 435 3816 507 ἅγιον,

788 513 1024 564 sanctus,
1062 505 1277 569 ideoque
1304 511 1350 554 et
1392 510 1613 553 a'ternua
1653 510 1879 559 tacetur.

2619 503 2709 555 διὸ
2741 503 2836 556 καὶ
2862 502 3104 573 αἰώνιον
3135 502 3427 557 καλεῖται.

630 613 1096 669 Przeclarissimus
1122 628 1342 684 quoque
1374 612 1569 668 Petrus
1598 614 1653 667 in
1683 613 1973 669 catholicis
1999 614 2129 684 Epio

2304 617 2412 670 Καὶ
2459 618 2487 669 6
2534 616 2809 679 θειότατος
2860 617 2916 669 δὲ
2968 616 3174 687 Πέτρος
3221 617 3280 669 έν
3316 619 3439 680 ταῖς
3484 616 3831 680 Καθολικαῖς

559 707 718 762 stolis
746 724 762 760 :
787 724 807 758 ι
841 704 898 760 Si
923 706 1352 776 exprobramini,
1373 706 1569 774 inquit,
1593 707 1645 759 in
1666 708 1884 761 nomine
1905 706 2129 771 Christi,

2251 712 2621 776 Ἐπιστολαῖς·
2661 730 2679 764 ι
2703 714 2765 766 Εἰ
2789 712 3134 778 ὀνειδίζεσθε,
3169 714 3356 783 φησὶν,
3390 715 3448 766 ἐν
3476 712 3555 784 τῷ
3593 714 3822 785 ὀνόματι

558 800 701 853 beati
732 799 885 862 estis,
910 798 1164 866 quoniam
1196 796 1402 865 gloria,
1442 797 1657 866 707m
1687 797 1901 851 virtutis
1921 838 1936 862 ,
1957 808 2013 851 et
2039 797 2133 850 Dei

2251 803 2328 856 τοῦ
2364 803 2625 875 Χριστοῦ,
2674 804 2934 875 μακάριοί
2963 806 3108 866 ἐστε,
3157 806 3239 857 ὅτι
3286 804 3347 857 τὸ
3382 803 3483 876 τῆς
3525 804 3687 876 δόξης
3724 809 3820 859 καὶ

562 889 802 956 Spiritus
826 902 988 954 super
1033 901 1130 942 vos
1158 888 1454 956 requiescit
1500 887 1569 941 ⁸⁸.
1621 905 1641 937 ι
1685 886 1881 943 Beatus
1922 902 2137 959 quoque

2251 893 2516 963 ῑυνάμεως
2557 895 2653 946 καὶ
2688 892 2784 945 τοῦ
2823 892 2958 946 Θεοῦ
2993 893 3220 963 Πνεῦμα
3246 893 3330 962 ἐφ’
3370 893 3515 963 ὑμᾶς
3542 893 3819 946 ἀναπαύε-

560 979 793 1033 Joannes
816 979 871 1033 in
906 977 1149 1047 Epistula
1184 994 1200 1032 :
1240 995 1258 1029 ι
1291 975 1347 1032 In
1380 979 1510 1041 hoc,
1539 977 1735 1043 inquit,
1762 981 2137 1049 cognoscimus

2251 1004 2346 1039 ται.
2394 1005 2413 1037 t
2468 988 2579 1040 Καὶ
2625 989 2653 1040 6
2713 988 2984 1059 μακάριος
3030 988 3282 1058 Ἰωάννης
3317 988 3374 1039 ὲν
3407 990 3473 1059 τῇ
3504 987 3814 1058 Ἐπιστολῇε

564 1084 663 1125 nos
699 1069 751 1123 in
776 1083 842 1124 eo
873 1083 1132 1133 manere,
1164 1078 1220 1123 et
1247 1069 1421 1138 ipsum
1456 1069 1513 1123 in
1550 1069 1708 1123 nobis
1731 1108 1747 1133 ,
1780 1070 2036 1138 quoniam
2069 1072 2141 1125 de

2251 1097 2262 1130 ι
2297 1079 2387 1131 Ἐν
2424 1079 2619 1149 τούτῳ,
2652 1082 2804 1152 φησι,
2841 1080 3183 1151 γινώσκομεν
3222 1083 3305 1134 ὃτι
3344 1082 3406 1133 ὲν
3437 1080 3589 1150 αὐτῷ

564 1159 770 1229 Spiritu
799 1174 898 1215 suo
934 1160 1092 1215 nobis
1115 1159 1262 1215 dedit
1306 1159 1373 1212 ⁸³.
1410 1177 1429 1211 ι
1483 1159 1636 1225 Quod
1672 1171 1854 1214 autem
1909 1176 1976 1215 ex
2024 1160 2136 1216 Deo

2251 1189 2360 1240 μεν,
2391 1173 2485 1225 καὶ
2516 1172 2680 1236 αὐτὸς
2711 1174 2769 1226 ὲν
2800 1174 2951 1243 ἡμῖν,
2983 1174 3066 1227 ὅτι
3099 1175 3164 1225 ἐκ
3183 1173 3279 1226 τοῦ
3306 1173 3627 1242 Πνεῦματος
3656 1171 3816 1225 αὑτοῦ

560 1267 681 1307 esse
711 1252 1060 1321 praedicatur,
1094 1246 1252 1304 baud
1309 1261 1557 1305 creatura
1613 1259 1720 1315 est,
1778 1251 1873 1304 sed
1926 1266 1994 1304 ex
2042 1251 2137 1305 Dei

2251 1263 2467 1317 ἴέδωκεν
2500 1266 2652 1334 ἡμῖν.
2678 1284 2699 1316 ι
2741 1265 2817 1318 Τὸ
2842 1264 2899 1319 δὲ
2925 1267 2989 1319 ὲκ
3014 1265 3108 1319 τοῦ
3139 1265 3273 1319 Θεοῦ
3303 1264 3727 1336 κηρυττόμενον,
3760 1264 3815 1316 ού
3857 1245 3874 1266 ’
3900 1270 3903 1271 ⁷

561 1343 888 1399 substantia.
942 1341 1124 1408 Quare
1175 1351 1230 1397 et
1278 1343 1458 1410 ipsum
1511 1342 1705 1397 beatus
1743 1341 1943 1397 Paulus
1976 1354 2139 1397 mter-

2251 1356 2464 1426 ιιτίσμα,
2498 1356 2613 1408 ἀλλ’
2638 1358 2703 1411 ὲκ
2736 1357 2835 1429 τῆς
2864 1358 3015 1421 θείας
3058 1358 3244 1421 οὐσίας
3286 1358 3565 1430 ὑπάρχονο
3609 1356 3692 1409 διδ
3728 1358 3819 1410 καὶ

564 1451 715 1499 num,
744 1436 911 1504 etqui
949 1434 1166 1489 initium
1195 1449 1307 1488 non
1350 1434 1629 1498 habuerit,
1665 1442 1940 1501 nuncupat
1979 1449 1993 1485 :
2026 1453 2046 1485 ι
2080 1432 2138 1488 Si

2251 1449 2455 1502 ιίώνιον
2497 1450 2575 1511 είς
2600 1450 2774 1521 ἀρχὴν
2805 1451 2863 1503 τὸ
2895 1446 3033 1505 εἶναι
3076 1452 3151 1522 μὴ
3178 1449 3434 1521 εἰληφὼς,
3479 1452 3508 1505 6
3552 1451 3819 1522 μακάριος

561 1528 707 1581 enim
753 1525 997 1595 sanguis,
1048 1526 1252 1596 inquit,
1289 1526 1564 1580 hircorum
1610 1535 1666 1581 et
1724 1535 2045 1591 taurorum,
2086 1534 2142 1581 et

2251 1540 2371 1594 ιῠτὺ
2400 1540 2610 1605 Παῦλος
2639 1542 2937 1597 ἀποκαλεῖ·
2972 1563 2989 1595 ι
3013 1545 3077 1598 Εί
3100 1543 3209 1615 γὰρ
3232 1539 3393 1614 αἷμα,
3426 1544 3580 1615 φησι,
3603 1543 3821 1612 τράγων

562 1618 704 1673 cinis
747 1618 932 1672 vitula:
990 1631 1249 1685 aspersus
1280 1655 1297 1682 ,
1354 1617 1664 1687 inquinatos
1714 1618 2022 1673 sanctiﬁcat
2071 1617 2145 1672 ad

2251 1635 2336 1687 καὶ
2367 1635 2603 1710 ταύρων,
2640 1639 2732 1691 καὶ
2762 1640 2956 1704 σποδὸς
2999 1639 3287 1711 δαμάλεως
3323 1640 3652 1713 ῥαντίζουσα
3695 1642 3822 1703 τοὺς

562 1710 951 1780 perfectionem
981 1751 996 1775 ,
1032 1720 1238 1779 quanto
1288 1711 1462 1781 magis
1507 1712 1730 1781 sanguis
1761 1711 2001 1775 Christi.
2045 1710 2139 1780 qui

2251 1727 2673 1797 κεκοινωμένους
2714 1729 2929 1797 ἁγιάζει
2982 1710 3116 1802 προς
3166 1710 3483 1802 τελειοτητα
3520 1731 3621 1803 (ὅ),
3672 1732 3822 1801 πόσῳ

572 1817 670 1872 per
703 1801 965 1869 Spiritum
1012 1812 1261 1854 sanctum
1291 1801 1641 1869 semetipsum
1672 1801 1870 1857 obtulit
1892 1800 1940 1833 ⁸⁸
1968 1804 1983 1855 l
2023 1820 2042 1852 ι
2079 1800 2137 1855 Si

566 1908 696 1965 ergo
727 1892 967 1960 Spiritus
994 1900 1223 1946 sanctus
1251 1901 1491 1947 aeternus
1512 1901 1617 1957 est,
1656 1902 1717 1946 et
1742 1891 1884 1948 Deus
1922 1908 2141 1963 quoque

565 1994 835 2049 astet-nus.
870 1983 1161 2039 manifesta
1194 1984 1473 2038 conclusio
1494 1993 1598 2039 est.
1632 1980 1738 2039 Sed
1772 1985 1916 2040 enim
1943 1996 2139 2042 cuncta

567 2076 635 2130 de
662 2084 857 2135 sancto
894 2074 1102 2143 Spiritu
1151 2075 1481 2139 testimonia,
1509 2087 1632 2144 quae
1669 2076 1842 2145 ipsum
1876 2086 1930 2132 et
1975 2077 2171 2134 Deum-

566 2173 688 2221 esse
716 2174 771 2220 et
788 2166 1075 2221 Dominum
1106 2166 1430 2234 pradicant,
1454 2166 1816 2236 eamdemque
1843 2182 1966 2221 cum
1979 2166 2143 2223 Patre

568 2273 631 2310 ac
664 2255 945 2324 Filio'pari
973 2257 1171 2312 ordine
1191 2256 1484 2323 collocant,
1529 2258 1797 2313 studiosis
1839 2260 2145 2335 colligenda

568 2344 963 2415 relinquimus:
993 2363 1089 2403 nos
1123 2362 1252 2403 vero
1282 2348 1348 2403 ad
1377 2348 1538 2417 hujus
1577 2350 1935 2409 institutionis
1956 2352 2147 2407 temi-

567 2451 695 2491 nuin
729 2452 1110 2508 properamus.

973 2655 1208 2713 XXVIII.
1244 2658 1321 2730 (1)
1365 2656 1518 2712 Fidei
1545 2675 1772 2715 summa.

643 2776 811 2847 Igitur
851 2788 1014 2827 unam
1056 2770 1342 2826 Trinitatis
1393 2778 1644 2825 naturam
1688 2786 1811 2829 esse
1849 2773 2145 2837 credimus.

571 2882 735 2923 unam
771 2864 1137 2921 substantiam
1193 2863 1244 2916 in
1301 2862 1471 2916 tribus
1504 2863 1752 2932 personis
1804 2872 2104 2932 spectatam
2130 2902 2146 2928 ,

571 2960 866 3033 potentiam
906 2955 1313 3026 impartibilem,
1342 2970 1565 3025 regnum
1604 2954 1932 3021 indivisum,
1985 2968 2149 3010 unam

2206 1815 2213 1847 ν
2246 1816 2447 1886 μᾶλλον
2486 1815 2721 1890 τδλαῖμα
2767 1821 3024 1894 Χριστοῦ,
3063 1823 3122 1888 δς
3161 1823 3250 1877 διὰ
3299 1824 3616 1894 Πνεύματος
3667 1824 3822 1893 ἁγίου

2244 1905 2437 1959 ἑαυτὸν
2494 1912 2870 1982 προσήνεγκεν
2900 1928 2914 1977 ;
2946 1930 2964 1963 ›
3034 1913 3096 1966 Ei
3144 1913 3322 1967 τοίνυν
3381 1912 3443 1966 τὸ
3484 1912 3707 1984 Πνεῦμα
3764 1912 3825 1967 τὸ

2245 1996 2401 2064 ἅγιον
2445 1998 2685 2069 αἰώνιον,
2742 2002 2836 2055 καὶ
2867 2005 2896 2056 6
2928 2002 3061 2068 Θεὸς
3098 2003 3336 2069 αἰώνιος,
3384 2003 3545 2073 δῆλον
3592 2004 3655 2057 τὸ
3700 2022 3826 2058 συνο

2245 2088 2530 2159 αγόμενον⁶
2562 2092 2700 2147 ἀλλά
2734 2094 2915 2158 πάσας
2944 2094 3043 2167 μὲν
3073 2096 3172 2158 τὰς
3199 2097 3327 2168 περὶ
3357 2095 3452 2150 τοῦ
3478 2097 3633 2164 ἀγῖου
3659 2096 3829 2151 Πνεύ-

2249 2194 2417 2249 ματος
2464 2186 2790 2255 μαρτυρίας,
2837 2188 2936 2250 τὰς
2978 2188 3072 2242 καὶ
3121 2189 3255 2243 Θεδν
3302 2190 3435 2243 αὐτὸ
3483 2191 3577 2245 καὶ
3621 2190 3827 2261 Κύριον

2248 2272 2645 2342 κηρυττούσας,
2692 2274 2787 2329 καὶ
2847 2276 3023 2350 Πατρὶ
3072 2282 3165 2333 καὶ
3222 2280 3337 2353 Υίῷ
3396 2282 3827 2352 συντεταγμένον

2246 2362 2533 2432 λεγούσας,
2581 2368 2860 2438 συλλέγειν
2898 2374 3012 2436 τοῖς
3058 2374 3366 2443 φιλοπόνοις
3400 2376 3822 2446 καταλίπωμενο

2249 2452 2411 2523 ἡμεῖς
2439 2455 2495 2508 δὲ
2525 2458 2616 2510 ἐπὶ
2646 2458 2705 2510 τὸ
2737 2460 2892 2525 τέλος
2932 2464 3282 2536 ἐπειγώμεθα
3311 2465 3413 2537 τῆς
3460 2467 3826 2540 προκειμνης

2248 2544 2613 2613 διδασκαλίας.

2425 2641 2559 2699 κη’.
2621 2644 3167 2717 Ἀνακεφαλαίωσις
3209 2649 3321 2719 τῆς
3368 2653 3642 2720 πίστεως.

2321 2751 2513 2809 Τοίνυν
2542 2756 2673 2827 μίαν
2692 2758 2793 2828 τῆς
2838 2759 3065 2832 Τριάδος
3094 2765 3193 2835 τὴν
3224 2766 3382 2836 φύσιν
3401 2765 3534 2821 εῖναι
3563 2770 3813 2823 πιστεύο-

2254 2860 2374 2915 μεν,
2407 2846 2537 2915 μίαν
2564 2849 2754 2905 οὐσίαν
2784 2853 2840 2904 ὲν
2877 2854 3054 2924 τρισὶν
3104 2857 3354 2929 ἰδιότησιν
3387 2857 3805 2932 γνωριζομένην,

2249 2936 2348 3005 τὴν
2398 2938 2647 3003 ἐξουσίαν
2677 2940 2992 3013 ἀμέριστον,
3040 2946 3138 3017 τὴν
3183 2948 3449 3018 βασιλείαν
3489 2951 3813 3022 ἀδιαίρετον,

573 3027 831 3110 deitatem
863 3065 928 3107 ac
975 3049 1422 3106 dominationem.
1470 3047 1750 3106 Sic-enim
1775 3056 1832 3107 et
1870 3047 2053 3105 unitas
2093 3047 2148 3104 in

2254 3027 2383 3097 μίαν
2409 3030 2639 3103 θεότητά
2660 3050 2718 3087 τε
2754 3037 2849 3089 καὶ
2878 3039 3193 3112 κυριότητα.
3230 3043 3386 3097 Οὕτω
3415 3044 3520 3115 γὰρ
3544 3045 3637 3098 καὶ
3656 3046 3824 3114 μονὰς

576 3163 681 3202 una
711 3146 1009 3212 eademque
1049 3144 1357 3199 substantia
1385 3143 1817 3205 demonstratur,
1850 3150 1905 3196 et
1937 3141 2149 3197 trinitas

2252 3121 2310 3207 ὲν
2339 3120 2417 3193 τῷ
2445 3125 2626 3196 ταὺτῷ
2656 3126 2756 3196 τῆς
2797 3128 2985 3193 οὐσίας
3020 3130 3316 3203 δείκνυται,
3349 3136 3444 3188 καὶ
3533 3137 3701 3208 Τριὰς
3727 3140 3827 3191 οὐκ

576 3260 683 3301 non
713 3244 766 3299 in
798 3243 957 3300 nudis
994 3240 1324 3304 nominibus,
1358 3236 1453 3292 sed
1483 3236 1537 3289 in
1574 3232 1956 3306 hypostasibus
1981 3245 2149 3300 agno-

575 3339 765 3392 scitur.
821 3335 939 3391 Non
970 3333 1116 3390 enim
1153 3346 1254 3386 nos
1298 3329 1530 3385 dicimus
1576 3340 1739 3380 unum
1782 3325 2110 3394 trionymum
2135 3360 2152 3386 ,

577 3428 731 3495 juxta
781 3421 1026 3488 Sabeliii,
1068 3418 1285 3475 Photini
1324 3430 1389 3471 ac
1434 3414 1673 3470 Marcelli
1721 3412 2153 3469 contractionem

498 3534 506 3541 '
576 3526 631 3572 et
664 3514 1055 3570 confusionem.
1104 3509 1293 3581 Neque
1323 3510 1453 3564 item
1496 3508 1597 3562 tria
1631 3505 1864 3560 invicem
1895 3515 2156 3561 extranea

577 3616 634 3661 et
662 3606 870 3659 diversa
907 3604 1211 3661 substantia
1236 3601 1465 3670 prmdita
1485 3636 1501 3663 ,
1542 3599 1854 3669 inaequalia,
1904 3612 1966 3653 ac
1995 3598 2157 3652 dissi-

582 3698 752 3762 milia,
785 3706 838 3751 et
870 3697 1016 3753 aliud
1046 3695 1151 3750 alio
1192 3691 1445 3761 superius
1475 3689 1575 3761 (2),
1598 3704 1720 3759 quae
1749 3705 1849 3744 nos
1878 3699 2060 3747 mente
2090 3705 2156 3745 ac

580 3789 759 3859 lingua
790 3790 1078 3843 metiantur
1110 3801 1175 3840 ac
1207 3784 1575 3856 ponderemus
1596 3818 1615 3846 ,
1660 3780 1817 3850 juxta
1850 3780 1969 3835 Arii
2019 3782 2155 3836 divi-

581 3883 815 3947 sionem,
850 3877 1242 3943 diversitatem,
1275 3885 1331 3931 et
1356 3873 1578 3943 impiam
1612 3872 1984 3928 curiositatem
2013 3890 2027 3927 :
2059 3873 2155 3928 sed

580 3985 694 4031 tres
743 3976 1085 4046 ltypostases,
1150 3978 1541 4023 unam-autem
1588 3964 1871 4020 Trinitatis
1906 3974 2157 4020 naturam

581 4070 961 4136 incorpoream
992 4102 1009 4130 ,
1066 4058 1437 4115 invertibilem
1468 4098 1483 4125 ,
1538 4055 1931 4113 immutabilem
1966 4093 1982 4120 ,
2049 4055 2156 4109 line

580 4157 809 4226 708m
868 4163 1168 4216 carentem,
1216 4147 1600 4211 immortalem,
1648 4146 1936 4211 inﬁnitam,
1977 4144 2156 4200 incor-

581 4245 918 4315 ruptibilem,
952 4240 1484 4308 incircumscriptam
1519 4274 1535 4301 ,
1580 4237 1930 4300 illimitatam.
1972 4237 2157 4291 invisi-

580 4338 770 4401 bilcm,
799 4348 1053 4387 arcanam
1084 4371 1101 4399 ,
1161 4331 1512 4392 ineﬂ‘abilem,
1556 4327 1975 4382 inenarrabilem
2008 4368 2023 4393 ,
2074 4327 2157 4381 in.

584 4421 1183 4494 compreltensibilem,
1224 4429 1369 4475 tactu
1446 4418 1723 4486 mentique
1801 4418 2154 4487 imperviam,

2254 3213 2312 3266 ὲν
2336 3214 2511 3283 ψιλοῖς
2538 3220 2649 3283 τοῖς
2673 3220 2921 3291 ὀνόμασι,
2948 3223 3062 3276 ἀλλ’
3090 3226 3147 3278 ὲν
3174 3228 3295 3291 ταῖς
3326 3227 3659 3283 ὑποστάσεσι
3690 3247 3828 3297 rvm-

2258 3305 2483 3377 ρίζεται.
2517 3310 2590 3362 Οὐ
2625 3310 2733 3382 γὰρ
2766 3311 2823 3365 ἓν
2847 3312 3076 3386 λέγομεν
3096 3315 3408 3389 τριώνυμον
3442 3319 3583 3374 κατά
3611 3321 3709 3390 τὴν
3734 3319 3828 3373 τοῦ

2254 3397 2544 3453 Σαϐελλίου
2574 3402 2670 3455 καὶ
2700 3405 2963 3459 Φωτεινοῦ
3020 3408 3117 3460 καὶ
3155 3409 3480 3481 Μαρκέλλου
3522 3412 3832 3483 συναίρεσίν

2253 3506 2314 3542 τε
2337 3492 2432 3544 καὶ
2461 3494 2723 3563 σύγχυσιν
2748 3512 2761 3525 ·
2810 3497 2872 3550 οὐ
2900 3498 3029 3568 τρία
3051 3498 3324 3569 ἀλλόφυλά
3355 3519 3417 3553 τε
3455 3504 3549 3556 καὶ
3586 3503 3834 3574 ἑτεροού-

2257 3598 2366 3647 σια,
2399 3584 2559 3639 ἄνισα
2604 3586 2699 3639 καὶ
2744 3587 2992 3659 ἀνόμοια,
3035 3590 3279 3663 ἀλλήλων
3322 3594 3718 3666 ὑπερκείμενα,
3760 3595 3836 3666 νῷ

2255 3676 2351 3728 καὶ
2412 3677 2627 3751 γλώττῃ
2684 3681 3030 3752 μετρούμενά
3088 3700 3150 3738 τε
3218 3686 3313 3738 καὶ
3369 3686 3833 3759 ταλαντευόμενα..

2255 3767 2399 3821 κατὰ
2433 3770 2531 3838 τὴν
2571 3771 2780 3842 Ἀρείου
2811 3774 3072 3845 διαίρεσίν
3108 3792 3167 3829 τε
3207 3777 3301 3830 καὶ
3344 3776 3700 3850 ἀλλοτρίωσιν
3744 3781 3838 3833 καὶ

2254 3858 2491 3930 δυσσεϐῆ
2551 3863 3085 3937 πολυπραγμοσύνην
3112 3885 3124 3898 υ
3186 3867 3323 3923 ἀλλά
3376 3873 3527 3942 τρεῖς
3587 3871 3686 3941 μὲν
3737 3873 3835 3933 τὰς

2255 3950 2601 4017 ὑποστάσεις,
2637 3955 2765 4023 μίαν
2801 3954 2856 4008 δὲ
2886 3957 2981 4028 τῆς
3013 3958 3244 4030 Τριάδος
3273 3959 3370 4030 τὴν
3406 3960 3567 4029 φύσιν
3606 3962 3833 4032 ἀσώμα-

2256 4057 2368 4106 τον,
2401 4044 2687 4114 ἄτρεπτον,
2717 4042 3093 4113 ἀναλλοίωτον,
3123 4049 3499 4121 ἀτελεύτητον,
3543 4052 3828 4115 ἀθάνατον,

2257 4133 2522 4205 ἄπειρον,
2590 4135 2890 4207 ἄφθαρτον,
2931 4140 3365 4211 ἀπερίγραπτον,
3434 4142 3827 4212 ἀπερίληπτον,

2258 4228 2505 4299 ἀόρατον,
2540 4231 2744 4300 ἀσαφῆ,
2783 4231 3043 4304 ἄρρητον,
3084 4234 3380 4304 ἄφραστον,
3424 4234 3826 4305 ἀκατάληπτον,

2258 4320 2580 4388 ἀνέφικτον,
2632 4323 3021 4394 ἀπερινόητον,
3070 4324 3383 4396 αύτοξωὴν,
3439 4326 3555 4395 φῶς
3605 4326 3826 4396 νοερὸν,

2260 4412 2443 4482 πηγὴν
2485 4413 2724 4481 ἀγαθῶν,
2773 4413 3041 4486 θησαυρὸν
3092 4417 3302 4485 σοφίας,
3353 4418 3682 4488 δημιουργὸν
3723 4417 3828 4470 τών

581 4523 771 4581 suapte
794 4520 991 4565 natura
1024 4510 1317 4574 viventem,
1346 4508 1521 4563 lucem
1553 4507 1995 4576 intellectualem,
2027 4508 2149 4564 lou-

2258 4504 2414 4567 ΰλων,
2453 4505 2803 4575 κυδερνῶσαν
2836 4507 2905 4561 τὰ
2958 4508 3155 4575 πάντα,
3210 4508 3402 4576 σοφίαν
3452 4508 3734 4562 ίθύνουσαν
3772 4508 3829 4559 τὸ

586 4613 692 4655 tem
726 4602 1017 4664 bonorum,
1051 4598 1334 4669 sapientiae
1391 4599 1707 4652 thesaurum
1736 4636 1752 4662 ,
1802 4613 1985 4653 rerum
2029 4613 2149 4652 om-

582 4694 729 4747 nium
767 4692 1088 4748 creatricem
1122 4700 1177 4744 et
1197 4692 1659 4760 gubernatricem,
1683 4690 2005 4759 sapientiam
2034 4706 2153 4761 quae

581 4788 850 4839 universa:
900 4785 975 4838 rei
1025 4794 1224 4838 creata:
1278 4781 1549 4852 navigium
1614 4783 1819 4852 dirigit.
1865 4783 2015 4840 Hanc
2054 4799 2153 4839 nos

578 4880 737 4933 fidem
764 4887 1042 4932 tenemus:
1072 4876 1211 4930 hanc
1228 4877 1372 4929 enim
1393 4892 1421 4929 a
1443 4875 1704 4945 theologis
1726 4877 1856 4930 viris
1882 4878 2025 4932 docti
2046 4877 2149 4932 fui-

580 4987 718 5025 mus.
741 4970 809 5025 lis
834 4979 1012 5024 autem
1032 4970 1123 5037 qui
1141 4969 1382 5022 humano
1406 4968 1687 5023 ratiocinio
1707 4968 2002 5039 disputant,
2023 4968 2149 5023 dici-

2258 4596 2358 4666 τῆς
2386 4597 2613 4661 κτίσεως
2639 4599 2867 4668 σκάφος.
2903 4599 3121 4668 Ταύτην
3147 4599 3244 4670 τὴν
3282 4601 3464 4653 πίστιν
3490 4603 3790 4671 κατέχομεν
3814 4617 3826 4628 ·

2259 4689 2462 4761 ταύτην
2484 4691 2588 4763 γὰρ
2621 4693 2770 4763 παρὰ
2794 4691 2901 4744 τῶν
2930 4692 3195 4762 θεολόγων
3218 4694 3425 4765 ἀνδρῶν
3453 4694 3823 4766 ἐδιδάχθημεν.

2260 4781 2404 4853 Πρὸς
2444 4783 2498 4836 δὲ
2543 4786 2669 4847 τοὺς
2712 4784 2821 4839 ἀπὸ
2854 4782 3229 4857 συλλογισμῶν
3267 4786 3684 4858 διαλεγομένους
3735 4786 3829 4854 (6),

2256 4878 2519 4946 είπωμεψ
2561 4877 2773 4948 Ἑκείνη
2834 4894 2927 4930 σου
2978 4880 3011 4948 ἡ
3056 4880 3234 4950 μερὶς,
3282 4880 3490 4943 ἐκεῖνος
3535 4882 3565 4934 6
3610 4880 3828 4949 κλῆρος,

2254 4971 2286 5038 ἡ
2297 4967 2412 5037 μῶν
2442 4968 2498 5021 δὲ
2528 4969 2684 5040 μερὶς
2725 4968 2950 5043 Κύριος,
2977 4963 3024 5039 ᾧ
3051 4970 3492 5037 ἀκολουθοῦντες,
3540 4970 3639 5044 τὴν
3667 4971 3832 5042 ὀρθὴν

641 5146 685 5177 ⁸³
720 5155 741 5210 ι
774 5156 915 5210 Petr.
950 5170 1023 5219 tv,
1054 5155 1139 5208 u.
1178 5150 1257 5199 ο⁸³
1286 5152 1305 5205 l
1331 5150 1490 5205 Joan.
1526 5168 1599 5217 tv,
1635 5151 1720 5205 15.
1790 5151 1835 5183 ⁸⁸
1864 5150 2026 5206 Ilebr.
2052 5168 2127 5220 Ix,
2157 5152 2242 5220 l3,
2272 5153 2357 5206 14.

647 5340 724 5410 (1)
766 5339 961 5393 Mirum
991 5347 1093 5400 est,
1132 5335 1273 5410 quod
1317 5332 1448 5386 illud
1486 5333 1646 5410 etiam
1677 5330 1879 5410 editum
1911 5332 2012 5385 sub
2037 5332 2143 5410 Cy;

576 5403 677 5464 rill't
710 5403 888 5471 'lalso,
921 5418 979 5461 ut
1019 5403 1161 5460 Inox’
1194 5408 1455 5464 dicemus,
1485 5404 1723 5464 nomine,
1755 5404 2026 5455 diversum
2077 5403 2139 5456 aL

577 5482 676 5534 Ιιυο
706 5491 909 5539 nostro.
945 5476 1259 5544 opusculum
1294 5473 1368 5526 De
1403 5471 1684 5544 Trinitate,
1716 5471 2143 5544 pOSII'CIIIOAAtI-

572 5549 797 5601 bertiua:
843 5542 1095 5601 editzuuis
1138 5556 1301 5605 tomo,
1340 5546 1391 5594 in
1433 5543 1663 5605 capitula
1716 5556 1907 5602 xxvm,
1949 5542 2139 5595 tribui-

577 5628 683 5669 tur.

648 5685 721 5744 ('2)
763 5684 1088 5751 Augustinus
1127 5698 1289 5736 serui.
1321 5678 1445 5741 264,
1474 5680 1502 5731 7
1533 5697 1547 5731 :
1574 5678 1740 5751 Pater
1776 5688 1824 5731 et
1868 5676 2044 5732 Filius
2091 5693 2139 5735 et

575 5749 805 5815 Spiritus
838 5749 1047 5803 Sanctus
1076 5768 1175 5805 non
1207 5752 1450 5819 gradibus
1481 5750 1579 5801 sibi
1608 5750 1822 5815 ailjeui,
1849 5750 1937 5802 sed
1975 5751 2137 5818 maje-

2251 5345 2388 5390 state
2423 5337 2663 5398 adunati,
2696 5346 2741 5389 et
2774 5351 2912 5389 unus
2944 5334 3100 5391 Dens.

2324 5407 2399 5479 (ὅ)
2443 5407 2623 5479 lt:i_est
2646 5408 2784 5473 apud
2804 5406 3101 5479 Cyrillum,
3130 5417 3433 5474 quanquam
3457 5402 3622 5479 etiam
3651 5400 3826 5479 codex

2250 5471 2477 5531 biblicus
2499 5471 2783 5530 Vaticanus
2803 5471 2891 5529 ille
2911 5477 3049 5529 πάνυ
3069 5471 3260 5529 habent
3282 5488 3404 5527 cum
3427 5472 3667 5526 exteris:
3692 5471 3831 5540 πρὸς

2247 5548 2346 5617 τὴν
2381 5550 2479 5617 τῆς
2518 5546 2718 5616 σαρκὸς
2756 5548 3121 5617 καθαρότητα,

2319 5619 2397 5686 (4)
2436 5609 2533 5671 ilic
2564 5609 2847 5685 perspicue
2890 5609 3275 5671 rationalitatis
3315 5615 3560 5665 humana:
3596 5609 3825 5662 abusum

2247 5688 2479 5758 Cyrillus
2508 5689 2794 5757 vituperat.
