4078 6264
333 345 472 401 H93

1421 341 1512 396 DE
1547 336 2062 394 ῘΝΟΑΒΝΛΤῘΘΝΕ
2101 335 2468 395 ΗΝΙΟΕΝΙΤΙ.

3466 337 3603 398 1194

333 458 492 530 μόλις
525 453 766 527 ὑπάρξαι
797 453 1184 524 διακεκλῆσθαι
1216 457 1358 518 τότε,
1387 453 1472 506 ἥτε
1508 453 1601 506 καὶ
1633 451 1736 522 τῆς
1768 448 1912 504 κατά

2028 452 2306 507 secundum
2339 465 2559 506 carnem
2586 457 2668 506 est
2696 448 2969 517 adeptum.
3001 447 3147 504 Sunt
3173 459 3228 505 et
3257 451 3347 505 alii
3379 455 3470 522 qui
3497 453 3599 508 im-

335 549 519 620 σάρκα
544 547 810 616 γενέσεως
835 545 998 614 ἔλαχε
1020 544 1119 616 τὴν
1145 545 1342 614 ἀρχήν.
1363 542 1484 596 Εἰσὶ
1511 541 1570 594 δὲ
1589 543 1636 596 οἱ
1663 543 1758 595 καὶ
1782 541 1918 613 πρὸς

332 640 494 694 τοῦτο
527 637 726 709 μανίας
753 634 1032 697 δυσσεϐῶς
1071 633 1301 704 ίγμένοι,
1325 631 1466 685 ὥστε
1487 631 1577 684 καὶ
1612 629 1918 684 ἀνυπόστα-

329 749 424 785 τον
454 730 548 783 τὸν
578 730 644 782 ὲκ
674 726 812 781 Θεοῦ
843 743 1010 795 φασιν
1053 721 1193 779 εἶναι
1225 726 1394 794 Λόγον
1413 766 1429 790 ,
1461 725 1610 796 ῥῆμα
1646 723 1700 778 δὲ
1732 723 1918 788 ἁπλῶς

329 821 394 875 τὸ
429 820 572 874 κατά
597 819 766 888 μόνην
792 815 1084 887 νοούμενον
1116 816 1401 887 προφορὰν
1429 818 1487 870 ἐν
1537 817 1632 870 ἀνθ
1643 815 1808 887 ρώπῳ
1832 832 1920 883 γε·

333 910 544 964 νέσθαι.
579 908 902 981 Μάρκελλος
935 908 993 960 δὲ
1025 903 1172 962 οὗτοι
1199 911 1293 962 καὶ
1333 909 1617 972 Φωτεινός.
1665 911 1824 962 Δοκεῖ
1859 909 1916 962 δὲ

339 1002 446 1074 μὴν
475 1001 570 1054 καὶ
601 1001 830 1070 ἑτέροις,
861 997 1280 1070 ὲνανθρωπῆσαι
1306 1001 1404 1072 μὲν
1435 1000 1650 1074 ἀληθῶς
1682 1002 1773 1054 τὸν
1798 1003 1914 1056 Μο-

335 1093 549 1160 νογενῆ,
588 1091 684 1144 καὶ
717 1091 774 1142 ὲν
801 1091 968 1161 σαρκί⁵
989 1090 1241 1158 γενέσθαι
1271 1093 1570 1156 πιστεύειν,
1599 1092 1673 1164 μὴ
1702 1091 1806 1164 μὴν
1834 1093 1915 1147 ἔτι

335 1183 433 1237 καὶ
485 1181 794 1252 ὲψυχῶσθαι
845 1181 1066 1246 τελείως
1117 1181 1214 1252 τὴν
1267 1183 1670 1254 ἀναληφθεῖσαν
1712 1185 1912 1254 σάρκα,

335 1273 482 1343 ψυχῇ
509 1273 700 1343 λογικῇ
726 1274 818 1325 καὶ
833 1271 960 1326 νοῦν
994 1271 1195 1343 ἐχούσῃ
1221 1272 1312 1326 τὸν
1351 1273 1474 1327 καθ’
1499 1275 1668 1345 ἡμᾶς,
1701 1275 1780 1338 εἰς
1801 1275 1915 1328 ἐνό-

335 1380 476 1434 τητα
503 1363 559 1416 δὲ
587 1361 686 1434 τὴν
713 1363 970 1429 εξσάπαν,
1002 1361 1190 1432 ῶσπερ
1221 1357 1314 1416 οῦν
1338 1363 1562 1431 οἴονται,
1610 1365 1916 1434 κατασφίγ-

337 1471 525 1522 γοντες
543 1453 634 1508 τόν
663 1471 723 1507 τε
751 1456 814 1508 ἐκ
843 1453 977 1508 Θεοῦ
1013 1455 1186 1522 Λόγον
1212 1495 1227 1520 ,
1265 1455 1358 1509 καὶ
1400 1457 1492 1509 τὸν
1521 1458 1586 1510 ὲκ
1624 1457 1723 1527 τῆς
1755 1457 1914 1526 ἁγίας

335 1547 616 1618 Παρθένου
637 1547 784 1614 ναὸν,
815 1548 1144 1618 κατοικῆσαι
1168 1566 1329 1618 φασιν
1351 1551 1409 1602 ὲν
1438 1549 1585 1622 αὐτῷ
1609 1551 1699 1604 τὸν
1719 1551 1911 1620 Λόγον,

287 1689 292 1710 .I
334 1639 428 1691 καὶ
459 1637 592 1691 ἴδιον
615 1638 716 1710 μὲν
742 1640 1072 1711 ποιήσασθαι
1114 1640 1276 1712 σῶμα
1301 1641 1362 1694 τὸ
1386 1642 1718 1714 ἀναληφθὲν,
1735 1643 1913 1714 ψυχῆς

297 1761 304 1766 -
331 1729 392 1783 δὲ
419 1729 582 1783 αὑτὸν
609 1731 710 1800 τῆς
737 1731 960 1800 λογικῆς
990 1748 1048 1784 τε
1074 1732 1169 1784 καὶ
1206 1735 1398 1802 νοερᾶς
1430 1733 1778 1807 ἀναπληροῦν
1822 1735 1912 1788 τὸν

2020 544 2106 612 pie
2149 544 2202 598 in
2236 559 2356 599 eam
2405 542 2668 597 insaniam
2717 550 3102 610 proruperunt,
3147 552 3206 596 ut
3249 543 3486 599 Verbum
3531 561 3599 600 ex

2019 635 2180 691 Patre
2223 635 2562 705 hypostat-ice
2612 633 2908 688 subsistere
2959 643 3178 704 negent,
3227 637 3324 690 sed
3373 638 3602 691 verbum

2017 727 2338 795 simpliciter
2381 727 2456 780 ita
2497 734 2557 780 ut
2591 725 2875 794 profertur
2907 726 3240 781 intellectum
3279 727 3334 781 in
3379 727 3606 782 homine

2019 816 2136 872 fieri
2165 817 2512 872 contendant.
2543 817 2606 872 Hi
2633 827 2758 872 sunt
2783 817 3064 872 Marcellus
3083 827 3139 873 et
3161 817 3442 872 Photinus.
3464 817 3606 872 Aliis

2017 921 2146 962 vero
2198 908 2449 971 videtur,
2499 907 2843 978 Unigenitum
2887 907 3108 976 quidem
3149 921 3278 961 vere
3329 907 3602 960 hominem

2017 997 2219 1051 factum
2253 1005 2308 1052 et
2339 997 2680 1052 incarnatum
2715 1011 2837 1052 esse
2863 1013 2879 1052 :
2907 1007 3168 1051 czeterum
3206 1011 3428 1051 carnem
3457 997 3602 1050 illam

2015 1103 2179 1157 quam
2201 1089 2491 1158 assumpsit
2521 1103 2624 1144 non
2651 1088 2888 1158 perfecte
2913 1089 3206 1142 anima-tam
3226 1085 3402 1142 fuisse
3423 1087 3602 1140 anima

2017 1181 2267 1236 rationali
2297 1193 2459 1252 atque
2487 1179 2822 1236 intellectum
2861 1181 3118 1246 habente,
3153 1190 3212 1234 ut
3245 1191 3431 1234 nosua
3469 1188 3560 1232 est
3588 1197 3600 1230 :

2015 1271 2109 1326 sed
2127 1271 2186 1324 in
2215 1272 2478 1326 unitatem
2497 1269 2786 1338 quamdam
2811 1267 3295 1332 absolutissimum,
3312 1267 3603 1335 utquidem

2015 1363 2374 1431 arbitrantur,
2418 1363 2857 1434 constringentes
2885 1361 3121 1417 Verbum
3159 1360 3272 1426 Dei,
3318 1371 3372 1415 et
3405 1366 3606 1412 saneta:

2017 1455 2254 1527 Virginis
2287 1457 2567 1530 templum,
2597 1457 2875 1512 habitasse
2901 1455 3120 1524 quidem
3153 1453 3206 1507 itt
3245 1467 3310 1506 eo
3338 1449 3604 1513 Verbum,

2015 1561 2071 1604 et
2101 1564 2302 1620 corpus
2329 1551 2473 1621 quod
2520 1547 2814 1618 assumpsit
2865 1546 3142 1618 pr0prium
3191 1543 3295 1598 sibi
3349 1541 3544 1597 fecisse
3589 1557 3602 1593 :

2019 1641 2200 1696 anima
2232 1651 2412 1695 autem
2443 1639 2695 1696 rationali
2721 1649 2894 1708 atque
2917 1633 3268 1692 iutellectuali
3300 1634 3476 1688 locum
3513 1631 3608 1686 itu-

2018 1733 2209 1804 plesse.
2235 1734 2340 1788 Alii
2363 1749 2553 1789 rursus
2580 1733 2682 1787 alia
2702 1733 2893 1787 horum
2917 1730 3263 1798 opinionibus
3289 1727 3445 1797 plane
3473 1739 3605 1779 con-

331 1817 521 1872 τόπον.
554 1817 775 1889 Ἐτεροι
814 1819 870 1872 δὲ
902 1815 993 1884 αὖ,
1040 1820 1402 1890 πρεσϐεύουσι
1428 1823 1528 1893 μὲν
1555 1827 1674 1888 ταῖς
1705 1823 1911 1879 τούτων

2028 1827 2186 1880 Lraria
2207 1835 2471 1892 statuunt,
2499 1827 2753 1880 nimirum
2781 1839 2848 1878 ex
2883 1823 2974 1877 Dei
3013 1822 3208 1886 Verbo,
3239 1830 3402 1888 atque
3427 1817 3606 1872 anima

335 1908 514 1977 δόξαις
544 1908 610 1962 τά
651 1910 898 1973 ἐναντία,
930 1911 1026 1964 καὶ
1062 1911 1442 1983 ἀντιφέρονται
1480 1917 1594 1977 τοῖς
1626 1915 1911 1985 φρονήμα-

338 2005 442 2067 σιν,
477 2001 540 2055 ἐκ
575 2019 634 2054 τε
672 2001 805 2056 Θεοῦ
839 2003 1048 2072 Λόγου,
1089 2004 1184 2058 καὶ
1211 2003 1388 2074 ψυχῆς
1425 2005 1524 2074 τῆς
1556 2005 1782 2076 λογικῆς
1820 2009 1915 2061 καὶ

335 2093 607 2165 σώματος,
633 2096 748 2165 ἧτοι
766 2095 978 2159 τελείας
1001 2095 1184 2159 ἁπλῶς
1207 2095 1624 2170 ἀνθρωπότητος
1652 2101 1914 2155 συνεστά-

333 2203 424 2248 ναι
449 2203 507 2239 τε
541 2187 634 2240 καὶ
663 2187 1066 2258 ἀναπεπλέχθαι
1091 2187 1553 2259 διαϐεϐαιούμενος
1579 2190 1670 2244 τὸν
1703 2191 1916 2262 Ἐμμα-

333 2281 518 2350 νουὴλ,
548 2281 609 2332 οὐ
647 2279 752 2350 μὴν
786 2279 866 2332 ἔτι
904 2281 996 2334 καὶ
1026 2281 1156 2350 ὑγιᾶ
1188 2281 1282 2334 καὶ
1308 2279 1608 2352 ἀμώμητον
1634 2283 1918 2347 παντελῶς

335 2369 726 2448 τὴν“έπάὒτιῖ›
751 2371 1085 2441 τετηρήκασι
1130 2371 1310 2438 δόξαν.
1370 2373 1765 2428 Καταδιῖστᾶσι
1807 2375 1916 2446 γὰρ

342 2463 422 2525 εἰς
457 2459 550 2514 δύο
583 2461 673 2514 τὸν
701 2461 800 2514 ἕνα
831 2461 1084 2532 Χριστθιν,
1114 2463 1202 2514 καὶ
1237 2465 1465 2534 παχεῖαν
1505 2462 1694 2536 ὥσπερ
1734 2465 1916 2528 αὐτοῖς

341 2553 578 2623 ἐνιέντες
603 2551 699 2624 τὴν
732 2553 1012 2623 διατομὴν,
1038 2553 1311 2625 ἀναμέρος
1347 2554 1605 2626 ἑκάτερον
1639 2559 1918 2626 μονονουχὶ

339 2643 602 2706 διεστῶτα
631 2645 1134 2716 παραδεικνύουσιν,
1161 2646 1345 2718 ἓτερον
1371 2649 1468 2718 μὲν
1497 2642 1635 2701 εἶναι
1663 2648 1918 2703 διατεινό-

343 2755 494 2808 μενοι
519 2723 613 2816 θεὸν
647 2739 711 2790 ἐκ
745 2737 1022 2808 Παρθένου
1056 2739 1314 2808 τεχθέντα
1358 2741 1578 2806 τελείως
1611 2743 1917 2814 ἄνθρωπον,

339 2827 610 2900 ἕτερονρδὲ
634 2821 720 2888 αὖ,
741 2827 832 2878 τὸν
859 2827 921 2878 ὲκ
939 2826 1074 2880 Θεοῦ
1101 2827 1312 2898 Πατρδς
1336 2829 1527 2898 Λόγον,
1551 2831 1650 2900 οὐχ
1674 2832 1702 2884 ὃ
1726 2831 1778 2884 τί
1801 2834 1922 2884 ποτ’

342 2921 492 2973 ἐστὶν
522 2921 558 2990 ἦ
599 2937 656 2972 τε
686 2919 780 2972 τοῦ
823 2920 996 2988 Λόγου
1027 2922 1188 2988 φύσις
1209 2923 1301 2974 καὶ
1345 2925 1442 2994 τῆς
1475 2927 1674 2996 σαρκὸς
1713 2927 1922 2998 διακρί-

346 3027 564 3075 νοντες,
582 3011 699 3064 οὐδὲ
731 3011 921 3082 μόναις
946 3014 1064 3075 ταῖς
1091 3014 1170 3076 εἰς
1193 3013 1351 3067 τοῦτο
1384 3015 1667 3088 διαφοραῖς
1699 3018 1922 3086 ἐμφιλο-

2017 1919 2270 1973 rationali
2310 1927 2661 1992 et._corpore,
2707 1915 2822 1970 sive
2877 1931 2942 1970 ex
2993 1913 3230 1983 perfecta
3285 1909 3609 1978 simpliciter

2019 2011 2358 2065 humanitate
2405 1995 2759 2065 constitutum
2793 2023 2856 2061 ac
2887 2006 3246 2075 compositum
3283 2005 3608 2058 Emmanue-

2017 2108 2122 2162 lem
2155 2113 2446 2159 censentes
2485 2121 2501 2158 :
2539 2117 2644 2158 non
2693 2111 2873 2156 tamen
2919 2100 2972 2154 in
3005 2099 3318 2154 universum
3351 2095 3470 2163 ejus
3495 2093 3608 2164 glo-

2018 2196 2156 2252 riam
2181 2205 2348 2264 atque
2369 2195 2632 2248 honorem
2659 2193 2924 2261 integrum
2955 2190 3288 2257 illteSumqne
3312 2199 3606 2242 conserva-

2020 2295 2164 2341 runt.
2195 2284 2375 2341 Unum
2400 2283 2552 2350 enim
2569 2284 2840 2338 Christum
2869 2283 2920 2336 in
2950 2281 3055 2335 duo
3086 2280 3350 2342 dividunt,
3375 2287 3429 2330 et
3459 2291 3610 2330 cras-

2021 2393 2138 2434 sam
2174 2377 2577 2448 quodammodo
2613 2375 2910 2430 sectionem
2945 2373 3359 2434 constituentes,
3392 2369 3444 2422 in
3477 2367 3608 2420 duas

2023 2471 2176 2540 quasi
2216 2477 2399 2542 partes
2444 2469 2760 2522 distinctum
2804 2466 3120 2528 osa-mlunt,
3177 2463 3338 2516 alium
3390 2459 3607 2529 quidem

2023 2579 2145 2618 esse
2177 2565 2510 2616 aﬂirmantes
2548 2577 2669 2614 eum
2699 2561 2788 2628 qui
2818 2577 2880 2610 αις
2919 2557 3136 2627 Virgine
3171 2565 3331 2609 natus
3365 2563 3447 2608 est
3483 2569 3608 2624 per—

2028 2659 2166 2714 feete
2199 2659 2378 2722 homo,
2409 2658 2570 2709 alium
2606 2670 2671 2708 ex
2709 2653 2815 2706 Deo
2849 2653 3007 2705 l’atre
3043 2647 3304 2713 Verbum,
3346 2663 3449 2702 non
3493 2659 3612 2714 qua:

2025 2748 2095 2802 sit
2129 2745 2288 2801 Verbi
2321 2757 2514 2798 natura
2543 2753 2596 2798 et
2628 2743 2808 2798 carnis
2832 2743 3245 2810 distinguentes,
3278 2753 3450 2806 neque
3480 2735 3610 2790 solis

2027 2841 2218 2894 horum
2262 2837 2585 2891 differentiis
2609 2837 2888 2890 adita-rere
2919 2834 3163 2887 volentes
3199 2829 3367 2902 680
3402 2831 3614 2900 (neque

2027 2928 2170 2980 t'ttittt
2213 2928 2265 2978 in
2307 2927 2407 2980 hoc
2449 2943 2476 2980 :1
2520 2937 2662 2978 recta
2696 2925 2963 2978 Sententia
3006 2923 3309 2988 aberrant),
3337 2921 3429 2973 sed
3469 2917 3614 2972 hunc

2030 3021 2244 3090 quidem
2298 3028 2354 3072 ut
2400 3019 2672 3074 hominem
2732 3018 3144 3078 constituentes,
3193 3015 3336 3068 hunc
3377 3025 3504 3066 vero
3557 3023 3616 3065 ut

351 3105 518 3174 χωρεῖ
542 3103 834 3166 ἐθέλοντες·
869 3106 930 3156 οὐ
965 3103 1073 3174 γὰρ
1104 3105 1168 3157 ἂν
1197 3107 1400 3170 ἑννοίας
1441 3109 1538 3177 τῆς
1574 3109 1806 3179 ἀληθοῦς
1847 3113 1924 3171 εἰς

2035 3113 2197 3166 Deum
2236 3110 2558 3165 naturaliter
2586 3126 2650 3164 ac
2677 3125 2802 3163 vere
2833 3109 3029 3162 Filium
3061 3107 3361 3161 nominant.
3395 3105 3461 3159 Et
3492 3105 3612 3172 qui-

352 3195 511 3247 τοῦτο
533 3193 848 3266 διήμαρτον,
873 3197 993 3247 ἐπεὶ
1018 3196 1092 3266 μὴ
1121 3195 1278 3264 φύσις
1303 3199 1334 3268 ή
1363 3199 1500 3267 αὐτὴ
1527 3201 1726 3270 σαρκός
1753 3219 1812 3252 τε
1834 3205 1928 3253 καὶ

353 3285 514 3348 Θεοῦ,
545 3285 679 3339 ἀλλὰ
704 3286 792 3338 τὸν
837 3287 933 3353 μὲν
966 3288 1042 3350 ὼς
1083 3288 1390 3360 ἄνθρωπον,
1427 3291 1533 3362 ἰδία
1560 3293 1799 3356 τιθέντες
1837 3295 1930 3346 καὶ

355 3379 528 3449 ἀναμέ
539 3381 651 3448 ρος,
680 3380 767 3430 τόν
795 3379 868 3444 δὲ,
905 3381 979 3442 ὡς
1006 3379 1157 3441 Θεὸν,
1189 3380 1346 3449 φύσει
1369 3399 1426 3433 τε
1452 3384 1545 3435 καὶ
1571 3382 1783 3453 ἀληθῶς
1805 3385 1930 3438 Υἱδν

353 3455 698 3550 ὀ·ιομὰζο·ξσι.
729 3473 918 3526 Καίτοι
949 3472 1207 3530 θέλονται,
1228 3471 1366 3528 εἶναι
1390 3475 1724 3548 Χριστιανοὶ,
1756 3479 1848 3531 καὶ
1867 3479 1930 3549 δὴ

358 3565 452 3618 καὶ
481 3563 686 3662 loriam
709 3567 842 3620 ἄττα
879 3569 1005 3637 περὶ
1037 3566 1226 3619 τούτου
1272 3571 1679 3639 συγγράφοντες
1705 3613 1718 3634 ,
1759 3573 1930 3624 εἰπεῖν

355 3658 754 3738 τετολμήὶέρισιν
782 3661 972 3722 αὑταῖς
1009 3660 1238 3726 λέξεσιψ
1291 3661 1346 3712 ὐ
1375 3662 1471 3730 μὲν
1494 3663 1600 3732 γὰρ
1637 3663 1793 3730 φύσει
1837 3666 1930 3717 καὶ

357 3752 573 3823 ἀληθῶς
607 3743 734 3828 Tib;
765 3755 793 3805 ὁ
832 3757 894 3806 ἐκ
918 3753 1052 3805 Θεοῦ
1079 3755 1292 3823 Πατρὸς
1327 3755 1496 3821 Λόγος
1538 3757 1706 3810 ἐστίν.
1767 3758 1824 3810 ’0
1851 3758 1927 3822 δὲ,

358 3841 664 3912 ὁμωνύμως
682 3843 757 3910 τῷ
783 3842 913 3912 Υξῷ.
945 3842 1092 3904 Υἱός.
1129 3843 1236 3894 Καὶ
1269 3841 1384 3912 μεθ’
1408 3841 1572 3913 ἔτερα
1621 3843 1814 3894 πάλιν·
1856 3845 1930 3896 Οὐ

361 3931 499 4001 σάρξ
529 3934 557 3984 ό
579 3933 673 3985 τοῦ
702 3931 836 3984 Θεοῦ
877 3933 1069 4000 Λόγος,
1104 3931 1239 3987 ἀλλά
1271 3933 1556 4006 ἄνθρωπον
1607 3933 1929 4003 ἀνειληφώς.

368 4024 426 4076 ὐ
459 4022 558 4092 μὲν
579 4023 687 4094 γὰρ
723 4021 1029 4092 Μονογενὴς
1063 4024 1487 4094 προηγουμένως
1533 4025 1625 4076 καὶ
1659 4025 1778 4077 καθ’
1805 4026 1932 4076 ἑαυ-

354 4115 442 4167 τὸν
468 4115 590 4177 Υἱὸς
617 4114 735 4166 τοῦ·
759 4113 894 4167 Θεοῦ
939 4115 1078 4177 ἐστι,
1108 4114 1198 4167 τοῦ
1245 4115 1462 4168 πάντων
1491 4115 1845 4186 δημιουργοῦ,
1877 4115 1935 4168 ὃν

353 4206 409 4258 δὲ
434 4206 694 4260 ἀνέλαϐεν
719 4206 1024 4276 ἄνθρωπον,
1058 4207 1117 4258 οὐ
1173 4207 1330 4273 φύσει
1369 4206 1572 4276 Κύριος
1596 4207 1692 4268 ῶν,
1735 4207 1823 4259 διὰ
1846 4206 1936 4259 τὸν

355 4297 692 4350 ἀναλαϐόντα
715 4295 877 4347 αὑτὸν
905 4294 1117 4365 ἀληθῶς
1141 4297 1274 4348 Θεοῦ
1295 4297 1441 4360 Υίὸν,
1465 4296 1770 4366 ὁμωνύμως
1789 4294 1938 4364 αὐτῷ

355 4387 707 4460 χρηματίζει.
739 4387 812 4438 Τὸ
847 4387 945 4457 μὲν
981 4387 1109 4458 γὰρ,
1152 4407 1168 4438 t
1208 4389 1400 4450 Οὐδεὶς
1428 4388 1568 4455 ἔγνω
1593 4387 1680 4440 τὸν
1711 4387 1859 4449 Υἰὸν,
1889 4388 1936 4438 εί

2033 3205 2151 3258 dem
2189 3201 2483 3258 Christiani
2520 3203 2624 3256 dici
2682 3201 2892 3262 volunt,
2939 3210 2994 3253 et
3054 3197 3313 3268 Opuscnla
3362 3195 3614 3250 ncnnulla

2033 3297 2133 3351 hac
2161 3299 2226 3350 de
2257 3313 2312 3349 re
2339 3293 2772 3357 conscribentes,
2818 3294 2890 3346 ita
2945 3292 3124 3345 terhis
3156 3287 3288 3357 ipsis
3322 3288 3466 3356 loqui
3498 3286 3614 3340 attsi

2031 3399 2156 3442 sunt
2188 3407 2198 3440 :
2233 3388 2330 3441 llic
2361 3388 2505 3440 enim
2547 3386 2870 3440 ttaturali:er
2900 3401 2963 3436 ae
2997 3397 3124 3436 vere
3169 3381 3338 3435 Filius
3383 3377 3615 3432 Verbum

2031 3495 2096 3534 ex
2149 3481 2255 3534 Deo
2291 3480 2449 3533 Patre
2492 3489 2596 3532 est.
2643 3477 2739 3531 llic
2783 3493 2936 3538 vero,
2971 3475 3248 3544 :uqnivoce
3283 3486 3404 3527 cum
3458 3467 3614 3532 Filio,

2035 3559 2227 3626 Filius.
2262 3573 2327 3627 Et
2362 3571 2524 3642 paulo
2558 3583 2676 3638 post
2703 3587 2918 3623 rursum
2947 3588 2958 3622 :
2999 3565 3233 3622 Verbum
3267 3565 3360 3619 Dei
3389 3579 3495 3618 non
3537 3573 3620 3618 est

2032 3681 2181 3730 caro,
2211 3667 2304 3720 sed
2335 3665 2608 3719 hominem
2636 3663 2954 3732 assumpsit.
2993 3659 3092 3715 llic
3125 3659 3268 3714 enim
3302 3655 3620 3728 Unigenitus

2035 3757 2426 3828 principaliter,
2460 3773 2522 3812 ac
2545 3771 2640 3826 per
2672 3774 2731 3813 se
2752 3753 2921 3812 Filius
2951 3753 3046 3809 Dei
3071 3763 3178 3818 est,
3203 3749 3443 3807 omnium
3466 3761 3620 3802 erea-

2037 3851 2190 3914 toris,
2229 3865 2388 3919 quem
2433 3866 2566 3906 vero
2611 3849 2906 3918 assumpsit
2939 3846 3233 3908 hominem,
3271 3860 3376 3895 ntm
3427 3849 3620 3894 natura

2035 3941 2176 3995 Deus
2217 3943 2504 4003 exsistens,
2541 3950 2762 4010 propter
2807 3955 2927 3994 eum
2967 3939 3060 4006 qui
3106 3937 3278 4004 ipsum
3325 3932 3620 3999 assumpsit

2037 4047 2164 4085 vere
2190 4031 2283 4085 Dei
2313 4031 2530 4093 Filium,
2562 4031 2751 4084 eadem
2779 4044 2837 4082 se
2861 4044 2981 4081 eum
3014 4042 3080 4082 eo
3111 4023 3476 4094 appellatione
3517 4035 3617 4074 no-

2035 4119 2226 4174 minat.
2257 4119 2389 4174 Illud
2427 4120 2569 4174 enim
2611 4137 2626 4173 :
2675 4137 2692 4168 t
2729 4117 2894 4171 Nemo
2926 4117 3074 4171 novit
3117 4113 3338 4177 Filium,
3381 4112 3481 4166 nisi
3515 4109 3618 4164 Pa-

2041 4222 2120 4266 ter
2142 4213 2185 4277 ⁵,
2216 4230 2235 4263 ›
2273 4212 2576 4268 naturalem
2609 4227 2673 4266 ac
2705 4227 2891 4267 verum
2923 4226 2986 4265 ex
3028 4209 3192 4263 Patre
3231 4206 3425 4262 Filium
3452 4205 3620 4276 signi-

2040 4297 2182 4358 ﬁcat.
2217 4303 2350 4358 lllud
2380 4320 2509 4359 vero
2551 4319 2580 4357 a
2625 4302 2876 4358 Gabriele
2931 4302 3135 4356 dictum
3179 4319 3191 4355 :
3247 4318 3264 4350 ι
3299 4297 3375 4352 Ne
3407 4297 3620 4362 timeas,

2041 4396 2230 4462 Maria,
2275 4396 2526 4452 invenisti
2552 4396 2695 4452 enim
2721 4397 2952 4466 gratiam
2985 4395 3128 4463 apud
3163 4393 3352 4456 Deum,
3389 4398 3443 4444 et
3471 4401 3620 4450 ecce,

360 4479 437 4549 μὴ
468 4481 495 4531 ὁ
537 4477 743 4550 Πατὴρ,
789 4497 806 4528 ι
864 4478 956 4530 τὸν
1013 4479 1172 4548 φύσει
1205 4497 1264 4531 τε
1307 4481 1398 4532 καὶ
1436 4479 1662 4549 ἀληθείᾳ
1693 4479 1842 4549 δηλοῖ
1870 4481 1924 4530 ὲκ

2041 4489 2314 4556 coneipies
2348 4489 2401 4542 in
2435 4500 2610 4552 utero,
2643 4499 2698 4543 et
2731 4487 2950 4542 vocabis
2970 4501 3161 4540 nomen
3204 4484 3321 4554 ejus
3363 4480 3568 4542 Jcsum,
3598 4498 3618 4530 ιι

355 4570 449 4622 τοῦ
485 4569 696 4640 Πατρὸς
741 4569 886 4624 Υίόν.
937 4570 1009 4622 Τὸ
1036 4571 1092 4624 δέ
1137 4588 1199 4638 γε
1227 4569 1518 4639 λεγόμενον
1556 4571 1658 4622 ὑπὸ
1706 4569 1799 4623 τοῦ
1831 4571 1933 4622 Γα-

358 4661 535 4732 ϐριὴλ,
583 4679 601 4712 t
635 4663 726 4734 Μὴ
756 4662 945 4730 φοϐοῦ,
982 4665 1235 4734 Μαριάμ·
1267 4659 1423 4734 εὗρες
1455 4663 1562 4734 γὰρ
1593 4663 1752 4733 χάριν
1785 4664 1936 4734 παρὰ

357 4753 435 4822 τῷ
466 4753 604 4820 Θεῷ,
642 4753 734 4806 καὶ
769 4755 878 4805 ἰδοὺ
911 4753 1156 4824 summ
1186 4757 1242 4806 ὲν
1277 4755 1496 4823 γαστρὶ,
1528 4753 1622 4804 καὶ
1649 4753 1778 4825 τέξῃ
1800 4754 1934 4818 υἱὸν,

359 4847 455 4898 καὶ
488 4845 737 4909 καλέσεις
773 4847 832 4898 τὸ
859 4846 1026 4914 ὄνομα
1051 4847 1214 4898 αὐτοῦ
1250 4845 1475 4913 Ἰησοῦν,
1506 4865 1522 4894 ι
1555 4844 1632 4913 τῷ
1667 4845 1938 4916 ἀνθρώπῳ

357 4937 682 5008 ἐφαρμόζει.
735 4937 897 4990 ’Λλλά
949 4938 1107 4991 ταυτὶ
1171 4938 1268 5008 μὲν
1321 4939 1537 4989 ἐκεῖνοι.
1592 4938 1936 5007 Φρονήσομεν

355 5031 416 5084 δὲ
444 5032 604 5100 ἡμεῖς
626 5031 724 5099 οὺχ
746 5024 848 5083 ὧδέ
873 5030 1059 5082 ποθεν.
1086 5029 1396 5082 ’Λναπείσει
1422 5028 1529 5100 γὰρ
1554 5029 1802 5098 οὐδαμῶς
1828 5031 1938 5082 τῶν

359 5120 683 5191 ἑτεροδόξων
705 5123 732 5174 ὁ
772 5122 945 5186 Λόγος
966 5163 981 5186 ,
1016 5121 1236 5190 τροχιὰν
1266 5122 1507 5188 ἀφέντας
1541 5122 1636 5187 τὴν
1671 5121 1755 5172 ἐπ’
1785 5120 1936 5186 εὐθὺ,

2046 4581 2247 4633 homini
2298 4582 2550 4635 convenit
2575 4582 2615 4636 °.
2669 4579 2774 4636 Sed
2820 4582 2931 4634 haec
2961 4579 3174 4648 quidem
3210 4576 3308 4628 illi.
3352 4573 3458 4627 Nos
3495 4589 3625 4625 vero

2045 4686 2314 4738 nunquam
2353 4673 2424 4724 ita
2468 4673 2786 4726 sentiemus.
2833 4669 3019 4737 Neque
3049 4669 3193 4724 enim
3244 4665 3622 4720 haireticorum

2044 4777 2220 4816 sermo
2255 4777 2488 4830 unquam
2537 4763 2692 4818 nobis
2741 4763 3092 4832 persuaserit,
3137 4767 3192 4811 ut
3236 4757 3434 4810 omissa
3479 4763 3622 4807 recta

2046 4852 2154 4916 via,
2183 4852 2238 4906 in
2264 4852 2424 4906 aliam
2452 4855 2914 4925 transgrediamur
2939 4867 3002 4906 ac
3031 4851 3363 4904 divertamus
3384 4859 3504 4913 qua:
3528 4859 3626 4897 nos

2046 4960 2074 4994 a
2112 4945 2337 4999 veritate
2384 4946 2638 5000 abducat.
2685 4945 2763 4999 Tu
2810 4960 2966 5006 vero,
3017 4940 3224 5010 explica
3273 4936 3428 4990 nobis
3479 4945 3624 4987 tuam

2047 5037 2396 5100 sententiam,
2435 5039 2592 5092 avide
2632 5037 2776 5090 enim
2807 5044 3063 5104 exspecto
3105 5031 3314 5094 audire,
3349 5026 3630 5096 ipsamque

2051 5126 2128 5180 rei
2167 5128 2452 5182 veritatem
2486 5141 2830 5197 cognoscere.

358 5211 684 5280 διαστείχειν
743 5211 956 5282 ἑτέραν.
1026 5211 1185 5265 ’Λλλά
1227 5211 1454 5283 πέραινε
1483 5211 1542 5262 τὸ
1594 5211 1805 5278 δοκοῦν,
1849 5215 1942 5265 καὶ
1983 5217 2156 5288 πειρῶ
2194 5236 2282 5286 μοι
2353 5219 2552 5288 λέγειν,
2622 5219 2696 5280 ὡς
2737 5219 2874 5270 ἀΐειν
2921 5218 3138 5286 ἕτοιμος
3189 5211 3321 5282 ἐγὼ,
3374 5209 3470 5262 καὶ
3503 5207 3630 5260 ἁνα-

366 5303 557 5373 μαθεῖν
581 5305 664 5356 ὅτι
689 5301 925 5372 μάλιστα
958 5301 1016 5355 τό
1042 5303 1349 5374 ἀκιϐδήλως
1373 5303 1512 5372 ἕχον.

435 5422 500 5473 Α.
533 5421 619 5482 Ὠς
649 5421 786 5491 βαρὺ
812 5421 872 5472 τὸ
899 5422 1107 5490 χρῆμα,
1139 5422 1234 5473 καὶ
1261 5420 1708 5490 δυσδιακόμιστον
1750 5439 1946 5475 παντε-

363 5513 469 5573 λῶς
499 5512 559 5564 τὸ
601 5515 841 5582 φορτίον.
868 5515 938 5564 "il
970 5515 1070 5564 οὐκ
1100 5509 1274 5576 οἶσθα,
1319 5509 1364 5566 ὧ
1395 5512 1617 5583 φιλότης
1637 5554 1650 5578 ,
1684 5514 1759 5576 ὡς
1787 5515 1943 5586 εἴπερ

363 5623 449 5669 τις
471 5605 644 5657 ἕλοιτο
690 5606 901 5675 μακρὸν
955 5607 1036 5671 ἐφ’
1073 5606 1290 5674 ἑκάστῳ
1333 5604 1601 5659 ποιεῖσθαι
1642 5603 1818 5674 λόγον,
1854 5607 1948 5658 καὶ

442 5757 462 5788 ⁵
494 5756 681 5810 Matth.
715 5771 792 5818 λι,
821 5755 909 5805 27.
991 5757 1007 5782 "
1043 5755 1168 5807 Luc.
1199 5772 1235 5816 ι,
1270 5759 1358 5812 50.

688 5849 956 5907 l’ATnnL.
1005 5849 1114 5908 Gn.
1171 5849 1394 5912 LXXV.

2127 5427 2191 5478 A.
2217 5426 2261 5478 0
2293 5442 2401 5478 rem
2428 5424 2716 5488 diﬂitiletu,
2743 5434 2903 5490 atque
2941 5437 3076 5474 onus
3113 5419 3513 5484 gravissimum.
3551 5414 3630 5465 An

2056 5518 2196 5569 enim
2235 5532 2474 5584 ignoras,
2511 5515 2705 5578 amice,
2741 5514 2784 5567 si
2815 5514 2937 5580 quis
2967 5513 3033 5565 de
3062 5509 3289 5578 singulis
3320 5507 3470 5560 hisce
3512 5503 3632 5556 Iou-

2059 5624 2178 5678 gam
2214 5611 2534 5673 orationem,
2576 5616 2992 5672 accuratamque
3034 5601 3510 5668 investigationem
3547 5594 3633 5649 in-

3165 5841 3236 5903 38
