  <div class='ocr_page' id='page_1' title='image "/cluster/home/n/w/nwhite01/storage/ocr_20150623/75/mdp.39015078384495/607.png"; bbox 0 0 4078 6264; ppageno 0'>
   <div class='ocr_carea' id='block_1_1' title="bbox 494 275 638 348">
    <p class='ocr_par' dir='ltr' id='par_1_1' title="bbox 494 275 638 348">
     <span class='ocr_line' id='line_1_1' title="bbox 494 275 638 348; baseline -0.007 0"><span class='ocrx_word' id='word_1_1' title='bbox 494 275 638 348; x_wconf 57' lang='lat' dir='ltr'><strong>{m9</strong></span> 
     </span>
    </p>
   </div>
   <div class='ocr_carea' id='block_1_2' title="bbox 1477 282 2708 342">
    <p class='ocr_par' dir='ltr' id='par_1_2' title="bbox 1477 282 2708 342">
     <span class='ocr_line' id='line_1_2' title="bbox 1477 282 2708 342; baseline 0.002 -4"><span class='ocrx_word' id='word_1_2' title='bbox 1477 283 1536 338; x_wconf 76' lang='lat' dir='ltr'><strong>S.</strong></span> <span class='ocrx_word' id='word_1_3' title='bbox 1577 283 1848 339; x_wconf 80' lang='lat' dir='ltr'><strong>CYRILLI</strong></span> <span class='ocrx_word' id='word_1_4' title='bbox 1891 282 2350 338; x_wconf 74' lang='lat' dir='ltr'><strong>ALEXANDRINl</strong></span> <span class='ocrx_word' id='word_1_5' title='bbox 2392 284 2708 342; x_wconf 80' lang='lat' dir='ltr'><strong>ARCHIEP.</strong></span> 
     </span>
    </p>
   </div>
   <div class='ocr_carea' id='block_1_3' title="bbox 3613 286 3748 342">
    <p class='ocr_par' dir='ltr' id='par_1_3' title="bbox 3613 286 3748 342">
     <span class='ocr_line' id='line_1_3' title="bbox 3613 286 3748 342; baseline 0.015 -2"><span class='ocrx_word' id='word_1_6' title='bbox 3613 286 3748 342; x_wconf 73' lang='grc'><strong>1200</strong></span> 
     </span>
    </p>
   </div>
   <div class='ocr_carea' id='block_1_4' title="bbox 499 403 2075 478">
    <p class='ocr_par' dir='ltr' id='par_1_4' title="bbox 499 403 2075 474">
     <span class='ocr_line' id='line_1_4' title="bbox 499 403 2075 474; baseline -0.003 -10"><span class='ocrx_word' id='word_1_7' title='bbox 499 425 626 464; x_wconf 81' lang='lat' dir='ltr'><strong>core</strong></span> <span class='ocrx_word' id='word_1_8' title='bbox 663 406 972 463; x_wconf 88' lang='lat' dir='ltr'><strong>institutum</strong></span> <span class='ocrx_word' id='word_1_9' title='bbox 995 403 1274 469; x_wconf 75' lang='lat' dir='ltr'><strong>damnant,</strong></span> <span class='ocrx_word' id='word_1_10' title='bbox 1309 412 1360 459; x_wconf 89' lang='lat' dir='ltr'><strong>et</strong></span> <span class='ocrx_word' id='word_1_11' title='bbox 1395 404 1616 474; x_wconf 79' lang='lat' dir='ltr'><strong>perinde</strong></span> <span class='ocrx_word' id='word_1_12' title='bbox 1645 420 1707 459; x_wconf 86' lang='lat' dir='ltr'><strong>ac</strong></span> <span class='ocrx_word' id='word_1_13' title='bbox 1743 406 1786 459; x_wconf 90' lang='lat' dir='ltr'><strong>si</strong></span> <span class='ocrx_word' id='word_1_14' title='bbox 1819 403 1916 474; x_wconf 87' lang='lat' dir='ltr'><strong>ip&#39;si</strong></span> <span class='ocrx_word' id='word_1_15' title='bbox 1963 421 2075 460; x_wconf 85' lang='lat' dir='ltr'><strong>me-</strong></span> 
     </span>
    </p>
   </div>
   <div class='ocr_carea' id='block_1_5' title="bbox 2177 403 3748 478">
    <p class='ocr_par' dir='ltr' id='par_1_5' title="bbox 2181 404 3748 478">
     <span class='ocr_line' id='line_1_5' title="bbox 2181 404 3748 478; baseline 0.001 -21"><span class='ocrx_word' id='word_1_16' title='bbox 2181 407 2270 458; x_wconf 72' lang='lat' dir='ltr'><strong>xa‘t</strong></span> <span class='ocrx_word' id='word_1_17' title='bbox 2301 405 2527 478; x_wconf 85' lang='grc' dir='ltr'>ἀρίστης</span> <span class='ocrx_word' id='word_1_18' title='bbox 2573 405 2769 475; x_wconf 80' lang='grc' dir='ltr'>βουλῆς</span> <span class='ocrx_word' id='word_1_19' title='bbox 2815 405 2874 456; x_wconf 75' lang='grc' dir='ltr'>τδ</span> <span class='ocrx_word' id='word_1_20' title='bbox 2928 405 3174 475; x_wconf 74' lang='grc' dir='ltr'>ἀπρεπὲς</span> <span class='ocrx_word' id='word_1_21' title='bbox 3231 404 3598 474; x_wconf 74' lang='grc' dir='ltr'>καθορίζουσι,</span> <span class='ocrx_word' id='word_1_22' title='bbox 3653 411 3748 460; x_wconf 72' lang='grc' dir='ltr'><strong>καὶ</strong></span> 
     </span>
    </p>
   </div>
   <div class='ocr_carea' id='block_1_6' title="bbox 502 495 2070 568">
    <p class='ocr_par' dir='ltr' id='par_1_6' title="bbox 502 495 2070 568">
     <span class='ocr_line' id='line_1_6' title="bbox 502 495 2070 568; baseline -0.002 -17"><span class='ocrx_word' id='word_1_23' title='bbox 502 503 634 553; x_wconf 88' lang='lat' dir='ltr'><strong>liora</strong></span> <span class='ocrx_word' id='word_1_24' title='bbox 688 499 1002 568; x_wconf 74' lang='lat' dir='ltr'><strong>excogitare</strong></span> <span class='ocrx_word' id='word_1_25' title='bbox 1050 497 1278 565; x_wconf 86' lang='lat' dir='ltr'><strong>possint,</strong></span> <span class='ocrx_word' id='word_1_26' title='bbox 1331 495 1498 566; x_wconf 85' lang='lat' dir='ltr'><strong>ipsius</strong></span> <span class='ocrx_word' id='word_1_27' title='bbox 1546 497 1822 566; x_wconf 69' lang='lat' dir='ltr'><strong>sapientiae</strong></span> <span class='ocrx_word' id='word_1_28' title='bbox 1857 496 2070 551; x_wconf 88' lang='lat' dir='ltr'><strong>decreta</strong></span> 
     </span>
    </p>
   </div>
   <div class='ocr_carea' id='block_1_7' title="bbox 500 588 2071 662">
    <p class='ocr_par' dir='ltr' id='par_1_7' title="bbox 500 588 2071 662">
     <span class='ocr_line' id='line_1_7' title="bbox 500 588 2071 662; baseline -0.004 -16"><span class='ocrx_word' id='word_1_29' title='bbox 500 593 828 662; x_wconf 89' lang='lat' dir='ltr'><strong>improbant.</strong></span> <span class='ocrx_word' id='word_1_30' title='bbox 874 588 1059 660; x_wconf 79' lang='lat' dir='ltr'><strong>Neque</strong></span> <span class='ocrx_word' id='word_1_31' title='bbox 1098 591 1242 645; x_wconf 90' lang='lat' dir='ltr'><strong>enim</strong></span> <span class='ocrx_word' id='word_1_32' title='bbox 1293 603 1360 642; x_wconf 79' lang='lat' dir='ltr'><strong>ex</strong></span> <span class='ocrx_word' id='word_1_33' title='bbox 1405 600 1558 656; x_wconf 87' lang='lat' dir='ltr'><strong>partu</strong></span> <span class='ocrx_word' id='word_1_34' title='bbox 1599 588 1836 653; x_wconf 70' lang='lat' dir='ltr'><strong>Virginis</strong></span> <span class='ocrx_word' id='word_1_35' title='bbox 1872 589 2071 642; x_wconf 90' lang='lat' dir='ltr'><strong>editum</strong></span> 
     </span>
    </p>
   </div>
   <div class='ocr_carea' id='block_1_8' title="bbox 502 680 2072 750">
    <p class='ocr_par' dir='ltr' id='par_1_8' title="bbox 502 680 2072 750">
     <span class='ocr_line' id='line_1_8' title="bbox 502 680 2072 750; baseline -0.005 -12"><span class='ocrx_word' id='word_1_36' title='bbox 502 685 739 739; x_wconf 72' lang='lat' dir='ltr'><strong>Verbum</strong></span> <span class='ocrx_word' id='word_1_37' title='bbox 771 684 1187 738; x_wconf 82' lang='lat' dir='ltr'><strong>existimandum</strong></span> <span class='ocrx_word' id='word_1_38' title='bbox 1236 691 1458 735; x_wconf 81' lang='lat' dir='ltr'><strong>censent</strong></span> <span class='ocrx_word' id='word_1_39' title='bbox 1499 698 1513 734; x_wconf 88' lang='lat'><strong>:</strong></span> <span class='ocrx_word' id='word_1_40' title='bbox 1550 681 1642 734; x_wconf 91' lang='lat' dir='ltr'><strong>sed</strong></span> <span class='ocrx_word' id='word_1_41' title='bbox 1686 682 1864 750; x_wconf 90' lang='lat' dir='ltr'><strong>potius</strong></span> <span class='ocrx_word' id='word_1_42' title='bbox 1911 680 2072 734; x_wconf 85' lang='lat' dir='ltr'><strong>Verbi</strong></span> 
     </span>
    </p>
   </div>
   <div class='ocr_carea' id='block_1_9' title="bbox 501 769 2070 838">
    <p class='ocr_par' dir='ltr' id='par_1_9' title="bbox 501 769 2070 838">
     <span class='ocr_line' id='line_1_9' title="bbox 501 769 2070 838; baseline -0.005 -9"><span class='ocrx_word' id='word_1_43' title='bbox 501 786 747 828; x_wconf 88' lang='lat' dir='ltr'><strong>naturam</strong></span> <span class='ocrx_word' id='word_1_44' title='bbox 790 774 842 827; x_wconf 94' lang='lat' dir='ltr'><strong>in</strong></span> <span class='ocrx_word' id='word_1_45' title='bbox 879 773 1052 827; x_wconf 81' lang='lat' dir='ltr'><strong>debile</strong></span> <span class='ocrx_word' id='word_1_46' title='bbox 1091 773 1192 825; x_wconf 86' lang='lat' dir='ltr'><strong>hoc</strong></span> <span class='ocrx_word' id='word_1_47' title='bbox 1229 784 1428 838; x_wconf 88' lang='lat' dir='ltr'><strong>corpus</strong></span> <span class='ocrx_word' id='word_1_48' title='bbox 1459 769 1895 823; x_wconf 82' lang='lat' dir='ltr'><strong>transformatam</strong></span> <span class='ocrx_word' id='word_1_49' title='bbox 1933 782 2070 830; x_wconf 88' lang='lat' dir='ltr'><strong>esse,</strong></span> 
     </span>
    </p>
   </div>
   <div class='ocr_carea' id='block_1_10' title="bbox 497 860 2074 933">
    <p class='ocr_par' dir='ltr' id='par_1_10' title="bbox 497 860 2074 933">
     <span class='ocr_line' id='line_1_10' title="bbox 497 860 2074 933; baseline -0.005 -13"><span class='ocrx_word' id='word_1_50' title='bbox 497 877 556 921; x_wconf 78' lang='lat' dir='ltr'><strong>et</strong></span> <span class='ocrx_word' id='word_1_51' title='bbox 584 867 939 920; x_wconf 83' lang='lat' dir='ltr'><strong>mulationem</strong></span> <span class='ocrx_word' id='word_1_52' title='bbox 973 863 1332 933; x_wconf 73' lang='lat' dir='ltr'><strong>imaginantur</strong></span> <span class='ocrx_word' id='word_1_53' title='bbox 1357 861 1474 928; x_wconf 81' lang='lat' dir='ltr'><strong>ejus</strong></span> <span class='ocrx_word' id='word_1_54' title='bbox 1504 860 1556 913; x_wconf 91' lang='lat' dir='ltr'><strong>iu</strong></span> <span class='ocrx_word' id='word_1_55' title='bbox 1590 875 1746 928; x_wconf 88' lang='lat' dir='ltr'><strong>quem</strong></span> <span class='ocrx_word' id='word_1_56' title='bbox 1783 860 1924 913; x_wconf 90' lang='lat' dir='ltr'><strong>nulla</strong></span> <span class='ocrx_word' id='word_1_57' title='bbox 1955 876 2074 912; x_wconf 87' lang='lat' dir='ltr'><strong>tnu-</strong></span> 
     </span>
    </p>
   </div>
   <div class='ocr_carea' id='block_1_11' title="bbox 501 949 2075 1020">
    <p class='ocr_par' dir='ltr' id='par_1_11' title="bbox 501 949 2075 1020">
     <span class='ocr_line' id='line_1_11' title="bbox 501 949 2075 1020; baseline -0.006 -10"><span class='ocrx_word' id='word_1_58' title='bbox 501 955 817 1011; x_wconf 87' lang='lat' dir='ltr'><strong>tatio-cadit.</strong></span> <span class='ocrx_word' id='word_1_59' title='bbox 849 953 1088 1009; x_wconf 75' lang='lat' dir='ltr'><strong>Firmato</strong></span> <span class='ocrx_word' id='word_1_60' title='bbox 1116 953 1259 1008; x_wconf 89' lang='lat' dir='ltr'><strong>enim</strong></span> <span class='ocrx_word' id='word_1_61' title='bbox 1297 961 1458 1020; x_wconf 90' lang='lat' dir='ltr'><strong>atque</strong></span> <span class='ocrx_word' id='word_1_62' title='bbox 1487 949 1719 1004; x_wconf 84' lang='lat' dir='ltr'><strong>stabilita</strong></span> <span class='ocrx_word' id='word_1_63' title='bbox 1750 959 1835 1005; x_wconf 91' lang='lat' dir='ltr'><strong>est</strong></span> <span class='ocrx_word' id='word_1_64' title='bbox 1866 950 1958 1004; x_wconf 89' lang='lat' dir='ltr'><strong>Dei</strong></span> <span class='ocrx_word' id='word_1_65' title='bbox 1985 966 2075 1002; x_wconf 90' lang='lat' dir='ltr'><strong>ua-</strong></span> 
     </span>
    </p>
   </div>
   <div class='ocr_carea' id='block_1_12' title="bbox 503 1040 2076 1115">
    <p class='ocr_par' dir='ltr' id='par_1_12' title="bbox 503 1040 2076 1115">
     <span class='ocr_line' id='line_1_12' title="bbox 503 1040 2076 1115; baseline -0.004 -15"><span class='ocrx_word' id='word_1_66' title='bbox 503 1057 618 1101; x_wconf 91' lang='lat' dir='ltr'><strong>tura</strong></span> <span class='ocrx_word' id='word_1_67' title='bbox 652 1048 703 1100; x_wconf 93' lang='lat' dir='ltr'><strong>in</strong></span> <span class='ocrx_word' id='word_1_68' title='bbox 734 1045 970 1115; x_wconf 82' lang='lat' dir='ltr'><strong>propriis</strong></span> <span class='ocrx_word' id='word_1_69' title='bbox 1009 1045 1122 1101; x_wconf 87' lang='lat' dir='ltr'><strong>suis</strong></span> <span class='ocrx_word' id='word_1_70' title='bbox 1159 1044 1335 1108; x_wconf 88' lang='lat' dir='ltr'><strong>bonis,</strong></span> <span class='ocrx_word' id='word_1_71' title='bbox 1364 1051 1417 1096; x_wconf 90' lang='lat' dir='ltr'><strong>et</strong></span> <span class='ocrx_word' id='word_1_72' title='bbox 1459 1041 1869 1095; x_wconf 87' lang='lat' dir='ltr'><strong>immntabiliter</strong></span> <span class='ocrx_word' id='word_1_73' title='bbox 1894 1040 1946 1094; x_wconf 92' lang='lat' dir='ltr'><strong>in</strong></span> <span class='ocrx_word' id='word_1_74' title='bbox 1980 1055 2076 1094; x_wconf 92' lang='lat' dir='ltr'><strong>suo</strong></span> 
     </span>
    </p>
   </div>
   <div class='ocr_carea' id='block_1_13' title="bbox 499 1135 2077 1208">
    <p class='ocr_par' dir='ltr' id='par_1_13' title="bbox 499 1135 2077 1208">
     <span class='ocr_line' id='line_1_13' title="bbox 499 1135 2077 1208; baseline -0.005 -16"><span class='ocrx_word' id='word_1_75' title='bbox 499 1147 640 1192; x_wconf 90' lang='lat' dir='ltr'><strong>statu</strong></span> <span class='ocrx_word' id='word_1_76' title='bbox 681 1148 978 1208; x_wconf 85' lang='lat' dir='ltr'><strong>permanet.</strong></span> <span class='ocrx_word' id='word_1_77' title='bbox 1021 1136 1218 1190; x_wconf 79' lang='lat' dir='ltr'><strong>Natura</strong></span> <span class='ocrx_word' id='word_1_78' title='bbox 1253 1135 1395 1187; x_wconf 90' lang='lat' dir='ltr'><strong>enim</strong></span> <span class='ocrx_word' id='word_1_79' title='bbox 1431 1141 1632 1194; x_wconf 88' lang='lat' dir='ltr'><strong>creata,</strong></span> <span class='ocrx_word' id='word_1_80' title='bbox 1684 1146 1909 1200; x_wconf 63' lang='lat' dir='ltr'><strong>quaeque</strong></span> <span class='ocrx_word' id='word_1_81' title='bbox 1945 1142 2077 1186; x_wconf 83' lang='lat' dir='ltr'><strong>tern-</strong></span> 
     </span>
    </p>
   </div>
   <div class='ocr_carea' id='block_1_14' title="bbox 499 1223 2073 1298">
    <p class='ocr_par' dir='ltr' id='par_1_14' title="bbox 499 1223 2073 1298">
     <span class='ocr_line' id='line_1_14' title="bbox 499 1223 2073 1298; baseline -0.003 -18"><span class='ocrx_word' id='word_1_82' title='bbox 499 1246 628 1298; x_wconf 88' lang='lat' dir='ltr'><strong>pore</strong></span> <span class='ocrx_word' id='word_1_83' title='bbox 657 1231 722 1284; x_wconf 86' lang='lat' dir='ltr'><strong>ad</strong></span> <span class='ocrx_word' id='word_1_84' title='bbox 754 1243 873 1284; x_wconf 88' lang='lat' dir='ltr'><strong>esse</strong></span> <span class='ocrx_word' id='word_1_85' title='bbox 909 1229 1151 1282; x_wconf 88' lang='lat' dir='ltr'><strong>traducta</strong></span> <span class='ocrx_word' id='word_1_86' title='bbox 1199 1235 1304 1288; x_wconf 86' lang='lat' dir='ltr'><strong>est,</strong></span> <span class='ocrx_word' id='word_1_87' title='bbox 1357 1224 1642 1278; x_wconf 86' lang='lat' dir='ltr'><strong>mutationi</strong></span> <span class='ocrx_word' id='word_1_88' title='bbox 1689 1223 1920 1277; x_wconf 80' lang='lat' dir='ltr'><strong>obnoxia</strong></span> <span class='ocrx_word' id='word_1_89' title='bbox 1970 1231 2073 1288; x_wconf 90' lang='lat' dir='ltr'><strong>est,</strong></span> 
     </span>
    </p>
   </div>
   <div class='ocr_carea' id='block_1_15' title="bbox 499 1311 2076 1388">
    <p class='ocr_par' dir='ltr' id='par_1_15' title="bbox 499 1311 2076 1388">
     <span class='ocr_line' id='line_1_15' title="bbox 499 1311 2076 1388; baseline -0.006 -14"><span class='ocrx_word' id='word_1_90' title='bbox 499 1335 732 1388; x_wconf 71' lang='lat' dir='ltr'><strong>vereque</strong></span> <span class='ocrx_word' id='word_1_91' title='bbox 764 1321 818 1372; x_wconf 84' lang='lat' dir='ltr'><strong>id</strong></span> <span class='ocrx_word' id='word_1_92' title='bbox 845 1319 910 1372; x_wconf 86' lang='lat' dir='ltr'><strong>de</strong></span> <span class='ocrx_word' id='word_1_93' title='bbox 931 1315 1193 1387; x_wconf 85' lang='lat' dir='ltr'><strong>ejusmodi</strong></span> <span class='ocrx_word' id='word_1_94' title='bbox 1223 1329 1281 1369; x_wconf 89' lang='lat' dir='ltr'><strong>re</strong></span> <span class='ocrx_word' id='word_1_95' title='bbox 1307 1314 1411 1368; x_wconf 93' lang='lat' dir='ltr'><strong>dici</strong></span> <span class='ocrx_word' id='word_1_96' title='bbox 1437 1314 1624 1382; x_wconf 89' lang='lat' dir='ltr'><strong>possit.</strong></span> <span class='ocrx_word' id='word_1_97' title='bbox 1652 1311 1784 1366; x_wconf 81' lang='lat' dir='ltr'><strong>Nam</strong></span> <span class='ocrx_word' id='word_1_98' title='bbox 1819 1312 2076 1382; x_wconf 81' lang='lat' dir='ltr'><strong>quidquid</strong></span> 
     </span>
    </p>
   </div>
   <div class='ocr_carea' id='block_1_16' title="bbox 497 1405 2079 1478">
    <p class='ocr_par' dir='ltr' id='par_1_16' title="bbox 497 1405 2079 1478">
     <span class='ocr_line' id='line_1_16' title="bbox 497 1405 2079 1478; baseline -0.003 -13"><span class='ocrx_word' id='word_1_99' title='bbox 497 1411 792 1466; x_wconf 78' lang='lat' dir='ltr'><strong>exsistendi</strong></span> <span class='ocrx_word' id='word_1_100' title='bbox 824 1409 1142 1478; x_wconf 89' lang='lat' dir='ltr'><strong>principium</strong></span> <span class='ocrx_word' id='word_1_101' title='bbox 1171 1405 1401 1476; x_wconf 82' lang='lat' dir='ltr'><strong>accepit,</strong></span> <span class='ocrx_word' id='word_1_102' title='bbox 1425 1406 1472 1460; x_wconf 88' lang='lat' dir='ltr'><strong>ei</strong></span> <span class='ocrx_word' id='word_1_103' title='bbox 1499 1406 1660 1459; x_wconf 88' lang='lat' dir='ltr'><strong>etiam</strong></span> <span class='ocrx_word' id='word_1_104' title='bbox 1685 1406 2079 1474; x_wconf 85' lang='lat' dir='ltr'><strong>quodammodo</strong></span> 
     </span>
    </p>
   </div>
   <div class='ocr_carea' id='block_1_17' title="bbox 496 1498 2077 1569">
    <p class='ocr_par' dir='ltr' id='par_1_17' title="bbox 496 1498 2077 1569">
     <span class='ocr_line' id='line_1_17' title="bbox 496 1498 2077 1569; baseline -0.005 -11"><span class='ocrx_word' id='word_1_105' title='bbox 496 1503 720 1558; x_wconf 91' lang='lat' dir='ltr'><strong>insitum</strong></span> <span class='ocrx_word' id='word_1_106' title='bbox 749 1511 856 1568; x_wconf 91' lang='lat' dir='ltr'><strong>est,</strong></span> <span class='ocrx_word' id='word_1_107' title='bbox 886 1511 944 1555; x_wconf 91' lang='lat' dir='ltr'><strong>ut</strong></span> <span class='ocrx_word' id='word_1_108' title='bbox 979 1499 1172 1553; x_wconf 84' lang='lat' dir='ltr'><strong>mutari</strong></span> <span class='ocrx_word' id='word_1_109' title='bbox 1202 1499 1391 1569; x_wconf 86' lang='lat' dir='ltr'><strong>possit.</strong></span> <span class='ocrx_word' id='word_1_110' title='bbox 1419 1498 1558 1552; x_wconf 89' lang='lat' dir='ltr'><strong>Deus</strong></span> <span class='ocrx_word' id='word_1_111' title='bbox 1588 1511 1716 1551; x_wconf 80' lang='lat' dir='ltr'><strong>vero</strong></span> <span class='ocrx_word' id='word_1_112' title='bbox 1747 1499 1835 1565; x_wconf 89' lang='lat' dir='ltr'><strong>qui</strong></span> <span class='ocrx_word' id='word_1_113' title='bbox 1865 1512 2077 1550; x_wconf 85' lang='lat' dir='ltr'><strong>onmem</strong></span> 
     </span>
    </p>
   </div>
   <div class='ocr_carea' id='block_1_18' title="bbox 497 1592 2079 1663">
    <p class='ocr_par' dir='ltr' id='par_1_18' title="bbox 497 1592 2079 1663">
     <span class='ocr_line' id='line_1_18' title="bbox 497 1592 2079 1663; baseline -0.006 -12"><span class='ocrx_word' id='word_1_114' title='bbox 497 1597 822 1653; x_wconf 88' lang='lat' dir='ltr'><strong>intellectum</strong></span> <span class='ocrx_word' id='word_1_115' title='bbox 868 1602 1108 1663; x_wconf 86' lang='lat' dir='ltr'><strong>superat,</strong></span> <span class='ocrx_word' id='word_1_116' title='bbox 1145 1602 1198 1646; x_wconf 84' lang='lat' dir='ltr'><strong>et</strong></span> <span class='ocrx_word' id='word_1_117' title='bbox 1230 1592 1602 1646; x_wconf 82' lang='lat' dir='ltr'><strong>exsistentiam</strong></span> <span class='ocrx_word' id='word_1_118' title='bbox 1641 1593 1708 1644; x_wconf 91' lang='lat' dir='ltr'><strong>ab</strong></span> <span class='ocrx_word' id='word_1_119' title='bbox 1753 1599 1872 1644; x_wconf 90' lang='lat' dir='ltr'><strong>ortu</strong></span> <span class='ocrx_word' id='word_1_120' title='bbox 1919 1601 2079 1658; x_wconf 86' lang='lat' dir='ltr'><strong>atque</strong></span> 
     </span>
    </p>
   </div>
   <div class='ocr_carea' id='block_1_19' title="bbox 496 1683 2110 1752">
    <p class='ocr_par' dir='ltr' id='par_1_19' title="bbox 496 1683 2110 1752">
     <span class='ocr_line' id='line_1_19' title="bbox 496 1683 2110 1752; baseline -0.006 -10"><span class='ocrx_word' id='word_1_121' title='bbox 496 1689 716 1744; x_wconf 89' lang='lat' dir='ltr'><strong>interitu</strong></span> <span class='ocrx_word' id='word_1_122' title='bbox 739 1687 963 1741; x_wconf 87' lang='lat' dir='ltr'><strong>liberam</strong></span> <span class='ocrx_word' id='word_1_123' title='bbox 989 1685 1175 1747; x_wconf 83' lang='lat' dir='ltr'><strong>habet,</strong></span> <span class='ocrx_word' id='word_1_124' title='bbox 1193 1684 1339 1738; x_wconf 91' lang='lat' dir='ltr'><strong>omni</strong></span> <span class='ocrx_word' id='word_1_125' title='bbox 1368 1684 1663 1737; x_wconf 88' lang='lat' dir='ltr'><strong>mutatione</strong></span> <span class='ocrx_word' id='word_1_126' title='bbox 1689 1683 1934 1752; x_wconf 78' lang='lat' dir='ltr'><strong>superior</strong></span> <span class='ocrx_word' id='word_1_127' title='bbox 1960 1691 2076 1746; x_wconf 91' lang='lat' dir='ltr'><strong>est;</strong></span> <span class='ocrx_word' id='word_1_128' title='bbox 2105 1685 2110 1689; x_wconf 85' lang='lat'>&#39;</span> 
     </span>
    </p>
   </div>
   <div class='ocr_carea' id='block_1_20' title="bbox 495 1774 2077 1846">
    <p class='ocr_par' dir='ltr' id='par_1_20' title="bbox 495 1774 2077 1846">
     <span class='ocr_line' id='line_1_20' title="bbox 495 1774 2077 1846; baseline -0.005 -12"><span class='ocrx_word' id='word_1_129' title='bbox 495 1790 569 1845; x_wconf 81' lang='lat' dir='ltr'><strong>et,</strong></span> <span class='ocrx_word' id='word_1_130' title='bbox 600 1779 767 1834; x_wconf 79' lang='lat' dir='ltr'><strong>veluti</strong></span> <span class='ocrx_word' id='word_1_131' title='bbox 800 1777 1029 1846; x_wconf 74' lang='lat' dir='ltr'><strong>pr0pria:</strong></span> <span class='ocrx_word' id='word_1_132' title='bbox 1057 1790 1168 1830; x_wconf 66' lang='lat' dir='ltr'><strong>suae</strong></span> <span class='ocrx_word' id='word_1_133' title='bbox 1199 1785 1405 1828; x_wconf 69' lang='lat' dir='ltr'><strong>natura:</strong></span> <span class='ocrx_word' id='word_1_134' title='bbox 1451 1774 1659 1828; x_wconf 81' lang='lat' dir='ltr'><strong>ratione</strong></span> <span class='ocrx_word' id='word_1_135' title='bbox 1686 1775 1867 1829; x_wconf 82' lang='lat' dir='ltr'><strong>omnia</strong></span> <span class='ocrx_word' id='word_1_136' title='bbox 1897 1783 2077 1828; x_wconf 86' lang='lat' dir='ltr'><strong>creata</strong></span> 
     </span>
    </p>
   </div>
   <div class='ocr_carea' id='block_1_21' title="bbox 497 1865 2076 1938">
    <p class='ocr_par' dir='ltr' id='par_1_21' title="bbox 497 1865 2076 1938">
     <span class='ocr_line' id='line_1_21' title="bbox 497 1865 2076 1938; baseline -0.003 -16"><span class='ocrx_word' id='word_1_137' title='bbox 497 1871 654 1938; x_wconf 78' lang='lat' dir='ltr'><strong>longe</strong></span> <span class='ocrx_word' id='word_1_138' title='bbox 708 1867 943 1932; x_wconf 79' lang='lat' dir='ltr'><strong>excedit,</strong></span> <span class='ocrx_word' id='word_1_139' title='bbox 1001 1875 1058 1919; x_wconf 92' lang='lat' dir='ltr'><strong>et</strong></span> <span class='ocrx_word' id='word_1_140' title='bbox 1121 1865 1337 1934; x_wconf 80' lang='lat' dir='ltr'><strong>quidem</strong></span> <span class='ocrx_word' id='word_1_141' title='bbox 1405 1865 1898 1933; x_wconf 73' lang='lat' dir='ltr'><strong>incomparabiliter</strong></span> <span class='ocrx_word' id='word_1_142' title='bbox 1946 1881 1959 1917; x_wconf 91' lang='lat'><strong>:</strong></span> <span class='ocrx_word' id='word_1_143' title='bbox 2008 1866 2076 1919; x_wconf 89' lang='lat' dir='ltr'><strong>ita</strong></span> 
     </span>
    </p>
   </div>
   <div class='ocr_carea' id='block_1_22' title="bbox 495 1953 2079 2027">
    <p class='ocr_par' dir='ltr' id='par_1_22' title="bbox 495 1953 2079 2027">
     <span class='ocr_line' id='line_1_22' title="bbox 495 1953 2079 2027; baseline -0.003 -14"><span class='ocrx_word' id='word_1_144' title='bbox 495 1959 660 2015; x_wconf 90' lang='lat' dir='ltr'><strong>etiam</strong></span> <span class='ocrx_word' id='word_1_145' title='bbox 697 1958 751 2012; x_wconf 93' lang='lat' dir='ltr'><strong>in</strong></span> <span class='ocrx_word' id='word_1_146' title='bbox 789 1958 856 2012; x_wconf 91' lang='lat' dir='ltr'><strong>iis</strong></span> <span class='ocrx_word' id='word_1_147' title='bbox 891 1954 1012 2027; x_wconf 74' lang='lat' dir='ltr'><strong>qua:</strong></span> <span class='ocrx_word' id='word_1_148' title='bbox 1039 1955 1308 2010; x_wconf 90' lang='lat' dir='ltr'><strong>creaturis</strong></span> <span class='ocrx_word' id='word_1_149' title='bbox 1347 1955 1442 2009; x_wconf 87' lang='lat' dir='ltr'><strong>abs</strong></span> <span class='ocrx_word' id='word_1_150' title='bbox 1471 1969 1529 2008; x_wconf 90' lang='lat' dir='ltr'><strong>se</strong></span> <span class='ocrx_word' id='word_1_151' title='bbox 1560 1953 1795 2007; x_wconf 88' lang='lat' dir='ltr'><strong>conditis</strong></span> <span class='ocrx_word' id='word_1_152' title='bbox 1832 1954 2079 2009; x_wconf 80' lang='lat' dir='ltr'><strong>accidere</strong></span> 
     </span>
    </p>
   </div>
   <div class='ocr_carea' id='block_1_23' title="bbox 494 2044 2074 2118">
    <p class='ocr_par' dir='ltr' id='par_1_23' title="bbox 494 2044 2074 2118">
     <span class='ocr_line' id='line_1_23' title="bbox 494 2044 2074 2118; baseline -0.005 -12"><span class='ocrx_word' id='word_1_153' title='bbox 494 2049 690 2118; x_wconf 82' lang='lat' dir='ltr'><strong>solent,</strong></span> <span class='ocrx_word' id='word_1_154' title='bbox 724 2048 880 2117; x_wconf 75' lang='lat' dir='ltr'><strong>longe</strong></span> <span class='ocrx_word' id='word_1_155' title='bbox 935 2045 1235 2113; x_wconf 83' lang='lat' dir='ltr'><strong>antecellit;</strong></span> <span class='ocrx_word' id='word_1_156' title='bbox 1273 2046 1513 2116; x_wconf 89' lang='lat' dir='ltr'><strong>nullique</strong></span> <span class='ocrx_word' id='word_1_157' title='bbox 1557 2044 1633 2099; x_wconf 89' lang='lat' dir='ltr'><strong>rei</strong></span> <span class='ocrx_word' id='word_1_158' title='bbox 1672 2060 1790 2113; x_wconf 78' lang='lat' dir='ltr'><strong>qua:</strong></span> <span class='ocrx_word' id='word_1_159' title='bbox 1821 2046 2074 2099; x_wconf 88' lang='lat' dir='ltr'><strong>damnum</strong></span> 
     </span>
    </p>
   </div>
   <div class='ocr_carea' id='block_1_24' title="bbox 496 2135 2076 2210">
    <p class='ocr_par' dir='ltr' id='par_1_24' title="bbox 496 2135 2076 2210">
     <span class='ocr_line' id='line_1_24' title="bbox 496 2135 2076 2210; baseline -0.004 -14"><span class='ocrx_word' id='word_1_160' title='bbox 496 2142 700 2198; x_wconf 77' lang='lat' dir='ltr'><strong>inferre</strong></span> <span class='ocrx_word' id='word_1_161' title='bbox 749 2139 918 2210; x_wconf 83' lang='lat' dir='ltr'><strong>possit</strong></span> <span class='ocrx_word' id='word_1_162' title='bbox 964 2138 1231 2192; x_wconf 83' lang='lat' dir='ltr'><strong>obnoxius</strong></span> <span class='ocrx_word' id='word_1_163' title='bbox 1280 2147 1380 2192; x_wconf 87' lang='lat' dir='ltr'><strong>est.</strong></span> <span class='ocrx_word' id='word_1_164' title='bbox 1434 2136 1658 2192; x_wconf 84' lang='lat' dir='ltr'><strong>Deitatis</strong></span> <span class='ocrx_word' id='word_1_165' title='bbox 1711 2137 1890 2206; x_wconf 79' lang='lat' dir='ltr'><strong>itaque</strong></span> <span class='ocrx_word' id='word_1_166' title='bbox 1939 2135 2076 2191; x_wconf 88' lang='lat' dir='ltr'><strong>bona</strong></span> 
     </span>
    </p>
   </div>
   <div class='ocr_carea' id='block_1_25' title="bbox 495 2229 2078 2294">
    <p class='ocr_par' dir='ltr' id='par_1_25' title="bbox 495 2229 2078 2294">
     <span class='ocr_line' id='line_1_25' title="bbox 495 2229 2078 2294; baseline -0.003 -5"><span class='ocrx_word' id='word_1_167' title='bbox 495 2243 621 2289; x_wconf 87' lang='lat' dir='ltr'><strong>sunt</strong></span> <span class='ocrx_word' id='word_1_168' title='bbox 669 2233 820 2286; x_wconf 85' lang='lat' dir='ltr'><strong>ﬁrma</strong></span> <span class='ocrx_word' id='word_1_169' title='bbox 865 2244 928 2284; x_wconf 87' lang='lat' dir='ltr'><strong>ac</strong></span> <span class='ocrx_word' id='word_1_170' title='bbox 983 2229 1218 2283; x_wconf 72' lang='lat' dir='ltr'><strong>Stabilia.</strong></span> <span class='ocrx_word' id='word_1_171' title='bbox 1257 2230 1642 2283; x_wconf 80' lang='lat' dir='ltr'><strong>Creaturarum</strong></span> <span class='ocrx_word' id='word_1_172' title='bbox 1699 2245 1848 2294; x_wconf 84' lang='lat' dir='ltr'><strong>vero,</strong></span> <span class='ocrx_word' id='word_1_173' title='bbox 1883 2230 2078 2284; x_wconf 88' lang='lat' dir='ltr'><strong>altera-</strong></span> 
     </span>
    </p>
   </div>
   <div class='ocr_carea' id='block_1_26' title="bbox 497 2321 2076 2390">
    <p class='ocr_par' dir='ltr' id='par_1_26' title="bbox 497 2321 2076 2390">
     <span class='ocr_line' id='line_1_26' title="bbox 497 2321 2076 2390; baseline -0.004 -11"><span class='ocrx_word' id='word_1_174' title='bbox 497 2325 733 2381; x_wconf 86' lang='lat' dir='ltr'><strong>tionibus</strong></span> <span class='ocrx_word' id='word_1_175' title='bbox 783 2321 1282 2390; x_wconf 84' lang='lat' dir='ltr'><strong>mutationibusque</strong></span> <span class='ocrx_word' id='word_1_176' title='bbox 1327 2321 1589 2390; x_wconf 80' lang='lat' dir='ltr'><strong>subjecta,</strong></span> <span class='ocrx_word' id='word_1_177' title='bbox 1639 2331 1693 2374; x_wconf 90' lang='lat' dir='ltr'><strong>et</strong></span> <span class='ocrx_word' id='word_1_178' title='bbox 1745 2321 2076 2387; x_wconf 84' lang='lat' dir='ltr'><strong>corruptioui</strong></span> 
     </span>
    </p>
   </div>
   <div class='ocr_carea' id='block_1_27' title="bbox 495 2413 2076 2482">
    <p class='ocr_par' dir='ltr' id='par_1_27' title="bbox 495 2413 2076 2482">
     <span class='ocr_line' id='line_1_27' title="bbox 495 2413 2076 2482; baseline -0.003 -13"><span class='ocrx_word' id='word_1_179' title='bbox 495 2417 692 2472; x_wconf 84' lang='lat' dir='ltr'><strong>vicina.</strong></span> <span class='ocrx_word' id='word_1_180' title='bbox 720 2413 872 2482; x_wconf 86' lang='lat' dir='ltr'><strong>Quod</strong></span> <span class='ocrx_word' id='word_1_181' title='bbox 913 2414 1127 2481; x_wconf 87' lang='lat' dir='ltr'><strong>quidem</strong></span> <span class='ocrx_word' id='word_1_182' title='bbox 1168 2414 1371 2481; x_wconf 91' lang='lat' dir='ltr'><strong>optime</strong></span> <span class='ocrx_word' id='word_1_183' title='bbox 1406 2413 1714 2482; x_wconf 85' lang='lat' dir='ltr'><strong>intelligens</strong></span> <span class='ocrx_word' id='word_1_184' title='bbox 1747 2414 2076 2466; x_wconf 75' lang='lat' dir='ltr'><strong>reetissimc-</strong></span> 
     </span>
    </p>
   </div>
   <div class='ocr_carea' id='block_1_28' title="bbox 471 2501 2077 2578">
    <p class='ocr_par' dir='ltr' id='par_1_28' title="bbox 471 2501 2077 2578">
     <span class='ocr_line' id='line_1_28' title="bbox 471 2501 2077 2578; baseline -0.004 -17"><span class='ocrx_word' id='word_1_185' title='bbox 471 2521 598 2578; x_wconf 87' lang='lat' dir='ltr'><strong>_que</strong></span> <span class='ocrx_word' id='word_1_186' title='bbox 620 2521 801 2564; x_wconf 88' lang='lat' dir='ltr'><strong>secum</strong></span> <span class='ocrx_word' id='word_1_187' title='bbox 821 2505 1094 2558; x_wconf 78' lang='lat' dir='ltr'><strong>:estimans</strong></span> <span class='ocrx_word' id='word_1_188' title='bbox 1119 2505 1376 2572; x_wconf 83' lang='lat' dir='ltr'><strong>propheta</strong></span> <span class='ocrx_word' id='word_1_189' title='bbox 1397 2501 1681 2566; x_wconf 78' lang='lat' dir='ltr'><strong>Jeremias,</strong></span> <span class='ocrx_word' id='word_1_190' title='bbox 1709 2503 1780 2556; x_wconf 89' lang='lat' dir='ltr'><strong>ita</strong></span> <span class='ocrx_word' id='word_1_191' title='bbox 1815 2503 1878 2556; x_wconf 89' lang='lat' dir='ltr'><strong>ad</strong></span> <span class='ocrx_word' id='word_1_192' title='bbox 1913 2502 2077 2556; x_wconf 82' lang='lat' dir='ltr'><strong>Deum</strong></span> 
     </span>
    </p>
   </div>
   <div class='ocr_carea' id='block_1_29' title="bbox 494 2592 2076 2664">
    <p class='ocr_par' dir='ltr' id='par_1_29' title="bbox 494 2592 2076 2664">
     <span class='ocr_line' id='line_1_29' title="bbox 494 2592 2076 2664; baseline -0.005 -11"><span class='ocrx_word' id='word_1_193' title='bbox 494 2599 801 2654; x_wconf 79' lang='lat' dir='ltr'><strong>exclamat:</strong></span> <span class='ocrx_word' id='word_1_194' title='bbox 837 2596 916 2650; x_wconf 88' lang='lat' dir='ltr'><strong>Ttt</strong></span> <span class='ocrx_word' id='word_1_195' title='bbox 965 2596 1184 2664; x_wconf 86' lang='lat' dir='ltr'><strong>qui-ient</strong></span> <span class='ocrx_word' id='word_1_196' title='bbox 1228 2592 1469 2648; x_wconf 86' lang='lat' dir='ltr'><strong>insidens</strong></span> <span class='ocrx_word' id='word_1_197' title='bbox 1502 2594 1756 2647; x_wconf 67' lang='lat' dir='ltr'><strong>saeculum</strong></span> <span class='ocrx_word' id='word_1_198' title='bbox 1791 2612 1802 2646; x_wconf 95' lang='lat'>:</span> <span class='ocrx_word' id='word_1_199' title='bbox 1844 2611 1940 2646; x_wconf 87' lang='lat' dir='ltr'><strong>nos</strong></span> <span class='ocrx_word' id='word_1_200' title='bbox 1986 2611 2076 2645; x_wconf 88' lang='lat' dir='ltr'><strong>au-</strong></span> 
     </span>
    </p>
   </div>
   <div class='ocr_carea' id='block_1_30' title="bbox 503 2681 2078 2758">
    <p class='ocr_par' dir='ltr' id='par_1_30' title="bbox 503 2681 2078 2758">
     <span class='ocr_line' id='line_1_30' title="bbox 503 2681 2078 2758; baseline -0.006 -14"><span class='ocrx_word' id='word_1_201' title='bbox 503 2703 605 2744; x_wconf 84' lang='lat' dir='ltr'><strong>tem</strong></span> <span class='ocrx_word' id='word_1_202' title='bbox 635 2690 921 2758; x_wconf 88' lang='lat' dir='ltr'><strong>perdentes</strong></span> <span class='ocrx_word' id='word_1_203' title='bbox 957 2687 1233 2740; x_wconf 73' lang='lat' dir='ltr'><strong>szt-enlnm.</strong></span> <span class='ocrx_word' id='word_1_204' title='bbox 1283 2681 1448 2736; x_wconf 87' lang='lat' dir='ltr'><strong>Sedet</strong></span> <span class='ocrx_word' id='word_1_205' title='bbox 1491 2684 1634 2737; x_wconf 90' lang='lat' dir='ltr'><strong>enim</strong></span> <span class='ocrx_word' id='word_1_206' title='bbox 1672 2682 1832 2737; x_wconf 80' lang='lat' dir='ltr'><strong>veluti</strong></span> <span class='ocrx_word' id='word_1_207' title='bbox 1869 2683 1918 2735; x_wconf 93' lang='lat' dir='ltr'><strong>in</strong></span> <span class='ocrx_word' id='word_1_208' title='bbox 1953 2699 2078 2750; x_wconf 85' lang='lat' dir='ltr'><strong>pro-</strong></span> 
     </span>
    </p>
   </div>
   <div class='ocr_carea' id='block_1_31' title="bbox 497 2775 2080 2850">
    <p class='ocr_par' dir='ltr' id='par_1_31' title="bbox 497 2775 2080 2850">
     <span class='ocr_line' id='line_1_31' title="bbox 497 2775 2080 2850; baseline -0.005 -17"><span class='ocrx_word' id='word_1_209' title='bbox 497 2782 626 2850; x_wconf 86' lang='lat' dir='ltr'><strong>priis</strong></span> <span class='ocrx_word' id='word_1_210' title='bbox 655 2783 872 2836; x_wconf 77' lang='lat' dir='ltr'><strong>sedibus</strong></span> <span class='ocrx_word' id='word_1_211' title='bbox 895 2795 1106 2848; x_wconf 79' lang='lat' dir='ltr'><strong>semper</strong></span> <span class='ocrx_word' id='word_1_212' title='bbox 1132 2777 1292 2843; x_wconf 83' lang='lat' dir='ltr'><strong>Deus,</strong></span> <span class='ocrx_word' id='word_1_213' title='bbox 1318 2777 1600 2830; x_wconf 87' lang='lat' dir='ltr'><strong>dominans</strong></span> <span class='ocrx_word' id='word_1_214' title='bbox 1622 2784 1781 2844; x_wconf 86' lang='lat' dir='ltr'><strong>atque</strong></span> <span class='ocrx_word' id='word_1_215' title='bbox 1807 2775 2080 2843; x_wconf 85' lang='lat' dir='ltr'><strong>imperans</strong></span> 
     </span>
    </p>
   </div>
   <div class='ocr_carea' id='block_1_32' title="bbox 495 2867 2075 2940">
    <p class='ocr_par' dir='ltr' id='par_1_32' title="bbox 495 2867 2075 2940">
     <span class='ocr_line' id='line_1_32' title="bbox 495 2867 2075 2940; baseline -0.008 -13"><span class='ocrx_word' id='word_1_216' title='bbox 495 2873 766 2937; x_wconf 80' lang='lat' dir='ltr'><strong>omnibus,</strong></span> <span class='ocrx_word' id='word_1_217' title='bbox 803 2872 1054 2940; x_wconf 84' lang='lat' dir='ltr'><strong>nullaque</strong></span> <span class='ocrx_word' id='word_1_218' title='bbox 1092 2869 1303 2924; x_wconf 74' lang='lat' dir='ltr'><strong>:ill&#39;ectio</strong></span> <span class='ocrx_word' id='word_1_219' title='bbox 1334 2869 1386 2921; x_wconf 92' lang='lat' dir='ltr'><strong>in</strong></span> <span class='ocrx_word' id='word_1_220' title='bbox 1417 2883 1538 2922; x_wconf 88' lang='lat' dir='ltr'><strong>eum</strong></span> <span class='ocrx_word' id='word_1_221' title='bbox 1574 2868 1858 2937; x_wconf 84' lang='lat' dir='ltr'><strong>imperium</strong></span> <span class='ocrx_word' id='word_1_222' title='bbox 1896 2867 2075 2920; x_wconf 81' lang='lat' dir='ltr'><strong>habet.</strong></span> 
     </span>
    </p>
   </div>
   <div class='ocr_carea' id='block_1_33' title="bbox 495 2961 2080 3030">
    <p class='ocr_par' dir='ltr' id='par_1_33' title="bbox 495 2961 2080 3030">
     <span class='ocr_line' id='line_1_33' title="bbox 495 2961 2080 3030; baseline -0.006 -11"><span class='ocrx_word' id='word_1_223' title='bbox 495 2964 604 3020; x_wconf 83' lang='lat' dir='ltr'><strong>Nos</strong></span> <span class='ocrx_word' id='word_1_224' title='bbox 635 2981 759 3019; x_wconf 84' lang='lat' dir='ltr'><strong>rero</strong></span> <span class='ocrx_word' id='word_1_225' title='bbox 792 2981 914 3018; x_wconf 88' lang='lat' dir='ltr'><strong>cum</strong></span> <span class='ocrx_word' id='word_1_226' title='bbox 952 2974 1139 3016; x_wconf 88' lang='lat' dir='ltr'><strong>natura</strong></span> <span class='ocrx_word' id='word_1_227' title='bbox 1181 2961 1386 3030; x_wconf 73' lang='lat' dir='ltr'><strong>praediti</strong></span> <span class='ocrx_word' id='word_1_228' title='bbox 1419 2963 1590 3015; x_wconf 87' lang='lat' dir='ltr'><strong>simus</strong></span> <span class='ocrx_word' id='word_1_229' title='bbox 1637 2975 1797 3030; x_wconf 81' lang='lat' dir='ltr'><strong>quam</strong></span> <span class='ocrx_word' id='word_1_230' title='bbox 1848 2961 2080 3011; x_wconf 86' lang='lat' dir='ltr'><strong>maxime</strong></span> 
     </span>
    </p>
   </div>
   <div class='ocr_carea' id='block_1_34' title="bbox 497 3048 2078 3118">
    <p class='ocr_par' dir='ltr' id='par_1_34' title="bbox 497 3048 2078 3118">
     <span class='ocr_line' id='line_1_34' title="bbox 497 3048 2078 3118; baseline -0.003 -12"><span class='ocrx_word' id='word_1_231' title='bbox 497 3056 564 3109; x_wconf 85' lang='lat' dir='ltr'><strong>ad</strong></span> <span class='ocrx_word' id='word_1_232' title='bbox 610 3053 986 3108; x_wconf 86' lang='lat' dir='ltr'><strong>alterationem</strong></span> <span class='ocrx_word' id='word_1_233' title='bbox 1032 3050 1494 3116; x_wconf 77' lang='lat' dir='ltr'><strong>ntutationcmquc</strong></span> <span class='ocrx_word' id='word_1_234' title='bbox 1529 3048 1770 3118; x_wconf 86' lang='lat' dir='ltr'><strong>proclivi,</strong></span> <span class='ocrx_word' id='word_1_235' title='bbox 1804 3048 2078 3115; x_wconf 87' lang='lat' dir='ltr'><strong>perdimus</strong></span> 
     </span>
    </p>
   </div>
   <div class='ocr_carea' id='block_1_35' title="bbox 498 3139 2074 3210">
    <p class='ocr_par' dir='ltr' id='par_1_35' title="bbox 498 3139 2074 3210">
     <span class='ocr_line' id='line_1_35' title="bbox 498 3139 2074 3210; baseline -0.002 -13"><span class='ocrx_word' id='word_1_236' title='bbox 498 3145 772 3206; x_wconf 74' lang='lat' dir='ltr'><strong>saeculum,</strong></span> <span class='ocrx_word' id='word_1_237' title='bbox 811 3145 909 3196; x_wconf 83' lang='lat' dir='ltr'><strong>hoc</strong></span> <span class='ocrx_word' id='word_1_238' title='bbox 938 3149 1042 3204; x_wconf 67' lang='lat' dir='ltr'><strong>est,</strong></span> <span class='ocrx_word' id='word_1_239' title='bbox 1093 3143 1142 3193; x_wconf 92' lang='lat' dir='ltr'><strong>in</strong></span> <span class='ocrx_word' id='word_1_240' title='bbox 1191 3140 1380 3210; x_wconf 75' lang='lat' dir='ltr'><strong>quovis</strong></span> <span class='ocrx_word' id='word_1_241' title='bbox 1422 3151 1664 3208; x_wconf 89' lang='lat' dir='ltr'><strong>tempore</strong></span> <span class='ocrx_word' id='word_1_242' title='bbox 1698 3139 2074 3207; x_wconf 85' lang='lat' dir='ltr'><strong>corruptibiles</strong></span> 
     </span>
    </p>
   </div>
   <div class='ocr_carea' id='block_1_36' title="bbox 500 3231 2072 3302">
    <p class='ocr_par' dir='ltr' id='par_1_36' title="bbox 500 3231 2072 3302">
     <span class='ocr_line' id='line_1_36' title="bbox 500 3231 2072 3302; baseline -0.006 -11"><span class='ocrx_word' id='word_1_243' title='bbox 500 3237 889 3302; x_wconf 87' lang='lat' dir='ltr'><strong>Inutabilesque</strong></span> <span class='ocrx_word' id='word_1_244' title='bbox 914 3248 1120 3285; x_wconf 83' lang='lat' dir='ltr'><strong>sumus.</strong></span> <span class='ocrx_word' id='word_1_245' title='bbox 1178 3231 1360 3285; x_wconf 83' lang='lat' dir='ltr'><strong>Deitas</strong></span> <span class='ocrx_word' id='word_1_246' title='bbox 1408 3232 1589 3300; x_wconf 84' lang='lat' dir='ltr'><strong>itaque</strong></span> <span class='ocrx_word' id='word_1_247' title='bbox 1641 3232 1788 3284; x_wconf 89' lang='lat' dir='ltr'><strong>nullo</strong></span> <span class='ocrx_word' id='word_1_248' title='bbox 1839 3246 2072 3299; x_wconf 83' lang='lat' dir='ltr'><strong>unquam</strong></span> 
     </span>
    </p>
   </div>
   <div class='ocr_carea' id='block_1_37' title="bbox 501 3323 2073 3397">
    <p class='ocr_par' dir='ltr' id='par_1_37' title="bbox 501 3323 2073 3397">
     <span class='ocr_line' id='line_1_37' title="bbox 501 3323 2073 3397; baseline -0.002 -19"><span class='ocrx_word' id='word_1_249' title='bbox 501 3343 738 3397; x_wconf 74' lang='lat' dir='ltr'><strong>tempore</strong></span> <span class='ocrx_word' id='word_1_250' title='bbox 785 3328 979 3380; x_wconf 85' lang='lat' dir='ltr'><strong>mutari</strong></span> <span class='ocrx_word' id='word_1_251' title='bbox 1017 3336 1212 3394; x_wconf 85' lang='lat' dir='ltr'><strong>potest,</strong></span> <span class='ocrx_word' id='word_1_252' title='bbox 1249 3340 1426 3394; x_wconf 88' lang='lat' dir='ltr'><strong>neque</strong></span> <span class='ocrx_word' id='word_1_253' title='bbox 1454 3326 1557 3377; x_wconf 80' lang='lat' dir='ltr'><strong>ulla</strong></span> <span class='ocrx_word' id='word_1_254' title='bbox 1606 3323 1886 3378; x_wconf 65' lang='lat' dir='ltr'><strong>allectione</strong></span> <span class='ocrx_word' id='word_1_255' title='bbox 1919 3342 1947 3377; x_wconf 91' lang='lat' dir='ltr'><strong>a</strong></span> <span class='ocrx_word' id='word_1_256' title='bbox 1981 3341 2073 3378; x_wconf 87' lang='lat' dir='ltr'><strong>sua</strong></span> 
     </span>
    </p>
   </div>
   <div class='ocr_carea' id='block_1_38' title="bbox 501 3415 2074 3483">
    <p class='ocr_par' dir='ltr' id='par_1_38' title="bbox 501 3415 2074 3483">
     <span class='ocr_line' id='line_1_38' title="bbox 501 3415 2074 3483; baseline -0.002 -13"><span class='ocrx_word' id='word_1_257' title='bbox 501 3421 754 3472; x_wconf 80' lang='lat' dir='ltr'><strong>ﬁrmitate</strong></span> <span class='ocrx_word' id='word_1_258' title='bbox 784 3418 1072 3480; x_wconf 76' lang='lat' dir='ltr'><strong>dimoveri;</strong></span> <span class='ocrx_word' id='word_1_259' title='bbox 1097 3433 1125 3468; x_wconf 72' lang='grc' dir='ltr'><strong>ρ</strong></span> <span class='ocrx_word' id='word_1_260' title='bbox 1149 3417 1424 3469; x_wconf 79' lang='lat' dir='ltr'><strong>corttrariu</strong></span> <span class='ocrx_word' id='word_1_261' title='bbox 1444 3415 1814 3483; x_wconf 87' lang='lat' dir='ltr'><strong>corruptibilis</strong></span> <span class='ocrx_word' id='word_1_262' title='bbox 1842 3417 2074 3468; x_wconf 86' lang='lat' dir='ltr'><strong>mutabi-</strong></span> 
     </span>
    </p>
   </div>
   <div class='ocr_carea' id='block_1_39' title="bbox 504 3508 2072 3575">
    <p class='ocr_par' dir='ltr' id='par_1_39' title="bbox 504 3508 2072 3575">
     <span class='ocr_line' id='line_1_39' title="bbox 504 3508 2072 3575; baseline -0.001 -16"><span class='ocrx_word' id='word_1_263' title='bbox 504 3513 692 3575; x_wconf 48' lang='lat' dir='ltr'><strong>liniue,</strong></span> <span class='ocrx_word' id='word_1_264' title='bbox 740 3512 839 3561; x_wconf 85' lang='lat' dir='ltr'><strong>boe</strong></span> <span class='ocrx_word' id='word_1_265' title='bbox 889 3517 988 3571; x_wconf 84' lang='lat' dir='ltr'><strong>est,</strong></span> <span class='ocrx_word' id='word_1_266' title='bbox 1028 3519 1206 3560; x_wconf 71' lang='lat' dir='ltr'><strong>creata</strong></span> <span class='ocrx_word' id='word_1_267' title='bbox 1247 3516 1463 3569; x_wconf 88' lang='lat' dir='ltr'><strong>natura,</strong></span> <span class='ocrx_word' id='word_1_268' title='bbox 1516 3509 1788 3561; x_wconf 80' lang='lat' dir='ltr'><strong>essentiali</strong></span> <span class='ocrx_word' id='word_1_269' title='bbox 1828 3508 2072 3561; x_wconf 59' lang='lat' dir='ltr'><strong>immuta.</strong></span> 
     </span>
    </p>
   </div>
   <div class='ocr_carea' id='block_1_40' title="bbox 504 3601 2076 3668">
    <p class='ocr_par' dir='ltr' id='par_1_40' title="bbox 504 3601 2076 3668">
     <span class='ocr_line' id='line_1_40' title="bbox 504 3601 2076 3668; baseline 0 -16"><span class='ocrx_word' id='word_1_270' title='bbox 504 3604 706 3653; x_wconf 84' lang='lat' dir='ltr'><strong>bititate</strong></span> <span class='ocrx_word' id='word_1_271' title='bbox 730 3601 951 3668; x_wconf 71' lang='lat' dir='ltr'><strong>praedita</strong></span> <span class='ocrx_word' id='word_1_272' title='bbox 975 3613 1097 3652; x_wconf 80' lang='lat' dir='ltr'><strong>esse</strong></span> <span class='ocrx_word' id='word_1_273' title='bbox 1121 3615 1225 3653; x_wconf 91' lang='lat' dir='ltr'><strong>non</strong></span> <span class='ocrx_word' id='word_1_274' title='bbox 1249 3609 1442 3668; x_wconf 84' lang='lat' dir='ltr'><strong>potest,</strong></span> <span class='ocrx_word' id='word_1_275' title='bbox 1462 3614 1634 3667; x_wconf 90' lang='lat' dir='ltr'><strong>neque</strong></span> <span class='ocrx_word' id='word_1_276' title='bbox 1659 3601 1851 3653; x_wconf 77' lang='lat' dir='ltr'><strong>divina:</strong></span> <span class='ocrx_word' id='word_1_277' title='bbox 1875 3612 2076 3652; x_wconf 74' lang='lat' dir='ltr'><strong>natura:</strong></span> 
     </span>
    </p>
   </div>
   <div class='ocr_carea' id='block_1_41' title="bbox 502 3689 2073 3758">
    <p class='ocr_par' dir='ltr' id='par_1_41' title="bbox 502 3689 2073 3758">
     <span class='ocr_line' id='line_1_41' title="bbox 502 3689 2073 3758; baseline -0.001 -15"><span class='ocrx_word' id='word_1_278' title='bbox 502 3696 764 3744; x_wconf 84' lang='lat' dir='ltr'><strong>bonorum</strong></span> <span class='ocrx_word' id='word_1_279' title='bbox 796 3689 1134 3758; x_wconf 73' lang='lat' dir='ltr'><strong>possessione</strong></span> <span class='ocrx_word' id='word_1_280' title='bbox 1161 3689 1402 3758; x_wconf 81' lang='lat' dir='ltr'><strong>gloriari.</strong></span> <span class='ocrx_word' id='word_1_281' title='bbox 1432 3689 1624 3743; x_wconf 76' lang='lat' dir='ltr'><strong>Audiet</strong></span> <span class='ocrx_word' id='word_1_282' title='bbox 1657 3689 1799 3743; x_wconf 86' lang='lat' dir='ltr'><strong>enim</strong></span> <span class='ocrx_word' id='word_1_283' title='bbox 1838 3691 2030 3742; x_wconf 82' lang='lat' dir='ltr'><strong>merito</strong></span> <span class='ocrx_word' id='word_1_284' title='bbox 2063 3708 2073 3741; x_wconf 94' lang='lat'>:</span> 
     </span>
    </p>
   </div>
   <div class='ocr_carea' id='block_1_42' title="bbox 498 3779 2069 3854">
    <p class='ocr_par' dir='ltr' id='par_1_42' title="bbox 498 3779 2069 3854">
     <span class='ocr_line' id='line_1_42' title="bbox 498 3779 2069 3854; baseline -0.001 -22"><span class='ocrx_word' id='word_1_285' title='bbox 498 3781 664 3854; x_wconf 66' lang='grc'><strong>684</strong></span> <span class='ocrx_word' id='word_1_286' title='bbox 707 3780 887 3847; x_wconf 74' lang='lat' dir='ltr'><strong>iQuid</strong></span> <span class='ocrx_word' id='word_1_287' title='bbox 937 3780 1079 3833; x_wconf 85' lang='lat' dir='ltr'><strong>enim</strong></span> <span class='ocrx_word' id='word_1_288' title='bbox 1131 3780 1330 3844; x_wconf 86' lang='lat' dir='ltr'><strong>babes,</strong></span> <span class='ocrx_word' id='word_1_289' title='bbox 1381 3779 1521 3848; x_wconf 91' lang='lat' dir='ltr'><strong>quod</strong></span> <span class='ocrx_word' id='word_1_290' title='bbox 1579 3796 1683 3832; x_wconf 80' lang='lat' dir='ltr'><strong>non</strong></span> <span class='ocrx_word' id='word_1_291' title='bbox 1739 3781 2069 3848; x_wconf 66' lang='lat' dir='ltr'><strong>accepisti?»</strong></span> 
     </span>
    </p>
   </div>
   <div class='ocr_carea' id='block_1_43' title="bbox 498 3870 2073 3940">
    <p class='ocr_par' dir='ltr' id='par_1_43' title="bbox 498 3870 2073 3940">
     <span class='ocr_line' id='line_1_43' title="bbox 498 3870 2073 3940; baseline 0 -16"><span class='ocrx_word' id='word_1_292' title='bbox 498 3877 648 3940; x_wconf 55' lang='grc' dir='ltr'>ρλυιί</span> <span class='ocrx_word' id='word_1_293' title='bbox 687 3888 812 3927; x_wconf 84' lang='lat' dir='ltr'><strong>vero</strong></span> <span class='ocrx_word' id='word_1_294' title='bbox 850 3872 1200 3926; x_wconf 86' lang='lat' dir='ltr'><strong>immutabilis</strong></span> <span class='ocrx_word' id='word_1_295' title='bbox 1253 3873 1474 3926; x_wconf 89' lang='lat' dir='ltr'><strong>omnino</strong></span> <span class='ocrx_word' id='word_1_296' title='bbox 1533 3874 1605 3926; x_wconf 83' lang='lat' dir='ltr'><strong>sit</strong></span> <span class='ocrx_word' id='word_1_297' title='bbox 1653 3870 1810 3924; x_wconf 80' lang='lat' dir='ltr'><strong>Verbi</strong></span> <span class='ocrx_word' id='word_1_298' title='bbox 1851 3884 2073 3934; x_wconf 86' lang='lat' dir='ltr'><strong>natura,</strong></span> 
     </span>
    </p>
   </div>
   <div class='ocr_carea' id='block_1_44' title="bbox 502 3965 2077 4035">
    <p class='ocr_par' dir='ltr' id='par_1_44' title="bbox 502 3965 2077 4035">
     <span class='ocr_line' id='line_1_44' title="bbox 502 3965 2077 4035; baseline -0.001 -16"><span class='ocrx_word' id='word_1_299' title='bbox 502 3967 773 4020; x_wconf 77' lang='lat' dir='ltr'><strong>mutabilis</strong></span> <span class='ocrx_word' id='word_1_300' title='bbox 813 3977 988 4019; x_wconf 87' lang='lat' dir='ltr'><strong>autem</strong></span> <span class='ocrx_word' id='word_1_301' title='bbox 1037 3981 1259 4035; x_wconf 85' lang='lat' dir='ltr'><strong>prorsus</strong></span> <span class='ocrx_word' id='word_1_302' title='bbox 1307 3974 1511 4028; x_wconf 82' lang='lat' dir='ltr'><strong>creata,</strong></span> <span class='ocrx_word' id='word_1_303' title='bbox 1552 3965 1805 4018; x_wconf 77' lang='lat' dir='ltr'><strong>facillime</strong></span> <span class='ocrx_word' id='word_1_304' title='bbox 1845 3966 1964 4031; x_wconf 89' lang='lat' dir='ltr'><strong>quis</strong></span> <span class='ocrx_word' id='word_1_305' title='bbox 1998 3965 2077 4017; x_wconf 93' lang='lat' dir='ltr'><strong>in-</strong></span> 
     </span>
    </p>
   </div>
   <div class='ocr_carea' id='block_1_45' title="bbox 504 4058 2076 4130">
    <p class='ocr_par' dir='ltr' id='par_1_45' title="bbox 504 4058 2076 4130">
     <span class='ocr_line' id='line_1_45' title="bbox 504 4058 2076 4130; baseline -0.003 -17"><span class='ocrx_word' id='word_1_306' title='bbox 504 4061 707 4130; x_wconf 72' lang='lat' dir='ltr'><strong>telligat</strong></span> <span class='ocrx_word' id='word_1_307' title='bbox 749 4076 779 4113; x_wconf 78' lang='grc' dir='ltr'><strong>ο</strong></span> <span class='ocrx_word' id='word_1_308' title='bbox 817 4060 1014 4113; x_wconf 71' lang='grc' dir='ltr'>υιιιὶύυ</span> <span class='ocrx_word' id='word_1_309' title='bbox 1061 4059 1110 4112; x_wconf 92' lang='lat' dir='ltr'><strong>in</strong></span> <span class='ocrx_word' id='word_1_310' title='bbox 1159 4059 1348 4128; x_wconf 78' lang='lat' dir='ltr'><strong>spiritu</strong></span> <span class='ocrx_word' id='word_1_311' title='bbox 1395 4070 1624 4112; x_wconf 87' lang='lat' dir='ltr'><strong>canente</strong></span> <span class='ocrx_word' id='word_1_312' title='bbox 1667 4077 1681 4111; x_wconf 87' lang='lat'>:</span> <span class='ocrx_word' id='word_1_313' title='bbox 1726 4076 1745 4108; x_wconf 87' lang='grc'><em>‹</em></span> <span class='ocrx_word' id='word_1_314' title='bbox 1776 4058 1906 4112; x_wconf 70' lang='lat' dir='ltr'><strong>Cteli</strong></span> <span class='ocrx_word' id='word_1_315' title='bbox 1953 4073 2076 4125; x_wconf 83' lang='lat' dir='ltr'><strong>pcr-</strong></span> 
     </span>
    </p>
   </div>
   <div class='ocr_carea' id='block_1_46' title="bbox 497 4151 2075 4217">
    <p class='ocr_par' dir='ltr' id='par_1_46' title="bbox 497 4151 2075 4217">
     <span class='ocr_line' id='line_1_46' title="bbox 497 4151 2075 4217; baseline -0.002 -14"><span class='ocrx_word' id='word_1_316' title='bbox 497 4152 672 4213; x_wconf 86' lang='lat' dir='ltr'><strong>ibunt,</strong></span> <span class='ocrx_word' id='word_1_317' title='bbox 726 4161 778 4204; x_wconf 89' lang='lat' dir='ltr'><strong>tu</strong></span> <span class='ocrx_word' id='word_1_318' title='bbox 820 4163 1000 4202; x_wconf 88' lang='lat' dir='ltr'><strong>autem</strong></span> <span class='ocrx_word' id='word_1_319' title='bbox 1056 4151 1420 4217; x_wconf 87' lang='lat' dir='ltr'><strong>permanebis,</strong></span> <span class='ocrx_word' id='word_1_320' title='bbox 1455 4159 1510 4203; x_wconf 81' lang='lat' dir='ltr'><strong>et</strong></span> <span class='ocrx_word' id='word_1_321' title='bbox 1555 4165 1744 4204; x_wconf 87' lang='lat' dir='ltr'><strong>oumcs</strong></span> <span class='ocrx_word' id='word_1_322' title='bbox 1799 4157 1855 4202; x_wconf 91' lang='lat' dir='ltr'><strong>ut</strong></span> <span class='ocrx_word' id='word_1_323' title='bbox 1912 4151 2075 4203; x_wconf 76' lang='lat' dir='ltr'><strong>vesti-</strong></span> 
     </span>
    </p>
   </div>
   <div class='ocr_carea' id='block_1_47' title="bbox 499 4241 2070 4307">
    <p class='ocr_par' dir='ltr' id='par_1_47' title="bbox 499 4241 2070 4307">
     <span class='ocr_line' id='line_1_47' title="bbox 499 4241 2070 4307; baseline -0.003 -14"><span class='ocrx_word' id='word_1_324' title='bbox 499 4253 738 4293; x_wconf 85' lang='lat' dir='ltr'><strong>tttcttlutn</strong></span> <span class='ocrx_word' id='word_1_325' title='bbox 791 4252 1133 4293; x_wconf 73' lang='lat' dir='ltr'><strong>Vetet&#39;ascent</strong></span> <span class='ocrx_word' id='word_1_326' title='bbox 1190 4257 1202 4290; x_wconf 91' lang='lat'><strong><em>:</em></strong></span> <span class='ocrx_word' id='word_1_327' title='bbox 1252 4250 1306 4293; x_wconf 77' lang='lat' dir='ltr'><strong>et</strong></span> <span class='ocrx_word' id='word_1_328' title='bbox 1362 4241 1502 4293; x_wconf 85' lang='lat' dir='ltr'><strong>sicut</strong></span> <span class='ocrx_word' id='word_1_329' title='bbox 1555 4242 1884 4307; x_wconf 77' lang='lat' dir='ltr'><strong>opertorium</strong></span> <span class='ocrx_word' id='word_1_330' title='bbox 1954 4256 2070 4292; x_wconf 87' lang='lat' dir='ltr'><strong>lttu-</strong></span> 
     </span>
    </p>
   </div>
   <div class='ocr_carea' id='block_1_48' title="bbox 500 4329 2070 4396">
    <p class='ocr_par' dir='ltr' id='par_1_48' title="bbox 500 4329 2070 4396">
     <span class='ocr_line' id='line_1_48' title="bbox 500 4329 2070 4396; baseline -0.001 -14"><span class='ocrx_word' id='word_1_331' title='bbox 500 4332 638 4382; x_wconf 86' lang='lat' dir='ltr'><strong>tabis</strong></span> <span class='ocrx_word' id='word_1_332' title='bbox 667 4345 783 4394; x_wconf 77' lang='lat' dir='ltr'><strong>eos,</strong></span> <span class='ocrx_word' id='word_1_333' title='bbox 817 4340 869 4380; x_wconf 91' lang='lat' dir='ltr'><strong>et</strong></span> <span class='ocrx_word' id='word_1_334' title='bbox 915 4331 1284 4382; x_wconf 88' lang='lat' dir='ltr'><strong>mutabuntur.</strong></span> <span class='ocrx_word' id='word_1_335' title='bbox 1324 4329 1401 4382; x_wconf 84' lang='lat' dir='ltr'><strong>Tu</strong></span> <span class='ocrx_word' id='word_1_336' title='bbox 1443 4338 1619 4382; x_wconf 87' lang='lat' dir='ltr'><strong>autem</strong></span> <span class='ocrx_word' id='word_1_337' title='bbox 1673 4330 1811 4382; x_wconf 89' lang='lat' dir='ltr'><strong>idem</strong></span> <span class='ocrx_word' id='word_1_338' title='bbox 1853 4331 1963 4396; x_wconf 91' lang='lat' dir='ltr'><strong>ipse</strong></span> <span class='ocrx_word' id='word_1_339' title='bbox 1994 4346 2070 4394; x_wconf 87' lang='lat' dir='ltr'><strong>es,</strong></span> 
     </span>
    </p>
   </div>
   <div class='ocr_carea' id='block_1_49' title="bbox 2171 496 3747 568">
    <p class='ocr_par' dir='ltr' id='par_1_49' title="bbox 2171 496 3747 568">
     <span class='ocr_line' id='line_1_49' title="bbox 2171 496 3747 568; baseline 0.001 -19"><span class='ocrx_word' id='word_1_340' title='bbox 2171 496 2361 568; x_wconf 82' lang='grc' dir='ltr'>ὥσπερ</span> <span class='ocrx_word' id='word_1_341' title='bbox 2395 498 2514 550; x_wconf 77' lang='grc' dir='ltr'>ἐνὸν</span> <span class='ocrx_word' id='word_1_342' title='bbox 2545 498 2730 560; x_wconf 77' lang='grc' dir='ltr'>αὐτοῖς</span> <span class='ocrx_word' id='word_1_343' title='bbox 2761 498 2828 549; x_wconf 75' lang='grc' dir='ltr'>τὰ</span> <span class='ocrx_word' id='word_1_344' title='bbox 2857 496 3064 567; x_wconf 81' lang='grc' dir='ltr'>ἀμείνω</span> <span class='ocrx_word' id='word_1_345' title='bbox 3094 498 3341 566; x_wconf 82' lang='grc' dir='ltr'>φρονεῖν,</span> <span class='ocrx_word' id='word_1_346' title='bbox 3384 498 3475 548; x_wconf 76' lang='grc' dir='ltr'><strong>καὶ</strong></span> <span class='ocrx_word' id='word_1_347' title='bbox 3511 500 3621 560; x_wconf 81' lang='grc' dir='ltr'>τοῖς</span> <span class='ocrx_word' id='word_1_348' title='bbox 3648 498 3747 564; x_wconf 73' lang='grc' dir='ltr'>τῆς</span> 
     </span>
    </p>
   </div>
   <div class='ocr_carea' id='block_1_50' title="bbox 2174 587 3749 658">
    <p class='ocr_par' dir='ltr' id='par_1_50' title="bbox 2174 587 3749 658">
     <span class='ocr_line' id='line_1_50' title="bbox 2174 587 3749 658; baseline 0 -18"><span class='ocrx_word' id='word_1_349' title='bbox 2174 589 2364 658; x_wconf 82' lang='grc' dir='ltr'>σοφίας</span> <span class='ocrx_word' id='word_1_350' title='bbox 2391 589 2682 658; x_wconf 76' lang='grc' dir='ltr'><strong>ἐπιτιμῶσι</strong></span> <span class='ocrx_word' id='word_1_351' title='bbox 2709 587 3015 656; x_wconf 84' lang='grc' dir='ltr'>σκέμμασι.</span> <span class='ocrx_word' id='word_1_352' title='bbox 3043 589 3131 656; x_wconf 80' lang='grc' dir='ltr'><strong>Μὴ</strong></span> <span class='ocrx_word' id='word_1_353' title='bbox 3169 588 3277 654; x_wconf 75' lang='grc' dir='ltr'>γὰρ</span> <span class='ocrx_word' id='word_1_354' title='bbox 3307 588 3370 656; x_wconf 83' lang='grc' dir='ltr'><strong>δὴ</strong></span> <span class='ocrx_word' id='word_1_355' title='bbox 3411 587 3604 657; x_wconf 80' lang='grc' dir='ltr'>χρῆναι</span> <span class='ocrx_word' id='word_1_356' title='bbox 3655 587 3749 640; x_wconf 87' lang='grc' dir='ltr'>λέ-</span> 
     </span>
    </p>
   </div>
   <div class='ocr_carea' id='block_1_51' title="bbox 2171 681 3752 752">
    <p class='ocr_par' dir='ltr' id='par_1_51' title="bbox 2171 681 3752 752">
     <span class='ocr_line' id='line_1_51' title="bbox 2171 681 3752 752; baseline -0.001 -17"><span class='ocrx_word' id='word_1_357' title='bbox 2171 699 2360 750; x_wconf 80' lang='grc' dir='ltr'>γουσιν</span> <span class='ocrx_word' id='word_1_358' title='bbox 2389 683 2552 736; x_wconf 80' lang='grc' dir='ltr'>ὠδῖνα</span> <span class='ocrx_word' id='word_1_359' title='bbox 2582 684 2674 736; x_wconf 74' lang='grc' dir='ltr'><strong>καὶ</strong></span> <span class='ocrx_word' id='word_1_360' title='bbox 2703 683 2859 734; x_wconf 84' lang='grc' dir='ltr'>τόκον</span> <span class='ocrx_word' id='word_1_361' title='bbox 2886 682 2976 734; x_wconf 75' lang='grc' dir='ltr'><strong>τὸν</strong></span> <span class='ocrx_word' id='word_1_362' title='bbox 3003 683 3066 734; x_wconf 82' lang='grc' dir='ltr'>ὲκ</span> <span class='ocrx_word' id='word_1_363' title='bbox 3097 681 3350 750; x_wconf 70' lang='grc' dir='ltr'>γυναικὸς</span> <span class='ocrx_word' id='word_1_364' title='bbox 3381 683 3752 752; x_wconf 74' lang='grc' dir='ltr'><strong>καταγράφειν</strong></span> 
     </span>
    </p>
   </div>
   <div class='ocr_carea' id='block_1_52' title="bbox 2174 772 3748 844">
    <p class='ocr_par' dir='ltr' id='par_1_52' title="bbox 2174 772 3748 844">
     <span class='ocr_line' id='line_1_52' title="bbox 2174 772 3748 844; baseline -0.001 -17"><span class='ocrx_word' id='word_1_365' title='bbox 2174 775 2322 844; x_wconf 80' lang='grc' dir='ltr'>ἡμᾶς</span> <span class='ocrx_word' id='word_1_366' title='bbox 2349 774 2443 827; x_wconf 80' lang='grc' dir='ltr'><strong>τοῦ</strong></span> <span class='ocrx_word' id='word_1_367' title='bbox 2473 774 2828 842; x_wconf 83' lang='grc' dir='ltr'>Μονογενοῦς,</span> <span class='ocrx_word' id='word_1_368' title='bbox 2863 772 3069 826; x_wconf 72' lang='grc' dir='ltr'>οἴεσθαι</span> <span class='ocrx_word' id='word_1_369' title='bbox 3091 773 3147 825; x_wconf 85' lang='grc' dir='ltr'><strong>δὲ</strong></span> <span class='ocrx_word' id='word_1_370' title='bbox 3175 773 3374 843; x_wconf 73' lang='grc' dir='ltr'>μᾶλλον</span> <span class='ocrx_word' id='word_1_371' title='bbox 3399 773 3495 843; x_wconf 75' lang='grc' dir='ltr'><strong>τὴν</strong></span> <span class='ocrx_word' id='word_1_372' title='bbox 3527 773 3618 825; x_wconf 86' lang='grc' dir='ltr'><strong>τοῦ</strong></span> <span class='ocrx_word' id='word_1_373' title='bbox 3646 775 3748 826; x_wconf 81' lang='grc' dir='ltr'><strong>Δό-</strong></span> 
     </span>
    </p>
   </div>
   <div class='ocr_carea' id='block_1_53' title="bbox 2175 864 3754 936">
    <p class='ocr_par' dir='ltr' id='par_1_53' title="bbox 2175 864 3754 936">
     <span class='ocr_line' id='line_1_53' title="bbox 2175 864 3754 936; baseline -0.001 -20"><span class='ocrx_word' id='word_1_374' title='bbox 2175 881 2271 932; x_wconf 84' lang='grc' dir='ltr'><strong>γου</strong></span> <span class='ocrx_word' id='word_1_375' title='bbox 2303 865 2464 934; x_wconf 77' lang='grc' dir='ltr'>φύσιν</span> <span class='ocrx_word' id='word_1_376' title='bbox 2494 867 2574 929; x_wconf 84' lang='grc' dir='ltr'><strong>είς</strong></span> <span class='ocrx_word' id='word_1_377' title='bbox 2609 866 2671 917; x_wconf 74' lang='grc' dir='ltr'>τὸ</span> <span class='ocrx_word' id='word_1_378' title='bbox 2717 864 2915 936; x_wconf 77' lang='grc' dir='ltr'>σαθρὸν</span> <span class='ocrx_word' id='word_1_379' title='bbox 2957 865 3020 934; x_wconf 83' lang='grc' dir='ltr'><strong>δὴ</strong></span> <span class='ocrx_word' id='word_1_380' title='bbox 3051 864 3208 916; x_wconf 88' lang='grc' dir='ltr'>τοῦτο</span> <span class='ocrx_word' id='word_1_381' title='bbox 3241 865 3754 934; x_wconf 78' lang='grc' dir='ltr'>μετεστοιχειῶσϐαι</span> 
     </span>
    </p>
   </div>
   <div class='ocr_carea' id='block_1_54' title="bbox 2177 951 3756 1024">
    <p class='ocr_par' dir='ltr' id='par_1_54' title="bbox 2177 951 3756 1024">
     <span class='ocr_line' id='line_1_54' title="bbox 2177 951 3756 1024; baseline -0.001 -18"><span class='ocrx_word' id='word_1_382' title='bbox 2177 954 2355 1024; x_wconf 77' lang='grc' dir='ltr'>σῶμα,</span> <span class='ocrx_word' id='word_1_383' title='bbox 2395 953 2485 1008; x_wconf 77' lang='grc' dir='ltr'>καὶ</span> <span class='ocrx_word' id='word_1_384' title='bbox 2518 952 2725 1024; x_wconf 84' lang='grc' dir='ltr'>τροπὴν</span> <span class='ocrx_word' id='word_1_385' title='bbox 2748 951 3115 1021; x_wconf 77' lang='grc' dir='ltr'>φαντάζονται</span> <span class='ocrx_word' id='word_1_386' title='bbox 3143 953 3235 1004; x_wconf 89' lang='grc' dir='ltr'><strong>τοῦ</strong></span> <span class='ocrx_word' id='word_1_387' title='bbox 3261 952 3465 1022; x_wconf 76' lang='grc' dir='ltr'>τροπὴν</span> <span class='ocrx_word' id='word_1_388' title='bbox 3491 954 3590 1004; x_wconf 73' lang='grc' dir='ltr'><strong>οὐκ</strong></span> <span class='ocrx_word' id='word_1_389' title='bbox 3614 952 3756 1005; x_wconf 81' lang='grc' dir='ltr'>εἰδό-</span> 
     </span>
    </p>
   </div>
   <div class='ocr_carea' id='block_1_55' title="bbox 2175 1043 3756 1116">
    <p class='ocr_par' dir='ltr' id='par_1_55' title="bbox 2175 1043 3756 1116">
     <span class='ocr_line' id='line_1_55' title="bbox 2175 1043 3756 1116; baseline -0.002 -19"><span class='ocrx_word' id='word_1_390' title='bbox 2175 1061 2284 1108; x_wconf 85' lang='grc' dir='ltr'><strong>τος.</strong></span> <span class='ocrx_word' id='word_1_391' title='bbox 2338 1047 2681 1116; x_wconf 79' lang='grc' dir='ltr'>Ἒρήρεισται</span> <span class='ocrx_word' id='word_1_392' title='bbox 2718 1045 2825 1115; x_wconf 72' lang='grc' dir='ltr'>γὰρ</span> <span class='ocrx_word' id='word_1_393' title='bbox 2853 1045 2885 1112; x_wconf 86' lang='grc' dir='ltr'>ἡ</span> <span class='ocrx_word' id='word_1_394' title='bbox 2915 1043 3054 1096; x_wconf 80' lang='grc' dir='ltr'>Θεοῦ</span> <span class='ocrx_word' id='word_1_395' title='bbox 3087 1043 3248 1112; x_wconf 71' lang='grc' dir='ltr'>φύσις</span> <span class='ocrx_word' id='word_1_396' title='bbox 3303 1046 3360 1096; x_wconf 81' lang='grc' dir='ltr'>ἑν</span> <span class='ocrx_word' id='word_1_397' title='bbox 3415 1044 3565 1101; x_wconf 79' lang='grc' dir='ltr'>ἰδίοις</span> <span class='ocrx_word' id='word_1_398' title='bbox 3615 1045 3756 1110; x_wconf 83' lang='grc' dir='ltr'>ἀγα-</span> 
     </span>
    </p>
   </div>
   <div class='ocr_carea' id='block_1_56' title="bbox 2177 1126 3756 1205">
    <p class='ocr_par' dir='ltr' id='par_1_56' title="bbox 2177 1126 3756 1205">
     <span class='ocr_line' id='line_1_56' title="bbox 2177 1126 3756 1205; baseline 0 -17"><span class='ocrx_word' id='word_1_399' title='bbox 2177 1135 2322 1201; x_wconf 86' lang='grc' dir='ltr'>θοῖς,</span> <span class='ocrx_word' id='word_1_400' title='bbox 2397 1137 2494 1189; x_wconf 75' lang='grc' dir='ltr'>καὶ</span> <span class='ocrx_word' id='word_1_401' title='bbox 2555 1136 2948 1188; x_wconf 88' lang='grc' dir='ltr'>ἀκατάσειστον</span> <span class='ocrx_word' id='word_1_402' title='bbox 3013 1135 3125 1204; x_wconf 78' lang='grc' dir='ltr'>ἔχει</span> <span class='ocrx_word' id='word_1_403' title='bbox 3190 1136 3288 1205; x_wconf 81' lang='grc' dir='ltr'><strong>τὴν</strong></span> <span class='ocrx_word' id='word_1_404' title='bbox 3347 1126 3433 1204; x_wconf 72' lang='grc' dir='ltr'><strong>ἐφ’</strong></span> <span class='ocrx_word' id='word_1_405' title='bbox 3483 1130 3583 1197; x_wconf 76' lang='grc' dir='ltr'>οἷς</span> <span class='ocrx_word' id='word_1_406' title='bbox 3643 1137 3756 1188; x_wconf 81' lang='grc' dir='ltr'>ἐστι</span> 
     </span>
    </p>
   </div>
   <div class='ocr_carea' id='block_1_57' title="bbox 2176 1225 3756 1298">
    <p class='ocr_par' dir='ltr' id='par_1_57' title="bbox 2176 1225 3756 1298">
     <span class='ocr_line' id='line_1_57' title="bbox 2176 1225 3756 1298; baseline 0.001 -19"><span class='ocrx_word' id='word_1_407' title='bbox 2176 1225 2457 1296; x_wconf 82' lang='grc' dir='ltr'>διαμονήν.</span> <span class='ocrx_word' id='word_1_408' title='bbox 2487 1227 2653 1288; x_wconf 83' lang='grc' dir='ltr'><strong>Φύσις</strong></span> <span class='ocrx_word' id='word_1_409' title='bbox 2688 1226 2786 1295; x_wconf 81' lang='grc' dir='ltr'><strong>μὲν</strong></span> <span class='ocrx_word' id='word_1_410' title='bbox 2818 1225 2981 1295; x_wconf 88' lang='grc' dir='ltr'>γάρὴ</span> <span class='ocrx_word' id='word_1_411' title='bbox 3021 1226 3244 1296; x_wconf 80' lang='grc' dir='ltr'>γενητὴ,</span> <span class='ocrx_word' id='word_1_412' title='bbox 3277 1227 3372 1278; x_wconf 73' lang='grc' dir='ltr'><strong>καὶ</strong></span> <span class='ocrx_word' id='word_1_413' title='bbox 3404 1226 3579 1296; x_wconf 81' lang='grc' dir='ltr'>χρόνῳ</span> <span class='ocrx_word' id='word_1_414' title='bbox 3612 1245 3756 1298; x_wconf 86' lang='grc' dir='ltr'>παρ-</span> 
     </span>
    </p>
   </div>
   <div class='ocr_carea' id='block_1_58' title="bbox 2178 1315 3757 1387">
    <p class='ocr_par' dir='ltr' id='par_1_58' title="bbox 2178 1315 3757 1387">
     <span class='ocr_line' id='line_1_58' title="bbox 2178 1315 3757 1387; baseline -0.001 -19"><span class='ocrx_word' id='word_1_415' title='bbox 2178 1315 2454 1386; x_wconf 84' lang='grc' dir='ltr'>ενεχθεῖσα</span> <span class='ocrx_word' id='word_1_416' title='bbox 2479 1316 2611 1387; x_wconf 78' lang='grc' dir='ltr'>πρὸς</span> <span class='ocrx_word' id='word_1_417' title='bbox 2637 1315 2888 1386; x_wconf 82' lang='grc' dir='ltr'>ὕπαρξιν,</span> <span class='ocrx_word' id='word_1_418' title='bbox 2915 1315 3074 1367; x_wconf 75' lang='grc' dir='ltr'>πάθοι</span> <span class='ocrx_word' id='word_1_419' title='bbox 3111 1316 3177 1368; x_wconf 81' lang='grc' dir='ltr'>ἂν</span> <span class='ocrx_word' id='word_1_420' title='bbox 3205 1316 3301 1385; x_wconf 77' lang='grc' dir='ltr'>τὴν</span> <span class='ocrx_word' id='word_1_421' title='bbox 3333 1315 3637 1378; x_wconf 85' lang='grc' dir='ltr'>ἀλλοίωσιν,</span> <span class='ocrx_word' id='word_1_422' title='bbox 3664 1315 3757 1368; x_wconf 77' lang='grc' dir='ltr'>καὶ</span> 
     </span>
    </p>
   </div>
   <div class='ocr_carea' id='block_1_59' title="bbox 2177 1405 3757 1476">
    <p class='ocr_par' dir='ltr' id='par_1_59' title="bbox 2177 1405 3757 1476">
     <span class='ocr_line' id='line_1_59' title="bbox 2177 1405 3757 1476; baseline -0.001 -18"><span class='ocrx_word' id='word_1_423' title='bbox 2177 1407 2278 1459; x_wconf 80' lang='grc' dir='ltr'>οὐκ</span> <span class='ocrx_word' id='word_1_424' title='bbox 2319 1407 2424 1473; x_wconf 80' lang='grc' dir='ltr'>ἔξω</span> <span class='ocrx_word' id='word_1_425' title='bbox 2479 1407 2642 1474; x_wconf 81' lang='grc' dir='ltr'>λόγου</span> <span class='ocrx_word' id='word_1_426' title='bbox 2681 1406 2776 1458; x_wconf 81' lang='grc' dir='ltr'><strong>τοῦ</strong></span> <span class='ocrx_word' id='word_1_427' title='bbox 2813 1405 3145 1474; x_wconf 82' lang='grc' dir='ltr'>καθήκοντός</span> <span class='ocrx_word' id='word_1_428' title='bbox 3175 1423 3234 1458; x_wconf 88' lang='grc' dir='ltr'><strong>τε</strong></span> <span class='ocrx_word' id='word_1_429' title='bbox 3281 1405 3374 1458; x_wconf 68' lang='grc' dir='ltr'><strong>καὶ</strong></span> <span class='ocrx_word' id='word_1_430' title='bbox 3403 1405 3648 1476; x_wconf 73' lang='grc' dir='ltr'>,ἀληθοῦς</span> <span class='ocrx_word' id='word_1_431' title='bbox 3690 1408 3757 1457; x_wconf 74' lang='grc' dir='ltr'>τὸ</span> 
     </span>
    </p>
   </div>
   <div class='ocr_carea' id='block_1_60' title="bbox 2179 1492 3755 1569">
    <p class='ocr_par' dir='ltr' id='par_1_60' title="bbox 2179 1492 3755 1569">
     <span class='ocr_line' id='line_1_60' title="bbox 2179 1492 3755 1569; baseline -0.001 -19"><span class='ocrx_word' id='word_1_432' title='bbox 2179 1497 2369 1569; x_wconf 77' lang='grc' dir='ltr'>χρῆμα</span> <span class='ocrx_word' id='word_1_433' title='bbox 2399 1498 2656 1552; x_wconf 86' lang='grc' dir='ltr'>κείσεται.</span> <span class='ocrx_word' id='word_1_434' title='bbox 2693 1497 2765 1550; x_wconf 85' lang='grc' dir='ltr'><strong>Τὸ</strong></span> <span class='ocrx_word' id='word_1_435' title='bbox 2791 1496 3096 1568; x_wconf 77' lang='grc' dir='ltr'>γάράρχὴν</span> <span class='ocrx_word' id='word_1_436' title='bbox 3127 1498 3264 1561; x_wconf 84' lang='grc' dir='ltr'><strong>ὅλως</strong></span> <span class='ocrx_word' id='word_1_437' title='bbox 3286 1497 3380 1551; x_wconf 81' lang='grc' dir='ltr'><strong>τοῦ</strong></span> <span class='ocrx_word' id='word_1_438' title='bbox 3403 1492 3540 1551; x_wconf 77' lang='grc' dir='ltr'>εἶναι</span> <span class='ocrx_word' id='word_1_439' title='bbox 3572 1499 3755 1567; x_wconf 71' lang='grc' dir='ltr'>λαχὸν,</span> 
     </span>
    </p>
   </div>
   <div class='ocr_carea' id='block_1_61' title="bbox 2179 1587 3756 1660">
    <p class='ocr_par' dir='ltr' id='par_1_61' title="bbox 2179 1587 3756 1660">
     <span class='ocr_line' id='line_1_61' title="bbox 2179 1587 3756 1660; baseline -0.003 -18"><span class='ocrx_word' id='word_1_440' title='bbox 2179 1591 2343 1642; x_wconf 78' lang='grc' dir='ltr'>οἱονεί</span> <span class='ocrx_word' id='word_1_441' title='bbox 2379 1607 2496 1653; x_wconf 83' lang='grc' dir='ltr'><strong>πως</strong></span> <span class='ocrx_word' id='word_1_442' title='bbox 2527 1589 2625 1660; x_wconf 68' lang='grc' dir='ltr'><strong>ἤδη</strong></span> <span class='ocrx_word' id='word_1_443' title='bbox 2652 1590 2746 1641; x_wconf 71' lang='grc' dir='ltr'><strong>καὶ</strong></span> <span class='ocrx_word' id='word_1_444' title='bbox 2779 1588 3222 1658; x_wconf 72' lang='grc' dir='ltr'>συνεσπαρμένον</span> <span class='ocrx_word' id='word_1_445' title='bbox 3258 1588 3368 1659; x_wconf 85' lang='grc' dir='ltr'>ἔχει</span> <span class='ocrx_word' id='word_1_446' title='bbox 3416 1588 3476 1641; x_wconf 81' lang='grc' dir='ltr'><strong>τὸ</strong></span> <span class='ocrx_word' id='word_1_447' title='bbox 3509 1587 3756 1641; x_wconf 73' lang='grc' dir='ltr'>ἀλλοιοῦο</span> 
     </span>
    </p>
   </div>
   <div class='ocr_carea' id='block_1_62' title="bbox 2184 1679 3757 1747">
    <p class='ocr_par' dir='ltr' id='par_1_62' title="bbox 2184 1679 3757 1747">
     <span class='ocr_line' id='line_1_62' title="bbox 2184 1679 3757 1747; baseline -0.001 -14"><span class='ocrx_word' id='word_1_448' title='bbox 2184 1681 2307 1734; x_wconf 89' lang='grc' dir='ltr'>σθαι</span> <span class='ocrx_word' id='word_1_449' title='bbox 2345 1681 2476 1734; x_wconf 84' lang='grc' dir='ltr'>δεῖν.</span> <span class='ocrx_word' id='word_1_450' title='bbox 2511 1680 2643 1742; x_wconf 83' lang='grc' dir='ltr'>Θεὸς</span> <span class='ocrx_word' id='word_1_451' title='bbox 2669 1680 2726 1733; x_wconf 84' lang='grc' dir='ltr'><strong>δὲ</strong></span> <span class='ocrx_word' id='word_1_452' title='bbox 2759 1681 2787 1733; x_wconf 88' lang='grc' dir='ltr'><strong>ό</strong></span> <span class='ocrx_word' id='word_1_453' title='bbox 2815 1681 3014 1744; x_wconf 67' lang='grc' dir='ltr'>παντὸς</span> <span class='ocrx_word' id='word_1_454' title='bbox 3044 1680 3300 1734; x_wconf 80' lang='grc' dir='ltr'>ἐπέκεινα</span> <span class='ocrx_word' id='word_1_455' title='bbox 3336 1679 3454 1743; x_wconf 80' lang='grc' dir='ltr'>νοῦ,</span> <span class='ocrx_word' id='word_1_456' title='bbox 3491 1682 3757 1747; x_wconf 80' lang='grc' dir='ltr'>γενέσεως</span> 
     </span>
    </p>
   </div>
   <div class='ocr_carea' id='block_1_63' title="bbox 2112 1754 3760 1846">
    <p class='ocr_par' dir='ltr' id='par_1_63' title="bbox 2112 1754 3760 1846">
     <span class='ocr_line' id='line_1_63' title="bbox 2112 1754 3760 1846; baseline -0.002 -19"><span class='ocrx_word' id='word_1_457' title='bbox 2112 1754 2153 1809; x_wconf 75' lang='grc' dir='ltr'>Β</span> <span class='ocrx_word' id='word_1_458' title='bbox 2183 1774 2276 1827; x_wconf 80' lang='grc' dir='ltr'>καὶ</span> <span class='ocrx_word' id='word_1_459' title='bbox 2327 1773 2532 1846; x_wconf 73' lang='grc' dir='ltr'>φθορᾶς</span> <span class='ocrx_word' id='word_1_460' title='bbox 2585 1774 2683 1844; x_wconf 84' lang='grc' dir='ltr'>τὴν</span> <span class='ocrx_word' id='word_1_461' title='bbox 2721 1773 2952 1845; x_wconf 81' lang='grc' dir='ltr'>ὕπαρξιν</span> <span class='ocrx_word' id='word_1_462' title='bbox 3009 1774 3146 1843; x_wconf 83' lang='grc' dir='ltr'>ἔχων</span> <span class='ocrx_word' id='word_1_463' title='bbox 3181 1771 3525 1845; x_wconf 77' lang='grc' dir='ltr'>ὲξῃρημένην</span> <span class='ocrx_word' id='word_1_464' title='bbox 3568 1789 3624 1824; x_wconf 90' lang='grc' dir='ltr'><strong>τε</strong></span> <span class='ocrx_word' id='word_1_465' title='bbox 3664 1770 3760 1825; x_wconf 76' lang='grc' dir='ltr'><strong>καὶ</strong></span> 
     </span>
    </p>
   </div>
   <div class='ocr_carea' id='block_1_64' title="bbox 2182 1864 3759 1938">
    <p class='ocr_par' dir='ltr' id='par_1_64' title="bbox 2182 1864 3759 1938">
     <span class='ocr_line' id='line_1_64' title="bbox 2182 1864 3759 1938; baseline -0.002 -19"><span class='ocrx_word' id='word_1_466' title='bbox 2182 1866 2600 1938; x_wconf 84' lang='grc' dir='ltr'>ὑπερίσχουσαν,</span> <span class='ocrx_word' id='word_1_467' title='bbox 2635 1867 2873 1937; x_wconf 85' lang='grc' dir='ltr'>ἀμείνων</span> <span class='ocrx_word' id='word_1_468' title='bbox 2905 1869 3052 1919; x_wconf 74' lang='grc' dir='ltr'>ἔσται</span> <span class='ocrx_word' id='word_1_469' title='bbox 3076 1868 3168 1920; x_wconf 73' lang='grc' dir='ltr'><strong>καὶ</strong></span> <span class='ocrx_word' id='word_1_470' title='bbox 3192 1866 3420 1936; x_wconf 79' lang='grc' dir='ltr'>τροπῆς,</span> <span class='ocrx_word' id='word_1_471' title='bbox 3451 1866 3547 1918; x_wconf 74' lang='grc' dir='ltr'><strong>καὶ</strong></span> <span class='ocrx_word' id='word_1_472' title='bbox 3571 1864 3759 1935; x_wconf 74' lang='grc' dir='ltr'>ὥσπερ</span> 
     </span>
    </p>
   </div>
   <div class='ocr_carea' id='block_1_65' title="bbox 2178 1953 3758 2030">
    <p class='ocr_par' dir='ltr' id='par_1_65' title="bbox 2178 1953 3758 2030">
     <span class='ocr_line' id='line_1_65' title="bbox 2178 1953 3758 2030; baseline 0 -20"><span class='ocrx_word' id='word_1_473' title='bbox 2178 1959 2256 2026; x_wconf 82' lang='grc' dir='ltr'>τῷ</span> <span class='ocrx_word' id='word_1_474' title='bbox 2298 1958 2397 2028; x_wconf 81' lang='grc' dir='ltr'>τῆς</span> <span class='ocrx_word' id='word_1_475' title='bbox 2449 1958 2581 2022; x_wconf 79' lang='grc' dir='ltr'>ἰδίας</span> <span class='ocrx_word' id='word_1_476' title='bbox 2613 1959 2824 2028; x_wconf 81' lang='grc' dir='ltr'>φύσεως</span> <span class='ocrx_word' id='word_1_477' title='bbox 2882 1959 3045 2030; x_wconf 87' lang='grc' dir='ltr'>λόγῳ,</span> <span class='ocrx_word' id='word_1_478' title='bbox 3095 1958 3294 2021; x_wconf 76' lang='grc' dir='ltr'>παντὸς</span> <span class='ocrx_word' id='word_1_479' title='bbox 3337 1953 3491 2028; x_wconf 80' lang='grc' dir='ltr'>οῖμαί</span> <span class='ocrx_word' id='word_1_480' title='bbox 3523 1975 3622 2010; x_wconf 80' lang='grc' dir='ltr'><strong>που</strong></span> <span class='ocrx_word' id='word_1_481' title='bbox 3662 1957 3758 2010; x_wconf 85' lang='grc' dir='ltr'><strong>τοῦ</strong></span> 
     </span>
    </p>
   </div>
   <div class='ocr_carea' id='block_1_66' title="bbox 2179 2049 3760 2122">
    <p class='ocr_par' dir='ltr' id='par_1_66' title="bbox 2179 2049 3760 2122">
     <span class='ocr_line' id='line_1_66' title="bbox 2179 2049 3760 2122; baseline 0.001 -20"><span class='ocrx_word' id='word_1_482' title='bbox 2179 2049 2521 2120; x_wconf 82' lang='grc' dir='ltr'>κεκλημένου</span> <span class='ocrx_word' id='word_1_483' title='bbox 2546 2050 2680 2120; x_wconf 72' lang='grc' dir='ltr'>πρὸς</span> <span class='ocrx_word' id='word_1_484' title='bbox 2710 2051 2924 2119; x_wconf 78' lang='grc' dir='ltr'>γένεσιν</span> <span class='ocrx_word' id='word_1_485' title='bbox 2947 2049 3367 2122; x_wconf 76' lang='grc' dir='ltr'>ὑπερανέστηκε</span> <span class='ocrx_word' id='word_1_486' title='bbox 3394 2049 3489 2102; x_wconf 73' lang='grc' dir='ltr'>καὶ</span> <span class='ocrx_word' id='word_1_487' title='bbox 3520 2051 3760 2121; x_wconf 67' lang='grc' dir='ltr'>ὑπερεξέ-</span> 
     </span>
    </p>
   </div>
   <div class='ocr_carea' id='block_1_67' title="bbox 2183 2141 3760 2212">
    <p class='ocr_par' dir='ltr' id='par_1_67' title="bbox 2183 2141 3760 2212">
     <span class='ocr_line' id='line_1_67' title="bbox 2183 2141 3760 2212; baseline 0.001 -18"><span class='ocrx_word' id='word_1_488' title='bbox 2183 2159 2357 2212; x_wconf 86' lang='grc' dir='ltr'>ρεται,</span> <span class='ocrx_word' id='word_1_489' title='bbox 2390 2141 2485 2194; x_wconf 75' lang='grc' dir='ltr'><strong>καὶ</strong></span> <span class='ocrx_word' id='word_1_490' title='bbox 2518 2141 2676 2194; x_wconf 83' lang='grc' dir='ltr'>τοῦτο</span> <span class='ocrx_word' id='word_1_491' title='bbox 2719 2142 3072 2211; x_wconf 84' lang='grc' dir='ltr'>ἀσυγκρίτοις</span> <span class='ocrx_word' id='word_1_492' title='bbox 3123 2141 3439 2210; x_wconf 75' lang='grc' dir='ltr'>διαφοραῖς,</span> <span class='ocrx_word' id='word_1_493' title='bbox 3484 2141 3626 2194; x_wconf 79' lang='grc' dir='ltr'>οὕτω</span> <span class='ocrx_word' id='word_1_494' title='bbox 3657 2147 3760 2196; x_wconf 84' lang='grc' dir='ltr'><strong>κάν</strong></span> 
     </span>
    </p>
   </div>
   <div class='ocr_carea' id='block_1_68' title="bbox 2178 2231 3755 2303">
    <p class='ocr_par' dir='ltr' id='par_1_68' title="bbox 2178 2231 3755 2303">
     <span class='ocr_line' id='line_1_68' title="bbox 2178 2231 3755 2303; baseline 0 -16"><span class='ocrx_word' id='word_1_495' title='bbox 2178 2235 2290 2296; x_wconf 89' lang='grc' dir='ltr'>τοῖς</span> <span class='ocrx_word' id='word_1_496' title='bbox 2341 2234 2559 2286; x_wconf 86' lang='grc' dir='ltr'>εἰωθόσι</span> <span class='ocrx_word' id='word_1_497' title='bbox 2607 2233 2929 2303; x_wconf 80' lang='grc' dir='ltr'>συμϐαίνειν</span> <span class='ocrx_word' id='word_1_498' title='bbox 2985 2236 3096 2296; x_wconf 85' lang='grc' dir='ltr'>τοῖς</span> <span class='ocrx_word' id='word_1_499' title='bbox 3134 2232 3200 2285; x_wconf 83' lang='grc' dir='ltr'><strong>δι’</strong></span> <span class='ocrx_word' id='word_1_500' title='bbox 3253 2231 3417 2285; x_wconf 79' lang='grc' dir='ltr'>αὑτοῦ</span> <span class='ocrx_word' id='word_1_501' title='bbox 3472 2235 3755 2301; x_wconf 75' lang='grc' dir='ltr'>γεγονόσι,</span> 
     </span>
    </p>
   </div>
   <div class='ocr_carea' id='block_1_69' title="bbox 2179 2323 3760 2395">
    <p class='ocr_par' dir='ltr' id='par_1_69' title="bbox 2179 2323 3760 2395">
     <span class='ocr_line' id='line_1_69' title="bbox 2179 2323 3760 2395; baseline 0.002 -19"><span class='ocrx_word' id='word_1_502' title='bbox 2179 2325 2600 2395; x_wconf 76' lang='grc' dir='ltr'>ύπερανεστήξει</span> <span class='ocrx_word' id='word_1_503' title='bbox 2633 2324 2830 2390; x_wconf 67' lang='grc' dir='ltr'>πάλιν,</span> <span class='ocrx_word' id='word_1_504' title='bbox 2863 2325 3056 2377; x_wconf 80' lang='grc' dir='ltr'>παθεῖν</span> <span class='ocrx_word' id='word_1_505' title='bbox 3082 2325 3182 2376; x_wconf 78' lang='grc' dir='ltr'><strong>οὐκ</strong></span> <span class='ocrx_word' id='word_1_506' title='bbox 3219 2323 3377 2387; x_wconf 81' lang='grc' dir='ltr'>είδως</span> <span class='ocrx_word' id='word_1_507' title='bbox 3415 2325 3482 2376; x_wconf 78' lang='grc' dir='ltr'><strong>τὸ</strong></span> <span class='ocrx_word' id='word_1_508' title='bbox 3519 2329 3760 2393; x_wconf 55' lang='grc' dir='ltr'>περυκος</span> 
     </span>
    </p>
   </div>
   <div class='ocr_carea' id='block_1_70' title="bbox 2179 2415 3756 2486">
    <p class='ocr_par' dir='ltr' id='par_1_70' title="bbox 2179 2415 3756 2486">
     <span class='ocr_line' id='line_1_70' title="bbox 2179 2415 3756 2486; baseline 0.001 -17"><span class='ocrx_word' id='word_1_509' title='bbox 2179 2418 2404 2470; x_wconf 86' lang='grc' dir='ltr'>ἀδικεῖν.</span> <span class='ocrx_word' id='word_1_510' title='bbox 2435 2415 2669 2480; x_wconf 77' lang='grc' dir='ltr'>Οὐκοῦν,</span> <span class='ocrx_word' id='word_1_511' title='bbox 2711 2418 2768 2469; x_wconf 80' lang='grc' dir='ltr'>ἐν</span> <span class='ocrx_word' id='word_1_512' title='bbox 2795 2415 3016 2485; x_wconf 83' lang='grc' dir='ltr'>ἀγαθοῖς</span> <span class='ocrx_word' id='word_1_513' title='bbox 3045 2416 3144 2485; x_wconf 81' lang='grc' dir='ltr'>μὲν</span> <span class='ocrx_word' id='word_1_514' title='bbox 3170 2415 3228 2468; x_wconf 81' lang='grc' dir='ltr'><strong>τὸ</strong></span> <span class='ocrx_word' id='word_1_515' title='bbox 3253 2415 3394 2468; x_wconf 86' lang='grc' dir='ltr'>θεῖον</span> <span class='ocrx_word' id='word_1_516' title='bbox 3424 2416 3756 2486; x_wconf 79' lang='grc' dir='ltr'>ἀμεταπτώ-</span> 
     </span>
    </p>
   </div>
   <div class='ocr_carea' id='block_1_71' title="bbox 2178 2505 3754 2582">
    <p class='ocr_par' dir='ltr' id='par_1_71' title="bbox 2178 2505 3754 2582">
     <span class='ocr_line' id='line_1_71' title="bbox 2178 2505 3754 2582; baseline 0.003 -24"><span class='ocrx_word' id='word_1_517' title='bbox 2178 2523 2289 2569; x_wconf 76' lang='grc' dir='ltr'>τοις</span> <span class='ocrx_word' id='word_1_518' title='bbox 2324 2505 2458 2560; x_wconf 81' lang='grc' dir='ltr'>ἐστί.</span> <span class='ocrx_word' id='word_1_519' title='bbox 2485 2506 2566 2560; x_wconf 84' lang='grc' dir='ltr'><strong>Τά</strong></span> <span class='ocrx_word' id='word_1_520' title='bbox 2580 2506 2633 2559; x_wconf 82' lang='grc' dir='ltr'>δέ</span> <span class='ocrx_word' id='word_1_521' title='bbox 2663 2524 2726 2575; x_wconf 90' lang='grc' dir='ltr'><strong>γε</strong></span> <span class='ocrx_word' id='word_1_522' title='bbox 2749 2509 2846 2578; x_wconf 82' lang='grc' dir='ltr'><strong>τῆς</strong></span> <span class='ocrx_word' id='word_1_523' title='bbox 2878 2507 3128 2570; x_wconf 76' lang='grc' dir='ltr'>κτίσεως,</span> <span class='ocrx_word' id='word_1_524' title='bbox 3153 2509 3210 2559; x_wconf 86' lang='grc' dir='ltr'>ὲν</span> <span class='ocrx_word' id='word_1_525' title='bbox 3233 2507 3516 2561; x_wconf 76' lang='grc' dir='ltr'>ἀλλοιώσει</span> <span class='ocrx_word' id='word_1_526' title='bbox 3539 2512 3630 2563; x_wconf 70' lang='grc' dir='ltr'><strong>καὶ</strong></span> <span class='ocrx_word' id='word_1_527' title='bbox 3644 2529 3754 2582; x_wconf 83' lang='grc' dir='ltr'>τρο-</span> 
     </span>
    </p>
   </div>
   <div class='ocr_carea' id='block_1_72' title="bbox 2180 2598 3752 2672">
    <p class='ocr_par' dir='ltr' id='par_1_72' title="bbox 2180 2598 3752 2672">
     <span class='ocr_line' id='line_1_72' title="bbox 2180 2598 3752 2672; baseline 0.006 -22"><span class='ocrx_word' id='word_1_528' title='bbox 2180 2602 2328 2661; x_wconf 70' lang='grc' dir='ltr'>παῖς,</span> <span class='ocrx_word' id='word_1_529' title='bbox 2357 2598 2650 2670; x_wconf 87' lang='grc' dir='ltr'>ἀγχίθυρον</span> <span class='ocrx_word' id='word_1_530' title='bbox 2681 2600 2872 2670; x_wconf 74' lang='grc' dir='ltr'>ἔχοντα</span> <span class='ocrx_word' id='word_1_531' title='bbox 2894 2601 2991 2672; x_wconf 82' lang='grc' dir='ltr'><strong>τὴν</strong></span> <span class='ocrx_word' id='word_1_532' title='bbox 3026 2603 3410 2672; x_wconf 62' lang='grc' dir='ltr'>παραφθορὰν.</span> <span class='ocrx_word' id='word_1_533' title='bbox 3463 2606 3572 2658; x_wconf 75' lang='grc' dir='ltr'><strong>Καὶ</strong></span> <span class='ocrx_word' id='word_1_534' title='bbox 3604 2605 3752 2659; x_wconf 76' lang='grc' dir='ltr'>τοῦτο</span> 
     </span>
    </p>
   </div>
   <div class='ocr_carea' id='block_1_73' title="bbox 2179 2686 3747 2767">
    <p class='ocr_par' dir='ltr' id='par_1_73' title="bbox 2179 2686 3747 2767">
     <span class='ocr_line' id='line_1_73' title="bbox 2179 2686 3747 2767; baseline 0.004 -25"><span class='ocrx_word' id='word_1_535' title='bbox 2179 2689 2459 2758; x_wconf 85' lang='grc' dir='ltr'>γινώσκων</span> <span class='ocrx_word' id='word_1_536' title='bbox 2489 2686 2546 2743; x_wconf 82' lang='grc' dir='ltr'><strong>εὖ</strong></span> <span class='ocrx_word' id='word_1_537' title='bbox 2575 2690 2743 2759; x_wconf 86' lang='grc' dir='ltr'>μάλα,</span> <span class='ocrx_word' id='word_1_538' title='bbox 2771 2692 2864 2744; x_wconf 78' lang='grc' dir='ltr'><strong>καὶ</strong></span> <span class='ocrx_word' id='word_1_539' title='bbox 2887 2692 2963 2756; x_wconf 88' lang='grc' dir='ltr'>ὡς</span> <span class='ocrx_word' id='word_1_540' title='bbox 2989 2692 3184 2764; x_wconf 85' lang='grc' dir='ltr'>ἄριστα</span> <span class='ocrx_word' id='word_1_541' title='bbox 3220 2695 3526 2764; x_wconf 56' lang='grc' dir='ltr'>φιλοσόφων</span> <span class='ocrx_word' id='word_1_542' title='bbox 3555 2699 3581 2749; x_wconf 86' lang='grc' dir='ltr'><em>ὁ</em></span> <span class='ocrx_word' id='word_1_543' title='bbox 3624 2715 3747 2767; x_wconf 50' lang='lat' dir='ltr'><strong>apo.</strong></span> 
     </span>
    </p>
   </div>
   <div class='ocr_carea' id='block_1_74' title="bbox 2181 2781 3736 2857">
    <p class='ocr_par' dir='ltr' id='par_1_74' title="bbox 2181 2781 3736 2857">
     <span class='ocr_line' id='line_1_74' title="bbox 2181 2781 3736 2857; baseline 0.006 -26"><span class='ocrx_word' id='word_1_544' title='bbox 2181 2783 2355 2853; x_wconf 74' lang='grc' dir='ltr'>φήτης</span> <span class='ocrx_word' id='word_1_545' title='bbox 2373 2781 2640 2851; x_wconf 76' lang='grc' dir='ltr'>Ἱερεμίας</span> <span class='ocrx_word' id='word_1_546' title='bbox 2665 2782 2931 2852; x_wconf 72' lang='grc' dir='ltr'>ἀνεφὼνει</span> <span class='ocrx_word' id='word_1_547' title='bbox 2953 2784 3088 2854; x_wconf 82' lang='grc' dir='ltr'>πρὸς</span> <span class='ocrx_word' id='word_1_548' title='bbox 3109 2784 3259 2849; x_wconf 81' lang='grc' dir='ltr'>Θεὸν,</span> <span class='ocrx_word' id='word_1_549' title='bbox 3279 2787 3360 2838; x_wconf 82' lang='grc' dir='ltr'><strong>ὅτι</strong></span> <span class='ocrx_word' id='word_1_550' title='bbox 3379 2807 3396 2836; x_wconf 78' lang='grc' dir='ltr'><strong>ι</strong></span> <span class='ocrx_word' id='word_1_551' title='bbox 3421 2789 3490 2840; x_wconf 74' lang='grc' dir='ltr'>Σὺ</span> <span class='ocrx_word' id='word_1_552' title='bbox 3514 2789 3736 2857; x_wconf 70' lang='grc' dir='ltr'>καθήμε-</span> 
     </span>
    </p>
   </div>
   <div class='ocr_carea' id='block_1_75' title="bbox 2181 2871 3734 2946">
    <p class='ocr_par' dir='ltr' id='par_1_75' title="bbox 2181 2871 3734 2946">
     <span class='ocr_line' id='line_1_75' title="bbox 2181 2871 3734 2946; baseline 0.004 -22"><span class='ocrx_word' id='word_1_553' title='bbox 2181 2889 2266 2934; x_wconf 66' lang='grc' dir='ltr'><strong>νος</strong></span> <span class='ocrx_word' id='word_1_554' title='bbox 2311 2873 2400 2924; x_wconf 76' lang='grc' dir='ltr'><strong>τὸν</strong></span> <span class='ocrx_word' id='word_1_555' title='bbox 2433 2871 2626 2936; x_wconf 79' lang='grc' dir='ltr'>αἰῶνα,</span> <span class='ocrx_word' id='word_1_556' title='bbox 2661 2873 2756 2926; x_wconf 70' lang='grc' dir='ltr'><strong>καὶ</strong></span> <span class='ocrx_word' id='word_1_557' title='bbox 2786 2875 2946 2944; x_wconf 79' lang='grc' dir='ltr'>ἡμεῖς</span> <span class='ocrx_word' id='word_1_558' title='bbox 2975 2873 3338 2946; x_wconf 81' lang='grc' dir='ltr'>ἀπολλύμενοι</span> <span class='ocrx_word' id='word_1_559' title='bbox 3377 2877 3468 2931; x_wconf 77' lang='grc' dir='ltr'>τὸν</span> <span class='ocrx_word' id='word_1_560' title='bbox 3495 2877 3677 2930; x_wconf 74' lang='grc' dir='ltr'>αἰῶνα·</span> <span class='ocrx_word' id='word_1_561' title='bbox 3715 2896 3734 2930; x_wconf 75' lang='lat' dir='ltr'><strong>t</strong></span> 
     </span>
    </p>
   </div>
   <div class='ocr_carea' id='block_1_76' title="bbox 2181 2962 3749 3036">
    <p class='ocr_par' dir='ltr' id='par_1_76' title="bbox 2181 2962 3749 3036">
     <span class='ocr_line' id='line_1_76' title="bbox 2181 2962 3749 3036; baseline 0.003 -20"><span class='ocrx_word' id='word_1_562' title='bbox 2181 2962 2487 3016; x_wconf 83' lang='grc' dir='ltr'>καθεδεῖται</span> <span class='ocrx_word' id='word_1_563' title='bbox 2515 2965 2623 3034; x_wconf 75' lang='grc' dir='ltr'><strong>γὰρ</strong></span> <span class='ocrx_word' id='word_1_564' title='bbox 2654 2963 2841 3036; x_wconf 78' lang='grc' dir='ltr'>ὥσπερ</span> <span class='ocrx_word' id='word_1_565' title='bbox 2865 2967 2924 3018; x_wconf 82' lang='grc' dir='ltr'><strong>ἐν</strong></span> <span class='ocrx_word' id='word_1_566' title='bbox 2957 2965 3108 3030; x_wconf 77' lang='grc' dir='ltr'>ἰδίοις</span> <span class='ocrx_word' id='word_1_567' title='bbox 3143 2967 3334 3029; x_wconf 74' lang='grc' dir='ltr'>θάκοις</span> <span class='ocrx_word' id='word_1_568' title='bbox 3364 2969 3426 3020; x_wconf 82' lang='grc' dir='ltr'><strong>τὸ</strong></span> <span class='ocrx_word' id='word_1_569' title='bbox 3463 2969 3601 3022; x_wconf 79' lang='grc' dir='ltr'>θεῖον</span> <span class='ocrx_word' id='word_1_570' title='bbox 3647 2971 3749 3031; x_wconf 73' lang='grc' dir='ltr'>ἀεὶ,</span> 
     </span>
    </p>
   </div>
   <div class='ocr_carea' id='block_1_77' title="bbox 2104 3053 3755 3156">
    <p class='ocr_par' dir='ltr' id='par_1_77' title="bbox 2104 3053 3755 3156">
     <span class='ocr_line' id='line_1_77' title="bbox 2104 3053 3755 3156; baseline 0.005 -51"><span class='ocrx_word' id='word_1_571' title='bbox 2104 3095 2149 3156; x_wconf 76' lang='lat' dir='ltr'><strong>C</strong></span> <span class='ocrx_word' id='word_1_572' title='bbox 2184 3053 2464 3124; x_wconf 81' lang='grc' dir='ltr'>βασιλεῦον</span> <span class='ocrx_word' id='word_1_573' title='bbox 2499 3055 2591 3105; x_wconf 74' lang='grc' dir='ltr'><strong>καὶ</strong></span> <span class='ocrx_word' id='word_1_574' title='bbox 2623 3057 3001 3128; x_wconf 85' lang='grc' dir='ltr'>κατακρατοῦν</span> <span class='ocrx_word' id='word_1_575' title='bbox 3027 3058 3135 3110; x_wconf 83' lang='grc' dir='ltr'>τῶν</span> <span class='ocrx_word' id='word_1_576' title='bbox 3160 3059 3318 3122; x_wconf 81' lang='grc' dir='ltr'>ὅλων,</span> <span class='ocrx_word' id='word_1_577' title='bbox 3347 3061 3440 3112; x_wconf 71' lang='grc' dir='ltr'>καὶ</span> <span class='ocrx_word' id='word_1_578' title='bbox 3476 3062 3578 3113; x_wconf 70' lang='grc' dir='ltr'>ὑπὸ</span> <span class='ocrx_word' id='word_1_579' title='bbox 3631 3062 3755 3131; x_wconf 59' lang='grc' dir='ltr'><strong>μηδ-</strong></span> 
     </span>
    </p>
   </div>
   <div class='ocr_carea' id='block_1_78' title="bbox 2182 3145 3758 3220">
    <p class='ocr_par' dir='ltr' id='par_1_78' title="bbox 2182 3145 3758 3220">
     <span class='ocr_line' id='line_1_78' title="bbox 2182 3145 3758 3220; baseline 0.003 -23"><span class='ocrx_word' id='word_1_580' title='bbox 2182 3145 2294 3208; x_wconf 82' lang='grc' dir='ltr'>ενὸς</span> <span class='ocrx_word' id='word_1_581' title='bbox 2329 3145 2434 3197; x_wconf 82' lang='grc' dir='ltr'>τῶν</span> <span class='ocrx_word' id='word_1_582' title='bbox 2455 3145 2641 3198; x_wconf 64' lang='grc' dir='ltr'>παθῶν</span> <span class='ocrx_word' id='word_1_583' title='bbox 2674 3145 3121 3216; x_wconf 81' lang='grc' dir='ltr'>τυραννούμενον.</span> <span class='ocrx_word' id='word_1_584' title='bbox 3180 3149 3366 3217; x_wconf 81' lang='grc' dir='ltr'>Ἡμεῖς</span> <span class='ocrx_word' id='word_1_585' title='bbox 3393 3151 3448 3202; x_wconf 82' lang='grc' dir='ltr'><strong>δὲ</strong></span> <span class='ocrx_word' id='word_1_586' title='bbox 3481 3150 3577 3220; x_wconf 69' lang='grc' dir='ltr'>τὴν</span> <span class='ocrx_word' id='word_1_587' title='bbox 3605 3151 3758 3219; x_wconf 69' lang='grc' dir='ltr'>φύσιν</span> 
     </span>
    </p>
   </div>
   <div class='ocr_carea' id='block_1_79' title="bbox 2183 3238 3760 3314">
    <p class='ocr_par' dir='ltr' id='par_1_79' title="bbox 2183 3238 3760 3314">
     <span class='ocr_line' id='line_1_79' title="bbox 2183 3238 3760 3314; baseline 0.004 -25"><span class='ocrx_word' id='word_1_588' title='bbox 2183 3238 2590 3309; x_wconf 75' lang='grc' dir='ltr'>εύτροχωτατην</span> <span class='ocrx_word' id='word_1_589' title='bbox 2633 3256 2687 3290; x_wconf 87' lang='grc' dir='ltr'><strong>τε</strong></span> <span class='ocrx_word' id='word_1_590' title='bbox 2723 3238 2816 3291; x_wconf 73' lang='grc' dir='ltr'><strong>καὶ</strong></span> <span class='ocrx_word' id='word_1_591' title='bbox 2853 3239 3239 3308; x_wconf 56' lang='grc' dir='ltr'>εύπαράφορον</span> <span class='ocrx_word' id='word_1_592' title='bbox 3272 3245 3466 3314; x_wconf 77' lang='grc' dir='ltr'>κομιδῇ</span> <span class='ocrx_word' id='word_1_593' title='bbox 3507 3245 3641 3313; x_wconf 61' lang='grc' dir='ltr'>προς</span> <span class='ocrx_word' id='word_1_594' title='bbox 3671 3246 3760 3296; x_wconf 79' lang='grc' dir='ltr'>ἁλ-</span> 
     </span>
    </p>
   </div>
   <div class='ocr_carea' id='block_1_80' title="bbox 2183 3329 3758 3402">
    <p class='ocr_par' dir='ltr' id='par_1_80' title="bbox 2183 3329 3758 3402">
     <span class='ocr_line' id='line_1_80' title="bbox 2183 3329 3758 3402; baseline 0.007 -24"><span class='ocrx_word' id='word_1_595' title='bbox 2183 3329 2395 3381; x_wconf 82' lang='grc' dir='ltr'>λοίωσιν</span> <span class='ocrx_word' id='word_1_596' title='bbox 2422 3331 2635 3399; x_wconf 76' lang='grc' dir='ltr'>ἔχοντες</span> <span class='ocrx_word' id='word_1_597' title='bbox 2667 3331 2760 3382; x_wconf 77' lang='grc' dir='ltr'><strong>καὶ</strong></span> <span class='ocrx_word' id='word_1_598' title='bbox 2795 3331 3021 3401; x_wconf 72' lang='grc' dir='ltr'>τροπὴν,</span> <span class='ocrx_word' id='word_1_599' title='bbox 3050 3332 3401 3402; x_wconf 74' lang='grc' dir='ltr'>ἀπολλύμεθα</span> <span class='ocrx_word' id='word_1_600' title='bbox 3434 3331 3548 3386; x_wconf 83' lang='grc' dir='ltr'>τὸν’</span> <span class='ocrx_word' id='word_1_601' title='bbox 3571 3337 3758 3399; x_wconf 74' lang='grc' dir='ltr'>αίῶνα,</span> 
     </span>
    </p>
   </div>
   <div class='ocr_carea' id='block_1_81' title="bbox 2183 3422 3763 3498">
    <p class='ocr_par' dir='ltr' id='par_1_81' title="bbox 2183 3422 3763 3498">
     <span class='ocr_line' id='line_1_81' title="bbox 2183 3422 3763 3498; baseline 0.006 -27"><span class='ocrx_word' id='word_1_602' title='bbox 2183 3422 2459 3474; x_wconf 71' lang='grc' dir='ltr'>τουτέστιν</span> <span class='ocrx_word' id='word_1_603' title='bbox 2488 3465 2500 3485; x_wconf 91' lang='grc'><strong>,</strong></span> <span class='ocrx_word' id='word_1_604' title='bbox 2532 3424 2590 3474; x_wconf 83' lang='grc' dir='ltr'><strong>ἐν</strong></span> <span class='ocrx_word' id='word_1_605' title='bbox 2624 3423 2785 3476; x_wconf 78' lang='grc' dir='ltr'>παντὶ</span> <span class='ocrx_word' id='word_1_606' title='bbox 2835 3422 3011 3492; x_wconf 88' lang='grc' dir='ltr'>καιρῷ</span> <span class='ocrx_word' id='word_1_607' title='bbox 3057 3423 3150 3475; x_wconf 81' lang='grc' dir='ltr'><strong>καὶ</strong></span> <span class='ocrx_word' id='word_1_608' title='bbox 3200 3425 3396 3495; x_wconf 81' lang='grc' dir='ltr'>χρόνῳ.</span> <span class='ocrx_word' id='word_1_609' title='bbox 3434 3427 3665 3498; x_wconf 76' lang='grc' dir='ltr'>φθαρτοί</span> <span class='ocrx_word' id='word_1_610' title='bbox 3706 3429 3763 3481; x_wconf 89' lang='grc' dir='ltr'><strong>τέ</strong></span> 
     </span>
    </p>
   </div>
   <div class='ocr_carea' id='block_1_82' title="bbox 2186 3510 3760 3584">
    <p class='ocr_par' dir='ltr' id='par_1_82' title="bbox 2186 3510 3760 3584">
     <span class='ocr_line' id='line_1_82' title="bbox 2186 3510 3760 3584; baseline 0.005 -24"><span class='ocrx_word' id='word_1_611' title='bbox 2186 3513 2350 3581; x_wconf 79' lang='grc' dir='ltr'>ἐσμεν</span> <span class='ocrx_word' id='word_1_612' title='bbox 2375 3513 2466 3565; x_wconf 75' lang='grc' dir='ltr'><strong>καὶ</strong></span> <span class='ocrx_word' id='word_1_613' title='bbox 2495 3513 2736 3582; x_wconf 83' lang='grc' dir='ltr'>τρεπτοί.</span> <span class='ocrx_word' id='word_1_614' title='bbox 2767 3511 2893 3564; x_wconf 63' lang='grc' dir='ltr'>Οὖτ*</span> <span class='ocrx_word' id='word_1_615' title='bbox 2915 3510 3006 3565; x_wconf 82' lang='grc' dir='ltr'>οὖν</span> <span class='ocrx_word' id='word_1_616' title='bbox 3035 3512 3094 3565; x_wconf 86' lang='grc' dir='ltr'><strong>τὸ</strong></span> <span class='ocrx_word' id='word_1_617' title='bbox 3125 3512 3265 3566; x_wconf 84' lang='grc' dir='ltr'>θεῖον</span> <span class='ocrx_word' id='word_1_618' title='bbox 3296 3517 3352 3565; x_wconf 82' lang='grc' dir='ltr'><strong>ἐν</strong></span> <span class='ocrx_word' id='word_1_619' title='bbox 3380 3520 3760 3584; x_wconf 65' lang='grc' dir='ltr'>παρατροπαῐς</span> 
     </span>
    </p>
   </div>
   <div class='ocr_carea' id='block_1_83' title="bbox 2184 3604 3759 3675">
    <p class='ocr_par' dir='ltr' id='par_1_83' title="bbox 2184 3604 3759 3675">
     <span class='ocr_line' id='line_1_83' title="bbox 2184 3604 3759 3675; baseline 0.005 -22"><span class='ocrx_word' id='word_1_620' title='bbox 2184 3605 2377 3669; x_wconf 74' lang='grc' dir='ltr'>γένοιτ’</span> <span class='ocrx_word' id='word_1_621' title='bbox 2402 3605 2465 3657; x_wconf 83' lang='grc' dir='ltr'>ἄν</span> <span class='ocrx_word' id='word_1_622' title='bbox 2493 3621 2620 3656; x_wconf 85' lang='grc' dir='ltr'>ποτε</span> <span class='ocrx_word' id='word_1_623' title='bbox 2665 3607 2762 3673; x_wconf 84' lang='grc' dir='ltr'>τῆς</span> <span class='ocrx_word' id='word_1_624' title='bbox 2816 3604 2950 3666; x_wconf 81' lang='grc' dir='ltr'>ίδίας</span> <span class='ocrx_word' id='word_1_625' title='bbox 2995 3605 3335 3675; x_wconf 82' lang='grc' dir='ltr'>ἐδραιότητος</span> <span class='ocrx_word' id='word_1_626' title='bbox 3383 3606 3618 3670; x_wconf 77' lang='grc' dir='ltr'>ἐξωσθὲν</span> <span class='ocrx_word' id='word_1_627' title='bbox 3653 3608 3759 3661; x_wconf 77' lang='grc' dir='ltr'>ὑπό</span> 
     </span>
    </p>
   </div>
   <div class='ocr_carea' id='block_1_84' title="bbox 2183 3690 3767 3762">
    <p class='ocr_par' dir='ltr' id='par_1_84' title="bbox 2183 3690 3767 3762">
     <span class='ocr_line' id='line_1_84' title="bbox 2183 3690 3767 3762; baseline 0.003 -20"><span class='ocrx_word' id='word_1_628' title='bbox 2183 3709 2276 3742; x_wconf 74' lang='grc' dir='ltr'><strong>τοῦ</strong></span> <span class='ocrx_word' id='word_1_629' title='bbox 2316 3692 2424 3743; x_wconf 83' lang='grc' dir='ltr'>τῶν</span> <span class='ocrx_word' id='word_1_630' title='bbox 2475 3691 2680 3755; x_wconf 87' lang='grc' dir='ltr'>παθῶν,</span> <span class='ocrx_word' id='word_1_631' title='bbox 2717 3690 2828 3742; x_wconf 76' lang='grc' dir='ltr'>οὔτ’</span> <span class='ocrx_word' id='word_1_632' title='bbox 2861 3691 2926 3743; x_wconf 88' lang='grc' dir='ltr'><strong>ἂν</strong></span> <span class='ocrx_word' id='word_1_633' title='bbox 2975 3693 3007 3761; x_wconf 79' lang='grc' dir='ltr'><strong>ἡ</strong></span> <span class='ocrx_word' id='word_1_634' title='bbox 3057 3690 3269 3762; x_wconf 75' lang='grc' dir='ltr'>φθαρτή</span> <span class='ocrx_word' id='word_1_635' title='bbox 3306 3709 3358 3744; x_wconf 80' lang='grc' dir='ltr'><strong>τε</strong></span> <span class='ocrx_word' id='word_1_636' title='bbox 3388 3694 3477 3744; x_wconf 84' lang='grc' dir='ltr'><strong>καί</strong></span> <span class='ocrx_word' id='word_1_637' title='bbox 3519 3693 3767 3746; x_wconf 67' lang='grc' dir='ltr'>ἀλλοιού-</span> 
     </span>
    </p>
   </div>
   <div class='ocr_carea' id='block_1_85' title="bbox 2188 3781 3766 3854">
    <p class='ocr_par' dir='ltr' id='par_1_85' title="bbox 2188 3781 3766 3854">
     <span class='ocr_line' id='line_1_85' title="bbox 2188 3781 3766 3854; baseline 0.003 -21"><span class='ocrx_word' id='word_1_638' title='bbox 2188 3782 2322 3851; x_wconf 82' lang='grc' dir='ltr'>μένη</span> <span class='ocrx_word' id='word_1_639' title='bbox 2346 3821 2360 3844; x_wconf 92' lang='grc'><strong>,</strong></span> <span class='ocrx_word' id='word_1_640' title='bbox 2395 3782 2673 3834; x_wconf 72' lang='grc' dir='ltr'>τουτέστιν</span> <span class='ocrx_word' id='word_1_641' title='bbox 2723 3784 2755 3852; x_wconf 77' lang='grc' dir='ltr'>ἡ</span> <span class='ocrx_word' id='word_1_642' title='bbox 2790 3781 3010 3852; x_wconf 80' lang='grc' dir='ltr'>γενητὴ,</span> <span class='ocrx_word' id='word_1_643' title='bbox 3054 3783 3547 3854; x_wconf 78' lang='grc' dir='ltr'>καταπλουτήσειεν</span> <span class='ocrx_word' id='word_1_644' title='bbox 3585 3785 3646 3838; x_wconf 79' lang='grc' dir='ltr'>ἂν</span> <span class='ocrx_word' id='word_1_645' title='bbox 3673 3787 3766 3837; x_wconf 65' lang='grc' dir='ltr'><strong>οὐ·</strong></span> 
     </span>
    </p>
   </div>
   <div class='ocr_carea' id='block_1_86' title="bbox 2187 3871 3765 3946">
    <p class='ocr_par' dir='ltr' id='par_1_86' title="bbox 2187 3871 3765 3946">
     <span class='ocr_line' id='line_1_86' title="bbox 2187 3871 3765 3946; baseline 0.004 -24"><span class='ocrx_word' id='word_1_646' title='bbox 2187 3871 2351 3940; x_wconf 76' lang='grc' dir='ltr'>σιὼδη</span> <span class='ocrx_word' id='word_1_647' title='bbox 2402 3873 2499 3943; x_wconf 76' lang='grc' dir='ltr'>τὴν</span> <span class='ocrx_word' id='word_1_648' title='bbox 2547 3872 2829 3942; x_wconf 62' lang='grc' dir='ltr'>ἀτρεψίαν,</span> <span class='ocrx_word' id='word_1_649' title='bbox 2885 3872 3083 3925; x_wconf 65' lang='grc' dir='ltr'>οὐδ’ἂν</span> <span class='ocrx_word' id='word_1_650' title='bbox 3136 3875 3467 3944; x_wconf 83' lang='grc' dir='ltr'>ἐπαυχήσειε</span> <span class='ocrx_word' id='word_1_651' title='bbox 3515 3879 3626 3940; x_wconf 87' lang='grc' dir='ltr'>τοῖς</span> <span class='ocrx_word' id='word_1_652' title='bbox 3665 3879 3765 3946; x_wconf 84' lang='grc' dir='ltr'><strong>τῆς</strong></span> 
     </span>
    </p>
   </div>
   <div class='ocr_carea' id='block_1_87' title="bbox 2185 3963 3762 4035">
    <p class='ocr_par' dir='ltr' id='par_1_87' title="bbox 2185 3963 3762 4035">
     <span class='ocr_line' id='line_1_87' title="bbox 2185 3963 3762 4035; baseline 0.003 -21"><span class='ocrx_word' id='word_1_653' title='bbox 2185 3964 2334 4025; x_wconf 81' lang='grc' dir='ltr'>θείας</span> <span class='ocrx_word' id='word_1_654' title='bbox 2371 3963 2582 4032; x_wconf 74' lang='grc' dir='ltr'>φύσεως</span> <span class='ocrx_word' id='word_1_655' title='bbox 2615 3965 2836 4030; x_wconf 84' lang='grc' dir='ltr'>ἀγαθοῖς</span> <span class='ocrx_word' id='word_1_656' title='bbox 2865 3964 2938 4026; x_wconf 79' lang='grc' dir='ltr'>ὡς</span> <span class='ocrx_word' id='word_1_657' title='bbox 2961 3963 3170 4035; x_wconf 83' lang='grc' dir='ltr'>ίδίοιςὴ</span> <span class='ocrx_word' id='word_1_658' title='bbox 3203 3966 3400 4028; x_wconf 85' lang='grc' dir='ltr'>κτίσις.</span> <span class='ocrx_word' id='word_1_659' title='bbox 3445 3967 3762 4020; x_wconf 77' lang='grc' dir='ltr'>’Λκούσεται</span> 
     </span>
    </p>
   </div>
   <div class='ocr_carea' id='block_1_88' title="bbox 2184 4055 3758 4126">
    <p class='ocr_par' dir='ltr' id='par_1_88' title="bbox 2184 4055 3758 4126">
     <span class='ocr_line' id='line_1_88' title="bbox 2184 4055 3758 4126; baseline 0.002 -19"><span class='ocrx_word' id='word_1_660' title='bbox 2184 4056 2291 4126; x_wconf 77' lang='grc' dir='ltr'><strong>γὰρ</strong></span> <span class='ocrx_word' id='word_1_661' title='bbox 2320 4056 2578 4123; x_wconf 76' lang='grc' dir='ltr'>εὐλόγωςο</span> <span class='ocrx_word' id='word_1_662' title='bbox 2619 4073 2637 4106; x_wconf 76' lang='grc' dir='ltr'><strong>ι</strong></span> <span class='ocrx_word' id='word_1_663' title='bbox 2679 4055 2744 4107; x_wconf 84' lang='grc' dir='ltr'><strong>Ί’ί</strong></span> <span class='ocrx_word' id='word_1_664' title='bbox 2777 4055 2885 4125; x_wconf 90' lang='grc' dir='ltr'><strong>γάρ</strong></span> <span class='ocrx_word' id='word_1_665' title='bbox 2915 4055 3082 4124; x_wconf 80' lang='grc' dir='ltr'>ἔχεις,</span> <span class='ocrx_word' id='word_1_666' title='bbox 3113 4056 3141 4107; x_wconf 83' lang='grc' dir='ltr'><strong>ὃ</strong></span> <span class='ocrx_word' id='word_1_667' title='bbox 3185 4057 3285 4109; x_wconf 78' lang='grc' dir='ltr'><strong>οὐκ</strong></span> <span class='ocrx_word' id='word_1_668' title='bbox 3319 4057 3542 4122; x_wconf 58' lang='grc' dir='ltr'>ἔλαϐες</span> <span class='ocrx_word' id='word_1_669' title='bbox 3581 4078 3598 4108; x_wconf 74' lang='grc' dir='ltr'><strong>ι</strong></span> <span class='ocrx_word' id='word_1_670' title='bbox 3638 4059 3758 4111; x_wconf 82' lang='grc' dir='ltr'>Ὅτι</span> 
     </span>
    </p>
   </div>
   <div class='ocr_carea' id='block_1_89' title="bbox 2183 4145 3755 4217">
    <p class='ocr_par' dir='ltr' id='par_1_89' title="bbox 2183 4145 3755 4217">
     <span class='ocr_line' id='line_1_89' title="bbox 2183 4145 3755 4217; baseline 0 -18"><span class='ocrx_word' id='word_1_671' title='bbox 2183 4148 2234 4200; x_wconf 75' lang='grc' dir='ltr'>δέ</span> <span class='ocrx_word' id='word_1_672' title='bbox 2270 4150 2415 4198; x_wconf 81' lang='grc' dir='ltr'>ἐστιν</span> <span class='ocrx_word' id='word_1_673' title='bbox 2455 4146 2724 4216; x_wconf 76' lang='grc' dir='ltr'>ἄτρεπτος</span> <span class='ocrx_word' id='word_1_674' title='bbox 2766 4145 2864 4215; x_wconf 78' lang='grc' dir='ltr'>μὲν</span> <span class='ocrx_word' id='word_1_675' title='bbox 2895 4145 2988 4197; x_wconf 75' lang='grc' dir='ltr'><strong>καὶ</strong></span> <span class='ocrx_word' id='word_1_676' title='bbox 3025 4145 3381 4209; x_wconf 84' lang='grc' dir='ltr'>ἀναλλοίωτος</span> <span class='ocrx_word' id='word_1_677' title='bbox 3411 4149 3686 4212; x_wconf 68' lang='grc' dir='ltr'>παντελῦς</span> <span class='ocrx_word' id='word_1_678' title='bbox 3724 4152 3755 4217; x_wconf 81' lang='grc' dir='ltr'>ἡ</span> 
     </span>
    </p>
   </div>
   <div class='ocr_carea' id='block_1_90' title="bbox 2183 4236 3753 4309">
    <p class='ocr_par' dir='ltr' id='par_1_90' title="bbox 2183 4236 3753 4309">
     <span class='ocr_line' id='line_1_90' title="bbox 2183 4236 3753 4309; baseline 0 -18"><span class='ocrx_word' id='word_1_679' title='bbox 2183 4240 2274 4291; x_wconf 85' lang='grc' dir='ltr'><strong>τοῦ</strong></span> <span class='ocrx_word' id='word_1_680' title='bbox 2328 4240 2486 4305; x_wconf 81' lang='grc' dir='ltr'>λόγου</span> <span class='ocrx_word' id='word_1_681' title='bbox 2527 4237 2707 4306; x_wconf 81' lang='grc' dir='ltr'>φύσις,</span> <span class='ocrx_word' id='word_1_682' title='bbox 2764 4236 3026 4308; x_wconf 79' lang='grc' dir='ltr'>ἀλλοιωτὴ</span> <span class='ocrx_word' id='word_1_683' title='bbox 3060 4237 3116 4290; x_wconf 83' lang='grc' dir='ltr'>δὲ</span> <span class='ocrx_word' id='word_1_684' title='bbox 3147 4239 3424 4301; x_wconf 82' lang='grc' dir='ltr'>παντελῶς</span> <span class='ocrx_word' id='word_1_685' title='bbox 3471 4241 3504 4308; x_wconf 80' lang='grc' dir='ltr'>ἡ</span> <span class='ocrx_word' id='word_1_686' title='bbox 3539 4241 3753 4309; x_wconf 73' lang='grc' dir='ltr'>γενητὴ,</span> 
     </span>
    </p>
   </div>
   <div class='ocr_carea' id='block_1_91' title="bbox 2183 4330 3755 4403">
    <p class='ocr_par' dir='ltr' id='par_1_91' title="bbox 2183 4330 3755 4403">
     <span class='ocr_line' id='line_1_91' title="bbox 2183 4330 3755 4403; baseline -0.001 -19"><span class='ocrx_word' id='word_1_687' title='bbox 2183 4331 2524 4403; x_wconf 78' lang='grc' dir='ltr'>καταθρήσαι</span> <span class='ocrx_word' id='word_1_688' title='bbox 2558 4348 2639 4393; x_wconf 89' lang='grc' dir='ltr'><strong>τις</strong></span> <span class='ocrx_word' id='word_1_689' title='bbox 2680 4331 2743 4382; x_wconf 82' lang='grc' dir='ltr'><strong>ἂν</strong></span> <span class='ocrx_word' id='word_1_690' title='bbox 2779 4330 2871 4382; x_wconf 77' lang='grc' dir='ltr'><strong>καὶ</strong></span> <span class='ocrx_word' id='word_1_691' title='bbox 2911 4330 3028 4382; x_wconf 85' lang='grc' dir='ltr'>λίαν</span> <span class='ocrx_word' id='word_1_692' title='bbox 3051 4330 3308 4393; x_wconf 76' lang='grc' dir='ltr'>εὐκόλως,</span> <span class='ocrx_word' id='word_1_693' title='bbox 3357 4331 3755 4402; x_wconf 77' lang='grc' dir='ltr'>ἀναμελῳδοῦν-</span> 
     </span>
    </p>
   </div>
   <div class='ocr_carea' id='block_1_92' title="bbox 499 4418 2075 4498">
    <p class='ocr_par' dir='ltr' id='par_1_92' title="bbox 499 4418 2074 4489">
     <span class='ocr_line' id='line_1_92' title="bbox 499 4418 2074 4489; baseline 0.001 -16"><span class='ocrx_word' id='word_1_694' title='bbox 499 4431 548 4473; x_wconf 85' lang='lat' dir='ltr'><strong>et</strong></span> <span class='ocrx_word' id='word_1_695' title='bbox 600 4421 724 4472; x_wconf 90' lang='lat' dir='ltr'><strong>anni</strong></span> <span class='ocrx_word' id='word_1_696' title='bbox 778 4420 851 4471; x_wconf 90' lang='lat' dir='ltr'><strong>tui</strong></span> <span class='ocrx_word' id='word_1_697' title='bbox 917 4435 1022 4472; x_wconf 90' lang='lat' dir='ltr'><strong>non</strong></span> <span class='ocrx_word' id='word_1_698' title='bbox 1073 4419 1416 4472; x_wconf 74' lang='lat' dir='ltr'><strong>deﬁt-ient&quot;.</strong></span> <span class='ocrx_word' id='word_1_699' title='bbox 1454 4438 1473 4470; x_wconf 76' lang='grc' dir='ltr'><strong>ι</strong></span> <span class='ocrx_word' id='word_1_700' title='bbox 1515 4418 1610 4473; x_wconf 83' lang='lat' dir='ltr'><strong>Ubi</strong></span> <span class='ocrx_word' id='word_1_701' title='bbox 1665 4421 1826 4489; x_wconf 74' lang='lat' dir='ltr'><strong>igitur</strong></span> <span class='ocrx_word' id='word_1_702' title='bbox 1879 4423 2074 4474; x_wconf 88' lang='lat' dir='ltr'><strong>mansit</strong></span> 
     </span>
    </p>
   </div>
   <div class='ocr_carea' id='block_1_93' title="bbox 2177 4418 3757 4498">
    <p class='ocr_par' dir='ltr' id='par_1_93' title="bbox 2184 4419 3757 4493">
     <span class='ocr_line' id='line_1_93' title="bbox 2184 4419 3757 4493; baseline -0.001 -19"><span class='ocrx_word' id='word_1_703' title='bbox 2184 4440 2271 4485; x_wconf 83' lang='grc' dir='ltr'><strong>τος</strong></span> <span class='ocrx_word' id='word_1_704' title='bbox 2309 4424 2364 4475; x_wconf 81' lang='grc' dir='ltr'>ἐν</span> <span class='ocrx_word' id='word_1_705' title='bbox 2406 4423 2681 4491; x_wconf 87' lang='grc' dir='ltr'>Πνεύματι</span> <span class='ocrx_word' id='word_1_706' title='bbox 2717 4419 2809 4472; x_wconf 81' lang='grc' dir='ltr'><strong>τοῦ</strong></span> <span class='ocrx_word' id='word_1_707' title='bbox 2847 4421 3116 4490; x_wconf 84' lang='grc' dir='ltr'>μακαρίου</span> <span class='ocrx_word' id='word_1_708' title='bbox 3154 4421 3346 4474; x_wconf 72' lang='grc' dir='ltr'>Δαϐίδι</span> <span class='ocrx_word' id='word_1_709' title='bbox 3387 4443 3404 4472; x_wconf 75' lang='grc' dir='ltr'><strong>ι</strong></span> <span class='ocrx_word' id='word_1_710' title='bbox 3446 4424 3508 4473; x_wconf 79' lang='grc' dir='ltr'><strong>Οἱ</strong></span> <span class='ocrx_word' id='word_1_711' title='bbox 3546 4425 3757 4493; x_wconf 71' lang='grc' dir='ltr'>οὐρανοὶ</span> 
     </span>
    </p>
   </div>
   <div class='ocr_carea' id='block_1_94' title="bbox 500 4510 2071 4580">
    <p class='ocr_par' dir='ltr' id='par_1_94' title="bbox 500 4510 2071 4580">
     <span class='ocr_line' id='line_1_94' title="bbox 500 4510 2071 4580; baseline -0.001 -15"><span class='ocrx_word' id='word_1_712' title='bbox 500 4510 734 4566; x_wconf 65' lang='lat' dir='ltr'><strong>Verbum</strong></span> <span class='ocrx_word' id='word_1_713' title='bbox 788 4511 902 4574; x_wconf 85' lang='lat' dir='ltr'><strong>Dei,</strong></span> <span class='ocrx_word' id='word_1_714' title='bbox 945 4512 988 4565; x_wconf 89' lang='lat' dir='ltr'><strong>si</strong></span> <span class='ocrx_word' id='word_1_715' title='bbox 1039 4526 1165 4566; x_wconf 76' lang='lat' dir='ltr'><strong>rere</strong></span> <span class='ocrx_word' id='word_1_716' title='bbox 1215 4511 1434 4580; x_wconf 89' lang='lat' dir='ltr'><strong>dicitur,</strong></span> <span class='ocrx_word' id='word_1_717' title='bbox 1480 4512 1625 4580; x_wconf 89' lang='lat' dir='ltr'><strong>quod</strong></span> <span class='ocrx_word' id='word_1_718' title='bbox 1685 4511 1924 4579; x_wconf 79' lang='lat' dir='ltr'><strong>deposila</strong></span> <span class='ocrx_word' id='word_1_719' title='bbox 1977 4528 2071 4566; x_wconf 90' lang='lat' dir='ltr'><strong>sua</strong></span> 
     </span>
    </p>
   </div>
   <div class='ocr_carea' id='block_1_95' title="bbox 500 4603 2073 4674">
    <p class='ocr_par' dir='ltr' id='par_1_95' title="bbox 500 4603 2073 4674">
     <span class='ocr_line' id='line_1_95' title="bbox 500 4603 2073 4674; baseline 0 -16"><span class='ocrx_word' id='word_1_720' title='bbox 500 4604 757 4658; x_wconf 88' lang='lat' dir='ltr'><strong>lirtnitate</strong></span> <span class='ocrx_word' id='word_1_721' title='bbox 807 4615 965 4671; x_wconf 80' lang='lat' dir='ltr'><strong>atque</strong></span> <span class='ocrx_word' id='word_1_722' title='bbox 1012 4603 1335 4667; x_wconf 86' lang='lat' dir='ltr'><strong>stabilitate,</strong></span> <span class='ocrx_word' id='word_1_723' title='bbox 1385 4605 1449 4657; x_wconf 91' lang='lat' dir='ltr'><strong>ad</strong></span> <span class='ocrx_word' id='word_1_724' title='bbox 1503 4605 1553 4659; x_wconf 90' lang='lat' dir='ltr'><strong>id</strong></span> <span class='ocrx_word' id='word_1_725' title='bbox 1604 4603 1744 4674; x_wconf 86' lang='lat' dir='ltr'><strong>quod</strong></span> <span class='ocrx_word' id='word_1_726' title='bbox 1809 4619 1912 4657; x_wconf 91' lang='lat' dir='ltr'><strong>non</strong></span> <span class='ocrx_word' id='word_1_727' title='bbox 1959 4617 2073 4659; x_wconf 89' lang='lat' dir='ltr'><strong>erat</strong></span> 
     </span>
    </p>
   </div>
   <div class='ocr_carea' id='block_1_96' title="bbox 501 4698 2074 4767">
    <p class='ocr_par' dir='ltr' id='par_1_96' title="bbox 501 4698 2074 4767">
     <span class='ocr_line' id='line_1_96' title="bbox 501 4698 2074 4767; baseline 0.001 -17"><span class='ocrx_word' id='word_1_728' title='bbox 501 4698 778 4752; x_wconf 86' lang='lat' dir='ltr'><strong>traductus</strong></span> <span class='ocrx_word' id='word_1_729' title='bbox 814 4710 914 4761; x_wconf 75' lang='lat' dir='ltr'><strong>esu,</strong></span> <span class='ocrx_word' id='word_1_730' title='bbox 973 4698 1491 4767; x_wconf 78' lang='lat' dir='ltr'><strong>trattsl&#39;ormatusque</strong></span> <span class='ocrx_word' id='word_1_731' title='bbox 1525 4707 1607 4752; x_wconf 91' lang='lat' dir='ltr'><strong>est</strong></span> <span class='ocrx_word' id='word_1_732' title='bbox 1657 4699 1708 4752; x_wconf 90' lang='lat' dir='ltr'><strong>in</strong></span> <span class='ocrx_word' id='word_1_733' title='bbox 1758 4699 1938 4752; x_wconf 87' lang='lat' dir='ltr'><strong>carnis</strong></span> <span class='ocrx_word' id='word_1_734' title='bbox 1974 4714 2074 4751; x_wconf 89' lang='lat' dir='ltr'><strong>na-</strong></span> 
     </span>
    </p>
   </div>
   <div class='ocr_carea' id='block_1_97' title="bbox 500 4789 2076 4860">
    <p class='ocr_par' dir='ltr' id='par_1_97' title="bbox 500 4789 2076 4860">
     <span class='ocr_line' id='line_1_97' title="bbox 500 4789 2076 4860; baseline 0.001 -19"><span class='ocrx_word' id='word_1_735' title='bbox 500 4799 696 4854; x_wconf 83' lang='lat' dir='ltr'><strong>turam,</strong></span> <span class='ocrx_word' id='word_1_736' title='bbox 735 4798 790 4842; x_wconf 92' lang='lat' dir='ltr'><strong>ct</strong></span> <span class='ocrx_word' id='word_1_737' title='bbox 828 4801 1025 4841; x_wconf 82' lang='lat' dir='ltr'><strong>statum</strong></span> <span class='ocrx_word' id='word_1_738' title='bbox 1069 4789 1514 4858; x_wconf 83' lang='lat' dir='ltr'><strong>corruptibiletn?</strong></span> <span class='ocrx_word' id='word_1_739' title='bbox 1555 4791 1704 4843; x_wconf 83' lang='lat' dir='ltr'><strong>Anne</strong></span> <span class='ocrx_word' id='word_1_740' title='bbox 1743 4791 1923 4860; x_wconf 88' lang='lat' dir='ltr'><strong>potius</strong></span> <span class='ocrx_word' id='word_1_741' title='bbox 1975 4791 2076 4843; x_wconf 85' lang='lat' dir='ltr'><strong>hoc</strong></span> 
     </span>
    </p>
   </div>
   <div class='ocr_carea' id='block_1_98' title="bbox 498 4877 1326 4951">
    <p class='ocr_par' dir='ltr' id='par_1_98' title="bbox 498 4877 1326 4951">
     <span class='ocr_line' id='line_1_98' title="bbox 498 4877 1326 4951; baseline 0.004 -18"><span class='ocrx_word' id='word_1_742' title='bbox 498 4880 746 4936; x_wconf 87' lang='lat' dir='ltr'><strong>delirium</strong></span> <span class='ocrx_word' id='word_1_743' title='bbox 779 4877 939 4951; x_wconf 77' lang='lat' dir='ltr'><strong>atque</strong></span> <span class='ocrx_word' id='word_1_744' title='bbox 963 4882 1168 4936; x_wconf 87' lang='lat' dir='ltr'><strong>insania</strong></span> <span class='ocrx_word' id='word_1_745' title='bbox 1201 4883 1326 4937; x_wconf 87' lang='lat' dir='ltr'><strong>est?</strong></span> 
     </span>
    </p>
   </div>
   <div class='ocr_carea' id='block_1_99' title="bbox 2179 4512 3758 4583">
    <p class='ocr_par' dir='ltr' id='par_1_99' title="bbox 2179 4512 3758 4583">
     <span class='ocr_line' id='line_1_99' title="bbox 2179 4512 3758 4583; baseline -0.003 -15"><span class='ocrx_word' id='word_1_746' title='bbox 2179 4514 2522 4578; x_wconf 82' lang='grc' dir='ltr'>ἀπολοῦνται,</span> <span class='ocrx_word' id='word_1_747' title='bbox 2563 4515 2626 4566; x_wconf 81' lang='grc' dir='ltr'><strong>σὺ</strong></span> <span class='ocrx_word' id='word_1_748' title='bbox 2651 4514 2706 4566; x_wconf 83' lang='grc' dir='ltr'><strong>δὲ</strong></span> <span class='ocrx_word' id='word_1_749' title='bbox 2739 4513 3032 4581; x_wconf 88' lang='grc' dir='ltr'>διαμενεῖς,</span> <span class='ocrx_word' id='word_1_750' title='bbox 3073 4512 3166 4565; x_wconf 77' lang='grc' dir='ltr'><strong>καὶ</strong></span> <span class='ocrx_word' id='word_1_751' title='bbox 3200 4514 3401 4576; x_wconf 81' lang='grc' dir='ltr'>πάντες</span> <span class='ocrx_word' id='word_1_752' title='bbox 3439 4515 3514 4576; x_wconf 84' lang='grc' dir='ltr'>ὡς</span> <span class='ocrx_word' id='word_1_753' title='bbox 3548 4516 3758 4583; x_wconf 75' lang='grc' dir='ltr'>ἱμάτιον</span> 
     </span>
    </p>
   </div>
   <div class='ocr_carea' id='block_1_100' title="bbox 2179 4605 3758 4677">
    <p class='ocr_par' dir='ltr' id='par_1_100' title="bbox 2179 4605 3758 4677">
     <span class='ocr_line' id='line_1_100' title="bbox 2179 4605 3758 4677; baseline -0.001 -17"><span class='ocrx_word' id='word_1_754' title='bbox 2179 4607 2680 4677; x_wconf 85' lang='grc' dir='ltr'>παλαιωθήσονται,</span> <span class='ocrx_word' id='word_1_755' title='bbox 2727 4607 2820 4658; x_wconf 74' lang='grc' dir='ltr'>καὶ</span> <span class='ocrx_word' id='word_1_756' title='bbox 2863 4607 2994 4657; x_wconf 71' lang='grc' dir='ltr'>ὡσεὶ</span> <span class='ocrx_word' id='word_1_757' title='bbox 3048 4605 3393 4675; x_wconf 82' lang='grc' dir='ltr'>περιϐόλαιον</span> <span class='ocrx_word' id='word_1_758' title='bbox 3430 4606 3622 4671; x_wconf 79' lang='grc' dir='ltr'>ἑλίξεις</span> <span class='ocrx_word' id='word_1_759' title='bbox 3660 4608 3758 4658; x_wconf 74' lang='grc' dir='ltr'>αῦ-</span> 
     </span>
    </p>
   </div>
   <div class='ocr_carea' id='block_1_101' title="bbox 2178 4692 3757 4768">
    <p class='ocr_par' dir='ltr' id='par_1_101' title="bbox 2178 4692 3757 4768">
     <span class='ocr_line' id='line_1_101' title="bbox 2178 4692 3757 4768; baseline -0.002 -16"><span class='ocrx_word' id='word_1_760' title='bbox 2178 4700 2326 4763; x_wconf 77' lang='grc' dir='ltr'>τοὺς,</span> <span class='ocrx_word' id='word_1_761' title='bbox 2352 4700 2444 4752; x_wconf 70' lang='grc' dir='ltr'><strong>καὶ</strong></span> <span class='ocrx_word' id='word_1_762' title='bbox 2467 4698 2884 4768; x_wconf 84' lang='grc' dir='ltr'>ἀλλαγήσονται.</span> <span class='ocrx_word' id='word_1_763' title='bbox 2923 4697 2994 4749; x_wconf 80' lang='grc' dir='ltr'>Σὺ</span> <span class='ocrx_word' id='word_1_764' title='bbox 3021 4697 3074 4748; x_wconf 79' lang='grc' dir='ltr'><strong>δὲ</strong></span> <span class='ocrx_word' id='word_1_765' title='bbox 3106 4699 3134 4749; x_wconf 86' lang='grc' dir='ltr'>ὁ</span> <span class='ocrx_word' id='word_1_766' title='bbox 3162 4697 3323 4759; x_wconf 77' lang='grc' dir='ltr'>αὐτὸς</span> <span class='ocrx_word' id='word_1_767' title='bbox 3349 4692 3418 4758; x_wconf 79' lang='grc' dir='ltr'>εἴ,</span> <span class='ocrx_word' id='word_1_768' title='bbox 3450 4699 3543 4748; x_wconf 74' lang='grc' dir='ltr'><strong>καὶ</strong></span> <span class='ocrx_word' id='word_1_769' title='bbox 3575 4700 3640 4750; x_wconf 70' lang='grc' dir='ltr'><strong>τὰ</strong></span> <span class='ocrx_word' id='word_1_770' title='bbox 3664 4698 3757 4766; x_wconf 71' lang='grc' dir='ltr'><strong>ἔτη</strong></span> 
     </span>
    </p>
   </div>
   <div class='ocr_carea' id='block_1_102' title="bbox 2183 4788 3759 4860">
    <p class='ocr_par' dir='ltr' id='par_1_102' title="bbox 2183 4788 3759 4860">
     <span class='ocr_line' id='line_1_102' title="bbox 2183 4788 3759 4860; baseline -0.002 -16"><span class='ocrx_word' id='word_1_771' title='bbox 2183 4809 2274 4844; x_wconf 81' lang='grc' dir='ltr'><strong>σου</strong></span> <span class='ocrx_word' id='word_1_772' title='bbox 2312 4792 2411 4844; x_wconf 73' lang='grc' dir='ltr'>οὐκ</span> <span class='ocrx_word' id='word_1_773' title='bbox 2454 4789 2784 4859; x_wconf 65' lang='grc' dir='ltr'>ἐκλείψουσι.</span> <span class='ocrx_word' id='word_1_774' title='bbox 2823 4808 2841 4841; x_wconf 74' lang='grc' dir='ltr'><strong>ι</strong></span> <span class='ocrx_word' id='word_1_775' title='bbox 2881 4789 2987 4841; x_wconf 88' lang='grc' dir='ltr'>Ποῦ</span> <span class='ocrx_word' id='word_1_776' title='bbox 3022 4788 3313 4860; x_wconf 74' lang='grc' dir='ltr'>τοιγαροῦν</span> <span class='ocrx_word' id='word_1_777' title='bbox 3374 4791 3683 4860; x_wconf 78' lang='grc' dir='ltr'>μεμένηκεν</span> <span class='ocrx_word' id='word_1_778' title='bbox 3733 4796 3759 4841; x_wconf 81' lang='grc' dir='ltr'><strong>ο</strong></span> 
     </span>
    </p>
   </div>
   <div class='ocr_carea' id='block_1_103' title="bbox 2182 4881 3753 4952">
    <p class='ocr_par' dir='ltr' id='par_1_103' title="bbox 2182 4881 3753 4952">
     <span class='ocr_line' id='line_1_103' title="bbox 2182 4881 3753 4952; baseline -0.003 -16"><span class='ocrx_word' id='word_1_779' title='bbox 2182 4885 2344 4946; x_wconf 71' lang='grc' dir='ltr'>αὐτος</span> <span class='ocrx_word' id='word_1_780' title='bbox 2368 4885 2396 4935; x_wconf 86' lang='grc' dir='ltr'>ὁ</span> <span class='ocrx_word' id='word_1_781' title='bbox 2426 4884 2488 4935; x_wconf 78' lang='grc' dir='ltr'><strong>ἐκ</strong></span> <span class='ocrx_word' id='word_1_782' title='bbox 2523 4882 2657 4935; x_wconf 84' lang='grc' dir='ltr'>Θεοῦ</span> <span class='ocrx_word' id='word_1_783' title='bbox 2699 4883 2890 4951; x_wconf 88' lang='grc' dir='ltr'>Λόγος,</span> <span class='ocrx_word' id='word_1_784' title='bbox 2923 4881 3081 4952; x_wconf 73' lang='grc' dir='ltr'>εἰπερ</span> <span class='ocrx_word' id='word_1_785' title='bbox 3113 4883 3261 4934; x_wconf 63' lang='lat' dir='ltr'><strong>eam</strong></span> <span class='ocrx_word' id='word_1_786' title='bbox 3303 4883 3526 4951; x_wconf 80' lang='grc' dir='ltr'>ἀτρεκὲς</span> <span class='ocrx_word' id='word_1_787' title='bbox 3553 4884 3753 4940; x_wconf 75' lang='grc' dir='ltr'>εἰπεῖν,</span> 
     </span>
    </p>
   </div>
   <div class='ocr_carea' id='block_1_104' title="bbox 493 4971 3756 5053">
    <p class='ocr_par' dir='ltr' id='par_1_104' title="bbox 493 4971 3756 5053">
     <span class='ocr_line' id='line_1_104' title="bbox 493 4971 3756 5053; baseline -0.004 -15"><span class='ocrx_word' id='word_1_788' title='bbox 493 4987 576 5038; x_wconf 77' lang='grc' dir='ltr'>ὅτι</span> <span class='ocrx_word' id='word_1_789' title='bbox 618 4980 799 5051; x_wconf 74' lang='grc' dir='ltr'>μεθεὶς</span> <span class='ocrx_word' id='word_1_790' title='bbox 834 4981 1316 5053; x_wconf 78' lang='grc' dir='ltr'>τὸὲρηρεισμένως</span> <span class='ocrx_word' id='word_1_791' title='bbox 1367 4998 1426 5034; x_wconf 85' lang='grc' dir='ltr'><strong>τε</strong></span> <span class='ocrx_word' id='word_1_792' title='bbox 1489 4981 1580 5034; x_wconf 70' lang='grc' dir='ltr'><strong>καὶ</strong></span> <span class='ocrx_word' id='word_1_793' title='bbox 1607 4981 1912 5052; x_wconf 81' lang='grc' dir='ltr'>ἁκλονήτως</span> <span class='ocrx_word' id='word_1_794' title='bbox 1944 4981 2107 5051; x_wconf 79' lang='grc' dir='ltr'>ἔχειν,</span> <span class='ocrx_word' id='word_1_795' title='bbox 2147 4981 2583 5050; x_wconf 78' lang='grc' dir='ltr'>καταπεφοίτηκε</span> <span class='ocrx_word' id='word_1_796' title='bbox 2649 4979 2748 5049; x_wconf 81' lang='grc' dir='ltr'><strong>μὲν</strong></span> <span class='ocrx_word' id='word_1_797' title='bbox 2798 4979 2876 5039; x_wconf 77' lang='grc' dir='ltr'>εἰς</span> <span class='ocrx_word' id='word_1_798' title='bbox 2917 4978 3053 5047; x_wconf 83' lang='grc' dir='ltr'>ὅπερ</span> <span class='ocrx_word' id='word_1_799' title='bbox 3077 4976 3176 5028; x_wconf 82' lang='grc' dir='ltr'><strong>οὐκ</strong></span> <span class='ocrx_word' id='word_1_800' title='bbox 3202 4971 3288 5044; x_wconf 76' lang='grc' dir='ltr'>ἦν,</span> <span class='ocrx_word' id='word_1_801' title='bbox 3327 4977 3756 5045; x_wconf 75' lang='grc' dir='ltr'>μεταπεποῖηται</span> 
     </span>
    </p>
   </div>
   <div class='ocr_carea' id='block_1_105' title="bbox 494 5066 3756 5143">
    <p class='ocr_par' dir='ltr' id='par_1_105' title="bbox 494 5066 3756 5143">
     <span class='ocr_line' id='line_1_105' title="bbox 494 5066 3756 5143; baseline -0.002 -16"><span class='ocrx_word' id='word_1_802' title='bbox 494 5073 550 5127; x_wconf 72' lang='grc' dir='ltr'><strong>δὲ</strong></span> <span class='ocrx_word' id='word_1_803' title='bbox 578 5073 673 5126; x_wconf 69' lang='grc' dir='ltr'><strong>καὶ</strong></span> <span class='ocrx_word' id='word_1_804' title='bbox 708 5073 788 5136; x_wconf 84' lang='grc' dir='ltr'>εἰς</span> <span class='ocrx_word' id='word_1_805' title='bbox 819 5073 1018 5143; x_wconf 78' lang='grc' dir='ltr'>σαρκὸς</span> <span class='ocrx_word' id='word_1_806' title='bbox 1059 5072 1239 5142; x_wconf 85' lang='grc' dir='ltr'>φύσιν,</span> <span class='ocrx_word' id='word_1_807' title='bbox 1277 5074 1370 5126; x_wconf 77' lang='grc' dir='ltr'><strong>καὶ</strong></span> <span class='ocrx_word' id='word_1_808' title='bbox 1435 5075 1514 5137; x_wconf 86' lang='grc' dir='ltr'><strong>εἰς</strong></span> <span class='ocrx_word' id='word_1_809' title='bbox 1576 5073 1637 5126; x_wconf 84' lang='grc' dir='ltr'>τὸ</span> <span class='ocrx_word' id='word_1_810' title='bbox 1681 5071 1997 5142; x_wconf 79' lang='grc' dir='ltr'>φθείρεσθαι</span> <span class='ocrx_word' id='word_1_811' title='bbox 2063 5073 2337 5141; x_wconf 67' lang='grc' dir='ltr'>πεφυκόςς</span> <span class='ocrx_word' id='word_1_812' title='bbox 2371 5067 2495 5142; x_wconf 70' lang='lat' dir='ltr'><strong>&#39;Ap‘</strong></span> <span class='ocrx_word' id='word_1_813' title='bbox 2538 5066 2631 5124; x_wconf 75' lang='grc' dir='ltr'><strong>οὖν</strong></span> <span class='ocrx_word' id='word_1_814' title='bbox 2675 5071 2793 5140; x_wconf 73' lang='grc' dir='ltr'><strong>οὐχὶ</strong></span> <span class='ocrx_word' id='word_1_815' title='bbox 2843 5070 3008 5140; x_wconf 76' lang='grc' dir='ltr'>λῆρός</span> <span class='ocrx_word' id='word_1_816' title='bbox 3082 5085 3138 5120; x_wconf 92' lang='grc' dir='ltr'><strong>τε</strong></span> <span class='ocrx_word' id='word_1_817' title='bbox 3177 5067 3269 5119; x_wconf 73' lang='grc' dir='ltr'><strong>καὶ</strong></span> <span class='ocrx_word' id='word_1_818' title='bbox 3314 5066 3413 5135; x_wconf 73' lang='grc' dir='ltr'><strong>ήδη</strong></span> <span class='ocrx_word' id='word_1_819' title='bbox 3466 5069 3559 5118; x_wconf 75' lang='grc' dir='ltr'><strong>καὶ</strong></span> <span class='ocrx_word' id='word_1_820' title='bbox 3591 5069 3756 5133; x_wconf 75' lang='grc' dir='ltr'>μανία</span> 
     </span>
    </p>
   </div>
   <div class='ocr_carea' id='block_1_106' title="bbox 494 5165 683 5233">
    <p class='ocr_par' dir='ltr' id='par_1_106' title="bbox 494 5165 683 5233">
     <span class='ocr_line' id='line_1_106' title="bbox 494 5165 683 5233; baseline -0.011 -13"><span class='ocrx_word' id='word_1_821' title='bbox 494 5165 683 5233; x_wconf 86' lang='grc' dir='ltr'>ταυτί;</span> 
     </span>
    </p>
   </div>
   <div class='ocr_carea' id='block_1_107' title="bbox 567 5260 957 5315">
    <p class='ocr_par' dir='ltr' id='par_1_107' title="bbox 567 5260 957 5315">
     <span class='ocr_line' id='line_1_107' title="bbox 567 5260 957 5315; baseline 0.003 -2"><span class='ocrx_word' id='word_1_822' title='bbox 567 5260 627 5313; x_wconf 85' lang='grc' dir='ltr'><strong>Β.</strong></span> <span class='ocrx_word' id='word_1_823' title='bbox 669 5261 760 5315; x_wconf 80' lang='lat' dir='ltr'><strong>Est</strong></span> <span class='ocrx_word' id='word_1_824' title='bbox 793 5274 957 5315; x_wconf 83' lang='lat' dir='ltr'><strong>certe.</strong></span> 
     </span>
    </p>
   </div>
   <div class='ocr_carea' id='block_1_108' title="bbox 567 5351 2067 5421">
    <p class='ocr_par' dir='ltr' id='par_1_108' title="bbox 567 5351 2067 5421">
     <span class='ocr_line' id='line_1_108' title="bbox 567 5351 2067 5421; baseline 0.003 -19"><span class='ocrx_word' id='word_1_825' title='bbox 567 5352 630 5406; x_wconf 82' lang='lat' dir='ltr'><strong>A.</strong></span> <span class='ocrx_word' id='word_1_826' title='bbox 674 5351 878 5405; x_wconf 86' lang='lat' dir='ltr'><strong>Licebit</strong></span> <span class='ocrx_word' id='word_1_827' title='bbox 903 5353 1045 5405; x_wconf 88' lang='lat' dir='ltr'><strong>enim</strong></span> <span class='ocrx_word' id='word_1_828' title='bbox 1080 5368 1192 5421; x_wconf 84' lang='lat' dir='ltr'><strong>part</strong></span> <span class='ocrx_word' id='word_1_829' title='bbox 1227 5352 1529 5406; x_wconf 85' lang='lat' dir='ltr'><strong>temeritate</strong></span> <span class='ocrx_word' id='word_1_830' title='bbox 1560 5351 1760 5418; x_wconf 89' lang='lat' dir='ltr'><strong>dicere,</strong></span> <span class='ocrx_word' id='word_1_831' title='bbox 1790 5354 1929 5421; x_wconf 90' lang='lat' dir='ltr'><strong>quod</strong></span> <span class='ocrx_word' id='word_1_832' title='bbox 1963 5369 2067 5408; x_wconf 88' lang='lat' dir='ltr'><strong>non</strong></span> 
     </span>
    </p>
   </div>
   <div class='ocr_carea' id='block_1_109' title="bbox 497 5443 2069 5513">
    <p class='ocr_par' dir='ltr' id='par_1_109' title="bbox 497 5443 2069 5513">
     <span class='ocr_line' id='line_1_109' title="bbox 497 5443 2069 5513; baseline 0.006 -24"><span class='ocrx_word' id='word_1_833' title='bbox 497 5454 580 5493; x_wconf 62' lang='lat' dir='ltr'><strong>Chl</strong></span> <span class='ocrx_word' id='word_1_834' title='bbox 621 5443 1021 5497; x_wconf 80' lang='lat' dir='ltr'><strong>dissentaneutn</strong></span> <span class='ocrx_word' id='word_1_835' title='bbox 1051 5483 1064 5509; x_wconf 94' lang='lat'><strong>,</strong></span> <span class='ocrx_word' id='word_1_836' title='bbox 1119 5454 1384 5498; x_wconf 88' lang='lat' dir='ltr'><strong>terrenam</strong></span> <span class='ocrx_word' id='word_1_837' title='bbox 1434 5459 1648 5513; x_wconf 84' lang='lat' dir='ltr'><strong>qucque</strong></span> <span class='ocrx_word' id='word_1_838' title='bbox 1698 5454 1943 5498; x_wconf 87' lang='lat' dir='ltr'><strong>naturam</strong></span> <span class='ocrx_word' id='word_1_839' title='bbox 2004 5446 2069 5498; x_wconf 89' lang='lat' dir='ltr'><strong>ad</strong></span> 
     </span>
    </p>
   </div>
   <div class='ocr_carea' id='block_1_110' title="bbox 503 5531 2066 5607">
    <p class='ocr_par' dir='ltr' id='par_1_110' title="bbox 503 5531 2066 5607">
     <span class='ocr_line' id='line_1_110' title="bbox 503 5531 2066 5607; baseline 0.004 -24"><span class='ocrx_word' id='word_1_840' title='bbox 503 5531 722 5585; x_wconf 81' lang='lat' dir='ltr'><strong>Deitatis</strong></span> <span class='ocrx_word' id='word_1_841' title='bbox 753 5542 996 5587; x_wconf 87' lang='lat' dir='ltr'><strong>naturam</strong></span> <span class='ocrx_word' id='word_1_842' title='bbox 1022 5536 1386 5590; x_wconf 84' lang='lat' dir='ltr'><strong>conscendere</strong></span> <span class='ocrx_word' id='word_1_843' title='bbox 1419 5552 1594 5604; x_wconf 83' lang='lat' dir='ltr'><strong>posse,</strong></span> <span class='ocrx_word' id='word_1_844' title='bbox 1625 5547 1782 5607; x_wconf 82' lang='lat' dir='ltr'><strong>atque</strong></span> <span class='ocrx_word' id='word_1_845' title='bbox 1828 5539 1877 5592; x_wconf 89' lang='lat' dir='ltr'><strong>itt</strong></span> <span class='ocrx_word' id='word_1_846' title='bbox 1909 5554 2066 5592; x_wconf 83' lang='lat' dir='ltr'><strong>uuam</strong></span> 
     </span>
    </p>
   </div>
   <div class='ocr_carea' id='block_1_111' title="bbox 575 5701 1130 5773">
    <p class='ocr_par' dir='ltr' id='par_1_111' title="bbox 575 5701 1130 5773">
     <span class='ocr_line' id='line_1_111' title="bbox 575 5701 1130 5773; baseline 0.005 -18"><span class='ocrx_word' id='word_1_847' title='bbox 575 5701 616 5733; x_wconf 83' lang='lat'><strong>&quot;</strong></span> <span class='ocrx_word' id='word_1_848' title='bbox 644 5702 784 5756; x_wconf 78' lang='lat' dir='ltr'><strong>l‘sal.</strong></span> <span class='ocrx_word' id='word_1_849' title='bbox 817 5718 886 5773; x_wconf 80' lang='lat' dir='ltr'><strong>cr,</strong></span> <span class='ocrx_word' id='word_1_850' title='bbox 915 5705 1002 5771; x_wconf 79' lang='lat'><strong>‘27,</strong></span> <span class='ocrx_word' id='word_1_851' title='bbox 1043 5707 1130 5762; x_wconf 76' lang='lat'><strong>‘23.</strong></span> 
     </span>
    </p>
   </div>
   <div class='ocr_carea' id='block_1_112' title="bbox 2250 5255 2755 5329">
    <p class='ocr_par' dir='ltr' id='par_1_112' title="bbox 2250 5255 2755 5329">
     <span class='ocr_line' id='line_1_112' title="bbox 2250 5255 2755 5329; baseline -0.002 -18"><span class='ocrx_word' id='word_1_852' title='bbox 2250 5261 2309 5312; x_wconf 87' lang='lat' dir='ltr'><strong>B.</strong></span> <span class='ocrx_word' id='word_1_853' title='bbox 2342 5260 2490 5314; x_wconf 77' lang='grc' dir='ltr'>Πάνυ</span> <span class='ocrx_word' id='word_1_854' title='bbox 2515 5259 2613 5329; x_wconf 79' lang='grc' dir='ltr'><strong>μὲν</strong></span> <span class='ocrx_word' id='word_1_855' title='bbox 2643 5255 2755 5311; x_wconf 73' lang='grc' dir='ltr'>οὖν.</span> 
     </span>
    </p>
   </div>
   <div class='ocr_carea' id='block_1_113' title="bbox 2247 5346 3754 5421">
    <p class='ocr_par' dir='ltr' id='par_1_113' title="bbox 2247 5346 3754 5421">
     <span class='ocr_line' id='line_1_113' title="bbox 2247 5346 3754 5421; baseline -0.007 -16"><span class='ocrx_word' id='word_1_856' title='bbox 2247 5353 2311 5405; x_wconf 79' lang='grc' dir='ltr'><strong>Α.</strong></span> <span class='ocrx_word' id='word_1_857' title='bbox 2346 5351 2612 5421; x_wconf 77' lang='grc' dir='ltr'>Ὥραγάρ</span> <span class='ocrx_word' id='word_1_858' title='bbox 2643 5351 2813 5402; x_wconf 80' lang='grc' dir='ltr'>εἰπεῖν</span> <span class='ocrx_word' id='word_1_859' title='bbox 2840 5352 2957 5409; x_wconf 87' lang='grc' dir='ltr'>ταῖς</span> <span class='ocrx_word' id='word_1_860' title='bbox 2981 5349 3203 5399; x_wconf 77' lang='grc' dir='ltr'>ἐκείνων</span> <span class='ocrx_word' id='word_1_861' title='bbox 3238 5348 3495 5416; x_wconf 76' lang='grc' dir='ltr'>ἀμαθίαις</span> <span class='ocrx_word' id='word_1_862' title='bbox 3529 5346 3754 5398; x_wconf 82' lang='grc' dir='ltr'>ἀντιτεί-</span> 
     </span>
    </p>
   </div>
   <div class='ocr_carea' id='block_1_114' title="bbox 2180 5438 3748 5514">
    <p class='ocr_par' dir='ltr' id='par_1_114' title="bbox 2180 5438 3748 5514">
     <span class='ocr_line' id='line_1_114' title="bbox 2180 5438 3748 5514; baseline -0.008 -17"><span class='ocrx_word' id='word_1_863' title='bbox 2180 5463 2365 5506; x_wconf 88' lang='grc' dir='ltr'>νοντας</span> <span class='ocrx_word' id='word_1_864' title='bbox 2385 5443 2774 5514; x_wconf 81' lang='grc' dir='ltr'>ἀμαθέστερον,</span> <span class='ocrx_word' id='word_1_865' title='bbox 2807 5441 2880 5501; x_wconf 80' lang='grc' dir='ltr'>ὡς</span> <span class='ocrx_word' id='word_1_866' title='bbox 2924 5442 3067 5493; x_wconf 81' lang='grc' dir='ltr'>ἔστιν</span> <span class='ocrx_word' id='word_1_867' title='bbox 3102 5441 3199 5493; x_wconf 83' lang='grc' dir='ltr'><strong>οὐκ</strong></span> <span class='ocrx_word' id='word_1_868' title='bbox 3238 5441 3496 5501; x_wconf 78' lang='grc' dir='ltr'>ἀπεικὸς,</span> <span class='ocrx_word' id='word_1_869' title='bbox 3533 5439 3625 5490; x_wconf 79' lang='grc' dir='ltr'><strong>καὶ</strong></span> <span class='ocrx_word' id='word_1_870' title='bbox 3655 5438 3748 5503; x_wconf 71' lang='grc' dir='ltr'><strong>τὴν</strong></span> 
     </span>
    </p>
   </div>
   <div class='ocr_carea' id='block_1_115' title="bbox 2178 5529 3746 5605">
    <p class='ocr_par' dir='ltr' id='par_1_115' title="bbox 2178 5529 3746 5605">
     <span class='ocr_line' id='line_1_115' title="bbox 2178 5529 3746 5605; baseline -0.007 -16"><span class='ocrx_word' id='word_1_871' title='bbox 2178 5535 2282 5588; x_wconf 69' lang='grc' dir='ltr'>ἀπὸ</span> <span class='ocrx_word' id='word_1_872' title='bbox 2310 5536 2410 5605; x_wconf 79' lang='grc' dir='ltr'><strong>γῆς</strong></span> <span class='ocrx_word' id='word_1_873' title='bbox 2436 5535 2616 5605; x_wconf 63' lang='grc' dir='ltr'>σάρκα</span> <span class='ocrx_word' id='word_1_874' title='bbox 2636 5534 2767 5604; x_wconf 67' lang='grc' dir='ltr'>προς</span> <span class='ocrx_word' id='word_1_875' title='bbox 2797 5532 2891 5600; x_wconf 77' lang='grc' dir='ltr'><strong>τὴν</strong></span> <span class='ocrx_word' id='word_1_876' title='bbox 2920 5534 3012 5601; x_wconf 74' lang='grc' dir='ltr'>τῆς</span> <span class='ocrx_word' id='word_1_877' title='bbox 3044 5531 3303 5600; x_wconf 61' lang='grc' dir='ltr'>(θεότητος</span> <span class='ocrx_word' id='word_1_878' title='bbox 3342 5531 3498 5597; x_wconf 69' lang='grc' dir='ltr'>φύσιν</span> <span class='ocrx_word' id='word_1_879' title='bbox 3529 5529 3746 5595; x_wconf 67' lang='grc' dir='ltr'>ἀναςοι-</span> 
     </span>
    </p>
   </div>
  </div>
