4078 6264
339 401 467 460 1201

1451 403 1538 461 DE
1579 403 2098 468 INCARNATIONE
2141 409 2512 468 UNIGENITI.

3287 337 3308 368 f

3489 417 3634 474 £903

329 519 428 588 τᾷν
461 514 724 570 δύνασθαί
759 533 911 584 ποτε,
951 520 1170 592 καὶτῆς
1211 522 1474 578 ἀνωτάτω
1517 524 1706 578 πασῶν
1743 523 1931 590 οὐσίας

2036 545 2157 584 cum
2200 545 2454 600 suprema
2495 547 2736 586 omnmm
2769 531 3002 588 essentia
3043 531 3492 590 constitutionem
3529 551 3626 592 ve-

330 605 587 674 γενέσθαι
616 605 896 662 σύστασιν.
932 611 994 662 Ei
1033 613 1144 680 γὰρ
1174 613 1314 680 αὑτὴ
1345 613 1446 682 τῆς
1475 615 1729 685 θεότητος
1763 617 1796 685 ἠ
1829 615 1932 684 φύ-

331 717 436 762 σις,
467 697 612 751 κατά
643 715 706 766 γε
733 700 834 770 τὴν
859 701 1084 754 ἐκείνων
1133 703 1558 774 ἐμϐροντησίαν,
1591 708 1672 768 είς
1699 708 1798 778 τὴν
1831 709 1932 778 τῆς

332 791 537 860 σαρκὸς
562 791 993 863 μετακεχώρηκε
1028 793 1212 861 φύσιν,
1259 796 1410 848 οὐδὲν
1439 797 1501 850 τὸ
1530 799 1795 867 ἀπεῖργον
1825 797 1930 864 ἔτι,

331 883 428 952 τὴν
461 883 560 953 μὲν
595 883 747 937 κάτω
776 899 836 936 τε
865 885 960 938 καὶ
995 884 1132 938 ἰδίαν
1162 886 1324 952 φύσιν
1349 927 1364 950 ,
1397 888 1812 958 ὑπερπέτασθαι
1834 890 1932 960 τὴν

333 974 534 1044 σάρκα,
570 975 1045 1044 μεταπλάττεσθαι
1069 977 1125 1030 δὲ
1151 978 1287 1045 πρὸς
1323 979 1572 1051 θεότητα,
1607 981 1702 1033 καὶ
1731 983 1810 1045 είς
1843 982 1934 1034 οὐ·

333 1066 456 1118 σίαν
479 1066 580 1137 τὴν
621 1067 906 1124 ἀνωτάτω.
947 1069 1088 1122 Ἀλλ’
1117 1071 1332 1133 οὐλταῖς
1361 1072 1588 1125 ἐκείνων
1617 1073 1933 1138 ἀσυνεσίαις

333 1159 394 1210 τὸ
439 1157 692 1222 εὐπειθὲς
735 1160 1116 1231 χαριούμεθα·
1149 1163 1592 1235 προσκεισόμεθα
1635 1163 1691 1216 δὲ
1730 1164 1932 1234 μᾶλλον

335 1253 456 1314 ταῖς
486 1250 658 1315 θείαις
711 1253 982 1322 Γραφαῖς,
1033 1254 1127 1308 καὶ
1181 1256 1468 1325 προφήτου
1503 1256 1602 1326 μὲν
1633 1257 1883 1325 λέγοντος
1913 1273 1928 1288 ⁸

343 1359 362 1390 ε
401 1340 532 1392 Ἰδοὺ
578 1342 611 1408 ἡ
647 1341 926 1410 Παρθένος
957 1343 1016 1395 ὲν
1043 1344 1246 1414 γαστρὶ
1284 1342 1516 1413 λήψεται
1545 1387 1562 1410 ,
1595 1347 1688 1400 καὶ
1717 1347 1932 1413 τέξεται

341 1428 490 1488 Υίὸν,
525 1428 620 1480 καὶ
660 1429 913 1493 καλέσεις
957 1430 1020 1482 τὸ
1071 1430 1243 1501 ὄνομα
1284 1431 1452 1485 αὐτοῦ
1497 1433 1866 1506 Ἐμμανουήλ·
1907 1456 1926 1488 ι

337 1519 884 1590 κατασφραγίζοντος
928 1521 982 1574 δὲ
1006 1522 1106 1593 τὴν
1139 1524 1598 1597 προαναφώνησιν
1633 1527 1728 1580 τοῦ
1756 1545 1934 1598 μακα-

337 1615 458 1684 ρίου
483 1614 728 1682 Γαϐριὴλ
749 1653 764 1678 ,
819 1614 912 1668 καὶ
959 1617 1059 1684 τὴν
1108 1616 1315 1671 ἄνωθεν
1347 1618 1526 1688 ψῆφον
1559 1623 1626 1691 τῇ
1663 1621 1932 1694 Παρθένῳ

333 1705 788 1776 διερμηνεύοντος
812 1724 826 1734 ·
861 1725 878 1758 ι
911 1707 1002 1777 Μὴ
1035 1707 1206 1776 φοϐοῦ
1242 1709 1372 1779 γὰρ,
1406 1711 1534 1778 ἔφη,
1563 1713 1814 1782 Μαριὰμ,
1849 1716 1932 1770 ὅτι

340 1797 452 1849 ἰδοὺ
475 1795 718 1866 συλλήψῃ
747 1799 804 1848 ὲν
837 1798 1056 1868 γαστρὶ,
1094 1799 1188 1851 καὶ
1215 1799 1344 1882 τέξῃ
1379 1802 1522 1866 Υίὸν,
1562 1803 1652 1856 καὶ
1682 1797 1932 1868 διαλέσεις

2035 622 2174 677 nire.
2207 621 2264 677 Si
2297 637 2530 691 namque
2563 624 2673 692 ipsa
2715 624 3014 680 divinitatis
3051 637 3242 680 natura
3276 626 3466 696 (juxta
3503 629 3626 686 illo-

2035 731 2152 770 rum
2199 717 2654 788 deliramentum)
2712 719 2764 774 iu
2817 720 3000 775 carnis
3053 727 3304 776 naturam
3349 723 3626 790 transivit,

2035 809 2168 862 nihil
2190 808 2464 864 obstiterit
2492 811 2783 880 quominus
2815 810 3044 867 inferior
3068 811 3186 866 haee
3212 819 3400 868 nostra
3433 823 3628 867 natura

2035 903 2306 957 transiliat
2333 915 2658 969 carnem,et
2707 904 2760 957 in
2811 905 3078 960 Deitatem
3125 913 3288 974 atque
3317 919 3626 974 supremam

2037 993 2182 1048 illam
2209 997 2502 1050 essentiam
2545 995 2980 1052 transformetur.
3022 1000 3092 1051 At
3133 1011 3232 1052 nos
3277 996 3490 1052 illorum
3541 997 3626 1052 in-

2035 1085 2196 1155 eptiis
2226 1085 2386 1142 [idem
2413 1103 2748 1158 nequaquam
2780 1088 3158 1144 adhibebimus
3177 1107 3191 1144 :
3212 1089 3306 1145 sed
3343 1088 3520 1159 potius
3547 1090 3628 1144 di-

2035 1179 2177 1234 vinis
2222 1178 2524 1250 Scripturis
2569 1180 3002 1249 scquiescemus,
3033 1182 3296 1252 propheta
3329 1183 3493 1236 etiam
3542 1181 3660 1234 di--

2034 1280 2192 1324 cente
2233 1288 2246 1324 :
2295 1289 2312 1322 ι
2343 1271 2482 1326 Ecce
2515 1269 2674 1338 Virgo
2721 1271 2772 1324 in
2811 1282 2966 1326 utero
3013 1271 3306 1340 concipiet,
3350 1281 3406 1326 et
3455 1273 3632 1340 pariet

2035 1359 2256 1424 Filium,
2282 1369 2338 1416 et
2367 1361 2636 1418 vocabunt
2667 1375 2865 1416 nomen
2904 1361 3025 1431 ejus
3050 1359 3368 1414 Emmanuel
3407 1362 3486 1428 ⁸⁶;
3521 1381 3540 1414 ι
3575 1369 3633 1416 et

2037 1455 2196 1510 beato
2215 1453 2470 1510 Gabriele
2489 1455 2626 1510 banc
2649 1453 3052 1524 praedictionem
3078 1451 3460 1517 conﬁrmante,
3493 1453 3631 1508 divi-

2036 1561 2270 1617 namque
2297 1547 2632 1602 voluntatem
2671 1547 2868 1618 virgini
2905 1545 3256 1603 declarante:
3290 1563 3308 1598 ι
3332 1544 3412 1602 Ne
3437 1546 3630 1602 timeas

2034 1637 2203 1700 enim,
2255 1638 2451 1706 inquit,
2503 1637 2696 1702 Maria,
2747 1637 3006 1706 quoniam
3065 1649 3194 1692 ecce
3244 1635 3521 1704 concipies
3573 1636 3628 1690 in

2037 1732 2218 1786 utero,
2247 1733 2302 1778 et
2330 1725 2513 1792 paries
2555 1724 2774 1789 Filium,
2821 1737 2876 1780 et
2907 1726 3130 1781 vocabis
3161 1740 3358 1780 nomen
3389 1725 3510 1794 ejus
3537 1724 3627 1780 Je‘

2037 1829 2154 1868 sum
2193 1816 2262 1868 ’⁸.
2297 1834 2316 1866 ι
2353 1817 2430 1869 Ex
2465 1809 2696 1871 muliere
2729 1827 2916 1872 uatum
2951 1831 3142 1872 revera
3196 1817 3470 1872 credimus
3503 1818 3630 1870 Em-

337 1889 402 1940 τὸ
431 1889 604 1958 ὄνομα
631 1889 796 1942 αὐτοῦ
833 1889 1040 1959 Ἰησοῦν
1065 1907 1078 1920 ·
1110 1913 1128 1940 ι
1169 1874 1235 1944 ἐξ.
1275 1893 1533 1962 γυναικὸς
1579 1895 1796 1967 άληθῶς
1841 1915 1930 1965 γε-

2039 1907 2378 1971 manuelem;
2415 1918 2471 1962 et
2510 1909 2849 1979 splendidam
2895 1909 3380 1980 admirabilemque
3425 1917 3632 1964 natura:

341 1981 630 2052 γεννῆσθαι
669 1981 995 2052 πιστεύομεν
1025 1983 1117 2036 τὸν
1163 1985 1532 2058 Ἐμμανουὴλ,
1571 1989 1666 2040 καὶ
1707 1989 1768 2041 τὸ
1789 1989 1930 2060 λαμ-

343 2073 482 2145 πρόν
512 2090 570 2126 τε
608 2073 700 2126 καὶ
733 2073 1064 2141 ἀξιάγαστον
1088 2075 1186 2143 τῆς
1222 2078 1433 2132 ἑαυτῶν
1462 2077 1676 2148 φύσεως
1709 2080 1770 2132 οὐ
1803 2079 1932 2135 διω-

339 2165 548 2236 σόμεθα
569 2165 856 2238 καύχημα,
884 2165 1212 2237 φρονοῦντες
1241 2168 1440 2240 ὀρθῶς.

411 2259 470 2310 Β.
505 2258 739 2327 Ἀριστα
781 2257 940 2326 ἔφης.
1003 2257 1370 2329 Ἐπεδράξατο
1401 2262 1510 2333 γὰρ
1543 2265 1571 2316 ὁ
1594 2264 1928 2336 Μονογενὴς,

337 2349 462 2419 οὑχὶ
493 2349 592 2418 τῆς
619 2348 754 2410 ἰδίας
780 2348 995 2418 φύσεως
1113 2349 1221 2420 γὰρ
1261 2352 1328 2405 ἂν
1351 2353 1507 2407 οὐδέν
1541 2372 1594 2407 τι
1628 2356 1829 2425 μᾶλλον
1862 2357 1932 2410 τὰ

341 2441 464 2494 καθ’
495 2443 642 2512 ἡμᾶς
661 2443 718 2493 ὲν
751 2442 1205 2512 ἀμείνοσιν),ὰλλ⁹
1233 2445 1352 2497 οὐδὲ
1375 2446 1474 2515 τῆς
1495 2447 1766 2515 ἀγγέλων,
1799 2449 1932 2502 ἀλλὰ

342 2531 658 2603 σπέρματος
693 2532 963 2601 Ἀϐραὰμ,
992 2533 1132 2586 καθά
1163 2533 1612 2608 γέγραπται.Ἷ-1ν
1633 2539 1740 2610 γὰρ
1763 2539 1927 2602 οὓτω,

338 2626 436 2676 καὶ
465 2625 561 2694 οὐχ
591 2624 814 2694 ἑτέρως,
849 2624 910 2678 τὸ
945 2625 1294 2700 διολισθῆσαν
1342 2632 1423 2694 εἰς
1477 2630 1686 2702 φθορὰν
1715 2633 1930 2686 ἀνασώ-

339 2715 536 2769 σασθαι
575 2718 751 2785 γένος.

406 2808 469 2858 Α.
492 2807 556 2859 Τί
577 2807 668 2872 δέ;
703 2810 838 2880 Οὐχὶ
861 2811 1082 2866 κάκεῖνο
1110 2814 1248 2884 πρὸς
1277 2816 1452 2869 τοῖσδε
1485 2816 1930 2883 καταθαυμάζειν

333 2900 504 2964 ἄξιον,
539 2895 584 2954 ὦ
629 2901 858 2972 Ἑρμεία
879 2923 894 2971 ;

405 2993 468 3046 Β.
509 2993 582 3046 Τὸ
609 2994 762 3047 ποῖόν
781 3012 836 3048 τι
869 2998 1012 3068 φής;

411 3086 473 3137 Α.
499 3085 674 3140 Μόνον
702 3087 810 3159 γὰρ
838 3090 960 3160 οὐχὶ
982 3093 1076 3144 καὶ
1097 3091 1158 3144 τὸ
1201 3093 1476 3164 ἐρρῶσθαι
1525 3099 1830 3167 φράσαντες
1863 3100 1928 3170 τῇ

340 3177 684 3250 θεοπνεύστῳ
707 3181 918 3253 Γραφῇ,
941 3183 1036 3236 καὶ⁴
1055 3185 1334 3256 πνεύμασι
1371 3189 1596 3252 πλάνοις
1617 3190 1708 3243 τὸν
1731 3191 1934 3244 οἰκεῖόν

337 3287 484 3334 τινες
523 3271 890 3342 ἀπονέμοντες
913 3274 1062 3339 νοῦν,
1093 3277 1174 3339 εἰς
1204 3277 1366 3330 τοῦτο
1391 3279 1682 3334 καθίκοντο
1704 3282 1932 3334 δυσϐου-

339 3362 459 3426 λίας
507 3363 602 3416 καὶ
639 3366 1032 3436 μειρακιώδους
1079 3368 1430 3440 ἀϐελτηρίας,
1472 3370 1547 3434 ὡς
1582 3373 1791 3427 οἴεσθαι
1823 3375 1932 3428 δεῖν

337 3457 432 3508 τὸν
461 3455 569 3508 τῶν
590 3455 800 3510 αἰώνων
819 3457 1168 3530 δημιουργὸν,
1189 3461 1278 3514 τὸν
1297 3463 1567 3516 συναῖδιον
1587 3463 1665 3534 τῷ
1690 3465 1810 3536 Θεῷ
1837 3467 1934 3521 καὶ

344 3549 522 3618 ιίατρὶ
550 3548 743 3616 Λόγον,
769 3553 835 3620 τῇ
874 3551 972 3621 τῆς
1030 3551 1234 3622 σαρκὸς
1267 3553 1484 3622 γενέσει
1531 3572 1934 3629 συμπαρομαρ-

343 3638 548 3692 τοῦσαν
571 3640 718 3711 ἔχειν
752 3642 850 3711 τῆς
877 3643 1165 3714 ὑπάρξεως
1191 3646 1292 3716 τὴν
1316 3646 1492 3717 ἀρχὴν
1515 3687 1530 3713 ,
1575 3650 1668 3702 καὶ
1695 3649 1927 3722 ὀψιγενῆ

342 3732 712 3798 φαντάζεσθαι
733 3733 824 3785 τὸν
858 3735 1117 3789 ἐπέκεινα
1139 3738 1340 3801 παντὸς
1363 3739 1560 3804 αἰῶνος
1593 3741 1686 3794 καὶ
1702 3743 1892 3813 χρόνου
1913 3785 1928 3810 ,

343 3822 418 3886 ὡς
449 3824 504 3875 ὲν
536 3825 784 3894 ἐσχάτοις
831 3827 925 3879 καὶ
975 3827 1132 3899 μόλις
1173 3831 1284 3894 τοῖς
1311 3831 1411 3902 τῆς
1462 3833 1932 3907 ὲνανθρωπήσεως

343 3919 574 3985 καιροῖς,
605 3917 828 3988 Πατέρα
859 3918 958 3987 μὲν
979 3920 1231 3988 γενέσθαι
1256 3921 1348 3977 τὸν
1378 3923 1536 3991 Θεὸν,
1560 3928 1932 3981 συνεισϐαλεῖν

339 4007 394 4060 δὲ
421 4007 610 4081 ὥσπερ
642 4011 722 4074 εἰς
750 4011 811 4064 τὸ
841 4007 982 4066 εἶναι
1016 4030 1078 4066 τε
1123 4013 1218 4067 καὶ
1265 4016 1563 4085 ὑφεστάναι
1616 4018 1695 4087 τῷ
1733 4022 1795 4073 ἐκ
1835 4023 1934 4090 τῆς

339 4101 618 4173 Παρθένου
675 4103 825 4174 ναῷ,
875 4106 966 4158 τὸν
1017 4103 1172 4162 δι’οῦ
1213 4108 1280 4162 τὰ
1305 4108 1503 4175 πάντα,
1542 4111 1635 4163 καὶ
1689 4111 1746 4164 ἐν
1792 4103 1836 4178 ᾧ
1867 4111 1932 4164 τὰ

338 4197 539 4251 πάντα.
567 4192 696 4268 ’Ἆρ’
744 4195 837 4252 οὖν
869 4201 990 4270 οὐχὶ
1037 4202 1172 4273 πρὸς
1217 4202 1372 4272 λῆξιν
1399 4203 1500 4274 ἥδη
1543 4204 1642 4274 τὴν
1673 4204 1934 4258 ἀνωτάτω

336 4289 687 4361 διεληλάκασι
722 4292 832 4344 τῶν
853 4293 1070 4358 κακῶν,
1101 4295 1148 4346 οἱ
1189 4294 1358 4364 μῦθον
1389 4295 1534 4348 οὕτω
1570 4297 1664 4349 τὸν
1710 4296 1930 4368 γραὼδη

337 4382 434 4432 καὶ
471 4381 726 4452 βδελυρὸν
756 4385 1155 4455 προχειρότατα
1190 4391 1603 4457 προσηκάμενοι
1627 4427 1642 4452 ,
1707 4389 1802 4442 καὶ
1834 4391 1931 4460 τῆς

335 4473 584 4543 ἀκράτου
638 4475 868 4539 νωθείας
922 4477 1013 4529 τὸν
1056 4479 1254 4532 οἰκεῖον
1309 4480 1719 4550 ἀναπλήσαντες
1769 4480 1930 4546 νοῦν;

2039 2009 2237 2056 nostrae
2265 2001 2582 2070 dignitatem
2612 2015 2716 2056 non
2748 2001 3072 2070 rejiciemus.

2111 2267 2169 2320 Β.
2217 2267 2432 2336 Optime
2479 2267 2637 2322 dicis.
2685 2268 3055 2336 Apprehendit
3107 2269 3250 2322 enim
3307 2267 3466 2332 Deus,
3523 2283 3628 2322 non

2037 2362 2310 2430 prepriam
2337 2377 2402 2415 ac
2428 2361 2753 2430 peculiarem
2791 2359 3040 2414 naturam
3069 2363 3279 2432 (neque
3301 2361 3444 2415 enim
3467 2360 3628 2430 quid-

2037 2469 2196 2523 quam
2229 2454 2294 2506 ad
2331 2468 2427 2507 nos
2457 2453 2702 2507 utilitatis
2735 2453 3114 2521 pervenisset),
3135 2453 3228 2507 sed
3260 2467 3434 2521 neque
3457 2466 3626 2522 ange-

2038 2545 2240 2608 lorum,
2290 2544 2600 2598 sethemen
2633 2543 2888 2610 Abrahm,
2931 2543 3070 2598 sicut
3120 2543 3380 2612 scriptum
3433 2551 3515 2597 cst
3551 2543 3618 2594 “.

2034 2635 2112 2688 Ita
2147 2635 2314 2699 enim,
2351 2645 2404 2688 ei
2437 2651 2542 2688 non
2578 2634 2736 2688 aliter
2767 2649 2938 2703 genus
2965 2634 3029 2687 ad
3077 2633 3372 2703 perniciem
3411 2632 3628 2688 devolu-

2036 2737 2148 2782 tum
2177 2727 2585 2782 instauiandum
2620 2736 2759 2781 erat.

2109 2819 2172 2870 A.
2217 2816 2356 2881 Quid
2382 2831 2512 2869 vero
2533 2815 2556 2868 ?
2578 2816 2732 2870 Anne
2762 2816 2862 2870 hoc
2888 2816 3052 2870 etiam
3082 2814 3462 2870 admirandum
3495 2829 3628 2871 cen-

2033 2921 2146 2969 ses,
2175 2905 2392 2960 Hermia
2417 2904 2440 2956 ?

2105 2996 2166 3050 B.
2209 2997 2474 3061 Quidnam
2500 2997 2524 3048 ἶ)

2107 3090 2173 3143 Α.
2232 3087 2415 3142 Sacrae
2462 3085 2608 3140 enim
2670 3083 2966 3152 Scriptura;
3029 3083 3184 3152 quasi
3239 3083 3626 3154 valcdicentes,

2033 3189 2090 3238 et
2137 3179 2422 3250 spiritibus
2455 3179 2660 3234 erroris
2699 3187 2933 3233 mentem
2980 3175 3316 3242 addicentes,
3359 3175 3526 3248 685
3563 3193 3629 3234 eo

2036 3275 2321 3345 imperitiae
2369 3281 2425 3329 et
2468 3271 2724 3341 juvenilis
2773 3270 3096 3326 temeritatis
3144 3270 3510 3338 devenerunt,
3571 3282 3630 3326 ut

2035 3365 2400 3421 existimarint
2431 3379 2554 3418 eum
2592 3362 2683 3432 qui
2743 3361 2996 3416 conditor
3045 3369 3128 3415 est
3189 3361 3512 3417 sa'culorum
3575 3373 3630 3418 et

2033 3465 2342 3511 (εοιιιιθηιυε
2366 3454 2480 3512 Deo
2507 3466 2562 3511 et
2584 3454 2752 3521 Patri,
2781 3453 3018 3510 Verbum
3061 3454 3342 3519 nimirum,
3375 3466 3486 3510 tum
3518 3456 3626 3526 pri-

2036 3565 2180 3606 mum
2215 3550 2510 3606 exsistendi
2561 3550 2774 3604 initium
2809 3548 3114 3617 accepisse,
3165 3563 3288 3602 cum
3330 3551 3627 3604 secundum

2035 3657 2256 3700 carnem
2293 3651 2453 3698 natus
2487 3653 2593 3711 est,
2620 3655 2676 3698 et
2707 3641 2858 3696 tarde
2887 3641 3126 3710 genitum
3156 3655 3296 3703 esse.
3333 3641 3420 3710 qui
3447 3641 3628 3696 omnia

2034 3733 2230 3790 smcula
2267 3743 2322 3789 et
2365 3741 2606 3802 tempera
2639 3731 2928 3797 antecedit,
2965 3729 3038 3784 ita
3069 3739 3128 3785 ut
3155 3729 3380 3784 ullimus
3413 3730 3630 3785 tandem

2034 3827 2430 3882 incarnationis
2470 3827 2804 3894 temporibus
2845 3824 2990 3879 Deus
3023 3825 3202 3878 [actus
3233 3823 3302 3877 sit
3352 3821 3534 3888 Pater,
3574 3833 3630 3876 et

2035 3920 2434 3990 quodammodo
2462 3919 2762 3972 immissum
2796 3918 2848 3970 in
2877 3927 3090 3970 uterum
3121 3914 3360 3984 Virginis
3395 3923 3453 3968 ut
3484 3923 3631 3968 esset

2035 4022 2198 4082 atque
2246 4010 2590 4074 subsisteret,
2635 4023 2756 4060 eum
2796 4023 2891 4075 per
2923 4021 3084 4076 quem
3135 4015 3189 4060 et
3241 4006 3292 4059 in
3347 4019 3455 4074 quo
3502 4015 3628 4060 sunt

2035 4105 2236 4160 omnia.
2270 4103 2426 4156 Anne
2459 4116 2552 4156 eos
2581 4101 2648 4154 ad
2685 4109 2882 4153 metam
2913 4099 3156 4153 omnium
3199 4096 3470 4152 malorum
3504 4109 3626 4164 per-

2035 4197 2249 4252 venisse
2280 4208 2492 4261 censes,
2530 4193 2622 4264 qui
2657 4195 2792 4246 adeo
2821 4193 3053 4246 anilibus
3082 4202 3244 4260 atque
3276 4188 3626 4246 exsecrandis

2037 4287 2230 4343 fabulis
2251 4286 2490 4341 animum
2513 4283 2816 4356 adjiciunt?
2838 4302 2857 4335 ι
2885 4281 3228 4353 Sepulcrum,
3247 4293 3414 4345 certe,
3433 4291 3628 4350 patens

2035 4388 2119 4434 est
2165 4385 2351 4446 guttur
2388 4390 2600 4442 eorum,
2648 4375 2849 4444 linguis
2881 4375 2994 4430 suis
3021 4373 3208 4431 doloso
3247 4375 3501 4445 agebant,
3530 4387 3624 4428 ve-

2039 4489 2233 4546 nenum
2271 4473 2515 4542 aSpidum
2539 4471 2638 4526 sub
2675 4469 2830 4523 labiis
2863 4483 3075 4533 eorum,
3110 4482 3338 4538 quorum
3367 4483 3430 4524 os
3454 4466 3625 4523 male—

344 4589 362 4616 ι
391 4567 595 4636 Τάφος,
623 4567 861 4638 ἀληθῶς,
890 4569 1237 4640 ἀνεῳγμένος
1272 4575 1299 4624 ὁ
1344 4573 1552 4643 λάρυγξ
1583 4573 1784 4638 αὐτῶν,
1817 4577 1931 4637 ταῖς

2041 4567 2278 4622 dictione
2309 4574 2365 4622 et
2401 4563 2762 4619 amaritudine
2793 4561 3010 4633 plenum
3035 4570 3116 4616 est
3142 4560 3209 4615 ’³.
3243 4581 3262 4614 ι

336 4657 614 4726 γλώσσαις
631 4658 809 4712 αὐτῶν
834 4659 1163 4726 ἐδολιοῦσαν,
1191 4662 1266 4725 ἰὸς
1289 4663 1532 4716 ἀσπίδων
1549 4665 1654 4718 ὑπὸ
1683 4667 1750 4718 τά
1781 4667 1932 4736 χείλη

337 4747 544 4812 αὐτῶν,
576 4742 649 4802 ὧν
671 4749 732 4802 τὸ
769 4751 944 4820 στόμα
973 4751 1113 4820 ἀρᾶς
1149 4753 1240 4806 καὶ
1271 4753 1498 4823 πικρίας
1526 4755 1706 4824 γέμει.
1751 4774 1768 4804 ι

415 4842 472 4894 Β.
517 4841 782 4913 Σύμφημι
809 4859 822 4873 °
851 4845 947 4897 xui.
985 4845 1092 4915 γάρ
1121 4845 1270 4898 ἐστιν
1306 4846 1541 4916 ἀτρεκὴς
1572 4848 1600 4898 ὁ
1644 4846 1740 4900 τοῦ
1781 4847 1932 4901 Ψάλ-

337 4933 530 4996 λοντος
567 4933 745 5002 λόγος.

416 5025 478 5077 Α.
519 5020 595 5077 τΗ
623 5025 731 5098 γὰρ
767 5027 886 5097 οὐχὶ
917 5027 1006 5082 τὸν
1051 5027 1118 5080 δι’
1147 5023 1206 5080 οὗ
1243 5031 1310 5081 τά
1347 5031 1543 5091 πάντα,
1589 5031 1681 5082 καὶ
1725 5035 1936 5100 7:906:9-

337 5118 568 5172 εστὰναι
592 5119 698 5172 τῶν
730 5121 950 5174 πάντων
975 5122 1218 5194 ἀνάγκτῃ

417 5299 477 5351 Β.
521 5294 592 5352 Εὖ
626 5299 826 5367 λέγεις.

419 5391 482 5444 Α.
525 5391 588 5442 Τί
624 5391 678 5443 δὲ
706 5393 768 5460 δὴ
798 5392 893 5444 καὶ
923 5392 1096 5462 δρῷεν
1132 5394 1218 5456 ἂν,
1264 5392 1510 5445 Ἰωάννου
1562 5393 1660 5460 μὲν
1693 5392 1932 5464 γράφον-

337 5498 460 5545 τος,
494 5499 512 5532 ι
536 5481 622 5535 Ἑν
649 5483 794 5553 ἀρχῇ
820 5480 889 5553 ἦν
925 5485 953 5535 ὁ
973 5485 1167 5552 Λόγος,
1199 5485 1372 5537 πάντα
1401 5486 1466 5538 δι’
1496 5484 1662 5537 αὺτοῦ
1695 5484 1933 5553 ἐγένετο,

341 5573 442 5626 καὶ
466 5575 634 5644 χωρὶς
660 5575 826 5627 αὐτοῦ
861 5576 1081 5644 ἐγένετο
1113 5576 1234 5628 οὐδὲ
1275 5577 1353 5628 ἓν.
1391 5597 1408 5626 ι
1445 5578 1554 5629 Καὶ
1584 5577 1769 5640 πάλιν,
1810 5595 1828 5628 ι
1870 5579 1934 5630 Ὃ

341 5663 414 5736 ἦν
468 5666 564 5718 ἀπ’
615 5667 828 5736 ἀρχῆς,
875 5667 903 5720 ὂ
959 5668 1312 5736 ἀκηκόαμεν,
1367 5668 1394 5719 ὃ
1447 5671 1772 5741 ἑωράκαμεν
1826 5671 1935 5732 τοῖς

2119 4839 2180 4895 Β.
2211 4837 2511 4892 Assentior.
2579 4835 2751 4890 Verus
2783 4849 2926 4891 enim
2959 4843 3042 4888 est
3073 4833 3372 4889 Psalmistae
3421 4847 3623 4887 sermo.

2109 5021 2173 5072 Α.
2236 5017 2373 5084 Quid
2431 5015 2612 5080 enim,
2679 5027 2858 5067 nonne
2908 5027 3030 5067 eum
3087 5026 3180 5081 per
3226 5024 3384 5080 quem
3444 5011 3626 5065 omnia

2040 5116 2178 5168 facta
2230 5119 2374 5176 sunt,
2425 5108 2680 5163 omnibus
2721 5109 2885 5162 etiam
2938 5105 3326 5175 praeexstitisse
3387 5118 3618 5160 necesse

2041 5218 2120 5262 est
2157 5206 2180 5258 ?

2113 5299 2173 5352 Β.
2212 5297 2378 5352 Recte
2411 5295 2568 5351 dicis.

2113 5394 2177 5447 A.
2231 5392 2366 5457 Quid
2422 5405 2552 5445 vero
2608 5397 2788 5458 agant,
2856 5387 3125 5440 scribente
3187 5383 3446 5440 Joanne:
3488 5402 3505 5435 ι
3573 5385 3626 5438 lu

2045 5488 2309 5558 principio
2355 5496 2474 5540 erat
2527 5484 2784 5550 Verbum,
2846 5481 3026 5533 munia
3087 5493 3184 5548 per
3245 5480 3418 5546 ipsum
3479 5477 3624 5531 facta

2047 5590 2190 5648 sunt,
2223 5590 2276 5634 et
2307 5579 2426 5632 sine
2461 5578 2580 5645 ipso
2611 5576 2808 5629 factum
2841 5571 3079 5628 estnihil
3112 5573 3176 5626 ".
3221 5591 3239 5625 ι
3273 5569 3339 5624 Ει
3364 5584 3578 5625 rursum
3609 5589 3622 5623 :

2054 5691 2069 5722 ι
2094 5671 2242 5744 Quod
2265 5677 2384 5725 erat
2409 5667 2476 5722 ab
2509 5665 2680 5731 initio,
2706 5666 2848 5735 quod
2876 5665 3198 5730 audivimus,
3223 5661 3364 5734 quod
3393 5661 3628 5717 vidimus

425 5847 471 5880 πθ
508 5849 611 5906 lsa.
651 5847 839 5914 \'tt,li.
923 5847 960 5875 “
991 5845 1128 5904 Luc.
1165 5861 1199 5914 ι,
1242 5845 1451 5920 50,_5|.
1534 5850 1755 5906 "Hebr.
1783 5864 1820 5917 ι,
1861 5848 1920 5902 Ιθ

2036 5848 2064 5879 η³
2092 5847 2233 5905 Psal.
2271 5864 2386 5921 xm,
2420 5849 2468 5904 ’5.
2553 5847 2594 5880 ²⁹’
2621 5846 2778 5904 Joan.
2811 5865 2847 5915 ι,
2883 5846 2994 5902 1-5.
3042 5832 3060 5842 ’
