4078 6264
346 316 487 373 1209
1440 328 1528 383 DE
1569 330 2075 397 INCARNATIONE
2117 340 2489 402 UNIGENITI.
3469 353 3610 412 mo

349 430 566 502 Ὥσπερ
592 431 824 533 γάρνεῖς
858 436 971 491 ἐστι
1004 438 1134 502 Θεὸς
1157 443 1185 492 ὁ
1217 442 1425 514 Πατὴρ,
1452 444 1512 510 ἐξ
1533 443 1595 502 οὗ
1621 452 1688 503 τὰ
1722 452 1897 509 πάντα

2025 460 2168 514 enim
2217 477 2358 516 llnllS
2398 471 2484 517 est
2536 462 2676 518 Deus
2733 461 2916 529 Pater,
2966 478 3031 519 ex
3057 479 3175 533 quo
3223 475 3347 521 sunt
3379 469 3605 523 omnia:

343 519 494 574 οὕτω
533 523 627 576 καὶ
675 517 756 587 είς
809 525 1017 598 Κύριος
1078 531 1281 600 Ἰησοῦς
1326 535 1601 605 Χριστὸς,
1645 540 1711 595 δι’
1754 538 1815 597 οὖ
1860 562 1901 596 τ‹

2035 550 2109 603 ita
2151 551 2316 606 etiam
2348 568 2486 607 unus
2517 552 2775 608 Dominus
2811 552 2969 610 Jesus
2998 554 3271 624 Christus,
3320 571 3419 626 per
3444 573 3606 628 quem

341 614 550 667 πάντα.
598 614 734 719 θεὸν
776 616 887 688 γὰρ
920 619 1052 674 ὄντα
1097 623 1242 677 κατὰ
1282 624 1443 694 φύσιν
1489 630 1895 706 ὲπιγινώσκομε

2032 644 2235 699 omnia.
2298 644 2464 698 Deum
2532 646 2679 700 enim
2730 661 2852 703 esse
2885 649 3178 703 secundum
3213 661 3463 703 naturam
3488 665 3608 719 pro.

333 703 438 756 τὸν
486 703 554 758 δι’
582 701 643 759 οὗ
684 705 753 759 τὰ
800 707 1000 777 πάντα,
1036 711 1248 780 Λόγον,
1299 716 1392 768 καὶ
1425 720 1472 769 εὶ
1522 720 1712 789 γέγονε
1759 701 1897 797 σὰρξ

2033 731 2248 788 fitemur
2274 733 2532 798 Verbum,
2560 749 2659 805 per
2694 737 2836 804 quod
2879 736 3084 801 omnia,
3134 737 3361 793 etiamsi'
3394 737 3607 793 factum

329 795 643 861 τουτέστιν,
672 796 982 869 ἄνθρωπος.
1834 795 1842 797 ⁷

2030 825 2095 877 sit
2127 839 2274 889 caro,
2300 808 2400 878 hoc
2431 835 2535 893 est,
2560 827 2739 881 homo.

417 887 477 940 Β.
532 888 829 959 Ὀρθότατα
863 891 1019 963 ἔφης.

2100 917 2159 974 Β.
2188 918 2511 975 Rectissime
2548 920 2754 977 dixisti.

413 981 477 1033 A.
532 981 671 1035 Ἀλλ’
700 983 817 1037 οὔτι
850 1002 954 1037 που
989 985 1195 1057 σφόδρα
1227 992 1346 1054 ταῖς
1374 993 1433 1046 ἐν
1476 997 1610 1065 ἡμῖν
1639 999 1768 1070 περὶ
1802 1001 1894 1054 τού

2090 1009 2154 1062 Α.
2179 1009 2341 1076 Atqui
2395 1025 2501 1065 non
2541 1010 2835 1066 admodum
2883 1027 3003 1067 cum
3039 1025 3224 1070 nostra
3256 1016 3322 1069 de
3350 1014 3443 1068 illo
3475 1028 3603 1069 sen~

325 1085 438 1121 του
483 1070 665 1136 δόξαις
712 1073 783 1126 τὰ
823 1075 1048 1129 ἐκείνων
1081 1079 1440 1151 συμφέρεται.
1477 1085 1611 1140 Ἕνα
1662 1090 1764 1158 μὲν
1815 1092 1901 1163 γάγ

2026 1101 2192 1154 tentia
2250 1100 2465 1154 illorum
2539 1106 2788 1171 dogmata
2838 1107 3185 1162 conveniunt.
3229 1105 3407 1162 Unum
3455 1107 3611 1161 enim

326 1158 794 1232 ὁμολογουμένως
858 1166 1258 1237 παραδέχονται
1331 1174 1423 1227 καὶ
1474 1176 1625 1231 αὐτοὶ
1686 1158 1901 1250 Χριστὸζ

2027 1189 2213 1258 procul
2269 1192 2431 1245 dubio
2497 1158 2666 1264 6εό
2712 1158 2875 1249 etiam
2946 1158 3619 1266 una"...;ap{...":;..a

343 1250 589 1321 Ἰ-ησοῦν,
619 1252 819 1324 ἄριστα
843 1255 1170 1327 φρονοῦντες
1192 1258 1251 1312 ἐν
1276 1278 1339 1327 γε
1364 1264 1558 1337 τούτῳ.
1594 1269 1919 1340 Παρωθοῦν-

331 1360 435 1397 ται
459 1343 517 1397 δὲ
551 1344 673 1398 λίαν
700 1345 777 1409 ὡς
810 1347 1069 1413 δυσσεϐὲς
1095 1351 1175 1404 ὅτι
1206 1342 1442 1423 μάλιστα
1470 1361 1818 1435 καταδιῖστᾷν
1841 1367 1921 1430 είς

335 1434 438 1527 δύο
461 1434 556 1489 τὸν
592 1436 941 1510 Ἐμμανουήλ
961 1457 974 1471 ·
1001 1440 1179 1513 ψυχῆς
1211 1444 1258 1497 δ’
1288 1440 1381 1499 οὖν
1419 1448 1568 1519 ὅμως
1594 1453 1693 1523 τῆς
1713 1434 1921 1527 ἀνθρω-

2022 1283 2321 1340 Christum.
2352 1284 2555 1352 optime
2597 1285 2701 1339 hac
2732 1285 2947 1355 quidem
3006 1301 3073 1341 ex
3105 1298 3256 1357 parte
3284 1287 3599 1344 sentientes.

2024 1376 2371 1431 Dt-testantur
2418 1377 2582 1431 etiam
2641 1386 2897 1444 tanquam
2951 1379 3296 1432 vehementer
3353 1381 3612 1449 impium,-

341 1526 508 1598 πίνης
530 1529 623 1582 καὶ
648 1529 872 1601 λογικῆς
898 1532 994 1603 τὴν
1034 1535 1213 1605 σάρκα
1242 1539 1647 1608 γυμνώσαντες,
1676 1526 1919 1616 ἡνῶσθαί

341 1632 509 1684 φασιν
540 1618 675 1690 αὐτῇ
714 1619 805 1673 τὸν
852 1621 916 1674 ἐκ
959 1620 1096 1675 Θεοῦ
1135 1624 1328 1693 Λόγον.
1386 1628 1706 1703 Ἐξεύρηται
1739 1634 1796 1688 δέ
1837 1654 1919 1699 τις

343 1709 534 1773 αὐτοῖς
560 1711 802 1779 πιθανὸς,
833 1713 910 1779 ὡς
943 1715 1145 1771 οῐονται
1169 1758 1184 1784 ,
1238 1720 1376 1791 πρὸς
1409 1722 1568 1777 τοῦτο
1597 1725 1789 1795 Λόγος.
1834 1728 1917 1782 Τά

2021 1464 2428 1521 Emmanuelem
2464 1467 2514 1520 in
2552 1467 2658 1521 duo
2701 1468 2942 1523 dividere
2986 1469 3212 1523 :anima
3271 1479 3448 1524 tamen
3500 1471 3602 1525 hu-
3654 1536 3660 1549 ι

2023 1571 2178 1609 mana
2243 1566 2298 1610 et
2358 1558 2607 1612 rationali
2650 1572 2870 1613 carnem
2910 1559 3207 1627 privantes,
3245 1557 3478 1613 Verbum
3530 1574 3597 1614 ex

2020 1646 2130 1701 Deo
2170 1647 2217 1702 ei
2255 1648 2463 1703 unitum
2488 1664 2607 1703 esse
2632 1649 2804 1704 aiunt.
2844 1648 2910 1703 Et
2932 1651 3260 1721 probabilem
3284 1653 3597 1720 quamdam,

2022 1748 2080 1793 ut
2137 1741 2475 1808 existimant,
2539 1742 2802 1796 rationem
2846 1741 3087 1811 opinioni
3126 1758 3236 1797 suae
3274 1751 3597 1811 praetexunt.

344 1799 455 1870 γάρ
495 1815 598 1867 τοι,
647 1803 797 1870 φασὶ,
847 1804 987 1858 κατά
1036 1807 1288 1863 σύνθεσιν
1338 1813 1475 1883 πρὸς
1532 1816 1651 1880 ἑνὸς
1706 1817 1901 1872 τελείοι

2019 1827 2151 1896 Qum
2199 1831 2368 1893 enim,
2408 1832 2684 1899 inquiunt,
2731 1847 2828 1901 per
2879 1835 3321 1901 compositionem
3350 1835 3414 1887 ad
3438 1835 3598 1888 unius

349 1889 607 1943 σύστασιν
638 1891 1147 1966 συνδεδραμηκότα,
1195 1898 1336 1971 μέρη
1379 1917 1439 1953 τε
1470 1903 1565 1956 καὶ
1601 1904 1661 1971 ἐξ
1707 1906 1916 1961 ἀτελῶν

342 1977 570 2048 ὁρᾶσθαι
602 1980 778 2049 φιλεῖ,
818 1983 913 2037 τοῦ
939 1984 1162 2051 τελείως
1193 1986 1410 2058 ἔχοντος
1442 1992 1568 2046 καθ’
1596 1995 1778 2059 ἑαυτὸ,
1819 1998 1916 2053 καὶ

339 2069 417 2161 ὡς
446 2071 506 2123 ὲν
536 2070 642 2161 ἰδίᾳ
671 2072 852 2141 φύσει,
878 2075 979 2146 τῆς
1010 2078 1073 2131 ὲκ
1099 2079 1285 2148 μερῶν
1316 2082 1619 2151 συνθέσεως
1642 2088 1703 2141 οὐ
1731 2088 1915 2161 δεδεῆ-

340 2158 523 2225 μένου.
544 2160 836 2233 Τοιγάρτοι
858 2165 1010 2233 φασὶ,
1039 2171 1408 2240 παραιτητέον
1437 2174 1684 2240 εἰκότως,
1703 2158 1914 2251 ἀνθρω-

338 2267 439 2304 πον
475 2251 658 2307 δοῦναι
682 2256 909 2321 τέλειον,
938 2258 1030 2313 τδν
1058 2263 1423 2319 συνενωθεντα
1459 2266 1537 2338 τῷ
1569 2269 1726 2341 Λόγῳ
1760 2272 1908 2340 ναὸν,

338 2341 426 2395 ἵνα
459 2344 553 2396 καὶ
585 2345 618 2415 ἠ
661 2345 931 2415 σύνθεσις,
958 2351 1102 2425 ἥπερ
1129 2352 1195 2407 ἂν
1228 2355 1321 2408 ἐπὶ
1350 2358 1573 2430 Χριστῷ
1604 2364 1774 2415 νοοῖτο
1812 2380 1906 2417 τυ-

340 2432 455 2502 χὸν,
506 2435 708 2505 ἀκριϐῆ
761 2455 820 2491 τε
871 2441 965 2494 καὶ
1009 2442 1328 2516 ἀδιάϐλητον
1375 2450 1467 2502 τὸν
1524 2452 1723 2522 ἑαυτῆς
1769 2455 1908 2516 ἀπο-

341 2527 502 2591 σώζοι
534 2530 724 2599 Λόγον.
751 2534 861 2588 Καὶ
893 2535 999 2606 μὴν
1025 2539 1245 2595 κάκεῖνο
1285 2544 1571 2614 προσθεῖεν
1596 2546 1684 2612 ἂν,
1719 2547 1909 2620 ῶσπερ

336 2615 430 2674 οὖν
454 2615 691 2693 ἐγῷμαι.
726 2626 791 2678 El
821 2628 928 2699 γὰρ
954 2628 1014 2695 ἑξ
1046 2632 1340 2704 ἀνθρώπου
1365 2637 1590 2703 τελείου,
1625 2641 1779 2710 φασὶ,
1814 2615 1910 2695 καὶ

331 2709 429 2763 τοῦ
460 2713 523 2766 ἐκ
559 2714 774 2787 Πατρός
796 2716 950 2783 ὄντος
988 2722 1186 2791 Λόγου,
1219 2727 1539 2800 συντίθεμεν
1567 2709 1658 2784 τὸν
1696 2733 1908 2804 Ἐμμα-

329 2804 526 2875 νουήλ,
573 2806 633 2859 οὐ
686 2806 861 2879 βραχὺ
912 2812 974 2865 τὸ
1011 2813 1194 2886 δεῖμα,
1231 2818 1431 2889 μᾶλλον
1479 2821 1535 2874 δὲ
1572 2823 1907 2892 ἀδιάφυκτον

330 2896 429 2966 ἤδη
455 2915 571 2962 πως
597 2897 664 2952 ἂν
694 2904 943 2969 φανεῖται
975 2905 1179 2973 λοιπὸν,
1208 2910 1270 2963 τὸ
1305 2913 1397 2965 καὶ
1436 2913 1750 2984 ἀϐουλήτως
1772 2918 1903 2983 δεῖν,

330 2986 423 3041 δύο
465 2988 562 3058 μὲν
592 2992 775 3059 υἱοὺς,
806 2996 1081 3068 Χριστοὺς
1128 3000 1186 3054 δὲ
1231 2998 1297 3057 αὖ
1339 3004 1434 3058 δύο
1462 3009 1674 3076 φρονεῖν
1710 3026 1771 3062 τε
1812 3011 1905 3064 καὶ

333 3077 453 3147 λέγε
464 3098 530 3134 ιν.

402 3169 462 3225 Β.
504 3167 635 3227 Εἶτα
668 3174 721 3229 τί
751 3177 960 3243 τούτοις
986 3179 1321 3253 ἀπεροῦμεν
1351 3186 1546 3257 ἡμεῖς;

400 3261 463 3314 Α.
505 3264 728 3335 Πρῶτον
763 3270 881 3337 μὲν,
916 3271 998 3324 ὅτι
1029 3273 1129 3342 τῆς
1171 3274 1408 3340 πίστεως
1451 3278 1550 3349 τὴν
1596 3278 1768 3343 οὕτως
1806 3282 1904 3352 ἀρ-

330 3353 623 3425 χαιοτάτην
648 3358 735 3410 καὶ
778 3359 836 3427 ἐξ
880 3361 1059 3415 αὐτῶν
1107 3365 1215 3418 τῶν
1256 3367 1427 3435 ἁγίων
1486 3370 1798 3425 ἀποστόλων
1828 3372 1907 3425 δι-

331 3448 569 3518 ήκουσαν
614 3453 694 3517 εἰς
737 3455 885 3524 ἡμᾶς
933 3459 1252 3527 παράδοσιν,
1280 3463 1339 3514 οὐ
1385 3466 1504 3527 ταῖς
1537 3465 1905 3539 ὐπερμέτροις

330 3541 633 3613 ἀκριϐείαις
655 3547 981 3603 καταλυπεῖν
1001 3551 1171 3618 ἄξιον,
1191 3553 1315 3607 οὔτε
1348 3555 1456 3626 μὴν
1477 3558 1597 3621 ταῖς
1627 3560 1707 3622 είς
1733 3559 1902 3630 ἄκρον

327 3632 573 3704 ἐρεύναις
607 3637 895 3708 ὑποφέρειν
924 3640 991 3694 τὰ
1014 3642 1155 3714 ὑπὲρ
1188 3644 1334 3710 νοῦν,
1360 3645 1472 3700 ἀλλ’
1486 3647 1607 3700 οὐδὲ
1631 3648 1786 3719 ἥκειν
1820 3651 1901 3714 είς

330 3725 489 3794 μέσον
514 3722 708 3799 οἷάπερ
728 3730 877 3794 τινὰς
910 3734 1151 3805 ὁριστὰς,
1174 3736 1267 3790 καὶ
1297 3736 1685 3807 ῥιψοκινδύνως
1717 3740 1899 3810 λέγον-

325 3831 442 3880 τας,
476 3817 550 3883 ὡς
579 3820 637 3873 τὸ
665 3821 810 3875 δεῖνα
834 3823 955 3894 μὲν,
979 3825 1176 3897 ὀρθῶς,
1196 3827 1257 3881 τὸ
1285 3829 1432 3882 δεῖνα
1447 3829 1502 3884 δὲ
1525 3827 1614 3896 αὖ,
1641 3832 1897 3903 ἐτεροίως

320 3907 464 3977 ἔχειν
492 3910 630 3981 χρῆν
661 3912 851 3983 δήπου,
879 3916 972 3968 καὶ
998 3912 1065 3988 ἦν
1088 3916 1311 3988 ἄμεινον
1339 3920 1575 3990 ἀληθῶς,
1605 3924 1896 3994 ἀπονέμειν

315 3998 371 4053 δὲ
418 4001 620 4071 μᾶλλον
649 4003 728 4074 τῷ
766 4006 1026 4079 πανσόφῳ
1060 4007 1179 4080 Θεῷ
1220 4011 1329 4064 τῶν
1380 4011 1524 4065 ἰδίων
1556 4013 1894 4083 διασκέψεων

312 4091 409 4162 τὴν
438 4093 578 4157 ὁδὸν,
613 4096 707 4148 καὶ
740 4095 813 4167 μὴ
846 4100 959 4162 τοῖς
996 4093 1054 4152 εὖ
1085 4099 1229 4171 ἔχειν
1262 4103 1392 4172 παρ’
1420 4101 1568 4173 αὐτῷ
1600 4103 1893 4173 δεδοκιμα-

311 4184 535 4253 σμένοις
567 4186 921 4257 ὑπερφιάλως
950 4191 1229 4263 ἐπιτιμᾷν.
1265 4194 1635 4263 ’Λκουσόμεθα
1660 4194 1767 4268 γὰρ
1800 4193 1889 4247 λέ-

306 4293 497 4344 γοντος
528 4280 794 4350 ἐναργῶς,
819 4301 838 4334 ‹
862 4283 935 4337 Οὐ
962 4284 1069 4354 γάρ
1094 4288 1230 4340 εἰσιν
1258 4289 1313 4340 αἱ
1346 4286 1531 4358 βουλαί
1557 4305 1680 4356 μου,
1703 4288 1891 4361 ὥσπερ

299 4370 357 4423 αἱ
398 4370 598 4440 βουλαὶ
637 4374 790 4443 ὑμῶν
820 4376 916 4446 (4),
948 4377 1068 4430 οὐδὲ
1113 4378 1302 4449 ὥσπερ
1348 4382 1402 4433 αἱ
1462 4380 1572 4433 όδοὶ
1622 4381 1797 4450 ὑμῶν,
1834 4384 1889 4435 αἱ

2018 1921 2242 1991 perfecti
2283 1922 2721 1978 constitutionem
2746 1934 3105 1988 concurrunt,
3151 1936 3332 1993 partes
3383 1934 3433 1977 et
3472 1926 3597 1993 qui-

2016 2012 2134 2065 dem
2168 2011 2606 2082 ex-imperfectis
2636 2014 2875 2083 conspici
2898 2014 3073 2069 solent
3101 2032 3116 2081 ;
3155 2015 3275 2083 ejus
3321 2017 3466 2086 quod
3501 2031 3601 2087 per

2016 2117 2094 2168 se,
2163 2113 2218 2158 et
2279 2105 2332 2157 in
2393 2104 2611 2174 propria
2656 2119 2752 2159 sua
2806 2114 2999 2160 natura
3052 2108 3350 2175 perfectum
3397 2117 3500 2174 est,
3542 2118 3595 2163 et

2016 2195 2409 2260 compositione
2461 2211 2526 2251 ex
2583 2198 2830 2266 partibus
2884 2212 2990 2251 non
3031 2209 3174 2268 eget.
3234 2198 3465 2267 Idcirco,
3509 2201 3595 2254 in-

2015 2287 2227 2357 quinnt,
2269 2287 2569 2342 cavendum
2623 2288 2844 2344 omnino
2879 2299 2982 2352 est,
3024 2306 3091 2345 ne
3143 2291 3441 2359 perfectum
3479 2302 3592 2346 sta-

2014 2386 2230 2432 tuamus
2285 2377 2582 2444 hominem,
2639 2379 2896 2448 templum
2951 2384 3092 2450 quod
3166 2382 3341 2437 Verbo
3385 2382 3592 2437 unitum

2011 2479 2114 2535 est,
2171 2479 2229 2524 ut
2283 2471 2626 2541 compositio,
2664 2486 2784 2539 quae
2847 2471 2899 2525 in
2968 2472 3188 2527 Christo
3249 2473 3591 2544 intelligitur,

2011 2564 2309 2632 perfectam
2363 2579 2513 2618 suam
2578 2571 2632 2618 et
2706 2564 3244 2634 irreprehensibilem
3323 2567 3589 2620 rationem

2010 2655 2278 2708 obtineat.
2317 2654 2450 2709 Illud
2500 2669 2633 2711 vero
2656 2656 2929 2720 etiam,nt
2994 2638 3252 2721 arbitror,
3315 2657 3589 2726 adiicient.
3640 2692 3649 2699 -

2010 2743 2067 2801 Si
2102 2745 2272 2811 enim,
2303 2746 2575 2815 inquiunt,
2609 2761 2671 2801 ex
2699 2746 2940 2818 perfecto
2962 2748 3199 2812 homine,
3232 2757 3287 2802 et
3315 2763 3382 2801 ex
3412 2747 3591 2803 Verbo

2011 2835 2189 2892 Patris
2264 2837 2681 2893 Emmanuelem
2756 2839 3165 2903 constituimus,
3233 2854 3338 2895 non
3399 2855 3587 2908 parum

2010 2928 2326 2987 verendum.
2378 2929 2487 2985 imo
2536 2945 2666 2985 vero
2717 2931 3084 2985 necessarium
3153 2930 3312 3001 plane
3381 2932 3482 2987 erit
3533 2941 3592 2985 ut

2009 3019 2145 3075 duos
2185 3018 2326 3074 filios
2348 3029 2401 3075 et
2426 3020 2559 3076 duos
2589 3022 2825 3078 cbristos
2858 3021 3138 3077 faciamus.

2079 3196 2145 3249 Α.
2172 3194 2308 3261 Quid
2339 3210 2466 3249 vero
2498 3212 2601 3250 non
2632 3197 2717 3253 his
2744 3199 3231 3269 respondebimus?

2080 3285 2143 3336 A.
2169 3283 2406 3337 Ptimnm
2439 3284 2657 3353 quidem
2709 3287 2853 3354 quod
2884 3288 3333 3357 antiquissima,
3357 3302 3589 3359 quaeque

2006 3374 2141 3427 adeo
2170 3374 2239 3427 ab
2278 3374 2409 3442 ipsis
2437 3376 2638 3431 sanctis
2668 3377 2926 3446 apostolis
2959 3379 3025 3433 ad
3052 3394 3150 3433 nos
3180 3380 3429 3449 pervenit
3463 3379 3584 3434 ﬁdei

2007 3465 2304 3531 traditioni,
2337 3467 2630 3539 singularis
2663 3469 2929 3539 perfectio
2978 3466 3292 3541 deroganda
3348 3485 3455 3526 non
3486 3471 3583 3539 sit,

2004 3556 2096 3612 sed
2128 3571 2301 3627 neque
2336 3572 2562 3614 summae
2594 3560 2994 3630 investigationi
3017 3575 3077 3615 ea
3107 3578 3226 3631 qua:
3249 3560 3583 3631 intellectum

2003 3656 2246 3702 nostrum
2273 3650 2542 3704 excedunt
2569 3651 2927 3719 subjicienda,
2964 3668 3140 3722 neque
3168 3669 3355 3709 rursus
3406 3669 3505 3709 nos
3529 3654 3582 3708 in

2003 3739 2237 3793 medium
2267 3741 2565 3809 procedere
2591 3742 2814 3809 debere,
2848 3744 3015 3798 veluti
3050 3746 3307 3814 quosdam
3342 3746 3583 3802 arbitros

1999 3831 2199 3899 quique
2227 3831 2425 3886 limites
2450 3833 2871 3898 constituamus,
2897 3843 3097 3888 temera
3109 3837 3293 3905 rieque
3310 3837 3578 3903 dicamus,

2000 3921 2254 3974 nonnulla
2283 3923 2499 3990 quidem
2530 3932 2680 3977 recte
2714 3937 2836 3977 sese
2865 3924 3084 3989 habere,
3143 3927 3399 3981 uommlla
3450 3943 3582 3984 vero

1997 4026 2101 4064 non
2128 4012 2277 4077 item,
2316 4012 2408 4066 sed
2440 4011 2543 4064 alia
2570 4013 2778 4066 ratione
2809 4011 2999 4066 melius
3023 4030 3143 4069 sese
3176 4016 3447 4081 habitura,
3480 4018 3579 4072 sed

1994 4101 2173 4171 potius
2211 4101 2611 4170 sapientissimo
2645 4100 2756 4156 Deo
2786 4100 3189 4171 relinquendam
3212 4120 3331 4161 esse
3354 4122 3578 4163 suorum

1994 4191 2341 4245 consiliormn
2360 4193 2544 4257 riam,
2578 4207 2751 4261 neque
2772 4207 2833 4247 ea
2853 4206 2974 4262 quae
2996 4208 3025 4246 a
3055 4194 3165 4250 Deo
3190 4203 3251 4250 ut
3280 4207 3425 4252 recta
3452 4213 3578 4268 pro-

1994 4282 2114 4336 bata
2146 4292 2488 4337 suuttemere
2513 4285 2930 4352 reprehendere.
2957 4284 3253 4342 Andiemns
3277 4287 3420 4342 enim
3448 4302 3574 4343 eum

1994 4370 2276 4426 manifeste
2311 4373 2576 4427 dicentem
2611 4387 2626 4425 :
2670 4391 2691 4425 ι
2735 4372 2849 4429 Non
2882 4384 3008 4429 sunt
3048 4376 3276 4431 consilia
3320 4391 3436 4432 mea
3472 4377 3575 4433 sic-

295 4458 406 4511 ὁδοί
452 4477 575 4530 μου,
609 4459 724 4514 ἀλλ’
752 4461 941 4534 ῶσπερ
966 4465 1162 4536 ἀπέχει
1190 4467 1217 4519 ό
1255 4467 1482 4536 οὐρανὸς
1512 4469 1620 4522 ἀπὸ
1639 4470 1737 4540 τῆς
1762 4474 1884 4541 γῆς,

2004 4476 2053 4518 ut
2094 4465 2319 4520 consilia
2356 4475 2555 4529 vestra,
2607 4480 2783 4536 neque
2811 4468 2952 4523 sicut
2980 4469 3079 4523 via:
3133 4485 3288 4538 mete,
3330 4473 3431 4526 viae
3488 4486 3577 4526 t'e-
3647 4478 3663 4487 ‘

292 4544 482 4610 οὕτως
510 4548 756 4620 ἀπέχειὴ
789 4551 905 4614 ὁδός
943 4568 1042 4621 μου
1078 4554 1185 4606 ἀπὸ
1208 4555 1313 4608 τῶν
1337 4555 1469 4608 ὁδῶν
1489 4555 1663 4625 ὑμῶν,
1698 4558 1790 4610 καὶ
1825 4558 1892 4610 τὰ

291 4637 645 4711 διανοήματα
674 4643 825 4713 ὑμῶν
852 4644 958 4697 ἀπ’)
989 4644 1088 4714 τῆς
1117 4645 1351 4711 διανοίας
1380 4665 1536 4718 μου.»
1559 4644 1691 4703 Εἶτα
1721 4650 1780 4703 τὸ
1805 4649 1891 4703 δο-

293 4731 438 4785 κοῢψ
478 4733 662 4797 αὐτοῖς
715 4735 985 4806 ηὑρῆσθαι
1020 4738 1220 4807 σοφῶς,
1267 4737 1433 4790 ἕωλον
1467 4740 1749 4801 παντελῶς
1795 4742 1891 4794 καὶ

288 4822 514 4892 ἀμαθὲς
539 4824 599 4876 ὃν
625 4825 915 4883 ἁλώσεται.
947 4828 1010 4881 Ei
1036 4828 1145 4899 γὰρ
1168 4829 1231 4898 δή
1266 4846 1347 4891 τις
1374 4829 1565 4891 ἕλοιτο,
1589 4830 1767 4901 ψυχῆς
1797 4831 1884 4883 λον

293 4915 468 4984 γικῆς
508 4914 601 4968 τὸν
632 4916 774 4970 θεῖον
804 4921 1012 4972 ἐκεῖνον
1061 4919 1455 4990 ἁπογυμνῶσαι
1496 4921 1644 4984 ναὸν,
1690 4923 1789 4976 οὐκ
1821 4922 1880 4987 ἐξ

299 5005 510 5058 ἀτελῶν
539 5007 571 5074 ἠ
602 5007 816 5073 σύνοδος
846 5008 997 5064 ἔσται
1024 5010 1134 5073 δύο,
1165 5010 1358 5064 πολλοῦ
1398 5029 1459 5078 γε
1487 5013 1577 5065 καὶ
1601 5013 1700 5068 δεῖ.
1723 5016 1878 5068 Ἔστι

302 5096 399 5162 μὲν
426 5096 534 5167 γὰρ
586 5098 1054 5170 ὁμολογουμένως,
1096 5101 1172 5165 ὼς
1223 5100 1361 5171 πρὸς
1401 5100 1523 5154 ὅλον
1565 5101 1874 5170 ἄνθρωπον,

295 5187 389 5243 τὸν
426 5191 492 5242 ὲκ
524 5189 700 5261 ψυχῆς
729 5190 792 5262 δὴ
824 5191 967 5261 λέγω
996 5194 1090 5247 καὶ
1139 5193 1408 5263 σώματος,
1443 5192 1577 5264 μόνη
1622 5196 1716 5246 καὶ
1755 5194 1878 5247 καθ’

369 5346 413 5377 ³⁸
444 5346 548 5401 isa.
575 5362 661 5415 LV,
692 5347 745 5413 8,
788 5348 843 5404 9.

1993 4570 2119 4612 sua:
2157 4572 2168 4605 :
2205 4559 2299 4611 sed
2330 4558 2471 4610 sicut
2510 4558 2677 4612 distat.
2731 4560 2927 4614 crelum
2979 4574 3010 4613 ι
3041 4570 3208 4622 terra.
3248 4571 3453 4615 tantum
3490 4564 3572 4618 di-

1993 4656 2135 4700 smut
2169 4649 2267 4700 via:
2304 4662 2481 4700 mezea
2513 4648 2614 4701 viis
2648 4649 2860 4713 vestris,
2898 4659 2949 4703 et
2982 4652 3344 4720 cogitationes
3374 4662 3572 4707 vestra)

1993 4754 2021 4791 a
2048 4740 2470 4808 cogitationibus
2496 4740 2631 4794 meis
2663 4741 2728 4797 ³⁸.
2752 4759 2770 4792 ι
2801 4741 3068 4795 Praeterea
3101 4742 3150 4797 id
3178 4743 3319 4810 quod
3351 4743 3565 4811 sapien-

1992 4841 2073 4885 ter
2100 4830 2384 4883 admodmn
2426 4831 2495 4885 ab
2539 4832 2644 4885 illis
2678 4831 2954 4886 inventum
2983 4846 3102 4888 esse
3131 4832 3567 4895 videtur,vanum

1989 4935 2207 4989 prorsus
2266 4930 2430 4988 atque
2497 4921 2791 4975 absurdqu
2841 4938 2963 4977 esse
2990 4922 3439 4989 deprehendetur.
3505 4919 3572 4975 Si

1986 5015 2107 5080 quis
2129 5013 2269 5066 enim
2300 5011 2688 5066 velitdivinum
2725 5013 2848 5066 illud
2885 5014 3138 5082 templum
3172 5009 3564 5067 rationaliani-

1988 5121 2070 5156 ma
2110 5103 2343 5171 privare,
2372 5117 2476 5155 non
2506 5115 2570 5154 ex
2603 5102 2932 5170 imperfectis
2960 5118 3282 5172 congressus
3332 5105 3567 5156 duorum

1985 5197 2087 5248 erit
2115 5212 2128 5247 :
2159 5194 2381 5247 multum
2403 5193 2544 5246 enim
2574 5192 2745 5248 abest.
2774 5193 2865 5247 Est
2888 5193 3029 5248 enim
3059 5192 3320 5263 profecto,
3344 5207 3562 5263 compa-

1528 5505 1687 5562 BON.
1728 5503 2047 5562 V'ULCANII
2085 5505 2314 5561 ΝΟΤᾹΞ.

365 5666 440 5731 (4)
476 5666 609 5721 Vide
640 5682 759 5736 qum
792 5668 855 5719 ad
896 5667 1039 5719 hunc
1090 5666 1263 5736 locum
1309 5668 1683 5722 adnotavimus
1717 5669 1858 5721 libro

296 5741 547 5791 adversus
590 5735 1153 5804 Anthropomorphims
1186 5735 1387 5804 ((Tyt‘illi
1426 5749 1462 5794 t.
1491 5739 1578 5804 IX,
1612 5750 1721 5793 not.
1760 5739 1868 5809 Η),

1967 5670 2174 5792 ubdee
2205 5686 2360 5753 _voce
2394 5673 2709 5746 οἰκονομίας
2742 5673 2972 5746 egimus,
3012 5675 3233 5748 ejusque
3287 5674 3435 5730 varia
3471 5675 3551 5732 si-

1977 5756 2064 5792 2lll
2093 5755 2342 5792 ιοτιῑιοιιρ.

1977 5755 2342 5809 guiltcntmne.
