4078 6264
437 5716 454 5808 i
499 5815 501 5818 .

510 334 651 392 {ars

1529 327 1588 386 δ’.
1626 327 1902 385 CY-RILL'I
1943 312 2412 385 ALEXANDRINI
2452 327 2775 384 ARCHIEI'.

3615 326 3755 382 ιιιιθ

512 467 742 509 cuones.
782 452 1030 508 Esurisse
1051 450 1512 514 enim'di‘citur,.et
1545 451 1755 505 labores
1786 467 1861 505 ex—
1902 451 2074 522 leugis

2181 451 2329 504 αίτια
2373 451 2542 521 πάθη.
2590 451 2850 515 Πεινῆσαι
2893 447 2999 519 γὰρ
3040 447 3282 515 λέγεται,
3324 445 3528 509 κόπους
3561 463 3620 498 τε
3655 448 3763 500 ὐπ-

509 543 932 614 prol’ectionibus
963 543 1240 605 tolerasse,
1274 557 1522 611 pavorem
1565 543 1726 594 etiam
1779 558 1841 596 ac
1887 552 2099 606 metus,

508 637 747 690 dolorem
774 645 831 688 et
870 649 1178 697 mmrorem,
1239 643 1466 688 mortem
1533 633 1764 702 denique
1816 634 1886 685 in'
1923 650 2083 688 cruce

507 731 762 784 subiisse.
793 728 1030 795 Cogente
1069 729 1210 781 enim
1241 728 1455 779 nemine
1525 728 1760 780 animam
1797 742 1948 780 suam
1989 744 2081 796 pro

509 821 668 875 nobis
699 819 958 888 posuit",
994 828 1048 871 ιιι
1087 818 1313 872 mortuis
1346 817 1504 871 simul
1531 827 1584 871 et
1635 818 1946 872 viventibus
1989 821 2085 870 doc

508 911 745 963 minetur
772 909 836 961 δ’.
861 909 1092 962 Carnem
1125 923 1355 976 namque
1385 922 1538 961 suam
1570 922 1667 976 pro
1697 907 1936 961 omnium
1962 922 2084 959 car-

508 1019 576 1056 ne
605 1003 937 1070 persolvens,
967 1004 1164 1056 donum
1201 1016 1385 1056 revera
1434 1000 1686 1055 omnibus
1732 998 2079 1068 mquivalens,

507 1096 743 1148 animam
775 1094 936 1146 etiam
971 1109 1122 1147 suam
1159 1093 1399 1147 omnium
1432 1094 1732 1144 animarum
1760 1088 2078 1157 redemptio-

506 1187 590 1238 nis
621 1186 852 1253 pretium
888 1185 1060 1247 dedit,
1087 1183 1299 1237 tametsi
1355 1198 1570 1236 rursum
1629 1181 1906 1244 revixerit,
1965 1180 2075 1232 vita

505 1275 828 1329 naturaliter.
865 1275 1158 1338 exsisteus,
1215 1283 1273 1327 ut
1312 1272 1472 1326 Deus.
1527 1272 1736 1326 idcirco
1767 1281 1820 1325 et
1861 1269 2086 1322 div-inus-

502 1367 696 1421 Petrus
727 1367 798 1419 ita
830 1367 941 1419 ait:
985 1383 1007 1416 ι
1040 1364 1153 1419 Viri
1190 1365 1408 1430 fratres,
1465 1364 1624 1419 liceat
1694 1363 1955 1416 audenter
1998 1361 2080 1414 di-

503 1471 629 1509 cere
649 1457 714 1508 ad
742 1471 838 1510 vos
870 1457 937 1510 de
965 1456 1271 1526 patriarcha
1311 1455 1765 1523 David,quoniam
1795 1454 2078 1508 defunctus

501 1554 588 1599 est
621 1556 674 1600 et
708 1547 952 1615 sepultus
983 1555 1088 1611 est,
1117 1553 1172 1600 et
1213 1545 1518 1614 sepulcrum
1547 1544 1662 1614 ejus
1692 1553 1776 1598 est
1803 1543 1942 1614 apud
1982 1558 2080 1597 nos

503 1653 674 1705 usque
705 1638 758 1692 in
802 1637 1122 1692 hodiernum
1158 1637 1321 1692 diem.
1347 1637 1611 1707 Propheta
1643 1637 1805 1706 igitur
1832 1652 1951 1690 cum
1994 1650 2078 1690 es-

502 1737 604 1790 set,
627 1738 681 1781 et
709 1727 872 1782 sciret
901 1727 1648 1798 quiajurejurandojurasset
1695 1726 1768 1780 illi
1833 1727 1974 1780 Deus
2012 1727 2078 1780 de

2185 545 2428 609 ενεγκεῖν
2457 542 2582 602 τοὺς
2625 542 2688 591 ἐκ
2725 538 2951 609 μακρῶν
2972 537 3312 607 ὀδοιποριῶν,
3358 537 3550 600 πτοίας
3578 554 3636 589 τε
3668 540 3761 591 καὶ

2186 633 2405 701 φόϐους,
2444 633 2537 683 καὶ
2584 631 2759 699 λύπην
2798 630 2892 682 καὶ
2938 629 3203 696 ἀγωνίαν,
3252 629 3347 680 καὶ
3395 629 3486 680 τὸν
3549 629 3641 681 ἐπὶ
3684 629 3764 698 τῷ

2185 724 2403 793 σταυρῷ
2434 723 2678 776 θάνατον.
2718 720 3216 787 Ἐπαναγκάζοντος
3254 719 3362 790 γάρ
3394 719 3633 782 οὐδενὸς,
3675 721 3763 771 τέ-

2183 817 2362 870 θεικεν
2382 817 2474 881 ἀρ’
2496 814 2691 865 ἑαυτοῦ
2713 813 2810 881 τὴν
2835 809 2971 863 ἰδίαν
3001 810 3178 880 ψυχὴν
3197 810 3336 878 ὑπὲρ
3360 809 3540 878 ἡμῶν,
3562 809 3650 860 ἴνα
3669 809 3767 860 καὶ

2183 907 2390 975 νεκρῶν
2424 907 2514 958 καὶ
2547 903 2762 968 ζώντων
2791 889 3076 972 κυριεύσῃ.
3109 902 3295 970 Σάρκα
3342 900 3443 969 μὲν
3484 900 3585 968 τὴν
3627 901 3763 953 ἰδίαν

2179 997 2278 1065 τῆς
2319 997 2572 1049 ἁπάντων
2626 993 2825 1062 σαρκὸς
2868 992 3284 1055 άνταποτιννὺς,
3332 992 3505 1060 δῶρον
3536 991 3756 1060 άληθῶς

2181 1086 2451 1149 ἀντάξιον,
2492 1085 2668 1154 ψυχὴν
2708 1083 2970 1152 ὅδε-ψυχῆς
3006 1083 3320 1153 ἀντίλυτρον
3355 1087 3452 1154 τῆς
3501 1085 3763 1136 ἁπάντων

2181 1176 2524 1246 ποιούμενος,
2568 1179 2615 1228 εί
2671 1177 2762 1229 καὶ
2807 1175 3008 1228 ἀνεϐίω
3041 1175 3224 1238 πάλιν,
3253 1174 3364 1244 ζωὴ
3415 1174 3557 1227 κατὰ
3598 1174 3761 1244 φύσιν

2179 1271 2439 1340 ὑπάρχων
2483 1270 2558 1332 ὡς
2591 1269 2748 1330 Θεός.
2800 1270 2908 1322 Καὶ
2941 1269 3070 1336 γοῦν
3116 1270 3144 1320 ὁ
3187 1269 3479 1331 θεσπέσιος
3528 1268 3755 1338 Πέτρος,

2185 1381 2203 1414 ι
2231 1363 2457 1431 Ἀνδρες
2485 1359 2730 1429 ἀδελφοὶ,
2762 1360 2948 1430 φησὶν,
2982 1360 3100 1426 ἐξὸν
3141 1362 3316 1412 εἰπεῖν
3363 1360 3504 1429 μετὰ
3539 1362 3759 1428 παρῤη·

2180 1453 2298 1514 σίας
2331 1451 2463 1520 πρὸς
2485 1451 2629 1519 ὑμᾶς
2654 1449 2782 1519 περὶ
2819 1449 2916 1502 τοῦ
2955 1450 3294 1519 πατριάρχου
3329 1449 3516 1511 Δαϐὶδ,
3539 1449 3621 1501 ὅτι
3663 1451 3759 1502 καὶ

2177 1544 2498 1615 ἐτελεύτησε
2526 1543 2620 1596 καὶ
2656 1543 2852 1610 ἐτάφη,
2887 1543 2980 1594 καὶ
3006 1543 3064 1594 τὺ
3093 1541 3284 1612 μνῆμα
3315 1541 3482 1594 αὐτοῦ
3518 1543 3665 1592 ἐστιν
3695 1540 3756 1593 ἐν

2177 1638 2309 1705 ἡμῖν
2347 1635 2472 1706 ἄχρι
2497 1634 2594 1702 τῆς
2618 1635 2830 1703 ἡμέρας
2862 1631 3085 1701 ταύτης.
3132 1632 3422 1702 Προφήτης
3459 1627 3550 1682 οὖν
3577 1630 3756 1700 ὑπάρ-

2177 1743 2309 1796 χων,
2341 1725 2433 1778 καὶ
2471 1723 2647 1786 εἰδὼς,
2673 1724 2756 1776 ὅτι
2800 1723 2948 1792 ὅρκῳ
2996 1720 3211 1791 ὤμοσεν
3257 1721 3406 1791 αύτῷ
3437 1724 3465 1774 ὁ
3496 1721 3646 1782 Θεὸς,
3690 1722 3757 1774 ἐκ

502 1815 679 1870 fructu
708 1816 871 1871 lumbi
898 1816 1016 1886 ejus
1040 1819 1228 1871 sedere
1263 1832 1426 1886 super
1455 1817 1638 1871 sedem
1682 1814 1820 1881 ejus,
1881 1815 2069 1883 prrcvi-

2178 1815 2396 1886 καρποῦ
2438 1815 2540 1884 τῆς
2587 1812 2788 1882 ὀσφύος
2831 1811 2996 1865 αὑτοῦ
3032 1811 3254 1877 καθίσαι
3297 1812 3391 1864 ἐπὶ
3438 1813 3528 1864 τὸν
3566 1813 3758 1882 θρόνον

502 1909 637 1960 dens
665 1907 876 1961 loeutus
900 1916 982 1962 est
1013 1907 1080 1963 de
1109 1909 1505 1962 resurrectione
1534 1907 1756 1970 Christi,
1812 1906 1932 1974 quia
1981 1920 2076 1958 ne-

502 2011 607 2062 que
628 1995 890 2051 derelicta
913 2007 996 2052 est
1032 1996 1084 2050 in
1113 1996 1323 2050 inferno
1351 1997 1530 2051 anima
1559 1998 1695 2062 ejus,
1724 2012 1902 2066 neque
1949 2011 2076 2049 caro

501 2085 619 2153 ejus
643 2087 778 2140 vidit
810 2087 1212 2156 corruptionem
1240 2086 1308 2141 ⁸³.
1343 2106 1360 2138 ι
1403 2085 1587 2155 Neque
1619 2087 1762 2140 enim
1818 2087 1897 2139 fas
1918 2084 2078 2140 fuerit

502 2180 678 2233 dicere
701 2191 970 2248 perpetua:
999 2179 1640 2249 corruptioniobuoxiam
1681 2193 1800 2233 esse
1841 2179 2078 2248 potuisse

500 2283 720 2322 earnem
755 2267 929 2322 Verbo
955 2268 1200 2334 unitam;
1245 2283 1418 2337 neque
1449 2283 1636 2323 rursus
1689 2267 1922 2322 divinam
1962 2269 2077 2322 atti-

502 2373 642 2412 tnam
671 2360 842 2427 portis
871 2359 1064 2413 inferni
1095 2359 1413 2426 subjectam.
1450 2359 1580 2412 Nam
1607 2360 1658 2412 in
1684 2359 1895 2413 inferno
1923 2361 2076 2413 derc-

501 2451 660 2503 lictus
690 2467 792 2504 non
814 2459 916 2514 est,
940 2459 997 2503 ut
1019 2451 1233 2504 divinus
1265 2450 1426 2520 693
1452 2451 1642 2504 Petrus
1667 2451 1760 2503 ait.
1786 2449 1900 2504 Non
1933 2450 2073 2503 enim

502 2549 750 2592 naturam
779 2554 898 2608 quae
929 2555 959 2592 a
984 2551 1158 2596 morte
1176 2541 1560 2610 comprehendi
1595 2550 1648 2595 ct
1674 2542 1814 2595 vinci
1843 2557 1944 2594 non
1982 2558 2074 2610 po-

501 2639 628 2694 test,
658 2630 761 2685 hoc
782 2640 888 2695 est,
927 2631 1266 2686 divinitatem
1295 2631 1590 2698 Unigeuiti,
1633 2646 1663 2686 e
1705 2633 2072 2686 subterraneis

499 2723 770 2788 specubus
806 2723 1080 2776 reductam
1134 2722 1230 2776 ait.
1286 2720 1474 2790 Neque
1534 2721 1675 2774 enim
1711 2721 2072 2775 admiratione

499 2812 657 2882 digna
686 2827 773 2866 res
790 2823 959 2872 esset,
985 2813 1031 2866 si
1069 2829 1173 2866 non
1223 2814 1421 2867 mansit
1456 2813 1506 2865 in
1565 2811 1776 2866 inferno
1812 2811 2070 2876 Verbum,

497 2904 640 2973 quod
676 2904 904 2958 Deitatis
931 2904 1167 2958 ellicacia
1192 2913 1246 2958 et.
1270 2913 1463 2958 natura
1512 2901 1818 2957 admirabili
1889 2912 1944 2955 ct
1989 2917 2073 2955 ra-

500 2999 698 3052 tionem
723 2999 1022 3050 excedente
1048 2997 1204 3051 mtxlo
1217 2995 1401 3050 omnia
1430 2995 1615 3062 implet
1637 2995 1927 3064 omniaque
1945 3008 2070 3062 per-

499 3097 661 3140 meat.
689 3085 949 3154 Superior
970 3086 1114 3138 enim
1148 3097 1229 3140 cst
1273 3086 1422 3140 omni
1459 3086 1576 3140 loco
1625 3095 1678 3138 et
1727 3083 2070 3139 circumscri-

497 3181 704 3245 ptione,
733 3177 1207 3246 magnitudineque
1239 3178 1590 3231 mensurabili
1628 3177 1830 3238 Deitas,
1863 3190 1960 3228 nec
2006 3175 2073 3229 ab
2101 3161 2142 3215 Ο

498 3270 608 3325 ullo
635 3270 962 3324 continetur.
995 3269 1123 3323 Illud
1157 3283 1290 3322 vero
1336 3269 1537 3322 nemini
1587 3285 1693 3322 non
1733 3284 2080 3338 summopere

496 3361 870 3415 admirandum
900 3367 1003 3418 est.
1033 3361 1181 3430 quod
1207 3375 1400 3430 corpus
1434 3369 1626 3414 natura
1677 3375 1770 3414 sua
1817 3360 2082 3428 corrupti-

497 3453 601 3505 liile
631 3453 907 3516 revixerit,
962 3453 1232 3521 siquidem
1289 3451 1687 3521 incorru—ptibili
1748 3452 1924 3507 Verbo
1963 3451 2080 3506 uni-

497 3553 611 3594 tum
647 3543 1006 3597 erat.Auima
1053 3553 1236 3599 autem
1290 3544 1494 3608 diviua,
1545 3560 1669 3614 quae
1727 3560 2076 3614 congressum

495 3642 660 3702 atque
691 3634 949 3687 unitatem
991 3649 1112 3688 cum
1141 3633 1321 3689 Verbo
1347 3645 1638 3689 consecuta
1681 3645 1819 3700 erat,
1853 3636 2077 3690 descen-

495 3726 575 3778 dlt
605 3722 820 3792 quidem
852 3724 904 3778 in
939 3723 1230 3792 infernum,
1263 3733 1318 3779 et
1351 3725 1528 3779 divina
1574 3726 1813 3794 potentia
1855 3725 2078 3781 faculta-

497 3828 658 3886 teque
687 3825 866 3883 uteus,
888 3816 1055 3870 etiam
1093 3817 1375 3886 Spiritibus
1400 3817 1454 3871 iu
1491 3817 1706 3873 inferno
1757 3818 2077 3874 constitutis

491 3908 767 3979 apparuit.
790 3909 994 3964 idcirco
1018 3911 1181 3964 etiam
1205 3909 1342 3964 dixit
1373 3910 1440 3966 iis
1460 3910 1550 3979 qui
1574 3910 1626 3964 in
1646 3910 1877 3965 vinculis
1897 3920 2074 3977 erant,

498 4019 519 4051 ι
565 3999 759 4054 Exite:
810 4011 865 4055 et
912 4001 978 4055 iis
1007 4001 1099 4071 qui
1131 4001 1470 4068 intenebris,
1493 4001 1825 4058 Revelamini
1852 4002 1916 4058 “.
1953 4020 1972 4054 ι
1999 4003 2078 4057 Ac

496 4092 627 4145 mihi
659 4091 876 4160 quidem
909 4092 1234 4158 ejuscemodi
1268 4093 1466 4164 aliquid
1501 4094 1682 4150 dicere
1709 4094 1921 4149 videtur
1947 4095 2076 4150 hea—

494 4191 581 4236 tus
614 4181 807 4236 Petrus
835 4183 902 4236 de
922 4181 1096 4238 Verbo
1123 4184 1237 4247 Dei,
1267 4185 1441 4253 deque
1479 4185 1657 4240 anima
1711 4201 1831 4254 quae
1868 4187 1918 4242 ei
1976 4202 2076 4256 per

493 4276 954 4342 dispensationem
995 4276 1141 4330 unita
1162 4285 1265 4330 est.
1326 4295 1346 4327 ι
1393 4275 1582 4331 Melius
1637 4286 1742 4343 est,
1798 4279 2072 4349 inquiens,

496 4363 902 4418 lienel'acientes
928 4362 997 4434 (si
1031 4365 1279 4420 voluntas
1307 4365 1404 4421 Dei
1436 4367 1586 4437 velit)
1602 4369 1733 4436 pati,
1765 4384 1926 4439 quam
1961 4385 2074 4424 ma-

495 4453 831 4518 lefacientes,
885 4455 1010 4524 quia
1064 4463 1119 4510 et
1170 4453 1419 4511 Christus
1464 4459 1632 4513 semel
1682 4475 1778 4529 pro
1839 4461 2074 4530 peccatis

495 4555 748 4599 mortuus
770 4555 870 4610 est,
895 4546 1074 4615 justus
1111 4563 1207 4617 pro
1227 4547 1462 4616 iniustis,
1488 4559 1547 4603 ut
1574 4565 1673 4605 nos
1697 4549 1914 4607 oﬂ‘erret
1935 4552 2063 4618 Deo,

495 4635 851 4691 rnortillcatus
899 4637 1114 4706 quidem
1145 4653 1331 4704 carne,
1363 4640 1671 4696 viviﬁcatus
1699 4650 1880 4696 autem
1942 4643 2066 4713 Spi-

495 4730 598 4783 ritu
631 4746 646 4783 :
682 4729 736 4782 lu
757 4745 886 4797 quo,
924 4731 1116 4799 inquit,
1144 4732 1283 4786 etiis
1305 4732 1395 4801 qui
1441 4732 1494 4787 iu
1525 4749 1748 4790 carcere
1775 4737 2066 4805 erant.spi-

494 4821 686 4875 ritibus
713 4820 944 4875 veniens
962 4821 1292 4892 praedicavit,
1333 4823 1423 4893 qui
1473 4823 1764 4893 aliquando
1801 4825 2060 4880 increduli

492 4911 704 4965 fuerant
730 4912 794 4964 ⁵⁸.
824 4930 842 4963 ι
871 4911 1052 4981 Neque
1066 4915 1235 4980 enim,
1263 4923 1323 4968 ut
1346 4914 1602 4980 arbitror,
1629 4916 1849 4980 dixerit,
1873 4917 2067 4970 nudam

491 5003 771 5072 solamque
801 5018 898 5073 per
923 5017 982 5058 se
1003 5004 1264 5060 Deitatem
1291 4995 1566 5073 Unigeniti
1602 5007 1652 5059 in
1672 5006 1938 5062 infernum
1971 5006 2066 5062 de-

490 5095 767 5150 scendisse
809 5111 822 5147 :
858 5097 1127 5166 siquidem
1156 5097 1444 5152 invisibilis
1479 5098 1747 5153 exsistcns
1793 5099 2071 5169 spiritibus

490 5183 580 5248 qui
611 5183 722 5239 illic
743 5195 923 5253 erant,
946 5187 1245 5256 praedicare
1274 5188 1500 5244 omnino
1535 5206 1640 5244 non
1702 5190 1896 5259 potuit.
1925 5188 2070 5243 Prae-

490 5275 722 5329 stantior
749 5278 892 5331 enim
925 5287 1007 5333 est
1041 5279 1226 5336 Deitas
1260 5296 1419 5350 quam
1465 5291 1521 5336 ut
1555 5282 1702 5337 cerui
1742 5283 1939 5351 possit:
1977 5282 2069 5336 sed

492 5379 669 5433 neque
699 5366 1015 5436 imaginaria
1048 5372 1279 5439 quadam
1309 5373 1620 5441 apparentia
1649 5373 1985 5427 divinitatem
2017 5372 2068 5426 in

494 5454 690 5508 anima!
734 5458 968 5524 speciem
1027 5459 1468 5516 transformatam
1535 5463 1926 5528 coueedemus;
1977 5464 2068 5516 sed

493 5543 720 5613 perinde
749 5555 911 5614 atque
937 5548 1003 5604 iis
1031 5550 1121 5618 qui
1157 5552 1333 5606 adlmc
1369 5552 1421 5606 in
1446 5567 1610 5607 carne
1659 5562 1967 5620 versantur,
1994 5555 2064 5608 ita

566 5714 609 5751 ⁴²
645 5712 839 5771 lJoan.
875 5736 958 5780 tu.
1001 5723 1085 5777 16.
1163 5725 1206 5757 ⁵⁸
1241 5726 1401 5781 Dom.
1449 5742 1557 5790 χιι,
1589 5728 1640 5782 9.

1721 5732 1763 5761 ιλ
1786 5731 1905 5787 Act.
1941 5747 1998 5790 ιι.
2033 5731 2222 5802 29-31.

2180 1907 2370 1969 αὑτοῦ,
2417 1905 2654 1976 προϊδὼν
2699 1904 2929 1974 ὲλάλησε
2970 1904 3232 1973 περὶτῆς
3283 1904 3634 1966 ἀναστάσεως
3660 1903 3757 1958 τοῦ

2178 1995 2439 2066 Χριστοῦ.
2482 1997 2566 2048 ὅτι
2605 1993 2726 2047 οὔτε
2779 1993 3174 2064 ἐγκατελείφθη
3231 1997 3310 2057 εἰς
3347 1994 3480 2065 ᾅδην
3522 1996 3554 2062 ὴ
3609 1994 3755 2066 ψυχὴ

2177 2087 2364 2151 αὐτοῦ,
2395 2085 2519 2140 οὔτε
2545 2089 2578 2157 ἡ
2615 2087 2752 2157 σὰρξ
2777 2085 2942 2139 αὐτοῦ
2980 2081 3089 2137 εἶδε
3119 2084 3438 2155 διαφθοράν.
3471 2104 3487 2136 ι
3525 2085 3599 2136 Ού
3647 2086 3756 2157 γάρ

2177 2196 2259 2232 τοι
2286 2179 2443 2248 θέμις
2473 2179 2671 2242 εἰπεῖν,
2703 2176 2878 2245 φθορᾷ
2913 2175 3011 2245 μὲν
3044 2173 3305 2227 δύνασθαι
3335 2173 3656 2244 κρατεῖσθαι
3677 2174 3754 2226 δι-

2178 2274 2363 2343 ηνεκεῖ
2389 2271 2488 2340 τὴν
2517 2269 2812 2323 ἐνωθεῖσαν
2835 2268 2914 2340 τῷ
2941 2269 3099 2338 Λόγῳ
3133 2268 3332 2337 σάρκα,
3350 2267 3580 2338 κάτοχον
3609 2268 3665 2319 δὲ
3689 2263 3755 2322 αὖ

2177 2368 2294 2427 ταῖς
2335 2364 2461 2434 ᾅδου
2507 2363 2703 2426 πύλαις
2743 2365 2842 2432 τὴν
2895 2361 3046 2416 θείαν
3088 2360 3340 2429 γενέσθαι
3390 2360 3593 2430 ψυχήν.
3643 2363 3755 2414 Ούκ

2176 2454 2573 2524 ἐγκατελείφθη
2616 2455 2722 2526 γάρ
2769 2456 2848 2517 είς
2887 2453 3037 2522 ᾅδου,
3087 2452 3234 2505 καθὰ
3280 2453 3373 2504 καὶ
3404 2454 3432 2503 ὁ
3473 2452 3754 2516 θεσπέσιος

2176 2547 2279 2615 ἔφη
2306 2546 2530 2617 Πέτρος.
2568 2546 2643 2597 Οὐ
2683 2544 2791 2613 γάρ
2826 2561 2926 2596 που
2956 2545 3057 2613 τήν
3101 2559 3166 2610 γε
3207 2543 3445 2612 ἄληπτον
3480 2543 3752 2605 παντελῶς

2175 2638 2269 2690 καὶ
2302 2637 2574 2690 ἀνάλωτον
2607 2635 2686 2706 τῷ
2721 2635 2936 2704 θανάτῳ
2977 2635 3162 2704 φύσιν,
3195 2634 3471 2698 τουτέστι,
3506 2635 3604 2706 τὴν
3638 2635 3748 2687 θεό-

2173 2748 2313 2801 τητα
2351 2730 2444 2784 τοῦ
2492 2727 2853 2796 Μονογενοῦς,
2901 2727 3011 2779 τῶν
3044 2727 3145 2779 ὑπὸ
3189 2727 3355 2796 χθόνα
3399 2727 3583 2795 μυχῶν
3618 2728 3740 2778 ἀνα-

2174 2822 2499 2893 κεκομίσθαι
2530 2822 2714 2891 φησίν.
2742 2821 2818 2874 Οὐ
2846 2821 2952 2890 γάρ
2985 2820 3052 2873 ἂν
3076 2819 3284 2888 ἠξιώθη
3311 2820 3374 2871 τὸ
3405 2820 3578 2888 χρῆμα
3607 2818 3729 2868 θαύ-

2177 2929 2365 2982 ματος,
2404 2913 2452 2963 ei
2489 2912 2564 2981 μὴ
2593 2911 2903 2980 μεμένηκεν
2934 2912 3014 2972 εἰς
3043 2911 3132 2962 τὸν
3164 2909 3299 2981 ᾅδην
3327 2912 3355 2962 ὁ
3395 2911 3460 2962 ὲκ
3495 2908 3616 2961 Θεοῦ
3648 2909 3735 2959 M-

2173 3021 2288 3071 γος,
2327 3005 2393 3073 τῇ
2428 3004 2526 3072 τῆς
2554 3001 2808 3070 θεότητος
2840 3003 3092 3073 ἐνεργείᾳ
3126 3019 3185 3055 τε
3215 3001 3312 3055 καὶ
3353 3001 3533 3069 φύσει,
3572 3017 3741 3071 παρα-

2171 3094 2338 3160 δόξως
2369 3094 2462 3148 καί⁹
2497 3094 2636 3163 ὑπὲρ
2687 3094 2869 3162 λόγον,
2913 3094 3140 3165 πληρῶν
3183 3095 3282 3166 μὲν
3315 3094 3386 3148 τὰ
3426 3097 3626 3158 πάντα,
3663 3095 3752 3146 καὶ

2180 3187 2292 3247 τοῖς
2338 3185 2506 3238 πᾶσιν
2555 3183 2862 3254 ἐπιδημῶν.
2936 3184 3218 3254 Ἀνωτὲρω
3275 3185 3383 3255 γὰρ
3432 3186 3623 3250 τόπου,
3665 3185 3752 3236 καὶ

2183 3273 2566 3344 περιορισμοῦ,
2597 3273 2690 3326 καὶ
2724 3272 2993 3341 μεγέθους
3026 3275 3297 3343 μετρητοῦ
3330 3275 3388 3328 τὸ
3417 3275 3595 3336 Θεῖον,
3627 3274 3753 3327 αὐτὸ

2180 3363 2236 3415 δὲ
2265 3363 2368 3414 ὑπὸ
2398 3363 2624 3434 μηδενὸς
2645 3362 3012 3434 χωρούμενον.
3039 3365 3351 3434 Παράδοξον
3373 3366 3448 3431 δὲ,
3479 3367 3570 3418 καὶ
3587 3367 3752 3418 οὐδενὶ

2181 3455 2288 3509 τῶν
2321 3455 2488 3508 ὄντων
2513 3454 2888 3524 ἀθαύμαστον,
2930 3455 3011 3508 ὅτι
3043 3454 3202 3525 σῶμα
3239 3456 3337 3527 μὲν
3371 3457 3571 3509 ἀνεϐίω
3600 3457 3660 3508 τὸ
3692 3458 3754 3523 τῇ

2182 3546 2339 3614 φύσει
2396 3545 2652 3616 φθαρτὸν,
2696 3547 2972 3616 συνήνωτο
3001 3545 3109 3616 γὰρ
3143 3547 3221 3617 τῷ
3263 3547 3525 3618 ἀφθάρτῳ
3573 3548 3750 3616 Λόγῳ.

2181 3636 2342 3706 Ψυχὴ
2375 3635 2432 3688 δὲ
2469 3637 2503 3706 ἡ
2549 3635 2692 3701 θεία,
2743 3634 2840 3707 τὴν
2873 3637 3010 3707 πρὸς
3065 3635 3228 3690 αὐτὸν
3261 3638 3504 3708 λαχοῦσα
3537 3639 3753 3709 συνδρο-

2182 3728 2290 3794 μήν
2319 3743 2377 3778 τε
2408 3726 2502 3778 καὶ
2524 3725 2717 3779 ἕνωσιν
2747 3727 3194 3796 καταπεφοίτηκε
3224 3726 3323 3798 μὲν
3347 3729 3427 3791 είς
3457 3727 3606 3798 ᾇδου,
3636 3727 3753 3780 θεο-

2180 3819 2382 3889 πρεπεῖ
2416 3817 2473 3870 δὲ
2493 3817 2720 3888 δυνάμει
2773 3817 2867 3872 καὶ
2907 3818 3124 3892 ἐξουσία
3167 3821 3462 3890 χρωμένη,
3514 3822 3610 3873 καὶ
3644 3824 3753 3884 τοῖς

2179 3911 2359 3963 ἐκεῖσε
2393 3909 2674 3980 πνεύμασι
2704 3910 3085 3980 κατεφαίνετο.
3113 3912 3408 3982 Τοιγάρτοι
3434 3913 3526 3965 καὶ
3552 3912 3751 3980 ἔφασκε

2177 4004 2286 4065 τοῖς
2322 4003 2379 4054 ἐν
2403 4001 2643 4072 δεσμοῖς,
2679 4020 2697 4054 ι
2733 4002 3032 4068 Ἐξὲλθετε,
3069 4003 3163 4056 καὶ
3199 3993 3312 4066 τοῖς
3351 4003 3409 4054 ἐν
3447 4003 3523 4074 τῷ
3552 4003 3750 4068 σκότει,

2190 4095 2654 4164 ’Λνακαλύφθητε.
2695 4114 2713 4146 ι
2743 4095 2851 4147 Καί
2905 4113 2996 4166 μοι
3025 4095 3192 4160 δοκεῖ,
3230 4096 3394 4164 φάναι
3421 4114 3474 4150 τι
3510 4095 3748 4150 τοιοῦτον

2178 4187 2272 4240 καὶ
2303 4189 2330 4241 ὁ
2362 4188 2635 4258 μακάριος
2665 4189 2872 4259 Πέτρος
2904 4187 3033 4258 περί
3061 4204 3121 4241 τε
3146 4187 3240 4241 τοῦ
3269 4188 3406 4241 Θεοῦ
3437 4189 3629 4257 Λόγου,
3659 4189 3747 4240 καὶ

2176 4279 2275 4348 τῆς
2335 4279 2458 4334 καθ’
2507 4280 2703 4333 ἕνωσιν
2764 4281 3117 4350 οίκονομικὴν
3160 4280 3538 4350 γεγενημένης
3585 4279 3744 4333 αὑτοῦ

2173 4368 2371 4439 ψυχῆς,
2403 4389 2422 4421 ι
2449 4369 2709 4440 Κρεῖττον
2754 4369 2863 4441 γὰρ
2914 4368 3404 4438 ἀγαθοποιοῦντας,
3438 4372 3486 4422 εἰ
3522 4368 3661 4422 θέλοι
3690 4369 3743 4419 τὲ

2175 4460 2388 4531 θέλημα
2412 4460 2506 4513 τοῦ
2528 4459 2687 4525 Θεοῦ,
2723 4460 2975 4532 πάσχειν,
3001 4461 3033 4531 ἢ
3071 4459 3524 4525 κακοποιοῦντας,
3551 4461 3630 4513 ὅτι
3659 4460 3744 4512 καὶ

2172 4554 2201 4605 ὀ
2239 4552 2475 4623 Χριστὸς
2521 4551 2670 4616 ἆπαξ
2720 4553 2859 4625 ὑπὲρ
2903 4553 3190 4624 ἁμαρτιῶν
3229 4552 3468 4606 ἀπέθανε
3493 4594 3507 4617 ,
3547 4553 3745 4614 δίκαιος

2174 4643 2314 4712 ὑπὲρ
2346 4642 2572 4706 ἀδίκων,
2596 4643 2663 4696 ἵν’
2697 4645 2846 4715 ἡμᾶς
2869 4645 3198 4718 προσαγάγῃ
3236 4644 3312 4713 τῷ
3342 4644 3480 4713 Θεῷ,
3507 4645 3742 4697 θανατω-

2172 4735 2284 4798 θεὶς
2302 4736 2488 4806 σαρκὶ,
2513 4735 2868 4806 ζωοποιηθεὶς
2898 4737 2955 4788 δὲ
2980 4737 3271 4806 πνεύματι·
3292 4736 3378 4787 Ἐν
3398 4728 3462 4802 ᾧ,
3482 4736 3632 4805 φησι,
3660 4734 3746 4786 καὶ

2172 4831 2284 4891 τοῖς
2313 4829 2374 4882 ἐν
2399 4829 2616 4899 φυλακῇ
2652 4829 2926 4899 πνεύμασι
2963 4828 3248 4898 πορευθεὶς
3274 4828 3562 4899 ἐκήρυξεν,
3591 4829 3748 4879 ἀπει-

2173 4919 2369 4990 θήσασι
2401 4937 2558 4972 ποτε.
2592 4939 2612 4971 ι
2658 4920 2792 4973 Οὐδέ
2821 4920 2931 4992 γὰρ
2959 4914 3114 4990 οἶμαι
3152 4921 3310 4988 φαῖεν
3342 4903 3429 4982 ἂν,
3463 4919 3538 4982 ὡς
3571 4918 3747 4988 γυμνὴ

2171 5011 2265 5063 καὶ
2291 5011 2411 5064 καθ’
2436 5011 2634 5082 ἑαυτὴν
2652 5013 2683 5082 ἡ
2702 5011 2902 5081 Θεότης
2925 5011 3019 5065 τοῦ
3048 5010 3404 5079 Μονογενοῦς,
3423 5009 3746 5076 καταπεφοί-

2171 5121 2304 5175 τηκε
2335 5104 2434 5174 μὲν
2472 5105 2553 5168 εἰς
2578 5105 2740 5175 ᾅδου,
2771 5105 3062 5176 διεκήρυξε
3101 5105 3159 5157 δὲ
3196 5106 3310 5166 τοῖς
3359 5104 3539 5155 ἐκεῖσε
3587 5101 3745 5154 πνεύ-

2170 5209 2323 5262 μασι,
2356 5192 2556 5257 ἄοπτος
2585 5190 2719 5247 οὖσα
2750 5194 3053 5256 παντελῶς.
3077 5194 3346 5264 Κρεῖττον
3378 5191 3487 5262 γάρ
3530 5192 3616 5244 ἀεὶ
3655 5188 3746 5241 τοῦ

2171 5281 2402 5352 ὁρᾶσθαι
2441 5282 2502 5335 τι
2533 5282 2708 5344 Θεῖον,
2741 5283 2852 5336 ἀλλ’
2887 5282 3008 5335 οὐδὲ
3043 5283 3283 5353 δοκήσει,
3325 5282 3420 5334 καὶ
3446 5281 3746 5348 ἐσχηματι-

2179 5373 2416 5442 σμένως,
2452 5375 2531 5437 είς
2554 5374 2615 5426 τὸ
2643 5375 2821 5444 ψυχῆς
2854 5371 2992 5438 εἶδος
3017 5375 3186 5445 αὐτὴν
3221 5372 3614 5444 μεμορφῶσθαι
3645 5370 3743 5423 δῶ-

2177 5481 2363 5534 σομεν,
2399 5467 2765 5536 παραιτητέον
2797 5466 2854 5519 δὲ
2911 5468 3159 5536 πανταχῆ
3198 5467 3294 5538 τὴν
3330 5467 3551 5536 δόκησιν
3573 5481 3585 5492 ·
3633 5461 3744 5516 ἀλλ’

2174 5555 2360 5627 ῶσπερ
2382 5560 2492 5621 τοῖς
2523 5557 2603 5610 ἔτι
2646 5560 2785 5628 μετὰ
2815 5559 3036 5629 σαρκὸς,
3069 5559 3212 5612 οὕτω
3238 5559 3329 5610 καὶ
3357 5559 3477 5622 ταῖς
3509 5559 3588 5620 είς
3620 5555 3741 5627 ᾅδου

2302 5732 2343 5764 ll
2371 5730 2468 5785 lsu.
2503 5749 2644 5792 xm.
2680 5734 2729 5788 9.
2813 5736 2851 5766 θ’*
2882 5733 3059 5789 ll‘etr.
3103 5751 3183 5795 ιιι,
3221 5734 3396 5788 l'i-iO.
