4078 6264
311 369 447 424 1923

1397 369 1484 423 DE
1532 361 2052 420 lNCARNATlONE
2095 367 2468 422 UNIGENITI.

3431 379 3568 434 {2‘26

307 464 509 534 μένων,
541 457 678 512 ἀλλὰ
709 455 978 528 λαλοῦμεν
1002 455 1136 509 Θεοῦ
1163 455 1354 524 σοφίαν
1385 458 1443 509 ὲν
1479 457 1762 528 μυστηρίῳ
1791 457 1892 528 τὴν

2001 459 2090 512 sed
2149 459 2419 530 loquimur
2488 461 2580 514 Dei
2637 459 2956 531 sapientiam
3010 462 3062 517 in
3117 467 3397 534 mysterio,
3452 486 3568 540 qua,

303 548 829 621 ἀποκεκρυμμένην,
854 547 921 618 ἥν
957 546 1260 618 προώρισεν
1284 549 1311 599 6
1334 545 1466 608 Θεὸς
1497 546 1602 618 πρὸ
1633 547 1740 598 τῶν
1763 543 1890 598 αίώ-

302 663 410 701 νων
457 645 537 706 εἱς
576 641 731 706 δόξαν
763 639 940 708 ὑμῶν,
985 639 1053 708 ἥν
1100 638 1275 703 οὐδεὶς
1309 639 1416 692 τῶν
1465 639 1742 711 ἀρχόντων
1792 638 1888 692 τοῦ

294 735 502 798 αίῶνος
525 733 714 788 τούτου
744 732 1001 800 ἔγνωκεν.
1033 751 1052 782 ι
1076 729 1138 784 ΕΞ
1164 732 1271 803 γὰρ
1288 732 1552 800 ἔγνωσαν,
1571 733 1670 785 οὑκ
1701 731 1767 786 ἂν
1799 731 1890 786 τὸν

292 829 512 900 Κῦριον
542 828 644 900 τῆς
677 827 834 898 δόξης
867 824 1242 895 ἐσταύρωσαν.
1273 825 1380 879 Καὶ
1399 826 1511 897 μὴν
1538 827 1629 879 ἐπὶ
1658 823 1890 888 τούτοις,

297 942 313 974 ι
333 923 444 984 ’Ὀς
467 919 542 974 ὢν
562 918 906 990 ἀπαύγασμα
927 917 1026 989 τῆς
1045 917 1201 988 δόξης
1222 917 1315 971 καὶ
1332 917 1618 990 χαρακτὴρ
1637 919 1738 988 τῆς
1759 918 1892 970 ὑπο-

293 1014 552 1078 στάσεως
593 1012 781 1076 αὐτοῦ,
817 1013 999 1082 φέρων
1027 1028 1087 1064 τε
1119 1011 1186 1063 τὰ
1217 1010 1393 1064 πάντα
1441 1011 1518 1082 τῷ
1564 1011 1766 1082 ῥήματι
1793 1011 1891 1080 τῆς

291 1108 588 1178 δυνάμεως
621 1105 808 1168 αὐτοῦ,
842 1102 1185 1176 καθαρισμὸν
1212 1103 1318 1157 τῶν
1346 1103 1628 1174 ἁμαρτιῶν
1662 1103 1890 1172 ποιησά-

299 1217 494 1273 μενος,
521 1199 772 1252 ἐκάθισεν
805 1199 864 1250 ἐν
895 1195 1044 1268 δεξιᾷ
1069 1195 1168 1267 τῆς
1214 1194 1603 1266 μεγαλωσύνης
1651 1196 1708 1248 ὲν
1756 1194 1893 1266 ὑψη-

297 1292 442 1354 λοῖς,
475 1287 712 1358 τοσούτῳ
741 1287 1004 1356 κρείττων
1033 1285 1322 1355 γενόμενος
1356 1285 1466 1338 τῶν
1491 1283 1758 1354 ἀγγέλων,
1784 1286 1894 1356 ὅσῳ

298 1380 712 1451 διαφορώτερον
740 1379 872 1447 παρ’
906 1378 1102 1442 αὐτοὺς
1127 1375 1603 1448 κεκληρονόμηκεν
1641 1377 1832 1446 ὄνομα.
1867 1398 1886 1428 ι

304 1473 506 1528 Καίτοι
555 1472 615 1524 τό
659 1487 723 1538 γε
759 1466 898 1522 εἷναί
946 1485 1004 1522 τε
1054 1468 1149 1521 καὶ
1193 1465 1554 1537 ὀνομάζεσθαι
1593 1467 1695 1538 τῆς
1738 1467 1894 1540 δόξης

307 1566 538 1638 Κύριον,
559 1563 676 1626 πῶς
698 1563 821 1632 οὐχὶ
844 1561 962 1614 λίαν
989 1560 1280 1632 ὑπερτενὲς
1301 1561 1394 1614 καὶ
1418 1559 1618 1624 παντὸς
1639 1561 1892 1614 ἐπέκεινα

305 1655 542 1728 γενητοῦ
577 1656 670 1710 καὶ
702 1653 1056 1724 παρηγμένου
1087 1651 1226 1722 πρὸς
1249 1652 1460 1720 γένεσιν
1479 1671 1492 1719 ;
1513 1653 1624 1706 Καὶ
1653 1652 1892 1722 παρίημι

311 1751 414 1821 μὲν
450 1747 522 1802 τὰ
563 1745 892 1816 ἀνθρώπινα*
926 1744 1137 1815 σμικρὰ
1162 1743 1280 1814 γὰρ’
1313 1742 1378 1816 δὴ
1423 1743 1564 1798 λίανο
1597 1743 1708 1814 ἐρῶ
1732 1743 1776 1796 δ’
1799 1739 1893 1798 οῦν

309 1846 396 1896 ὅτι
431 1841 532 1896 κᾶν
572 1837 858 1908 Ἀγγέλους
891 1836 1178 1908 ὀνομάσαι,
1209 1835 1302 1890 καὶ
1330 1835 1529 1908 Ἀρχὰς
1551 1837 1645 1889 καὶ
1663 1836 1897 1907 Θρόνους

313 1935 413 1990 καὶ
446 1932 786 2005 Κυριότητας
830 1927 1281 2000 ἀπαριθμῆσαιτό
1309 1945 1412 1993 τις,
1446 1929 1538 1980 καὶ
1573 1927 1680 1998 μὴν
1721 1929 1815 1980 καὶ
1848 1931 1896 1982 εί

310 2027 424 2080 τῶν
453 2023 712 2080 ἀνωτάτω
740 2022 1166 2093 διαμεμνήσεται
1195 2019 1466 2091 Σεραφὶμ,
1489 2019 1719 2074 κατόπιν
1751 2019 1898 2074 ἰόντα

310 2118 413 2188 τῆς
431 2113 605 2180 οὕτως
631 2113 958 2184 ὑπερτενοῦς
979 2111 1362 2182 ὁμολογήσειεν
1386 2109 1450 2164 ἂν
1471 2111 1740 2175 εὐκλείας,
1763 2111 1816 2163 εἴ
1834 2128 1898 2180 γε

308 2210 438 2264 νοῦν
467 2209 580 2278 ἔχοι
609 2207 684 2278 μὴ
715 2197 1496 2277 παρεφθαρμένον.¹Έκκριτον
1525 2203 1634 2274 γὰρ
1671 2199 1810 2256 εἶναι
1838 2203 1899 2256 τὸ

311 2301 484 2371 γέρας
524 2299 688 2370 φημὶ,
727 2297 823 2350 καὶ
859 2297 968 2350 δεῖν
999 2295 1318 2350 ἀνακεῖσθαι
1350 2294 1485 2366 μόνῃ
1515 2297 1582 2366 τῇ
1618 2294 1726 2347 τῶν
1761 2295 1898 2348 ὅλων

311 2391 676 2464 παμϐασιλίδι
723 2389 901 2460 φύσει.
935 2389 1057 2452 Πῶς
1084 2385 1176 2442 οῦν
1221 2387 1288 2441 ἂν
1340 2388 1550 2456 γένοιτο
1601 2390 1698 2458 τῆς
1741 2387 1900 2456 δόξης

313 2483 524 2556 Κύριος
563 2483 591 2536 ὁ
619 2478 1060 2550 ὲσταυρωμένοςς
1097 2478 1170 2532 Τὸ
1201 2477 1258 2532 δὲ
1288 2477 1628 2548 ἀπαύγασμα
1660 2476 1752 2530 τοῦ
1784 2479 1896 2531 Πα-

311 2576 467 2646 τρὸς,
498 2575 592 2628 καὶ
621 2573 718 2643 τῆς
745 2571 929 2635 οὐσίας
960 2571 988 2624 6
1021 2570 1326 2642 χαρακτὴρ,
1356 2571 1383 2622 ό
1411 2570 1592 2640 φέρων
1621 2569 1688 2622 τὰ
1721 2568 1899 2621 πάντα

310 2667 395 2738 τῷ
443 2667 648 2738 ῥήματι
695 2665 795 2736 τῆς
825 2663 1102 2734 δυνάμεως
1131 2662 1317 2726 αὑτοῦ,
1351 2661 1614 2732 κρείττων
1651 2659 1899 2728 ἀγγέλων

305 2756 897 2829 γεγενῆσθαιλέγετλι,
915 2756 1056 2826 τάχα
1075 2770 1176 2808 που
1206 2753 1266 2810 τὸ
1294 2753 1532 2816 ἔλαττον,
1554 2753 1627 2818 ὼς
1660 2746 1898 2824 ἐγῷμαι,

305 2853 518 2918 λαϐὼν,
551 2854 641 2906 ὅτε
671 2852 913 2922 πέφηνεν
943 2850 1248 2920 ἄνθρωπος.
1281 2847 1594 2919 Γέγραπται
1640 2835 1768 2920 γὰρ,
1816 2847 1900 2898 ὅτι

313 2969 332 3001 ι
367 2949 476 3002 Τὸν
508 2947 564 3000 δὲ
599 2944 774 3020 βραχύ
804 2961 858 2997 τι
883 2944 1013 3014 παρ’
1045 2941 1309 3012 ἀγγέλους
1353 2940 1734 3012 ἠλαττωμένον
1779 2939 1899 3009 βλέ-

313 3057 498 3108 πομεν
537 3037 766 3106 Ἰησοῦν,
793 3036 882 3089 διὰ
911 3036 973 3089 τὸ
999 3034 1228 3105 πάθημα
1257 3033 1351 3086 τοῦ
1389 3033 1618 3088 θανάτου
1653 3033 1778 3104 δόξῃ
1807 3032 1902 3084 καὶ

1995 549 2307 606 abscondita
2343 562 2458 618 est,
2485 568 2645 622 quam
2688 553 3092 622 praedestinavit
3131 555 3270 611 Deus
3304 569 3428 614 ante
3469 577 3568 618 sa:-

1993 641 2110 695 cula
2143 641 2195 696 iu
2240 643 2465 713 gloriam
2521 653 2786 708 nostram,
2841 661 3001 716 quam
3057 661 3218 704 nemo
3267 651 3570 721 principum

1993 733 2152 802 hujus
2177 735 2361 790 saeculi
2396 737 2668 804 cognovit.
2702 736 2758 792 Si
2791 739 2936 792 enim
2973 743 3356 810 cognovissent
3379 785 3392 808 ,
3433 759 3570 796 nun-

1994 840 2152 895 quam
2204 827 2490 880 Dominum
2531 827 2715 898 gloriae
2741 830 3226 886 eruciﬁxissent".
3279 853 3296 884 ι
3343 833 3572 890 Przeter~

1993 930 2053 970 ea
2085 933 2098 969 :
2162 934 2180 967 ε
2209 914 2310 982 Qui
2358 931 2480 970 cum
2523 917 2595 971 sit
2635 917 2890 987 splendor
2920 919 3106 990 gloria:
3145 928 3199 975 et
3238 921 3408 992 ﬁgura
3445 923 3564 976 sub-

1993 1008 2208 1064 stantia:
2241 1007 2380 1076 ejus,
2413 1018 2748 1080 portansque
2776 1015 2960 1066 omnia
2993 1015 3157 1070 verbo
3192 1016 3409 1070 virtutis
3439 1032 3572 1080 suas,

1997 1099 2370 1171 purgationem
2403 1111 2744 1170 peccatorum
2769 1102 2996 1170 faciens,
3020 1108 3172 1162 sedet
3196 1107 3262 1160 ad
3291 1109 3574 1166 dexteram

1999 1195 2294 1268 majestatis
2337 1198 2388 1252 in
2436 1196 2706 1264 excelsis;
2761 1206 2909 1252 tanto
2958 1199 3148 1254 melior
3193 1201 3401 1270 angelis
3445 1202 3576 1258 elle-

1995 1297 2140 1351 ctus,
2175 1296 2381 1355 quanto
2419 1287 2755 1344 diﬂ'erentius
2803 1305 2915 1358 pra:
2965 1289 3069 1344 illis
3119 1306 3312 1346 nomen
3356 1293 3576 1348 haeredi-

1999 1379 2129 1434 tavit
2153 1379 2217 1432 ³⁸.
2251 1397 2269 1430 ›
2303 1379 2472 1434 Porro
2493 1395 2614 1434 cum
2651 1381 2724 1435 sit
2751 1389 2806 1438 et
2847 1380 3144 1452 appelletur
3169 1381 3426 1438 Dominus
3460 1386 3578 1454 glo-

1997 1471 2111 1538 rim,
2163 1473 2434 1540 quomodo
2482 1489 2588 1528 non
2637 1474 2888 1530 omnibus
2945 1475 3144 1530 creatis
3195 1483 3250 1530 et
3299 1475 3365 1529 ad
3399 1484 3576 1530 ortqu

1999 1565 2259 1620 traductis
2283 1566 2353 1621 sit
2379 1565 2962 1636 excellentior?Atque
2997 1577 3054 1620 ut
3080 1567 3314 1622 humana
3349 1577 3578 1636 praetcr-

1996 1671 2154 1720 eam,
2196 1671 2315 1726 qua:
2343 1657 2504 1710 exilia
2543 1657 2776 1726 viliaque
2810 1664 2955 1724 sunt,
2987 1658 3030 1712 si
3077 1658 3197 1725 quis
3237 1657 3471 1728 Angelos
3525 1665 3582 1710 et

1965 1795 1968 1816 ς
2001 1745 2362 1816 Principatus,
2391 1756 2444 1802 et
2475 1747 2723 1802 'l'hronos
2749 1762 2813 1801 ac
2837 1747 3246 1802 Dominutiones
3271 1757 3579 1810 recenseat,

2000 1836 2132 1906 quin
2163 1845 2507 1904 etsuprema:
2543 1837 2820 1906 dignitatis
2863 1836 3172 1906 Seraphim,
3207 1840 3470 1894 immenso
3509 1850 3582 1892 ta-

1998 1943 2120 1982 men
2147 1927 2460 1983 discrimine
2490 1943 2522 1982 a
2549 1945 2760 1986 summa
2790 1931 2890 1986 hac
2923 1931 3090 2000 gloria
3123 1929 3343 1986 ditl‘erre
3371 1931 3586 2000 judica-

2000 2023 2096 2088 bit,
2153 2022 2196 2075 si
2254 2031 2486 2076 mentem
2537 2030 2853 2090 corruptam
2908 2035 3012 2076 non
3081 2023 3298 2080 haheat.
3336 2023 3586 2078 Eximius

1999 2113 2141 2168 enim
2173 2114 2345 2170 honor
2366 2123 2468 2182 est,
2495 2115 2696 2184 quique
2726 2115 2824 2170 διιΙί
2867 2116 3062 2171 divina:
3089 2127 3298 2170 natura:
3339 2131 3458 2186 quas
3485 2118 3582 2172 toti

2001 2208 2250 2262 universo
2285 2209 2514 2276 imperat
2535 2209 2806 2262 convenit.
2841 2207 2909 2262 At
2931 2223 3040 2278 quo
3065 2218 3222 2276 pacto
3252 2207 3416 2262 fuerit
3463 2209 3573 2264 Do-

2003 2299 2179 2352 minus
2205 2298 2409 2370 glorire,
2444 2300 2488 2354 is
2509 2300 2599 2369 qui
2624 2301 2774 2354 cruci
2800 2300 2990 2357 allixus
3019 2299 3134 2356 est?
3155 2299 3422 2370 Splendor
3451 2317 3578 2356 vero

2000 2390 2200 2457 Patris,
2247 2400 2303 2444 et
2355 2391 2640 2446 character
2703 2393 2957 2446 esseutiae
3009 2393 3197 2462 ipsius,
3252 2401 3585 2462 portansque

2002 2483 2182 2538 omnia
2231 2484 2395 2538 verbo
2441 2485 2654 2540 virtutis
2707 2499 2854 2549 sua),
2912 2485 3102 2540 melior
3151 2486 3358 2556 angelis
3409 2486 3584 2542 factus

2001 2591 2118 2632 esse
2146 2577 2361 2642 dicitur,
2392 2577 2570 2632 minor
2606 2577 2882 2646 nimirum,
2915 2587 2974 2632 ut
3013 2579 3270 2646 arbitror,
3295 2579 3376 2634 eis
3406 2579 3582 2634 decla-

2003 2679 2174 2734 ratus,
2219 2683 2340 2724 eum
2392 2669 2640 2738 apparuit
2685 2669 2866 2726 homo.
2923 2668 3198 2738 Scriptura
3253 2677 3334 2724 est.
3379 2671 3522 2724 enim
3565 2689 3580 2726 :

2011 2780 2028 2814 ι
2067 2760 2233 2816 Paulo
2269 2761 2444 2814 minus
2473 2760 2541 2814 ab
2571 2760 2778 2829 angelis
2819 2760 3088 2814 minutum
3117 2759 3578 2816 videmus'lesum

2005 2859 2223 2922 propter
2247 2851 2553 2920 passionem
2588 2852 2779 2907 mortis
2805 2860 2856 2906 et
2883 2851 3086 2908 honore
3119 2863 3437 2906 coronatum
3465 2853 3530 2905 ‘9.
3559 2871 3577 2902 ι

2004 2944 2144 3010 Quid
2177 2942 2381 3011 igitur?
2423 2941 2840 2996 Privahimusne
2887 2941 3120 2996 Verbum
3171 2944 3316 3010 quod
3361 2959 3428 3000 ex
3473 2941 3588 2998 Deo

2005 3051 2067 3090 ac
2099 3035 2258 3090 Patre
2288 3033 2548 3103 processit
2580 3033 2898 3088 excellentia
2937 3033 3020 3086 illa
3053 3033 3224 3104 698
3250 3049 3369 3104 qua:
3394 3049 3588 3090 essen-

311 3133 458 3201 τιμῇ
488 3128 947 3198 ἐστεφανωμένον.
974 3121 1125 3196 i'Ap‘
1146 3122 1240 3178 οὖν
1263 3123 1536 3194 ὲξώσομεν
1563 3123 1650 3178 τὸν
1677 3126 1742 3178 ὲκ
1765 3123 1898 3176 Θεοῦ

2007 3124 2336 3194 ιίειιίιεείρεὶ
2372 3125 2534 3190 inest,
2559 3132 2613 3178 et
2642 3137 2672 3175 a
2702 3121 2944 3191 perlecta
2979 3137 3101 3176 cum
3133 3121 3293 3178 Patre
3325 3123 3584 3180 similitu-

315 3221 539 3294 Πατρὸς
564 3219 841 3290 πεφηνότα
865 3218 1058 3285 Λόγον,
1082 3216 1180 3286 τῆς
1209 3214 1356 3285 αὐτῷ
1381 3215 1690 3286 προσούσης
1712 3212 1902 3268 ούσιώο

311 3317 449 3378 εους
497 3312 784 3382 ὑπεροχῆς,
819 3309 1042 3378 καὶτῆς
1071 3307 1206 3379 πρὸς
1233 3305 1394 3358 αὐτὸν
1431 3303 1692 3376 ἀκριϐοῦς
1739 3306 1906 3372 ἐμφε.

315 3408 502 3482 ρείας,
533 3406 628 3459 καὶ
667 3405 764 3474 τῆς
793 3403 1040 3472 ἀγγέλων
1073 3399 1321 3462 εὐκλείας
1352 3397 1660 3470 ἡττώμενον
1687 3393 1906 3464 βλέπον-

313 3518 416 3564 τες
447 3497 534 3552 διὰ
557 3497 616 3550 τὸ
643 3496 742 3566 τῆς
767 3491 1075 3562 οἰκονομίας
1107 3487 1550 3560 σμικροπρεπές;

395 3592 460 3643 Β.
502 3586 798 3658 Οὑμενοῦν.
829 3581 996 3654 Οἶμαι
1030 3581 1138 3653 γὰρ
1167 3581 1298 3644 δεῖν,
1327 3579 1450 3633 οῦτε
1489 3577 1597 3631 τῶν
1629 3577 1906 3647 ἀνθρωπίσ-

316 3699 436 3738 νων
469 3677 826 3734 ἀπαλλάττειν
873 3671 1152 3734 παντελῶς
1194 3669 1284 3722 τὸν
1314 3672 1378 3721 ὲκ
1406 3667 1540 3721 Θεοῦ
1569 3667 1738 3736 Λόγον
1771 3664 1906 3736 μετά

312 3775 424 3846 τὴν
461 3771 593 3841 πρὸς
617 3770 795 3840 σάρκα
823 3765 1058 3828 σύνοδον,
1085 3762 1212 3818 οὔτε
1236 3762 1341 3834 μὴν
1365 3761 1522 3831 δόξης
1547 3761 1648 3826 τῆς
1681 3760 1908 3831 θεοπρε-

315 3866 468 3929 ποῦς
499 3864 822 3934 ἀποστερεῖν
845 3860 903 3913 τὸ
936 3856 1294 3928 ἀνθρώπινον,
1327 3856 1376 3908 εί
1401 3857 1460 3908 ἐν
1491 3852 1714 3924 Χριστῷ
1738 3857 1908 3906 νοοῖτο

312 3961 420 4015 καὶ
456 3958 684 4026 λέγοιτο.
717 3954 863 4024 Πλὴν
892 3951 1186 4023 ὲρομένους
1240 3948 1348 4001 ἴσθι
1373 3946 1453 3999 τοί
1493 3962 1642 4008 τινας
1665 3961 1677 3972 ·
1713 3943 1806 4006 Τίς
1839 3943 1909 4013 ’δὴ

305 4056 430 4125 ἄρα
462 4052 610 4106 ἐστὶν
636 4048 849 4118 ἀληθῶς
887 4044 1093 4114 Ἰησοῦς
1119 4045 1146 4095 ὁ
1171 4039 1436 4112 Χριστός,
1480 4039 1535 4090 '0
1567 4039 1629 4088 ἐκ
1654 4034 1909 4102 γυναικὸς

303 4145 416 4201 ἄνθ
429 4160 638 4215 ρωπος,
671 4141 838 4210 ἤγουν
872 4139 900 4189 ὁ
929 4139 993 4188 ὲκ
1020 4133 1155 4186 Θεοῦ
1185 4132 1390 4199 Λόγος;

383 4214 460 4290 A7.
493 4231 732 4286 Ἦλίθιον
783 4228 881 4298 μὲν
931 4224 1127 4294 κομιδῇ
1175 4221 1234 4274 τὸ
1261 4215 1619 4274 διατείνεσθαι
1659 4214 1908 4286 περιττὰ,

299 4329 412 4382 καὶ
466 4321 772 4394 φληνάφοις
803 4314 1200 4384 είκαιομυθίαις
1241 4309 1664 4377 ἀνταναφωνεῖν.
1683 4304 1824 4376 Ἐρῶ
1866 4305 1911 4358 δ’

290 4417 428 4481 οὖν,
477 4418 559 4470 ὅτι
597 4410 862 4482 σφαλερόν
888 4426 944 4461 τε
987 4407 1077 4460 καὶ
1112 4405 1210 4457 οὑκ
1242 4402 1476 4472 ἀζήμιον
1508 4401 1568 4453 τὸ
1605 4398 1912 4468 διατέμνειν

2006 3218 2150 3284 dine,
2179 3231 2302 3272 cum
2339 3215 2488 3272 illum
2527 3215 2596 3270 ob
2621 3213 3014 3270 incarnationis
3041 3214 3408 3272 humilitatem
3441 3213 3584 3270 infe-

2009 3310 2210 3363 riorem
2241 3307 2447 3377 angelis
2474 3307 2675 3362 factum
2713 3305 2998 3362 ridemus?

2079 3566 2139 3620 Β.
2185 3565 2556 3636 Nequaquam.
2592 3566 2856 3622 Existimo
2887 3567 3028 3622 enim
3055 3575 3306 3635 oportere
3335 3580 3510 3636 neque
3535 3566 3590 3622 in

2010 3660 2322 3716 universum
2351 3659 2701 3714 humanitatis
2729 3643 3154 3728 proprietatibus
3195 3659 3410 3727 privare
3451 3659 3588 3714 Ver-

2013 3751 2134 3806 bum
2173 3765 2240 3806 ex
2275 3751 2414 3814 Deo,
2451 3760 2736 3820 postquam
2791 3765 3008 3804 carnem
3048 3749 3382 3818 assumpsit:
3419 3765 3592 3818 neque

2012 3856 2200 3896 rursus
2247 3841 2640 3894 humanitatem
2690 3839 2868 3892 divina
2923 3837 3091 3908 gloria
3138 3836 3396 3904 spoliare,
3451 3837 3497 3888 si
3536 3836 3590 3887 in

2010 3936 2225 3991 Christo
2254 3933 2586 4002 intelligatur
2615 3941 2670 3984 et
2703 3931 2934 3986 dicatur.
2963 3935 3034 3986 At
3074 3929 3259 3982 dicunt
3294 3927 3538 3982 nonnulli
3569 3949 3584 3980 :

2012 4029 2272 4094 Quisnam
2310 4041 2431 4078 vere
2463 4033 2544 4076 est
2567 4021 2724 4076 .Iesus
2751 4019 3040 4076 Christus?
3082 4018 3324 4072 llomone
3361 4033 3428 4072 ex
3472 4036 3592 4070 lllll-

2011 4123 2145 4178 liere
2179 4129 2360 4184 natus,
2389 4133 2456 4172 an
2485 4115 2717 4170 Verbum
2749 4129 2814 4168 ex
2859 4113 3010 4168 Deo?

2082 4213 2148 4268 Α.
2193 4211 2402 4266 Stolida
2437 4207 2682 4280 profecto
2723 4221 2810 4261 res
2851 4216 2934 4260 est
2969 4204 3032 4258 de
3060 4203 3220 4258 rebus
3245 4202 3595 4271 supervacuis

2014 4306 2213 4360 acriter
2247 4300 2610 4362 contendere,
2651 4298 3058 4366 nugacibusque
3103 4310 3165 4350 ac
3205 4293 3358 4350 vanis
3403 4293 3596 4348 verbov-

2019 4412 2135 4450 rum
2169 4392 2492 4450 commentis
2535 4388 2876 4452 occlamare,
2932 4387 3060 4458 quin
3101 4387 3281 4456 potius
3327 4385 3597 4454 periculo-

287 4470 390 4570 ἐῖέ
415 4470 532 4560 δύο
561 4470 656 4555 καί
699 4470 967 4568 ἀναμέρος
998 4495 1148 4564 ἱστᾷν
1200 4470 1482 4561 ἄνθρωπόν
1509 4507 1569 4542 τε
1597 4488 1691 4541 καὶ
1717 4487 1898 4556 Λόγον1

2017 4506 2135 4556 sum
2177 4487 2507 4554 noxiumque
2546 4497 2668 4538 esse
2709 4481 3021 4550 judicarim,
3070 4495 3257 4536 secare
3303 4479 3356 4534 in
3400 4480 3506 4534 duo
3545 4491 3600 4534 et

285 4601 404 4653 οὐκ
481 4593 815 4663 ἀνεχομένης
864 4588 962 4657 τῆς
1011 4584 1341 4656 οἰκονομίας,
1390 4583 1483 4636 καὶ
1534 4579 1766 4652 Χριστὸν
1817 4579 1898 4632 ἕνα

2019 4582 2308 4653 separatim
2355 4585 2598 4633 statuere
2635 4575 2906 4630 hominem
2960 4583 3014 4626 et
3045 4571 3277 4626 Verbum
3301 4610 3316 4635 ,
3355 4585 3475 4624 cum
3512 4571 3601 4624 in-

289 4691 460 4763 βοὼσ
481 4703 547 4756 ης
575 4684 673 4753 τῆς
709 4680 1064 4736 Θεοπνεύστου
1093 4675 1336 4746 Γραφῆς.
1367 4673 1575 4744 Χρῆναι
1605 4672 1714 4742 γὰρ
1739 4670 1898 4763 ἔγωγε

2023 4671 2356 4729 carnationis
2393 4667 2530 4722 ratio
2576 4666 2628 4718 id
2677 4680 2780 4718 non
2835 4663 3094 4734 patiatur,
3152 4675 3384 4728 cmnque
3440 4674 3598 4714 sacra

285 4750 458 4854 ἐρημι
473 4750 514 4844 ,-
537 4750 676 4847 μήτε
713 4774 804 4826 τὸν
849 4776 914 4826 ἐκ
952 4769 1088 4824 Θεοῦ
1117 4768 1289 4836 Λόγον
1321 4764 1739 4833 ἁνθρωπότητος
1768 4762 1892 4854 δίχα

2026 4764 2303 4832 Scriptura
2335 4773 2503 4814 unum
2539 4771 2662 4814 esse
2697 4753 2974 4809 Christum
3005 4752 3280 4822 praedicet.
3312 4750 3424 4820 Ego
3455 4750 3597 4804 enim

489 4838 674 4924 egw-sx
695 4864 950 4934 γυναικὸς
973 4859 1342 4930 ἀποτεχθέντα
1372 4856 1520 4918 ναὸν,
1535 4855 1632 4925 οὺχ
1655 4851 1898 4908 ἑνωθέντι

2023 4857 2096 4910 ita
2128 4861 2310 4909 statuo
2337 4857 2590 4918 oportere
2610 4887 2626 4912 ,
2659 4860 2834 4914 neque
2865 4843 3101 4898 Verbum
3147 4857 3214 4896 ex
3256 4839 3365 4894 Deo
3395 4838 3600 4908 absque

401 4963 607 5031 Λόγῳ,
627 4930 862 5030 Χριστὸν
886 4953 1094 5028 Ἰησοῦν
1115 4949 1499 5023 ὀνομάζεσθαι.
1519 4945 1898 5017 Ἀνθρωπότητ

2023 4944 2378 5006 humanitate,
2412 4953 2585 5007 neque
2605 4935 2862 5004 templqu
2899 4933 3040 5003 quod
3068 4946 3133 4986 ex
3164 4930 3384 5000 Virgine
3414 4937 3596 4981 uatum

287 5018 422 5128 γόιρ
452 5018 592 5107 καθ’
611 5051 803 5104 ἕνωσιν
823 5044 1171 5116 οἰκονομικὴν
1189 5043 1518 5114 ἀπορρήτως
1541 5038 1898 5108 συνενηνεγμὲ

2021 5047 2106 5094 est
2131 5051 2244 5090 non
2275 5033 2482 5086 unitum
2517 5028 2716 5096 Verbo,
2741 5025 2924 5082 Jesum
2948 5023 3224 5080 Christum
3253 5021 3456 5076 vocari.
3489 5018 3603 5072 Hu-

291 5115 402 5211 ύος
451 5149 492 5198 ὁ
536 5146 602 5195 ὲκ
643 5141 778 5194 Θεοῦ
820 5141 990 5209 Λόγος
1016 5115 1220 5191 νοεῖται
1254 5133 1508 5205 Χριστὸς,
1540 5129 1799 5198 ἀνωτέρω
1830 5129 1894 5199 μὲ

2026 5126 2274 5182 Inanilali
2304 5124 2446 5178 enim
2483 5117 2782 5176 secundum
2829 5115 3090 5170 unitatem
3133 5128 3230 5184 per
3265 5115 3601 5167 incarnatio-

294 5236 775 5311 ἁνθρωπότητος,
806 5233 879 5297 ὡς
909 5231 1070 5302 φύσει
1096 5229 1228 5292 Θεὸς
1259 5227 1352 5282 καὶ
1383 5225 1530 5286 Υἱὸς,
1562 5222 1841 5304 epicum»;
1866 5221 1894 5274 δ

2027 5233 2148 5274 nem
2182 5216 2376 5271 factam
2411 5209 2755 5267 inet‘l‘abiliter
2779 5206 3090 5276 copulatum
3118 5203 3354 5260 Verbum
3377 5218 3443 5257 ex
3471 5203 3602 5266 Deo,

294 5353 361 5387 τι
427 5327 616 5400 βραχὺ
667 5323 762 5377 τοῦ
809 5325 866 5376 ἐν
914 5321 1045 5392 δόξῃ
1087 5315 1446 5390 θεοπρεποῦς.
1495 5315 1568 5376 ὡς
1617 5311 1898 5384 ἄνθρωπος

2029 5311 2227 5366 dicitur
2255 5307 2526 5373 Christus,
2557 5303 2807 5372 superior
2837 5301 3053 5368 quidem
3091 5313 3253 5370 quam
3295 5305 3376 5351 est
3411 5297 3601 5350 huma-

298 5420 651 5491 Τοιγάρτοι,
682 5416 813 5486 ποτὲ
866 5415 963 5484 μὲν
1022 5414 1258 5482 ἔφασκεν
1290 5429 1302 5441 ·
1335 5409 1433 5460 ιύ
1484 5403 1746 5476 ἑωρακὼς
1804 5403 1898 5472 ἐμὲ

2033 5402 2196 5464 nitas,
2229 5409 2288 5454 ut
2325 5405 2517 5452 natura
2545 5394 2688 5448 Deus
2714 5404 2770 5447 et
2791 5390 2960 5445 Filius
2988 5403 3004 5444 :
3033 5388 3260 5444 inferior
3305 5401 3431 5441 vero
3474 5400 3609 5440 nou-

297 5517 555 5579 ὲώρακε
587 5509 676 5562 τὸν
709 5507 950 5579 Πατέρα.
970 5505 1111 5573 Ἐγὼ
1155 5505 1248 5558 καὶ
1275 5506 1302 5556 ὁ
1333 5500 1519 5570 Πατὴρ
1557 5500 1614 5552 ἓν
1664 5498 1830 5566 ἐσμεν
1857 5514 1866 5524 ·

2035 5493 2166 5548 nihil
2197 5491 2362 5561 gloria
2391 5490 2608 5551 divina,
2645 5495 2702 5540 ut
2741 5487 2924 5538 homo.
2979 5482 3193 5538 ldcirco
3230 5489 3286 5536 et
3323 5480 3437 5548 ipse
3481 5477 3607 5532 alibi

294 5611 409 5664 ὁτὲ
451 5608 517 5659 δὲ
548 5602 612 5659 αὖ
651 5602 810 5654 πάλιν
833 5618 845 5631 ·
884 5619 900 5650 ι
925 5601 982 5650 Ὀ
1011 5599 1197 5666 Πατήρ
1233 5612 1330 5665 μου
1364 5591 1560 5663 μείζων
1597 5589 1694 5660 μού
1723 5591 1887 5640 ἐστιν.

2036 5585 2208 5638 dixit:
2253 5601 2268 5632 ι
2303 5582 2403 5646 Qui
2455 5579 2587 5632 vidit
2631 5592 2749 5638 me,
2784 5572 2918 5628 vidit
2959 5583 3015 5627 et
3055 5574 3268 5628 Patrem
3304 5572 3367 5626 ‘°.
3404 5569 3515 5640 Ego
3561 5578 3613 5622 et

394 5784 446 5815 ⁵⁷
482 5782 502 5834 ι
536 5781 657 5834 Cor.
691 5793 752 5840 ιι,
788 5775 900 5828 6-8.
980 5773 1024 5804 ⁵⁸
1051 5772 1216 5824 llr-llr.
1256 5787 1292 5833 l,
1332 5770 1385 5832 ’5,
1415 5772 1464 5822 .i.
1546 5771 1588 5800 ⁵³
1617 5766 1777 5822 llebr.
1816 5781 1872 5827 ιι,

2036 5763 2079 5794 ⁶⁰
2103 5759 2256 5814 Joan.
2299 5775 2404 5825 xiv,
2440 5758 2494 5812 9.

669 5872 941 5929 PATRUL.
989 5867 1109 5924 Gn.
1146 5863 1390 5921 LXXV.
3215 5843 3284 5902 39
