4078 6264
605 377 747 430 «ΙΞΞἹ

1598 372 1652 423 S.
1697 370 1965 426 (lYlllLLl
2007 371 2472 426 ALEXAhblthl
2515 373 2829 430 AilCillEP.

3657 379 3768 437 ιιιι

609 494 770 545 Pater
812 505 973 542 mum:
1033 502 1217 540 smnus
1244 487 1307 539 ".
1357 505 1373 537 ›
1411 487 1541 540 Cum
1594 503 1719 543 vero
1762 489 1893 543 dicit
1925 505 1936 541 :
1972 509 1988 540 ι
2024 490 2171 544 Palct

2285 491 2359 543 υύ
2401 491 2570 560 μείων
2614 493 2721 561 γὰρ
2765 491 2838 544 ὢν
2872 491 2963 543 τοῦ
3000 489 3210 560 Harpe;
3244 491 3376 542 κατά
3401 507 3456 558 γι
3487 490 3538 543 τὸ
3575 492 3622 544 ὲν
3648 493 3772 566 οὐσίᾳ

610 583 784 650 major
816 595 900 633 me
924 577 1065 632 est"
1099 595 1109 630 :
1151 596 1166 628 ι
1193 593 1314 631 cum
1341 592 1447 631 non
1481 577 1551 631 sit
1577 578 1751 633 minor
1778 577 1939 634 Patre
1969 580 2177 635 ratione

611 671 909 726 identitatis
961 670 1248 735 essentiam,
1302 676 1355 722 et
1405 669 1732 723 omnimodae
1783 671 2174 734 similitudinis,

608 763 868 816 minorem
909 775 967 814 se
1000 774 1116 813 esse
1157 758 1287 812 dicit
1326 757 1536 812 ratione
1567 758 1938 815 humanitatis.
1970 758 2176 814 Praedi-

607 865 761 906 catur
784 866 909 905 vero
929 851 1088 904 etiam
1118 850 1170 904 in
1205 849 1377 904 sacris
1401 847 1641 914 Litteris,
1662 849 1927 904 interdum
1959 851 2174 920 quidem

549 1011 557 1017 ἢ
607 951 665 995 ut
693 945 901 1011 integre
929 940 1196 993 exsistens
1228 939 1407 1001 homo,
1437 952 1542 992 non
1566 952 1821 1008 expressa
1847 939 2014 1009 ipsius
2041 939 2177 994 divi-

605 1034 805 1097 nitate,
859 1032 1067 1085 ratione
1121 1028 1556 1084 incarnationis:
1613 1028 1878 1083 interdum
1931 1044 2061 1084 vero
2117 1039 2175 1084 ut

607 1125 767 1186 Deus,
799 1136 902 1175 non
928 1135 1184 1189 expressa
1232 1119 1566 1174 humanitate
1595 1136 1609 1172 :
1638 1127 1827 1172 neutra
1872 1128 2048 1172 tamen
2091 1135 2176 1173 ra-

607 1215 752 1269 tione
783 1214 882 1284 ipsi
918 1212 1113 1281 injuria
1162 1211 1237 1275 lit,
1273 1219 1494 1279 propter
1537 1210 1820 1278 utriusque
1861 1209 2177 1280 appellatio-

607 1305 690 1358 nis
715 1306 766 1357 in
792 1319 956 1356 unum
982 1316 1329 1356 concursum.

676 1399 734 1452 B.
771 1399 1050 1464 Quomodo
1081 1395 1202 1450 ais?
1239 1409 1412 1465 neque
1438 1395 1581 1450 enim
1607 1395 1740 1451 satis
1765 1410 2025 1466 assequor
2049 1396 2175 1467 quid

603 1495 760 1548 velis.

675 1586 734 1637 Α.
784 1583 1040 1638 Hebraeus
1081 1597 1145 1637 ex
1187 1582 1427 1637 Hebraeis
1467 1590 1523 1636 et
1569 1581 1708 1638 tribu
1747 1583 2044 1655 Beniamin,
2081 1598 2177 1639 vo-

599 1689 756 1732 catus
782 1676 1079 1747 apostolus,
1109 1675 1301 1731 scribit
1332 1675 1398 1730 iis
1445 1675 1536 1743 qui
1581 1691 1677 1745 per
1704 1675 1862 1731 ﬁdem
1898 1675 2176 1746 justilicati

603 1780 757 1836 sunt,
798 1779 852 1824 et
895 1770 1291 1824 mortilicarunt
1331 1769 1570 1822 membra
1611 1768 1816 1832 carnis,
1863 1767 2176 1823 fornicatio-

2281 581 2496 642 ταυτὸν,
2529 581 2623 633 καὶ
2658 581 2798 633 κατά
2832 583 2938 634 πᾶν
2969 579 3146 634 ὁτιοῦν
3173 580 3231 633 τό
3265 579 3566 646 ίσοστατοῦν,
3592 582 3640 634 ὲν
3661 583 3775 637 ἐλάτ-

2282 688 2430 724 τοσιν
2476 665 2616 726 εἷναί
2647 689 2779 744 φησι
2822 672 2908 726 διά
2939 672 2998 726 τὸ
3027 670 3374 742 ἀνθρώπινον.
3403 671 3701 743 Κηρύττεται
3732 673 3776 726 δδ

2284 761 2377 813 καὶ
2409 761 2495 814 διὰ
2525 761 2631 814 τῶν
2667 761 2827 832 ἱερῶν
2858 763 2898 814 Γ
2903 763 3227 833 ραμμάτων,
3259 762 3380 816 ποτὲ
3405 763 3492 832 μὲν
3517 763 3582 824 ὡς
3608 763 3706 825 ὅλος
3720 761 3776 815 ὢν

2283 848 2585 920 ἄνθρωπος,
2622 850 3043 922 σεσιωπημένης
3074 849 3239 904 αὑτοῦ
3282 852 3376 921 τῆς
3417 851 3642 922 θεότητος
3670 854 3781 907 οἰκο-

2283 942 2547 1011 νομικῶς·
2590 943 2722 995 ποτὲ
2769 943 2824 995 δὲ
2871 937 2938 997 αῦ
2995 942 3156 997 πάλιν
3186 943 3275 997 καί
3301 943 3445 1006 Θεὸς,
3478 942 3780 1014 σεσιγημένης

2283 1031 2447 1085 αὐτοῦ
2494 1033 2592 1101 τῆς
2630 1032 3081 1104 ἀνθρωπότητος·
3117 1033 3374 1086 ἀδικεῖται
3417 1033 3470 1086 δὲ
3508 1033 3613 1086 κατ’
3636 1033 3783 1088 οὐδένα

2281 1122 2479 1191 τρόπον
2513 1123 2600 1176 διὰ
2632 1124 2725 1177 καὶ
2759 1125 2958 1193 ἀμφοῖν
2986 1125 3066 1188 είς
3105 1124 3326 1195 ἑνότητα
3356 1125 3620 1196 σύμϐασιν.

2354 1391 2410 1441 Β.
2457 1391 2577 1454 Πῶς
2615 1391 2825 1460 λέγεις;
2865 1394 3088 1464 συνίημι
3122 1394 3231 1464 γὰρ
3263 1395 3323 1448 οὑ
3357 1393 3570 1467 σφόδρα.

2355 1571 2418 1621 Α.
2449 1567 2507 1620 Ὀ
2545 1566 2794 1638 Ἐϐραῖος
2834 1568 2892 1633 ἐξ
2923 1569 3194 1640 Ἐϐραίων
3231 1571 3324 1624 καὶ
3362 1571 3526 1642 φυλῆς
3561 1571 3782 1647 Βενιαμὶν,

2283 1661 2309 1712 ό
2343 1658 2537 1730 κλητὸς
2564 1660 2878 1726 ἀπόστολος,
2907 1663 3212 1716 ἐπιστέλλει
3251 1666 3360 1727 τοῖς
3384 1665 3466 1719 διά
3495 1666 3697 1731 πίστεως
3719 1668 3782 1721 δι-

2283 1750 2679 1820 δικαιωμένοις,
2718 1753 2811 1805 καὶ
2842 1754 3290 1824 κατανεκρώσασι
3332 1757 3396 1809 τὰ
3432 1758 3555 1830 μέλη
3581 1758 3663 1829 τῆς
3687 1776 3785 1829 σαρ-

604 1876 725 1914 nem
784 1860 1051 1924 videlicet,
1101 1858 1526 1922 immunditiam,
1574 1857 1878 1922 libidinem,
1931 1858 2171 1927 concupi-

2280 1843 2394 1904 κὸς,
2429 1842 2683 1912 πορνείαν
2715 1844 2778 1914 δὴ
2810 1843 2954 1913 λέγω
2986 1847 3080 1900 καὶ
3107 1847 3302 1911 πάθος,
3335 1848 3605 1918 ἐπιθυμίαν
3635 1849 3782 1921 κακὴν,

603 1951 863 2006 scentiam
919 1951 1112 2004 malam
1157 1961 1209 2002 et
1255 1949 1577 2002 avaritiam:
1618 1967 1635 1999 ι
1671 1946 1978 2002 Mortilicati
2029 1941 2173 2003 enim

603 2043 754 2103 ustis,
791 2048 842 2094 et
874 2040 978 2094 vita
1006 2049 1184 2093 vestra
1232 2036 1546 2092 abscondita
1589 2047 1670 2091 est
1705 2052 1824 2091 cum
1873 2036 2090 2092 Christo
2123 2041 2172 2092 in

600 2133 715 2186 Deo
738 2132 804 2186 ⁸³.
845 2151 863 2183 ι
894 2131 1013 2201 lpse
1042 2130 1205 2184 etiam
1239 2130 1303 2183 de
1336 2127 1611 2194 discipulis
1643 2128 1754 2181 suis
1785 2128 1910 2182 alibi
1953 2127 2128 2199 inquit
2157 2147 2170 2184 :

608 2245 626 2276 ι
657 2223 825 2278 Pater
851 2232 1062 2285 sancte,
1099 2234 1253 2274 serva
1287 2234 1378 2273 eos
1424 2219 1476 2270 in
1521 2218 1736 2272 nomine
1781 2225 1871 2273 tuo
1915 2234 2051 2288 quos
2083 2220 2174 2274 de-

602 2317 728 2370 tlisti
763 2314 914 2378 mihi,
942 2311 1109 2384 699
1139 2320 1196 2365 ut
1225 2311 1334 2363 sint
1374 2325 1570 2375 unum,
1602 2309 1740 2363 sicut
1773 2319 1826 2364 et
1865 2326 1982 2365 nos.
2039 2310 2170 2364 Cum

600 2423 776 2462 essent
813 2419 934 2460 cum
961 2405 1063 2466 eis,
1093 2417 1190 2469 ego
1230 2401 1513 2454 servabam
1561 2412 1654 2452 eos
1697 2398 1750 2452 in
1795 2400 2011 2454 nomine
2058 2407 2169 2454 tuo.

597 2503 748 2568 Quos
777 2498 968 2554 dedisti
999 2496 1132 2549 mihi
1159 2510 1256 2564 ego
1277 2493 1642 2558 custodivi,'et
1675 2509 1831 2546 nemo
1854 2505 1918 2545 ex
1951 2492 2014 2546 iis
2045 2506 2170 2560 per-

598 2594 680 2655 iit,
724 2593 828 2646 nisi
869 2589 1009 2644 (ilius
1052 2586 1391 2656 perditionis,
1433 2594 1490 2636 ut
1526 2583 1807 2652 Scriptura
1856 2582 2168 2652 impleatur.

599 2680 750 2736 Nunc
779 2689 958 2733 autem
993 2677 1060 2730 ad
1086 2687 1138 2730 te
1167 2677 1342 2736 venio,
1376 2685 1430 2727 et
1468 2674 1585 2733 haec
1625 2673 1820 2741 loquor
1852 2673 1906 2726 in
1951 2673 2168 2739 mundo,

598 2752 659 2826 ut
699 2766 934 2825 habeant
993 2766 1246 2838 gaudium
1306 2781 1482 2820 meum
1529 2764 1802 2834 impletum
1873 2764 1925 2818 in
1971 2773 2171 2820 semet-

601 2863 734 2932 ipsis
756 2860 825 2914 ".
861 2877 881 2911 ι
920 2856 1179 2924 lntelligis
1207 2855 1413 2926 itaque,
1452 2868 1558 2924 quo
1592 2862 1747 2922 pacto
1774 2854 1824 2905 in
1857 2853 1940 2906 his
1963 2868 2028 2908 ex
2059 2853 2170 2908 sola

597 2948 996 3024 quodammodo
1051 2948 1387 3003 humanitate
1444 2945 1599 3000 nobis
1648 2943 1939 3015 signiﬁcari
1991 2944 2172 2999 videao

600 3043 726 3098 tur?

666 3135 728 3190 Β.
769 3131 937 3190 Recte
966 3133 1068 3188 ais.

2277 1933 2370 1984 καὶ
2413 1932 2511 2002 τὴν
2562 1931 2893 1998 πλεονεξίαν.
2949 1934 3318 1990 «Ἂπεθὰνετε
3367 1939 3488 2009 γὰρ,
3515 1939 3598 1993 καὶ
3640 1942 3666 2010 ὴ
3701 1939 3783 2009 ζωὴ

2279 2023 2429 2093 ὑμῶν
2457 2024 2762 2095 κέκρυπται
2795 2027 2889 2079 σὺν
2916 2027 2992 2096 τῷ
3021 2028 3247 2098 Χριστῷ
3276 2031 3332 2080 ὲν
3366 2030 3440 2100 τῷ
3460 2031 3622 2100 Θεῷ.)
3657 2031 3784 2094 Αὐτός

2274 2129 2337 2183 γε
2363 2113 2468 2184 μὴν
2497 2113 2603 2184 ἔφη
2624 2115 2754 2185 περὶ
2784 2115 2892 2168 τῶν
2923 2117 3115 2170 ἑαυτοῦ
3153 2118 3432 2190 μαθητῶν·
3462 2138 3479 2170 ι
3503 2121 3658 2190 Πάτερ
3678 2120 3780 2187 ἅγιε,

2274 2204 2513 2273 τήρησον
2545 2205 2742 2267 αὐτοὺς
2781 2207 2837 2258 ὲν
2868 2205 2944 2276 τῷ
2983 2207 3209 2277 ὀνόματί
3254 2226 3366 2272 σου,
3468 2211 3674 2272 δέδωκάς
3702 2225 3781 2279 μοι,

2276 2295 2364 2347 ἵνα
2394 2288 2527 2348 ὦσιν
2557 2295 2635 2361 ἓν,
2654 2295 3168 2368 καθὼςὴμεῖς.”οτε
3198 2301 3236 2370 ἦ
3247 2319 3353 2372 μην
3384 2301 3493 2372 μετ’
3519 2301 3686 2366 αὐτῶν,
3707 2300 3784 2370 ἐγὼ

2274 2385 2501 2457 ἐτήρουν
2533 2386 2729 2450 αὐτοὺς
2759 2389 2817 2442 ἐν
2843 2387 2918 2458 τῷ
2949 2389 3173 2460 ὀνόματί
3211 2409 3330 2459 σου,
3361 2393 3448 2456 οὓς
3473 2393 3673 2456 δέδωκάς
3704 2410 3781 2461 μοι,

2274 2479 2369 2532 καὶ
2409 2479 2651 2549 ἐφύλαξα
2679 2481 2894 2545 αὐτοὺς,
2927 2483 3020 2536 καὶ
3057 2483 3243 2548 οὐδεὶς
3288 2485 3346 2552 ἐξ
3390 2485 3553 2538 αὐτῶν
3579 2485 3782 2545 ἀπώλετο,

2274 2573 2322 2624 εί
2364 2570 2440 2642 μὴ
2468 2574 2496 2624 ό
2523 2572 2636 2635 υίὸς
2681 2572 2781 2642 τῆς
2821 2572 3121 2640 ἀπωλείας,
3169 2575 3268 2628 ἵνα
3296 2577 3329 2646 ἡ
3363 2577 3400 2628 Γ
3405 2576 3538 2648 ραφὴ
3569 2575 3780 2646 πληρωθῇ.

2273 2661 2388 2715 Νῦν
2441 2663 2497 2716 δὲ
2545 2663 2679 2735 πρὸς
2729 2664 2790 2716 σὲ
2839 2663 3092 2735 ἔρχομαι,
3123 2665 3226 2718 καὶ
3275 2665 3448 2722 ταῦτα
3495 2667 3622 2720 λαλῶ
3653 2667 3696 2718 ἐν
3726 2665 3782 2734 τῷ

2274 2759 2482 2829 κόσμῳ,
2521 2758 2607 2811 ἴνα
2645 2757 2810 2828 ἔχωσι
2851 2759 2952 2830 τὴν
2987 2758 3162 2831 χαρὰν
3189 2761 3301 2832 τὴν
3329 2763 3465 2833 ἐμὴν
3492 2759 3777 2830 πεπληρωμέ-

2273 2865 2371 2920 νην
2401 2851 2458 2902 ὲν
2485 2851 2715 2913 ἑαυτοῖς.
2751 2869 2770 2903 ι
2805 2850 2998 2922 Συνίης
3028 2847 3142 2918 οὖν,
3168 2853 3328 2917 ὅπως
3356 2856 3459 2909 ἀπὸ
3489 2855 3628 2926 μόνης
3642 2852 3780 2920 ὥσπερ

2271 2944 2404 3012 ἡμῖν
2436 2941 2538 3012 τῆς
2569 2942 2990 3016 ἀνθρωπότητος
3027 2944 3085 2998 ἐν
3130 2961 3195 3014 γε
3251 2949 3486 3002 τουτοισὶ
3517 2941 3787 3015 κατασημαί·

2273 3033 2455 3087 νεσθαι
2495 3033 2643 3087 δοκεῖ
2659 3051 2674 3100 ;

2345 3123 2405 3175 Β.
2443 3124 2738 3196 Ὀρθότατα
2775 3123 2933 3197 ἔφης.

667 3231 732 3281 Α.
774 3226 1127 3283 Censebimus
1151 3224 1295 3279 enim
1339 3222 1574 3277 nondum
1611 3220 1987 3277 absconditum
2027 3233 2168 3283 esse,

2345 3222 2406 3268 Α.
2449 3195 2759 3286 υἰίησόμεθα
2813 3195 2923 3289 γάρ
2975 3216 3092 3271 οὔτι
3148 3236 3262 3274 που
3313 3219 3598 3292 κεκρύφθαι
3636 3233 3684 3272 τε
3722 3214 3788 3272 καὶ

597 3334 773 3387 neque
834 3332 866 3372 e
907 3317 1108 3370 mundo
1153 3313 1492 3375 excessisse,
1538 3327 1661 3366 cum
1729 3320 1916 3379 aperte
1964 3310 2109 3364 dicat
2153 3326 2166 3362 :

601 3427 625 3462 ο
668 3409 862 3470 Amen,
900 3419 1058 3460 amen
1098 3405 1218 3458 dico
1246 3401 1418 3468 vobis,
1449 3401 1589 3471 quod
1632 3403 1719 3455 ubi
1760 3399 1868 3454 duo
1925 3409 2018 3454 aut
2062 3409 2172 3455 tres

597 3497 907 3567 congregati
950 3495 1152 3547 fuerint
1211 3494 1262 3546 in
1310 3493 1528 3546 nomine
1584 3507 1736 3554 meo,
1790 3490 1897 3544 illic
1947 3505 2066 3544 sum
2118 3490 2171 3544 in

598 3589 778 3643 medio
809 3600 995 3641 eormn
1018 3584 1082 3636 ⁸⁸.
1125 3603 1144 3636 ι
1181 3583 1246 3637 Ει
1276 3597 1462 3636 rursus
1493 3597 1506 3634 :
1549 3599 1566 3631 ι
1606 3581 1743 3634 Ecce
1771 3596 1870 3650 ego
1898 3581 2172 3635 vobiscum

596 3695 717 3736 sum
759 3676 1011 3733 omnibus
1066 3673 1274 3738 diebus,
1321 3687 1492 3740 usque
1540 3672 1607 3725 ad
1654 3673 2170 3726 consummationem

597 3771 778 3828 saeculi
804 3769 869 3822 “.
899 3787 918 3820 ι
952 3765 1089 3833 Quin
1113 3775 1167 3820 et
1195 3765 1620 3820 sacratissimum
1663 3762 1890 3817 Paulum
1933 3777 2172 3833 smpenu-

596 3877 748 3918 mero
783 3860 967 3914 videas
1003 3867 1291 3927 negantem
1319 3854 1514 3910 debere
1542 3853 1719 3925 ipsum
1761 3853 2042 3923 praedicari
2070 3853 2170 3908 ho-

597 3956 792 4008 minem
825 3969 837 4006 :
883 3970 900 4002 ι
939 3948 1141 4004 Paulus
1173 3949 1340 4009 enim,
1375 3947 1569 4016 inquit,
1610 3945 1914 4016 aposwlus,
1957 3960 2064 4000 non
2103 3947 2171 4001 ab

598 4043 930 4106 hominibus,
981 4057 1157 4111 neque
1213 4055 1306 4110 per
1360 4039 1628 4105 homines,
1686 4037 1780 4094 sed
1839 4052 1936 4108 per
1988 4036 2170 4093 Jesum

595 4134 954 4191 Christum".
979 4152 997 4182 ›
1019 4133 1083 4185 Ει
1110 4132 1267 4202 paulo
1293 4141 1412 4200 post
1437 4147 1448 4181 :
1477 4149 1492 4180 ι
1521 4130 1714 4185 Notum
1748 4129 1891 4183 enim
1917 4131 2065 4183 vobis
2101 4128 2178 4182 fa-

598 4228 705 4292 cio,
737 4227 954 4289 fratres,
990 4223 1339 4292 Evangelium
1365 4222 1507 4290 quod
1553 4221 1979 4291 evangelizatum
2023 4231 2106 4277 est
2142 4237 2172 4275 a

598 4331 708 4378 tne,
738 4314 863 4382 quia
892 4321 1102 4366 nonest
1134 4312 1428 4366 secundum
1474 4311 1766 4365 hominem.
1800 4309 1982 4380 Neque
2027 4311 2170 4366 enim

600 4418 702 4469 ego
725 4403 792 4455 ab
825 4401 1044 4455 homine
1075 4398 1259 4468 accepi
1286 4399 1432 4462 illud,
1481 4407 1653 4467 neque
1696 4399 1854 4453 didici
1888 4415 1904 4452 :
1947 4400 2040 4454 sed
2078 4415 2173 4469 per

601 4491 988 4545 revelationem
1010 4487 1138 4543 'Jesu
1166 4485 1370 4543 Christi
1399 4486 1467 4540 ⁶⁸.
1509 4506 1528 4540 ι
1564 4487 1702 4554 Quin
1733 4497 1788 4544 et
1821 4489 1930 4543 alio
1967 4489 2020 4543 in
2053 4490 2173 4546 loco

599 4585 675 4636 ait
709 4599 721 4636 :
779 4599 800 4634 ι
840 4582 897 4635 Si
947 4593 1076 4634 vero
1126 4577 1292 4635 etiam
1331 4577 1683 4650 cognovimus
1724 4581 2017 4634 secundum
2051 4595 2172 4636 car-

601 4691 724 4730 nem
761 4672 1056 4736 Christum,
1113 4671 1208 4726 sed
1256 4685 1402 4726 nunc
1445 4669 1559 4738 iam
1609 4684 1715 4724 non
1767 4671 2014 4726 novimus
2037 4671 2103 4726 ⁶⁹.
2146 4690 2165 4724 ι

600 4767 860 4834 Quisnam
890 4764 1054 4835 igitur
1099 4773 1181 4818 est
1212 4759 1370 4817 Jesus
1410 4761 1679 4826 Christus,
1727 4761 1818 4831 qui
1864 4761 1998 4818 adeo
2036 4763 2173 4818 inel-

602 4858 818 4912 fabilcm
868 4865 1184 4926 certamque
1229 4864 1284 4910 et
1331 4854 1566 4909 divinam
1618 4854 1998 4925 mysteriorum
2043 4869 2168 4909 suo-

599 4966 720 5006 rum
748 4948 1129 5005 revelationem
1156 4946 1257 5016 ipsi
1282 4943 1559 5000 immittit?
1580 4959 1758 5000 nonne
1785 4942 2016 5001 Verbum
2044 4959 2171 5001 caro

603 5044 825 5101 factum,
864 5037 1113 5107 quodque
1137 5043 1355 5106 propter
1393 5049 1489 5090 nos
1517 5047 1582 5089 ex
1611 5032 1830 5104 Virgine
1876 5035 2026 5090 nasci
2065 5049 2170 5089 non

601 5141 683 5186 est
716 5128 1106 5199 dedignatum?

672 5221 732 5274 Β.
774 5219 1028 5274 Omnino.
1068 5216 1284 5273 Memini
1317 5217 1460 5271 enim
1507 5217 1649 5272 beati
1685 5215 1954 5272 Gabrielis
1995 5215 2063 5270 ita
2105 5217 2171 5270 ad

602 5325 845 5367 sanctam
911 5309 1182 5378 Virginem
1208 5309 1440 5364 dicentis
1474 5325 1487 5362 :
1529 5326 1547 5360 ι
1611 5306 1688 5362 Ne
1733 5308 1945 5372 timeas,
1974 5306 2171 5372 Maria;

603 5419 728 5459 cccc
767 5402 912 5456 enim
956 5401 1230 5468 concipies
1264 5401 1316 5454 in
1365 5410 1539 5466 utero,
1570 5407 1625 5455 et
1668 5399 1845 5469 paries
1883 5397 2070 5464 illium,
2118 5408 2171 5450 et

601 5469 825 5547 vocabis
855 5507 1048 5547 nomen
1077 5493 1191 5560 ejus
1223 5489 1405 5546 Iesum
1434 5492 1500 5543 7°.
1538 5510 1556 5543 ι
1607 5489 1810 5544 Novum
1858 5499 2035 5545 autem
2071 5491 2169 5543 hoc

675 5691 715 5718 “
738 5689 894 5742 Joan.
923 5706 977 5752 ι,
1011 5691 1098 5744 50.
1176 5694 1218 5724 ⁶¹
1239 5693 1393 5747 Joan.
1427 5701 1536 5756 xlv,
1564 5693 1655 5747 28.

1761 5694 1805 5725 “
1831 5692 2039 5747 Coloss.
2080 5709 2160 5756 ιιι,
2197 5692 2312 5744 5-5.

2273 3309 2572 3378 ἀποδημεῖν
2589 3308 2680 3362 τοῦ
2704 3308 2932 3378 κόσμου,
2952 3311 3126 3364 καίτοι
3147 3311 3385 3382 λέγοντα
3403 3313 3593 3382 σαφῶς⁹
3609 3332 3625 3364 ι
3644 3309 3788 3380 Ἀμὴν,

2273 3401 2422 3471 ἀμὴν
2446 3400 2588 3468 λέγω
2611 3401 2761 3472 ὑμῖν,
2785 3401 2865 3454 ὅτι
2894 3403 3028 3454 ὅπου
3073 3404 3167 3456 ἐὰν
3207 3405 3516 3477 συναχθῶσι
3535 3405 3616 3457 δύο
3634 3404 3662 3474 ἦ
3682 3402 3788 3472 τρεῖς

2274 3492 2353 3554 είς
2391 3491 2451 3544 τὸ
2486 3491 2619 3561 ἐμὸν
2659 3491 2852 3562 ὄνομα,
2888 3495 3004 3546 ἐκεῖ
3035 3496 3149 3564 εἰμι
3190 3497 3257 3551 ὲν
3295 3497 3440 3568 μέσῳ
3469 3495 3646 3550 αὐτῶν.
3673 3511 3688 3544 ι
3715 3490 3793 3545 Καὶ

2273 3581 2456 3634 πάλιν·
2489 3600 2506 3632 t
2533 3581 2662 3634 Ἰδοὺ
2695 3581 2808 3651 ἐγὼ
2831 3583 2949 3654 μεθ’
2978 3583 3132 3655 ὑμῶν
3159 3587 3282 3656 εἰμι
3307 3589 3481 3651 πάσας
3505 3587 3592 3648 τάς
3611 3584 3794 3655 ἡμέρας,

2273 3671 2376 3735 ἕως
2404 3672 2504 3742 τῆς
2538 3674 2849 3738 συντελείας
2879 3675 2973 3728 τοῦ
3007 3676 3225 3740 αἰῶνος.
3259 3680 3450 3743 »Ἴδοις
3472 3679 3514 3731 δ’
3541 3679 3598 3732 ἂν
3622 3676 3703 3730 καὶ
3728 3675 3800 3727 αὖ·

2272 3760 2363 3812 τὸν
2411 3760 2501 3814 τὸν
2550 3761 2840 3832 ἱερώτατον
2900 3764 3110 3818 Παῦλον
3143 3766 3658 3840 καταρρᾳθυμοῦνεα
3703 3761 3802 3814 πολ·

2274 3852 2432 3915 λόικις
2486 3853 2580 3906 τοῦ
2636 3855 2729 3907 καὶ
2763 3855 3048 3926 ἄνθρωπον
3091 3857 3199 3910 δεῖν
3246 3858 3630 3929 ἀνακηρύττειν
3659 3852 3802 3907 αὐτόν.

2280 3962 2300 3995 ι
2329 3943 2538 4007 Παῦλος
2583 3944 2713 4015 γὰρ,
2743 3947 2927 4017 φησιν,
2961 3947 2990 3998 ὁ
3029 3948 3351 4012 ἀπόστολος,
3383 3949 3479 4002 οὐκ
3521 3948 3608 4000 ἀπ’
3637 3943 3801 4014 ἀνθρὼ-

2275 4053 2413 4101 πων,
2449 4036 2567 4089 ούδὲ
2593 4037 2659 4090 δι’
2688 4037 3014 4108 ἀνθρώπων,
3047 4039 3180 4092 ἀλλά
3205 4039 3302 4094 διά
3339 4039 3508 4111 Ἰησοῦ
3537 4033 3760 4110 Χριστοῦ.
3786 4050 3798 4082 ι

2272 4126 2382 4179 Καὶ
2401 4121 2467 4180 αὖ
2490 4127 2581 4179 ἐπὶ
2598 4128 2831 4190 τούτοις⁸
2857 4147 2876 4180 τ
2900 4129 3156 4200 Γνωρίζω
3182 4130 3240 4184 δὲ
3268 4132 3396 4202 ὑμῖν
3421 4131 3481 4182 τὸ
3504 4126 3799 4196 Εὐαγγέλιον.

2273 4218 2425 4287 φησὶ,
2458 4217 2518 4269 τὸ
2547 4218 2927 4287 εὐαγγελισθὲν
2972 4219 3064 4272 ὑπ’
3089 4220 3247 4289 ἐμοῦ,
3278 4223 3360 4275 ὅτι
3411 4221 3508 4274 οὐκ
3551 4220 3654 4272 ἐστι
3698 4214 3803 4269 κατὰ

2272 4307 2576 4379 ἄνθρωπον.
2623 4307 2756 4361 Οὐδὲ
2801 4308 2911 4379 γὰρ
2953 4308 3065 4377 ἐγὼ
3099 4312 3253 4378 παρά
3285 4311 3568 4382 ἀνθρώπου
3606 4305 3802 4377 παρέλα-

2274 4398 2367 4453 ϐον
2415 4400 2580 4464 αὐτὸ,
2636 4399 2754 4453 οὐδὲ
2811 4399 3093 4471 ἐδιδάχθην
3121 4441 3135 4466 ,
3192 4403 3332 4457 ἀλλὰ
3371 4405 3437 4456 δι’
3463 4398 3805 4466 ἀποκαλύψεως

2287 4490 2462 4563 Ἰησοῦ
2492 4491 2746 4562 Χριστοῦ.
2773 4511 2791 4543 ι
2831 4492 2942 4546 Καὶ
2972 4493 3078 4564 μὴν
3106 4494 3200 4548 καὶ
3228 4496 3457 4568 ἑτέρωθί
3502 4507 3680 4564 φησιν·
3717 4508 3730 4538 ι
3761 4487 3805 4537 Εἰ

2277 4579 2334 4635 δὲ
2380 4582 2476 4636 καὶ
2507 4581 2822 4654 ἐγνώκαμεν
2869 4585 3010 4639 κατά
3059 4584 3239 4657 σάρκα
3287 4586 3542 4657 Χριστὸν,
3578 4580 3698 4637 ἀλλά
3736 4575 3808 4629 νῦν

2278 4673 2377 4727 οὐκ
2401 4673 2482 4728 ἔτι
2517 4673 2876 4747 γινώσκομεν.
2911 4693 2930 4727 ι
2962 4675 3058 4740 Τίς
3084 4672 3180 4730 οὖν
3212 4678 3364 4731 ἔστιν
3407 4675 3605 4746 Ἰησοῦς
3643 4673 3670 4722 ὁ
3703 4669 3810 4736 Χρι-

2279 4763 2423 4828 στὸς,
2454 4765 2484 4818 ὁ
2510 4763 2609 4836 τὴν
2649 4763 2820 4828 οὕτως
2853 4765 3165 4839 ἀπόρρητον
3192 4767 3409 4838 ἀπλανῆ
3458 4783 3517 4820 τε
3562 4763 3650 4818 καὶ
3690 4757 3810 4814 θείαν

2278 4849 2620 4924 ἀποκάλυψιν
2685 4853 2794 4909 τῶν
2863 4855 3057 4910 ἑαυτοῦ
3110 4856 3426 4929 μυστηρίων
3469 4854 3808 4924 ὲναστράπτων

2279 4943 2490 5014 ἑαυτῷς
2537 4939 2625 5016 ἆρ’
2661 4941 2782 5015 οὐχὶ
2827 4946 3117 5017 γενόμενος
3151 4947 3291 5019 σὰρξ
3326 4949 3356 5000 ὁ
3379 4949 3565 5016 Λόγος,
3613 4943 3696 4996 καὶ
3729 4937 3810 5008 τὴν

2279 5038 2343 5088 ἐκ
2377 5036 2634 5104 γυναικὸς
2661 5035 2728 5090 δι’
2754 5038 2905 5107 ἡμᾶς
2929 5039 3029 5092 οὐκ
3059 5039 3335 5110 ἀτιμάσας
3359 5039 3630 5107 γέννησινς

2351 5213 2409 5266 Β.
2450 5212 2600 5266 Πάνυ
2647 5213 2746 5283 μὲν
2774 5209 2888 5268 οὖν.
2921 5218 3372 5289 Διαμεμνήσομαι
3398 5216 3504 5286 γὰρ
3543 5211 3630 5266 τοῦ
3661 5221 3808 5280 μακσρ

2283 5305 2398 5374 ρίου
2443 5305 2691 5372 λέγοντος
2739 5305 2977 5378 Γαϐριὴλ
3018 5309 3154 5379 πρὸς
3196 5309 3295 5379 τὴν
3339 5309 3497 5376 ἁγίαν
3543 5299 3802 5373 Παρθένον·

2285 5417 2302 5448 ι
2336 5398 2424 5468 Μὴ
2449 5397 2635 5467 φοδοῡ,
2667 5399 2920 5470 Μαριάμ·
2955 5401 3063 5454 ἰδοὺ
3095 5403 3203 5472 γὰρ
3236 5400 3480 5470 συλλήψῃ
3524 5401 3576 5450 ἐν
3620 5386 3802 5462 γαστριν

2276 5491 2369 5540 καὶ
2401 5489 2527 5561 τέξῃ
2553 5491 2691 5552 υἱὸν,
2727 5492 2818 5542 καὶ
2853 5490 3100 5554 καλέσεις
3127 5493 3185 5544 τὸ
3215 5491 3384 5560 ὄνομα
3409 5487 3564 5541 αὐτοῦ
3583 5479 3796 5555 Ἰησοῦν.»

2419 5691 2461 5721 ⁸⁵
2510 5691 2666 5744 Joan.
2725 5694 3088 5756 amuli-15.
3199 5693 3238 5723 ⁸⁸
3296 5690 3480 5745 Matth.
3543 5698 3673 5749 xt'llt,
3719 5675 3793 5732 9-0-

599 5759 652 5788 ³⁶
677 5757 856 5811 Matlh.
887 5773 1072 5824 xxviii,
1098 5759 1186 5813 20.
1265 5763 1305 5792 ⁸⁷
1329 5760 1505 5814 Gulat.
1545 5778 1578 5827 ι,
1615 5765 1663 5815 l.
1695 5815 1710 5830 ,
1739 5763 1785 5793 ’³⁸
1814 5763 1942 5818 ibid.
1978 5763 2064 5839 ll,
2099 5762 2164 5815 1'2

2275 5763 2305 5793 ‘9
2331 5761 2368 5814 ll
2399 5761 2523 5816 Cor.
2567 5778 2614 5822 ν,
2651 5765 2729 5816 lli.
2807 5766 2850 5795 7°
2874 5765 3008 5820 Luc.
3047 5782 3082 5830 ι,
3115 5765 3202 5831 50,
3235 5762 3324 5815 5|.
