4078 6264
331 336 469 392 1255

1422 336 1512 391 DE
1551 335 2065 393 INCARNATIONE
2104 333 2482 394 UNIGENITI.

3455 339 3594 396 1254

327 460 466 529 μονῆ
496 456 592 526 τῆς
627 452 966 523 Θεοπρεποῦς
996 453 1268 520 εὐκλείας.
1300 456 1471 510 Ταυτὶ
1504 459 1825 529 φρονοῦντες
1860 460 1911 512 οἱ

2018 457 2283 530 integram
2323 467 2484 528 atque
2512 457 2885 513 inconcussam
2918 456 3134 512 retinet.
3177 456 3330 522 Quod
3373 456 3595 526 quidem

325 546 587 618 μαθηταὶ,
613 544 985 616 προσεκύνουν
1007 544 1276 615 λέγοντες·
1311 566 1329 599 ι
1354 547 1591 619 Ἀληθῶς
1619 549 1756 603 Θεοῦ
1784 549 1909 614 Υἱὸς

315 634 390 692 εἷο
427 657 447 690 ι
482 638 660 690 καίτοι
691 636 856 708 βάδην
894 636 1041 690 ἰόντα
1073 635 1379 706 βλέποντες,
1400 639 1494 692 καὶ
1518 640 1577 693 ὲν
1601 641 1764 712 σαρκὶ
1787 640 1907 695 καθ’

311 728 495 799 ἡμᾶς’
530 727 617 779 ἐπ’
643 725 815 797 ἄκρου
849 726 959 798 γὰρ
1000 724 1070 796 δὴ
1105 724 1270 781 διέθει
1298 726 1538 799 κύματος
1567 731 1908 803 παραδόξως,

306 817 396 883 ὡς
433 818 584 882 Θεός.

399 999 459 1050 Β.
500 999 610 1051 Καὶ
641 997 726 1060 τίς
754 991 822 1066 ἦν
848 994 876 1048 ὁ
904 994 1081 1064 λέγων
1116 996 1253 1067 πρὸς
1286 995 1386 1066 τὴν
1431 1001 1489 1053 ὲν
1512 1001 1576 1070 τῇ
1623 1000 1907 1075 Σαμαρείᾳ

310 1090 586 1157 γυναῖκα·
628 1106 647 1140 ι
669 1087 861 1158 Ὑμεῖς
912 1090 1271 1158 προσκυνεῖτε
1305 1087 1334 1141 δ
1377 1089 1478 1143 οὐκ
1516 1088 1718 1156 οἴδατε,
1750 1093 1911 1162 ἡμεῖς

310 1177 738 1249 προσκυνοῦμεν
763 1176 793 1230 6
819 1176 1077 1248 οῐδαμεν;
1111 1197 1131 1230 ι
1165 1173 1299 1232 Εἶτα
1327 1181 1447 1245 πῶς
1474 1181 1626 1236 ἔσται
1663 1200 1908 1254 προσκυ-

314 1288 378 1339 νη
398 1269 510 1335 τδςν
535 1271 564 1323 ὁ
589 1272 701 1333 τοῖς
724 1267 1094 1341 προσκυνοῦσι
1123 1273 1589 1343 συντεταγμένος;

398 1361 462 1413 Λ.
504 1361 612 1414 Καὶ
636 1359 763 1432 μὴν,
779 1355 823 1413 ὧ
838 1360 1082 1433 φιλότης,
1113 1360 1174 1414 τὸ
1202 1362 1299 1428 Τίς
1323 1361 1568 1432 δήτοῦτο
1589 1365 1909 1432 πλειστάκις

319 1453 628 1520 άναφωνεῖς
662 1451 723 1506 τὸ
753 1450 1027 1518 λεξείδιον,
1056 1453 1156 1507 οὐκ
1185 1449 1282 1508 οἶδ’
1310 1454 1459 1520 ὅπως
1487 1459 1600 1522 τοῖς
1630 1460 1909 1526 ἀσυνέτοις

322 1543 711 1617 ἐξευρημένον.
756 1544 1104 1616 Μεμὲρισται
1137 1545 1246 1618 γὰρ
1280 1548 1530 1619 οὐδαμῶς
1576 1552 1605 1605 6
1648 1552 1906 1624 Χριστός.

335 1633 394 1686 '0
419 1633 478 1687 δὲ
496 1632 577 1704 τῷ
600 1633 810 1705 γυναίῳ
838 1634 1177 1706 προσλαλῶν,
1203 1638 1231 1689 6
1263 1632 1345 1702 εἷς
1378 1656 1439 1692 τε
1469 1639 1564 1693 καὶ
1594 1640 1757 1712 μόνος
1789 1643 1908 1696 Κύ-

326 1742 442 1796 ριος
491 1720 561 1795 ἦν
596 1726 799 1796 Ἰησοῦς
830 1729 858 1781 6
886 1728 1141 1799 Χριστὸς,
1175 1727 1239 1782 ἐκ
1274 1746 1331 1783 τε
1368 1731 1466 1803 τῆς
1496 1734 1909 1803 προσκυνούσης

2013 550 2305 605 sentientes
2363 547 2644 621 discipuli,
2688 548 2981 604 adorarunt
3024 547 3265 604 dicentes
3307 565 3320 602 :
3374 566 3392 599 ‹
3455 542 3597 602 Vere

2012 639 2179 695 Filius
2224 639 2320 695 Dei
2374 654 2465 705 es,
2503 658 2523 691 ι
2584 654 2707 695 cum
2746 639 2894 693 illum
2953 637 3376 693 inambulantem
3441 635 3598 706 aquis

2012 740 2317 795 cernerent,
2345 728 2559 801 tametsi
2585 729 2636 809 in
2663 744 2826 785 carne
2857 738 3167 784 versaretur
3200 736 3258 783 ut
3286 742 3382 781 nos
3409 744 3423 781 :
3446 741 3597 783 sum-

2012 836 2134 876 mos
2187 822 2331 876 enim
2382 819 2589 879 'ﬂuetus
2647 820 2995 892 percurrebat
3057 816 3488 881 admirabiliter,
3537 823 3597 870 ut

2014 912 2178 965 Deus.

2082 1002 2143 1058 Β.
2173 1002 2335 1073 Atqui
2371 1003 2615 1072 quisnam
2648 1012 2766 1058 erat
2793 1001 2981 1058 dicens
3004 1002 3070 1058 ad
3094 1001 3374 1057 mulierem
3407 997 3602 1054 Sama-

2014 1095 2243 1151 ritanam
2287 1113 2301 1150 :
2356 1115 2376 1148 ι
2430 1096 2538 1153 Vos
2581 1097 2819 1153 adoratis
2854 1097 2997 1166 quod
3040 1095 3309 1152 nescitis:
3351 1106 3451 1148 nos
3497 1091 3596 1146 ad-

2013 1201 2233 1243 oramus
2258 1189 2404 1257 quod
2443 1187 2647 1245 scimus
2690 1184 2737 1219 ⁷⁷
2766 1188 2790 1241 ?
2824 1206 2844 1241 ι
2877 1189 3146 1243 Praeterea
3192 1182 3463 1257 quomodo
3494 1183 3599 1237 erit

2014 1278 2342 1345 adorandus,
2375 1280 2466 1351 qui
2506 1288 2590 1336 est
2618 1280 2672 1334 in
2710 1294 2939 1335 numero
2964 1293 3150 1335 eorum
3180 1277 3271 1348 qui
3319 1274 3599 1332 adorant?

2080 1369 2147 1424 Α.
2182 1368 2546 1441 Frequenter,
2585 1384 2619 1425 ο
2639 1370 2842 1435 amice,
2869 1369 3013 1425 hanc
3041 1381 3250 1431 vocem,
3283 1367 3439 1435 Quis,
3466 1368 3595 1421 mihi

2011 1460 2239 1525 occinis,
2292 1462 2475 1518 nescio
2511 1460 2781 1534 quomodo
2845 1462 2915 1517 ab
2962 1459 3228 1532 imperitis
3295 1458 3593 1514 inventam.

2012 1550 2166 1607 Nulla
2193 1551 2354 1623 702
2384 1553 2528 1607 enim
2558 1553 2764 1609 ratione
2808 1553 3011 1611 divisus
3053 1558 3137 1607 est
3173 1548 3443 1606 Christus.
3492 1547 3597 1614 Qui

2011 1646 2149 1696 vero”
2185 1642 2467 1697 mulierem
2513 1641 2835 1713 alloquitur,
2864 1658 3004 1698 unus
3036 1655 3101 1696 ac
3148 1638 3295 1695 solus
3334 1637 3596 1693 Dominus

2012 1743 2129 1787 erat
2159 1730 2317 1790 Jesus
2362 1732 2634 1801 Christus,
2682 1750 2747 1790 ex
2779 1736 3113 1790 humanitate
3144 1747 3262 1802 quae
3293 1732 3513 1794 adorat,
3542 1739 3599 1785 et

326 1813 751 1886 ἀνθρωπότητος
800 1816 893 1870 καὶ
928 1817 991 1870 ἐκ
1018 1816 1118 1889 τῆς
1148 1820 1628 1894 προσκυνουμένης
1658 1823 1908 1895 θεότητος

2014 1824 2298 1881 divinitate
2327 1840 2447 1895 qua:
2471 1825 2725 1879 adoratur
2755 1824 3012 1880 inel'la‘bili
3046 1825 3204 1878 modo
3236 1823 3590 1891 compositus.

332 1903 691 1974 συγκείμενος
716 1906 1061 1979 ἀπορρήτως,
1089 1908 1343 1981 καθάπερ
1363 1909 1557 1980 ἀμέλει
1579 1912 1711 1982 φαίη
1737 1930 1820 1977 τις
1842 1913 1909 1968 ἂν

328 1995 425 2047 καὶ
454 1995 653 2065 ἑτέρως
687 1998 811 2069 περὶ
838 1992 1107 2072 αύτοῦᾸᾙ
1136 2000 1234 2071 μὲν
1271 2000 1381 2072 γάρ
1422 2003 1538 2055 ἐστι
1568 2003 1723 2068 Θεὸς,
1752 2008 1909 2059 νοοῖτ’

326 2086 395 2138 ἂν
442 2086 702 2157 ὑπάρχων
730 2088 891 2153 αὐτὸς
917 2091 945 2145 6
980 2090 1080 2161 τῆς
1124 2091 1282 2162 δόξης
1318 2092 1545 2164 Κύριος-
1634 2095 1690 2149 δὲ
1718 2096 1909 2166 γέγονε

324 2177 468 2230 κατᾶ
501 2178 715 2248 μέθεξιν
754 2178 854 2251 τὴν
879 2182 1031 2252 παρὰ
1056 2180 1189 2235 Θεοῦ
1218 2171 1571 2256 δοξαζόμενος
1600 2185 1908 2258 ἄνθρωπος,

326 2267 498 2319 ἐδεῖτο
545 2268 640 2321 καὶ
681 2268 860 2338 δόξης,
888 2269 1063 2337 λέγων
1084 2286 1098 2300 ο
1149 2290 1167 2322 ι
1198 2270 1403 2342 Πάτερ,
1441 2266 1664 2340 δόξασόν
1695 2294 1787 2330 σου
1816 2278 1911 2333 τὸν

328 2356 477 2411 Υἱόν.
506 2377 526 2410 ι
547 2358 709 2425 Ἀλλ’,
733 2379 751 2411 ι
775 2356 868 2422 Εἷς
886 2359 1109 2429 Κύριος,
1135 2361 1233 2433 μία
1256 2364 1458 2431 πίστις,
1484 2364 1543 2419 ἓν
1566 2366 1903 2441 βάπτισμα,›

331 2445 475 2500 κατὰ
498 2448 559 2500 τὸ
585 2448 1203 2521 γεγραμμένον.Ὢσπερ
1228 2447 1320 2506 οὖν
1355 2453 1471 2507 ἐστι
1498 2455 1594 2527 μία
1633 2456 1838 2526 πίστις,
1876 2462 1909 2531 ἡ

329 2541 412 2602 είς
441 2541 695 2610 Χριστὸν,
735 2543 829 2595 καὶ
858 2541 915 2594 ἓν
945 2543 1157 2613 ἀληθῶς
1179 2544 1240 2598 τὸ
1265 2545 1571 2618 βάπτισμα,
1605 2550 1783 2603 καίτοι
1819 2549 1911 2620 βα-

329 2630 671 2701 πτιζομένων
696 2634 789 2686 καὶ
821 2635 1259 2691 πεπιστευκότων
1282 2638 1441 2708 ἡμῶν
1462 2641 1541 2703 εἰς
1570 2641 1790 2711 Πατέρα
1815 2642 1910 2695 καὶ

330 2723 460 2776 Υίὸν
486 2724 579 2777 καὶ
602 2724 757 2792 ἆγιον
777 2726 1002 2796 Πνεῦμα
1017 2744 1030 2757 ’
1061 2729 1204 2783 κατὰ
1225 2730 1316 2783 τὸν
1336 2730 1911 2806 αὐτὸν,οῖμαι,τρόπον

323 2831 385 2865 τε
406 2815 498 2866 καὶ
523 2814 679 2883 λόγον
699 2815 796 2886 μία
812 2818 1180 2890 προσκύνησις
1198 2822 1427 2893 Πατρὸς,
1447 2825 1537 2877 καὶ
1556 2824 1713 2879 ἐνανθ
1723 2827 1911 2897 ρωπή-

327 2923 519 2970 σαντυς
541 2905 693 2974 Υίοῦ,
716 2924 809 2962 και
829 2909 988 2978 ἁγίου
1012 2911 1351 2982 Πνεύματος.
1385 2915 1784 2986 Ἐξωσθήσεται
1804 2918 1911 2991 γάρ

325 2997 580 3068 οὐδαμῶς
604 2998 700 3052 τοῦ
730 3001 1153 3071 προσκυνεῖσθαι
1173 3003 1302 3072 δεῖν,
1343 3005 1480 3077 πρός
1519 3024 1578 3059 τε
1618 3008 1774 3078 ἡμῶν
1815 3009 1911 3064 αύ-

325 3087 442 3142 τῶν
466 3089 558 3141 καὶ
584 3089 693 3143 τῶν
726 3091 896 3160 ἁγίων
925 3092 1174 3162 ἀγγέλων
1199 3096 1225 3149 ὃ
1258 3097 1589 3170 Μονογενὴς,
1622 3100 1715 3153 καὶ
1744 3102 1792 3154 εἰ
1818 3100 1910 3170 γέ-

328 3194 459 3244 γονε
506 3179 661 3251 σὰρξ,
690 3182 781 3234 καὶ
821 3183 1133 3253 ἐσκήνωσεν
1169 3185 1227 3237 ὲν
1269 3187 1420 3257 ἡμῖν,
1448 3191 1821 3260 κεχρημάτικέ
1849 3209 1911 3244 τε

328 3271 676 3341 πρωτότοκος
704 3275 761 3327 ὲν
787 3274 1000 3339 πολλοῖς
1027 3275 1293 3345 ἀδελφοῖς.
1315 3279 1467 3333 Ἐπεὶ
1495 3281 1577 3344 τίς
1616 3283 1681 3336 ἂν
1703 3283 1914 3352 γένοιτο

329 3363 521 3415 λοιπὸν
547 3365 574 3416 ό
602 3364 700 3435 τῆς
729 3367 813 3418 ἐπ’
838 3366 987 3439 αύτῷ
1012 3368 1246 3432 πίστεως
1275 3369 1452 3437 λόγος,
1480 3371 1595 3436 πῶς
1626 3373 1726 3427 οὐκ
1764 3375 1912 3441 ἄξιον

333 3452 470 3506 [δεῖν
488 3472 500 3519 ;
521 3454 655 3507 Οὐδὲ
680 3454 807 3527 γὰρ,
831 3454 1002 3529 οἴμαι,
1022 3462 1180 3528 φαῖεν
1201 3459 1267 3514 ἂν
1291 3461 1447 3532 οἵπερ
1472 3462 1539 3516 ἂν
1562 3464 1765 3519 ἕλοιντο
1788 3485 1916 3539 φρο-

332 3544 449 3595 νεῖν
478 3542 672 3613 ὀρθῶς,
698 3545 771 3609 ὡς
802 3548 883 3611 είς
923 3548 1080 3619 μόνον
1105 3549 1552 3623 πεπιστεύκαμεν
1577 3553 1666 3606 τὸν
1691 3555 1753 3608 ὲκ
1773 3557 1911 3611 Θεοῦ

333 3634 513 3702 φύντα
540 3636 733 3706 Λόγον,
757 3640 1197 3711 ἀπογυμνοῦντες
1229 3643 1391 3697 αὐτὸν
1422 3643 1523 3714 τῆς
1561 3647 1778 3719 σαρκός·
1803 3648 1912 3702 οὐδ’

331 3718 403 3778 αὗ
446 3728 620 3779 έκεῖνο
659 3729 979 3800 παρήσομεν
1016 3732 1211 3785 εἰπεῖν·
1244 3732 1519 3801 λελέξεται
1559 3718 1693 3809 γάρ.

409 3818 470 3872 n.
509 3818 583 3870 Τδ
619 3819 672 3870 τι
708 3818 770 3890 δὴ
809 3822 947 3890 φὴς;

406 3909 474 3963 Α.
515 3909 587 3962 Οὐ
630 3909 738 3980 γὰρ
775 3910 850 3975 ὡς
893 3913 972 3976 είς
1001 3912 1099 3967 ἕνα
1142 3914 1249 3968 τῶν
1292 3916 1414 3970 καθ’
1443 3918 1612 3987 ἡμᾶς,
1639 3918 1761 3972 οὔτε
1806 3921 1912 3991 μὴν

322 4002 408 4063 ὡς
453 4001 534 4062 είς
575 4000 857 4072 ἄνθρωπον
891 4005 923 4077 ἡ
957 4005 1155 4072 πίστις,
1186 4006 1300 4061 ἀλλ’
1327 4011 1406 4072 εἰς
1450 4009 1582 4062 Θεὸν
1618 4002 1914 4081 πράττεται

322 4092 421 4145 τὸν
462 4091 620 4161 φύσει
662 4095 758 4148 καὶ
801 4095 1017 4166 ἀληθῶς
1047 4098 1105 4151 ἐν
1132 4098 1410 4171 προσώπῳ
1434 4101 1693 4171 Χριστοῦ’
1722 4102 1914 4173 συλλή-

315 4185 492 4254 ιζαεται
527 4186 586 4238 δὲ
609 4185 688 4256 τῷ
722 4187 867 4259 λόγῳ
900 4188 994 4242 καὶ
1024 4190 1053 4242 ό
1080 4190 1241 4259 σοφὸς
1267 4192 1494 4262 γράφων
1519 4193 1752 4256 Παῦλος·
1788 4214 1805 4245 ι
1837 4194 1912 4247 Ού

317 4279 439 4348 γὰρ
489 4278 717 4342 ἑαυτοὺς
767 4279 1183 4352 ὲκηρύσσομεν,
1247 4281 1383 4337 ἀλλὰ
1430 4284 1661 4353 Χριστὸν
1706 4285 1914 4355 Ἰησοῦν

314 4368 565 4439 Κύριον·
601 4369 828 4434 ἑαυτοὺς
866 4370 922 4423 δὲ
958 4370 1175 4435 δούλους
1219 4372 1374 4443 ὑμῶν
1411 4372 1498 4428 διὰ
1535 4374 1793 4445 Χριστοῦ,
1833 4377 1915 4431 ὅτι

2012 1913 2473 1983 Quemadmodum
2496 1914 2727 1969 fortasse
2767 1913 3034 1985 quispiam
3078 1913 3234 1967 aliter
3273 1926 3486 1981 quoque
3533 1913 3600 1965 de

2013 2007 2130 2074 ipso
2164 2005 2381 2060 dixerit.
2411 2004 2688 2071 Quatenus
2708 2004 2850 2059 enim
2881 2012 2965 2059 est
2985 2003 3147 2069 Deus,
3170 2012 3456 2058 censeatur
3477 2014 3599 2059 esse

2012 2096 2271 2152 Dominus
2316 2097 2547 2166 gloriae:
2601 2107 2867 2165 quatenus
2910 2110 3042 2151 vero
3087 2095 3260 2150 factus
3308 2101 3390 2150 est
3437 2096 3598 2149 homo

2012 2190 2307 2244 secundum
2336 2186 2807 2258 participationem
2839 2200 2870 2241 a
2901 2186 3010 2241 Deo
3038 2185 3391 2254 glorificatus,
3421 2184 3593 2256 gloria

2013 2277 2222 2348 egebat,
2257 2278 2481 2332 dicens:
2516 2296 2534 2329 ι
2566 2275 2747 2340 Pater,
2784 2276 3024 2347 gloriliea
3058 2274 3253 2330 Filium
3289 2284 3439 2328 tuum
3465 2272 3531 2327 ⁷⁸.
3571 2290 3591 2325 ι

2012 2368 2301 2438 Cmterum,
2338 2386 2357 2420 ι
2399 2368 2547 2425 Unus
2576 2379 2658 2424 est
2689 2367 2969 2429 Dominus.
2994 2382 3097 2422 una
3120 2368 3274 2434 ﬂdes,
3307 2380 3469 2420 unum
3501 2364 3597 2417 ba-

2013 2462 2234 2532 ptisma,
2261 2480 2278 2513 ι
2301 2463 2442 2517 sicut
2462 2462 2722 2533 scriptum
2738 2470 2822 2516 est
2849 2461 2915 2517 τ’.
2940 2459 3399 2527 Quemadmodum
3436 2459 3597 2529 igitur

2015 2567 2118 2607 una
2179 2560 2261 2607 est
2320 2553 2451 2609 lides
2501 2552 2557 2607 in
2614 2552 2923 2617 Christum,
2961 2563 3121 2622 atque
3179 2567 3342 2605 unum
3406 2562 3593 2605 revera

2014 2644 2312 2715 baptisma,
2352 2644 2564 2699 tametsi
2598 2643 2856 2713 baptizati
2893 2644 3062 2698 simus
3104 2650 3161 2698 et
3207 2643 3493 2697 credamus
3539 2640 3595 2695 in

2014 2736 2250 2802 Patrem,
2286 2735 2503 2801 Filium,
2530 2745 2584 2791 et
2610 2734 2871 2804 Spiritum
2898 2744 3145 2788 sanctum
3174 2751 3188 2789 :
3221 2733 3412 2787 eadem
3440 2733 3597 2801 plane

2014 2828 2225 2882 ratione
2261 2843 2326 2883 ac
2387 2828 2546 2881 modo
2609 2841 2714 2883 una
2753 2835 2837 2881 est
2896 2825 3141 2881 adoratio
3186 2822 3362 2880 Patris
3391 2831 3445 2879 et
3473 2822 3594 2878 Filii

2016 2916 2305 2982 incarnati,
2347 2925 2402 2969 et
2432 2914 2666 2987 Spiritus
2695 2915 2892 2971 sancti.
2925 2914 3108 2983 Neque
3135 2915 3277 2970 enim
3307 2912 3416 2967 ullo
3438 2922 3596 2981 pacto

2014 3021 2044 3061 a
2096 3004 2251 3061 nobis
2286 3008 2490 3076 pariter
2538 3016 2593 3063 et
2646 3007 2847 3062 sanctis
2902 3007 3107 3074 angelis
3165 3007 3232 3059 ab
3283 3004 3596 3059 adoratione

2015 3096 2376 3154 excludendos
2404 3105 2488 3155 est
2514 3098 2864 3169 Unigenitus,
2898 3101 3109 3154 tametsi
3143 3099 3317 3152 factus
3340 3097 3411 3152 sit
3439 3111 3592 3161 caro,

2012 3199 2067 3245 et
2095 3189 2355 3245 habitarit
2388 3191 2440 3245 in
2463 3190 2640 3257 nobis,
2661 3201 2992 3260 vocatusque
3020 3191 3090 3245 sit
3121 3187 3510 3260 prirmgenitus
3535 3187 3592 3240 in

2012 3280 2194 3336 multis
2222 3280 2475 3336 fratribus
2494 3281 2561 3336 ⁸⁰.
2583 3280 2664 3336 Ad
2682 3282 2798 3337 haec
2824 3296 3071 3353 quaenam
3103 3280 3170 3336 sit
3202 3279 3323 3334 ﬁdei
3347 3279 3396 3331 iu
3420 3279 3599 3346 ipsum

2011 3372 2183 3438 ratio,
2213 3375 2484 3442 quomodo
2524 3388 2631 3427 non
2671 3373 2742 3429 sit
2768 3387 2948 3443 opera:
2988 3373 3220 3442 pretium
3268 3370 3542 3439 inquirere
3570 3368 3599 3421 2

2011 3461 2128 3517 Non
2182 3463 2325 3519 enim
2381 3464 2646 3531 dixerint,
2678 3473 2738 3519 ut
2780 3465 3001 3534 Opinor,
3054 3464 3144 3533 qui
3199 3473 3343 3517 recte
3394 3461 3598 3515 sentire

2013 3551 2215 3616 velint,
2252 3566 2351 3606 nos
2384 3552 2437 3607 in
2469 3553 2642 3608 solum
2678 3549 2911 3606 Verbum
2941 3554 3085 3621 quod
3106 3558 3178 3606 ‘ex
3209 3550 3317 3604 Deo
3355 3547 3595 3621 procedit

2013 3642 2343 3710 credidisse,
2373 3643 2637 3699 nudantes
2676 3642 2851 3714 ipsum
2891 3658 3076 3698 carne.
3108 3642 3215 3723 sed
3246 3655 3420 3710 neque
3464 3640 3595 3694 illud

2013 3749 2227 3790 rursum
2258 3736 2436 3790 dicere
2460 3736 2793 3792 omittemus.
2823 3736 3045 3792 Dicetur
3066 3735 3210 3792 enim
3240 3734 3445 3789 statim.

2085 3826 2145 3882 Β.
2175 3827 2441 3893 Quidnam
2470 3828 2640 3884 dicis?

2084 3914 2150 3968 A.
2178 3914 2364 3984 Neque
2390 3914 2535 3968 enim
2566 3923 2823 3984 tanquam
2859 3914 2911 3967 in
2936 3928 3098 3967 unum
3127 3927 3194 3967 ex
3224 3910 3399 3977 nobis,
3421 3925 3594 3980 neque

2013 4014 2074 4060 ut
2112 4007 2164 4059 in
2197 4006 2398 4059 nudum
2445 4004 2718 4058 hominem
2752 4003 3056 4068 credimus,
3089 4004 3188 4058 sed
3217 4003 3271 4056 in
3311 4001 3476 4056 Deum
3500 4003 3592 4071 qui

2016 4095 2334 4152 naturaliter
2393 4109 2458 4150 ac
2511 4108 2639 4149 vere
2691 4103 2776 4150 est
2821 4095 2872 4149 in
2921 4107 3148 4164 persona
3210 4093 3411 4149 Christi
3462 4092 3594 4147 ﬁdes

2016 4196 2205 4243 nostra
2253 4186 2448 4255 vergit.
2510 4185 2609 4241 Cui
2662 4186 2877 4256 quidem
2933 4184 3214 4241 sententiae
3272 4184 3592 4254 astipulatur

2017 4277 2230 4348 sapiens
2257 4276 2343 4332 ille
2368 4276 2567 4333 Paulus
2592 4278 2662 4331 ita
2687 4277 2934 4333 scribens
2965 4295 3017 4331 ει
3034 4276 3152 4332 Νοη
3181 4278 3328 4332 enim
3351 4286 3589 4332 nosmet-

2018 4368 2162 4437 ipsos
2189 4366 2612 4437 praedieabamus
2632 4405 2648 4429 ,
2677 4365 2770 4421 scd
2792 4363 2976 4420 Jesum
3005 4364 3277 4419 Christum
3306 4361 3593 4418 Dominum

304 4459 468 4522 Θεὸς
492 4460 520 4512 ό
543 4457 711 4513 εἰπὼν
747 4461 810 4513 ὲκ
850 4461 1070 4526 σκότους
1097 4462 1207 4532 φῶς
1238 4463 1470 4535 λάμψαι,
1493 4464 1552 4529 ὃς
1586 4464 1825 4539 ἔλαμψεν
1858 4468 1911 4522 ὲν

2019 4464 2309 4518 ηοειτιιηις
2355 4468 2455 4508 nos
2511 4462 2689 4507 autem
2739 4468 2925 4509 SBI‘VOS
2974 4463 3180 4508 VCSll‘OS
3237 4468 3331 4522 per
3384 4451 3586 4507 JCSUJII.

301 4553 439 4614 ταῖς
491 4550 742 4621 καρδίαις
779 4551 938 4622 ἡμῶν
969 4554 1104 4625 πρὸς
1123 4554 1402 4625 φωτισμὸν
1425 4556 1523 4627 τῆς
1543 4557 1797 4625 γνώσεως
1819 4559 1919 4629 τῆς

2018 4545 2281 4610 Quoniam
2332 4544 2473 4599 Deus
2506 4544 2597 4612 qui
2646 4545 2781 4599 dixit
2810 4545 2877 4599 de
2926 4545 3169 4600 tenebris
3201 4545 3373 4598 lucem
3407 4545 3590 4610 splen-

300 4642 443 4714 δόξη
468 4659 496 4705 ς
536 4640 701 4695 αὐτοῦ
744 4642 801 4695 ὲν
852 4642 1129 4715 προσώπῳ
1163 4644 1420 4715 Χριστοῦ.
1452 4665 1469 4695 ι
1491 4645 1621 4699 Ἰδοὺ
1645 4645 1707 4717 δὴ
1738 4646 1911 4715 σαφῶς

2021 4636 2260 4699 descere,
2281 4635 2394 4704 ipse
2425 4634 2600 4689 illuxit
2632 4635 2685 4689 in
2707 4636 2956 4690 cordibus
2983 4637 3184 4690 uestris
3221 4636 3286 4688 ad
3321 4633 3593 4687 illumina-

300 4751 367 4786 τε
414 4732 531 4785 καὶ
571 4732 817 4804 ἐναργῶς
861 4735 890 4786 6
913 4735 1192 4805 φωτισμὸς
1231 4736 1330 4806 τῆς
1369 4736 1621 4805 γνώσεως
1655 4736 1748 4790 τοῦ
1784 4737 1918 4790 Θεοῦ

300 4828 408 4881 καὶ
448 4826 682 4896 Ἡατρὸς
715 4829 773 4879 εν
808 4826 1086 4897 προσώπῳ
1117 4828 1379 4899 διέλαμψε
1401 4827 1494 4881 τοῦ
1516 4830 1773 4900 Χριστοῦ.
1799 4831 1921 4883 Τοι-

302 4922 528 4989 γάρτοι
566 4918 661 4970 κοιλ¹
703 4917 941 4987 ἔφασκεν
968 4935 982 4948 ·
1013 4938 1031 4970 ι
1053 4920 1112 4984 Ὀ
1158 4919 1419 4990 ἑωρακὼς
1440 4919 1562 4988 ἐμὲ,
1588 4917 1800 4990 ἑώρακε
1823 4919 1914 4973 τὸν

307 5011 575 5080 Πατέρα·
604 5008 713 5076 ἐγὼ
738 5010 832 5063 καὶ
852 5010 879 5061 6
901 5009 1089 5081 Πατὴρ
1115 5009 1173 5062 ἓν
1194 5012 1383 5079 ἐσμεν.
1419 5028 1438 5060 ι
1485 5009 1787 5080 Χαρακτὴρ
1809 5009 1865 5062 δὲ
1887 5011 1913 5061 6

310 5107 476 5165 θεῖος
513 5102 574 5153 ού
619 5102 947 5171 σωματικὸς,
972 5101 1088 5154 ἀλλ’
1113 5102 1170 5153 ὲν
1192 5101 1420 5169 δυνάμει
1441 5101 1531 5153 καὶ
1553 5098 1679 5174 δόξῃ
1700 5104 1766 5172 τῇ
1794 5100 1913 5154 θεο-

309 5194 713 5267 πρεπεστάτῃ,
733 5193 891 5248 τοῦτο
923 5194 978 5247 δὲ
1009 5189 1077 5265 ἦν
1110 5192 1410 5264 ἀκραιφνὲς
1435 5193 1490 5246 ἐν
1512 5193 1748 5264 Χριστῷ-
1776 5209 1916 5262 γνω-

311 5282 584 5360 ρίζεσθαί
620 5300 681 5336 τε
724 5284 815 5338 καὶ
855 5283 944 5338 διὰ
981 5285 1182 5337 τούτων
1224 5282 1399 5354 ἠξίου,
1425 5282 1518 5335 καὶ
1549 5282 1638 5335 διὰ
1673 5283 1769 5360 τῆς
1808 5283 1914 5335 τῶν

309 5377 631 5450 δρωμένων
671 5376 980 5448 ὑπεροχῆς,
1028 5377 1109 5439 εἰς
1161 5375 1370 5438 ἐννοίας
1410 5359 1785 5446 ἀναθρώσκει»)
1823 5375 1919 5436 τὰς

308 5472 413 5524 ἐπ’
450 5467 603 5538 αὐτῷ
626 5468 752 5530 τοὺς
773 5465 1155 5538 ἀκροωμένους
1177 5465 1354 5536 ἤθελε,
1371 5464 1918 5535 κατασμικρυνούσης

311 5560 501 5616 αὐτὸν
524 5560 707 5630 ἠρέμα
740 5559 836 5629 τῆς
861 5557 1148 5628 όρωμὲνης
1176 5557 1396 5627 σαρκός.
1430 5575 1447 5609 ι
1479 5558 1538 5609 ΕΞ
1565 5556 1669 5626 γὰρ
1693 5555 1750 5607 οὐ
1779 5555 1914 5607 ποιῶ

405 5738 459 5772 ⁷⁷
491 5734 643 5790 Joan.
689 5752 760 5802 tv,
798 5736 887 5788 “22.
987 5735 1030 5763 "'
1058 5732 1208 5786 Joan.
1243 5749 1371 5796 xui,
1414 5735 1454 5786 l.

1538 5737 1576 5765 7"
1607 5736 1799 5803 liphes.
1840 5748 1910 5795 Iv,
1952 5733 2001 5784 ὲ).

2017 4727 2216 4782 tionem
2266 4726 2504 4781 scicntia:
2537 4728 2800 4783 claritatis
2829 4727 2953 4795 Dei,
2989 4727 3040 4780 in
3073 4727 3211 4781 facie
3264 4725 3395 4780 Jesu
3433 4725 3591 4780 Chri-

2017 4819 2083 4873 sti
2110 4818 2177 4871 ⁸¹.
2217 4835 2236 4869 ι
2291 4815 2429 4871 Ecce
2450 4833 2610 4887 quam
2656 4827 2840 4887 aperte
2863 4832 2926 4872 ac
2959 4816 3241 4872 manifeste
3273 4816 3594 4871 illuminatio

2020 4909 2263 4965 scientize
2300 4908 2393 4964 Dei
2425 4925 2489 4964 ac
2538 4909 2713 4965 Patris
2768 4912 2821 4965 in
2872 4925 3098 4980 persona
3146 4909 3343 4964 Christi
3397 4909 3593 4963 illuxit.

2022 5002 2224 5058 Idcirco
2249 5004 2409 5058 etiam
2438 5004 2571 5057 dixit
2601 5018 2617 5057 :
2649 5021 2667 5055 ι
2704 5003 2802 5069 Qui
2833 5004 2967 5058 vidit
2988 5018 3092 5072 mc,
3120 5003 3251 5059 vidit
3278 5012 3327 5056 et
3356 5001 3589 5055 Patrem.

2025 5091 2134 5163 Ego
2152 5102 2205 5147 et
2227 5091 2385 5145 Pater
2415 5108 2577 5146 unum
2599 5108 2832 5147 sumus.)
2867 5094 3157 5148 Character
3178 5103 3356 5148 autem
3380 5093 3592 5147 divinus

2023 5202 2129 5241 non
2157 5195 2241 5240 εει
2267 5199 2579 5254 corporeus,
2608 5184 2700 5239 sed
2737 5185 2790 5238 in
2825 5185 3021 5239 virtute
3048 5199 3112 5238 ac
3141 5185 3309 5254 gloria
3339 5199 3459 5254 quse
3484 5184 3591 5239 Deo

2023 5278 2254 5331 maxime
2282 5276 2600 5339 conveniat,
2637 5277 2738 5332 hoe
2762 5285 2845 5331 est
2873 5277 2923 5330 in
2964 5276 3182 5329 Christo
3211 5294 3222 5340 ;
3258 5286 3309 5329 et
3349 5291 3443 5345 per
3478 5276 3591 5331 haec

2022 5370 2357 5424 innotescere
2409 5370 2605 5433 voluit,
2657 5379 2714 5424 et
2767 5385 2863 5438 per
2921 5371 3181 5423 factorum
3214 5370 3588 5425 excellentiam

2021 5460 2294 5515 auditores
2334 5460 2399 5515 ad
2431 5461 2511 5516 sui
2541 5461 2785 5514 notitiam
2825 5462 3001 5528 evehi,
3030 5480 3149 5516 cum
3184 5463 3377 5532 alioqui
3408 5461 3590 5519 carnis

2018 5563 2265 5624 umectus
2323 5553 2496 5620 ipsum
2555 5553 2795 5607 nonnihil
2841 5554 3174 5609 obscuraret.
3235 5574 3252 5606 ι
3312 5554 3379 5609 Si“
3421 5557 3587 5623 enim,

2082 5730 2123 5760 3“
2154 5730 2306 5785 liotu.
2350 5748 2459 5797 rm,
2494 5731 2582 5784 '29.
2662 5732 2702 5761 “‘
2729 5731 2768 5785 ll
2802 5731 2927 5785 Cor.
2968 5747 3037 5799 tv,
3069 5733 3125 5799 ii,
3161 5733 3215 5787 ti.
