4078 6264
521 369 660 426 {9.55

1517 369 1572 422 S.
1614 369 1892 425 CYRILLI
1928 368 2397 425 ALEXANDRINI
2436 371 2752 428 ARCHIEP.

3645 373 3775 428 1256

514 492 725 564 inquit,
776 509 878 548 non
936 494 1075 550 facio
1105 509 1268 562 opera
1323 493 1498 547 Patris
1526 495 1663 560 mei,
1718 494 1875 571 703
1935 494 2088 549 nolite

2199 496 2265 550 τά
2290 495 2424 568 ἔργει
2454 496 2546 557 τοῦ
2587 497 2798 567 Πατρός
2824 514 2946 568 μου,
2974 494 3129 567 φησὶ,
3158 495 3234 566 μὴ
3259 491 3544 547 πιστεύετέ
3587 509 3690 562 μοι.
3717 495 3777 545 El

513 587 738 644 credere
766 587 916 641 mihi.
944 587 1002 644 Si
1031 595 1208 642 autem
1240 585 1410 649 facio,
1449 593 1504 639 et
1533 585 1576 639 si
1611 587 1738 639 mihi
1781 601 1883 641 ιιοιι
1934 585 2094 639 vultis

514 676 770 744 credere,
814 678 1066 746 operibus
1102 676 1235 730 meis
1282 675 1487 729 credite
1517 675 1582 730 ε’.
1618 694 1635 728 ι
1669 675 1839 731 Porro
1867 691 2094 731 censue-

513 771 615 829 rim
654 769 926 824 Christum
973 778 1082 822 tum
1131 768 1385 836 temporis
1413 767 1514 823 hoc
1546 769 1783 835 dixisse,
1817 770 1958 838 quod
1989 783 2094 822 non

515 861 706 917 inutile
746 862 796 916 id
841 862 954 915 fore
987 860 1166 914 sciret.
1207 860 1340 914 Cum
1385 859 1528 914 enim
1567 861 1940 914 existimarent
1989 875 2095 914 non

513 966 639 1009 esse
685 951 1003 1010 naturaliter
1065 949 1266 1013 Deum.
1302 951 1396 1020 qui
1446 966 1543 1021 pro
1592 952 1744 1006 nobis
1785 952 2096 1006 incarnatus

514 1055 632 1101 erat
668 1064 681 1099 :
717 1045 809 1100 sed
837 1045 1154 1114 simpliciter
1191 1045 1392 1098 nmium
1439 1044 1706 1099 hominem
1731 1084 1745 1109 ,
1775 1046 1914 1099 sicut
1951 1059 2092 1112 nos;

512 1153 741 1208 eamque
793 1139 863 1193 ob
912 1153 1129 1193 causam
1187 1136 1428 1192 nonnulli
1469 1135 1624 1191 fidem
1665 1137 1712 1190 ei
1754 1137 2092 1206 derogarent,

513 1230 717 1286 utiliter
750 1244 816 1284 ac
855 1230 1164 1286 necessario
1200 1236 1398 1281 metum
1438 1227 1649 1282 illorum
1679 1213 2095 1295 tarditatemque

513 1322 580 1376 ad
655 1322 984 1376 credendum
1053 1336 1392 1390 praesecans,
1438 1331 1491 1373 et
1534 1331 1738 1374 naturte
1801 1322 2095 1376 divinitatis

513 1413 672 1468 ﬁdem
707 1414 975 1476 tribuens,
1019 1422 1269 1483 tanquam
1304 1413 1353 1465 in
1378 1427 1604 1482 persona
1650 1412 1828 1466 Patris
1861 1430 1876 1478 ;
1908 1422 1959 1466 et
1988 1428 2092 1467 non

515 1513 716 1565 nostra:
744 1504 1031 1559 humilitati
1077 1504 1386 1568 ascrihens,
1419 1505 1552 1558 dixit
1584 1520 1596 1555 :
1629 1522 1647 1555 ι
1691 1503 1790 1571 Qui
1831 1506 2000 1559 credit
2041 1506 2091 1558 in

515 1610 621 1659 me,
650 1611 753 1650 non
787 1595 839 1649 in
875 1610 960 1649 me
987 1594 1180 1659 credit,
1213 1593 1304 1648 sed
1339 1595 1390 1648 in
1416 1608 1537 1647 eum
1565 1595 1651 1662 qni
1689 1595 1832 1648 misit
1864 1611 1946 1648 me
1968 1596 2032 1648 "3.
2069 1614 2088 1647 ι

513 1684 701 1743 Nonne
740 1687 843 1742 hoc
866 1686 1090 1756 perinde
1112 1694 1194 1742 est
1219 1702 1283 1740 ac
1309 1687 1354 1740 si
1384 1685 1530 1741 dicat
1559 1703 1571 1737 :
1604 1685 1647 1740 Ο
1673 1700 1769 1740 vos
1798 1687 1887 1756 qui
1913 1687 2091 1741 verbis

513 1778 646 1832 meis
705 1777 864 1835 ﬁdem
918 1777 1220 1840 adhibetis,
1259 1791 1362 1831 non
1425 1777 1626 1831 humile
1671 1785 1763 1830 aut
1824 1774 2090 1846 abiectum

512 1867 711 1936 aliquid
747 1868 812 1922 de
841 1882 926 1921 me
954 1867 1188 1936 cogitate
1219 1886 1231 1921 :
1263 1867 1390 1938 quin
1432 1866 1608 1935 potius
1644 1867 1742 1919 hoc
1769 1880 2090 1934 persuasum

515 1957 734 2022 habete,
778 1957 920 2026 quod
968 1958 1061 2027 qui
1104 1956 1234 2013 mihi
1280 1971 1438 2026 quem
1486 1957 1537 2010 in
1571 1971 1732 2010 carne
1784 1954 2096 2024 conspicitis

512 2050 874 2114 credideritis,
905 2065 1008 2109 non
1045 2050 1095 2104 in
1129 2049 1399 2104 hominem
1446 2047 1762 2117 simpliciter
1809 2047 2094 2101 credentes

511 2140 698 2206 eritis,
742 2144 834 2197 sed
880 2141 932 2195 in
990 2141 1162 2210 ipsum
1203 2139 1451 2204 Patrem,
1509 2155 1605 2208 per
1641 2154 1724 2193 me
1766 2137 1960 2194 Filitnn
2002 2141 2094 2210 qui

510 2233 874 2287 omnimodam
926 2232 1287 2302 aequalitatem
1345 2231 1869 2301 similitudinemque
1923 2233 2095 2286 habeo

509 2342 632 2381 cum
665 2325 824 2381 Patre
858 2345 871 2380 :
906 2335 1065 2395 atque
1100 2327 1414 2382 incarnatus
1461 2326 1676 2395 quidem
1707 2340 1823 2380 sum
1876 2339 2095 2395 propter

509 2432 626 2483 vos,
662 2417 1030 2488 humilemque
1061 2418 1319 2473 amictum
1361 2417 1493 2471 mihi
1559 2418 1751 2482 ascivi,
1783 2417 2095 2471 humanita-

508 2519 617 2564 tem
647 2511 940 2576 nimirum,
965 2509 1270 2579 aequalitate
1301 2519 1476 2564 tamen
1520 2519 1724 2564 natura:
1746 2518 1798 2565 et
1822 2509 2093 2578 operatio-

510 2602 615 2669 nis,
645 2611 805 2673 atque
835 2603 1116 2659 identitate
1141 2603 1324 2673 gloria:
1355 2600 1745 2673 perfectissime
1778 2599 1920 2660 Patri
1945 2600 2094 2654 simi-

510 2691 580 2749 lis
607 2708 725 2748 sum
757 2708 821 2747 ac
858 2708 972 2762 par.

582 2781 644 2836 Β.
682 2783 755 2838 Ita
790 2783 1024 2840 videtur.

579 2870 646 2922 A.
676 2869 835 2937 Atqui
870 2869 975 2925 alio
1000 2869 1164 2926 etiam
1190 2871 1348 2927 modo
1375 2872 1677 2944 intelligere
1705 2873 1880 2944 possis
1911 2874 2086 2944 ipsum

511 2962 668 3021 tidem
699 2976 805 3020 non
836 2961 1186 3032 repellentem
1211 2983 1224 3018 :
1250 2965 1343 3019 sed
1369 2966 1574 3034 absque
1598 2965 1780 3036 aliqua
1818 2966 2087 3022 divisione

509 3063 670 3123 atque
694 3051 998 3108 differentia
1036 3055 1385 3124 recipientem
1421 3056 1593 3124 ipsam
1629 3057 1681 3110 in
1713 3058 1931 3127 propria
1969 3073 2085 3127 per-

2199 589 2253 641 se
2279 589 2437 654 ποιῶ,
2465 590 2568 643 κᾶν
2591 592 2713 659 ἐμοὶ
2753 589 2827 660 μὴ
2867 587 3182 658 πιστεύητε,
3207 588 3320 648 τοῖς
3345 585 3532 656 ἔργοις
3561 601 3660 653 μου
3695 602 3779 638 πι-

2205 680 2445 734 στεύετε.
2469 700 2486 732 ι
2511 682 2680 735 Φάναι
2715 682 2771 735 δὲ
2808 677 2962 752 οἶμαι
2986 681 3144 734 ταυτὶ
3167 679 3227 732 τὸ
3245 676 3500 748 τηνικάδε
3531 677 3778 746 Χριστὸν,
3808 732 3811 734 _

2200 773 2296 824 οὐκ
2340 771 2629 836 ἁσυντελὲς
2673 774 2753 835 εἰς
2793 771 2978 842 ὄνησιν
3020 771 3198 824 εἰδότα
3232 767 3293 821 τὸ
3339 767 3550 838 χρῆμα.
3570 765 3782 834 Ἐπειδὴ

2197 862 2305 930 γὰρ
2335 862 2500 932 ᾤοντο
2528 862 2658 916 Θεὸν
2687 864 2784 933 μὲν
2805 863 2904 916 οὐκ
2924 858 3062 916 εἶναι
3089 859 3231 915 κατὰ
3251 859 3411 929 φύσιν
3434 858 3522 911 τὸν
3548 857 3614 910 δι’
3636 859 3781 928 ἡμᾶς

2204 954 2855 1024 ἐκκηνθρωπηκότα,ψιλὸν
2881 955 2936 1007 δὲ
2962 954 3148 1017 ἁπλῶς
3168 952 3454 1023 ἄνθρωπον
3479 949 3601 1003 καθ’
3617 950 3781 1018 ἡμᾶς,

2198 1044 2572 1113 άπαράδεκτόν
2626 1062 2684 1098 τε
2737 1045 2825 1098 διὰ
2868 1046 3027 1099 τοῦτο
3089 1043 3188 1114 τὴν
3253 1043 3339 1095 ἐπ’
3396 1039 3544 1109 αύτῷ
3602 1041 3784 1091 πίστιν

2197 1135 2647 1199 ὲποιοῦντότινες·
2663 1137 2974 1207 ἀναγκαίως
2994 1137 3053 1188 τὺ
3065 1135 3224 1204 δεῖμα
3249 1136 3340 1186 καὶ
3363 1134 3451 1186 τδν
3475 1131 3787 1198 ὲπὶτούτοις

2198 1225 2354 1278 ὄκνον
2385 1227 2842 1296 ὑποτεμνόμενος,
2868 1230 2932 1298 τῇ
2969 1227 3065 1296 τῆς
3101 1225 3355 1294 θεότητος
3382 1223 3542 1292 φύσει
3565 1223 3663 1293 τὴν
3694 1223 3784 1275 πί-

2200 1332 2313 1368 στιν
2349 1318 2640 1380 άνατιθεὶς,
2664 1318 2738 1382 ὼς
2777 1320 2834 1371 ἐν
2876 1317 3154 1390 προσώπῳ
3192 1317 3424 1388 Πατρδς,
3450 1316 3543 1369 καὶ
3569 1316 3693 1385 οὐχὶ
3718 1317 3782 1386 τῇ

2188 1403 2318 1460 ’καθ’
2340 1410 2488 1478 ἡμᾶς
2531 1411 2974 1482 σμικροπρεπείᾳ
3015 1411 3357 1482 προσνέμων,
3381 1411 3622 1480 ἔφασκεν
3644 1426 3658 1438 ·
3688 1426 3707 1460 ι
3730 1409 3785 1462 Ὀ

2199 1498 2471 1552 πιστεύων
2509 1502 2588 1563 εἰς
2630 1501 2838 1570 ὲμὲ,ού
2882 1502 3130 1554 πιστεύει
3175 1504 3252 1564 εἰς
3295 1501 3414 1570 ἐμὲ.
3442 1499 3659 1561 ἁλλέξς
3695 1498 3785 1552 τὸν

2197 1590 2492 1660 πέμψαντά
2524 1608 2612 1660 με.
2641 1611 2659 1642 ι
2685 1588 2810 1662 *Αρ’
2848 1592 2947 1662 οὐκ
2989 1593 3103 1646 ἴσον
3148 1594 3351 1646 εἰπεῖν·
3377 1587 3447 1644 ’Ὦ
3493 1590 3600 1644 τῶν
3638 1589 3784 1663 ἐμῶν

2198 1684 2456 1752 κατήκοοι
2485 1683 2677 1752 λόγων,
2708 1685 2783 1753 μὴ
2810 1685 2982 1755 μικρςίι⁸
3004 1685 3098 1738 καὶ
3124 1683 3472 1755 χαμαιῤῥιφῆ
3497 1682 3566 1733 τὰ
3588 1683 3663 1743 εἰς
3685 1681 3786 1751 ἐμὲ

2195 1775 2444 1840 δοξάζετε
2464 1793 2476 1805 ·
2505 1775 2620 1828 ἴστε
2649 1777 2705 1829 δὲ
2749 1778 2831 1829 ὅτι
2867 1777 2967 1847 τὴν
2991 1779 3070 1840 εἰς
3092 1777 3255 1830 αὑτὸν
3279 1775 3377 1845 ἐμὲ
3397 1773 3489 1827 τὸν
3511 1772 3784 1844 ὁρώμενον

2197 1868 2254 1918 ἐν
2281 1867 2444 1937 σαρκὶ
2466 1867 2779 1938 προϊέμενοι
2805 1868 3009 1933 πίστιν,
3034 1869 3133 1921 οὐκ
3168 1869 3248 1930 εἰς
3283 1866 3568 1937 ἄνθρωπον
3599 1864 3785 1929 ἁπλῶς

2197 1959 2385 2013 ἔσεσθε
2415 1960 2865 2024 πεπιστευκότες,
2891 1961 3003 2014 ἀλλ’
3028 1962 3107 2024 εἰς
3145 1959 3306 2012 αὐτὸν
3331 1959 3423 2011 τὸν
3453 1957 3697 2026 ῐῐατέρα,
3718 1954 3783 2008 δι’

2196 2051 2331 2120 ἐμοῦ
2357 2051 2450 2104 τοῦ
2474 2052 2613 2106 κατὰ
2635 2055 2743 2105 πᾶν
2777 2051 2959 2105 ὁτιοῦν
2991 2052 3120 2114 ἴσως
3145 2069 3201 2105 τε
3230 2052 3323 2105 καὶ
3346 2047 3782 2120 ἀπαραλλάκτως

2197 2143 2411 2214 ἔχοντος
2436 2143 2568 2196 Υἱοῦ
2588 2186 2601 2208 ,
2628 2143 3000 2215 σαρκωθὲντος
3039 2143 3137 2211 μὲν
3173 2141 3240 2193 δι’
3265 2141 3440 2211 ὑμᾶς,
3486 2139 3584 2192 καὶ
3627 2137 3778 2207 περί-

2197 2237 2382 2309 ϐλημα
2434 2235 2848 2308 σμικροπρεπὲς
2899 2232 3272 2304 οἰκειουμένου
3301 2271 3316 2295 ,
3359 2231 3455 2302 τὴν
3495 2228 3778 2299 ἀνθρωπό-

2194 2345 2334 2400 τητα
2354 2368 2368 2392 ,
2391 2329 2450 2382 τό
2477 2346 2539 2397 γε
2561 2327 2665 2399 μὴν
2696 2327 2915 2397 ἱσοςρυές
2936 2344 2991 2379 τε
3020 2327 3110 2380 καὶ
3137 2324 3407 2395 ἰσουργὸν,
3435 2323 3532 2378 καὶ
3565 2323 3626 2374 ὲν
3654 2338 3782 2374 ταυο

2195 2420 2380 2490 τότητι
2420 2419 2576 2491 δόξης
2621 2418 2992 2491 άδιαλώὸητον
3040 2417 3319 2482 παντελῶς
3374 2417 3592 2488 ἔχοντος
3650 2413 3784 2487 πρὸς

2195 2509 2377 2565 αὐτόν.

2266 2781 2328 2837 Β.
2373 2780 2609 2832 Ἔοικεν.

2264 2873 2332 2929 Α.
2385 2871 2712 2944 Ἀναμάθοις
2733 2871 2776 2924 δ’
2809 2872 2875 2926 ἂν
2897 2873 2993 2926 καὶ
3026 2870 3228 2941 ἑτέρως
3257 2869 3421 2923 αὑτὸν
3461 2869 3559 2940 τὴν
3600 2867 3780 2921 πίστιν

2193 2966 2253 3019 ού
2291 2964 2675 3034 διωθούμενον,
2713 2966 2867 3030 ἀλλὰ,
2907 2966 3082 3036 τομῆς
3110 2982 3254 3029 τινος
3288 2963 3412 3035 δίχα
3447 2964 3543 3017 καὶ
3592 2962 3784 3030 διαφο-

2199 3054 2316 3122 ρᾶς,
2351 3052 2752 3122 εἰσδεδεγμένον
2785 3053 2954 3124 αὐτὴν
2996 3054 3070 3117 ὡς
3113 3054 3170 3107 ὲν
3206 3053 3320 3125 ἰδίῳ
3355 3052 3656 3124 προσώπῳ,
3690 3051 3786 3104 καὶ

508 3161 663 3210 sona,
689 3147 903 3203 tametsi
929 3146 1106 3203 factus
1131 3148 1201 3203 sit
1225 3163 1373 3202 caro.
1402 3148 1693 3218 Postquam
1718 3151 1861 3202 enim
1885 3165 2084 3206 cmcum

2195 3148 2243 3199 εἱ
2281 3145 2472 3214 γέγονε
2504 3145 2660 3213 σάρξ.
2707 3144 2926 3213 Ἐπειδὴ
2959 3145 3067 3216 γὰρ
3091 3145 3180 3198 τὸν
3207 3147 3270 3197 ἐκ
3300 3146 3570 3214 γεννητῆς
3602 3143 3785 3208 ἐξ,ιεῖτο

508 3238 658 3292 illum
689 3254 718 3291 a
758 3239 1043 3294 nativitate
1073 3241 1287 3296 sanavit
1316 3238 1387 3306 ll",
1420 3251 1475 3295 et
1508 3241 1664 3296 dulce
1704 3241 2089 3313 insolitumque

508 3331 688 3386 lumen
759 3333 808 3388 ei
865 3334 1132 3398 immisit,
1189 3335 1442 3389 omnibus
1500 3335 1694 3389 merito
1741 3335 2083 3388 admirationi

506 3433 646 3478 erat.
687 3425 864 3494 Atque
909 3425 998 3480 hic
1041 3425 1257 3495 quidem
1305 3427 1435 3481 vitio
1475 3426 1567 3481 illo
1609 3427 1869 3482 liberatus
1917 3443 1946 3479 a
1993 3425 2088 3480 Ju-

506 3514 638 3568 dteis
669 3515 1040 3584 indicabatur,
1088 3526 1145 3571 et
1179 3518 1448 3572 medicum
1493 3519 1886 3587 profitebatur:
1929 3520 2086 3574 Chri-

507 3616 625 3663 stus
659 3621 787 3661 vero
820 3622 943 3662 eum
999 3609 1306 3665 accedens:
1349 3629 1366 3660 ι
1415 3609 1497 3663 Tu
1538 3612 1812 3677 credisne,
1887 3611 2083 3680 inquit,

509 3697 560 3748 in
594 3695 789 3752 Filium
828 3694 963 3750 Dei?
999 3715 1018 3752 ο
1051 3696 1152 3762 Qui
1196 3712 1318 3750 cum
1347 3698 1716 3753 exclamaret:
1751 3718 1768 3750 ι
1810 3700 1942 3766 Quis
1981 3709 2084 3762 est,

509 3789 758 3852 Domine,
789 3797 847 3843 ut
891 3789 1110 3844 credam
1161 3789 1212 3842 in
1250 3788 1470 3857 ipsum?
1493 3807 1512 3840 ι
1544 3791 1826 3859 respondit
1856 3775 2080 3845 dicens:

515 3898 533 3930 ε
568 3878 634 3934 Ει
666 3877 846 3937 vidisti
877 3877 1076 3949 ipsum,
1102 3887 1156 3932 et
1184 3879 1274 3948 qui
1311 3879 1550 3947 loquitur
1578 3887 1780 3945 tecum,
1811 3879 1900 3934 ille
1923 3890 2026 3935 est.
2059 3899 2078 3931 ι

507 3970 605 4036 Qui
631 3972 936 4039 respondit:
963 3989 981 4022 ι
1005 3969 1202 4036 Credo,
1227 3971 1471 4028 Domine.
1494 3972 1561 4028 Et
1579 3973 1825 4028 adoravit
1842 3975 2044 4030 eum”.
2061 3993 2078 4028 ι

507 4062 790 4134 Quomodo
820 4063 982 4134 igitur
1013 4079 1120 4119 non
1166 4065 1237 4119 sit
1265 4065 1517 4120 omnibus
1549 4066 1918 4129 manifestum,
1946 4067 2085 4122 divi-

509 4171 633 4210 nam
661 4170 725 4211 ac
747 4171 1057 4226 supremam
1094 4166 1344 4210 naturam
1368 4157 1542 4212 oculis
1571 4159 1722 4212 cerni
1757 4174 1784 4212 a
1810 4174 2082 4229 quoquam

507 4263 613 4302 non
648 4249 842 4318 posse?
880 4267 898 4300 ι
945 4249 1111 4303 Deum
1141 4248 1285 4301 enim
1317 4263 1475 4304 nemo
1516 4249 1650 4304 vidit
1676 4265 1938 4320 unquam,
1975 4271 1993 4302 ι
2024 4259 2084 4306 ιιι

505 4342 768 4408 scriptum
797 4349 884 4394 est
919 4338 984 4392 ⁸⁸.
1033 4338 1088 4392 Si
1123 4355 1252 4409 ergo
1284 4339 1623 4410 distinguens
1648 4355 1800 4394 suam
1830 4342 2082 4396 humani-

509 4439 695 4493 tatem,
729 4439 783 4481 ut
821 4430 920 4483 hoc
957 4429 1134 4497 ipsum
1174 4444 1441 4498 apparens
1477 4445 1544 4484 ex
1593 4429 1702 4484 Deo
1739 4430 1899 4486 Patre
1951 4433 2104 4489 Ver-.

2192 3237 2411 3306 τυφλὸν.
2449 3239 2542 3290 καὶ
2572 3237 2632 3288 τὸ
2660 3236 2834 3304 γλυκὺ
2868 3236 2987 3307 μὲν,
3016 3235 3183 3306 ἄηθες
3224 3237 3266 3288 δ’
3296 3235 3410 3301 οῦν,
3443 3235 3780 3303 ὲπεφύτευσε

2195 3329 2310 3400 φῶς
2342 3328 2512 3398 αὐτῷ,
2545 3328 2696 3398 παρὰ
2723 3328 2939 3382 πάντων
2974 3328 3200 3391 εἰκότως
3230 3328 3594 3398 ἐθαυμάζετο.
3643 3329 3780 3381 Ἀλλ’

2190 3423 2217 3475 ὁ
2266 3423 2366 3491 μὲν
2415 3421 2510 3474 τοῦ
2553 3422 2760 3484 πάθους
2813 3421 3235 3492 ἀπηλλαγμένος
3290 3422 3442 3491 παρὰ
3481 3426 3596 3485 τοῖς
3653 3424 3782 3475 Ἰοῦς

2188 3512 2360 3574 δαίοις
2407 3511 2676 3585 ἐκρίνετο,
2718 3511 2813 3564 καὶ
2851 3510 3122 3581 ὡμολόγει
3166 3510 3258 3564 τὸν
3299 3511 3502 3582 ἰατρόν·
3544 3511 3780 3578 Χριστὸς

2189 3603 2244 3656 δὲ
2277 3603 2423 3672 αὑτῷ
2470 3601 2808 3673 περιτυχὼν,
2859 3620 2877 3652 ε
2922 3603 2992 3655 Σὺ
3052 3601 3349 3666 πιστεύεις,
3407 3603 3667 3671 ἔφασκεν,
3705 3605 3784 3663 εἰς

2189 3701 2280 3752 τὸν
2311 3701 2440 3753 Υἱδν
2472 3701 2565 3753 τοῦ
2585 3699 2720 3753 Θεοῦ
2747 3717 2761 3763 ;
2803 3718 2820 3749 ι
2856 3698 2962 3752 Τοῦ
2986 3699 3062 3764 δὲ,
3093 3700 3174 3764 τὸ,
3200 3720 3216 3752 ‹
3247 3700 3341 3762 Τίς
3371 3701 3508 3764 ἐστι,
3531 3700 3730 3770 Κύριε,
3763 3721 3780 3751 ι

2187 3789 2633 3862 διακεκραγότος,
2666 3810 2684 3843 ι
2725 3793 2812 3845 ἵνα
2846 3791 3118 3844 πιστεύσω
3145 3794 3224 3855 εἰς
3248 3792 3449 3856 arb-7.6V;
3483 3811 3500 3842 ι
3533 3793 3790 3861 ἀντεφώ-

2187 3900 2268 3936 νει
2301 3883 2496 3951 λέγων·
2541 3902 2557 3934 ι
2607 3884 2718 3937 Καὶ
2753 3883 3003 3953 ἑώρακας
3042 3884 3224 3948 αὐτὸν,
3255 3885 3347 3936 καὶ
3376 3884 3404 3936 ὁ
3437 3884 3612 3939 λαλῶν
3643 3886 3789 3954 μετὰ

2188 3973 2304 4037 σοῦ,
2336 3974 2538 4036 ἐκεῖνός
2571 3975 2736 4026 ἐστιν.
2780 3993 2797 4024 ι
2845 3974 2904 4026 '0
2933 3973 2988 4024 δὲ
3047 3972 3172 4042 ἔφη’
3210 3992 3226 4022 ι
3280 3972 3551 4035 Πιστεύω,
3584 3973 3779 4042 Κύριε.

2187 4064 2296 4118 Καὶ
2332 4065 2734 4135 προσεκύνησεν
2780 4063 2945 4134 αὐτῷ.
2992 4083 3010 4115 ι
3056 4064 3246 4117 Καίτοι
3291 4064 3403 4127 πῶς
3458 4066 3560 4135 ούχ
3606 4065 3780 4117 ἅπασι.

2191 4158 2491 4226 συμφανὲς,
2521 4156 2596 4220 ὼς
2643 4157 2841 4218 ἅοπτος
2872 4155 3151 4220 παντελῶς
3180 4157 3211 4226 ἡ
3247 4155 3366 4208 θεία
3396 4173 3456 4207 τε
3504 4156 3601 4208 καὶ
3636 4158 3778 4209 ἀνω-

2188 4248 2335 4301 τάτω
2383 4248 2580 4316 φύσις;
2633 4266 2651 4299 ι
2703 4248 2836 4301 Θεὸν
2865 4247 2973 4318 γὰρ
3015 4248 3185 4311 οὐδεὶς
3219 4247 3428 4319 ἑώρακε
3470 4248 3705 4311 πώποτε,
3747 4265 3768 4297 ι

2185 4339 2326 4393 κατὰ
2355 4339 2415 4392 τὸ
2448 4341 2852 4411 γεγραμμένον.
2885 4341 3056 4410 Εἴπερ
3105 4336 3198 4394 οῦν
3243 4341 3451 4404 διιστὰς
3491 4341 3682 4395 ἑαυτοῦ
3715 4340 3777 4391 τὸ

2188 4431 2552 4503 ἀνθρώπινον,
2587 4432 2662 4495 ὡς
2702 4433 2834 4486 αὐτὸ
2880 4432 2944 4501 δὴ
2993 4431 3151 4485 τοῦτο
3186 4432 3445 4502 πεφηνὼς
3480 4435 3507 4484 ό
3541 4435 3604 4485 ἐκ
3642 4429 3776 4483 θεοῦ

503 4520 654 4583 bum,
687 4521 861 4574 nudus
905 4535 971 4573 ac.
1013 4518 1162 4576 solus
1206 4521 1351 4575 credi
1399 4521 1587 4586 voluit,
1624 4531 1678 4575 et
1719 4538 1921 4577 caecum
1966 4522 2077 4590 jam

2193 4522 2408 4592 Πατρὸς
2433 4522 2624 4590 Λόγος,
2658 4523 2865 4592 γυμνὸς
2895 4522 2987 4575 καὶ
3017 4523 3175 4592 μόνος
3209 4524 3362 4592 ἠξίου
3399 4523 3778 4585 πιστεύεσθαι,

504 4617 752 4667 curatum
800 4612 1082 4678 hortatur,
1127 4629 1192 4665 ne
1241 4614 1418 4681 potius
1453 4627 1700 4681 qua-nam
1761 4613 1832 4667 sit
1888 4626 2080 4669 natura

507 4701 598 4755 Dei
648 4715 832 4757 secum
875 4701 1113 4772 cogitet:
1142 4703 1235 4756 sed
1271 4703 1452 4771 potius
1497 4705 1859 4769 corporaliter
1900 4715 2083 4760 osteno

502 4795 601 4858 dit,
627 4793 700 4847 ita
720 4792 969 4848 utoculis
994 4793 1123 4864 ipsis
1147 4794 1464 4864 conspicere
1490 4794 1678 4849 liceret
1717 4795 1869 4865 (dixit
1899 4797 2078 4855 enim:

504 4887 667 4960 704
697 4887 762 4940 Ει
795 4887 946 4942 vides
979 4887 1180 4956 ipsum,
1235 4897 1289 4943 et
1327 4887 1418 4956 qui
1465 4887 1704 4957 loquitur
1741 4900 1946 4955 terum,
1993 4892 2082 4947 ille

502 4978 606 5047 cst)
637 4997 652 5036 ;
681 4995 860 5034 nonne
891 4995 1108 5036 carnem
1141 4981 1446 5039 ostendisse
1468 4981 1853 5041 censebimus?

575 5159 633 5216 Β.
660 5159 914 5216 Omnino.

572 5253 639 5304 A.
679 5250 842 5318 Atqui
882 5252 1153 5321 quomodo
1190 5251 1445 5322 deinceps
1488 5251 1603 5323 ipse
1661 5255 1732 5308 sit
1776 5269 1938 5319 caro,
1981 5253 2084 5308 nisi

503 5341 833 5413 intelligatur
859 5343 1156 5397 secundum
1187 5347 1465 5409 unionem,
1497 5352 1755 5412 tanquam
1793 5344 1907 5413 ipse
1937 5345 2084 5399 exsi-

503 5446 653 5494 stens
697 5435 970 5504 proprium
1007 5436 1176 5502 ipsius
1213 5452 1228 5490 :
1264 5436 1719 5504 quemadmodum
1769 5434 1882 5489 fere
1914 5437 2080 5490 etiam

505 5525 561 5582 in
605 5524 761 5580 nobis
795 5525 1032 5581 accidit?
1079 5524 1266 5596 Neque
1316 5526 1460 5580 enim
1505 5528 1790 5597 quisquam
1827 5528 2081 5582 ostendat

501 5616 794 5684 separatim
821 5658 837 5684 ,
868 5633 1042 5689 neque
1073 5618 1392 5690 imperfecte
1426 5622 1696 5675 hominem
1732 5621 1887 5677 nobis
1923 5621 2076 5674 sitni-

573 5785 797 5849 "Joan.
834 5806 886 5854 κ,
919 5792 1006 5857 37,
1040 5792 1130 5847 58.
1206 5793 1425 5848 "Joan.
1463 5809 1558 5859 χιι,
1609 5795 1685 5849 Η.

1765 5796 1805 5826 δ”
1832 5795 1983 5853 Jonu.
2017 5813 2088 5866 ιιι,
2133 5797 2241 5851 1-7.

2189 4611 2250 4663 τὸ
2301 4613 2374 4682 μὴ
2431 4613 2630 4682 μᾶλλον
2678 4614 2776 4683 τὴν
2823 4613 2915 4665 τοῦ
2967 4611 3103 4665 Θεοῦ
3157 4612 3319 4682 φύσιν
3362 4613 3783 4682 ἀναλογίζεσθαι

2189 4701 2318 4766 δεῖν,
2366 4703 2488 4771 ἥτις
2532 4702 2662 4756 ποτε
2702 4705 2840 4770 ἐστι,
2886 4705 2976 4756 τὸν
3023 4701 3080 4759 εὖ
3126 4705 3373 4758 παθόντα
3417 4705 3782 4770 διεκελεύετο,

2192 4795 2474 4863 παρέδειξε
2527 4796 2583 4847 δὲ
2633 4795 2995 4866 σωματικῶς,
3056 4797 3132 4860 ὡς
3181 4797 3275 4850 καὶ
3323 4797 3508 4860 αὐτοῖς
3563 4796 3783 4867 δμμασι

2187 4885 2556 4940 καταθεᾶσθαι
2604 4887 2776 4957 παρὸν
2819 4887 2945 4957 (ἔφη
2979 4889 3115 4960 γὰρ,
3148 4891 3231 4942 ὅτι
3260 4892 3373 4946 Καὶ
3401 4890 3652 4961 ἑώρακας
3680 4892 3786 4943 αύ-

2184 4976 2297 5043 τὺν,
2337 4978 2430 5030 καὶ
2477 4978 2505 5029 ὁ
2551 4977 2728 5032 λαλῶν
2762 4979 2899 5050 μετὰ
2935 4981 3051 5044 σοῦ,
3097 4983 3302 5045 ἐκεῖνός
3349 4983 3544 5054 ἐστιν)·
3578 4978 3614 5054 ἦ
3655 4985 3782 5054 οὐχὶ

2188 5068 2286 5143 τὴν
2322 5069 2503 5140 σάρκα
2532 5069 2856 5140 παραδεῖξαι
2884 5074 3132 5143 φήσομεν
3157 5091 3170 5140 ;

2258 5162 2318 5218 Β.
2359 5163 2468 5215 Καὶ
2503 5163 2664 5219 πάνυ.

2257 5257 2320 5309 Α.
2365 5249 2497 5307 Εἶτα
2542 5254 2658 5318 πῶς
2691 5257 2853 5319 αὐτὸς
2883 5257 2949 5312 ἂν
2981 5257 3066 5329 εἴη
3121 5258 3307 5313 λοιπὸν
3340 5263 3373 5332 ἡ
3414 5262 3571 5332 σὰρξ,
3607 5263 3651 5313 εξ
3697 5261 3778 5329 μὴ

2185 5349 2356 5399 νοοῖτο
2391 5345 2512 5399 καθ’
2535 5345 2727 5399 ἕνωσιν
2751 5347 2825 5411 ὡς
2863 5350 3022 5412 αὐτὸς
3045 5351 3306 5424 ὑπάρχων
3335 5355 3394 5406 τὸ
3425 5355 3556 5408 ἴδιον
3582 5355 3776 5419 αὑτοῦ,

2191 5439 2443 5511 καθάπερ
2473 5441 2664 5510 ἀμέλει
2714 5443 2808 5495 καὶ
2853 5444 2938 5512 ἐφ’
2995 5444 3147 5513 ἡμῶν
3195 5447 3393 5513 γένοιτ’
3438 5448 3538 5512 iv;
3600 5466 3778 5502 καταο

2189 5530 2378 5598 δείξειε
2413 5529 2521 5602 γὰρ
2557 5531 2621 5585 ἄν
2659 5549 2742 5594 τις
2803 5533 2862 5584 ού
2924 5535 3340 5607 μεμερισμένοις
3383 5538 3502 5591 οὐδὲ
3564 5537 3773 5603 ἀτελῶς

2187 5622 2278 5674 τὸν
2327 5622 2446 5675 καθ’
2485 5624 2633 5693 ἡμᾶς
2671 5623 2978 5695 ἄνθρωπον,
3038 5627 3130 5680 τὸν
3186 5630 3250 5680 ἐκ
3296 5629 3474 5700 ψυχῆς
3518 5629 3579 5701 δὴ
3625 5629 3776 5696 λέγω

2324 5798 2365 5827 ⁸³
2393 5798 2522 5854 ibid.
2555 5799 2740 5855 35-58.
2821 5801 3043 5858 “‘Joan.
3088 5821 3124 5872 ι,
3169 5805 3250 5861 l8.
