4078 6264
334 311 476 370 19.57

1441 319 1530 376 DE
1567 319 2082 380 lNCARNATlONE
2125 327 2502 395 UNIGENITI.

3466 343 3605 400 1258

329 432 430 488 καὶ
483 430 758 507 σώματος,
811 437 902 491 καὶ
951 437 1060 494 ἀπὸ
1107 439 1276 513 μόνης
1308 443 1474 498 αὐτοῦ
1535 447 1632 517 τῆς
1693 449 1897 518 σαρκός

2027 453 2152 520 lem,
2193 471 2258 512 ex
2299 461 2504 526 anima,
2535 462 2774 532 inquam,
2803 469 2856 518 et
2889 475 3122 532 corpore
3158 473 3520 531 constantem,
3547 477 3600 520 et

401 612 464 667 Β.
509 613 798 684 Σύμφημι·
831 617 1011 686 λέγεις
1039 621 1146 692 γὰρ
1176 623 1370 695 ὀρθῶς.

393 706 466 760 Δ.
509 705 762 798 έγραφε
797 709 852 764 δέ
890 727 994 766 που
1041 714 1135 766 καὶ
1185 717 1214 768 6
1262 719 1425 788 σοφὸς
1465 723 1596 792 ἡμῖν
1643 721 1915 798 Ἰωάννης,

321 796 408 888 δτι
457 797 702 888 «Πολλὰ
751 801 850 871 μὲν
909 798 1002 856 οὖν
1047 806 1140 860 καὶ
1179 806 1315 862 ἄλλα
1347 814 1552 881 σημεῖα
1585 796 1858 888 ἐποίησεν
1889 820 1918 872 6

337 887 555 959 Ἰησοῦς
598 890 830 946 ἐνώπιον
879 893 988 948 τῶν
1035 895 1294 970 μαθητῶν
1331 903 1518 965 αὐτοῦ,
1566 904 1603 958 δι
1651 907 1750 961 οὐκ
1799 909 1918 963 ἔστι

323 981 698 1050 γεγραμμένα
734 983 792 1036 ἐν
835 985 914 1056 τῷ
949 986 1142 1059 βιὸλίῳ
1173 990 1368 1062 τούτῳ.
1401 993 1587 1048 Ταῦτα
1613 997 1669 1049 δὲ
1709 999 1916 1070 γέγρα-

322 1083 483 1133 πται,
521 1069 608 1124 ἵνα
671 1074 961 1145 πιστεύητε
1002 1077 1084 1130 ὃτι
1135 1079 1340 1150 Ἰησοῦς
1387 1082 1535 1137 ἐστιν
1564 1085 1594 1136 6
1621 1069 1856 1156 Χριστὸς
1887 1091 1916 1142 6

323 1160 460 1226 Υίὸς
507 1161 601 1216 τοῦ
650 1163 784 1218 Θεοῦ
825 1167 920 1220 τοῦ
972 1169 1194 1233 ζῶντος,
1241 1173 1335 1226 καὶ
1383 1174 1470 1227 't'va
1523 1175 1914 1246 πιστεύσαντες

323 1248 474 1321 ζωὴν
507 1250 669 1324 ἔχητε
702 1254 764 1308 ὲν
790 1255 868 1325 τῷ
897 1257 1122 1329 ὀνόματι
1160 1263 1350 1316 αὐτοῦ.
1397 1284 1416 1318 ι
1452 1267 1836 1340 Κατατεθήποι
1869 1271 1916 1324 δ’

323 1340 512 1432 ibat;
561 1344 618 1397 ού
683 1348 836 1416 μεῖον
893 1350 988 1404 καὶ
1036 1351 1128 1404 τὸν
1183 1354 1470 1412 θεσπέσιον
1520 1361 1725 1432 Πέτρον
1787 1363 1916 1417 Ἰου-

323 1429 498 1494 δαίοις
529 1437 1034 1526 προσπεφωνηκότα
1067 1443 1258 1512 σαφῶς
1289 1447 1382 1499 καὶ
1399 1429 1726 1519 ἀναφανδόν
1749 1454 1916 1526 «Ἀρ-

322 1538 515 1591 χοντες
539 1524 634 1578 τοῦ
663 1526 792 1581 λαοῦ
832 1530 928 1582 καὶ
967 1533 1352 1606 πρεσϐύτεροι,
1390 1541 1438 1593 εί
1471 1543 1630 1612 ἡμεῖς
1673 1524 1912 1618 σήμερον

323 1621 736 1692 ἀνακρινόμεθα
789 1627 878 1679 ἐπὶ
927 1628 1252 1700 εὐεργεσίαν
1291 1633 1580 1705 ἀνθρώπου
1627 1639 1908 1709 ἀσθενοῦς,

325 1713 384 1766 ὲν
417 1714 531 1766 τίνι
577 1709 729 1780 οὗτος
781 1713 1069 1789 σέσωσται,
1102 1727 1346 1792 γνωστὸν
1377 1729 1517 1783 ἔστω
1560 1734 1724 1786 πᾶσιν
1757 1735 1908 1805 ὑμῖν,

2025 563 2088 602 ex
2119 547 2233 602 sola
2273 550 2448 619 ipsius
2489 567 2674 608 carne.

2093 639 2152 693 Β.
2198 641 2498 698 Assentior.
2531 644 2702 700 Recte
2731 647 2874 700 enim
2908 647 3066 702 dicis.

2089 733 2156 786 Α.
2185 731 2388 790 Scribit
2417 750 2550 791 vero
2579 737 2744 792 etiam
2775 737 2904 793 alibi
2933 739 3150 808 sapiens
3185 737 3276 793 ille
3315 737 3593 794 Joannes:

2023 842 2046 876 ς
2078 823 2242 880 Multa
2281 828 2496 896 quidem
2543 837 2600 884 et
2640 829 2744 884 alia
2787 831 2940 901 signa
2987 830 3114 886 fecit
3151 829 3308 886 Jesus
3364 831 3416 886 in
3467 845 3598 886 con-

2019 927 2208 988 spectu
2238 919 2624 990 discipulorum
2657 937 2908 988 suorum,
2936 939 3056 993 quae
3090 939 3198 978 non
3233 934 3362 979 sunt
3392 924 3598 992 scripta

2021 1009 2073 1063 in
2107 1010 2246 1066 libro
2273 1011 2395 1066 hoc.
2435 1011 2558 1067 Haec
2591 1021 2773 1068 autent
2819 1015 3021 1083 scripta
3074 1025 3222 1079 sunt,
3251 1023 3310 1070 ut
3355 1015 3594 1071 credatis

2019 1097 2148 1166 quia
2180 1095 2336 1154 Jesus
2360 1109 2443 1154 est
2464 1099 2636 1156 Filius
2662 1103 2754 1157 Dei
2783 1104 2913 1170 vivi,
2942 1113 2996 1159 et
3025 1113 3082 1158 ut
3107 1105 3394 1160 credentes
3427 1106 3592 1160 vitam

2020 1189 2264 1244 habeatis
2297 1191 2348 1244 in
2383 1193 2604 1248 nomine
2636 1193 2808 1262 ipsius
2836 1195 2900 1248 ".
2945 1215 2964 1247 ι
2997 1194 3314 1250 Atlmiretur
3345 1212 3472 1250 vero
3507 1197 3600 1251 ali-

2019 1280 2140 1347 quis
2179 1294 2284 1334 non
2311 1280 2492 1337 minus
2528 1283 2772 1338 divinum
2807 1283 3046 1350 Petrum,
3079 1287 3144 1340 ad
3182 1285 3400 1342 Judmos
3433 1303 3595 1356 aper-

2019 1380 2072 1427 te
2111 1373 2184 1428 ita
2221 1374 2566 1444 loquentem:
2599 1395 2618 1430 ι
2657 1378 2940 1449 Principes
2971 1379 3179 1449 populi,
3217 1389 3274 1434 et
3304 1380 3548 1436 seniores
3577 1423 3594 1446 ,

2015 1463 2061 1517 si
2103 1479 2200 1520 nos
2259 1466 2418 1522 hodie
2464 1467 2777 1538 judicamur
2824 1470 2876 1524 in
2915 1470 3202 1525 benefacto
3235 1472 3474 1525 hominis
3513 1473 3598 1526 in-

2018 1553 2184 1622 ﬁrmi,
2235 1558 2286 1612 in
2324 1573 2432 1628 quo
2467 1561 2570 1615 iste
2597 1561 2780 1617 salvus
2821 1561 2995 1617 factus
3019 1572 3122 1628 est,
3157 1573 3342 1617 notum
3377 1563 3448 1617 sit
3479 1579 3597 1618 om-

2017 1647 2180 1703 nibus
2213 1653 2388 1717 vobis,
2431 1663 2484 1708 et
2514 1654 2660 1709 omni
2697 1655 2840 1724 plebi
2879 1655 3070 1720 Israel,
3116 1657 3241 1725 quia
3289 1655 3340 1708 in
3377 1656 3596 1710 nomine

2015 1738 2230 1795 Domini
2278 1745 2452 1798 nostri
2503 1745 2632 1800 Jesu
2683 1745 2889 1802 Christi
2951 1746 3240 1813 Nazareni,
3285 1763 3446 1817 quem
3497 1761 3594 1803 vos

327 1805 424 1858 καὶ
460 1807 620 1860 παντὶ
647 1809 726 1879 τῷ
761 1810 874 1881 λαῷ
918 1814 1153 1886 Ἰσραὴλ,
1190 1818 1270 1870 ὅτι
1316 1821 1375 1872 ὲν
1411 1821 1488 1891 τῷ
1517 1823 1742 1896 ὀνόματι
1806 1827 1903 1898 Ἰη-

2013 1829 2396 1898 crucifixistis,
2425 1847 2586 1902 quem
2636 1833 2780 1889 Deus
2825 1837 3111 1890 suscitavit
3157 1852 3187 1890 a
3237 1837 3488 1902 mortuis,
3537 1839 3592 1892 in

330 1895 427 1950 σοῦ
483 1899 717 1969 Χριστοῦ
765 1904 858 1957 τοῦ
913 1904 1256 1978 Ναζωραίου,
1300 1911 1359 1964 6v
1419 1914 1576 1983 ὑμεῖς
1627 1917 1906 1986 ἐσταυρὼ-

329 2005 480 2053 σατε,
513 1990 571 2042 ὃν
603 1993 632 2044 6
667 1994 798 2058 Θεὸς
823 1996 1047 2070 ἦγειρεν
1079 2003 1141 2054 ὲκ
1182 2005 1412 2075 νεκρῶν,
1455 2009 1513 2060 ὲν
1543 2006 1720 2079 τούτῳ
1751 2003 1908 2075 οὗτος

324 2081 668 2172 παρέστηκεν
695 2085 924 2142 ἐνώπιον
965 2092 1119 2162 ὑμῶν
1149 2095 1328 2165 ὑγιής.
1370 2115 1387 2146 ι
1429 2099 1539 2152 Καὶ
1582 2097 1700 2169 μεθ’
1743 2100 1906 2172 ἕτερα

322 2170 484 2225 πάλιν
508 2189 521 2203 ·
561 2193 578 2225 ι
619 2177 728 2230 Kal
757 2179 856 2233 οὐκ
893 2179 1041 2237 ἐστιν
1074 2187 1133 2238 ὲν
1161 2185 1306 2259 ἄλλῳ
1336 2190 1511 2244 οὐδενὶ
1553 2194 1586 2263 ὴ
1638 2170 1900 2263 σωτηρία.

322 2264 464 2318 οὐδὲ
509 2269 616 2340 γὰρ
665 2269 837 2343 δνομα
877 2274 1062 2348 ἕτερόν
1109 2280 1256 2333 ἐστιν
1302 2281 1405 2334 ὑπὸ
1449 2283 1542 2337 τὸν
1587 2286 1816 2356 οὐρανὸν
1845 2287 1906 2340 τὸ

322 2356 602 2429 δεδομένον
649 2363 706 2416 ὲν
739 2364 1063 2437 ἀνθρώποις,
1096 2371 1154 2424 ὲν
1185 2365 1230 2440 ᾧ
1271 2373 1352 2426 δεῖ
1398 2376 1637 2448 σωθῆναι
1669 2379 1836 2448 ἡμᾶς.
1879 2397 1897 2431 ι

326 2450 424 2515 Τίς
453 2448 546 2507 οὗν
587 2453 694 2526 ἄρα
726 2458 894 2527 ἐστὶν,
923 2463 952 2515 6
992 2463 1086 2516 καὶ
1117 2464 1348 2520 θάνατον
1383 2469 1602 2535 ὑποδὺς,
1641 2472 1734 2525 καὶ
1771 2474 1903 2543 ἐγη-

323 2543 586 2614 γερμένος
625 2549 682 2600 ἐν
709 2549 856 2622 δόξῃ,
887 2553 979 2606 καὶ
1023 2555 1086 2608 ἐκ
1132 2553 1406 2629 Ναζαρὲτ,
1457 2563 1504 2614 εί
1551 2562 1627 2632 μὴ
1689 2563 1900 2634 Ἰησοῦς

320 2635 575 2706 Χριστὸς,
607 2643 905 2710 τουτέστιν,
956 2646 984 2697 6
1037 2647 1143 2718 πρὸ
1196 2649 1400 2714 παντὸς
1447 2651 1547 2720 μὲν
1594 2653 1790 2718 αἰῶνος
1837 2657 1902 2710 ὲκ

317 2725 534 2816 Πατρὸς
557 2730 882 2804 ἀπορρήτως
919 2741 1312 2811 γεγεννημένος
1347 2782 1361 2806 ,
1408 2744 1465 2796 ὲν
1493 2743 1549 2796 δέ
1580 2759 1642 2812 γε
1683 2745 1761 2816 τῷ
1789 2747 1898 2800 λοί-

315 2814 428 2886 σθῳ
463 2819 556 2871 καὶ
601 2821 682 2884 εἰς
733 2822 904 2893 πέρας
946 2825 1134 2896 ἥκοντι
1177 2827 1270 2880 τοῦ
1322 2829 1516 2894 αἰῶνος
1574 2831 1771 2902 καιρῷ,
1807 2834 1900 2886 καὶ

317 2911 643 2978 σωματικῶς
677 2915 742 2968 ὲκ
770 2918 1052 2984 γυναικός;
1094 2919 1151 2972 ’0
1192 2920 1374 2974 πίστιν
1414 2919 1508 2975 οὖν
1547 2923 1656 2994 ἄρα
1685 2925 1784 2996 τὴν
1819 2927 1898 2989 είς

317 3000 478 3054 αὐτὸν
507 3005 882 3076 προσιέμενος,
931 3010 1100 3080 γέρας
1147 3013 1434 3068 ἀποίσεται
1490 3017 1552 3069 τὸ
1595 3017 1896 3090 ἐξαίρετον·

318 3092 730 3165 διακεκλήσεται
773 3098 882 3171 γὰρ
923 3101 1037 3166 υἱὸς
1082 3103 1217 3157 Θεοῦ
1241 3121 1256 3136 ·
1310 3125 1328 3156 ι
1363 3107 1514 3160 Ὅσοι
1554 3108 1662 3182 γὰρ
1706 3107 1898 3164 ἔλαϐον

317 3184 502 3244 αὑτὸν.
540 3186 736 3242 ἔδωκεν
767 3193 946 3257 αὐτοῖς
976 3195 1246 3262 ἐξουσίαν,
1283 3201 1438 3270 φησι,
1461 3201 1624 3255 τέκνα
1646 3201 1781 3256 Θεοῦ
1809 3220 1900 3271 γε·-

317 3278 526 3345 νὲσθαι,
557 3283 606 3335 οἳ
635 3283 733 3336 οὐκ
763 3286 821 3351 ἐξ
852 3288 1121 3357 αἱμάτων,
1164 3292 1285 3345 οὐδὲ
1323 3295 1386 3346 ἐκ
1434 3293 1735 3366 θελήματος
1769 3315 1899 3367 σαρ-

319 3373 436 3436 κὸς,
476 3375 594 3428 οὐδὲ
640 3378 704 3431 ἐκ
745 3379 1048 3452 θελήματος
1085 3384 1296 3454 ἀνδρὸς,
1325 3386 1439 3439 ἀλλ’
1477 3389 1542 3441 ἐκ
1571 3388 1705 3442 Θεοῦ
1749 3392 1899 3459 ἐγεν-

317 3465 580 3537 νήθησαν.
639 3489 658 3521 ι
719 3473 834 3526 Ἵνα
871 3474 978 3547 γὰρ
1023 3476 1246 3546 γένηται
1289 3480 1584 3549 πρωτεύων
1637 3483 1695 3536 ἐν
1733 3484 1897 3536 πᾶσιν

316 3559 499 3624 αὐτὸς,
533 3559 678 3615 καθὰ
709 3563 1038 3635 γέγραπται,
1074 3570 1399 3640 γεγέννηται
1453 3573 1551 3642 μὲν
1593 3573 1680 3626 διὰ
1709 3591 1896 3644 γυναι-

317 3649 433 3714 κός.
476 3653 692 3726 Ἐπειδὴ
721 3656 778 3708 δέ
807 3659 954 3712 ἐστιν
1004 3661 1228 3732 ἀπαρχὴ
1271 3663 1371 3728 τῆς
1404 3665 1900 3738 ἀναμορφουμένης

315 3742 549 3808 κτίσεως
576 3745 642 3798 δι’
669 3749 940 3820 ἁγιασμοῦ
973 3752 1108 3824 πρὸς
1133 3753 1288 3819 Θεὸν,
1308 3756 1403 3810 καὶ
1439 3758 1542 3828 πρό
1572 3775 1634 3826 γε
1668 3759 1777 3812 τῶν
1801 3760 1894 3814 ἄλ-

315 3833 424 3886 λων
474 3837 636 3901 αὐτὸς
671 3842 891 3910 γενητὸς
923 3843 1135 3916 ἐδείχθη
1185 3847 1525 3918 Πνεύματος,
1562 3852 1659 3920 τὴν
1705 3851 1900 3920 ἀνδρός

311 3943 371 3979 τε
403 3929 503 3981 καὶ
530 3932 788 3998 γυναικὸς
829 3933 1236 4007 ύπερθρώσκων
1269 3939 1504 4006 σύνοδον,
1537 3941 1628 3994 καὶ
1658 3943 1758 3995 οὐκ
1783 3943 1900 3996 ἀτι-

311 4021 412 4093 μίᾳ
443 4024 538 4076 καὶ
573 4027 748 4096 μὼμῳ
794 4029 1173 4095 καταδικάζων
1202 4030 1300 4098 τὴν
1343 4033 1505 4100 φύσιν
1553 4033 1752 4102 (τίμιος
1790 4034 1899 4106 γὰρ

304 4110 334 4161 6
365 4111 568 4181 γάμος,
601 4115 696 4166 καὶ
729 4116 757 4166 6
791 4116 1003 4182 πλάσας
1036 4121 1310 4192 ἀπαρχῆς,
1345 4121 1510 4193 ἄρσεν
1537 4123 1629 4176 καὶ
1647 4122 1778 4193 θῆλυ
1806 4141 1900 4177 πε-

304 4203 543 4274 ποίηκεν
592 4207 834 4272 αὐτοὺς),
874 4210 1009 4266 ἀλλά
1037 4213 1113 4284 τῷ
1165 4214 1370 4283 μείζονι
1411 4215 1506 4268 καὶ
1554 4216 1900 4287 ἁσυγκρίτως

303 4296 700 4367 ὖπερκειμένῳ
759 4305 1076 4374 προσνέμων
1127 4307 1226 4377 ἥδη
1284 4325 1399 4372 πως
1444 4308 1511 4361 τὰ
1557 4307 1898 4378 ἀνθρώπινα.

300 4387 615 4460 Γεννητοὺς
668 4393 772 4464 γὰρ
820 4397 1157 4466 Πνεύματος,
1212 4402 1312 4453 οὐκ
1365 4399 1595 4471 ἀνδρῶν,
1647 4401 1794 4471 ἡμᾶς
1818 4400 1898 4454 ἔτι

2013 1919 2116 1974 hoc
2139 1920 2240 1976 iste
2265 1931 2405 1976 astat
2441 1923 2594 1978 vobis
2625 1938 2791 1980 sanus
2824 1925 2892 1979 ⁸⁸.
2931 1945 2947 1978 ι
2983 1925 3050 1980 Ει
3081 1925 3242 1995 paulo
3269 1936 3390 1996 post
3422 1945 3434 1981 :
3473 1947 3492 1980 ε
3525 1927 3592 1984 Et

2011 2025 2116 2067 non
2145 2014 2312 2067 estin
2349 2013 2455 2069 alio
2481 2015 2664 2086 aliquo
2709 2016 2879 2073 salus.
2927 2016 3112 2088 Neque
3145 2019 3290 2073 enim
3325 2027 3410 2075 est
3443 2019 3592 2076 aliud

2009 2119 2205 2159 nomen
2237 2106 2338 2160 sub
2367 2109 2509 2162 caelo
2541 2109 2727 2162 datum
2763 2109 3094 2176 hominibus,
3133 2111 3186 2180 in
3206 2127 3312 2180 quo
3341 2121 3593 2182 oporteat

2009 2209 2108 2252 nos
2149 2196 2330 2253 salvos
2377 2197 2494 2254 ﬁeri
2541 2199 2607 2255 ε’.
2663 2220 2681 2253 ι
2719 2201 2982 2269 Quisnam
3037 2202 3202 2272 igitur
3245 2211 3348 2268 est,
3396 2204 3486 2272 qui
3537 2211 3593 2260 et

2008 2297 2239 2342 mortem
2285 2289 2421 2343 obiit
2456 2299 2512 2344 et
2545 2293 2842 2347 resurrexit
2876 2293 2931 2346 in
2963 2291 3157 2362 gloria,
3189 2300 3352 2362 atque
3387 2309 3454 2348 ex
3481 2291 3592 2348 Na—

2015 2379 2226 2444 zareth,
2254 2380 2354 2435 nisi
2387 2379 2548 2437 Iesus
2578 2381 2848 2450 Christus,
2877 2381 2979 2439 hoc
3002 2394 3104 2452 est,
3138 2387 3228 2456 qui
3259 2397 3385 2442 ante
3407 2389 3589 2442 omnia

2007 2470 2198 2526 saecula
2256 2486 2324 2526 ex
2371 2472 2533 2528 Patre
2575 2473 2922 2531 ineﬂ'abiliter
2975 2478 3194 2544 genitus
3225 2481 3344 2534 est?
3385 2479 3590 2536 Ultimo

2005 2576 2134 2618 vero
2177 2572 2232 2618 et
2283 2567 2350 2620 ad
2403 2567 2608 2622 exitum
2658 2580 2920 2639 vergente
2950 2571 3270 2627 saeculorum
3323 2583 3586 2643 tempore,

2004 2655 2366 2723 corporaliter
2407 2659 2572 2714 etiam
2623 2674 2690 2714 ex
2743 2660 2964 2732 Virgine
3004 2673 3166 2718 natus
3200 2675 3306 2719 est.
3357 2665 3590 2721 Proinde

2004 2749 2094 2816 qui
2128 2748 2180 2802 in
2210 2748 2384 2818 ipsum
2413 2752 2606 2818 credit,
2634 2752 2894 2808 eximium
2917 2755 3200 2824 praemium
3231 2755 3461 2822 auferet;
3493 2771 3586 2810 vo-

2003 2837 2213 2892 cabitur
2263 2841 2408 2894 enim
2469 2841 2610 2898 illius
2651 2843 2768 2899 Dei.
2801 2863 2819 2896 ι
2853 2843 3128 2915 Quotquot
3169 2847 3316 2902 enim
3361 2863 3589 2916 accepe-

2004 2938 2129 2984 runt
2168 2943 2313 2995 eum,
2347 2933 2496 2987 dedit
2538 2935 2622 2989 eis
2667 2944 3012 3004 potestatem,
3065 2937 3266 3008 inquit,
3317 2938 3453 2993 filios
3491 2938 3582 2992 Dei

2002 3019 2140 3086 ﬁeri,
2157 3024 2246 3090 qui
2267 3038 2370 3079 non
2390 3039 2455 3080 ex
2473 3027 2853 3096 sanguinibus,
2879 3035 3054 3098 neque
3078 3043 3143 3084 ex
3171 3031 3446 3084 voluntate
3465 3045 3586 3083 car-

1926 3153 1972 3216 ο
2005 3111 2108 3176 nis,
2139 3127 2312 3182 neque
2332 3129 2398 3170 ex
2419 3115 2692 3172 voluntate
2712 3118 2833 3185 viri,
2859 3121 2953 3174 sed
2976 3135 3042 3176 cx
3063 3121 3171 3175 Deo
3197 3121 3305 3174 nati
3329 3130 3456 3174 sunt
3477 3119 3578 3174 ⁸⁸.»

2002 3204 2133 3260 Nam
2211 3217 2268 3261 ut
2344 3208 2440 3263 ﬁat
2515 3211 2808 3280 primatum
2887 3221 3080 3269 tenens
3169 3214 3222 3267 in
3289 3215 3582 3278 omnibus,

2001 3297 2138 3352 sicut
2169 3298 2429 3369 scriptum
2456 3301 2622 3366 est“,
2644 3311 2802 3358 natus
2825 3304 3041 3372 quidem
3071 3314 3154 3359 est
3176 3319 3243 3360 ex
3268 3303 3581 3360 muliere".

1999 3389 2134 3445 Cum
2169 3407 2298 3447 vero
2349 3393 2421 3447 sit
2475 3393 2726 3463 primitia:
2757 3396 2806 3428 "
2839 3405 3104 3451 creaturae
3154 3397 3460 3450 reformatae
3516 3398 3584 3451 ad

2001 3482 2166 3536 Deum
2201 3497 2300 3552 per
2346 3485 2862 3552 sanetiﬂcationem,
2899 3487 3017 3556 ipse
3063 3488 3228 3542 etiam
3276 3481 3404 3542 ante
3447 3489 3584 3542 alios

2001 3586 2159 3629 natus
2195 3589 2263 3629 ex
2323 3574 2530 3646 Spiritu
2579 3578 2889 3634 declaratus
2935 3590 3041 3645 est,
3091 3581 3191 3633 viri
3243 3590 3296 3634 et
3343 3577 3584 3633 mulieris

2000 3681 2349 3736 congressum
2381 3670 2656 3726 excedens
2683 3687 2696 3738 ;
2729 3685 2836 3725 non
2886 3671 3032 3741 quod
3065 3684 3316 3725 naturam
3350 3671 3583 3742 alicujus

2003 3757 2282 3814 dedecoris
2312 3769 2405 3814 aut
2430 3760 2565 3816 labis
2591 3771 2803 3818 notaret
2838 3777 2900 3817 ac
2930 3763 3212 3818 damnaret
3237 3763 3578 3834 (honoranda

2002 3850 2147 3912 enim
2219 3837 2305 3904 res
2344 3860 2432 3906 est
2479 3853 2812 3922 conjugium,
2860 3863 2913 3906 et
2961 3855 3052 3921 qui
3109 3855 3380 3908 hominem
3433 3856 3584 3908 initio

2001 3941 2227 4004 creavit,
2258 3942 2556 3995 masculum
2606 3951 2660 3996 et
2702 3943 2956 3996 feminam
2991 3943 3116 3997 fecit
3146 3945 3265 3997 illos
3287 3945 3377 4013 ³⁸⁵),
3419 3945 3580 4014 705

2003 4027 2096 4082 sed
2129 4032 2272 4096 quod
2295 4029 2406 4096 jam
2443 4032 2676 4085 humana
2721 4033 2979 4100 majorem
3031 4045 3194 4104 atque
3240 4037 3582 4107 incompara-

2004 4123 2186 4178 biliter
2208 4121 2650 4178 excellentiorem
2677 4125 2724 4178 ei
2769 4125 3053 4180 tribueret.
3095 4125 3262 4182 Natos
3292 4131 3434 4184 enim
3488 4145 3584 4183 nos

2004 4229 2066 4270 ex
2102 4215 2319 4284 spiritu,
2359 4229 2466 4271 non
2493 4229 2558 4269 ex
2591 4215 2722 4270 viris
2742 4229 3056 4287 nuncupare
3083 4217 3269 4273 voluit.
3305 4238 3324 4271 ι
3351 4220 3581 4286 idcirco,

2004 4305 2241 4374 Patrem,
2281 4308 2478 4379 inquit,
2513 4307 2679 4363 nolite
2711 4323 2908 4364 vocare
2951 4308 3102 4365 vobis
3145 4325 3308 4382 super
3341 4322 3578 4367 terram:

2002 4413 2141 4454 unus
2181 4409 2267 4455 est
2311 4399 2454 4455 enim
2504 4399 2665 4455 Pater
2709 4412 2910 4465 vester,
2963 4402 3052 4470 qui
3093 4403 3148 4456 in
3196 4404 3350 4458 caelis
3385 4413 3470 4458 est
3511 4405 3578 4457 ".

300 4485 674 4554 χρηματίζειν
713 4487 892 4556 ιἤθελε.
941 4510 957 4540 ι
1019 4491 1126 4543 Kal
1159 4491 1308 4560 γοῦν,
1345 4493 1584 4563 Πατέρα,
1622 4497 1775 4564 φησι,
1823 4497 1897 4566 μὴ

2006 4493 2206 4547 Omnes
2235 4502 2417 4548 autem
2459 4507 2555 4546 vos
2605 4491 2805 4548 fratres
2837 4493 2971 4549 estis
3018 4494 3086 4549 “.
3123 4513 3141 4545 ι
3183 4493 3583 4564 Irreprehensi-

299 4575 583 4648 καλέσητε
616 4578 769 4646 ὑμῶν
812 4581 905 4632 ἐπὶ
931 4582 1024 4651 τῆς
1051 4581 1152 4652 γῆς
1174 4599 1186 4613 ⁸
1225 4578 1306 4648 εἷς
1338 4586 1445 4658 γάρ
1476 4587 1622 4639 ἐστιν
1650 4590 1676 4640 6
1711 4589 1902 4660 Πατὴρ

299 4669 435 4738 ὑμῖν
470 4672 499 4722 6
549 4669 840 4740 οὐράνιος⁸
879 4675 1079 4738 πάντες
1127 4675 1185 4728 δὲ
1230 4679 1386 4748 ὑμεῖς
1441 4679 1657 4748 ἀδελφοί
1691 4683 1832 4735 ἐστε.
1879 4701 1896 4734 ι

300 4760 521 4813 Οὐκοῦν
553 4761 854 4832 ἀμώμητον
890 4765 1167 4830 παντελῶς
1210 4769 1271 4821 τὸ
1300 4769 1578 4823 πιστεύειν
1610 4774 1687 4836 είς
1716 4773 1898 4838 αὑτὸν,

303 4853 513 4922 μᾶλλον
546 4854 607 4907 δὲ
633 4857 727 4909 καὶ
758 4860 822 4929 τῇ
851 4859 959 4912 τῶν
995 4859 1486 4933 πλημμελημάτων
1513 4866 1788 4938 ἀμνηστίᾳ
1819 4884 1903 4920 τε-

297 4945 560 5018 τίμηται.
609 4948 818 5018 Γράφει
847 4951 955 5021 γὰρ
987 4948 1086 5006 ὦδε
1129 4955 1290 5008 πάλιν
1319 4957 1346 5008 6
1373 4955 1622 5026 ἔκκριτος
1655 4956 1864 5020 Παῦλος
1886 4974 1897 4987 ·

307 5059 326 5091 ι
371 5041 599 5104 Εἰδὸτες
643 5041 699 5095 δὲ
728 5044 810 5114 δτι
846 5045 903 5097 ού
936 5044 1237 5100 δικαιοῦται
1290 5047 1574 5118 ἄνθρωπος
1619 5048 1677 5113 ἐξ
1725 5050 1902 5120 ἔργων

301 5135 495 5205 νόμου,
521 5137 618 5188 ὲάν
646 5137 718 5207 μὴ
748 5137 835 5190 διὰ
867 5137 1102 5203 πίστεως
1137 5141 1309 5212 Ἰησοῦ
1341 5141 1596 5212 Χριστοῦ,
1622 5144 1714 5196 καὶ
1743 5145 1902 5213 ἡμεῖς

304 5229 388 5290 εἷς
427 5229 670 5298 Χριστὸν
713 5230 918 5299 Ἰησοῦν
959 5232 1380 5302 ἐπιστεύσαμεν.
1421 5253 1439 5284 ι
1481 5234 1817 5303 Κατοκνήσω
1845 5233 1900 5285 δὲ

303 5320 588 5390 οὐδαμῶς,
617 5321 755 5392 ὅπερ
797 5322 899 5390 ἤδη
946 5323 1159 5390 φθάσας
1200 5324 1353 5394 ἔφην,
1399 5325 1781 5393 ἁνακυκλήσας
1825 5327 1901 5378 εὶ-

305 5411 453 5476 πεῖν,
488 5414 569 5465 ὅτι
599 5414 834 5483 Χριστὸς
879 5414 1086 5483 Ἰησοῦς
1113 5417 1171 5468 οὐ
1204 5417 1409 5484 γυμνὸς
1439 5418 1533 5470 καὶ
1565 5417 1685 5470 καθ’
1713 5419 1902 5470 ἑαυτὸν

303 5503 332 5558 6
359 5506 426 5558 ὲκ
459 5504 598 5556 Θεοῦ
631 5507 836 5557 νοεῖται
881 5507 1070 5572 Λόγος,
1106 5507 1216 5557 ἀλλ’
1260 5511 1344 5561 ὅτε
1381 5509 1680 5579 προσέλαϐε
1710 5511 1769 5563 τὸ
1808 5513 1901 5562 ἁν-

1077 5705 1121 5734 ⁸⁸
1151 5708 1263 5756 Λυι.
1303 5726 1371 5764 tv.
1406 5711 1551 5763 ἰι-10.

1124 5779 1164 5802 ’³⁵
1190 5778 1324 5832 Ut'tt.
1363 5797 1396 5845 ι,
1436 5783 1519 5831 Ξῖ.

388 5707 430 5734 ⁸⁷
463 5704 626 5756 Jurtn.
665 5720 755 5764 xx,
785 5703 873 5758 50.
910 5704 996 5754 51.

305 5791 379 5844 ιγ,
411 5777 452 5832 4,
547 5775 638 5826 ³³³1
675 5776 800 5826 (Zur.
843 5789 924 5834 ιι,
958 5775 1041 5826 ‘20.

1637 5711 1675 5736 "“
1707 5708 1835 5760 ΗιὶιΙ.
1875 5708 1952 5766 li,
1999 5709 2076 5760 l'l.

1601 5781 1642 5807 ⁷³⁵
1669 5782 1856 5832 Μ.ιιιει.
1898 5795 2045 5846 um,
2082 5782 2130 5833 υ.

2005 4584 2111 4640 bile
2145 4584 2326 4652 itaque
2357 4597 2581 4652 prorsus
2617 4595 2702 4638 est
2731 4587 2783 4637 in
2817 4587 2992 4653 ipsum
3021 4585 3270 4639 credere.
3325 4585 3436 4639 lmo
3483 4602 3582 4655 po—

2003 4677 2108 4729 tius
2142 4684 2488 4744 peccatorum
2523 4674 2798 4727 oblivione
2855 4673 2990 4728 [ideo
3039 4673 3091 4727 in
3145 4675 3318 4742 ipsum
3355 4673 3581 4728 decora-

2004 4777 2090 4819 tur
2118 4776 2280 4834 atque
2329 4765 2666 4834 rependitur.
2697 4764 2773 4818 Ita
2821 4765 2966 4818 enim
3017 4765 3174 4819 nobis
3221 4765 3454 4820 eximius
3498 4767 3586 4822 ille

2005 4859 2203 4912 Paulus
2231 4859 2460 4911 scribit:
2495 4875 2512 4906 ι
2552 4855 2796 4910 Scientes
2824 4857 2966 4925 quod
2999 4871 3104 4909 non
3129 4855 3460 4924 jnstiﬁcatur
3491 4859 3588 4912 ho-

2009 4965 2095 5003 mo
2135 4965 2197 5003 cx
2228 4948 2484 5017 operibus
2530 4948 2685 5016 legis,
2729 4947 2832 5002 nisi
2874 4961 2969 5017 per
3007 4946 3166 5002 [idem
3201 4947 3326 5003 Jesu
3353 4947 3584 5014 Christi,

2005 5054 2057 5096 et
2101 5059 2199 5097 nos
2237 5042 2289 5094 in
2327 5041 2545 5096 Christo
2583 5039 2710 5094 Jesu
2745 5040 3074 5094 credidimus
3115 5037 3265 5104 ⁹⁶⁹.,›
3313 5041 3580 5094 Ceterum

2007 5151 2348 5204 nequaquam
2377 5135 2641 5204 gravabor
2672 5147 2732 5186 ea
2761 5148 2880 5200 quae
2914 5131 3086 5187 fusius
3115 5147 3145 5186 a
3177 5148 3261 5187 me
3296 5133 3442 5186 dicta
3463 5143 3588 5187 sunt

2009 5228 2059 5281 in
2090 5243 2356 5282 summam
2385 5226 2638 5294 colligere
2674 5243 2687 5278 :
2725 5225 2981 5280 nimirum
3018 5226 3158 5293 quod
3203 5225 3451 5278 Christus
3482 5241 3586 5277 non

2007 5322 2077 5373 sit
2119 5322 2319 5373 nudum
2359 5335 2421 5372 ac
2449 5335 2541 5387 per
2585 5333 2643 5372 se
2671 5333 2736 5372 ex
2779 5317 2937 5371 Patre
2975 5317 3274 5386 procedens
3310 5315 3540 5371 Verbum
3571 5335 3582 5367 :

2010 5413 2105 5466 sed
2131 5413 2426 5480 assumpsit
2463 5410 2856 5463 humanitatem
2909 5415 2962 5459 et
3010 5421 3175 5460 carne
3206 5408 3449 5460 indutum
3481 5418 3585 5468 εει,

2012 5517 2175 5572 atque
2203 5501 2273 5554 ita
2303 5517 2360 5555 se
2389 5502 2674 5555 habentem
2705 5507 2865 5564 atque
2910 5506 3280 5566 apparentem,
3331 5494 3592 5549 formam-

2161 5703 2382 5756 90³031]-
2417 5717 2453 5758 ι,
2496 5701 2576 5764 ιιι,
2614 5699 2693 5751 15,
2772 5697 2813 5725 ἰ
2845 5692 3051 5764 (iuloss.
3089 5709 3124 5756 ι,
3167 5695 3250 5751 18.
3344 5697 3390 5726 ³³³
3417 5693 3592 5748 Gulat.

2214 5773 2496 5828 921m},|_3.
2567 5762 2658 5800 ’9⁸⁸
2687 5767 2864 5823 Galut.
2899 5778 2955 5828 tt,
2995 5762 3074 5816 ili.
