4078 6264
535 317 672 373 1259

1515 317 1571 372 s.
1613 315 1884 373 CYltlLLl
1919 318 2387 376 ALEXAND!th
2424 300 2738 380 .tncuuzr.

3639 339 3772 396 1210

532 449 642 504 que
697 441 938 490 nostram
987 439 1310 501 gestantem,
1371 431 1530 486 Pater
1585 435 1796 488 sanctis
1846 434 2104 503 apostolis

2211 434 2502 504 θρώπινον,
2547 439 2817 510 ἐνεπλάκη
2844 440 3025 512 σαρκί’
3059 441 3243 506 ὀὕτως
3291 441 3480 514 ἔχοντα
3515 447 3611 501 καὶ
3639 451 3780 520 ὁρώ-

535 525 804 591 ostendit,
857 523 1223 594 hujuscemodi
1267 537 1396 578 voce
1446 522 1660 578 cmlitus
1688 525 1830 579 edita
1885 543 1898 579 :
1944 544 1963 577 ι
2009 523 2108 579 llic

537 625 618 670 est
649 615 820 670 Filius
849 630 1004 670 meus
1039 615 1290 679 dilectus,
1321 615 1373 670 in
1405 631 1513 684 quo
1547 616 1678 671 mihi
1710 617 1843 674 bene
1869 619 2107 688 compla-

538 708 663 764 cui:
698 708 872 777 ipsum
917 707 1100 762 audite
1129 709 1198 762 ⁸⁷.
1235 727 1254 760 ι
1294 707 1557 780 lntelligis
1592 711 1797 781 itaque,
1837 714 2106 782 quomodo

537 814 646 854 non
682 799 862 855 dicat:
898 799 951 854 In
977 802 1078 854 hoc
1105 809 1189 855 est
1216 799 1386 855 Filius
1415 816 1588 866 meus,
1624 817 1690 858 ne
1719 803 1956 858 vicissim
1990 813 2106 859 tan-

532 903 697 958 quam
732 889 868 944 alter
915 889 967 944 in
997 891 1168 945 altero
1192 904 1314 946 esse
1339 901 1680 956 censeretur,
1719 893 1812 948 sed
1852 909 1991 950 unus
2019 905 2105 951 at-

535 995 642 1049 que
687 979 832 1034 idem
877 980 1176 1038 secundum
1206 982 1466 1038 unitatem
1512 984 1918 1039 incarnationis.
1953 985 2104 1052 Quod

537 1086 666 1127 vero
690 1070 1054 1142 periculosum
1103 1071 1528 1143 damnosumqne
1569 1075 1836 1144 imprimis
1864 1075 1936 1130 sit
1980 1077 2106 1132 huic

536 1161 822 1216 sententiae
854 1160 1134 1228 reluctari,
1173 1159 1412 1218 Joannes
1445 1163 1606 1220 facile
1637 1168 1988 1235 persuaserit,
2031 1167 2104 1221 ita

535 1253 744 1316 dicens,
775 1251 919 1319 quod
952 1250 1092 1304 idem
1122 1250 1194 1304 sit
1225 1253 1603 1308 testimonium
1650 1255 1742 1309 Dei
1768 1256 1915 1324 quod
1945 1264 2106 1312 tosta-

535 1357 622 1398 tus
655 1354 742 1399 est
775 1345 842 1400 de
888 1343 1026 1400 Filio
1069 1360 1206 1400 suo:
1235 1363 1253 1396 ι
1287 1343 1389 1410 Qui
1443 1345 1616 1399 credit
1657 1345 1710 1399 in
1753 1345 1948 1401 Filium
1988 1346 2103 1412 Dei,

535 1442 702 1497 habet
743 1441 1107 1497 testimonium
1141 1440 1234 1495 Dei
1268 1441 1319 1494 in
1373 1454 1450 1495 se.
1499 1439 1598 1506 Qui
1631 1455 1738 1495 non
1769 1441 1942 1496 credit
1975 1441 2102 1507 Deo,

538 1534 854 1588 mendacem
885 1531 1017 1586 facit
1054 1546 1176 1586 eum
1205 1549 1218 1596 ;
1257 1531 1384 1601 quia
1425 1545 1529 1585 non
1574 1532 1746 1586 credit
1778 1532 1833 1585 in
1866 1533 2106 1588 testimo-

533 1624 682 1678 nium
702 1623 847 1692 quod
863 1623 1182 1678 testificatus
1194 1632 1278 1677 est
1295 1623 1434 1677 Deus
1449 1624 1514 1677 de
1531 1620 1667 1677 Filio
1681 1636 1798 1677 suo.
1815 1641 1832 1673 ι
1855 1621 2105 1678 Testatus

533 1724 713 1768 autem
753 1722 837 1768 est
876 1713 1016 1784 quod
1046 1713 1144 1769 llic
1169 1714 1260 1782 qui
1313 1713 1365 1767 in
1397 1729 1562 1769 carne
1601 1724 1656 1768 et
1703 1716 1754 1768 in
1788 1715 1959 1768 forma
1989 1730 2104 1770 ser-

532 1805 585 1858 vi
612 1804 970 1874 conspicitur,
1003 1811 1086 1858 est
1117 1803 1467 1872 singulariter
1490 1817 1554 1857 ac
1581 1803 1926 1871 peculiariter
1947 1816 2106 1857 verus

533 1908 686 1949 meus
715 1893 904 1949 Filius.
939 1893 1078 1960 Quid
1105 1894 1270 1949 vero?
1299 1907 1478 1948 nonne
1515 1902 1570 1946 et
1603 1893 1832 1963 gratiam
1861 1909 1980 1964 quae
2010 1910 2107 1963 per

530 2001 746 2041 sacrum
773 1987 1094 2056 baptismum
1141 1984 1435 2052 confertur,
1461 1994 1515 2041 et
1549 1985 1962 2040 viviticationem
1988 2001 2108 2055 qua:

533 2082 587 2133 in
627 2078 744 2147 ipso
788 2088 892 2142 est,
931 2085 987 2132 et
1035 2076 1504 2147 participationem
1542 2075 1635 2132 Dei
1668 2090 1763 2145 per
1800 2076 2108 2130 sanctifica-

532 2172 736 2225 tionem
775 2169 828 2224 in
866 2168 1094 2238 Spiritu,
1127 2183 1225 2238 per
1265 2167 1449 2224 Jesum
1495 2169 1768 2224 Christum
1815 2169 1953 2222 facta
1985 2182 2106 2222 esse

531 2263 813 2318 dicemus?

606 2444 666 2500 Β.
687 2443 944 2500 Omnino.
976 2439 1198 2496 Memini
1233 2439 1378 2494 enim
1403 2438 1628 2495 Joannis
1651 2438 1878 2495 dicentis
1907 2458 1918 2492 :
1953 2456 1972 2490 ι
2004 2439 2103 2505 Qui

533 2546 658 2606 post
687 2551 772 2592 me
805 2535 970 2601 venit,
1007 2535 1200 2590 fortior
1247 2547 1333 2588 me
1371 2542 1492 2596 est,
1538 2533 1692 2602 cujus
1736 2545 1840 2584 non
1877 2545 1996 2586 sum
2026 2532 2107 2584 di-

533 2644 673 2697 gnus
706 2629 1077 2683 calceamenta
1122 2635 1341 2695 portare
1383 2645 1394 2677 :
1443 2625 1557 2691 ipse
1601 2635 1694 2676 vos
1726 2620 2020 2690 baptizahit
2051 2623 2103 2674 lu

534 2719 737 2786 Spiritu
774 2727 964 2773 sancto
992 2724 1046 2772 et
1082 2716 1205 2785 igne
1236 2715 1302 2767 ’9.
1341 2735 1359 2766 ›

607 2903 674 2956 Α.
709 2898 1146 2954 llumanitatisne
1187 2896 1351 2968 igitur
1390 2906 1588 2950 nostrae
1642 2909 1778 2964 opus
1815 2906 1936 2947 esse
1977 2906 2106 2946 ceu-

533 2994 824 3058 scbimus,
886 2991 940 3046 in
1021 2990 1228 3061 Spiritu
1286 2999 1478 3044 sancto
1544 2996 1595 3041 et
1650 2988 1771 3056 igne
1829 2984 2106 3053 baptizare

532 3099 687 3155 posse
701 3083 725 3136 ?

608 3178 668 3232 Β.
697 3176 814 3242 Quo
837 3183 994 3243 pacto
1026 3174 1076 3226 id
1108 3171 1224 3226 ﬁeri
1250 3169 1450 3240 possit?

603 3271 766 3342 706
786 3271 845 3323 A.
867 3269 1027 3338 Atqui
1065 3268 1236 3325 virum
1259 3262 1479 3333 jamjam
1509 3273 1792 3317 venturum
1821 3272 1981 3331 atque
2009 3277 2104 3331 ap—

533 3356 828 3435 pariturum
885 3361 1092 3426 dicens,
1126 3360 1299 3426 ipsum
1352 3359 1404 3410 in
1441 3356 1561 3426 igne
1595 3364 1650 3410 et
1687 3355 1887 3422 Spiritu
1918 3363 2107 3408 sancto

532 3457 811 3526 baptizare
842 3453 1287 3517 aflirmat,neque
1327 3449 1558 3504 alienum
1608 3448 1894 3518 baptizatis
1932 3445 2106 3516 Spiri-

534 3562 648 3604 tum
681 3548 974 3602 immittere
999 3543 1178 3600 servili
1201 3557 1263 3596 ac
1282 3541 1675 3598 ministratorio
1709 3538 1889 3602 modo,
1929 3538 2024 3592 sed
2052 3545 2108 3591 ut

538 3641 704 3694 Deum
758 3633 1052 3690 secundum
1113 3642 1359 3686 naturam
1405 3645 1528 3684 cum
1567 3642 1778 3682 summa
1817 3635 2101 3696 potestate,

535 3726 798 3798 Spiritum
825 3739 892 3779 ex
919 3739 980 3779 se
1007 3723 1216 3791 sibique
1253 3719 1532 3790 proprium
1574 3718 1780 3787 largiri.
1808 3732 1906 3787 per
1941 3732 2104 3786 quem

531 3819 695 3874 etiam
738 3813 954 3870 divinus
991 3813 1279 3868 character
1327 3811 1480 3866 nobis
1525 3809 1870 3878 insigniatur.
1908 3807 2102 3865 Refor-

534 3922 745 3962 mamur
786 3906 930 3961 enim
981 3905 1047 3958 ad
1095 3903 1385 3974 imaginem
1431 3901 1665 3957 divinam
1715 3901 1769 3955 in
1827 3899 2103 3956 Christum

531 3997 740 4061 Jesum,
780 4009 890 4050 non
938 3993 1272 4064 corporalem
1328 3991 1769 4048 reformationem
1813 3991 2106 4048 subeuntes

533 4089 681 4159 (nam
739 4087 791 4143 id
846 4086 1196 4142 vehementer
1238 4083 1529 4140 absurdum
1574 4084 1719 4138 dictu
1759 4083 1964 4154 fuerit),
2011 4081 2105 4138 sed

533 4195 630 4250 per
658 4178 1132 4250 participationem
1165 4177 1340 4232 sancti
1365 4176 1602 4246 Spiritus
1651 4176 1821 4244 ipsum
1856 4176 1908 4230 in
1953 4175 2107 4231 nobis

532 4274 665 4342 ipsis
715 4271 1032 4326 habentes:
1087 4272 1222 4324 adeo
1268 4277 1328 4322 ut
1355 4268 1601 4322 lmtantes
1629 4267 1757 4320 illud
1798 4266 2107 4321 exclamare

532 4362 805 4432 possimus
854 4379 869 4415 :
920 4379 938 4410 ι
994 4359 1300 4414 Exsultabit
1350 4358 1531 4412 anima
1577 4374 1693 4412 mea
1749 4359 1800 4412 in
1854 4359 2102 4426 Domino,

532 4457 659 4525 quia
699 4454 875 4509 induit
916 4467 1001 4507 me
1049 4449 1390 4507 vestimentis
1435 4451 1645 4516 salutis,
1695 4461 1750 4506 et
1789 4451 2104 4505 indumento
2137 4444 2179 4499 D

526 4544 750 4614 justitiae
777 4542 1135 4600 circumdedit
1163 4555 1250 4596 me
1277 4541 1314 4596 ¹.
1352 4559 1371 4593 ι
1397 4540 1672 4609 Quotquot
1702 4542 1843 4596 enim
1873 4542 1924 4594 in
1948 4540 2103 4596 Chri-

532 4647 673 4694 stum
702 4635 959 4706 baptizati
987 4634 1144 4702 estis,
1173 4632 1450 4688 Christum
1481 4633 1729 4687 induistis
1761 4634 1802 4687 ’.

603 4731 662 4785 Β.
691 4731 747 4784 ln
783 4729 1054 4784 hominem
1083 4743 1211 4798 ergo
1256 4726 1515 4797 baptizati
1540 4741 1760 4791 sumus,
1803 4727 1962 4796 idque
2013 4742 2101 4783 ve-

530 4839 645 4880 rum
683 4837 803 4878 esse
834 4819 1118 4876 dicemus?

596 4916 663 4972 A.
698 4914 846 4968 Bona
901 4912 1103 4978 verba,
1169 4912 1360 4967 amice.
1413 4910 1550 4977 Quid
1596 4911 1753 4980 agis?
1813 4911 2101 4965 Transfers

528 5008 673 5063 enim
704 5013 944 5062 nostram
987 5018 1136 5074 spem
1165 5004 1218 5058 in
1263 5014 1484 5060 terram.
1528 5001 1795 5073 Baptizati
1837 5002 2102 5073 siquidem

529 5112 736 5163 sumus,
770 5113 878 5153 non
911 5096 962 5151 in
999 5096 1272 5152 hominem
1320 5094 1659 5165 simpliciter,
1702 5096 1795 5150 sed
1835 5095 1887 5150 in
1937 5095 2100 5150 Deum

533 5194 910 5249 incarnatunt,
968 5197 1024 5242 et
1069 5190 1432 5242 remittentem
1487 5202 1699 5256 poenam
1758 5197 2101 5256 veteremque

529 5279 744 5348 culpam
775 5277 840 5331 iis
870 5278 959 5346 qui
1001 5278 1053 5330 in
1084 5277 1256 5346 ipsum
1291 5276 1655 5331 crediderunt.
1694 5275 1849 5331 Unde
1880 5287 1933 5330 et
1967 5277 2100 5330 divi-

532 5385 632 5424 nus
657 5368 748 5423 ille
780 5366 972 5427 Petrus
999 5365 1212 5422 Judceos
1239 5367 1520 5436 alloquens
1550 5365 1726 5420 dixit:
1767 5384 1784 5417 ι
1823 5365 2100 5420 Ρωιιίῑυιι-

532 5459 664 5513 tiam
711 5458 874 5529 agite,
917 5467 973 5513 et
1009 5457 1311 5527 baptizetur
1343 5459 1714 5526 unusquisque
1752 5465 1992 5511 vestrum
2046 5457 2096 5510 in

535 5552 750 5604 nomine
791 5549 915 5606 Jesu
961 5551 1162 5606 Christi
1219 5553 1272 5607 in
1325 5551 1697 5607 remissionem
1755 5561 2096 5618 peccatorum

607 5727 650 5758 "
680 5725 868 5782 Matth.
906 5744 1035 5791 xvn.
1206 5735 1248 5764 ³³
1274 5731 1291 5784 Ι
1321 5731 1473 5787 Joan.
1508 5750 1560 5797 ν,
1598 5735 1646 5797 9,
1693 5734 1774 5786 lO.

1851 5736 1894 5764 9"
1917 5731 2104 5788 Matth.
2144 5749 2237 5806 lll._
2262 5735 2338 5788 ll.

2210 544 2390 595 μενον,
2420 530 2512 582 καὶ
2548 531 2604 582 ἐν
2640 530 2767 584 εἴδει
2814 531 2891 601 τῷ
2935 532 3056 586 καθ’
3081 535 3228 604 ἡμᾶς
3259 538 3626 606 τυγχάνοντα,
3663 543 3777 604 τοῖς

2206 618 2383 686 ἁγίοις
2407 620 2724 685 ἀποστόλοις
2747 622 3061 693 παρέδειξεν
3081 626 3109 677 6
3134 626 3345 697 Πατὴρ,
3374 629 3557 698 φωνῆς
3577 630 3783 686 ἄνωθεν

2206 708 2646 782 ἐκπεποιημένης
2692 714 2904 766 τοιᾶσδε
2926 729 2940 744 ³
2978 731 2998 765 ι
3037 709 3204 778 Οὗτός
3233 717 3383 770 ἐστιν
3408 719 3436 769 6
3471 719 3597 783 Υἱός
3627 737 3724 790 μου
3747 723 3772 773 6

2205 802 2507 872 ἀγαπητὸς,
2539 803 2597 856 ἐν
2625 797 2668 872 ᾧ
2714 805 3012 876 ηὐδόκησα,
3053 807 3214 860 αὐτοῦ
3259 809 3507 862 ἀκούετε.
3561 830 3582 864 ν
3617 812 3778 877 Σύνες

2205 891 2299 947 οὖν
2353 895 2500 958 ὅπως
2527 895 2628 949 οὐκ
2673 897 2732 950 ἐν
2759 897 2955 967 τούτῳ,
2987 899 3169 968 φησὶν,
3217 899 3367 954 ἐστὶν
3399 901 3428 952 6
3481 901 3607 966 Υἱός
3655 921 3778 971 μου,

2207 983 2294 1037 ενα
2324 983 2399 1054 μὴ
2434 985 2709 1057 ἀναμέρος
2754 986 2828 1050 ὠς
2853 986 3039 1057 ἔτερος
3065 988 3124 1042 ἐν
3153 989 3324 1060 ἑτέρῳ
3354 991 3534 1061 τυχὸν,
3563 992 3678 1052 ἀλλ’
3701 989 3781 1058 εἷς

2206 1076 2392 1145 νοῆται
2431 1077 2525 1130 καὶ
2553 1078 2581 1129 6
2620 1078 2778 1141 αὐτὸς
2819 1079 2942 1132 καθ’
2971 1080 3162 1132 ἕνωσιν
3195 1083 3563 1151 οἰκονομικήν.
3596 1083 3778 1155 Πλημο

2209 1168 2366 1237 μελὲς
2390 1169 2447 1223 δὲ
2483 1170 2649 1224 ὅτιτὸ
2676 1171 2990 1225 ἀντιτείνειν
3021 1174 3158 1239 ἐστὶ,
3186 1174 3278 1226 καὶ
3306 1173 3416 1226 τῶν
3436 1174 3518 1227 ὅτι
3549 1175 3776 1246 μάλιστα

2207 1259 2674 1330 σφαλερωτάτων,
2730 1261 3013 1314 ἀναπείσει
3060 1262 3288 1333 γράφων
3356 1263 3609 1333 Ἰωάννης
3661 1264 3774 1326 ὡδὶ,

2201 1350 2287 1402 ὅτι
2321 1350 2456 1421 αὕτη
2493 1351 2640 1404 ἐστὶν
2667 1353 2701 1421 ή
2744 1351 3014 1423 μαρτυρία
3045 1351 3138 1406 τοῦ
3187 1352 3341 1416 Θεοῦ,
3380 1354 3464 1406 ὃτι
3510 1354 3786 1424 μεμαρτύ-

2209 1458 2341 1510 ρηκε
2371 1441 2501 1513 περὶ
2531 1442 2623 1496 τοῦ
2647 1443 2773 1496 Υίοῦ
2797 1445 2982 1497 αὐτοῦ·
3005 1461 3028 1496 ι
3052 1445 3108 1497 '0
3129 1444 3400 1497 πιστεύων
3428 1447 3508 1508 είς
3541 1445 3633 1498 τὸν
3656 1445 3778 1498 Υίδν

2205 1531 2299 1585 τοῦ
2341 1532 2501 1597 Θεοῦ,
2536 1532 2648 1603 ἔχει
2686 1533 2784 1606 τὴν
2835 1535 3142 1607 μαρτυρίαν
3180 1535 3274 1588 τοῦ
3305 1534 3439 1588 Θεοῦ
3484 1537 3544 1588 ἐν
3581 1536 3774 1606 ἑαυτῷ.

2219 1622 2276 1675 '0
2321 1620 2396 1692 μὴ
2449 1621 2718 1675 πιστεύων
2755 1623 2833 1692 τῷ
2863 1621 3003 1693 Θεῷ,
3053 1621 3293 1694 ψεύστην
3338 1624 3638 1693 πεποίηκεν
3683 1625 3778 1677 αὺ-

2206 1711 2316 1776 τὸν,
2356 1713 2437 1766 ὃτι
2480 1713 2579 1766 οὐκ
2614 1713 2934 1766 ἐπίστευσεν
2963 1715 3042 1777 είς
3084 1713 3182 1785 τὴν
3219 1713 3546 1784 μαρτυρίαν,
3591 1715 3656 1785 ἢν
3695 1731 3780 1784 με·

2136 1768 2179 1824 Β
2207 1768 2562 1876 μαρτύρηκεν
2598 1805 2627 1858 6
2659 1805 2789 1868 Θεὸς
2819 1807 2944 1875 περὶ
2973 1768 3066 1858 τοῦ
3099 1768 3232 1858 fici;
3256 1768 3443 1860 αὐτού.
3485 1824 3505 1856 ι
3533 1768 3780 1876 ’Μεμαρ-

2206 1894 2414 1964 τύρηκε
2451 1895 2528 1960 δὲ,
2567 1895 2650 1948 ὅτι
2682 1887 2869 1959 Οὗτος,
2900 1897 2928 1949 6
2959 1895 3096 1965 μετὰ
3141 1895 3342 1965 σαρκὸς
3373 1895 3467 1947 καὶ
3506 1896 3566 1947 ἐν
3590 1897 3654 1964 τῇ
3687 1894 3779 1947 τοῦ

2205 1987 2393 2040 δούλου
2423 1990 2628 2059 μορφῇ,
2659 1987 2955 2058 μοναδικῶς
2983 2005 3040 2040 τε
3074 1986 3166 2039 καὶ
3199 1986 3380 2048 ίδικῶς
3402 1986 3532 2055 ἐμὸς
3568 1985 3782 2056 ἀληθῶς

2209 2076 2356 2140 Υἱός.
2389 2077 2453 2129 Τί
2485 2077 2576 2141 δέ;
2611 2077 2730 2146 οὐχὶ
2749 2077 2840 2130 καὶ
2858 2075 2957 2146 τὴν
2985 2074 3070 2128 διὰ
3098 2073 3193 2127 τοῦ
3221 2073 3376 2142 ἁγίου
3407 2074 3782 2142 βαπτίσματος

2207 2167 2407 2221 εὐκλεᾶ
2442 2168 2621 2238 χάριν,
2656 2166 2750 2220 καὶ
2778 2165 2875 2237 τὴν
2901 2168 2957 2217 ἐν
2978 2163 3126 2233 αύτῷ
3169 2165 3514 2232 ζωοποίησιν,
3559 2163 3654 2215 καὶ
3685 2165 3781 2233 τὴν

2205 2258 2343 2314 Θεοῦ
2378 2258 2592 2329 μέθεξιν
2629 2258 2695 2310 δι’
2727 2257 2999 2326 ἅγιασμοῦ
3041 2256 3098 2309 ἐν
3142 2253 3440 2324 Πνεύματι,
3471 2253 3559 2306 διὰ
3606 2252 3782 2324 Ἰησοῦ

2207 2350 2443 2423 Χριστοῦ
2479 2351 2792 2422 πεπρᾶχθαι
2833 2348 3108 2418 δώσομεν;

2278 2443 2337 2496 Β.
2401 2425 2768 2509 ’Ᾰναγκαίωςο
2823 2441 3173 2511 μεμνήσομαι
3223 2439 3333 2508 γὰρ
3386 2439 3635 2492 Ἰωάννου
3692 2441 3780 2491 u-

2207 2551 2425 2602 γοντος·
2474 2552 2490 2584 ι
2539 2533 2596 2585 '0
2643 2533 2699 2585 δὲ
2733 2532 2906 2584 ὀπίσω
2939 2548 3041 2602 μου
3091 2530 3401 2602 ἐρχόμενος,
3437 2530 3782 2602 ἰσχυρότερός

2210 2623 2310 2694 μού
2344 2625 2508 2685 ἐστιν,
2543 2617 2603 2676 οὗ
2627 2623 2726 2676 οὐκ
2757 2621 2874 2692 είμὶ
2911 2621 3092 2685 ἱκανὸς
3119 2621 3185 2676 τὰ
3213 2620 3534 2692 ὑποδήματα
3577 2621 3781 2690 βαστάο

2210 2733 2328 2769 σαιο
2373 2717 2578 2778 ἐκεῖνος
2610 2715 2753 2786 ὑμᾶς
2792 2713 3044 2789 βαπτίσει
3090 2715 3147 2767 ἐν
3193 2713 3470 2785 Πνεύματι
3511 2713 3653 2783 ἁγίῳ
3691 2713 3782 2766 καὶ

2208 2809 2359 2879 πυρί.
2406 2827 2422 2857 ι

2276 2900 2339 2952 Α.
2358 2895 2482 2968 Ἆρ’
2513 2893 2625 2962 οὖν,
2643 2891 2688 2950 ὦ
2714 2898 2914 2968 ἑταῖρε,
2935 2899 3031 2966 τῆς
3061 2897 3179 2951 καθ’
3203 2897 3346 2967 ἡμᾶς
3364 2895 3782 2968 ἀνθρωπότητος

2206 2989 2364 3059 ἔργον
2405 2983 2541 3039 εἶναι
2582 2984 2794 3055 φῶμεν,
2830 2986 2890 3038 τὸ
2925 2987 2982 3037 ἐν
3024 2983 3299 3055 Πνεύματι
3329 2985 3470 3055 ἁγίῳ
3499 2984 3784 3055 βαπτίζειν

2133 3109 2179 3171 c
2208 3078 2466 3134 δύνασθαι
2498 3077 2590 3130 καὶ
2637 3077 2803 3147 πυρί;

2279 3171 2339 3222 Β·
2381 3170 2492 3224 καὶ
2523 3168 2637 3232 πῶς
2665 3167 2730 3221 ἂν
2768 3169 2853 3238 εἴη
2893 3167 3047 3221 τοῦτὸ
3081 3185 3182 3236 γε;

2278 3264 2343 3316 Δ.
2385 3263 2495 3316 Καὶ
2523 3261 2629 3332 μὴν
2654 3261 2820 3333 ἄνδρα
2849 3262 3040 3329 λέγων,
3082 3261 3171 3315 τὸν
3202 3262 3326 3315 ὅσον
3381 3261 3594 3314 οὐδέπω
3652 3276 3784 3330 παρ-

2209 3355 2464 3426 εσόμενον
2505 3371 2564 3406 τε
2585 3354 2678 3407 καὶ
2722 3353 3112 3425 ὀφθησόμενον,
3145 3354 3305 3407 αὐτὸν
3351 3353 3453 3424 ἔφη
3503 3354 3779 3423 βαπτίζειν

2209 3450 2266 3501 ἐν
2318 3449 2450 3518 πυρὶ
2504 3447 2597 3502 καὶ
2637 3447 2776 3516 ἁγίῳ
2825 3445 3121 3516 Πνεύματι,
3169 3444 3291 3499 οὒτε
3338 3446 3621 3517 ἀλλότριον
3667 3447 3781 3508 τοῖς

2206 3540 2628 3610 βαπτιζομένοις
2689 3539 2897 3592 ἐνιέντα
2953 3537 3175 3609 Πνεῦμα
3229 3537 3612 3610 δουλοπρεπῶς
3689 3537 3784 3590 καὶ

2209 3631 2578 3702 ύπουργικῶς,
2609 3630 2721 3685 ἀλλ’
2751 3630 2823 3694 ὡς
2863 3631 2994 3683 Θεὸν
3024 3629 3162 3683 κατὰ
3195 3631 3353 3698 φύσιν
3389 3631 3506 3700 μετ’
3531 3630 3783 3698 ἐξουσίας

2209 3721 2306 3789 τῆς
2334 3722 2612 3784 ἀνωτάτω,
2645 3721 2704 3774 τὸ
2739 3721 2796 3788 ἐξ
2835 3721 2997 3776 αὐτοῦ
3030 3739 3088 3775 τε
3129 3722 3222 3776 καὶ
3251 3721 3381 3775 ἴδιον
3411 3721 3596 3787 αὐτοῦ,
3625 3721 3693 3774 δι’
3723 3716 3785 3776 οὗ

2209 3812 2302 3864 καὶ
2338 3813 2366 3864 6
2401 3811 2542 3874 θεῖος
2581 3814 2712 3883 ἡμῖν
2754 3813 3137 3884 ἐνσημαίνεται
3165 3814 3473 3885 χαρακτήρ.
3519 3813 3786 3882 Ἀναμορ-

2210 3902 2457 3973 φούμεθα
2486 3902 2593 3975 γὰρ
2629 3903 2703 3968 ὡς
2747 3905 2826 3968 είς
2859 3905 3041 3958 εἰκόνα
3085 3905 3182 3976 τὴν
3221 3903 3390 3970 θείαν,
3432 3907 3512 3968 είς
3548 3906 3784 3976 Χριστὸν

2223 3995 2448 4066 Ἰησοῦν,
2473 3996 2532 4048 οὐ
2560 3996 2870 4066 σωματικὸν
2909 3997 3272 4067 ὑπομένοντες
3313 3997 3403 4050 τὸν
3422 3995 3792 4066 ἀναπλασμὺν-

2213 4086 2428 4158 (κομιδῇ
2457 4085 2564 4156 γὰρ
2589 4085 2781 4158 εὐηθες
2819 4087 3023 4141 οἴεσθαι
3059 4087 3360 4157 τουτὶ),διὰ
3393 4088 3448 4141 δὲ
3479 4088 3574 4141 τοῦ
3612 4106 3778 4158 μετα-

2209 4177 2394 4250 λαχείν
2418 4179 2574 4247 ἁγίου
2601 4179 2935 4250 Πνεύματος,
2966 4180 3127 4234 αὐτὸν
3157 4181 3215 4236 ἐν
3244 4181 3455 4244 ἑαυτοῖς
3485 4179 3777 4234 πλουτοῦν-

2209 4289 2297 4334 τες
2354 4271 2618 4342 Χριστὸν,
2675 4271 2749 4334 ὼς
2805 4272 2907 4342 ἤδη
2967 4273 3252 4343 χαίροντας
3309 4274 3486 4326 ἐκεῖνο
3550 4276 3772 4342 quivsz

2215 4385 2233 4416 ι
2292 4362 2660 4432 Ἀγαλλιάσθω
2701 4362 2906 4433 ἡψυχὴ
2950 4381 3049 4434 μου
3081 4364 3172 4416 ἐπὶ
3201 4363 3277 4434 τῷ
3321 4363 3532 4434 Κυρίῳο
3568 4363 3776 4416 ἐνέδυσε

2211 4457 2319 4528 γάρ
2349 4474 2416 4527 με
2453 4457 2666 4527 ἱμάτιον
2693 4457 2983 4526 σωτηρίου,
3016 4457 3110 4510 καὶ
3139 4455 3339 4528 χιτῶνα
3364 4455 3717 4527 εὐφροσύνης.
3755 4474 3772 4506 ι

2213 4549 2366 4601 Ὅσοι
2413 4547 2520 4616 γὰρ
2569 4547 2648 4608 είς
2695 4546 2928 4614 Χριστὸν
2994 4546 3376 4616 ἐϐαπτίσθητε,
3425 4547 3659 4616 Χριστὸν
3703 4548 3781 4599 ἐν·

2211 4639 2495 4706 εδύσασθε,
2541 4639 2723 4707 φησίν.

2281 4732 2340 4786 Β.
2382 4727 2508 4801 Ἆρ’
2562 4726 2654 4782 οὖν
2714 4731 2790 4793 εἰς
2845 4728 3131 4799 ἄνθρωπον
3184 4727 3630 4799 βεϐαπτίσμεθα,
3689 4728 3782 4780 καὶ

2209 4823 2363 4876 τοῦτο
2393 4817 2531 4876 εἶναι
2559 4811 2802 4891 φήσομεν
2837 4819 3068 4890 ἁληθές;

2276 4915 2339 4964 Λ.
2383 4911 2653 4980 Εὐφήμει,
2689 4909 2960 4978 ἄνθρωπε.
3002 4908 3066 4962 Τί
3098 4908 3249 4980 δρᾷς,
3277 4901 3321 4962 ὦ
3365 4904 3550 4975 οὗτος;
3598 4908 3778 4962 Κατα-

2208 5001 2452 5071 κομίζεις
2493 4999 2650 5070 ἡμῶν
2702 4999 2780 5062 είς
2825 5001 2925 5069 γῆν
2971 4996 3068 5070 τὴν
3111 4997 3320 5051 ἐλπίδα.
3360 4994 3778 5064 Βεόαπτίσμεθα

2205 5094 2316 5165 γὰρ
2345 5094 2444 5146 οὐκ
2467 5093 2545 5155 είς
2574 5091 2859 5162 ἄνθρωπον
2887 5089 3092 5155 ἁπλῶς,
3117 5089 3231 5144 ἀλλ’
3254 5092 3335 5152 εἰς
3360 5088 3492 5142 Θεὸν
3517 5087 3776 5157 ἐνηνθρω-

2207 5182 2440 5253 πηκὸτα,
2471 5182 2564 5234 καὶ
2594 5181 2812 5234 ἀνιέντα
2842 5181 3031 5250 ποινῆς
3071 5181 3166 5234 καὶ
3207 5178 3314 5233 τῶν
3342 5177 3585 5249 ἀρχαίων
3609 5177 3775 5229 αἰτια-

2209 5275 2392 5345 μὰτων
2452 5274 2577 5336 τοὺς
2617 5273 2715 5344 τὴν
2757 5275 2836 5336 είς
2880 5273 3041 5326 αὐτὸν
3084 5271 3265 5324 πίστιν
3312 5269 3770 5338 είσδεδεγμένους.

2205 5366 2314 5418 Καὶ
2358 5363 2486 5433 γοῦν
2535 5366 2560 5416 6
2603 5363 2882 5426 θεσπέσιος
2921 5363 3123 5433 Πέτρος
3163 5361 3434 5423 Ἰουδαίοις
3479 5360 3581 5428 ἔφη
3619 5372 3770 5428 προσο

2205 5462 2379 5514 λαλῶν
2401 5479 2412 5492 ·
2452 5482 2470 5511 ‹
2505 5461 2885 5531 Μετανοήσατε
2916 5454 3026 5519 οὖν,
3061 5458 3151 5509 καὶ
3177 5455 3524 5526 βαπτισθήτω
3545 5451 3768 5510 ἕκαστος

2205 5553 2358 5622 ὑμῶν
2400 5553 2492 5605 ἐπὶ
2536 5552 2613 5622 τῷ
2651 5551 2872 5621 ὀνόματι
2917 5549 3086 5620 Ἰησοῦ
3134 5546 3387 5617 Χριστοῦ,
3440 5545 3517 5607 εἰς
3579 5543 3765 5609 ἆςεσιν

2423 5731 2562 5787 'lsa.
2590 5747 2700 5795 ιιι,
2743 5731 2825 5784 l0.
2905 5731 2922 5760 ’
2947 5728 3118 5784 Galal.
3159 5743 3234 5793 ιιι,
3262 5726 3345 5778 ‘27.
