4078 6264
354 346 484 400 1241

1439 340 1524 392 DE
1563 333 2068 392 ιΝεΑιιΜῑιΟΝΕ
2117 339 2481 392 υΝΙϐΕΝΓΙΊ.

3456 347 3594 402 1249

349 465 460 518 τῶν
503 459 791 533 ἁμαρτιῶν
835 458 1010 532 ὑμῶν,
1059 459 1152 512 καὶ
1183 454 1418 527 λήψεσθε
1460 456 1558 527 τὴν
1585 454 1792 526 δωρεὰν
1829 456 1919 510 τοῦ

2029 463 2358 520 vestrorum,
2395 464 2454 510 et
2485 453 2762 523 accipietis
2791 455 2990 510 donum
3031 455 3268 526 Spiritus
3295 461 3466 514 sancti
3495 461 3536 516 ‘.
3567 479 3587 510 ι

348 555 508 623 ἁγίου
561 551 896 624 Πνεῦματος.
955 569 974 604 ι
1041 546 1318 602 Ἀπολύων
1363 545 1472 618 γὰρ
1521 545 1791 618 ἁμαρτίας
1833 545 1924 598 τὸν

345 645 498 716 αὐτῷ
537 643 952 713 προσκείμενον,
997 639 1076 710 τῷ
1105 639 1218 708 ἰδίῳ
1244 638 1430 692 λοιπον
1458 637 1738 710 καταχρίει
1761 635 1924 690 Πνεῦ-

340 755 504 808 ματι,
539 737 680 806 ὅπερ
723 734 904 805 ἐνίησι
949 732 1049 802 μὲν
1089 731 1272 796 αὐτὸς,
1314 729 1390 794 ὡς
1435 731 1498 783 ὲκ
1531 729 1668 784 Θεοῦ
1714 727 1923 800 Πατρὸς

336 828 545 896 Λόγος,
574 826 669 880 καὶ
694 826 752 892 ἐξ
781 825 916 887 ἰδίας
945 824 1076 894 ἡμῖν
1113 821 1454 892 ἀναπηγάζει
1480 819 1712 888 φύσεως·
1743 820 1922 872 κοινὸν

337 919 412 971 δὲ
447 917 637 988 ὥσπερ
674 917 734 970 τὸ
757 915 948 986 χρῆμα
985 913 1155 978 τιθεὶς
1200 915 1264 984 τῇ
1308 911 1446 981 μετὰ
1487 910 1684 982 σαρκὸς
1715 912 1918 964 οἰκονο-

339 1008 458 1078 μίᾳ
497 1007 586 1060 διὰ
613 1007 712 1078 τὴν
759 1005 972 1067 ἕνωσιν,
1004 1003 1099 1056 καὶ
1142 1004 1218 1068 ὡς
1247 1002 1531 1071 ἄνθρωπος
1571 1001 1780 1054 ὲνέπνει
1825 1017 1922 1054 σω-

341 1097 620 1168 ματικῶς.
681 1094 1016 1166 Ἐνεφύσησε
1040 1091 1148 1165 γὰρ
1183 1094 1296 1156 τοῖς
1343 1091 1692 1155 ἀποστόλοις,
1729 1087 1918 1142 εἰπών·

340 1207 375 1240 ι
395 1186 603 1240 Λάϐετε
638 1184 862 1256 Πνεῦμα
889 1186 1044 1253 ἆγιον
1064 1202 1078 1216 ο
1117 1204 1135 1236 ι
1169 1184 1262 1237 καὶ
1283 1183 1382 1236 οὐκ
1411 1183 1474 1236 ὲκ
1511 1181 1710 1252 μέτρου
1737 1179 1921 1232 δίδωσι

339 1275 408 1327 τὸ
451 1273 698 1344 Πνεῦμα,
739 1275 882 1328 κατὰ
919 1274 1018 1343 τὴν
1066 1273 1312 1326 Ἰωάννου
1355 1271 1560 1341 φωνὴν,
1609 1268 1724 1322 ἀλλ’
1761 1267 1924 1332 αὐτὸς

348 1367 556 1436 ἐνίησιν
597 1365 662 1442 ἐξ
706 1362 920 1424 ἑαυτοῦ.
968 1361 1218 1432 καθάπερ
1266 1360 1461 1431 ἀμέλει
1503 1359 1598 1414 καὶ
1641 1361 1669 1413 ὁ
1707 1359 1917 1428 Πατήρ.

348 1456 464 1510 Καὶ
489 1453 620 1524 γοῦν
654 1456 682 1507 ό
709 1453 992 1516 Θεσπέσιος
1034 1452 1266 1518 Παῦὶος,
1291 1453 1602 1524 ἀποστήσας
1634 1452 1733 1522 τὴν
1763 1449 1818 1504 ἐν
1857 1467 1920 1517 γε

347 1546 523 1618 τούτῳ
547 1547 832 1618 διαφορὰν,
864 1547 994 1600 ποτὲ
1031 1545 1130 1616 μὲν
1165 1544 1312 1616 αὐτῷ
1347 1545 1424 1616 τῷ
1468 1545 1585 1616 Θεῷ
1611 1545 1703 1599 καὶ
1745 1545 1921 1615 Πατρὶ

350 1639 672 1710 προσνέμων
695 1641 908 1710 ὁρᾶται,
940 1639 1070 1692 ποτὲ
1103 1639 1158 1692 δὲ
1203 1633 1274 1694 αὖ
1313 1639 1389 1709 τῷ
1416 1639 1548 1710 Υἱῷ.
1583 1639 1788 1710 Γράφει
1812 1637 1918 1708 γὰρ

349 1725 454 1786 ὧδε
477 1748 492 1762 ·
527 1749 546 1782 ι
597 1731 786 1802 Ὑμεῖς
815 1731 871 1784 δὲ
913 1730 1014 1784 οὐκ
1053 1731 1175 1784 ἐστὲ
1215 1733 1274 1784 έν
1305 1731 1490 1802 σαρκὶ,
1529 1729 1643 1784 ἀλλ’
1672 1732 1730 1784 ἐν
1759 1730 1921 1782 πνεύ-

355 1840 508 1892 ματι,
541 1821 696 1892 εἴπερ
725 1822 939 1892 πνεῦμα
971 1821 1105 1874 Θεοῦ
1155 1823 1293 1874 οἰκεῖ
1335 1823 1393 1874 ὲν
1441 1821 1601 1890 ὑμῖνο
1646 1823 1694 1874 εἰ
1737 1821 1794 1874 δέ
1833 1838 1919 1884 τις

353 1910 575 1980 Πνεῦμα
605 1909 838 1982 Χριστοῦ
862 1911 960 1964 οὐκ
993 1910 1127 1980 ἔχει,
1153 1903 1306 1974 οὗτος
1329 1912 1428 1964 οὐκ
1457 1910 1600 1963 ἔστιν
1628 1908 1811 1964 αὑτοῦ.
1853 1911 1918 1964 Εἰ

349 2001 406 2054 δὲ
443 2003 673 2072 Χριστὸς
719 2003 776 2055 ἐν
816 2003 962 2072 ὑμῖν,
1005 2003 1066 2056 τὸ
1115 2003 1212 2071 μὲν
1263 1999 1418 2072 σῶμα
1461 1999 1653 2070 νεκρὸν
1692 1999 1780 2054 διὰ
1819 2000 1917 2070 τὴν

348 2093 642 2162 ἁμαρτίαν,
674 2093 732 2147 τὸ
755 2093 812 2147 δὲ
843 2093 1090 2164 Πνεῦμα,
1128 2093 1242 2164 ζωὴ
1266 2094 1356 2146 διὰ
1386 2093 1750 2162 δικαιοσύνην.
1787 2111 1806 2144 ι

417 2183 476 2236 Β.
522 2183 759 2253 Ἀραρεν
799 2177 926 2250 οὖν,
979 2184 1058 2236 ὃτι
1101 2181 1236 2234 ἴδιόν
1281 2183 1396 2234 ἐστι
1448 2181 1508 2234 τὸ
1557 2179 1780 2250 Πνεῦμα
1822 2178 1916 2232 τοῦ

346 2271 500 2330 Υἱοῦ,
525 2273 619 2325 καὶ
662 2271 780 2326 οὔτι
817 2290 918 2326 που
948 2274 1126 2344 μόνον,
1220 2272 1389 2340 Λόγος
1423 2272 1540 2324 ἐστὶ
1566 2269 1820 2340 πεφηνὼς
1853 2272 1916 2324 ἐκ

347 2361 584 2428 Πατρός,
605 2351 750 2416 ⁴ἀλλὰ
775 2364 866 2416 καὶ
942 2365 1112 2416 νοοῖτο
1141 2361 1264 2416 καθ’
1288 2363 1434 2434 ἡμᾶς
1455 2361 1744 2431 ἄνθρωπος
1772 2360 1918 2429 γενό-

351 2470 532 2522 μενος.

421 2546 485 2598 Α.
531 2543 687 2598 Ἰδιον
711 2545 784 2609 ὡς
810 2547 874 2599 ὲκ
903 2545 1130 2620 Πατρός,
1149 2547 1206 2598 ὲν
1227 2546 1497 2616 όμοουσίῳ
1521 2547 1817 2615 γεννήματι
1842 2543 1917 2616 τῷ

347 2635 410 2704 ιξ
445 2636 608 2690 αὐτοῦ
637 2637 792 2706 φύντι
823 2638 1000 2708 Λόγῳ,
1031 2641 1123 2691 καὶ
1156 2640 1205 2690 εἰ
1232 2638 1442 2705 λέγοιτο
1473 2638 1676 2701 λαϐεῖν,
1707 2638 1796 2690 ὅτε
1826 2635 1918 2705 γέ-

344 2743 501 2792 γονεν
525 2728 810 2800 ἄνθρωπος
849 2731 878 2782 ό
901 2729 1008 2784 τῶν
1029 2729 1129 2798 τῆς
1155 2729 1407 2799 θεότητος
1448 2730 1750 2800 ἰδιωμάτων
1769 2730 1844 2792 ὡς
1861 2732 1916 2784 ἐν

347 2817 456 2888 ἰδίᾳ
495 2816 653 2885 φύσει
686 2816 1013 2888 τητώμενος.
1051 2819 1161 2870 Καὶ
1200 2817 1331 2886 γοῦν
1376 2817 1538 2882 αὐτὸς
1583 2817 1844 2887 ὑπάρχων
1882 2819 1913 2888 ἡ

343 2909 564 2963 πάντων
586 2907 718 2980 ζωὴ,
739 2910 827 2963 διὰ
858 2909 958 2980 τὴν
983 2912 1047 2962 ὲκ
1070 2909 1268 2974 ζῶντος
1297 2910 1508 2980 Πατρὸς
1538 2910 1772 2981 ἄρρητον
1802 2911 1918 2978 γέν-

345 3017 519 3071 νησιν,
548 3001 926 3065 ζωοποιεῖσθαι
957 3001 1175 3072 λέγεται
1211 3001 1328 3072 μεθ’
1359 3001 1533 3072 ἡμῶν.
1569 3003 1726 3073 Πάρα
1753 3003 1796 3054 δ’
1823 2998 1916 3055 οὖν

347 3091 496 3161 ὅμως
538 3091 683 3159 ἰδεῖν,
716 3093 1071 3164 χαριζόμενον
1105 3095 1200 3163 μὲν
1227 3095 1291 3163 τῇ
1349 3094 1452 3164 ἰδία
1486 3095 1644 3165 σαρκὶ
1673 3095 1770 3164 τῆς
1802 3095 1917 3146 θεο-

350 3181 592 3252 πρεποῦς
623 3183 898 3252 ἐνεργείας
930 3185 1030 3255 τὴν
1057 3184 1234 3248 δόξαν,
1263 3185 1633 3254 οἰκειούμενον
1662 3185 1718 3237 δὲ
1756 3179 1821 3238 αὖ
1848 3186 1918 3237 τὰ

350 3272 574 3341 σαρκὸς,
602 3274 694 3324 καὶ
720 3273 882 3326 οἱονεί
908 3291 1024 3336 πως
1053 3276 1176 3328 καθ’
1211 3275 1402 3328 ἕνωσιν
1431 3274 1798 3345 οἰκονομικὴν,
1824 3274 1917 3327 καὶ

347 3365 422 3434 τῇ
456 3363 558 3434 ἰδίᾳ
585 3363 926 3436 περιτιθέντα
961 3364 1139 3434 φύσει.

426 3538 484 3592 Β.
527 3537 660 3591 Τίνα
690 3539 794 3609 φὴς
821 3539 1051 3610 τρόπον;

425 3633 486 3684 Α.
527 3627 604 3684 Ἧ
635 3631 754 3702 οὐχὶ
784 3631 847 3702 δὴ
885 3632 1117 3700 μάλιστα
1150 3629 1380 3701 πρέπειν
1420 3631 1564 3700 ἐρεῖς
1603 3630 1681 3701 τῷ
1712 3648 1774 3699 γε
1807 3631 1920 3684 ὄντι

351 3725 493 3776 κατὰ
526 3722 686 3792 φύσιν
719 3723 782 3775 ὲκ
808 3721 941 3775 Θεοῦ
977 3722 1187 3792 Πατρδς
1235 3722 1410 3792 Λόγῳ,
1442 3721 1500 3774 τὸ
1533 3722 1737 3776 ἄνωθεν
1766 3724 1920 3793 ἥκειν

351 3816 448 3868 καὶ
481 3814 539 3881 ἐξ
578 3813 835 3886 οὐρανοῦ,
871 3815 966 3867 καὶ
1001 3813 1060 3866 τὸ
1101 3814 1381 3881 ζωογονεῖν
1429 3813 1686 3867 δύνασθαι
1716 3815 1814 3882 τὰ,
1841 3810 1921 3878 οἷς

351 3910 424 3961 ἂν
463 3908 664 3961 ἐνιέναι
696 3905 935 3977 βούλοιτο
963 3905 1060 3976 τὴν
1095 3905 1274 3972 ζωήν;

425 3998 485 4054 Β.
525 3998 692 4069 Φημί.

420 4093 486 4144 Α.
530 4091 594 4144 Τί
618 4091 709 4156 δέ;
744 4090 804 4144 τὸ
829 4089 1204 4161 δημιουργεῖν,
1238 4085 1358 4139 εἰπέ
1385 4101 1493 4155 μοι,
1522 4083 1740 4148 Οεϊκῶς,
1776 4084 1923 4157 δοίης

337 4184 412 4236 ἂν
453 4181 593 4236 εἷναί
632 4200 684 4236 τι
711 4182 818 4235 τῶν
863 4182 1249 4252 ἀνθρωπίνων;

2029 547 2338 604 Dissolvens
2397 548 2542 602 enim
2592 555 2816 617 peccata
2869 548 2992 620 ejus
3035 549 3128 619 qui
3182 550 3282 617 ipsi
3331 550 3591 617 adharet,

2025 640 2245 709 proprio
2271 653 2370 694 suo
2401 639 2604 707 Spiritu
2631 639 2864 712 inungit,
2893 656 3054 710 quem
3101 641 3316 710 quidem
3353 641 3595 696 immittit

2029 728 2163 797 ipse,
2197 737 2254 782 ut
2279 727 2514 783 Verbum
2549 742 2614 784 ex
2657 729 2768 786 Deo
2814 729 2994 795 Patre,
3043 739 3098 786 et
3139 745 3208 786 ex
3252 731 3468 800 propria
3497 745 3594 784 sua

2029 830 2218 874 natura
2265 820 2318 876 in
2361 835 2458 876 nos
2489 821 2836 878 transfundit.
2869 821 3226 878 Communem
3281 837 3410 877 vero
3461 837 3594 891 quo-

2027 904 2312 960 dammodo
2333 909 2473 963 hanc
2505 924 2618 966 rem
2649 910 2852 966 faciens
2879 927 3000 966 cum
3037 911 3508 966 administratione
3539 911 3592 964 in

2025 1009 2189 1050 carne
2227 1006 2446 1066 propter
2473 999 2763 1066 unitatem,
2795 1001 2960 1054 etiam
2993 1009 3052 1055 ut
3095 1002 3258 1056 homo
3307 1001 3594 1072 inspiravit

2023 1087 2394 1155 corporaliter.
2443 1089 2725 1160 lnspiravit
2803 1093 2946 1148 enim
3013 1090 3317 1161 apostolis,
3374 1092 3591 1145 dicens'

2031 1196 2050 1230 ι
2102 1179 2344 1249 Accipite
2386 1178 2648 1248 Spiritum
2695 1190 2948 1236 sanctum
2981 1183 3022 1234 δ.
3063 1202 3082 1234 ι
3118 1181 3302 1252 Neque
3341 1198 3408 1238 ex
3447 1197 3596 1236 men-

2025 1286 2150 1328 sura
2178 1272 2272 1326 dat
2301 1271 2588 1341 Spiritum,
2622 1281 2680 1326 ut
2715 1273 2893 1342 inquit
2918 1272 3176 1338 Joannes,
3207 1274 3299 1328 sed
3333 1273 3446 1342 ipse
3471 1287 3594 1326 eum

2025 1363 2270 1420 immittit
2297 1380 2362 1420 ex
2391 1368 2596 1434 seipse,
2631 1364 2770 1420 sicut
2803 1374 2860 1421 et
2896 1365 3078 1420 Pater.
3119 1366 3326 1420 Idcirco
3354 1375 3410 1419 et
3455 1369 3595 1420 divi-

2025 1471 2128 1512 nus
2179 1455 2374 1512 Paulus
2418 1457 2610 1512 tollens
2638 1471 2853 1512 omnem
2901 1457 3002 1512 hac
3036 1457 3088 1510 in
3123 1473 3184 1511 re
3213 1455 3592 1524 dill'erentiam,

2025 1547 2293 1602 interdum
2319 1547 2422 1617 ipsi
2452 1548 2560 1602 Deo
2587 1561 2650 1602 ac
2683 1545 2834 1602 Patri
2863 1547 2914 1600 id
2957 1545 3194 1602 tribucre
3226 1545 3486 1610 cernitur,
3513 1546 3596 1600 in-

2025 1643 2236 1696 terdum
2262 1651 2466 1707 autem,
2494 1640 2654 1696 Filio.
2685 1641 2762 1694 ita
2787 1640 2932 1696 enim
2961 1640 3150 1694 scribit
3174 1656 3189 1694 :
3226 1657 3244 1691 ι
3283 1637 3388 1694 Vos
3411 1647 3593 1692 autem

2025 1749 2132 1788 non
2156 1735 2288 1788 estis
2307 1733 2362 1786 in
2388 1749 2572 1797 carne,
2601 1733 2696 1788 sed
2721 1732 2774 1786 in
2808 1730 2998 1800 spiritu
3020 1771 3035 1794 ,
3067 1730 3328 1798 siquidem
3361 1729 3594 1798 Spiritus

1947 1805 1990 1860 Β
2027 1825 2122 1878 Dei
2159 1823 2370 1878 habitat
2400 1824 2454 1877 in
2503 1825 2674 1878 vobis.
2709 1823 2766 1876 Si
2797 1837 2924 1900 vero
2949 1821 3070 1890 quis
3115 1819 3372 1888 Spiritum
3394 1818 3592 1872 Christi

2025 1929 2130 1968 non
2169 1915 2350 1978 habet,
2371 1913 2458 1968 hic
2485 1928 2590 1967 non
2627 1921 2710 1966 est
2731 1912 2920 1980 ipsius.
2947 1909 3004 1964 Si
3031 1917 3210 1962 autem
3233 1906 3487 1962 Christus
3510 1916 3594 1962 est

2027 2006 2078 2059 in
2113 2005 2284 2072 vobis,
2313 2019 2510 2072 corpus
2543 2003 2761 2073 quidem
2804 2009 3074 2056 mortuum
3103 2009 3188 2054 est
3223 2007 3442 2068 propter
3469 2013 3595 2065 pec-

2027 2109 2235 2162 catum,
2265 2096 2491 2165 spiritus
2513 2108 2642 2150 vero
2669 2094 2776 2147 vita
2801 2101 3020 2162 propter
3037 2089 3479 2160 justiticationetn
3497 2089 3541 2143 '.
3567 2107 3586 2138 ι

2097 2187 2159 2242 Β.
2191 2187 2430 2255 Spiritus
2463 2187 2644 2255 itaque
2692 2185 2853 2254 707
2889 2183 3136 2252 proprius
3171 2190 3254 2235 est
3299 2181 3442 2248 Filii,
3486 2195 3592 2234 non

2023 2279 2198 2334 solum
2235 2285 2502 2346 quatenus
2547 2282 2631 2330 est
2676 2272 2914 2327 Verbum
2958 2287 3024 2326 ex
3069 2269 3232 2324 Patre
3271 2269 3591 2338 procedens,

2023 2383 2212 2424 verum
2265 2368 2430 2422 etiam
2494 2375 2762 2435 quatenus
2813 2373 2895 2420 est
2957 2362 3118 2418 homo
3171 2360 3346 2416 nostri
3398 2360 3592 2416 similis

2023 2461 2222 2518 factus.

2093 2555 2160 2608 A.
2223 2551 2480 2620 Proprius
2515 2548 2732 2618 quidem
2767 2556 2824 2602 ut
2848 2561 2910 2600 ex
2938 2546 3102 2600 Patre
3139 2546 3190 2600 in
3225 2544 3590 2600 consubstan-

2017 2645 2140 2702 tiali
2173 2643 2311 2700 Filio
2341 2657 2408 2698 ex
2465 2655 2590 2698 sese
2629 2641 2813 2711 genito
2869 2637 3068 2704 Verbo,
3100 2636 3314 2692 tametsi
3375 2635 3590 2690 dicatur

2020 2750 2143 2792 eum
2199 2734 2448 2802 accipere
2481 2733 2694 2802 quando
2727 2731 2904 2786 lactus
2958 2737 3043 2785 est
3087 2729 3272 2793 homo,
3341 2726 3430 2796 qui
3463 2739 3587 2796 pro-

2023 2826 2352 2898 prietatibus
2390 2825 2692 2880 divinitatis
2741 2823 2796 2878 in
2849 2837 2942 2876 sua
2977 2829 3168 2876 natura
3195 2826 3364 2874 caret.
3414 2818 3592 2885 Atque

2025 2917 2226 2972 idcirco
2268 2916 2384 2985 ipse
2426 2930 2546 2968 cum
2583 2915 2652 2969 sit
2707 2912 2947 2968 omnium
2995 2911 3123 2977 vita,
3159 2909 3286 2979 quia
3337 2906 3590 2962 inell'abili

2023 3009 2182 3062 modo
2235 3022 2300 3062 ex
2363 3007 2486 3062 vivo
2539 3003 2698 3058 Patre
2750 3003 2960 3074 genitus
2997 3011 3098 3064 est,
3160 3015 3264 3052 una
3313 2997 3592 3054 nobiscum

2022 3101 2322 3154 viviﬁcatus
2345 3112 2466 3152 esse
2509 3097 2723 3152 dicitur.
2770 3091 2966 3148 Videre
3022 3103 3198 3148 tamen
3249 3100 3362 3154 est,
3415 3091 3590 3160 ipsum

2025 3189 2173 3245 carni
2201 3205 2310 3244 sure
2361 3187 2558 3242 divina:
2605 3187 2934 3256 operationis
2966 3184 3191 3254 gloriam
3232 3180 3510 3244 tribuisse,
3539 3188 3594 3233 et

2023 3283 2260 3338 vicissim
2287 3281 2465 3336 carnis
2483 3279 2837 3348 proprietates
2861 3293 2960 3347 per
2999 3276 3256 3330 unitatem
3303 3273 3445 3327 illam
3474 3287 3594 3342 quat

2021 3389 2088 3428 ex
2141 3373 2516 3428 incarnatione
2569 3371 2708 3426 facta
2762 3380 2846 3426 est
2887 3370 2952 3424 ad
3001 3367 3272 3438 propriam
3315 3380 3466 3420 suam
3497 3378 3596 3418 na-

2024 3475 2196 3518 turam
2238 3465 2519 3520 ascivisse.

2093 3555 2151 3610 l3.
2182 3555 2298 3622 Quo
2319 3565 2474 3624 pacto
2496 3553 2577 3610 ais
2606 3553 2630 3607 ?

2091 3647 2158 3702 A.
2197 3645 2388 3701 Nonne
2431 3645 2665 3700 maxime
2719 3641 3013 3698 convenire
3051 3639 3199 3695 dices
3233 3635 3410 3694 Verbo
3449 3637 3598 3706 quod

2022 3745 2107 3794 est
2136 3737 2433 3793 secundum
2457 3743 2706 3789 naturam
2734 3749 2800 3788 ex
2833 3733 2962 3796 Deo,
3009 3743 3244 3800 superne
3272 3739 3328 3783 et
3364 3743 3431 3782 ex
3458 3728 3602 3782 coelo.

2022 3833 2226 3897 venire,
2280 3837 2334 3882 et
2382 3825 2659 3879 viviﬁcare
2721 3835 2876 3891 posse
2930 3835 2990 3875 ea
3047 3819 3244 3888 quibus
3281 3817 3448 3870 vitam
3499 3817 3604 3869 iiii-

2021 3922 2238 3976 mittere
2281 3914 2510 3970 voluerit
2539 3913 2562 3966 ’ἰ

2091 4011 2155 4064 Β.
2189 4006 2442 4062 Omnino.

2093 4101 2157 4156 A.
2219 4098 2356 4164 Quid
2405 4091 2810 4156 vero?Creare
2865 4089 3048 4146 divino
3105 4103 3278 4156 more,
3323 4087 3600 4146 dixerisne

2023 4194 2184 4250 etiam
2210 4207 2274 4246 ex
2309 4189 2559 4244 humanis
2589 4185 2842 4258 operibus
2866 4197 2987 4238 esse
3015 4183 3038 4236 ?

416 4276 482 4331 Β.
526 4275 640 4326 Οὐκ
677 4274 871 4342 ἔγωγε.

2094 4285 2156 4338 Β.
2199 4285 2311 4354 Ego
2340 4292 2487 4338 certe
2520 4291 2881 4350 nequaquam.

408 4367 486 4418 A.
527 4365 593 4416 Τί
635 4364 813 4418 τοίνυν
863 4366 1007 4436 ἡμᾶς
1051 4366 1305 4431 ζωοποιεῖ
1337 4370 1433 4439 μὲν
1493 4370 1569 4434 ὡς
1597 4367 1748 4432 Θεὸς,
1785 4365 1919 4435 πλὴν

2095 4375 2161 4430 Α.
2197 4375 2334 4444 Quid
2382 4371 2568 4442 igitur,
2615 4369 2854 4424 viviﬁcat
2904 4367 3119 4437 quidem
3166 4383 3264 4425 nos
3309 4377 3366 4422 nt
3429 4368 3590 4431 Deus,

322 4457 392 4508 οὐ
475 4455 634 4525 μόνον
679 4455 758 4526 τῷ
807 4458 1129 4529 μεταλαχεῖν
1193 4461 1346 4530 ἁγίου
1408 4459 1756 4532 Πνεύματος,
1807 4457 1919 4511 ἀλλ’

2028 4479 2282 4526 caeterum
2331 4482 2434 4522 non
2486 4465 2596 4519 sola
2648 4461 3056 4534 participatione
3103 4461 3335 4530 Spiritus
3375 4460 3591 4523 sancti;

320 4546 573 4618 ἐδεστὴν
623 4547 890 4619 παραθεὶς
953 4551 1046 4602 καὶ
1103 4549 1199 4621 τὴν
1255 4553 1653 4622 ἀναληφθεῖσαν
1708 4553 1918 4622 σάρκας

2029 4567 2122 4620 sed
2175 4558 2565 4616 comestibilem
2631 4555 2877 4626 praebens
2931 4554 3094 4608 etiam
3153 4567 3366 4608 carnem
3433 4566 3592 4619 quam

326 4639 502 4706 Ἕερη
540 4636 668 4707 γὰρ,
705 4637 784 4690 ὅτι
840 4656 858 4688 ι
921 4638 1110 4709 Ἀμὴν,
1159 4639 1304 4712 ἀμὴν
1348 4642 1489 4711 λέγω
1523 4645 1670 4712 ὑμῖν,
1707 4644 1798 4696 ἐὰν
1846 4643 1919 4712 μὴ

2026 4653 2337 4723 assumpsit.
2369 4650 2516 4704 Dixit
2577 4649 2718 4702 enim
2769 4648 2885 4714 ipse
2919 4663 2931 4698 :
2970 4663 2987 4695 ι
3016 4646 3215 4708 .Amen,
3269 4657 3422 4696 amen
3473 4641 3595 4694 dico

317 4731 560 4799 φάγητε
585 4729 682 4799 τὴν
707 4729 883 4798 σάρκα
907 4729 1002 4782 τοῦ
1028 4730 1155 4783 Υίοῦ
1183 4733 1273 4784 τοῦ
1301 4732 1608 4802 ἀνθρώπου,
1641 4733 1734 4786 καὶ
1759 4733 1919 4801 πίητε

2025 4747 2198 4810 vobis,
2253 4743 2355 4796 nisi
2404 4737 2748 4796 comederitis
2799 4750 3018 4792 carnem
3069 4733 3190 4786 Filii
3229 4731 3483 4796 hominis,
3540 4739 3596 4783 et

315 4820 514 4876 αὐτοῦ
552 4823 612 4872 τὸ
642 4816 802 4891 αἷμα,
835 4822 935 4874 οὐκ
961 4820 1112 4891 ἔχετε
1147 4822 1290 4893 ζωὴν
1323 4824 1380 4875 ὲν
1411 4825 1638 4885 ἑαυτοῖς.
1681 4841 1698 4873 ι
1738 4825 1918 4876 Κατα-

2025 4833 2272 4892 biberitis
2301 4831 2417 4902 ejus
2443 4831 2783 4898 sanguinem,
2848 4841 2953 4880 non
3007 4823 3274 4878 habebitis
3318 4821 3484 4874 vitam
3539 4820 3592 4873 in

2023 4927 2174 4980 vobis
2208 4923 2247 4977 ⁸.
2288 4941 2305 4973 ι
2352 4921 2484 4975 Cum
2517 4935 2642 4974 vero
2674 4917 2840 4972 Judaei
2893 4931 3016 4970 eum
3067 4913 3323 4968 conviciis
3369 4910 3594 4964 lacesse-

2024 5027 2164 5081 rent,
2209 5024 2264 5068 et
2303 5012 2436 5066 Mosi
2499 5011 2754 5064 doctrinae
2814 5007 3101 5077 plurimum
3150 5004 3272 5058 ﬁdei
3299 5001 3590 5064 deferrent,

2025 5117 2314 5177 aperteque
2377 5103 2732 5156 clamarent:
2808 5117 2826 5150 ι
2888 5098 3074 5152 Patres
3138 5097 3302 5154 nostri
3369 5093 3591 5148 mandu-

2029 5205 2286 5252 caverunt
2322 5207 2516 5246 n'tanna
2570 5191 2623 5244 in
2683 5192 2915 5255 deserto,
2950 5190 3089 5244 sicut
3143 5188 3398 5256 scriptum
3452 5195 3586 5240 est:

2027 5286 2224 5340 Panem
2279 5283 2345 5338 de
2389 5283 2526 5336 caelo
2577 5279 2721 5334 dedit
2773 5280 2853 5333 eis
2897 5280 3223 5332 manducare
3271 5296 3283 5331 :
3325 5285 3380 5330 tu
3449 5277 3590 5345 quod

2027 5379 2235 5444 signum
2268 5373 2422 5437 facis,
2463 5381 2519 5425 ut
2545 5371 2829 5426 credamus
2863 5370 3003 5424 tibi?
3053 5369 3181 5437 quid
3235 5369 3496 5436 operaris,
3532 5377 3592 5422 ut

2026 5479 2258 5535 superne
2309 5463 2464 5518 nobis
2529 5471 2584 5517 et
2648 5475 2715 5515 ex
2766 5459 2903 5515 cmlo
2956 5457 3186 5514 efferens
3231 5456 3521 5526 corpus"?
3566 5475 3584 5508 ι

2031 5557 2302 5627 respondit
2339 5555 2534 5611 Jesus:
2577 5572 2594 5605 t
2637 5553 2828 5616 Amen,
2879 5565 3032 5606 amen
3086 5552 3202 5607 dico
3260 5549 3446 5616 vobis;
3481 5563 3584 5602 non

315 4935 385 4970 κε
397 4914 762 4988 ρ-τομούντων
791 4915 847 4968 δὲ
883 4915 1044 4969 αὐτὸν
1068 4917 1175 4968 τῶν
1221 4915 1488 4971 Ἰουδαίων
1523 4917 1672 4974 ποτὲ.
1701 4917 1791 4968 καὶ
1820 4915 1916 4985 τὴν

315 5009 426 5060 ἐπὶ
494 5008 606 5068 τοῖς
658 5007 906 5076 ἀμείνοσι
935 5007 1114 5077 ψῆφον
1161 5008 1441 5072 ἀνάπτειν,
1488 5007 1587 5060 οὐκ
1613 5001 1708 5059 οἷδ’
1745 5008 1919 5072 ὅπως,

319 5099 847 5166 ἐπικεχειρηκότων
895 5097 973 5168 τῷ
1009 5099 1265 5169 μακαρίῳ
1299 5100 1506 5166 Μωσεῖ,
1544 5098 1842 5168 εἰρηκότων
1869 5097 1926 5150 δὲ

321 5188 672 5254 ἀναφανδόν·
714 5206 735 5236 ι
778 5191 839 5242 Οἱ
886 5190 1120 5260 πατέρες
1150 5191 1304 5260 ἡμῶν
1333 5189 1532 5259 ἔφαγον
1561 5190 1622 5243 τὸ
1658 5190 1830 5258 μάννα
1866 5190 1922 5242 ἐν

323 5281 400 5350 τῇ
451 5278 670 5348 ἐρήμῳ,
709 5281 890 5344 καθώς
915 5285 1028 5334 ἐστι
1064 5281 1478 5353 γεγραμμένον·
1515 5281 1710 5350 ’Ἄρτον
1735 5281 1799 5333 ἐκ
1827 5278 1919 5332 τοῦ

321 5372 578 5441 οὐρανοῦ
614 5373 814 5426 ἔδωκεν
842 5375 1020 5439 αὐτοῖς
1045 5378 1236 5444 φαγεῖν
1257 5391 1270 5406 ·
1305 5375 1354 5426 τί
1386 5375 1556 5436 ποιεῖς
1591 5373 1652 5425 σὺ
1679 5376 1918 5443 σημεῖον,

325 5466 427 5517 ἵνα
476 5464 855 5536 πιστεύσωμέν
909 5483 1025 5531 σοι;
1069 5467 1122 5518 τί
1175 5463 1403 5536 ἐργάζῃ,
1435 5465 1508 5528 ὡς
1543 5465 1744 5519 ἄνωθεν
1793 5467 1920 5535 ἡμῖν

325 5558 436 5610 καὶ
486 5557 544 5620 ἐξ
594 5559 825 5626 οὐρανοῦ
862 5558 1234 5627 κατακομίσας
1284 5559 1343 5609 τὸ
1397 5558 1586 5627 σῶμα;
1645 5578 1664 5607 ι
1723 5557 1916 5627 φησίν

409 5733 433 5764 ³
461 5731 579 5784 Act.
609 5747 666 5799 tt,
699 5733 787 5786 38.

871 5731 1066 5787 Ihlium.
1103 5747 1188 5798 xx,
1224 5733 1314 5786 99.
1386 5736 1585 5791 l5lion).
1621 5754 1734 5794 mt-
1768 5737 1820 5802 9,
1866 5737 1919 5789 l0

2027 5735 2043 5764 ⁸
2073 5733 2225 5788 Jouu.
2265 5750 2336 5802 γι,
2373 5737 2458 5789 5i.
2557 5735 2572 5765 ⁷
2599 5733 2723 5788 ibid.
2755 5731 2842 5797 50,
2872 5729 2958 5784 51.

2027 5735 2043 5764 ⁸
2073 5733 2225 5788 Jouu.
2265 5750 2336 5802 γι,
2373 5737 2458 5789 5i.
