4078 6264
538 361 677 424 1243

1564 357 1622 412 S.
1663 355 1936 413 CYRILLI
1973 357 2441 414 ALEXANDRINI
2479 357 2800 417 ARCHIEP.

3660 362 3794 419 ιςιιι

536 479 686 535 dedit
741 476 890 532 vobis
935 475 1149 546 Moyses
1198 485 1394 543 panem
1433 486 1496 528 ex
1527 473 1669 528 calo
1718 487 1928 529 verum.
1978 471 2112 528 Nam

2221 493 2241 526 ι
2289 475 2480 546 Ἀμὴν,
2513 477 2660 547 ἀμὴν
2692 476 2835 544 λέγω
2874 473 3023 545 ὑμῖν,
3072 473 3132 526 οὗ
3164 473 3372 544 Μωσῆς
3398 472 3629 527 δέδωκεν
3671 475 3793 544 ὑμῖν

531 572 693 643 panis
725 571 816 626 Dei
860 581 945 626 est
971 571 1062 640 qui
1099 570 1163 624 de
1198 567 1337 624 coelo
1369 567 1670 633 descendit,
1707 577 1761 624 et
1813 570 1904 624 dat
1950 570 2116 625 vitam

537 665 740 719 mundo
771 664 813 717 ³.
854 682 871 714 ι
915 663 979 716 Ει
1007 661 1164 731 paulo
1215 669 1336 730 post
1365 669 1576 715 tantum
1606 676 1710 715 non
1742 661 1933 731 digito,
1970 663 2115 732 quod

539 759 715 820 aiunt,
770 763 1206 809 commonstrans
1231 752 1466 818 seipsum
1519 751 1859 806 incarnatum
1887 771 1900 807 :
1931 772 1950 804 ι
1983 755 2116 822 Ego,

541 847 740 917 inquit,
768 859 885 898 smn
913 843 1068 912 panis
1094 844 1265 907 vivus,
1293 844 1383 913 qui
1434 843 1501 898 de
1556 843 1695 898 ccelo
1728 843 2002 898 descendi.
2055 842 2116 898 Si

537 941 661 1006 quis
690 937 1099 992 manducaverit
1128 950 1192 991 ex
1228 936 1330 990 hoc
1365 951 1524 1005 pane,
1561 937 1702 989 vivet
1734 937 1786 990 in
1817 943 2113 992 aeternum:

536 1040 588 1086 et
625 1030 776 1099 panis
818 1044 978 1098 quem
1004 1042 1106 1096 ego
1145 1029 1306 1091 dabo,
1336 1042 1464 1083 caro
1502 1042 1620 1082 mea
1661 1036 1742 1082 est
1787 1043 1885 1097 pro
1933 1027 2118 1082 mundi

536 1121 643 1174 vita
670 1121 713 1175 ⁸.
761 1118 860 1185 Qui
906 1119 1194 1172 manducat
1218 1133 1390 1173 meam
1423 1131 1666 1183 carnem,
1702 1129 1756 1172 et
1782 1119 1913 1172 bibit
1940 1133 2116 1174 meum

535 1212 876 1281 sanguinem,
919 1213 969 1264 in
1015 1225 1103 1264 me
1136 1219 1340 1273 manet,
1401 1220 1457 1265 et
1490 1226 1588 1279 ego
1624 1212 1676 1264 in
1704 1210 1812 1264 illo.
1869 1211 1935 1265 Et
1978 1211 2118 1265 sicut

535 1303 684 1358 misit
716 1316 799 1356 me
838 1303 1025 1355 vivens
1044 1301 1226 1367 Pater,
1257 1309 1310 1354 et
1324 1314 1424 1369 ego
1452 1299 1574 1354 vivo
1621 1310 1839 1370 propter
1876 1299 2112 1354 Patrem.

537 1395 606 1449 Et
634 1397 723 1464 qui
759 1394 1055 1448 manducat
1099 1408 1206 1456 me,
1257 1401 1312 1448 et
1359 1393 1472 1463 ipse
1515 1393 1659 1447 vivet
1704 1403 1925 1462 propter
1955 1392 2119 1462 708

536 1501 626 1541 me
655 1487 716 1539 '°.
760 1504 779 1537 ι
839 1485 1001 1551 Atqui
1034 1483 1306 1553 quomodo
1359 1499 1466 1538 non
1530 1499 1658 1538 vere
1707 1485 1922 1538 dicatur
1974 1483 2116 1553 quod

538 1591 645 1631 non
694 1574 1034 1631 descenderit
1081 1589 1110 1627 e
1159 1575 1298 1628 cmlo
1363 1590 1511 1639 caro,
1563 1575 1659 1629 sed
1700 1576 1842 1644 quod
1878 1582 1995 1630 erat
2049 1589 2117 1629 ex

537 1666 779 1736 Virgine,
816 1667 958 1722 sicut
984 1665 1242 1734 scriptum
1268 1673 1352 1720 est
1383 1665 1423 1698 “
1457 1667 1480 1718 ?
1537 1665 1690 1734 Quod
1717 1680 1840 1722 vero
1869 1682 1974 1721 non
2009 1666 2119 1721 sint

535 1768 820 1828 separatae,
886 1758 977 1813 sed
1028 1758 1079 1812 in
1144 1773 1312 1813 unum
1345 1769 1558 1826 coeant,
1613 1768 1667 1814 et
1718 1759 2117 1828 quodammodo

2217 567 2310 620 τὸν
2337 568 2500 638 ἄρτον
2527 571 2591 622 ὲκ
2617 567 2712 621 τοῦ
2747 565 2980 639 οὒρανοῦ
3021 565 3113 618 τὸν
3141 564 3416 636 ἀληθινόν.
3465 564 3526 617 '0
3564 563 3669 635 γὰρ
3702 566 3794 637 ἆρ-

2217 677 2309 724 τος
2339 659 2432 714 τοῦ
2475 660 2609 714 Θεοῦ
2642 663 2787 714 ἐστιν
2839 661 2867 713 6
2919 657 3265 712 καταϐαίνων
3297 659 3358 709 ἐκ
3407 657 3500 710 τοῦ
3551 657 3793 729 οὐρανοῦ,

2219 753 2318 806 καὶ
2356 752 2502 822 ζωὴν
2531 752 2712 815 διδοὺς
2739 751 2818 820 τῷ
2849 751 3061 821 κόσμῳ.
3115 767 3134 800 ι
3170 749 3280 803 Καὶ
3309 748 3446 818 πρός
3483 763 3546 815 γε
3571 746 3796 799 τουτοισὶ

2219 843 2403 909 πάλιν,
2451 844 2730 914 μονονουχὶ
2775 843 2869 896 καὶ
2907 841 3156 910 δακτύλῳ
3202 839 3564 901 καταδεικνὺς
3612 836 3798 890 ἑαυτὸν

2219 935 2566 1006 ὲνσώματον,
2604 953 2622 986 ι
2675 934 2816 1003 Ἐγώ
2863 934 3000 1004 είμι,
3051 933 3238 1002 φησιν,
3285 932 3314 983 6
3346 932 3511 1001 ἄρτος
3547 931 3576 984 6
3620 929 3747 993 ζῶν,
3773 932 3800 982 6

2221 1027 2286 1079 ὲκ
2317 1027 2411 1079 τοῦ
2437 1024 2664 1096 οὐρανοῦ
2709 1025 2975 1088 καταϐάς.
3022 1024 3148 1077 Ἐάν
3176 1040 3258 1085 τις
3288 1022 3439 1093 φάγῃ
3469 1022 3533 1073 ἐκ
3575 1018 3671 1072 τοῦ
3709 1019 3799 1088 ἄρ-

2219 1137 2312 1173 του
2342 1118 2553 1182 τούτου,
2586 1119 2811 1190 ζήσεται
2854 1118 2935 1181 εις
2973 1117 3064 1170 τὸν
3097 1115 3302 1169 αἰῶναο
3336 1113 3430 1167 καὶ¹
3478 1114 3507 1165 6
3535 1113 3699 1183 ἄρτος
3725 1111 3798 1177 δὲ,

2220 1209 2279 1262 δν
2303 1208 2412 1277 ἐγὼ
2437 1209 2611 1274 δώσω,
2646 1211 2679 1278 ὴ
2711 1208 2846 1279 σάρξ
2881 1207 2982 1276 μού
3016 1209 3165 1261 ἐστιν
3191 1206 3330 1277 ὑπὲρ
3355 1207 3455 1275 τῆς
3477 1201 3573 1256 τοῦ
3601 1202 3800 1272 κόσμου

2221 1301 2399 1370 ζωῆςο
2439 1303 2468 1355 6
2494 1300 2723 1372 τρώγων
2764 1317 2867 1371 μου
2897 1298 2997 1370 τὴν
3035 1293 3356 1369 σάρκα,’καὶ
3401 1295 3573 1348 πίνων
3615 1311 3718 1363 μου
3745 1293 3800 1346 τὸ

2221 1386 2378 1460 αἷμα,
2425 1393 2486 1458 ὲν,
2531 1390 2656 1461 ἐμοὶ
2706 1391 2880 1460 μένει,
2933 1388 3090 1456 κάγὼ
3133 1388 3189 1440 ἐν
3239 1385 3406 1456 αὐτῷ.
3459 1385 3571 1445 Καὶ
3621 1382 3798 1446 καθὼς

2221 1480 2505 1534 ἀπέστειλέ
2541 1498 2608 1551 με
2652 1483 2680 1534 ό
2710 1478 2818 1543 ζῶν
2866 1479 3076 1548 Πατὴρ,
3111 1477 3263 1546 κάγὼ
3307 1474 3384 1540 ζῶ
3427 1475 3514 1528 διὰ
3562 1475 3653 1527 τὸν
3695 1475 3799 1527 [la-

2219 1573 2383 1644 τέρα·
2434 1573 2528 1626 καὶ
2555 1570 2834 1643 ὁτρώγων
2859 1589 2948 1642 με,
3003 1571 3253 1632 κάκεῖνος
3299 1568 3456 1638 ζήσει
3503 1567 3572 1618 δι’
3606 1566 3726 1636 ἐμέ.
3779 1585 3798 1618 ι

2219 1668 2416 1720 Καίτοι
2442 1666 2556 1731 πῶς
2583 1667 2683 1719 οὐκ
2713 1664 2946 1736 ἀτρεκὲς
2972 1666 3168 1728 εἰπεῖν,
3199 1663 3275 1725 ὡς
3312 1661 3374 1714 οὐ
3405 1660 3806 1729 καταπεφοίτη·

2219 1777 2314 1814 κεν
2342 1759 2402 1824 ἐξ
2435 1758 2680 1830 οὐρανῶν
2717 1759 2750 1828 ἡ
2785 1756 2942 1828 σάρξ,
2974 1757 3090 1812 ἀλλ’
3127 1752 3195 1828 ἦν
3226 1759 3289 1809 ὲκ
3317 1753 3620 1825 Παρθένου,
3667 1753 3806 1804 κατὰ

536 1851 681 1904 inter
731 1865 790 1904 se
839 1847 1296 1904 commisveantur
1355 1861 1674 1904 naturarum
1730 1851 2114 1920 proprietates,

2220 1853 2317 1913 τὰς
2350 1850 2605 1919 Γραφάς;
2650 1851 2804 1903 Ἔστι
2833 1849 2889 1902 δὲ
2921 1850 3002 1902 δτι
3049 1849 3109 1902 οὑ
3156 1847 3364 1910 διιστὰς
3405 1849 3433 1899 6
3463 1845 3658 1913 Λόγος.
3694 1844 3805 1898 ἀλλ’

535 1955 568 1995 e
598 1938 1012 2009 quamplurimis
1050 1937 1186 1992 locis
1233 1946 1465 1994 constat.
1511 1939 1803 1994 Nicodemo
1835 1941 1976 1994 enim
2011 1955 2118 1994 non

536 2031 859 2097 intelligenti
914 2030 1255 2100 mysterium,
1310 2032 1402 2085 sed
1452 2032 1704 2099 imperite
1749 2031 2117 2086 reclamanti:

541 2141 561 2175 α
600 2123 878 2189 Quomodo
921 2129 1146 2192 possunt
1177 2120 1296 2178 ﬁeri
1341 2123 1455 2176 haec
1482 2122 1505 2174 ἲ
1536 2122 1592 2176 Si
1631 2131 1866 2188 terrena,
1923 2122 2119 2191 inquit,

535 2214 648 2269 dixi
680 2214 853 2279 vobis,
891 2222 947 2268 et
985 2228 1090 2268 non
1141 2213 1366 2268 creditis
1399 2230 1414 2267 :
1450 2228 1558 2284 quo
1605 2222 1764 2283 pacto
1821 2215 1867 2267 si
1929 2213 2119 2268 dixero

533 2304 691 2361 vobis
750 2303 1013 2371 cmlestia,
1059 2303 1362 2358 credetis?
1420 2303 1487 2358 Et
1543 2317 1703 2358 nemo
1757 2303 2001 2358 ascendit
2063 2306 2116 2358 in

532 2397 752 2464 coelum,
805 2397 909 2452 nisi
939 2396 1031 2466 qui
1073 2411 1104 2452 e
1141 2395 1280 2452 caelo
1320 2394 1606 2452 descendit
1647 2394 1816 2450 Filius
1851 2395 1944 2450 Dei
1983 2397 2049 2452 “.
2093 2415 2112 2448 ι

530 2487 732 2544 Judaeis
767 2503 894 2545 vero
940 2503 1092 2559 aeque
1137 2497 1296 2558 atque
1345 2486 1433 2543 ille
1481 2487 1766 2557 imperitis,
1833 2488 2118 2559 ipsumque

533 2580 889 2636 irridentibus
940 2596 956 2634 :
997 2580 1042 2636 si
1103 2579 1385 2636 viviticaus
1456 2588 1619 2649 atque
1671 2592 1739 2633 ex
1797 2578 1934 2635 coelo
1984 2594 2113 2649 pro-

533 2672 711 2743 prium
739 2686 956 2741 corpus,
982 2690 1001 2724 ‹
1032 2671 1143 2727 Hoc
1171 2685 1269 2727 vos
1283 2670 1637 2734 scandalizat,
1665 2671 1861 2739 inquit,
1917 2670 1960 2725 si
1985 2685 2115 2742 ergo

534 2761 782 2817 videritis
836 2761 1029 2817 Filium
1103 2762 1340 2818 hominis
1413 2762 1794 2817 ascendentem
1851 2762 1941 2818 ubi
1999 2773 2118 2819 erat

531 2852 683 2923 prius
715 2852 812 2907 “2
878 2870 897 2906 ι
958 2852 1154 2918 Annon
1230 2862 1416 2908 natum
1471 2867 1538 2908 ex
1598 2852 1822 2910 muliere
1873 2854 2117 2910 dicemus

535 2945 934 3002 Emmanuelem
963 2946 986 2998 ?

2222 1945 2301 2006 ei;
2330 1942 2388 1997 ἒν
2418 1942 2585 2012 ἄμφω
2620 1941 2919 2010 συλλέγων,
2953 1943 3048 1994 καὶ
3083 1939 3275 2011 ὥσπερ
3305 1938 3558 2009 ἀλλήλοις
3593 1938 3809 2006 ἀνακιρ-

2221 2033 2317 2096 νὰς
2355 2033 2424 2086 τά
2455 2033 2563 2085 τῶν
2598 2032 2812 2101 φύσεων
2849 2031 3134 2102 ἰδιώματα,
3161 2032 3250 2085 διὰ
3275 2030 3487 2102 μυρίων
3516 2030 3658 2082 ὅσων
3679 2030 3809 2097 ἡμῖν

2221 2125 2414 2195 ὁρᾶται
2443 2122 2637 2193 λόγων.
2681 2125 2975 2196 Νικοδήμῳ
3029 2125 3127 2195 μὲν
3175 2123 3306 2194 γὰρ,
3355 2123 3417 2176 οὐ
3471 2120 3709 2174 συνιέντι
3749 2119 3810 2172 τὺ

2225 2217 2545 2287 μυστήριον,
2575 2217 2975 2288 ἁνακεκραγότι
3002 2215 3058 2268 δὲ
3088 2214 3336 2286 ἀμαθῶςθ
3374 2232 3392 2263 ι
3435 2213 3562 2275 Πῶς
3589 2211 3809 2264 δύναται

2221 2307 2392 2362 ταῦτα
2433 2307 2726 2376 γενέσθαι;
2770 2307 2832 2362 Ei
2861 2307 2930 2362 τὰ
2958 2307 3197 2376 ἐπίγεια,
3252 2305 3438 2376 φησὶν,
3474 2299 3631 2357 εἷπον
3659 2302 3808 2372 ὑμῖν,

2221 2399 2316 2453 καὶ
2352 2400 2411 2453 οὐ
2442 2399 2749 2466 πιστεύετε,
2783 2399 2900 2464 πῶς
2929 2399 3024 2455 ἐὰν
3057 2400 3196 2452 εῐπω
3228 2399 3359 2467 ὑμῖν
3387 2397 3458 2449 τά
3487 2394 3809 2466 ἐπουράνια,

2221 2489 2542 2555 πιστεύετε;
2587 2489 2698 2544 Καὶ
2743 2490 2920 2564 οὐδεὶς
2954 2484 3296 2559 ἀναϐέϐηκεν
3326 2488 3407 2551 είς
3438 2486 3530 2540 τὸν
3559 2483 3810 2555 οὐρανὸν.

2220 2583 2269 2635 εί
2298 2582 2372 2653 μὴ
2411 2583 2440 2636 6
2467 2583 2530 2635 ὲκ
2555 2581 2651 2636 τοῦ
2681 2582 2915 2654 οὐρανοῦ
2945 2581 3214 2646 καταϐάς,
3243 2583 3271 2635 6
3302 2580 3432 2643 Υίδς
3478 2577 3577 2632 τοῦ
3605 2577 3761 2630 Θεοῦ.
3786 2595 3806 2628 ι

2233 2671 2509 2737 Ἰουδαίοις
2536 2671 2595 2726 δὲ
2635 2672 2821 2740 πάλιν,
2853 2672 2950 2745 τὴν
2981 2674 3104 2744 ἴσην
3133 2672 3326 2743 ἐκείνῳ
3355 2668 3611 2724 νοσοῦσιν
3647 2669 3810 2721 ἀπαι-

2221 2764 2459 2830 δευσίαν,
2507 2766 2602 2820 καὶ
2640 2766 2914 2839 διαγελᾷν,
2946 2768 3046 2822 οὐκ
3076 2763 3172 2821 οἶδ’
3197 2768 3368 2834 ὅπως,
3410 2765 3694 2834 ἑλομένοις
3717 2762 3814 2816 αὑ-

2217 2857 2343 2922 τὸν,
2396 2859 2624 2935 ἐπείπερ
2699 2859 2801 2932 ἔφη
2871 2860 3136 2925 ζωοποιδν
3206 2861 3300 2913 καὶ
3344 2858 3404 2924 ἐξ
3450 2855 3690 2928 οὐρανοῦ
3755 2854 3814 2907 τὸ

2225 2950 2356 3004 ῖδιον
2385 2952 2564 3022 σῶμα,
2591 2970 2609 3003 ι
2628 2952 2797 3007 Τοῦτο
2814 2954 2958 3024 ὑμᾶς
2987 2953 3352 3017 σκανδαλίζει,
3388 2950 3693 3021 φησιν,ὲάν
3723 2943 3816 3002 οὖν

534 3037 775 3110 θεωρῆτε
810 3039 902 3094 τὸν
949 3039 1076 3094 Υίὸν
1106 3040 1199 3094 τοῦ
1245 3039 1534 3112 ἀνθρώπου
1600 3041 1963 3097 ἀναϐαίνοντα
2009 3045 2143 3099 ὅπου
2181 3040 2248 3118 ἦν
2279 3047 2339 3099 τὸ
2369 3047 2670 3120 πρότερον;
2717 3067 2734 3100 ι
2767 3043 2846 3101 Ἦ
2874 3049 2996 3120 οὐχὶ
3053 3048 3311 3118 τετάχθαι
3343 3049 3594 3119 φήσομεν
3623 3048 3690 3098 ὲκ
3715 3061 3817 3111 γυ-

530 3134 717 3199 ναικὸς
750 3135 840 3188 τὸν
889 3135 1238 3208 Ἐμμανουήλ
1255 3152 1270 3204 ;

601 3226 662 3280 Β.
705 3227 960 3282 Omnino.

602 3319 669 3374 Α.
721 3317 953 3373 Ubinam
1011 3320 1172 3390 igitur
1223 3323 1376 3392 prius
1435 3325 1604 3379 erat?
1649 3335 1743 3380 aut
1802 3340 1910 3395 quo
1961 3337 2120 3395 pacto

531 3409 823 3478 ascendit,
867 3426 987 3465 cum
1034 3427 1094 3467 se
1146 3412 1215 3467 ibi
1272 3429 1392 3469 esse
1441 3416 1607 3481 dicat,
1654 3416 1817 3470 etiam
1877 3427 2002 3473 nato
2055 3433 2120 3473 ex

533 3509 722 3554 sancta
769 3502 991 3570 Virgine
1031 3518 1262 3573 corpore
1297 3507 1398 3562 sibi
1451 3508 1650 3562 unito?
1685 3507 1878 3564 Nonne
1940 3519 2119 3564 autem

533 3606 752 3646 carnem
780 3609 900 3664 qua:
939 3609 1007 3649 ex
1047 3603 1191 3650 terra
1225 3607 1460 3665 constat,
1491 3599 1770 3654 viviﬁcare
1797 3615 1902 3653 non
1939 3615 2118 3668 posse,

534 3693 804 3755 quatenus
877 3686 945 3742 ad
1019 3687 1290 3758 propriam
1337 3702 1491 3743 suam
1563 3699 1810 3744 naturam
1904 3690 2118 3756 attinet,

534 3777 820 3833 dicemus?

602 3865 663 3920 Β.
700 3865 797 3922 Ita.

603 3962 669 4012 Α.
729 3957 1014 4024 Quomodo
1075 3960 1240 4029 igitur
1294 3970 1378 4017 est
1434 3960 1760 4017 vivillcatrix
1816 3975 1945 4016 caro
1978 3962 2121 4018 ?aut

533 4051 802 4126 quomodo
873 4061 1162 4108 censeatur
1238 4067 1307 4110 ex
1373 4056 1512 4111 coelo
1571 4068 1713 4122 esse,
1768 4069 1889 4109 cum
1931 4056 2003 4110 sit
2053 4071 2120 4112 ex

531 4149 673 4195 terra
698 4141 722 4195 ?

608 4231 670 4287 Β.
701 4233 930 4290 Ratione
981 4237 1229 4301 unitatis,
1286 4247 1346 4292 ut
1391 4239 1648 4309 arbitror,
1705 4256 1827 4297 cum
1885 4243 2007 4300 vivo
2063 4252 2120 4300 et

529 4323 749 4378 caelitus
772 4325 1008 4381 demisso
1040 4325 1238 4381 Verbo.

607 4417 676 4470 A.
720 4415 886 4471 Recte
909 4418 1196 4486 admodum
1227 4421 1421 4484 sentis,
1445 4428 1500 4476 et
1533 4422 1922 4478 convenienter
1944 4426 2117 4479 sacris

531 4507 852 4576 Scripturis.
910 4507 1092 4578 Neque
1142 4512 1286 4565 enim
1337 4511 1500 4568 aliter
1549 4513 1737 4579 fuerit,
1798 4522 1852 4568 et
1901 4525 2116 4570 creator

2147 3237 2191 3294 ο
2297 3231 2355 3286 Β.
2403 3230 2526 3296 Πῶς
2558 3231 2667 3304 γὰρ
2699 3230 2796 3299 ob;

2295 3326 2358 3376 A.
2402 3324 2512 3378 Ποῦ
2543 3323 2829 3397 τοιγαροῦν
2857 3325 2918 3378 τὸ
2951 3324 3216 3395 πρότερον
3249 3321 3340 3397 ἦν;
3376 3325 3410 3394 ἢ
3457 3325 3579 3388 πῶς
3614 3326 3810 3380 ἀναϐέ-

2225 3417 2391 3486 ϐηκεν
2438 3416 2673 3486 ἔνθαπερ
2702 3412 2842 3468 εἷναί
2889 3431 3053 3486 φησιν
3083 3417 3265 3480 αὐτὸς,
3300 3416 3477 3470 καίτοι
3527 3417 3811 3486 τεχθέντος

2223 3507 2310 3562 διὰ
2338 3507 2437 3577 τῆς
2467 3507 2627 3576 ἁγίας
2662 3507 2936 3579 Παρθένου
2971 3508 3066 3560 τοῦ
3110 3508 3401 3571 ἑνωθέντος
3434 3509 3586 3579 αὖτῷ
3628 3508 3812 3580 σώμαι

2222 3616 2347 3666 τος;
2390 3600 2524 3670 Οὐχὶ
2556 3599 2613 3652 δὲ
2661 3599 2755 3653 καὶ
2803 3602 3105 3671 ἀπρακτεῖν
3142 3599 3582 3671 ὁμολογήσαιμεν
3614 3599 3680 3656 ἄν
3716 3602 3813 3671 τὴν

2224 3692 2330 3744 ἀπὸ
2370 3691 2474 3760 γῆς
2523 3691 2701 3760 σάρκα
2758 3691 2895 3760 πρὸς
2935 3691 2997 3744 τὸ
3045 3690 3306 3745 δύνασθαι
3349 3691 3653 3759 ζωοποιεῖν,
3689 3693 3815 3747 ὅσον

2220 3779 2356 3856 ἧκεν
2390 3785 2468 3846 εἰς
2507 3782 2643 3835 ἰδίαν
2685 3783 2887 3852 φύσιν;

2295 3875 2356 3930 Β.
2411 3874 2654 3944 Ἀληθές.

2295 3970 2358 4022 Α.
2403 3969 2528 4032 Πῶς
2556 3964 2669 4032 οὖν,
2707 3969 2828 4023 εἰπέ
2872 3987 2979 4041 μοι,
3012 3967 3270 4034 ζωοποιὺς
3301 3971 3332 4040 ή
3371 3969 3507 4040 σάρξ

2221 4058 2288 4115 ἂν
2315 4064 2484 4116 νοοῖτο
2513 4062 2608 4115 καὶ
2650 4060 2710 4126 ἐξ
2737 4062 2966 4134 οὐρανοῦ
2994 4062 3053 4116 τὸ
3075 4061 3183 4116 ἀπὸ
3212 4061 3311 4131 τῆς
3349 4061 3487 4133 γῆς;

3528 3969 3816 4034 ςἮπῶς

2293 4243 2352 4296 Β.
2394 4241 2530 4296 Καθ’
2550 4242 2763 4307 ἕνωσιν,
2791 4236 2965 4312 οἶμαι,
2987 4242 3084 4313 τὴν
3115 4241 3250 4313 πρὸς
3281 4241 3372 4295 τὸν
3407 4239 3588 4304 ζῶντά
3624 4259 3682 4294 τε
3718 4243 3814 4296 καὶ

2219 4333 2509 4407 οὐρανόθεν
2554 4335 2746 4404 Λόγον.

2290 4427 2356 4484 Α.
2392 4424 2762 4498 Πεφρονηκὼς
2809 4425 2920 4478 ῐσθι
2948 4426 3019 4480 τὰ
3053 4424 3174 4478 λίαν
3195 4424 3351 4498 ὀρθά,
3381 4425 3476 4478 καὶ
3502 4427 3616 4488 τοῖς
3647 4425 3814 4495 ἱεροῖς

2221 4518 2586 4590 συμϐαίνοντα
2629 4517 2826 4585 λόγοις.
2880 4515 2978 4587 Εῐη
3034 4515 3143 4585 γάρ
3193 4516 3260 4570 ἂν
3309 4516 3407 4586 οὑχ
3455 4517 3680 4588 ἑτέρως,
3719 4517 3817 4570 καὶ

531 4599 743 4655 ratione
783 4600 1103 4670 divinitatis,
1133 4611 1188 4658 et
1223 4619 1346 4660 cum
1397 4621 1501 4660 non
1555 4607 1763 4677 absque
1815 4622 1982 4664 carne
2032 4608 2112 4662 in-

2220 4610 2549 4682 δημιουργδς
2587 4608 2804 4673 θεῖκῶς,
2841 4608 2935 4662 καὶ
2967 4609 3054 4662 ὅτε
3089 4609 3164 4678 μὴ
3196 4607 3319 4677 δίχα
3365 4610 3539 4661 νοοῖτο
3587 4607 3818 4678 σαρκός.

531 4691 807 4761 telligitur.
840 4692 973 4748 Nam
996 4703 1048 4750 et
1091 4695 1304 4751 divinus
1337 4697 1532 4754 Paulus
1566 4716 1660 4768 pro
1705 4700 1805 4754 hac
1842 4700 2109 4756 sententia

529 4781 683 4848 facit,
734 4784 808 4839 ita
862 4786 1160 4842 scribens:
1237 4808 1256 4841 ι
1325 4787 1542 4845 Gratias
1607 4800 1828 4860 agentes
1888 4792 1998 4848 Deo
2049 4807 2112 4848 ac

528 4875 701 4938 Patri,
743 4878 832 4948 qui
858 4878 1048 4949 dignos
1095 4897 1191 4937 nos
1219 4882 1345 4937 fecit
1377 4883 1429 4937 in
1459 4891 1669 4955 partem
1699 4884 1861 4940 sortis
1897 4895 2114 4941 sancto-

530 4982 675 5031 rum,
709 4967 761 5022 in
793 4968 1016 5024 lumine.
1047 4969 1148 5038 Qui
1179 4974 1378 5044 eripuit
1409 4990 1506 5029 nos
1541 4975 1608 5030 de
1650 4986 1924 5045 patestate
1959 4985 2113 5032 tene-

529 5061 776 5128 brarum,
841 5069 898 5118 et
949 5065 1227 5120 transtulit
1257 5066 1307 5120 in
1355 5081 1580 5137 regnum
1634 5067 1756 5124 Filii
1811 5069 2116 5125 dilectionis

528 5168 660 5209 suae.
717 5152 777 5208 ln
813 5170 919 5224 quo
960 5156 1218 5213 habemus
1249 5160 1695 5230 redemptionem,
1742 5169 1797 5216 et
1841 5161 2117 5216 remissio-

530 5261 650 5301 nem
706 5259 1053 5315 peccatorum
1097 5267 1112 5305 :
1149 5251 1240 5321 qui
1294 5262 1379 5307 est
1420 5253 1597 5323 imago
1656 5251 1750 5308 Dei
1801 5254 2112 5320 invisibilis,

529 5339 919 5410 primogenitus
968 5344 1144 5400 omnis
1203 5356 1486 5400 creaturae.
1543 5346 1813 5414 Quoniam
1869 5347 1920 5401 in
1997 5347 2114 5415 ipso

529 5432 745 5486 condita
775 5443 901 5488 sunt
935 5437 1208 5501 universa,
1238 5437 1290 5491 in
1325 5439 1476 5494 caelis
1495 5448 1551 5492 et
1585 5441 1636 5492 in
1671 5449 1837 5504 terra,
1877 5438 2109 5493 visibilia

529 5530 586 5574 et
621 5522 933 5590 invisibilia,
974 5528 1088 5582 sive
1116 5527 1340 5592 Throni.
1381 5532 1495 5586 sive
1527 5529 1959 5596 Dominationes,
1995 5529 2112 5586 sive

603 5713 1135 5795 °§9arg_._vi,52,55.
1213 5729 1388 5785 ’ibid.
1423 5731 1626 5795 51,52.
1710 5731 2160 5792 "ibiil.57,58.
2242 5730 2436 5785 “Luc.
2473 5728 2628 5791 1,31.

540 5799 614 5850 ιἰ,
647 5785 735 5850 62,
759 5786 847 5841 65.

2220 4703 2576 4773 Συλλήπτορα
2604 4701 2661 4755 δὲ
2698 4701 2793 4754 τοῦ
2837 4701 2999 4768 λόγου
3035 4700 3330 4770 ποιήσομαι
3365 4701 3530 4754 πάλιν
3575 4700 3672 4752 ὼδῒ
3722 4718 3824 4769 γε-

2221 4796 2470 4868 γραφότα
2519 4795 2611 4847 τὸν
2658 4793 2944 4847 θεσπέσιον
2978 4792 3226 4846 Παῦλον·
3271 4811 3288 4845 ι
3344 4793 3824 4864 Εὐχαριστοῦντες

2218 4888 2297 4959 τῷ
2329 4888 2449 4960 Θεῴ
2487 4887 2580 4943 καὶ
2609 4888 2807 4957 Πατρὶ,
2838 4887 2915 4956 τῷ
2950 4885 3277 4940 ἱκανώσαντι
3309 4888 3458 4956 ἡμᾶς
3484 4889 3565 4950 είς
3587 4887 3686 4956 τὴν
3717 4905 3822 4957 μεο

2222 4980 2342 5054 ρίδα
2370 4981 2466 5033 τοῦ
2497 4979 2699 5051 κλήρου
2728 4978 2836 5032 τῶν
2867 4978 3036 5048 ἁγίων
3067 4980 3125 5032 ὲν
3151 4978 3230 5048 τῷ
3257 4979 3416 5048 φωτὶ,
3447 4978 3505 5041 ὃς
3537 4981 3819 5050 ἐρρύσατο

2217 5074 2368 5146 ἡμᾶς
2401 5073 2464 5125 ὲκ
2500 5073 2598 5143 τῆς
2641 5071 2889 5136 ἐξουσίας
2920 5068 3014 5123 τοῦ
3060 5070 3307 5134 σκότους,
3345 5071 3439 5124 καὶ
3473 5071 3817 5140 μετέστησεν

2219 5164 2300 5227 εἰς
2327 5163 2424 5234 τὴν
2455 5161 2733 5233 βασιλείαν
2765 5159 2860 5214 τοῦ
2905 5155 3038 5213 Υίοῦ
3070 5161 3168 5230 τῆς
3203 5161 3422 5230 ἀγάπης
3457 5161 3644 5223 αὑτοῦ,
3677 5162 3736 5214 ἐν

2219 5253 2416 5326 ἔχομεν
2442 5253 2540 5324 τὴν
2571 5250 2967 5324 ἀπολύτρωσιν,
2997 5251 3094 5324 τὴν
3123 5250 3318 5319 ἄφεσιν
3347 5253 3454 5305 τῶν
3495 5252 3815 5323 ἁμαρτιῶν,

2218 5348 2276 5410 ὃς
2311 5350 2457 5400 ἐστιν
2491 5345 2654 5397 εἰκὼν
2700 5342 2794 5396 τοῦ
2827 5341 2963 5396 Θεοῦ
3008 5341 3100 5394 τοῦ
3151 5343 3407 5414 ἀοράτου,
3463 5344 3816 5413 πρωτότοκος

2219 5439 2401 5508 πάσης
2445 5437 2696 5498 κτίσεως,
2733 5436 2815 5488 ὅτι
2849 5435 2907 5487 ἐν
2939 5435 3088 5505 αὐτῷ
3134 5435 3356 5506 ἐκτίσθη
3400 5434 3469 5487 τά
3504 5435 3700 5491 πάντα.
3734 5435 3814 5486 τά.

2218 5545 2275 5582 τε
2323 5530 2381 5581 ἐν
2419 5531 2528 5590 τοῖς
2563 5528 2809 5597 οὐρανοῖς
2839 5528 2933 5584 καὶ
2965 5527 3030 5580 τὰ
3065 5527 3157 5579 ἐπὶ
3209 5527 3306 5596 τῆς
3353 5529 3476 5595 γῆς,
3513 5526 3581 5578 τὰ
3627 5527 3807 5594 ὁρατᾶ

2747 5725 2962 5781 “Joan.
3013 5741 3090 5792 ιιι,
3129 5726 3182 5792 9,
3225 5725 3310 5794 l2,
3369 5727 3446 5780 l3.
3566 5722 3800 5778 “Joan.
