4078 6264
327 373 464 428 ίέίδ

1430 381 1520 436 DE
1559 381 2068 442 INCARNATIONE
2107 385 2480 445 UNIGENITI.

3373 381 3376 386 “
3453 389 3592 446 ιεισ

319 496 417 548 καὶ
464 494 530 546 τὰ
579 491 806 564 ἀόρατα,
835 497 944 551 εἴτε
978 498 1191 570 Θρόνοι,
1230 501 1338 556 εἴτε
1391 504 1750 577 Κυριότητες,
1801 509 1886 562 εἴτε

2013 509 2376 580 Principatus,
2415 509 2529 564 sive
2586 507 2911 569 Petestatcs,
2962 502 3144 558 omnia
3183 516 3282 574 per
3337 504 3510 574 ipsum
3537 513 3592 560 et

313 584 534 656 Ἀρχαὶ,
557 586 970 655 εῐτεἘξουσίαι,
997 592 1065 654 τὰ
1095 593 1274 648 πάντα
1297 595 1363 648 δι’
1397 598 1562 652 αὐτοῦ
1587 601 1679 652 καὶ
1705 601 1784 664 εις
1809 602 1906 656 αὐ-

307 678 408 730 τὸν
434 677 702 744 ἔκτισται,
739 681 834 734 καὶ
884 682 1048 746 αὐτός
1087 684 1204 738 ἐστι
1251 687 1360 757 πρὸ
1405 690 1646 758 πάντων,
1698 692 1791 744 καὶ
1833 693 1906 746 τὰ

307 768 500 822 πάντα
525 771 582 822 ὲν
611 769 760 842 αὐτῷ
789 773 1106 844 συνέστηκε,
1137 776 1232 828 καὶ
1261 777 1424 840 αὐτός
1451 780 1600 834 ἐστιν
1625 783 1658 852 ἠ
1693 780 1902 852 κεφαλὴ

302 861 411 916 τοῦ
447 860 699 932 σώματος
757 865 856 934 τῆς
897 865 1245 936 Ἐκκλησίας,
1279 869 1338 931 ὃς
1371 869 1518 923 ἐστιν
1552 872 1718 944 ἀρχὴ,
1745 890 1900 942 πρω-

300 953 534 1015 τότοκος
568 955 631 1007 ἐκ
660 955 768 1010 τῶν
803 956 1036 1025 νεκρῶν,
1071 958 1158 1011 ἵνα
1189 959 1413 1030 γένηται
1452 962 1510 1014 ὲν
1545 964 1709 1014 πᾶσιν
1738 964 1902 1027 αὐτὸς

304 1045 637 1113 πρωτεύων,
685 1047 767 1098 ὅτι
799 1047 854 1100 ὲν
889 1047 1037 1118 αὐτῷ
1071 1049 1342 1120 ηὐδόκησε
1390 1053 1496 1105 πᾶν
1522 1053 1584 1105 τὸ
1623 1055 1898 1124 πλήρωμα

302 1135 382 1188 δι’
416 1135 580 1188 αὑτοῦ
630 1141 974 1208 κατοικῆσαι,
1025 1140 1119 1192 καὶ
1152 1141 1219 1194 δι’
1248 1141 1412 1194 αὑτοῦ
1455 1145 1899 1210 ἀποκαταλλάξαι

304 1226 382 1279 τὰ
413 1227 585 1280 πάντα
621 1230 700 1291 είς
745 1229 927 1294 αὑτὸν,
963 1233 1380 1303 εἰρηνοποιήσας
1412 1233 1500 1286 διὰ
1539 1234 1633 1287 τοῦ
1665 1235 1895 1304 αἵματος

305 1317 410 1370 τοῦ
445 1319 675 1389 σταυροῦ
707 1319 895 1384 αὐτοῦ,
931 1322 1039 1374 εἴτε
1066 1323 1133 1375 τὰ
1166 1324 1257 1376 ἐπὶ
1283 1323 1383 1392 τῆς
1421 1324 1546 1393 γῆς,
1591 1325 1700 1378 εἴτε
1731 1325 1800 1378 τὰ
1837 1327 1892 1380 ὲν

305 1410 428 1470 τοῖς
457 1408 719 1478 οὐρανοῖς.
755 1430 774 1462 ι
823 1411 953 1464 Ἰδοὺ
985 1411 1048 1481 δὴ
1079 1412 1238 1466 πάλιν
1293 1414 1593 1482 ἀναφανδὸν
1625 1415 1690 1468 δι’
1726 1416 1889 1470 αὐτοῦ

309 1516 449 1568 φησι
501 1501 590 1552 καὶ
623 1501 702 1564 εἰς
727 1501 889 1554 αὑτὸν
920 1503 1161 1556 ἐκτίσθαι
1190 1504 1256 1558 τὰ
1287 1505 1464 1559 πάντα
1484 1522 1496 1535 ·
1529 1507 1623 1558 καὶ
1659 1505 1783 1576 μὴν,
1811 1507 1892 1559 ὅτι

307 1589 419 1657 πρὸ
462 1589 677 1642 πάντων
709 1591 846 1656 ἐστὶ,
891 1592 986 1644 καὶ
1031 1592 1112 1645 ὅτι
1143 1594 1211 1648 τὰ
1243 1595 1418 1648 πάντα
1460 1595 1787 1665 συνέστηκεν
1833 1599 1890 1650 ὲν

308 1676 489 1747 αὐτῷ’
527 1680 618 1731 καὶ
647 1680 806 1732 αὐτὸν
833 1675 969 1734 εἷναί
1016 1700 1148 1752 φησι
1169 1669 1172 1672 ’
1193 1685 1535 1752 πρωτότοκον
1567 1685 1630 1736 ἐκ
1660 1685 1886 1755 νεκρῶν,

310 1769 802 1839 εἰρηνοποιήσαντα
848 1771 936 1824 διὰ
984 1773 1074 1825 τοῦ
1128 1775 1357 1844 αἵματος
1412 1775 1693 1841 αὑτοῦ,τά
1721 1793 1782 1828 τε
1829 1778 1887 1828 ὲν

2015 603 2070 658 in
2095 601 2214 672 ipso
2235 609 2419 657 creata
2453 605 2600 656 sunt.
2629 600 2697 656 Et
2725 598 2838 668 ipse
2871 609 2956 654 est
2989 605 3116 653 ante
3157 612 3367 663 omnes,
3391 606 3446 652 et
3469 613 3592 653 om-

2010 693 2098 748 nia
2157 693 2210 747 in
2267 691 2393 762 ipso
2425 699 2699 746 constant.
2731 690 2794 744 Et
2830 690 2942 758 ipse
2993 697 3078 744 est
3128 697 3290 757 caput
3341 688 3588 756 corporis

2005 780 2281 846 Ecclesiae,
2307 778 2397 850 qui
2426 789 2508 833 est
2534 779 2884 849 principium,
2909 778 3299 848 primogenitus
3333 775 3496 846 709
3515 790 3582 830 ex

2007 873 2260 936 mortuis,
2306 881 2365 925 ut
2389 871 2461 926 sit
2510 874 2562 925 in
2603 871 2854 926 omnibus
2894 873 3008 940 ipse
3043 871 3334 940 primatum
3367 878 3584 922 tenens.

2003 964 2136 1030 Quia
2165 964 2216 1018 in
2251 965 2365 1033 ipso
2384 964 2710 1032 complacuit
2733 978 2946 1018 omnem
2979 963 3362 1032 plenitudinem
3399 960 3586 1012 divini-

2001 1055 2130 1110 tatis
2162 1055 2484 1118 inhabitare,
2532 1065 2587 1110 et
2633 1071 2727 1124 per
2753 1069 2875 1107 eum
2925 1053 3262 1108 reconciliari
3303 1050 3482 1104 omnia
3528 1049 3586 1103 in

2001 1146 2136 1214 ipso,
2172 1143 2549 1214 paciﬁcantem
2601 1159 2699 1213 per
2755 1144 3069 1213 sanguinem
3102 1144 3278 1196 crucis
3321 1141 3436 1209 ejus
3473 1139 3586 1194 sive

1999 1249 2118 1304 quia:
2158 1235 2210 1288 in
2263 1234 2444 1300 terris,
2505 1235 2619 1288 sive
2679 1249 2798 1302 qua:
2845 1235 2896 1286 iu
2923 1235 3076 1288 ccclis
3129 1241 3256 1286 sunt
3286 1231 3350 1284 ιδ.
3392 1249 3410 1282 ι
3446 1229 3585 1284 Ecce

1997 1341 2157 1395 quam
2190 1333 2376 1394 aperte
2407 1325 2568 1384 dicat,
2597 1341 2694 1395 per
2725 1326 2898 1393 ipsum
2929 1333 2983 1378 et
3018 1324 3068 1376 in
3103 1324 3220 1389 ipso
3249 1331 3427 1376 creata
3465 1335 3584 1375 esse

1995 1417 2172 1472 omnia
2206 1433 2220 1470 :
2247 1417 2496 1486 quodque
2519 1427 2644 1470 ante
2671 1430 2862 1472 omnes
2884 1415 2974 1479 sit,
3000 1421 3053 1468 et
3082 1414 3222 1481 quod
3243 1413 3421 1465 omnia
3456 1427 3582 1464 cono

1994 1515 2140 1562 Stant
2176 1507 2227 1561 in
2258 1507 2393 1576 ipso.
2429 1506 2698 1562 Praeterea
2744 1506 2875 1560 dicit
2904 1506 3074 1574 ipsum
3111 1517 3230 1557 esse
3253 1501 3580 1572 primogeni-

1995 1609 2104 1653 tum
2137 1614 2204 1654 ex
2247 1600 2496 1660 mortuis,
2534 1598 2780 1668 quodque
2816 1597 3119 1666 paciﬁcarit
3154 1609 3248 1664 per
3265 1595 3580 1662 sanguinem

1994 1704 2150 1744 suum
2199 1704 2531 1759 quaecunque
2560 1689 2614 1742 in
2645 1688 2798 1743 cmlis
2837 1695 2983 1752 sunt,
3035 1694 3091 1740 et
3141 1698 3472 1754 quaecunque
3527 1685 3580 1736 in

1995 1781 2176 1848 terris.
2237 1781 2400 1849 Atqui
2449 1781 2570 1850 quis
2626 1789 2712 1834 est
2767 1779 3158 1849 primogenitus
3214 1791 3281 1830 ex
3326 1776 3576 1838 mortuis.

309 1861 424 1922 τοῖς
451 1861 715 1930 οὐρανοῖς,
750 1865 840 1916 καὶ
872 1864 940 1917 τὰ
971 1866 1060 1918 ἐπὶ
1085 1867 1182 1936 τῆς
1212 1868 1335 1936 γῆς.
1371 1864 1504 1920 Εἶτα
1528 1868 1610 1930 τίς
1641 1871 1669 1922 ό
1707 1871 1770 1921 ἐκ
1801 1885 1886 1920 νε-

1996 1871 2099 1926 nisi
2152 1869 2399 1925 Christus
2428 1871 2605 1934 .lesus,
2643 1870 2746 1924 hoc
2791 1879 2894 1935 est,
2958 1869 3190 1924 Verbum
3241 1869 3296 1922 in
3329 1882 3492 1921 carne
3525 1877 3582 1920 et

312 1949 461 2020 κρῶν
489 1953 848 2021 πρωτότοκος,
878 1957 927 2008 εἰ
955 1957 1030 2026 μὴ
1061 1957 1292 2027 Χριστὸς
1331 1956 1558 2027 Ἰησοῦς,
1587 1958 1886 2022 τουτέστιν,

311 2040 370 2090 ἐν
407 2041 568 2110 σαρκὶ
601 2043 696 2094 καὶ
745 2043 882 2113 μετὰ
931 2046 1132 2116 σαρκὸς
1179 2047 1208 2098 ὁ
1240 2047 1445 2114 Λόγος;
1503 2045 1734 2118 Τεθναίη
1780 2047 1888 2118 γὰρ

307 2130 374 2183 ἂν
401 2131 517 2184 οὔτι
545 2151 646 2185 που
672 2133 806 2198 Θεὸς
835 2133 908 2188 ὢν
934 2139 960 2189 ὁ
990 2137 1178 2204 Λόγος,
1211 2137 1318 2190 οὐδ’
1343 2137 1407 2191 ἂν
1431 2141 1602 2192 νοοῖτο
1623 2139 1732 2191 τῶν
1755 2139 1888 2192 ὅλων

305 2220 638 2293 δημιουργὸς
677 2225 800 2278 καθ’
849 2229 996 2297 ἡμᾶς
1037 2226 1112 2282 ὢν
1163 2229 1470 2300 ἄνθρωπος,
1519 2231 1566 2282 εἰ
1617 2229 1690 2301 μὴ
1738 2231 1889 2301 δεδη-

310 2314 613 2386 μιούργηκε
667 2317 766 2386 μὲν
814 2318 888 2382 ὡς
933 2319 1084 2382 Θεὸς,
1130 2322 1226 2374 καὶ
1277 2323 1324 2374 εξ
1382 2322 1456 2391 μὴ
1503 2322 1626 2390 δίχα
1681 2321 1890 2393 σαρκὸς

307 2407 480 2457 νοοῖτο
517 2405 657 2475 μετὰ
688 2406 786 2478 τὴν
818 2409 1031 2464 ἕνωσιν.
1065 2412 1413 2482 Πρωτότοκος
1459 2413 1516 2466 δὲ
1559 2415 1653 2468 καὶ
1694 2415 1758 2468 ὲκ
1801 2433 1888 2468 νε-

308 2492 478 2562 κρῶν,
531 2496 666 2549 καθὸ
705 2499 944 2570 πέφηνεν
991 2501 1294 2572 ἄνθρωπος,
1349 2503 1451 2556 οὐκ
1501 2504 1791 2558 ἀποϐαλὼν
1827 2507 1890 2559 τὸ

304 2581 444 2639 εἶναι
489 2585 644 2653 Θεὸς,
693 2588 780 2643 διὰ
809 2589 910 2661 τὴν
951 2593 1380 2665 ὲνανθρὼπησιν.
1427 2595 1541 2649 Οῐιι
1587 2613 1640 2649 τι
1692 2598 1888 2668 χρῆναι

302 2673 512 2740 τούτοις
543 2680 804 2751 ἐπιτιμᾷν
827 2697 842 2748 ;
1535 2709 1540 2713 -

369 2790 430 2847 Β.
473 2791 599 2846 Οὐδ’
631 2793 956 2850 ὁπωστιοῦν.

277 2899 297 2917 ⁸
365 2907 429 2959 Α.
475 2905 633 2970 Ἵδοις
673 2906 719 2960 δ’
747 2907 814 2961 ἂν
843 2907 937 2961 καὶ
966 2909 1195 2980 ἑτέρωθι
1227 2911 1315 2966 διὰ
1358 2913 1465 2966 τῶν
1499 2913 1676 2968 αὐτῶν
1712 2915 1890 2980 ἰόντας

297 2996 470 3066 λόγων
498 2998 624 3062 τοὺς
652 3002 1148 3073 πνευματοφόρους.
1194 3005 1445 3074 Ἰωάννης
1477 3006 1574 3077 μὲν
1600 3009 1728 3078 γὰρ,
1759 3027 1778 3060 (
1802 3009 1891 3062 Ἐν

299 3089 464 3158 ἀρχῇ,
497 3091 682 3158 φησὶν,
714 3091 742 3144 ὸ
781 3091 955 3160 Λόγος
986 3088 1073 3163 ἦν,
1112 3095 1205 3147 καὶ
1245 3097 1272 3148 ό
1314 3097 1485 3165 Λόγος
1531 3093 1599 3170 ἦν
1633 3099 1769 3169 πρὸς
1799 3099 1890 3152 τὸν

1991 1977 2112 2016 cum
2140 1977 2304 2016 carne
2327 1963 2349 2015 ?
2373 1961 2558 2031 Neque
2586 1962 2730 2016 enim
2781 1962 2918 2015 mori
2949 1970 3114 2029 queat
3145 1959 3286 2013 Deus
3313 1957 3580 2012 exsistens

1995 2052 2226 2106 Verbum
2266 2071 2278 2106 :
2318 2067 2492 2122 neque
2532 2059 2747 2106 creator
2775 2052 2940 2105 totius
2978 2050 3218 2104 universi
3251 2048 3352 2102 dici
3407 2046 3580 2114 possit

1991 2141 2154 2196 homo
2183 2143 2350 2196 nostri
2383 2141 2596 2206 similis,
2632 2142 2732 2195 nisi
2757 2140 3026 2195 creaverit
3061 2139 3298 2209 quidem,
3330 2147 3386 2189 ut
3414 2135 3572 2202 Deus,

1993 2234 2208 2289 tametsi
2236 2249 2340 2288 non
2392 2234 2597 2302 absque
2620 2248 2781 2287 carne
2829 2231 3054 2300 intelligi
3085 2237 3278 2300 potest,
3306 2237 3426 2298 post
3453 2227 3576 2282 uni-

1993 2335 2178 2380 tatcm.
2217 2325 2610 2394 Primogenitus
2635 2339 2762 2379 vero
2800 2339 2863 2379 ex
2917 2323 3148 2378 mortuis
3168 2329 3272 2385 est,
3308 2331 3576 2390 quatenus

1991 2415 2241 2484 apparuit
2263 2415 2444 2476 homo,
2479 2414 2690 2469 tametsi
2714 2423 2934 2483 propter
2981 2410 3411 2466 incarnationem
3468 2423 3572 2463 non

1991 2505 2211 2558 desierit
2247 2518 2369 2558 esse
2417 2502 2580 2561 Deus.
2642 2503 2937 2559 Videturne
2992 2499 3086 2556 tibi
3135 2498 3338 2568 aliquid
3387 2498 3440 2552 in
3483 2497 3572 2552 his

1992 2591 2492 2660 reprehendendum
2521 2592 2544 2644 ‘i

2062 2797 2122 2850 Β.
2155 2795 2526 2865 Nequaquam.

2061 2910 2128 2963 A.
2167 2908 2275 2963 Sed
2308 2916 2364 2964 et
2395 2907 2519 2962 alibi
2545 2908 2648 2962 hoc
2678 2906 2852 2978 ipsum
2888 2913 3193 2960 asserentes
3242 2901 3427 2957 videas
3479 2915 3576 2958 eos

1993 3001 2082 3070 qui
2115 3001 2296 3055 divino
2345 3000 2550 3070 Spiritu
2595 2999 2758 3053 amati
2809 2997 3050 3052 fuerunt.
3101 2995 3338 3050 Joannes
3385 2995 3569 3050 enim:

1999 3109 2018 3142 ι
2061 3091 2114 3144 In
2139 3090 2421 3161 principio,
2459 3089 2651 3159 inquit,
2675 3099 2793 3144 erat
2817 3085 3072 3150 Verbum,
3108 3096 3160 3140 et
3190 3085 3423 3139 Verbum
3457 3093 3574 3137 erat

299 3181 453 3244 Θεὸν,
501 3183 594 3235 καὶ⁵
627 3182 756 3246 Θεὸς
785 3180 850 3253 ἦν
884 3186 912 3237 ό
945 3186 1136 3254 Λόγος.
1184 3183 1352 3251 Οὗτος
1383 3189 1450 3260 ἦν
1487 3193 1544 3242 ἐν
1587 3193 1726 3263 ἀρχῇ
1757 3192 1886 3264 πρὸς

1995 3183 2133 3250 apud
2171 3180 2356 3244 Deum,
2419 3191 2472 3234 et
2517 3182 2656 3235 Deus
2701 3189 2818 3234 erat
2876 3177 3126 3233 Verbum.
3184 3175 3298 3230 lloe
3351 3185 3469 3230 erat
3518 3175 3570 3229 in

297 3270 391 3322 τὸν
427 3271 578 3325 Θεόν.
609 3273 791 3326 Πάντα
833 3273 898 3326 δι’
938 3275 1100 3327 αὑτοῦ
1132 3277 1366 3345 ἐγένετο,
1399 3281 1493 3332 καὶ
1522 3282 1688 3350 χωρὶς
1725 3280 1888 3334 αὑτοῦ

299 3361 517 3428 ἐγένετο
573 3363 691 3414 οὐδὲ
716 3363 792 3415 ἓν.
827 3384 846 3415 ι
879 3365 1088 3428 Παῦλος
1112 3365 1168 3418 δὲ
1197 3362 1288 3420 αὖ*
1324 3363 1448 3430 «Εἷς
1471 3369 1598 3432 Θεὸς
1623 3370 1649 3420 ό
1679 3369 1889 3440 Πατὴρ,

299 3453 359 3515 ἐξ
390 3447 448 3505 οὗ
485 3453 551 3505 τὰ
584 3453 756 3506 πάντα
780 3472 792 3484 ·
825 3452 903 3518 εἷς
945 3455 1144 3526 Κύριος
1190 3458 1394 3527 Ἰησοῦς
1431 3459 1682 3526 Χριστὸς,
1719 3461 1788 3512 δι’
1830 3452 1890 3512 οὗ

299 3547 368 3600 τὰ
403 3546 600 3599 πάντα.
631 3565 650 3598 ›
698 3547 836 3599 Ἀλλ’
863 3550 1019 3620 εἴπερ
1059 3545 1126 3620 ἦν
1169 3551 1230 3602 τὸ
1277 3551 1610 3620 μεσο).αϐοῦν
1658 3552 1795 3622 μετὰ
1829 3552 1891 3605 τὸ

301 3638 539 3708 ἡνῶσθαι
575 3641 736 3711 σαρκὶ
773 3641 861 3692 τὸν
907 3642 1091 3709 Λόγον,
1138 3643 1230 3694 καὶ
1262 3644 1341 3706 εἰς
1374 3644 1668 3714 ἑτερότητα
1715 3661 1888 3697 κατα-

301 3731 561 3802 διαιροῦν,
580 3731 676 3802 τὴν
703 3733 776 3796 ὡς
794 3733 924 3786 υἱῶν
951 3734 1112 3786 δυάδα
1136 3737 1298 3805 φημὶ,
1325 3737 1466 3788 κατὰ
1489 3736 1547 3789 τὸ
1574 3739 1653 3789 σοὶ
1673 3737 1883 3802 δοκοῦν,

305 3823 419 3887 πῶς
455 3825 518 3876 ἂν
549 3823 770 3894 ἐκτίσθη
799 3825 864 3877 τὰ
893 3827 1066 3878 πάντα
1089 3826 1176 3879 διὰ
1215 3827 1388 3897 Ἰησοῦ
1409 3827 1643 3900 Χριστοῦ
1671 3846 1684 3896 ;
1725 3828 1886 3882 Ἀλλὰ

303 3915 410 3983 μὴν
443 3915 662 3987 ἐκτίσθη
699 3915 764 3968 δι’
808 3918 970 3970 αὑτοῦ
1001 3918 1067 3971 τὰ
1116 3920 1315 3972 πάντα.
1351 3921 1625 3991 Πρόδηλον
1680 3916 1773 3974 οὖν
1802 3923 1883 3974 ὅτι

295 4006 363 4056 τὰ
399 4005 555 4074 φύσει
587 4024 642 4059 τε
674 4007 764 4060 καὶ
794 4007 975 4072 ίδικῶς
1021 4009 1393 4080 ἐνυπάρχοντα
1439 4011 1516 4080 τῷ
1557 4013 1621 4062 ἐκ
1671 4013 1885 4082 Πατρὸς

291 4095 406 4149 ιντι
455 4099 636 4167 Λόγῳ,
684 4101 980 4170 τετήρηται
1039 4102 1200 4154 πάλιν
1243 4102 1389 4171 αὐτῴ
1434 4103 1527 4156 καὶ
1567 4104 1653 4155 ὅτε
1693 4103 1882 4171 γέγονε

291 4189 455 4260 σάρξ.
493 4190 822 4258 Ἐπισιραλὲς
849 4187 938 4244 οὖν
967 4192 1095 4262 ἄρα,
1123 4194 1184 4245 τὸ
1213 4193 1520 4263 διατέμνειν
1543 4194 1876 4264 ἀποτολμᾷν.

289 4277 388 4344 Εἷς
415 4282 524 4354 γὰρ
555 4282 759 4354 Κύριος
819 4283 1022 4352 Ἰησοῦς
1060 4285 1314 4355 Χριστὸς,
1365 4287 1458 4339 καὶ
1501 4287 1566 4340 δι’
1599 4285 1763 4340 αὑτοῦ
1811 4286 1881 4340 τὰ

287 4373 473 4427 πάντα
508 4375 976 4447 δεδημιούργηκεν
1002 4378 1030 4429 ό
1061 4378 1270 4448 Πατήρ.

353 4669 422 4722 B.
472 4666 712 4736 Ἀληθές.

349 4781 423 4832 Α.
455 4779 614 4832 Ἐστι
659 4778 948 4850 τοιγαροῦν
996 4779 1092 4833 καὶ
1141 4779 1494 4850 δημιουργὸς,
1535 4781 1754 4846 θεῖκῶς,
1783 4783 1876 4834 καὶ

277 4871 570 4937 ζωοποιὸς,
616 4872 690 4934 ὡς
733 4871 866 4942 ζωὴ,
912 4872 1330 4944 ὲνανθρωπίνως
1382 4872 1438 4926 δὲ
1509 4869 1576 4926 αὖ
1624 4875 1717 4926 καὶ
1763 4877 1878 4936 τοῖς

273 4965 427 5034 ὑπὲρ
481 4964 766 5036 ἄνθρωπον
830 4965 1118 5035 ἰδιώμασιν
1183 4967 1262 5029 εἰς
1313 4965 1371 5018 ἓν
1432 4983 1484 5018 τι
1547 4967 1608 5019 τὸ
1667 4966 1869 5036 μεταξὺ

282 5056 661 5124 συγκείμενος.
691 5057 933 5128 Μεσίτης
963 5057 1068 5127 γάρ
1098 5058 1211 5110 ἐστι
1250 5056 1384 5110 Θεοῦ
1413 5057 1506 5110 καὶ
1547 5058 1868 5129 ἀνθρώπων,

275 5147 428 5200 κατὰ
452 5147 549 5210 τὰς
585 5147 832 5218 Γραφὰς,
880 5148 1042 5216 φύσει
1088 5149 1187 5218 μὲν
1215 5149 1473 5219 ὑπάρχων
1503 5149 1654 5213 Θεὸς,
1687 5150 1779 5201 καὶ
1810 5149 1870 5202 οὐ

273 5239 407 5309 δίχα.
443 5241 663 5311 σαρκὸς,
735 5241 1025 5312 ἄνθρωπος
1081 5243 1137 5294 δὲ
1185 5241 1420 5310 ἀληθῶς,
1469 5242 1560 5294 καὶ
1609 5242 1668 5293 οὐ
1718 5241 1872 5310 ψιλὸς

275 5331 407 5384 καθ’
440 5332 606 5399 ἡμᾶς,
668 5332 783 5384 ἀλλ’
843 5334 916 5385 ὢν
947 5335 1086 5402 ὅπερ
1128 5329 1216 5403 ἦν,
1254 5334 1348 5385 καὶ
1375 5335 1422 5386 ει
1473 5334 1667 5401 γέγονε
1715 5333 1870 5402 σάρξ.

281 5423 600 5491 Γέγραπται
663 5423 791 5493 γὰρ,
844 5425 925 5476 δτι
969 5443 987 5474 ί
1051 5422 1253 5493 Ἰησοῦς
1320 5425 1554 5494 Χριστὸς
1607 5423 1731 5494 χθὲς
1784 5425 1875 5475 καὶ

277 5513 541 5578 σήμερον,
583 5510 798 5574 ὁαὺτὸς
847 5513 942 5565 καὶ
1005 5514 1083 5574 εἰς
1141 5513 1266 5574 τοὺς
1322 5515 1544 5578 αἰῶνας.
1583 5533 1598 5562 ι
1631 5511 1702 5566 Ἦ
1768 5515 1872 5583 γὰρ

270 5601 397 5669 οὔχὶ
447 5601 534 5654 διὰ
585 5603 682 5672 τῆς
740 5605 902 5670 ἁγίας
931 5605 1209 5674 Παρθένου
1248 5607 1496 5674 τετέχθαι
1543 5606 1870 5676 πιστεύομεν

750 5805 933 5858 12-20.

379 5801 627 5859 “Cultus.
666 5821 702 5864 ε.
750 5805 933 5858 12-20.
1017 5806 1232 5860 “Joan.
1269 5820 1301 5861 ι.
1345 5808 1458 5866 1-5.

1544 5813 1624 5866 hil
1657 5811 1778 5867 Cur.
1810 5827 1926 5868 rut.
1959 5814 2009 5864 6.

1995 3273 2260 3341 principio
2286 3275 2422 3341 apud
2457 3274 2641 3327 Deum.
2668 3271 2860 3328 Ouinia
2889 3285 2986 3339 per
3020 3271 3194 3339 ipsum
3230 3268 3370 3322 facta
3422 3277 3568 3330 sunt,

1995 3374 2048 3418 et
2093 3366 2214 3420 sine
2261 3365 2378 3432 ipso
2409 3365 2609 3418 factum
2667 3374 2749 3417 est
2801 3363 2934 3415 nihil
2964 3363 3027 3415 ".
3073 3381 3091 3412 )
3137 3361 3333 3414 Paulus
3385 3373 3515 3413 vero
3553 3375 3568 3413 :

1999 3473 2018 3506 ι
2063 3455 2237 3522 Unus,
2298 3459 2493 3525 inquit,
2533 3458 2676 3511 Deus
2719 3457 2898 3521 Pater,
2942 3471 3006 3510 ex
3043 3469 3149 3523 quo
3173 3453 3393 3516 omnia;
3431 3439 3586 3504 unus-

1993 3546 2250 3603 Dominus
2304 3547 2462 3604 Jesus
2519 3549 2790 3612 Christus,
2853 3563 2950 3618 per
3016 3561 3175 3615 quem
3234 3545 3414 3599 omnia
3439 3543 3504 3597 “.
3543 3561 3565 3595 ι

1990 3641 2154 3710 Atqui
2177 3643 2220 3696 si
2254 3652 2372 3697 erat
2402 3642 2604 3711 aliquid
2627 3643 2977 3706 discriminis,
3009 3648 3290 3711 postquam
3325 3637 3560 3692 Verbum

1992 3736 2197 3788 unitum
2228 3743 2311 3790 est
2361 3736 2534 3800 carni,
2587 3733 2838 3804 quodque
2896 3733 3043 3787 illum
3095 3733 3146 3786 in
3197 3731 3567 3796 diversitatem

1989 3829 2278 3896 quamdam
2311 3828 2530 3890 dividat,
2556 3827 2629 3880 ita
2668 3836 2723 3878 ut
2752 3825 3063 3878 dualitatem
3099 3823 3386 3890 quamdam
3425 3822 3566 3873 lilio-

1989 3935 2103 3972 rum
2129 3920 2442 3982 constituat,
2492 3919 2630 3970 sicut
2654 3917 2750 3968 tibi
2783 3917 2992 3967 videtur
3026 3931 3039 3966 :
3079 3914 3346 3977 quomodo
3383 3911 3564 3962 omnia

1985 4021 2166 4065 creata
2198 4020 2320 4062 sunt
2364 4024 2460 4077 per
2505 4006 2686 4061 Jesum
2721 4005 2994 4058 Christum
3023 4003 3048 4055 ?
3071 4002 3232 4069 Atqui
3266 3999 3443 4054 omnia
3469 4013 3566 4066 per

1985 4102 2160 4170 ipsum
2191 4109 2371 4153 creata
2405 4107 2546 4151 sunt.
2574 4096 2913 4149 Manifestum
2950 4094 3110 4163 igitur
3141 4102 3222 4146 est
3254 4091 3396 4158 quod
3439 4105 3561 4157 quae

1984 4203 2175 4246 natura
2207 4201 2259 4244 et
2292 4189 2638 4257 peculiariter
2693 4188 2875 4242 insunt
2930 4185 3104 4240 Verbo
3135 4184 3276 4253 quod
3306 4197 3370 4235 ex
3401 4179 3564 4234 Patre

1983 4285 2244 4355 procedit,
2277 4295 2492 4338 manent
2518 4283 2678 4336 etiam
2709 4283 2759 4335 in
2787 4281 2903 4348 ipso
2937 4293 3059 4334 cum
3081 4277 3280 4332 factum
3305 4283 3390 4329 est
3414 4289 3562 4332 caro.

1981 4377 2350 4433 Periculosum
2409 4379 2588 4446 itaque
2649 4383 2732 4430 est
2787 4375 2898 4429 haec
2935 4372 3121 4444 partiri
3169 4385 3234 4426 ac
3285 4383 3558 4438 separare.

1979 4471 2135 4530 Unus
2158 4473 2300 4525 enim
2335 4470 2595 4524 Dominus
2623 4467 2781 4523 Jesus
2817 4465 3086 4530 Christus,
3142 4475 3195 4518 et
3235 4477 3330 4532 per
3383 4459 3558 4532 ipsum

1909 4541 1956 4598 Ῑ)
1982 4565 2161 4620 omnia
2195 4563 2398 4618 creavit
2425 4561 2605 4616 Pater.

2054 4681 2114 4733 Β.
2145 4679 2217 4732 lla
2246 4687 2348 4732 est.

2053 4793 2118 4845 Α.
2161 4789 2258 4843 Est
2312 4789 2476 4858 igitur
2515 4797 2569 4842 et
2613 4797 2848 4849 creator,
2885 4783 3185 4839 divinitatis
3243 4781 3562 4847 ratione;et

1983 4879 2283 4942 virilicans,
2337 4887 2520 4946 utpote
2573 4878 2726 4930 vita:
2784 4876 3017 4929 humana
3082 4883 3261 4926 autem
3322 4870 3558 4924 vicissim

1983 4971 2214 5034 ratione,
2261 4985 2324 5022 ex
2357 4968 2778 5038 proprietatibus
2829 4981 2948 5034 rpite
2983 4963 3252 5019 hominem
3286 4962 3559 5016 excedunt

1982 5059 2033 5112 in
2075 5074 2238 5112 unum
2273 5058 2399 5125 quid
2442 5057 2817 5110 intermedium
2864 5052 3213 5119 compositus.
3295 5049 3559 5103 Mctliator

1980 5148 2123 5200 enim
2160 5156 2243 5200 est
2270 5147 2360 5199 Dei
2395 5153 2448 5198 et
2474 5145 2772 5207 hominum,
2815 5143 3108 5197 secundum
3143 5139 3454 5207 Scripturas
3487 5138 3556 5204 ",

1981 5249 2168 5292 natura
2203 5237 2417 5306 quidem
2452 5235 2724 5288 exsistens
2751 5232 2908 5295 Deus,
2935 5241 2987 5286 et
3015 5247 3117 5284 non
3141 5230 3345 5297 absque
3369 5242 3554 5290 carne,

1978 5330 2138 5382 homo
2173 5339 2349 5382 autem
2388 5342 2533 5393 vere,
2571 5341 2672 5380 non
2718 5326 2861 5378 unde
2908 5333 3069 5391 atque
3120 5321 3456 5388 simpliciter,
3495 5329 3556 5374 ut

1978 5436 2093 5483 nos,
2124 5421 2215 5473 sed
2244 5420 2512 5472 cxsistens
2557 5419 2607 5470 id
2641 5417 2781 5484 quod
2819 5427 2955 5481 erat,
3009 5413 3219 5466 etiamsi
3271 5411 3447 5464 factus
3486 5413 3556 5466 sit

1976 5529 2123 5566 caro.
2179 5511 2451 5580 Scriptum
2499 5519 2580 5565 est
2626 5512 2792 5570 enim,
2847 5507 2990 5575 quod
3035 5523 3054 5556 ι
3107 5503 3262 5559 Jesus
3305 5503 3555 5558 Christus

1977 5605 2086 5660 heri
2127 5612 2179 5658 et
2211 5603 2414 5669 hodie;
2446 5603 2586 5656 idem
2633 5601 2745 5670 ipse
2795 5609 2846 5652 et
2898 5598 3061 5668 710
3107 5598 3160 5652 in
3201 5595 3394 5652 saecula
3428 5595 3493 5650 ³⁸.
3524 5611 3550 5648 a

2107 5810 2187 5863 "l
2223 5810 2360 5864 Tim.
2398 5827 2453 5870 ιι.
2487 5810 2536 5862 ὅ.
2621 5806 2660 5837 ¹⁸
2691 5804 2851 5859 llelu'.
2887 5818 3006 5869 xm,
3039 5803 3090 5861 8.
