4078 6264
472 315 606 372 i9.“

475 525 678 584 ultimis
729 518 912 577 saeculi
957 514 1290 583 temporibus
1312 505 1761 566 Emmanuelem?

543 618 605 672 B.
665 612 917 668 Omnino.
966 607 1157 676 Neque
1189 604 1334 660 enim
1383 600 1555 656 sacris
1604 595 1904 668 Scripturis
1957 610 2043 649 re—

477 717 793 777 pugnamus.

546 774 612 849 Ᾱ.
638 795 705 849 Αι
731 805 878 852 vero,
903 788 988 842 dic
1013 784 1167 851 mihi,
1188 781 1378 847 amice,
1412 780 1552 835 illud
1572 797 1591 831 σ
1623 777 1739 834 heri
1757 785 1809 831 et
1834 774 1994 830 hodie
2022 791 2042 824 ι

480 895 656 935 nonne
711 889 946 947 praesens
991 881 1046 928 et
1094 874 1204 943 jam
1241 870 1574 941 prmieritum
1625 878 1838 936 tempus
1885 863 2049 934 signi-

482 969 646 1026 ﬁcat?

546 1062 607 1116 B.
639 1060 734 1114 Ila.

548 1153 613 1206 A.
663 1149 945 1219 Quomodo
998 1149 1163 1218 igitur
1221 1144 1362 1200 idem
1418 1142 1527 1197 erit
1582 1156 1704 1195 cum
1758 1138 2051 1208 praeterito,

483 1242 693 1297 tametsi
716 1241 952 1296 nondum
982 1237 1276 1293 secundum
1316 1248 1533 1289 carnem
1564 1240 1722 1286 natus
1753 1229 1865 1284 sit?

551 1328 614 1385 Β.
645 1327 779 1394 Quia
805 1335 920 1381 erat
951 1323 1187 1380 Verbum
1227 1322 1386 1377 etiam
1427 1321 1482 1376 in
1509 1319 1798 1390 principio,
1845 1325 1901 1372 et
1935 1325 2055 1371 tan-

482 1433 645 1488 qualt
704 1433 770 1472 ex
810 1425 1014 1471 aeterno
1067 1423 1232 1482 atque
1281 1410 1604 1466 immutabili
1646 1408 1756 1465 Deo
1789 1423 1852 1462 ac
1898 1407 2058 1463 Patre

483 1510 802 1579 procedens,
857 1507 1214 1562 aeternitatem
1262 1518 1477 1574 quoque
1506 1513 1666 1573 atque
1697 1499 2052 1556 immutabili-

487 1609 647 1655 tatem
687 1599 737 1652 in
768 1614 828 1654 se
856 1598 1036 1654 habet.

554 1693 620 1746 A.
688 1690 872 1745 Laudo
933 1697 1078 1743 tuam
1134 1687 1512 1752 sententiam;
1556 1685 1856 1740 rectissima
1913 1682 2055 1737 cnim

487 1792 589 1839 est.
621 1781 886 1839 Caeterum
917 1781 1018 1835 hoc
1045 1779 1206 1835 etiam
1237 1778 1368 1834 mihi
1404 1777 1576 1834 dicas.

559 1961 623 2014 B.
657 1959 920 2025 Quidnam
946 1957 971 2011 ?

562 2054 630 2107 A.
680 2050 868 2106 Nonne
924 2064 1114 2106 recens
1159 2051 1445 2111 admodum
1501 2057 1582 2102 est
1647 2061 1840 2101 nomen
1906 2045 2062 2100 .lesus

492 2143 758 2210 Christus,
812 2151 973 2212 atque
1024 2146 1140 2212 ipso
1188 2140 1576 2195 incarnationis
1617 2149 1855 2208 tempore
1887 2137 2063 2192 Verbo

495 2236 719 2291 inditum
749 2234 772 2288 ?

563 2325 624 2380 Β.
687 2325 798 2380 lloc
855 2335 1002 2380 certe
1049 2323 1460 2395 quamplurimis
1510 2324 1848 2391 argumentis
1911 2321 2066 2376 nobis

496 2429 770 2474 ostensum
811 2427 915 2474 εει.

566 2531 634 2586 Α.
685 2528 944 2599 intelligis
1008 2529 1191 2598 itaque
1245 2527 1384 2596 quod
1434 2526 1710 2582 Christum
1763 2525 1969 2590 Jesum,
2014 2535 2072 2580 et

495 2638 602 2676 non
638 2621 956 2690 simpliciter
979 2619 1213 2676 Verbum
1239 2619 1353 2674 beri
1403 2626 1457 2674 et
1493 2618 1654 2672 hodie
1676 2617 1924 2673 eumdem
1951 2631 2072 2672 esse

498 2709 662 2774 dicat,
697 2719 750 2765 et
779 2710 831 2764 in
868 2709 1084 2766 saecula.
1122 2707 1239 2774 Quo
1272 2716 1427 2777 pacto
1460 2718 1638 2763 autem
1697 2708 1768 2764 sit
1822 2707 2074 2763 immuta-

501 2800 647 2867 bilis,
683 2800 817 2856 etin
855 2801 1042 2856 eodem
1065 2815 1278 2869 semper
1309 2807 1452 2854 statu
1502 2809 1814 2870 permaneat
1842 2799 2075 2854 hominis

501 2901 716 2957 natura,
783 2905 905 2945 cum
949 2891 1154 2960 alioqui
1201 2900 1401 2945 motum
1438 2891 1726 2958 sustineat,
1777 2891 2074 2960 etquidem

501 2995 611 3049 pne
649 2978 769 3034 aliis
795 2994 916 3034 eum
947 2979 1036 3050 qui
1071 2979 1131 3033 [it
1156 2994 1184 3032 a
1214 2994 1317 3033 non
1345 2993 1466 3034 esse
1507 2984 1574 3034 ad
1608 2995 1729 3035 esse
1757 2996 1819 3036 ac
1845 2981 2026 3035 vivere
2053 2978 2077 3031 ἲ

1457 298 1514 353 S.
1555 292 1830 350 CYRILLI
1849 280 2333 346 'ALEXANDRINI
2370 274 2696 334 ABCIIIEI‘.

471 439 660 491 Annon
713 429 860 496 enim
887 439 950 481 ex
981 430 1163 479 sancta
1198 419 1412 490 Virgine
1443 425 1625 471 natum
1676 414 1946 470 credimus
1987 409 2041 464 in
2071 449 2080 470 ι

2183 423 2202 459 ν
2259 402 2506 472 ἐσχάτοις
2554 395 2649 449 τοῦ

3576 246 3727 302 ιεισ

2704 388 2895 451 αἰῶνος
2955 378 3166 453 καιροῖς
3213 375 3302 428 τὸν
3344 366 3720 442 Ἐμμανουήλ;

2219 579 2279 630 Β.
2311 572 2440 628 Ναί.
2471 572 2602 632 Ταῖς
2635 567 2742 638 γάρ
2775 581 2856 616 τοι
2886 558 3063 620 θείαις
3101 553 3200 607 οὒκ
3235 543 3565 616 ἀντεροῦμεν
3585 540 3712 609 Ppu-

2149 685 2293 810 (Pax:
2314 755 2386 808 Τὸ
2413 754 2470 807 δὲ
2500 752 2563 824 δὴ
2596 750 2743 822 χθὲς,
2788 745 2909 799 εἰπέ
2943 759 3052 814 μοι,
3098 735 3195 792 καὶ
3240 733 3496 824 τήμερον,
3521 723 3726 824 acup?»

2149 852 2302 921 ἡμῖν,
2337 841 2384 900 ὣ
2414 815 2657 916 φαάὲτέξ,
2685 840 2805 910 οὐχὶ
2847 837 2938 890 τὸν
2975 830 3306 900 ὲνεστήκατα
3347 823 3442 876 καί
3487 818 3578 871 τὸν
3627 815 3734 885 ήδη

2153 937 2520 1012 παρῳχηκότα
2549 931 2991 1002 κατασημὴνειαν
3020 925 3121 988 ἄν,

2223 1034 2282 1086 Β.
2318 1029 2484 1100 Φημί.

2223 1125 2289 1178 Α.
2326 1092 2450 1184 Udi;
2473 1115 2565 1172 οὖν
2593 1118 2621 1170 ὁ
2642 1114 2801 1176 αὐτὸς
2823 1111 2909 1180 εἴη
2941 1107 3006 1161 ἂν
3035 1104 3114 1167 είς
3143 1119 3208 1170 γε
3236 1099 3324 1153 τὸν
3342 1092 3729 1167 παρῳχηκότα,

2155 1216 2334 1269 καίτοι
2358 1213 2570 1282 γένεσιν
2596 1207 2746 1262 οΰπω
2782 1204 2878 1274 τὴν
2917 1197 3060 1253 κατὰ
3096 1195 3275 1263 σάρκα
3305 1188 3524 1282 λαΰὼνξ

2225 1306 2289 1358 Β.
2317 1273 2439 1354 ’ότι
2463 1296 2532 1371 ἦν
2551 1301 2578 1351 ὀ
2604 1297 2774 1365 Λόγος
2799 1273 2893 1346 καὶ
2941 1291 2998 1342 ὲν
3039 1287 3204 1355 ἀρχῇ,
3241 1281 3333 1336 καὶ
3364 1280 3440 1343 ὡς
3476 1276 3536 1371 ἐξ
3563 1273 3735 1371 ἀϊδίου

2159 1397 2252 1451 καὶ
2276 1393 2545 1465 ἀτρέπτου
2571 1385 2825 1458 πεφηνὼς
2857 1380 2952 1435 τοῦ
2974 1377 3108 1433 Θεοῦ
3126 1376 3219 1429 καὶ
3239 1371 3470 1442 Πατρός,
3501 1369 3612 1438 ἔχει
3643 1363 3738 1417 καὶ

2163 1485 2324 1548 αὐτὸς
2350 1464 2425 1547 ὥς
2448 1483 2504 1534 ἐν
2537 1479 2642 1549 ἰδίᾳ
2669 1475 2826 1546 φύσει
2858 1473 2918 1526 τὺ
2935 1467 3104 1523 ἀΐδιόν
3129 1483 3189 1519 τε
3223 1464 3320 1518 καὶ
3343 1464 3634 1532 ἄτρεπτον.

2187 1657 2198 1668 ἱ
2231 1685 2298 1735 Α.
2344 1675 2581 1732 Ἐπαινῶ
2621 1673 2722 1744 τὴν
2766 1667 2941 1733 δόξανο
2995 1666 3110 1736 εχει
3157 1664 3266 1732 γὰρ
3297 1654 3423 1722 ὧδε,
3476 1658 3571 1713 καὶ
3619 1656 3748 1710 λίαν

2161 1774 2357 1847 ὀρθῶς·
2395 1761 2839 1841 φιλοπευστοῦντι
2879 1759 2924 1813 δ’
2955 1753 3046 1811 οὖν
3085 1757 3235 1826 ὅμως
3293 1754 3528 1825 φράσαις
3562 1752 3648 1815 ἂν,
3698 1744 3752 1802 ὦ

2164 1864 2358 1934 ἀγαθέ.

2236 1955 2296 2006 Β.
2329 1951 2402 2004 Τὸ
2428 1954 2515 2024 τί;

2238 2047 2301 2098 Α.
2327 2039 2404 2096 Ἦ
2441 2041 2562 2111 οὐχὶ
2599 2039 2865 2093 νεώτατον
2903 2035 3118 2107 κομιδῇ,
3165 2031 3258 2084 καὶ
3294 2029 3406 2090 τοῖς
3454 2025 3555 2093 τῆς
3590 2025 3744 2076 ἔναν-

2171 2137 2507 2208 Θρωπήσεως
2536 2133 2747 2204 χρόνοις
2773 2125 3209 2200 συνδεδραμηκὺς
3255 2122 3426 2191 ὄνομα
3460 2117 3538 2187 τῷ
3569 2115 3749 2184 Λόγῳ,

2169 2230 2254 2293 τὸ,
2296 2226 2501 2297 Ἰησοῦς
2538 2223 2770 2294 Χριστός
2790 2239 2806 2287 ;

2247 2320 2303 2372 Β.
2361 2316 2472 2371 Καὶ
2537 2314 2641 2386 μὴν
2725 2311 2884 2366 τοῦτο
2946 2309 3078 2380 ἡμῖν
3129 2303 3218 2357 διὰ
3283 2300 3551 2354 πλείστων
3612 2297 3757 2349 ὅσων

2175 2409 2413 2480 ἐδείχθη.

2247 2525 2314 2578 Α.
2345 2523 2510 2585 Σύνες
2541 2518 2654 2583 οὖν,
2685 2519 2768 2574 ὅτι
2795 2513 3030 2585 Χριστὸν
3072 2508 3281 2583 Ἰησοῦν
3310 2507 3405 2560 καὶ
3435 2506 3495 2557 οὐ
3545 2519 3758 2573 μονοει-

2177 2615 2283 2679 δῶς
2305 2613 2396 2668 τὸν
2423 2613 2596 2681 Λόγον
2626 2609 2753 2681 χθές
2803 2624 2864 2658 τε
2903 2604 2998 2666 καὶ
3034 2605 3277 2672 σήμερον
3314 2598 3402 2651 τὸν
3432 2593 3596 2649 αὑτὸν
3620 2588 3762 2645 εἷναὶ

2181 2727 2333 2783 φησι,
2363 2707 2455 2762 καὶ
2482 2706 2563 2770 είς
2594 2704 2718 2766 τοὺς
2742 2699 2964 2762 αἰῶνας.
3005 2696 3130 2758 Πῶς
3158 2694 3203 2747 δ’
3233 2692 3299 2747 ἂν
3340 2691 3454 2761 ἔχοι
3480 2688 3561 2783 ,τό
3600 2686 3756 2783 dape.

2183 2776 2316 2855 πτόν
2339 2818 2400 2854 τε
2432 2800 2526 2852 καὶ
2549 2797 2646 2868 τὴν
2676 2797 2734 2848 ὲν
2765 2792 3053 2862 ταυτότητι
3082 2785 3345 2858 διαμονὴν
3392 2783 3426 2852 ή
3467 2776 3763 2868 ἀνθρώπου

2185 2895 2346 2965 φύσις
2374 2935 2388 2959 ,
2431 2889 2612 2943 καίτοι
2647 2885 2860 2953 κίνησιν
2896 2877 3262 2950 ὑπομένουσα,
3296 2873 3399 2927 ,καὶ
3434 2871 3541 2941 πρό
3563 2884 3625 2937 γε
3654 2865 3764 2919 τῶν

2185 2962 2414 3047 αλλλων,
2442 2980 2540 3050 τὴν
2569 2976 2628 3042 ἐξ
2659 2976 2758 3029 οὐκ
2785 2974 2956 3027 ὀντων
2986 2973 3065 3033 εἰς
3086 2969 3148 3022 τὸ
3168 2962 3307 3020 εἶναι
3335 2963 3431 3018 καὶ
3453 2963 3552 3032 ζῇν
3581 2978 3595 3026 ;

573 3089 635 3144 Β.
692 3088 979 3144 Aberravit
1017 3088 1197 3158 itaque
1227 3103 1256 3141 a
1295 3104 1422 3144 vero
1471 3105 1626 3145 sacra
1669 3089 1976 3162 Scriptura,
2021 3099 2075 3147 et

2250 3099 2312 3151 B.
2342 3092 2726 3164 Διημάρτηκεν
2753 3080 2846 3141 οὖν
2868 3085 2976 3154 ἄρα
2993 3076 3257 3146 τάληθοῦς
3277 3077 3408 3146 ήμῖν
3437 3073 3498 3127 τὸ
3525 3069 3764 3141 Γραμμί)

503 3182 594 3252 qui
631 3181 791 3236 hodie
822 3195 925 3235 non
946 3188 1049 3245 est,
1083 3180 1234 3250 prius
1267 3181 1542 3237 exstitisse
1572 3182 1751 3237 dicit?
1841 3251 1844 3253 ἓ

570 3272 636 3325 Α.
671 3269 935 3340 Equidem
975 3271 1028 3325 id
1061 3285 1396 3340 nequaquam
1422 3271 1672 3326 dixerim.
1720 3270 1902 3341 Longe
1933 3271 2077 3328 enim

505 3366 677 3418 abest.
716 3361 843 3416 Heri
875 3369 928 3416 et
973 3362 1130 3416 hodie
1166 3361 1330 3424 idem,
1393 3363 1522 3416 etin
1573 3362 1770 3417 saecula
1830 3363 2081 3420 Christus

505 3455 680 3510 Jesus.
750 3451 916 3508 Verbi
941 3461 1120 3508 autem
1180 3453 1556 3522 antiquitatem
1626 3463 1680 3507 ct
1738 3453 2082 3508 immutabili-

510 3550 673 3595 talem
718 3555 1055 3608 nequaquam
1112 3542 1446 3610 negaverim,
1504 3540 1721 3594 tametsi
1758 3539 1958 3594 factum
2011 3540 2083 3595 sit

509 3647 638 3687 caro
673 3637 768 3684 :at
830 3630 1012 3699 potius
1072 3630 1375 3684 censuerim
1422 3629 1628 3684 ratione
1687 3632 1908 3685 unitatis
1957 3647 2080 3686 cum

510 3724 726 3795 propria
777 3737 872 3778 sua
932 3736 1114 3786 carne,
1171 3735 1294 3776 eum
1326 3720 1416 3789 qui
1474 3720 1589 3774 heri
1630 3731 1767 3784 erat,
1817 3731 2085 3792 autcaque

511 3815 831 3882 eisiStebat,
889 3828 1077 3868 rursus
1124 3813 1388 3867 declarari
1456 3824 1615 3881 atque
1666 3813 1874 3867 ostendi
1925 3828 2084 3867 eum-

512 3911 655 3964 dem.
711 3908 920 3964 Idcirco
969 3908 1200 3963 oderaut
1251 3907 1399 3960 illum
1451 3915 1507 3962 et
1544 3905 1809 3974 lapidibus
1851 3905 2089 3962 obruere

513 4000 760 4054 volebant
784 4001 1058 4055 dementes
1079 3998 1273 4062 Judzei,
1303 3999 1457 4053 [idem
1485 3999 1585 4066 ipsi
1619 4014 1721 4052 non
1744 3999 2086 4056 adhibentes.

515 4091 630 4147 [loc
659 4093 804 4146 enim
837 4091 954 4147 illos
989 4092 1247 4147 attonitos
1297 4091 1531 4154 tenebat,
1566 4092 1706 4159 quod
1756 4105 1874 4143 cum
1922 4105 2086 4160 appa-

517 4194 665 4239 reret
698 4185 861 4238 homo
907 4183 1077 4238 nostri
1120 4182 1335 4246 similis,
1377 4181 1749 4248 antiquitatem
1783 4181 1885 4235 sibi
1922 4181 2088 4248 majo-

518 4290 632 4328 rem
666 4289 827 4342 quam
854 4288 974 4342 qum
1004 4273 1055 4326 in
1080 4272 1353 4327 hominem
1397 4271 1542 4324 cadit
1575 4279 1872 4338 arrogaret,
1904 4271 2090 4326 dicens

2178 3193 2240 3250 τὸ
2271 3191 2436 3263 ἱερὸν,
2466 3187 2558 3242 κα)⁸
2593 3184 2683 3239 τὸν
2711 3182 2838 3254 χθὲς
2860 3179 2961 3233 οὐκ
2982 3177 3112 3230 ὄντα
3139 3170 3386 3263 προεῖναί
3417 3182 3622 3263 φησιν,

2250 3256 2514 3351 Aibatqu
2547 3277 2612 3333 ἂν
2651 3275 2772 3346 οὐχὶ
2807 3267 3141 3337 τοῦτο’ὲγώ.
3188 3261 3388 3318 Πολλοῦ
3425 3277 3492 3329 γε
3532 3257 3629 3351 καί
3663 3256 3758 3308 δεῖ.

2183 3377 2325 3440 Χθὲς
2372 3348 2480 3428 καὶ-
2519 3371 2760 3440 σήμερον
2808 3365 2836 3417 ὁ
2878 3361 3040 3422 αὐτὸς
3085 3358 3178 3412 καὶ
3219 3359 3297 3419 εἰς
3349 3354 3479 3416 τοὺς
3534 3348 3764 3440 αἰῶνας,

2183 3464 2415 3536 Χριστὸς
2459 3439 2686 3530 Ἰησοῦς.
2729 3455 2801 3508 Τὸ
2831 3452 2888 3506 δὲ
2920 3448 3016 3504 τοῦ
3049 3448 3222 3517 Λόγου
3265 3442 3642 3516 πρεσϐύτατον
3672 3439 3760 3491 καὶ

2185 3530 2426 3621 ἀλελινὲς,
2455 3555 2655 3622 ἥκιστα
2687 3548 2786 3618 μὲν
2825 3544 3157 3616 ἀρνήσομαι,
3187 3539 3284 3592 καὶ
3313 3539 3363 3590 ει
3388 3534 3580 3604 γέγονε
3607 3530 3763 3601 σάρξ

2185 3649 2443 3718 οἰήσομαι
2474 3644 2531 3697 δὲ
2561 3641 2681 3695 καθ’
2720 3638 2916 3691 ἕνωσιν
2951 3632 3088 3703 μετὰ
3121 3631 3220 3701 τῆς
3260 3629 3398 3691 ἰδίας
3427 3623 3766 3718 σαρκὸς,λὼς

2186 3715 2316 3810 χθὲς
2347 3715 2477 3790 ὄντα
2507 3732 2603 3786 καὶ
2636 3727 3077 3800 προϋπάρχοντα,
3128 3717 3560 3789 καταδηλοῦσθαι
3603 3715 3769 3768 πάλιν

2187 3809 2370 3884 αὐτόν.
2399 3825 2510 3878 Καὶ
2537 3822 2668 3893 γοῦν
2721 3818 3056 3890 ἐμυσάττετο
3091 3813 3188 3881 μὲν
3227 3813 3254 3864 ό
3285 3811 3594 3882 παράφρων
3633 3809 3768 3860 Ἰου-

2187 3922 2334 3984 δαῖος
2369 3917 2464 3972 καὶ
2488 3911 2808 3970 καταλιθοῦν
2835 3907 3129 3978 ἐπεχείρει,
3168 3905 3267 3974 τὴν
3303 3901 3563 3956 πίστινοὺ
3600 3916 3767 3970 προσ-

2193 4016 2422 4084 ιέμενος.
2485 4005 2868 4076 Κατατεθήπει
2909 4001 3052 4072 γὰρ,
3107 3999 3190 4052 ὅτι
3235 3995 3412 4050 καίτοι
3455 3992 3767 4084 καθ’γήμᾶς

2190 4083 2464 4176 ὁρώμενος
2488 4099 2582 4154 ἄινο
2593 4114 2792 4170 ρωπος,
2818 4094 2918 4164 τῆς
2941 4091 3079 4162 ὑπὲρ
3099 4089 3384 4159 ἄνθρωπον
3409 4083 3764 4176 ἀρχαιότητος

2193 4172 2369 4263 ἐαυτῷ
2399 4192 2458 4246 τὸ
2488 4187 2850 4263 πρεσϐύτερον
2878 4180 3271 4254 ἐπεμαρτύρει,
3313 4176 3486 4245 λέγων
3519 4173 3593 4236 ὡς
3615 4172 3763 4234 Θεός·

2199 4306 2216 4338 ι
2253 4286 2444 4356 Ἀμὴν,
2480 4282 2645 4353 ἀμὴν,
2676 4280 2818 4346 λέγω
2845 4277 2994 4345 ὑμῖν,
3027 4274 3156 4343 πρὶν
3201 4269 3454 4340 Ἀϐραὰμ
3493 4265 3764 4334 γενέσθαι,

517 4374 579 4420 ιιι
632 4365 816 4418 Deus:
855 4381 873 4413 ι
936 4363 1131 4425 Amen,
1177 4375 1332 4415 arnen
1404 4362 1523 4415 dico
1575 4361 1748 4423 vobis,
1797 4369 2080 4430 antequam

2195 4379 2305 4447 ἐγώ
2338 4378 2472 4446 εἰμι.
2500 4395 2518 4426 ι
2574 4373 2701 4425 Ὅτε
2740 4368 2834 4422 καὶ
2875 4366 3012 4437 πρὸς
3053 4363 3212 4417 τοῦτο
3261 4359 3501 4428 ἔφασκον
3551 4357 3762 4408 ἐκεῖνοι·

520 4456 789 4511 Abraham
825 4455 998 4518 ﬁeret,
1031 4468 1128 4523 ego
1152 4469 1268 4507 sum
1313 4453 1375 4506 ι’.
1417 4471 1434 4504 ι
1471 4452 1553 4506 Ad
1581 4453 1726 4522 quod
1766 4452 1839 4506 illi
1867 4466 2086 4521 respon-

519 4550 710 4602 derunt
749 4565 763 4601 :
797 4566 815 4598 ι
863 4545 1266 4614 Quinquaginta
1313 4559 1484 4599 annos
1537 4546 1775 4599 nondum
1817 4544 2003 4608 habes,
2035 4553 2090 4598 et

517 4639 790 4695 Abraham
848 4637 1025 4692 vidisti
1056 4635 1164 4688 ὀἳ
1220 4655 1238 4687 ι
1288 4635 1426 4700 Quin
1486 4643 1539 4690 et
1578 4634 1813 4690 Joannes
1839 4635 1910 4688 ita
1964 4636 2085 4688 ait:

524 4749 544 4783 ι
577 4730 677 4797 Qui
699 4738 818 4799 post
839 4743 924 4783 me
951 4739 1213 4783 venturus
1233 4735 1336 4790 est,
1366 4737 1491 4780 ante
1515 4742 1600 4781 me
1633 4726 1808 4781 factus
1831 4735 1934 4790 est,
1961 4726 2088 4795 quia

520 4825 666 4895 prior
700 4838 785 4879 me
810 4823 1016 4879 erat“.
1054 4839 1074 4873 ι
1117 4821 1277 4888 Atqui
1312 4822 1580 4890 quomodo
1607 4835 1765 4888 quem
1817 4818 2087 4872 hominem

520 4929 639 4970 esse
694 4924 850 4969 norat
901 4922 958 4967 ct
1001 4913 1228 4967 meabat
1291 4910 1719 4975 Emmanuelem,
1768 4918 1894 4963 ante
1933 4923 1992 4963 se
2033 4915 2088 4962 et

522 5010 751 5076 priorem
784 5007 981 5062 factum
1018 5018 1140 5060 esse
1184 5005 1335 5070 dicit,
1382 5019 1504 5058 curn
1559 5013 1680 5072 post
1727 5003 1902 5072 ipsum
1933 5010 2092 5056 natus

522 5101 727 5157 luerit?

594 5221 654 5274 Β.
681 5219 822 5274 Ante
856 5219 1030 5288 ipsum
1085 5215 1286 5270 factum
1337 5227 1458 5269 esse
1485 5213 1618 5270 dicit
1649 5211 1857 5266 ratione
1885 5209 2087 5282 gloriae,

525 5325 580 5368 ut
617 5328 715 5382 ego
748 5312 959 5381 quidem
1011 5309 1168 5379 711
1201 5306 1460 5378 intelligo.

593 5427 657 5479 A.
703 5425 870 5479 Porro
918 5421 1107 5476 falsum
1158 5419 1559 5488 absurdumque
1605 5433 1725 5473 esse
1774 5419 1845 5472 ita
1895 5417 2100 5472 sentire

531 5515 717 5583 paucis
747 5515 1035 5582 intelliges.
1068 5511 1197 5564 Nam
1231 5511 1275 5566 si
1308 5511 1432 5566 illud
1453 5553 1466 5576 ,
1498 5521 1649 5575 ante,
1681 5511 2099 5578 interpretemur

607 5688 647 5717 "
672 5683 824 5736 Joau.
859 5701 974 5748 rm,
1005 5686 1092 5747 :38,
1169 5687 1211 5713 ”
1242 5685 1363 5740 ibid.
1406 5685 1490 5735 .37.
1571 5685 1608 5714 ²¹
1643 5681 1793 5736 Jan].
1838 5697 1870 5745 ι,
1897 5682 1985 5733 9.7.

2118 4425 2164 4479 D

2199 4445 2580 4538 (Πεντήκοντα
2619 4461 2712 4528 ἐτη
2748 4458 2900 4512 οὔπω
2946 4455 3109 4526 ἔχεις,
3157 4452 3250 4506 καὶ
3308 4447 3560 4518 Ἀϐραὰμ
3601 4445 3771 4538 ἑώρα-

2195 4577 2360 4624 κας;›
2397 4536 2540 4626 Ἔφη
2568 4554 2625 4607 δὲ
2658 4552 2751 4606 καὶ
2795 4549 3069 4618 ἰωάννηςο
3125 4564 3143 4596 ι
3185 4547 3242 4596 Ὀ
3277 4543 3454 4594 ὀπίσω
3484 4556 3587 4609 μου
3619 4536 3771 4626 ἐρχό-

2199 4669 2378 4724 μενος,
2412 4625 2720 4718 ἔμπροσθέν
2754 4661 2853 4713 μου
2875 4641 3119 4710 γέγονεν,
3143 4638 3225 4689 ὅτι
3259 4633 3476 4724 πρῶτός
3506 4648 3620 4724 μου
3636 4625 3723 4698 ἦν.
3747 4647 3764 4677 ι

2192 4720 2389 4799 Καίτοι
2419 4737 2537 4801 πῶς
2563 4735 2731 4807 ἄνδρα
2749 4751 2807 4787 τε
2834 4729 2986 4793 εἰδὼς
3008 4729 3102 4782 καὶ
3129 4725 3412 4796 ὀνομάζων
3433 4723 3524 4774 τὸν
3565 4720 3776 4789 Ἐμμα-

2199 4834 2377 4904 νουὴλ,
2425 4827 2731 4901 ἔμπροσθέν
2785 4841 2843 4878 τε
2909 4820 3070 4878 αὑτοῦ
3124 4819 3219 4872 καὶ
3261 4817 3477 4888 πρῶτον
3521 4811 3773 4881 γενέσθαι

2199 4926 2331 4996 φησὶ
2361 4925 2450 4977 τὸν
2478 4920 2701 4992 ὀψιγενῆ
2727 4937 2783 4972 τε
2813 4916 2908 4970 καὶ
2938 4915 3052 4986 μετ’
3075 4910 3271 4975 αὐτόν;

2273 5211 2332 5263 Β.
2374 5205 2718 5278 Ἔμπροσθεν
2758 5200 2918 5255 αὑτὸν
2961 5198 3052 5251 καὶ
3081 5193 3298 5267 πρῶτον
3323 5187 3578 5278 γενέσθαι
3615 5183 3766 5253 φησὶ,

2203 5301 2343 5354 κατά
2375 5276 2570 5368 γε-τὴν
2597 5293 2775 5359 δόξαν,
2800 5293 2988 5358 ὥσπερ
3017 5279 3108 5339 οὖν
3143 5279 3320 5334 ἔπεισί
3350 5295 3438 5348 μοι
3469 5276 3626 5327 νοεῖν.

2276 5417 2338 5467 Δ.
2370 5410 2479 5464 Καὶ
2522 5409 2627 5480 μὴν
2685 5408 2766 5459 ὅτι
2804 5399 3052 5470 κίϐδηλόν
3098 5413 3156 5450 τε
3196 5393 3289 5447 καὶ
3322 5387 3523 5458 ἀμαθὲς
3553 5385 3610 5435 τὸ
3645 5379 3766 5482 τῇδε

2207 5506 2362 5571 νοεῖν,
2393 5502 2492 5555 οὐκ
2513 5501 2573 5554 ἐκ
2601 5496 2824 5571 μακρῶν
2848 5495 2966 5565 εἴσῃ
2984 5491 3175 5558 λόγων.
3202 5478 3634 5554 Παραδεξάμενοι
3660 5478 3766 5538 γὰρ
