  <div class='ocr_page' id='page_1' title='image "/cluster/home/n/w/nwhite01/storage/ocr_20150623/75/mdp.39015078384495/632.png"; bbox 0 0 4078 6264; ppageno 0'>
   <div class='ocr_carea' id='block_1_1' title="bbox 331 352 478 408">
    <p class='ocr_par' dir='ltr' id='par_1_1' title="bbox 331 352 478 408">
     <span class='ocr_line' id='line_1_1' title="bbox 331 352 478 408; baseline -0.014 0"><span class='ocrx_word' id='word_1_1' title='bbox 331 352 478 408; x_wconf 70' lang='lat' dir='ltr'><strong>Hi9</strong></span> 
     </span>
    </p>
   </div>
   <div class='ocr_carea' id='block_1_2' title="bbox 1431 353 2492 412">
    <p class='ocr_par' dir='ltr' id='par_1_2' title="bbox 1431 353 2492 412">
     <span class='ocr_line' id='line_1_2' title="bbox 1431 353 2492 412; baseline 0.004 -4"><span class='ocrx_word' id='word_1_2' title='bbox 1431 355 1520 410; x_wconf 80' lang='lat' dir='ltr'><strong>DE</strong></span> <span class='ocrx_word' id='word_1_3' title='bbox 1559 353 2082 412; x_wconf 58' lang='lat' dir='ltr'><strong>INCARNATIOWE</strong></span> <span class='ocrx_word' id='word_1_4' title='bbox 2121 355 2492 412; x_wconf 74' lang='lat' dir='ltr'><strong>UNIGENITI.</strong></span> 
     </span>
    </p>
   </div>
   <div class='ocr_carea' id='block_1_3' title="bbox 3459 363 3598 418">
    <p class='ocr_par' dir='ltr' id='par_1_3' title="bbox 3459 363 3598 418">
     <span class='ocr_line' id='line_1_3' title="bbox 3459 363 3598 418; baseline -0.029 -2"><span class='ocrx_word' id='word_1_5' title='bbox 3459 365 3480 416; x_wconf 79' lang='grc'><strong>1</strong></span> <span class='ocrx_word' id='word_1_6' title='bbox 3493 363 3598 418; x_wconf 68' lang='grc'>250</span> 
     </span>
    </p>
   </div>
   <div class='ocr_carea' id='block_1_4' title="bbox 325 466 1915 544">
    <p class='ocr_par' dir='ltr' id='par_1_4' title="bbox 325 466 1915 544">
     <span class='ocr_line' id='line_1_4' title="bbox 325 466 1915 544; baseline 0.004 -24"><span class='ocrx_word' id='word_1_7' title='bbox 325 469 390 523; x_wconf 77' lang='grc' dir='ltr'>τὸ</span> <span class='ocrx_word' id='word_1_8' title='bbox 419 466 731 538; x_wconf 75' lang='grc' dir='ltr'>ἔμπροσθεν</span> <span class='ocrx_word' id='word_1_9' title='bbox 763 469 841 530; x_wconf 86' lang='grc' dir='ltr'><strong>εἰς</strong></span> <span class='ocrx_word' id='word_1_10' title='bbox 875 467 934 520; x_wconf 83' lang='grc' dir='ltr'><strong>τὸ</strong></span> <span class='ocrx_word' id='word_1_11' title='bbox 960 467 1182 538; x_wconf 76' lang='grc' dir='ltr'>ἄμεινον</span> <span class='ocrx_word' id='word_1_12' title='bbox 1221 469 1279 522; x_wconf 80' lang='grc' dir='ltr'><strong>ἐν</strong></span> <span class='ocrx_word' id='word_1_13' title='bbox 1325 469 1472 544; x_wconf 77' lang='grc' dir='ltr'>δόξῃ,</span> <span class='ocrx_word' id='word_1_14' title='bbox 1504 473 1643 526; x_wconf 85' lang='grc' dir='ltr'>κατὰ</span> <span class='ocrx_word' id='word_1_15' title='bbox 1683 473 1772 527; x_wconf 75' lang='grc' dir='ltr'><strong>τὸν</strong></span> <span class='ocrx_word' id='word_1_16' title='bbox 1799 475 1915 527; x_wconf 84' lang='grc' dir='ltr'>ἰσον</span> 
     </span>
    </p>
   </div>
   <div class='ocr_carea' id='block_1_5' title="bbox 2018 466 3596 544">
    <p class='ocr_par' dir='ltr' id='par_1_5' title="bbox 2025 475 3596 544">
     <span class='ocr_line' id='line_1_5' title="bbox 2025 475 3596 544; baseline 0.001 -16"><span class='ocrx_word' id='word_1_17' title='bbox 2025 475 2090 528; x_wconf 87' lang='lat' dir='ltr'><strong>de</strong></span> <span class='ocrx_word' id='word_1_18' title='bbox 2121 475 2428 544; x_wconf 66' lang='lat' dir='ltr'><strong>praestantia</strong></span> <span class='ocrx_word' id='word_1_19' title='bbox 2464 475 2648 544; x_wconf 75' lang='lat' dir='ltr'><strong>gloria:</strong></span> <span class='ocrx_word' id='word_1_20' title='bbox 2680 493 2694 529; x_wconf 88' lang='lat'><strong>:</strong></span> <span class='ocrx_word' id='word_1_21' title='bbox 2723 475 2912 530; x_wconf 86' lang='lat' dir='ltr'><strong>eadem</strong></span> <span class='ocrx_word' id='word_1_22' title='bbox 2945 489 3160 544; x_wconf 88' lang='lat' dir='ltr'><strong>quoque</strong></span> <span class='ocrx_word' id='word_1_23' title='bbox 3192 476 3402 530; x_wconf 87' lang='lat' dir='ltr'><strong>ratione</strong></span> <span class='ocrx_word' id='word_1_24' title='bbox 3432 477 3596 532; x_wconf 86' lang='lat' dir='ltr'><strong>etiam</strong></span> 
     </span>
    </p>
   </div>
   <div class='ocr_carea' id='block_1_6' title="bbox 324 557 1907 634">
    <p class='ocr_par' dir='ltr' id='par_1_6' title="bbox 324 557 1907 634">
     <span class='ocr_line' id='line_1_6' title="bbox 324 557 1907 634; baseline 0.003 -22"><span class='ocrx_word' id='word_1_25' title='bbox 324 577 434 612; x_wconf 84' lang='grc' dir='ltr'>που</span> <span class='ocrx_word' id='word_1_26' title='bbox 464 558 624 626; x_wconf 87' lang='grc' dir='ltr'>λόγον</span> <span class='ocrx_word' id='word_1_27' title='bbox 653 557 746 609; x_wconf 77' lang='grc' dir='ltr'>καὶ</span> <span class='ocrx_word' id='word_1_28' title='bbox 780 557 840 610; x_wconf 84' lang='grc' dir='ltr'>τὸ</span> <span class='ocrx_word' id='word_1_29' title='bbox 872 557 1050 611; x_wconf 80' lang='grc' dir='ltr'><strong>ὀπίσω</strong></span> <span class='ocrx_word' id='word_1_30' title='bbox 1089 559 1356 630; x_wconf 83' lang='grc' dir='ltr'>φήσομεν,</span> <span class='ocrx_word' id='word_1_31' title='bbox 1391 563 1455 615; x_wconf 82' lang='grc' dir='ltr'><strong>τδ</strong></span> <span class='ocrx_word' id='word_1_32' title='bbox 1488 564 1564 628; x_wconf 86' lang='grc' dir='ltr'>ὡς</span> <span class='ocrx_word' id='word_1_33' title='bbox 1596 564 1652 616; x_wconf 79' lang='grc' dir='ltr'><strong>ἐν</strong></span> <span class='ocrx_word' id='word_1_34' title='bbox 1678 563 1907 634; x_wconf 66' lang='grc' dir='ltr'>εὐκλείᾳ</span> 
     </span>
    </p>
   </div>
   <div class='ocr_carea' id='block_1_7' title="bbox 321 643 1242 720">
    <p class='ocr_par' dir='ltr' id='par_1_7' title="bbox 321 643 1242 720">
     <span class='ocr_line' id='line_1_7' title="bbox 321 643 1242 720; baseline 0.004 -19"><span class='ocrx_word' id='word_1_35' title='bbox 321 650 582 720; x_wconf 78' lang='grc' dir='ltr'>δεύτερον</span> <span class='ocrx_word' id='word_1_36' title='bbox 615 643 674 702; x_wconf 81' lang='grc' dir='ltr'>εὖ</span> <span class='ocrx_word' id='word_1_37' title='bbox 709 649 854 719; x_wconf 88' lang='grc' dir='ltr'>μάλα</span> <span class='ocrx_word' id='word_1_38' title='bbox 885 649 1242 720; x_wconf 87' lang='grc' dir='ltr'>καταδηλοῦν.</span> 
     </span>
    </p>
   </div>
   <div class='ocr_carea' id='block_1_8' title="bbox 399 733 1920 820">
    <p class='ocr_par' dir='ltr' id='par_1_8' title="bbox 399 733 1920 820">
     <span class='ocr_line' id='line_1_8' title="bbox 399 733 1920 820; baseline 0.008 -28"><span class='ocrx_word' id='word_1_39' title='bbox 399 742 460 794; x_wconf 88' lang='grc' dir='ltr'><strong>Β.</strong></span> <span class='ocrx_word' id='word_1_40' title='bbox 494 739 763 811; x_wconf 85' lang='grc' dir='ltr'>Περιέστη</span> <span class='ocrx_word' id='word_1_41' title='bbox 786 739 850 810; x_wconf 82' lang='grc' dir='ltr'>δὴ</span> <span class='ocrx_word' id='word_1_42' title='bbox 885 733 1000 806; x_wconf 78' lang='grc' dir='ltr'>οὖν,</span> <span class='ocrx_word' id='word_1_43' title='bbox 1031 739 1108 803; x_wconf 81' lang='grc' dir='ltr'><strong>ὡς</strong></span> <span class='ocrx_word' id='word_1_44' title='bbox 1144 739 1310 809; x_wconf 77' lang='grc' dir='ltr'>ἔοικε,</span> <span class='ocrx_word' id='word_1_45' title='bbox 1341 741 1439 812; x_wconf 81' lang='grc' dir='ltr'>τῆς</span> <span class='ocrx_word' id='word_1_46' title='bbox 1483 745 1728 800; x_wconf 82' lang='grc' dir='ltr'><strong>Ἰωάννου</strong></span> <span class='ocrx_word' id='word_1_47' title='bbox 1758 747 1920 820; x_wconf 80' lang='grc' dir='ltr'><strong>δόξης</strong></span> 
     </span>
    </p>
   </div>
   <div class='ocr_carea' id='block_1_9' title="bbox 319 831 1922 905">
    <p class='ocr_par' dir='ltr' id='par_1_9' title="bbox 319 831 1922 905">
     <span class='ocr_line' id='line_1_9' title="bbox 319 831 1922 905; baseline 0.002 -18"><span class='ocrx_word' id='word_1_48' title='bbox 319 833 593 904; x_wconf 81' lang='grc' dir='ltr'><strong>ἡττᾶσθαι</strong></span> <span class='ocrx_word' id='word_1_49' title='bbox 655 831 909 903; x_wconf 80' lang='grc' dir='ltr'>Χριστὸν,</span> <span class='ocrx_word' id='word_1_50' title='bbox 972 831 1068 886; x_wconf 76' lang='grc' dir='ltr'>καὶ</span> <span class='ocrx_word' id='word_1_51' title='bbox 1135 831 1309 885; x_wconf 82' lang='grc' dir='ltr'>ὀπίσω</span> <span class='ocrx_word' id='word_1_52' title='bbox 1362 833 1589 905; x_wconf 85' lang='grc' dir='ltr'><strong>δραμεῖν</strong></span> <span class='ocrx_word' id='word_1_53' title='bbox 1643 837 1922 902; x_wconf 79' lang='grc' dir='ltr'><strong>ἀσυνέτως</strong></span> 
     </span>
    </p>
   </div>
   <div class='ocr_carea' id='block_1_10' title="bbox 319 921 1811 999">
    <p class='ocr_par' dir='ltr' id='par_1_10' title="bbox 319 921 1811 999">
     <span class='ocr_line' id='line_1_10' title="bbox 319 921 1811 999; baseline 0 -19"><span class='ocrx_word' id='word_1_54' title='bbox 319 927 600 980; x_wconf 83' lang='grc' dir='ltr'><strong>ὑπονοεῖν·</strong></span> <span class='ocrx_word' id='word_1_55' title='bbox 627 924 729 995; x_wconf 76' lang='grc' dir='ltr'>ἔφη</span> <span class='ocrx_word' id='word_1_56' title='bbox 754 924 885 993; x_wconf 84' lang='grc' dir='ltr'>γὰρ,</span> <span class='ocrx_word' id='word_1_57' title='bbox 908 923 991 976; x_wconf 80' lang='grc' dir='ltr'>ὅτι</span> <span class='ocrx_word' id='word_1_58' title='bbox 1030 921 1235 976; x_wconf 82' lang='grc' dir='ltr'>Ὀπίσω</span> <span class='ocrx_word' id='word_1_59' title='bbox 1264 941 1364 994; x_wconf 92' lang='grc' dir='ltr'><strong>μου</strong></span> <span class='ocrx_word' id='word_1_60' title='bbox 1397 923 1615 997; x_wconf 82' lang='grc' dir='ltr'>ἔρχεται</span> <span class='ocrx_word' id='word_1_61' title='bbox 1648 929 1811 999; x_wconf 81' lang='grc' dir='ltr'>ἁνήρ.</span> 
     </span>
    </p>
   </div>
   <div class='ocr_carea' id='block_1_11' title="bbox 400 1012 1920 1088">
    <p class='ocr_par' dir='ltr' id='par_1_11' title="bbox 400 1012 1920 1088">
     <span class='ocr_line' id='line_1_11' title="bbox 400 1012 1920 1088; baseline 0.001 -16"><span class='ocrx_word' id='word_1_62' title='bbox 400 1019 465 1072; x_wconf 86' lang='grc' dir='ltr'><strong>Λ.</strong></span> <span class='ocrx_word' id='word_1_63' title='bbox 513 1013 619 1069; x_wconf 80' lang='grc' dir='ltr'>Φεῦ</span> <span class='ocrx_word' id='word_1_64' title='bbox 670 1016 770 1084; x_wconf 87' lang='grc' dir='ltr'>τῆς</span> <span class='ocrx_word' id='word_1_65' title='bbox 822 1013 1073 1076; x_wconf 84' lang='grc' dir='ltr'>ἀτοπίαςί</span> <span class='ocrx_word' id='word_1_66' title='bbox 1133 1015 1443 1086; x_wconf 85' lang='grc' dir='ltr'>Οἰησόμεθα</span> <span class='ocrx_word' id='word_1_67' title='bbox 1500 1015 1609 1088; x_wconf 78' lang='grc' dir='ltr'><strong>γὰρ</strong></span> <span class='ocrx_word' id='word_1_68' title='bbox 1668 1018 1766 1088; x_wconf 84' lang='grc' dir='ltr'>οὐχ</span> <span class='ocrx_word' id='word_1_69' title='bbox 1818 1012 1920 1074; x_wconf 80' lang='grc' dir='ltr'>ὧδε</span> 
     </span>
    </p>
   </div>
   <div class='ocr_carea' id='block_1_12' title="bbox 320 1105 1919 1183">
    <p class='ocr_par' dir='ltr' id='par_1_12' title="bbox 320 1105 1919 1183">
     <span class='ocr_line' id='line_1_12' title="bbox 320 1105 1919 1183; baseline -0.001 -21"><span class='ocrx_word' id='word_1_70' title='bbox 320 1109 498 1180; x_wconf 70' lang='grc' dir='ltr'>ἔχειν,</span> <span class='ocrx_word' id='word_1_71' title='bbox 527 1107 904 1179; x_wconf 85' lang='grc' dir='ltr'>ἐννενοηκότες</span> <span class='ocrx_word' id='word_1_72' title='bbox 936 1105 1113 1179; x_wconf 80' lang='grc' dir='ltr'><strong>ὀρθῶς</strong></span> <span class='ocrx_word' id='word_1_73' title='bbox 1158 1107 1218 1162; x_wconf 78' lang='grc' dir='ltr'>τὸ</span> <span class='ocrx_word' id='word_1_74' title='bbox 1267 1111 1325 1162; x_wconf 78' lang='grc' dir='ltr'><strong>ἐν</strong></span> <span class='ocrx_word' id='word_1_75' title='bbox 1368 1109 1625 1181; x_wconf 75' lang='grc' dir='ltr'><strong>Ψαλμοῖς</strong></span> <span class='ocrx_word' id='word_1_76' title='bbox 1669 1127 1919 1183; x_wconf 85' lang='grc' dir='ltr'>γεγραμ-</span> 
     </span>
    </p>
   </div>
   <div class='ocr_carea' id='block_1_13' title="bbox 323 1197 1916 1274">
    <p class='ocr_par' dir='ltr' id='par_1_13' title="bbox 323 1197 1916 1274">
     <span class='ocr_line' id='line_1_13' title="bbox 323 1197 1916 1274; baseline -0.003 -21"><span class='ocrx_word' id='word_1_77' title='bbox 323 1199 517 1270; x_wconf 77' lang='grc' dir='ltr'>μένον,</span> <span class='ocrx_word' id='word_1_78' title='bbox 557 1199 639 1252; x_wconf 84' lang='grc' dir='ltr'>ὃτι</span> <span class='ocrx_word' id='word_1_79' title='bbox 674 1217 693 1249; x_wconf 81' lang='grc' dir='ltr'><strong>ι</strong></span> <span class='ocrx_word' id='word_1_80' title='bbox 719 1197 816 1261; x_wconf 87' lang='grc' dir='ltr'>Τίς</span> <span class='ocrx_word' id='word_1_81' title='bbox 839 1199 898 1250; x_wconf 87' lang='grc' dir='ltr'><strong>ἐν</strong></span> <span class='ocrx_word' id='word_1_82' title='bbox 925 1197 1178 1267; x_wconf 79' lang='grc' dir='ltr'><strong>νεφέλαις</strong></span> <span class='ocrx_word' id='word_1_83' title='bbox 1228 1198 1560 1270; x_wconf 85' lang='grc' dir='ltr'>ἰσωθήσεται</span> <span class='ocrx_word' id='word_1_84' title='bbox 1587 1199 1667 1272; x_wconf 81' lang='grc' dir='ltr'>τῷ</span> <span class='ocrx_word' id='word_1_85' title='bbox 1693 1201 1916 1274; x_wconf 78' lang='grc' dir='ltr'>Κυρίῳ;</span> 
     </span>
    </p>
   </div>
   <div class='ocr_carea' id='block_1_14' title="bbox 325 1289 1916 1360">
    <p class='ocr_par' dir='ltr' id='par_1_14' title="bbox 325 1289 1916 1360">
     <span class='ocr_line' id='line_1_14' title="bbox 325 1289 1916 1360; baseline 0.003 -16"><span class='ocrx_word' id='word_1_86' title='bbox 325 1291 426 1344; x_wconf 73' lang='grc' dir='ltr'>καὶ</span> <span class='ocrx_word' id='word_1_87' title='bbox 451 1291 532 1353; x_wconf 90' lang='grc' dir='ltr'>τίς</span> <span class='ocrx_word' id='word_1_88' title='bbox 564 1289 965 1359; x_wconf 81' lang='grc' dir='ltr'><strong>ὁμοιωθήσεται</strong></span> <span class='ocrx_word' id='word_1_89' title='bbox 991 1289 1068 1359; x_wconf 86' lang='grc' dir='ltr'>τῷ</span> <span class='ocrx_word' id='word_1_90' title='bbox 1099 1289 1218 1360; x_wconf 85' lang='grc' dir='ltr'><strong>Θεῷ</strong></span> <span class='ocrx_word' id='word_1_91' title='bbox 1251 1293 1309 1344; x_wconf 60' lang='grc' dir='ltr'><strong>ἐν</strong></span> <span class='ocrx_word' id='word_1_92' title='bbox 1339 1293 1480 1356; x_wconf 81' lang='grc' dir='ltr'>υίοῖς</span> <span class='ocrx_word' id='word_1_93' title='bbox 1503 1293 1638 1346; x_wconf 83' lang='grc' dir='ltr'>Θεοῦ</span> <span class='ocrx_word' id='word_1_94' title='bbox 1661 1310 1675 1359; x_wconf 91' lang='grc'><strong>;</strong></span> <span class='ocrx_word' id='word_1_95' title='bbox 1701 1312 1720 1346; x_wconf 71' lang='grc' dir='ltr'><strong>ι</strong></span> <span class='ocrx_word' id='word_1_96' title='bbox 1761 1295 1916 1349; x_wconf 78' lang='grc' dir='ltr'>Ἀνα-</span> 
     </span>
    </p>
   </div>
   <div class='ocr_carea' id='block_1_15' title="bbox 325 1375 1922 1457">
    <p class='ocr_par' dir='ltr' id='par_1_15' title="bbox 325 1375 1922 1457">
     <span class='ocr_line' id='line_1_15' title="bbox 325 1375 1922 1457; baseline 0.003 -24"><span class='ocrx_word' id='word_1_97' title='bbox 325 1381 514 1436; x_wconf 82' lang='grc' dir='ltr'>θετέον</span> <span class='ocrx_word' id='word_1_98' title='bbox 555 1375 648 1432; x_wconf 72' lang='grc' dir='ltr'>οὖν</span> <span class='ocrx_word' id='word_1_99' title='bbox 684 1379 793 1450; x_wconf 82' lang='grc' dir='ltr'>ἄρα</span> <span class='ocrx_word' id='word_1_100' title='bbox 834 1379 928 1433; x_wconf 73' lang='grc' dir='ltr'>καὶ</span> <span class='ocrx_word' id='word_1_101' title='bbox 965 1379 1102 1450; x_wconf 81' lang='grc' dir='ltr'>μετὰ</span> <span class='ocrx_word' id='word_1_102' title='bbox 1151 1381 1352 1451; x_wconf 76' lang='grc' dir='ltr'>σαρκὸς</span> <span class='ocrx_word' id='word_1_103' title='bbox 1399 1381 1552 1454; x_wconf 85' lang='grc' dir='ltr'><strong>αὑτῷ</strong></span> <span class='ocrx_word' id='word_1_104' title='bbox 1587 1381 1650 1436; x_wconf 83' lang='grc' dir='ltr'><strong>τδ</strong></span> <span class='ocrx_word' id='word_1_105' title='bbox 1681 1385 1922 1457; x_wconf 78' lang='grc' dir='ltr'>πρεσῦύ-</span> 
     </span>
    </p>
   </div>
   <div class='ocr_carea' id='block_1_16' title="bbox 325 1469 1918 1544">
    <p class='ocr_par' dir='ltr' id='par_1_16' title="bbox 325 1469 1918 1544">
     <span class='ocr_line' id='line_1_16' title="bbox 325 1469 1918 1544; baseline 0.003 -21"><span class='ocrx_word' id='word_1_106' title='bbox 325 1487 518 1535; x_wconf 84' lang='grc' dir='ltr'>τατον,</span> <span class='ocrx_word' id='word_1_107' title='bbox 561 1469 636 1532; x_wconf 83' lang='grc' dir='ltr'>ὡς</span> <span class='ocrx_word' id='word_1_108' title='bbox 673 1469 792 1540; x_wconf 86' lang='grc' dir='ltr'><strong>Θεῷ</strong></span> <span class='ocrx_word' id='word_1_109' title='bbox 836 1469 978 1524; x_wconf 76' lang='grc' dir='ltr'>κατὰ</span> <span class='ocrx_word' id='word_1_110' title='bbox 1017 1469 1178 1540; x_wconf 65' lang='grc' dir='ltr'>φύσιν</span> <span class='ocrx_word' id='word_1_111' title='bbox 1207 1470 1462 1525; x_wconf 79' lang='grc' dir='ltr'>ἐνωθόντι</span> <span class='ocrx_word' id='word_1_112' title='bbox 1493 1472 1680 1544; x_wconf 73' lang='grc' dir='ltr'>σαρκὶ,</span> <span class='ocrx_word' id='word_1_113' title='bbox 1722 1474 1814 1526; x_wconf 78' lang='grc' dir='ltr'>καὶ</span> <span class='ocrx_word' id='word_1_114' title='bbox 1852 1474 1918 1527; x_wconf 82' lang='grc' dir='ltr'>τὰ</span> 
     </span>
    </p>
   </div>
   <div class='ocr_carea' id='block_1_17' title="bbox 327 1559 1919 1637">
    <p class='ocr_par' dir='ltr' id='par_1_17' title="bbox 327 1559 1919 1637">
     <span class='ocr_line' id='line_1_17' title="bbox 327 1559 1919 1637; baseline 0.004 -25"><span class='ocrx_word' id='word_1_115' title='bbox 327 1561 432 1630; x_wconf 81' lang='grc' dir='ltr'>τῆς</span> <span class='ocrx_word' id='word_1_116' title='bbox 461 1559 597 1623; x_wconf 86' lang='grc' dir='ltr'>ἰδίας</span> <span class='ocrx_word' id='word_1_117' title='bbox 627 1559 842 1630; x_wconf 80' lang='grc' dir='ltr'>φύσεως</span> <span class='ocrx_word' id='word_1_118' title='bbox 893 1559 1077 1629; x_wconf 76' lang='grc' dir='ltr'>ἀγαθά</span> <span class='ocrx_word' id='word_1_119' title='bbox 1105 1565 1431 1618; x_wconf 86' lang='grc' dir='ltr'>κοινοποῖειν</span> <span class='ocrx_word' id='word_1_120' title='bbox 1461 1562 1674 1618; x_wconf 76' lang='grc' dir='ltr'><strong>εἰωθότι</strong></span> <span class='ocrx_word' id='word_1_121' title='bbox 1693 1564 1772 1635; x_wconf 87' lang='grc' dir='ltr'>τῷ</span> <span class='ocrx_word' id='word_1_122' title='bbox 1803 1565 1919 1637; x_wconf 85' lang='grc' dir='ltr'>ἰδίῳ</span> 
     </span>
    </p>
   </div>
   <div class='ocr_carea' id='block_1_18' title="bbox 329 1650 572 1722">
    <p class='ocr_par' dir='ltr' id='par_1_18' title="bbox 329 1650 572 1722">
     <span class='ocr_line' id='line_1_18' title="bbox 329 1650 572 1722; baseline 0 -18"><span class='ocrx_word' id='word_1_123' title='bbox 329 1650 572 1722; x_wconf 84' lang='grc' dir='ltr'>σώματι.</span> 
     </span>
    </p>
   </div>
   <div class='ocr_carea' id='block_1_19' title="bbox 405 1741 915 1813">
    <p class='ocr_par' dir='ltr' id='par_1_19' title="bbox 405 1741 915 1813">
     <span class='ocr_line' id='line_1_19' title="bbox 405 1741 915 1813; baseline 0 -17"><span class='ocrx_word' id='word_1_124' title='bbox 405 1743 465 1796; x_wconf 90' lang='grc' dir='ltr'>Β.</span> <span class='ocrx_word' id='word_1_125' title='bbox 499 1745 725 1813; x_wconf 83' lang='grc' dir='ltr'>’Λριστα</span> <span class='ocrx_word' id='word_1_126' title='bbox 757 1741 860 1813; x_wconf 74' lang='grc' dir='ltr'>ἔφη</span> <span class='ocrx_word' id='word_1_127' title='bbox 870 1760 915 1806; x_wconf 88' lang='grc' dir='ltr'><strong>ς.</strong></span> 
     </span>
    </p>
   </div>
   <div class='ocr_carea' id='block_1_20' title="bbox 2025 563 3504 638">
    <p class='ocr_par' dir='ltr' id='par_1_20' title="bbox 2025 563 3504 638">
     <span class='ocr_line' id='line_1_20' title="bbox 2025 563 3504 638; baseline 0.003 -20"><span class='ocrx_word' id='word_1_128' title='bbox 2025 563 2173 632; x_wconf 87' lang='lat' dir='ltr'><strong>illud,</strong></span> <span class='ocrx_word' id='word_1_129' title='bbox 2202 577 2342 636; x_wconf 91' lang='lat' dir='ltr'><strong>post,</strong></span> <span class='ocrx_word' id='word_1_130' title='bbox 2373 569 2611 622; x_wconf 83' lang='lat' dir='ltr'><strong>dicemus</strong></span> <span class='ocrx_word' id='word_1_131' title='bbox 2638 567 2942 636; x_wconf 80' lang='lat' dir='ltr'><strong>signiﬁcare</strong></span> <span class='ocrx_word' id='word_1_132' title='bbox 2970 567 3282 622; x_wconf 78' lang='lat' dir='ltr'><strong>inferiorem</strong></span> <span class='ocrx_word' id='word_1_133' title='bbox 3312 567 3504 638; x_wconf 82' lang='lat' dir='ltr'><strong>gloria.</strong></span> 
     </span>
    </p>
   </div>
   <div class='ocr_carea' id='block_1_21' title="bbox 2095 763 3595 836">
    <p class='ocr_par' dir='ltr' id='par_1_21' title="bbox 2095 763 3595 836">
     <span class='ocr_line' id='line_1_21' title="bbox 2095 763 3595 836; baseline 0.003 -18"><span class='ocrx_word' id='word_1_134' title='bbox 2095 765 2155 818; x_wconf 85' lang='grc' dir='ltr'>Β.</span> <span class='ocrx_word' id='word_1_135' title='bbox 2199 765 2551 820; x_wconf 83' lang='lat' dir='ltr'><strong>Statuendum</strong></span> <span class='ocrx_word' id='word_1_136' title='bbox 2581 765 2760 836; x_wconf 77' lang='lat' dir='ltr'><strong>itaque</strong></span> <span class='ocrx_word' id='word_1_137' title='bbox 2784 765 2909 831; x_wconf 86' lang='lat' dir='ltr'><strong>erit,</strong></span> <span class='ocrx_word' id='word_1_138' title='bbox 2934 763 3297 833; x_wconf 77' lang='lat' dir='ltr'><strong>meoiudicio,</strong></span> <span class='ocrx_word' id='word_1_139' title='bbox 3322 763 3595 822; x_wconf 77' lang='lat' dir='ltr'><strong>Christum</strong></span> 
     </span>
    </p>
   </div>
   <div class='ocr_carea' id='block_1_22' title="bbox 2021 855 3597 928">
    <p class='ocr_par' dir='ltr' id='par_1_22' title="bbox 2021 855 3597 928">
     <span class='ocr_line' id='line_1_22' title="bbox 2021 855 3597 928; baseline 0.003 -17"><span class='ocrx_word' id='word_1_140' title='bbox 2021 855 2227 911; x_wconf 80' lang='lat' dir='ltr'><strong>Joanne</strong></span> <span class='ocrx_word' id='word_1_141' title='bbox 2253 855 2562 912; x_wconf 80' lang='lat' dir='ltr'><strong>inferiorem</strong></span> <span class='ocrx_word' id='word_1_142' title='bbox 2591 857 2760 928; x_wconf 81' lang='lat' dir='ltr'><strong>gloria</strong></span> <span class='ocrx_word' id='word_1_143' title='bbox 2787 873 2929 913; x_wconf 88' lang='lat' dir='ltr'><strong>esse.</strong></span> <span class='ocrx_word' id='word_1_144' title='bbox 2963 858 3111 913; x_wconf 84' lang='lat' dir='ltr'><strong>Dixit</strong></span> <span class='ocrx_word' id='word_1_145' title='bbox 3137 859 3278 912; x_wconf 78' lang='lat' dir='ltr'><strong>cnim</strong></span> <span class='ocrx_word' id='word_1_146' title='bbox 3311 877 3322 912; x_wconf 94' lang='lat'><strong>:</strong></span> <span class='ocrx_word' id='word_1_147' title='bbox 3355 859 3482 915; x_wconf 82' lang='lat' dir='ltr'><strong>Post</strong></span> <span class='ocrx_word' id='word_1_148' title='bbox 3511 877 3597 916; x_wconf 90' lang='lat' dir='ltr'><strong>me</strong></span> 
     </span>
    </p>
   </div>
   <div class='ocr_carea' id='block_1_23' title="bbox 2021 949 2327 1004">
    <p class='ocr_par' dir='ltr' id='par_1_23' title="bbox 2021 949 2327 1004">
     <span class='ocr_line' id='line_1_23' title="bbox 2021 949 2327 1004; baseline 0.013 -5"><span class='ocrx_word' id='word_1_149' title='bbox 2021 949 2198 1004; x_wconf 88' lang='lat' dir='ltr'><strong>veniet</strong></span> <span class='ocrx_word' id='word_1_150' title='bbox 2228 949 2327 1003; x_wconf 90' lang='lat' dir='ltr'><strong>vir.</strong></span> 
     </span>
    </p>
   </div>
   <div class='ocr_carea' id='block_1_24' title="bbox 2093 1038 3596 1113">
    <p class='ocr_par' dir='ltr' id='par_1_24' title="bbox 2093 1038 3596 1113">
     <span class='ocr_line' id='line_1_24' title="bbox 2093 1038 3596 1113; baseline 0.006 -23"><span class='ocrx_word' id='word_1_151' title='bbox 2093 1039 2159 1095; x_wconf 82' lang='lat' dir='ltr'><strong>A.</strong></span> <span class='ocrx_word' id='word_1_152' title='bbox 2199 1038 2354 1092; x_wconf 84' lang='lat' dir='ltr'><strong>Absit</strong></span> <span class='ocrx_word' id='word_1_153' title='bbox 2390 1045 2536 1094; x_wconf 88' lang='lat' dir='ltr'><strong>tanta</strong></span> <span class='ocrx_word' id='word_1_154' title='bbox 2569 1039 2910 1094; x_wconf 88' lang='lat' dir='ltr'><strong>absurditas!</strong></span> <span class='ocrx_word' id='word_1_155' title='bbox 2943 1039 3121 1095; x_wconf 81' lang='lat' dir='ltr'><strong>Facile</strong></span> <span class='ocrx_word' id='word_1_156' title='bbox 3153 1041 3296 1096; x_wconf 89' lang='lat' dir='ltr'><strong>enim</strong></span> <span class='ocrx_word' id='word_1_157' title='bbox 3330 1041 3596 1113; x_wconf 72' lang='lat' dir='ltr'><strong>iudicabi-</strong></span> 
     </span>
    </p>
   </div>
   <div class='ocr_carea' id='block_1_25' title="bbox 2023 1130 3592 1197">
    <p class='ocr_par' dir='ltr' id='par_1_25' title="bbox 2023 1130 3592 1197">
     <span class='ocr_line' id='line_1_25' title="bbox 2023 1130 3592 1197; baseline 0.005 -14"><span class='ocrx_word' id='word_1_158' title='bbox 2023 1143 2142 1184; x_wconf 88' lang='lat' dir='ltr'><strong>mus</strong></span> <span class='ocrx_word' id='word_1_159' title='bbox 2173 1143 2281 1182; x_wconf 91' lang='lat' dir='ltr'><strong>rem</strong></span> <span class='ocrx_word' id='word_1_160' title='bbox 2311 1130 2382 1184; x_wconf 87' lang='lat' dir='ltr'><strong>ita</strong></span> <span class='ocrx_word' id='word_1_161' title='bbox 2411 1145 2469 1183; x_wconf 90' lang='lat' dir='ltr'><strong>se</strong></span> <span class='ocrx_word' id='word_1_162' title='bbox 2500 1147 2602 1184; x_wconf 93' lang='lat' dir='ltr'><strong>nou</strong></span> <span class='ocrx_word' id='word_1_163' title='bbox 2633 1132 2852 1197; x_wconf 86' lang='lat' dir='ltr'><strong>habere,</strong></span> <span class='ocrx_word' id='word_1_164' title='bbox 2879 1133 2922 1188; x_wconf 92' lang='lat' dir='ltr'><strong>si</strong></span> <span class='ocrx_word' id='word_1_165' title='bbox 2956 1133 3167 1188; x_wconf 72' lang='lat' dir='ltr'><strong>illud&#39;in</strong></span> <span class='ocrx_word' id='word_1_166' title='bbox 3195 1133 3424 1191; x_wconf 85' lang='lat' dir='ltr'><strong>Psalmis</strong></span> <span class='ocrx_word' id='word_1_167' title='bbox 3453 1137 3592 1190; x_wconf 85' lang='lat' dir='ltr'><strong>scri—</strong></span> 
     </span>
    </p>
   </div>
   <div class='ocr_carea' id='block_1_26' title="bbox 2021 1219 3594 1292">
    <p class='ocr_par' dir='ltr' id='par_1_26' title="bbox 2021 1219 3594 1292">
     <span class='ocr_line' id='line_1_26' title="bbox 2021 1219 3594 1292; baseline 0.005 -22"><span class='ocrx_word' id='word_1_168' title='bbox 2021 1227 2168 1286; x_wconf 87' lang='lat' dir='ltr'><strong>ptum</strong></span> <span class='ocrx_word' id='word_1_169' title='bbox 2206 1228 2350 1273; x_wconf 91' lang='lat' dir='ltr'><strong>rccte</strong></span> <span class='ocrx_word' id='word_1_170' title='bbox 2383 1219 2746 1289; x_wconf 81' lang='lat' dir='ltr'><strong>intelligamus</strong></span> <span class='ocrx_word' id='word_1_171' title='bbox 2779 1239 2792 1274; x_wconf 94' lang='lat'><strong>:</strong></span> <span class='ocrx_word' id='word_1_172' title='bbox 2831 1237 2850 1270; x_wconf 80' lang='grc'><strong>(</strong></span> <span class='ocrx_word' id='word_1_173' title='bbox 2889 1219 3154 1286; x_wconf 85' lang='lat' dir='ltr'><strong>Quoniam</strong></span> <span class='ocrx_word' id='word_1_174' title='bbox 3191 1226 3312 1292; x_wconf 86' lang='lat' dir='ltr'><strong>quis</strong></span> <span class='ocrx_word' id='word_1_175' title='bbox 3345 1225 3396 1277; x_wconf 87' lang='lat' dir='ltr'><strong>in</strong></span> <span class='ocrx_word' id='word_1_176' title='bbox 3433 1225 3594 1280; x_wconf 81' lang='lat' dir='ltr'><strong>nubi-</strong></span> 
     </span>
    </p>
   </div>
   <div class='ocr_carea' id='block_1_27' title="bbox 2021 1309 3592 1379">
    <p class='ocr_par' dir='ltr' id='par_1_27' title="bbox 2021 1309 3592 1379">
     <span class='ocr_line' id='line_1_27' title="bbox 2021 1309 3592 1379; baseline 0.003 -16"><span class='ocrx_word' id='word_1_177' title='bbox 2021 1310 2120 1364; x_wconf 85' lang='lat' dir='ltr'><strong>bus</strong></span> <span class='ocrx_word' id='word_1_178' title='bbox 2152 1311 2455 1378; x_wconf 66' lang='lat' dir='ltr'><strong>aequabitur</strong></span> <span class='ocrx_word' id='word_1_179' title='bbox 2487 1309 2758 1366; x_wconf 79' lang='lat' dir='ltr'><strong>Domino?</strong></span> <span class='ocrx_word' id='word_1_180' title='bbox 2789 1319 2842 1364; x_wconf 92' lang='lat' dir='ltr'><strong>et</strong></span> <span class='ocrx_word' id='word_1_181' title='bbox 2876 1311 2999 1379; x_wconf 90' lang='lat' dir='ltr'><strong>quis</strong></span> <span class='ocrx_word' id='word_1_182' title='bbox 3032 1309 3227 1367; x_wconf 81' lang='lat' dir='ltr'><strong>similis</strong></span> <span class='ocrx_word' id='word_1_183' title='bbox 3259 1315 3362 1368; x_wconf 91' lang='lat' dir='ltr'><strong>erit</strong></span> <span class='ocrx_word' id='word_1_184' title='bbox 3396 1315 3508 1370; x_wconf 89' lang='lat' dir='ltr'><strong>Deo</strong></span> <span class='ocrx_word' id='word_1_185' title='bbox 3539 1316 3592 1369; x_wconf 90' lang='lat' dir='ltr'><strong>in</strong></span> 
     </span>
    </p>
   </div>
   <div class='ocr_carea' id='block_1_28' title="bbox 2021 1400 3596 1471">
    <p class='ocr_par' dir='ltr' id='par_1_28' title="bbox 2021 1400 3596 1471">
     <span class='ocr_line' id='line_1_28' title="bbox 2021 1400 3596 1471; baseline 0.003 -17"><span class='ocrx_word' id='word_1_186' title='bbox 2021 1400 2145 1456; x_wconf 84' lang='lat' dir='ltr'><strong>llliis</strong></span> <span class='ocrx_word' id='word_1_187' title='bbox 2175 1401 2265 1456; x_wconf 90' lang='lat' dir='ltr'><strong>Dei</strong></span> <span class='ocrx_word' id='word_1_188' title='bbox 2285 1402 2368 1456; x_wconf 72' lang='lat'><strong>“1&#39;</strong></span> <span class='ocrx_word' id='word_1_189' title='bbox 2404 1421 2422 1453; x_wconf 77' lang='grc' dir='ltr'><strong>ι</strong></span> <span class='ocrx_word' id='word_1_190' title='bbox 2459 1401 2768 1457; x_wconf 87' lang='lat' dir='ltr'><strong>Tribuenda</strong></span> <span class='ocrx_word' id='word_1_191' title='bbox 2799 1402 2979 1471; x_wconf 82' lang='lat' dir='ltr'><strong>itaque</strong></span> <span class='ocrx_word' id='word_1_192' title='bbox 3007 1411 3093 1456; x_wconf 89' lang='lat' dir='ltr'><strong>est</strong></span> <span class='ocrx_word' id='word_1_193' title='bbox 3123 1401 3246 1471; x_wconf 89' lang='lat' dir='ltr'><strong>ipsi,</strong></span> <span class='ocrx_word' id='word_1_194' title='bbox 3279 1407 3441 1458; x_wconf 80' lang='lat' dir='ltr'><strong>etiam</strong></span> <span class='ocrx_word' id='word_1_195' title='bbox 3473 1419 3596 1458; x_wconf 91' lang='lat' dir='ltr'><strong>cum</strong></span> 
     </span>
    </p>
   </div>
   <div class='ocr_carea' id='block_1_29' title="bbox 2020 1493 3598 1564">
    <p class='ocr_par' dir='ltr' id='par_1_29' title="bbox 2020 1493 3598 1564">
     <span class='ocr_line' id='line_1_29' title="bbox 2020 1493 3598 1564; baseline 0.002 -17"><span class='ocrx_word' id='word_1_196' title='bbox 2020 1507 2208 1560; x_wconf 87' lang='lat' dir='ltr'><strong>carne,</strong></span> <span class='ocrx_word' id='word_1_197' title='bbox 2241 1493 2580 1563; x_wconf 83' lang='lat' dir='ltr'><strong>antiquitatis</strong></span> <span class='ocrx_word' id='word_1_198' title='bbox 2595 1495 2980 1564; x_wconf 81' lang='lat' dir='ltr'><strong>praerogativa,</strong></span> <span class='ocrx_word' id='word_1_199' title='bbox 3011 1495 3264 1549; x_wconf 87' lang='lat' dir='ltr'><strong>nimirum</strong></span> <span class='ocrx_word' id='word_1_200' title='bbox 3287 1506 3344 1550; x_wconf 92' lang='lat' dir='ltr'><strong>ut</strong></span> <span class='ocrx_word' id='word_1_201' title='bbox 3365 1495 3474 1550; x_wconf 89' lang='lat' dir='ltr'><strong>Deo</strong></span> <span class='ocrx_word' id='word_1_202' title='bbox 3504 1511 3598 1550; x_wconf 85' lang='lat' dir='ltr'><strong>na-</strong></span> 
     </span>
    </p>
   </div>
   <div class='ocr_carea' id='block_1_30' title="bbox 2022 1585 3598 1657">
    <p class='ocr_par' dir='ltr' id='par_1_30' title="bbox 2022 1585 3598 1657">
     <span class='ocr_line' id='line_1_30' title="bbox 2022 1585 3598 1657; baseline 0.004 -21"><span class='ocrx_word' id='word_1_203' title='bbox 2022 1585 2266 1639; x_wconf 87' lang='lat' dir='ltr'><strong>turaliter</strong></span> <span class='ocrx_word' id='word_1_204' title='bbox 2309 1587 2462 1641; x_wconf 90' lang='lat' dir='ltr'><strong>unito</strong></span> <span class='ocrx_word' id='word_1_205' title='bbox 2506 1587 2680 1648; x_wconf 82' lang='lat' dir='ltr'><strong>carni,</strong></span> <span class='ocrx_word' id='word_1_206' title='bbox 2721 1587 2920 1657; x_wconf 84' lang='lat' dir='ltr'><strong>quique</strong></span> <span class='ocrx_word' id='word_1_207' title='bbox 2968 1587 3199 1657; x_wconf 64' lang='lat' dir='ltr'><strong>propriae</strong></span> <span class='ocrx_word' id='word_1_208' title='bbox 3240 1603 3350 1642; x_wconf 66' lang='lat' dir='ltr'><strong>suae</strong></span> <span class='ocrx_word' id='word_1_209' title='bbox 3397 1597 3598 1643; x_wconf 62' lang='lat' dir='ltr'><strong>natura!</strong></span> 
     </span>
    </p>
   </div>
   <div class='ocr_carea' id='block_1_31' title="bbox 2020 1673 3490 1745">
    <p class='ocr_par' dir='ltr' id='par_1_31' title="bbox 2020 1673 3490 1745">
     <span class='ocr_line' id='line_1_31' title="bbox 2020 1673 3490 1745; baseline 0.005 -18"><span class='ocrx_word' id='word_1_210' title='bbox 2020 1673 2160 1729; x_wconf 89' lang='lat' dir='ltr'><strong>bona</strong></span> <span class='ocrx_word' id='word_1_211' title='bbox 2189 1675 2400 1745; x_wconf 87' lang='lat' dir='ltr'><strong>corpori</strong></span> <span class='ocrx_word' id='word_1_212' title='bbox 2433 1675 2596 1731; x_wconf 90' lang='lat' dir='ltr'><strong>etiam</strong></span> <span class='ocrx_word' id='word_1_213' title='bbox 2628 1691 2724 1732; x_wconf 90' lang='lat' dir='ltr'><strong>suo</strong></span> <span class='ocrx_word' id='word_1_214' title='bbox 2754 1678 3157 1732; x_wconf 89' lang='lat' dir='ltr'><strong>communicare</strong></span> <span class='ocrx_word' id='word_1_215' title='bbox 3183 1680 3490 1734; x_wconf 86' lang='lat' dir='ltr'><strong>consuevit.</strong></span> 
     </span>
    </p>
   </div>
   <div class='ocr_carea' id='block_1_32' title="bbox 2093 1763 2594 1833">
    <p class='ocr_par' dir='ltr' id='par_1_32' title="bbox 2093 1763 2594 1833">
     <span class='ocr_line' id='line_1_32' title="bbox 2093 1763 2594 1833; baseline 0.006 -17"><span class='ocrx_word' id='word_1_216' title='bbox 2093 1763 2153 1816; x_wconf 85' lang='grc' dir='ltr'>Β.</span> <span class='ocrx_word' id='word_1_217' title='bbox 2195 1763 2408 1833; x_wconf 83' lang='lat' dir='ltr'><strong>Optime</strong></span> <span class='ocrx_word' id='word_1_218' title='bbox 2438 1767 2594 1820; x_wconf 86' lang='lat' dir='ltr'><strong>dicis.</strong></span> 
     </span>
    </p>
   </div>
   <div class='ocr_carea' id='block_1_33' title="bbox 406 1807 1915 1926">
    <p class='ocr_par' dir='ltr' id='par_1_33' title="bbox 406 1807 1915 1907">
     <span class='ocr_line' id='line_1_33' title="bbox 406 1807 1915 1907; baseline 0.003 -22"><span class='ocrx_word' id='word_1_219' title='bbox 406 1835 471 1886; x_wconf 79' lang='grc' dir='ltr'>Α.</span> <span class='ocrx_word' id='word_1_220' title='bbox 505 1807 674 1886; x_wconf 77' lang='grc' dir='ltr'>Τοῦτο</span> <span class='ocrx_word' id='word_1_221' title='bbox 699 1833 742 1886; x_wconf 83' lang='grc' dir='ltr'>δ’</span> <span class='ocrx_word' id='word_1_222' title='bbox 777 1807 860 1886; x_wconf 64' lang='lat' dir='ltr'><strong>aiv&#39;</strong></span> <span class='ocrx_word' id='word_1_223' title='bbox 883 1831 1094 1904; x_wconf 86' lang='grc' dir='ltr'>μάθοις,</span> <span class='ocrx_word' id='word_1_224' title='bbox 1125 1825 1227 1888; x_wconf 82' lang='grc' dir='ltr'>ὧδέ</span> <span class='ocrx_word' id='word_1_225' title='bbox 1256 1851 1318 1886; x_wconf 85' lang='grc' dir='ltr'><strong>τε</strong></span> <span class='ocrx_word' id='word_1_226' title='bbox 1353 1833 1474 1903; x_wconf 75' lang='grc' dir='ltr'>ἕχον</span> <span class='ocrx_word' id='word_1_227' title='bbox 1508 1834 1605 1888; x_wconf 73' lang='grc' dir='ltr'>καὶ</span> <span class='ocrx_word' id='word_1_228' title='bbox 1629 1837 1915 1907; x_wconf 81' lang='grc' dir='ltr'>εἰρημένον</span> 
     </span>
    </p>
   </div>
   <div class='ocr_carea' id='block_1_34' title="bbox 2018 1807 3596 1926">
    <p class='ocr_par' dir='ltr' id='par_1_34' title="bbox 2092 1807 3596 1926">
     <span class='ocr_line' id='line_1_34' title="bbox 2093 1807 2594 1833; baseline 0.006 -17"><span class='ocrx_word' id='word_1_229' title='bbox 2093 1807 2153 1816; x_wconf 64' lang='grc' dir='ltr'>ν.</span> <span class='ocrx_word' id='word_1_230' title='bbox 2198 1807 2408 1833; x_wconf 55' lang='grc' dir='ltr'>ηψπ...</span> <span class='ocrx_word' id='word_1_231' title='bbox 2438 1807 2594 1820; x_wconf 65' lang='grc' dir='ltr'>ων.-.</span> 
     </span>
     <span class='ocr_line' id='line_1_35' title="bbox 2092 1851 3596 1926; baseline 0.005 -18"><span class='ocrx_word' id='word_1_232' title='bbox 2092 1855 2158 1908; x_wconf 79' lang='grc' dir='ltr'>Α.</span> <span class='ocrx_word' id='word_1_233' title='bbox 2201 1851 2312 1908; x_wconf 86' lang='lat' dir='ltr'><strong>Hoc</strong></span> <span class='ocrx_word' id='word_1_234' title='bbox 2337 1869 2464 1909; x_wconf 89' lang='lat' dir='ltr'><strong>vero</strong></span> <span class='ocrx_word' id='word_1_235' title='bbox 2493 1857 2561 1909; x_wconf 88' lang='lat' dir='ltr'><strong>ita</strong></span> <span class='ocrx_word' id='word_1_236' title='bbox 2591 1870 2647 1909; x_wconf 87' lang='lat' dir='ltr'><strong>se</strong></span> <span class='ocrx_word' id='word_1_237' title='bbox 2675 1856 2894 1924; x_wconf 83' lang='lat' dir='ltr'><strong>habere,</strong></span> <span class='ocrx_word' id='word_1_238' title='bbox 2925 1867 3178 1926; x_wconf 86' lang='lat' dir='ltr'><strong>recteque</strong></span> <span class='ocrx_word' id='word_1_239' title='bbox 3204 1859 3308 1914; x_wconf 89' lang='lat' dir='ltr'><strong>dici</strong></span> <span class='ocrx_word' id='word_1_240' title='bbox 3337 1861 3500 1914; x_wconf 89' lang='lat' dir='ltr'><strong>etiam</strong></span> <span class='ocrx_word' id='word_1_241' title='bbox 3531 1877 3596 1916; x_wconf 73' lang='lat' dir='ltr'><strong>ex</strong></span> 
     </span>
    </p>
   </div>
   <div class='ocr_carea' id='block_1_35' title="bbox 329 1919 1915 1999">
    <p class='ocr_par' dir='ltr' id='par_1_35' title="bbox 329 1919 1915 1999">
     <span class='ocr_line' id='line_1_36' title="bbox 329 1919 1915 1999; baseline 0.003 -23"><span class='ocrx_word' id='word_1_242' title='bbox 329 1924 531 1996; x_wconf 80' lang='grc' dir='ltr'><strong>ὀρθῶς,</strong></span> <span class='ocrx_word' id='word_1_243' title='bbox 564 1925 655 1977; x_wconf 82' lang='grc' dir='ltr'>καὶ</span> <span class='ocrx_word' id='word_1_244' title='bbox 681 1923 740 1988; x_wconf 82' lang='grc' dir='ltr'>ἐξ</span> <span class='ocrx_word' id='word_1_245' title='bbox 767 1925 986 1995; x_wconf 79' lang='grc' dir='ltr'>ἑτέρων,</span> <span class='ocrx_word' id='word_1_246' title='bbox 1003 1919 1048 1978; x_wconf 78' lang='grc' dir='ltr'><strong>ὦ</strong></span> <span class='ocrx_word' id='word_1_247' title='bbox 1071 1927 1191 1992; x_wconf 79' lang='grc' dir='ltr'>τᾶν,</span> <span class='ocrx_word' id='word_1_248' title='bbox 1214 1926 1376 1996; x_wconf 78' lang='grc' dir='ltr'>εἴπερ</span> <span class='ocrx_word' id='word_1_249' title='bbox 1393 1925 1553 1990; x_wconf 73' lang='grc' dir='ltr'>ἕλοιο,</span> <span class='ocrx_word' id='word_1_250' title='bbox 1581 1926 1915 1999; x_wconf 79' lang='grc' dir='ltr'>μαρτυριῶν.</span> 
     </span>
    </p>
   </div>
   <div class='ocr_carea' id='block_1_36' title="bbox 337 2015 1917 2088">
    <p class='ocr_par' dir='ltr' id='par_1_36' title="bbox 337 2015 1917 2088">
     <span class='ocr_line' id='line_1_37' title="bbox 337 2015 1917 2088; baseline 0.001 -20"><span class='ocrx_word' id='word_1_251' title='bbox 337 2016 484 2086; x_wconf 80' lang='grc' dir='ltr'>Ἔφη</span> <span class='ocrx_word' id='word_1_252' title='bbox 541 2016 641 2084; x_wconf 86' lang='grc' dir='ltr'>μὲν</span> <span class='ocrx_word' id='word_1_253' title='bbox 680 2017 788 2086; x_wconf 86' lang='grc' dir='ltr'><strong>γάρ</strong></span> <span class='ocrx_word' id='word_1_254' title='bbox 837 2033 942 2068; x_wconf 82' lang='grc' dir='ltr'>που</span> <span class='ocrx_word' id='word_1_255' title='bbox 994 2016 1126 2080; x_wconf 82' lang='grc' dir='ltr'><strong>Θεὸς</strong></span> <span class='ocrx_word' id='word_1_256' title='bbox 1173 2019 1308 2086; x_wconf 74' lang='grc' dir='ltr'>περὶ</span> <span class='ocrx_word' id='word_1_257' title='bbox 1356 2015 1450 2068; x_wconf 88' lang='grc' dir='ltr'><strong>τοῦ</strong></span> <span class='ocrx_word' id='word_1_258' title='bbox 1499 2019 1564 2070; x_wconf 85' lang='grc' dir='ltr'><strong>ἐκ</strong></span> <span class='ocrx_word' id='word_1_259' title='bbox 1603 2017 1917 2088; x_wconf 79' lang='grc' dir='ltr'>σπέρματος</span> 
     </span>
    </p>
   </div>
   <div class='ocr_carea' id='block_1_37' title="bbox 331 2105 1916 2179">
    <p class='ocr_par' dir='ltr' id='par_1_37' title="bbox 331 2105 1916 2179">
     <span class='ocr_line' id='line_1_38' title="bbox 331 2105 1916 2179; baseline 0.003 -20"><span class='ocrx_word' id='word_1_260' title='bbox 331 2105 518 2168; x_wconf 72' lang='grc' dir='ltr'>Δασὶδ,</span> <span class='ocrx_word' id='word_1_261' title='bbox 557 2105 620 2158; x_wconf 81' lang='grc' dir='ltr'><strong>τδ</strong></span> <span class='ocrx_word' id='word_1_262' title='bbox 646 2106 788 2159; x_wconf 76' lang='grc' dir='ltr'>κατὰ</span> <span class='ocrx_word' id='word_1_263' title='bbox 819 2107 998 2178; x_wconf 85' lang='grc' dir='ltr'>σάρκα</span> <span class='ocrx_word' id='word_1_264' title='bbox 1031 2109 1296 2178; x_wconf 84' lang='grc' dir='ltr'><strong>Χριστοῦ,</strong></span> <span class='ocrx_word' id='word_1_265' title='bbox 1339 2108 1409 2161; x_wconf 81' lang='grc' dir='ltr'><strong>δι’</strong></span> <span class='ocrx_word' id='word_1_266' title='bbox 1443 2109 1559 2171; x_wconf 79' lang='grc' dir='ltr'>ἐνὸς</span> <span class='ocrx_word' id='word_1_267' title='bbox 1603 2110 1711 2162; x_wconf 86' lang='grc' dir='ltr'>τῶν</span> <span class='ocrx_word' id='word_1_268' title='bbox 1745 2111 1916 2179; x_wconf 85' lang='grc' dir='ltr'>ἁγίων</span> 
     </span>
    </p>
   </div>
   <div class='ocr_carea' id='block_1_38' title="bbox 334 2195 1911 2273">
    <p class='ocr_par' dir='ltr' id='par_1_38' title="bbox 334 2195 1911 2273">
     <span class='ocr_line' id='line_1_39' title="bbox 334 2195 1911 2273; baseline 0.004 -23"><span class='ocrx_word' id='word_1_269' title='bbox 334 2198 650 2269; x_wconf 79' lang='grc' dir='ltr'>προφητῶν·</span> <span class='ocrx_word' id='word_1_270' title='bbox 692 2216 708 2248; x_wconf 80' lang='grc' dir='ltr'><strong>ι</strong></span> <span class='ocrx_word' id='word_1_271' title='bbox 733 2199 843 2251; x_wconf 74' lang='grc' dir='ltr'><strong>Καὶ</strong></span> <span class='ocrx_word' id='word_1_272' title='bbox 878 2201 962 2264; x_wconf 80' lang='grc' dir='ltr'>σὺ,</span> <span class='ocrx_word' id='word_1_273' title='bbox 997 2200 1263 2271; x_wconf 83' lang='grc' dir='ltr'>Βηθλεὲμ,</span> <span class='ocrx_word' id='word_1_274' title='bbox 1312 2195 1460 2262; x_wconf 75' lang='grc' dir='ltr'>οἰκος</span> <span class='ocrx_word' id='word_1_275' title='bbox 1499 2200 1592 2254; x_wconf 88' lang='grc' dir='ltr'><strong>τοῦ</strong></span> <span class='ocrx_word' id='word_1_276' title='bbox 1648 2203 1911 2273; x_wconf 81' lang='grc' dir='ltr'>Ἐφραθᾶ,</span> 
     </span>
    </p>
   </div>
   <div class='ocr_carea' id='block_1_39' title="bbox 333 2286 1912 2360">
    <p class='ocr_par' dir='ltr' id='par_1_39' title="bbox 333 2286 1912 2360">
     <span class='ocr_line' id='line_1_40' title="bbox 333 2286 1912 2360; baseline 0.005 -20"><span class='ocrx_word' id='word_1_277' title='bbox 333 2288 612 2357; x_wconf 84' lang='grc' dir='ltr'>ὀλιγοστὸς</span> <span class='ocrx_word' id='word_1_278' title='bbox 657 2287 708 2341; x_wconf 79' lang='grc' dir='ltr'><strong>εἰ</strong></span> <span class='ocrx_word' id='word_1_279' title='bbox 753 2289 848 2343; x_wconf 93' lang='grc' dir='ltr'><strong>τοῦ</strong></span> <span class='ocrx_word' id='word_1_280' title='bbox 891 2286 1028 2342; x_wconf 78' lang='grc' dir='ltr'>εἶναι</span> <span class='ocrx_word' id='word_1_281' title='bbox 1075 2293 1140 2344; x_wconf 75' lang='grc' dir='ltr'>ἐν’</span> <span class='ocrx_word' id='word_1_282' title='bbox 1185 2291 1426 2360; x_wconf 83' lang='grc' dir='ltr'>χιλιάσιν</span> <span class='ocrx_word' id='word_1_283' title='bbox 1480 2293 1668 2346; x_wconf 80' lang='grc' dir='ltr'><strong>Ἰούδα·</strong></span> <span class='ocrx_word' id='word_1_284' title='bbox 1716 2296 1780 2348; x_wconf 84' lang='grc' dir='ltr'><strong>ἐκ</strong></span> <span class='ocrx_word' id='word_1_285' title='bbox 1818 2294 1912 2348; x_wconf 91' lang='grc' dir='ltr'><strong>σοῦ</strong></span> 
     </span>
    </p>
   </div>
   <div class='ocr_carea' id='block_1_40' title="bbox 341 2375 1910 2458">
    <p class='ocr_par' dir='ltr' id='par_1_40' title="bbox 341 2375 1910 2458">
     <span class='ocr_line' id='line_1_41' title="bbox 341 2375 1910 2458; baseline 0.005 -27"><span class='ocrx_word' id='word_1_286' title='bbox 341 2397 431 2449; x_wconf 89' lang='grc' dir='ltr'><strong>μοι</strong></span> <span class='ocrx_word' id='word_1_287' title='bbox 459 2379 800 2445; x_wconf 81' lang='grc' dir='ltr'>ἐξελεύσεται</span> <span class='ocrx_word' id='word_1_288' title='bbox 819 2379 913 2432; x_wconf 89' lang='grc' dir='ltr'><strong>τοῦ</strong></span> <span class='ocrx_word' id='word_1_289' title='bbox 944 2375 1079 2434; x_wconf 79' lang='grc' dir='ltr'>εἶναι</span> <span class='ocrx_word' id='word_1_290' title='bbox 1108 2383 1186 2446; x_wconf 84' lang='grc' dir='ltr'><strong>εἰς</strong></span> <span class='ocrx_word' id='word_1_291' title='bbox 1212 2382 1454 2453; x_wconf 85' lang='grc' dir='ltr'>ἄρχοντα</span> <span class='ocrx_word' id='word_1_292' title='bbox 1483 2386 1540 2436; x_wconf 88' lang='grc' dir='ltr'><strong>ἐν</strong></span> <span class='ocrx_word' id='word_1_293' title='bbox 1571 2383 1646 2455; x_wconf 81' lang='grc' dir='ltr'><strong>τῷ</strong></span> <span class='ocrx_word' id='word_1_294' title='bbox 1677 2385 1910 2458; x_wconf 81' lang='grc' dir='ltr'>Ἰσραὴλ,</span> 
     </span>
    </p>
   </div>
   <div class='ocr_carea' id='block_1_41' title="bbox 339 2471 1909 2545">
    <p class='ocr_par' dir='ltr' id='par_1_41' title="bbox 339 2471 1909 2545">
     <span class='ocr_line' id='line_1_42' title="bbox 339 2471 1909 2545; baseline 0.004 -22"><span class='ocrx_word' id='word_1_295' title='bbox 339 2473 433 2524; x_wconf 81' lang='grc' dir='ltr'>καὶ</span> <span class='ocrx_word' id='word_1_296' title='bbox 470 2473 526 2524; x_wconf 86' lang='grc' dir='ltr'><strong>αἰ</strong></span> <span class='ocrx_word' id='word_1_297' title='bbox 566 2471 729 2536; x_wconf 77' lang='grc' dir='ltr'>ἔξοδοι</span> <span class='ocrx_word' id='word_1_298' title='bbox 776 2471 940 2525; x_wconf 79' lang='grc' dir='ltr'>αὑτοῦ</span> <span class='ocrx_word' id='word_1_299' title='bbox 983 2473 1234 2544; x_wconf 83' lang='grc' dir='ltr'>άπαρχῆς</span> <span class='ocrx_word' id='word_1_300' title='bbox 1274 2473 1337 2539; x_wconf 81' lang='grc' dir='ltr'>ἐξ</span> <span class='ocrx_word' id='word_1_301' title='bbox 1386 2475 1610 2545; x_wconf 78' lang='grc' dir='ltr'>ἡμερῶν</span> <span class='ocrx_word' id='word_1_302' title='bbox 1649 2477 1862 2540; x_wconf 83' lang='grc' dir='ltr'>αἰῶνος.</span> <span class='ocrx_word' id='word_1_303' title='bbox 1889 2497 1909 2530; x_wconf 73' lang='grc' dir='ltr'><strong>ι</strong></span> 
     </span>
    </p>
   </div>
   <div class='ocr_carea' id='block_1_42' title="bbox 336 2563 1910 2638">
    <p class='ocr_par' dir='ltr' id='par_1_42' title="bbox 336 2563 1910 2638">
     <span class='ocr_line' id='line_1_43' title="bbox 336 2563 1910 2638; baseline 0.001 -19"><span class='ocrx_word' id='word_1_304' title='bbox 336 2564 558 2636; x_wconf 82' lang='grc' dir='ltr'>Περὶδέ</span> <span class='ocrx_word' id='word_1_305' title='bbox 588 2581 651 2632; x_wconf 88' lang='grc' dir='ltr'><strong>γε</strong></span> <span class='ocrx_word' id='word_1_306' title='bbox 699 2565 806 2618; x_wconf 86' lang='grc' dir='ltr'><strong>τῶν</strong></span> <span class='ocrx_word' id='word_1_307' title='bbox 844 2565 974 2618; x_wconf 86' lang='grc' dir='ltr'>υίῶν</span> <span class='ocrx_word' id='word_1_308' title='bbox 1019 2563 1252 2638; x_wconf 77' lang='grc' dir='ltr'>Ἰσραὴλ,</span> <span class='ocrx_word' id='word_1_309' title='bbox 1288 2567 1320 2619; x_wconf 88' lang='grc' dir='ltr'><strong>ὀ</strong></span> <span class='ocrx_word' id='word_1_310' title='bbox 1359 2565 1649 2637; x_wconf 72' lang='grc' dir='ltr'>ἱερώτατος</span> <span class='ocrx_word' id='word_1_311' title='bbox 1683 2568 1910 2631; x_wconf 80' lang='grc' dir='ltr'><strong>Παῦλος·</strong></span> 
     </span>
    </p>
   </div>
   <div class='ocr_carea' id='block_1_43' title="bbox 341 2657 1913 2731">
    <p class='ocr_par' dir='ltr' id='par_1_43' title="bbox 341 2657 1913 2731">
     <span class='ocr_line' id='line_1_44' title="bbox 341 2657 1913 2731; baseline 0.03 -23"><span class='ocrx_word' id='word_1_312' title='bbox 341 2675 360 2708; x_wconf 79' lang='grc' dir='ltr'><strong>ι</strong></span> <span class='ocrx_word' id='word_1_313' title='bbox 391 2657 510 2711; x_wconf 79' lang='grc' dir='ltr'>’Ὁτι</span> <span class='ocrx_word' id='word_1_314' title='bbox 561 2659 762 2720; x_wconf 84' lang='grc' dir='ltr'>πάντες</span> <span class='ocrx_word' id='word_1_315' title='bbox 804 2658 881 2720; x_wconf 75' lang='grc' dir='ltr'>εἰς</span> <span class='ocrx_word' id='word_1_316' title='bbox 932 2657 1020 2710; x_wconf 76' lang='grc' dir='ltr'><strong>τδν</strong></span> <span class='ocrx_word' id='word_1_317' title='bbox 1067 2658 1276 2727; x_wconf 76' lang='grc' dir='ltr'><strong>Μωσῆν</strong></span> <span class='ocrx_word' id='word_1_318' title='bbox 1321 2657 1730 2730; x_wconf 53' lang='grc' dir='ltr'><strong>ἐϐαπτίσθησαν</strong></span> <span class='ocrx_word' id='word_1_319' title='bbox 1763 2661 1820 2712; x_wconf 66' lang='grc' dir='ltr'><strong>ὲν</strong></span> <span class='ocrx_word' id='word_1_320' title='bbox 1847 2661 1913 2731; x_wconf 68' lang='grc' dir='ltr'><strong>τῇ</strong></span> 
     </span>
    </p>
   </div>
   <div class='ocr_carea' id='block_1_44' title="bbox 334 2731 1915 2822">
    <p class='ocr_par' dir='ltr' id='par_1_44' title="bbox 334 2731 1915 2822">
     <span class='ocr_line' id='line_1_45' title="bbox 334 2731 1915 2822; baseline 0.001 -20"><span class='ocrx_word' id='word_1_321' title='bbox 334 2749 530 2820; x_wconf 82' lang='grc' dir='ltr'>νεφέλῃ</span> <span class='ocrx_word' id='word_1_322' title='bbox 572 2749 668 2801; x_wconf 77' lang='grc' dir='ltr'>καὶ</span> <span class='ocrx_word' id='word_1_323' title='bbox 717 2751 774 2801; x_wconf 79' lang='grc' dir='ltr'>ὲν</span> <span class='ocrx_word' id='word_1_324' title='bbox 818 2751 884 2819; x_wconf 84' lang='grc' dir='ltr'><strong>τῇ</strong></span> <span class='ocrx_word' id='word_1_325' title='bbox 928 2749 1192 2822; x_wconf 80' lang='grc' dir='ltr'>θαλάσσῃ,</span> <span class='ocrx_word' id='word_1_326' title='bbox 1235 2750 1328 2803; x_wconf 74' lang='grc' dir='ltr'>καὶ</span> <span class='ocrx_word' id='word_1_327' title='bbox 1373 2731 1574 2811; x_wconf 75' lang='grc' dir='ltr'>πάντες</span> <span class='ocrx_word' id='word_1_328' title='bbox 1609 2749 1804 2820; x_wconf 85' lang='grc' dir='ltr'>βρῶμα</span> <span class='ocrx_word' id='word_1_329' title='bbox 1853 2751 1915 2803; x_wconf 76' lang='grc' dir='ltr'>τὸ</span> 
     </span>
    </p>
   </div>
   <div class='ocr_carea' id='block_1_45' title="bbox 327 2837 1916 2910">
    <p class='ocr_par' dir='ltr' id='par_1_45' title="bbox 327 2837 1916 2910">
     <span class='ocr_line' id='line_1_46' title="bbox 327 2837 1916 2910; baseline 0.001 -19"><span class='ocrx_word' id='word_1_330' title='bbox 327 2837 702 2908; x_wconf 78' lang='grc' dir='ltr'>πνευματικὸν</span> <span class='ocrx_word' id='word_1_331' title='bbox 753 2837 979 2906; x_wconf 76' lang='grc' dir='ltr'>ἔφαγον,</span> <span class='ocrx_word' id='word_1_332' title='bbox 1030 2840 1126 2891; x_wconf 79' lang='grc' dir='ltr'>καὶ</span> <span class='ocrx_word' id='word_1_333' title='bbox 1175 2839 1378 2900; x_wconf 73' lang='grc' dir='ltr'>πάντες</span> <span class='ocrx_word' id='word_1_334' title='bbox 1418 2837 1481 2890; x_wconf 84' lang='grc' dir='ltr'><strong>τὺ</strong></span> <span class='ocrx_word' id='word_1_335' title='bbox 1511 2837 1641 2890; x_wconf 81' lang='grc' dir='ltr'>αὐτὸ</span> <span class='ocrx_word' id='word_1_336' title='bbox 1674 2855 1916 2910; x_wconf 86' lang='grc' dir='ltr'>πνευμα-</span> 
     </span>
    </p>
   </div>
   <div class='ocr_carea' id='block_1_46' title="bbox 332 2929 1913 3001">
    <p class='ocr_par' dir='ltr' id='par_1_46' title="bbox 332 2929 1913 3001">
     <span class='ocr_line' id='line_1_47' title="bbox 332 2929 1913 3001; baseline 0.001 -19"><span class='ocrx_word' id='word_1_337' title='bbox 332 2929 482 2982; x_wconf 80' lang='grc' dir='ltr'>τικὸν</span> <span class='ocrx_word' id='word_1_338' title='bbox 519 2929 668 2982; x_wconf 78' lang='grc' dir='ltr'>ἔπιον</span> <span class='ocrx_word' id='word_1_339' title='bbox 701 2930 875 3000; x_wconf 89' lang='grc' dir='ltr'>πόμα.</span> <span class='ocrx_word' id='word_1_340' title='bbox 917 2931 1141 2984; x_wconf 83' lang='grc' dir='ltr'>Ἐπινον</span> <span class='ocrx_word' id='word_1_341' title='bbox 1167 2932 1272 3001; x_wconf 85' lang='grc' dir='ltr'>γὰρ</span> <span class='ocrx_word' id='word_1_342' title='bbox 1296 2931 1362 2983; x_wconf 88' lang='grc' dir='ltr'><strong>ἐκ</strong></span> <span class='ocrx_word' id='word_1_343' title='bbox 1383 2931 1757 3001; x_wconf 82' lang='grc' dir='ltr'>πνευματικῆς</span> <span class='ocrx_word' id='word_1_344' title='bbox 1781 2932 1913 2984; x_wconf 82' lang='grc' dir='ltr'>ἀκο-</span> 
     </span>
    </p>
   </div>
   <div class='ocr_carea' id='block_1_47' title="bbox 333 3015 1908 3092">
    <p class='ocr_par' dir='ltr' id='par_1_47' title="bbox 333 3015 1908 3092">
     <span class='ocr_line' id='line_1_48' title="bbox 333 3015 1908 3092; baseline 0.002 -22"><span class='ocrx_word' id='word_1_345' title='bbox 333 3018 630 3087; x_wconf 81' lang='grc' dir='ltr'>λουθούσης</span> <span class='ocrx_word' id='word_1_346' title='bbox 685 3021 910 3090; x_wconf 80' lang='grc' dir='ltr'>πέτρας.</span> <span class='ocrx_word' id='word_1_347' title='bbox 975 3020 1041 3072; x_wconf 85' lang='grc' dir='ltr'><strong>Ἦ</strong></span> <span class='ocrx_word' id='word_1_348' title='bbox 1093 3021 1265 3091; x_wconf 83' lang='grc' dir='ltr'>πέτρα</span> <span class='ocrx_word' id='word_1_349' title='bbox 1313 3019 1372 3073; x_wconf 86' lang='grc' dir='ltr'>δὲ</span> <span class='ocrx_word' id='word_1_350' title='bbox 1421 3015 1489 3092; x_wconf 72' lang='grc' dir='ltr'>ἦν</span> <span class='ocrx_word' id='word_1_351' title='bbox 1530 3021 1558 3072; x_wconf 83' lang='grc' dir='ltr'><strong>ὀ</strong></span> <span class='ocrx_word' id='word_1_352' title='bbox 1603 3023 1857 3092; x_wconf 87' lang='grc' dir='ltr'>Χριστός.</span> <span class='ocrx_word' id='word_1_353' title='bbox 1889 3041 1908 3073; x_wconf 73' lang='grc' dir='ltr'><strong>ι</strong></span> 
     </span>
    </p>
   </div>
   <div class='ocr_carea' id='block_1_48' title="bbox 341 3105 1984 3190">
    <p class='ocr_par' dir='ltr' id='par_1_48' title="bbox 341 3105 1984 3190">
     <span class='ocr_line' id='line_1_49' title="bbox 341 3105 1984 3190; baseline 0.001 -28"><span class='ocrx_word' id='word_1_354' title='bbox 341 3107 532 3179; x_wconf 76' lang='grc' dir='ltr'>Ἀθρει</span> <span class='ocrx_word' id='word_1_355' title='bbox 562 3108 625 3180; x_wconf 73' lang='grc' dir='ltr'>δὴ</span> <span class='ocrx_word' id='word_1_356' title='bbox 660 3105 749 3162; x_wconf 77' lang='grc' dir='ltr'>οὖν</span> <span class='ocrx_word' id='word_1_357' title='bbox 773 3111 829 3162; x_wconf 88' lang='grc' dir='ltr'><strong>ἐν</strong></span> <span class='ocrx_word' id='word_1_358' title='bbox 855 3109 1076 3181; x_wconf 87' lang='grc' dir='ltr'>Χριστῷ</span> <span class='ocrx_word' id='word_1_359' title='bbox 1114 3109 1288 3179; x_wconf 87' lang='grc' dir='ltr'>Ἰησοῦ</span> <span class='ocrx_word' id='word_1_360' title='bbox 1324 3109 1447 3162; x_wconf 84' lang='grc' dir='ltr'>καθ’</span> <span class='ocrx_word' id='word_1_361' title='bbox 1481 3110 1674 3164; x_wconf 74' lang='grc' dir='ltr'>ἕνωσιν</span> <span class='ocrx_word' id='word_1_362' title='bbox 1708 3113 1914 3165; x_wconf 86' lang='grc' dir='ltr'>οἰκονο-</span> <span class='ocrx_word' id='word_1_363' title='bbox 1943 3135 1984 3190; x_wconf 76' lang='lat' dir='ltr'>C</span> 
     </span>
    </p>
   </div>
   <div class='ocr_carea' id='block_1_49' title="bbox 340 3199 1916 3273">
    <p class='ocr_par' dir='ltr' id='par_1_49' title="bbox 340 3199 1916 3273">
     <span class='ocr_line' id='line_1_50' title="bbox 340 3199 1916 3273; baseline 0.003 -21"><span class='ocrx_word' id='word_1_364' title='bbox 340 3199 509 3270; x_wconf 86' lang='grc' dir='ltr'>μικὴν</span> <span class='ocrx_word' id='word_1_365' title='bbox 549 3199 610 3252; x_wconf 82' lang='grc' dir='ltr'>τὸ</span> <span class='ocrx_word' id='word_1_366' title='bbox 659 3200 842 3264; x_wconf 80' lang='grc' dir='ltr'>ἰδικῶς</span> <span class='ocrx_word' id='word_1_367' title='bbox 880 3201 976 3254; x_wconf 89' lang='grc' dir='ltr'><strong>τοῦ</strong></span> <span class='ocrx_word' id='word_1_368' title='bbox 1019 3201 1192 3273; x_wconf 88' lang='grc' dir='ltr'>Λόγου</span> <span class='ocrx_word' id='word_1_369' title='bbox 1248 3201 1638 3272; x_wconf 76' lang='grc' dir='ltr'>πρεσϐύτατον.</span> <span class='ocrx_word' id='word_1_370' title='bbox 1693 3199 1769 3256; x_wconf 85' lang='grc' dir='ltr'><strong><em>Ἦ</em></strong></span> <span class='ocrx_word' id='word_1_371' title='bbox 1818 3205 1916 3258; x_wconf 79' lang='grc' dir='ltr'>οὐκ</span> 
     </span>
    </p>
   </div>
   <div class='ocr_carea' id='block_1_50' title="bbox 335 3293 1918 3367">
    <p class='ocr_par' dir='ltr' id='par_1_50' title="bbox 335 3293 1918 3367">
     <span class='ocr_line' id='line_1_51' title="bbox 335 3293 1918 3367; baseline 0.01 -33"><span class='ocrx_word' id='word_1_372' title='bbox 335 3294 574 3364; x_wconf 62' lang='grc' dir='ltr'>ἐναργὴς</span> <span class='ocrx_word' id='word_1_373' title='bbox 634 3295 661 3348; x_wconf 75' lang='grc' dir='ltr'>ὁ</span> <span class='ocrx_word' id='word_1_374' title='bbox 710 3293 904 3362; x_wconf 67' lang='grc' dir='ltr'>λόγος-ς</span> <span class='ocrx_word' id='word_1_375' title='bbox 955 3294 1058 3346; x_wconf 80' lang='grc' dir='ltr'><strong>Τὸν</strong></span> <span class='ocrx_word' id='word_1_376' title='bbox 1107 3293 1214 3364; x_wconf 83' lang='grc' dir='ltr'><strong>γάρ</strong></span> <span class='ocrx_word' id='word_1_377' title='bbox 1265 3311 1348 3346; x_wconf 91' lang='grc' dir='ltr'><strong>τοι</strong></span> <span class='ocrx_word' id='word_1_378' title='bbox 1410 3295 1786 3367; x_wconf 85' lang='grc' dir='ltr'>Βηθλεεμίτην</span> <span class='ocrx_word' id='word_1_379' title='bbox 1842 3297 1918 3361; x_wconf 85' lang='grc' dir='ltr'>ὡς</span> 
     </span>
    </p>
   </div>
   <div class='ocr_carea' id='block_1_51' title="bbox 334 3383 1917 3455">
    <p class='ocr_par' dir='ltr' id='par_1_51' title="bbox 334 3383 1917 3455">
     <span class='ocr_line' id='line_1_52' title="bbox 334 3383 1917 3455; baseline 0.004 -20"><span class='ocrx_word' id='word_1_380' title='bbox 334 3383 624 3455; x_wconf 81' lang='grc' dir='ltr'>ἄνθρωπον</span> <span class='ocrx_word' id='word_1_381' title='bbox 655 3385 748 3438; x_wconf 67' lang='grc' dir='ltr'><strong>κεν)⁹</strong></span> <span class='ocrx_word' id='word_1_382' title='bbox 778 3385 842 3437; x_wconf 85' lang='grc' dir='ltr'><strong>ἐκ</strong></span> <span class='ocrx_word' id='word_1_383' title='bbox 869 3383 1150 3453; x_wconf 80' lang='grc' dir='ltr'>γυναικὸς,</span> <span class='ocrx_word' id='word_1_384' title='bbox 1185 3386 1437 3455; x_wconf 85' lang='grc' dir='ltr'>άπαρχῆς</span> <span class='ocrx_word' id='word_1_385' title='bbox 1484 3388 1676 3447; x_wconf 86' lang='grc' dir='ltr'>αἰῶνος</span> <span class='ocrx_word' id='word_1_386' title='bbox 1701 3388 1798 3452; x_wconf 80' lang='grc' dir='ltr'><strong>τὰς</strong></span> <span class='ocrx_word' id='word_1_387' title='bbox 1827 3387 1917 3453; x_wconf 79' lang='grc' dir='ltr'><strong>ἐξ-</strong></span> 
     </span>
    </p>
   </div>
   <div class='ocr_carea' id='block_1_52' title="bbox 329 3473 1918 3552">
    <p class='ocr_par' dir='ltr' id='par_1_52' title="bbox 329 3473 1918 3552">
     <span class='ocr_line' id='line_1_53' title="bbox 329 3473 1918 3552; baseline 0.004 -24"><span class='ocrx_word' id='word_1_388' title='bbox 329 3475 490 3539; x_wconf 84' lang='grc' dir='ltr'>όδους</span> <span class='ocrx_word' id='word_1_389' title='bbox 519 3475 660 3546; x_wconf 76' lang='grc' dir='ltr'>ἔχειν</span> <span class='ocrx_word' id='word_1_390' title='bbox 690 3473 748 3528; x_wconf 76' lang='grc' dir='ltr'>εὖ</span> <span class='ocrx_word' id='word_1_391' title='bbox 775 3477 918 3547; x_wconf 86' lang='grc' dir='ltr'>μάλα</span> <span class='ocrx_word' id='word_1_392' title='bbox 947 3477 1128 3546; x_wconf 80' lang='grc' dir='ltr'>φησίν.</span> <span class='ocrx_word' id='word_1_393' title='bbox 1149 3477 1236 3531; x_wconf 87' lang='grc' dir='ltr'><strong>Ἐν</strong></span> <span class='ocrx_word' id='word_1_394' title='bbox 1265 3479 1406 3548; x_wconf 81' lang='grc' dir='ltr'>ἀρχῇ</span> <span class='ocrx_word' id='word_1_395' title='bbox 1436 3478 1543 3548; x_wconf 85' lang='grc' dir='ltr'><strong>γὰρ</strong></span> <span class='ocrx_word' id='word_1_396' title='bbox 1571 3475 1658 3549; x_wconf 75' lang='grc' dir='ltr'>ἦν,</span> <span class='ocrx_word' id='word_1_397' title='bbox 1696 3481 1788 3533; x_wconf 76' lang='grc' dir='ltr'>καὶ</span> <span class='ocrx_word' id='word_1_398' title='bbox 1813 3481 1918 3552; x_wconf 81' lang='grc' dir='ltr'>πρὸ</span> 
     </span>
    </p>
   </div>
   <div class='ocr_carea' id='block_1_53' title="bbox 335 3568 1917 3644">
    <p class='ocr_par' dir='ltr' id='par_1_53' title="bbox 335 3568 1917 3644">
     <span class='ocr_line' id='line_1_54' title="bbox 335 3568 1917 3644; baseline 0.004 -25"><span class='ocrx_word' id='word_1_399' title='bbox 335 3568 541 3632; x_wconf 83' lang='grc' dir='ltr'>παντὸς</span> <span class='ocrx_word' id='word_1_400' title='bbox 574 3568 788 3633; x_wconf 82' lang='grc' dir='ltr'>αἰῶνος,</span> <span class='ocrx_word' id='word_1_401' title='bbox 825 3571 852 3622; x_wconf 91' lang='grc' dir='ltr'><strong>ὀ</strong></span> <span class='ocrx_word' id='word_1_402' title='bbox 878 3569 1301 3639; x_wconf 82' lang='grc' dir='ltr'>ἐνανθρωπὴσας</span> <span class='ocrx_word' id='word_1_403' title='bbox 1333 3570 1524 3638; x_wconf 88' lang='grc' dir='ltr'>Λόγος,</span> <span class='ocrx_word' id='word_1_404' title='bbox 1543 3573 1635 3625; x_wconf 70' lang='grc' dir='ltr'>καὶ</span> <span class='ocrx_word' id='word_1_405' title='bbox 1663 3573 1824 3636; x_wconf 83' lang='grc' dir='ltr'>αὐτὸς</span> <span class='ocrx_word' id='word_1_406' title='bbox 1848 3570 1917 3644; x_wconf 82' lang='grc' dir='ltr'>ἦν</span> 
     </span>
    </p>
   </div>
   <div class='ocr_carea' id='block_1_54' title="bbox 333 3657 1917 3732">
    <p class='ocr_par' dir='ltr' id='par_1_54' title="bbox 333 3657 1917 3732">
     <span class='ocr_line' id='line_1_55' title="bbox 333 3657 1917 3732; baseline 0.004 -23"><span class='ocrx_word' id='word_1_407' title='bbox 333 3659 372 3727; x_wconf 80' lang='grc' dir='ltr'>ἠ</span> <span class='ocrx_word' id='word_1_408' title='bbox 409 3658 616 3727; x_wconf 77' lang='grc' dir='ltr'>πέτρα,</span> <span class='ocrx_word' id='word_1_409' title='bbox 657 3657 978 3727; x_wconf 81' lang='grc' dir='ltr'>δεδιψηκότα</span> <span class='ocrx_word' id='word_1_410' title='bbox 1017 3659 1110 3711; x_wconf 83' lang='grc' dir='ltr'>τὸν</span> <span class='ocrx_word' id='word_1_411' title='bbox 1153 3658 1368 3729; x_wconf 83' lang='grc' dir='ltr'>Ἰσραὴλ</span> <span class='ocrx_word' id='word_1_412' title='bbox 1417 3662 1530 3722; x_wconf 89' lang='grc' dir='ltr'>τοῖς</span> <span class='ocrx_word' id='word_1_413' title='bbox 1559 3661 1689 3732; x_wconf 88' lang='grc' dir='ltr'>παρ’</span> <span class='ocrx_word' id='word_1_414' title='bbox 1728 3663 1917 3716; x_wconf 84' lang='grc' dir='ltr'>ἐλπίδα</span> 
     </span>
    </p>
   </div>
   <div class='ocr_carea' id='block_1_55' title="bbox 337 3749 1916 3824">
    <p class='ocr_par' dir='ltr' id='par_1_55' title="bbox 337 3749 1916 3824">
     <span class='ocr_line' id='line_1_56' title="bbox 337 3749 1916 3824; baseline 0.004 -22"><span class='ocrx_word' id='word_1_415' title='bbox 337 3750 433 3803; x_wconf 72' lang='grc' dir='ltr'>καὶ</span> <span class='ocrx_word' id='word_1_416' title='bbox 461 3749 742 3821; x_wconf 81' lang='grc' dir='ltr'>ἀδοκήτοις</span> <span class='ocrx_word' id='word_1_417' title='bbox 766 3750 1120 3821; x_wconf 80' lang='grc' dir='ltr'>ἐκμεθύσκων</span> <span class='ocrx_word' id='word_1_418' title='bbox 1158 3749 1382 3820; x_wconf 88' lang='grc' dir='ltr'>νάμασι,</span> <span class='ocrx_word' id='word_1_419' title='bbox 1416 3752 1592 3806; x_wconf 87' lang='grc' dir='ltr'>καίτοι</span> <span class='ocrx_word' id='word_1_420' title='bbox 1635 3755 1916 3824; x_wconf 82' lang='grc' dir='ltr'>γεννηθεὶς</span> 
     </span>
    </p>
   </div>
   <div class='ocr_carea' id='block_1_56' title="bbox 337 3839 1916 3915">
    <p class='ocr_par' dir='ltr' id='par_1_56' title="bbox 337 3839 1916 3915">
     <span class='ocr_line' id='line_1_57' title="bbox 337 3839 1916 3915; baseline 0.003 -21"><span class='ocrx_word' id='word_1_421' title='bbox 337 3839 482 3894; x_wconf 84' lang='grc' dir='ltr'>κατά</span> <span class='ocrx_word' id='word_1_422' title='bbox 520 3856 584 3908; x_wconf 88' lang='grc' dir='ltr'><strong>γε</strong></span> <span class='ocrx_word' id='word_1_423' title='bbox 616 3840 715 3912; x_wconf 85' lang='grc' dir='ltr'>τὴν</span> <span class='ocrx_word' id='word_1_424' title='bbox 746 3841 922 3912; x_wconf 84' lang='grc' dir='ltr'>σάρκα</span> <span class='ocrx_word' id='word_1_425' title='bbox 962 3843 1054 3894; x_wconf 72' lang='grc' dir='ltr'>καὶ</span> <span class='ocrx_word' id='word_1_426' title='bbox 1096 3842 1156 3894; x_wconf 74' lang='grc' dir='ltr'><strong>τὸ</strong></span> <span class='ocrx_word' id='word_1_427' title='bbox 1184 3841 1522 3914; x_wconf 83' lang='grc' dir='ltr'>ἀνθρώπινον</span> <span class='ocrx_word' id='word_1_428' title='bbox 1565 3845 1623 3896; x_wconf 82' lang='grc' dir='ltr'><strong>ἐν</strong></span> <span class='ocrx_word' id='word_1_429' title='bbox 1665 3847 1916 3915; x_wconf 82' lang='grc' dir='ltr'>ἐσχάτοις</span> 
     </span>
    </p>
   </div>
   <div class='ocr_carea' id='block_1_57' title="bbox 335 3932 1917 4002">
    <p class='ocr_par' dir='ltr' id='par_1_57' title="bbox 335 3932 1917 4002">
     <span class='ocr_line' id='line_1_58' title="bbox 335 3932 1917 4002; baseline 0.003 -19"><span class='ocrx_word' id='word_1_430' title='bbox 335 3933 567 4001; x_wconf 80' lang='grc' dir='ltr'>καιροῖς,</span> <span class='ocrx_word' id='word_1_431' title='bbox 601 3932 692 3984; x_wconf 74' lang='grc' dir='ltr'>καὶ</span> <span class='ocrx_word' id='word_1_432' title='bbox 721 3933 1075 4002; x_wconf 78' lang='grc' dir='ltr'>κεχρισμένος</span> <span class='ocrx_word' id='word_1_433' title='bbox 1103 3933 1182 3993; x_wconf 85' lang='grc' dir='ltr'><strong>εἰς</strong></span> <span class='ocrx_word' id='word_1_434' title='bbox 1213 3933 1314 4002; x_wconf 83' lang='grc' dir='ltr'>τὴν</span> <span class='ocrx_word' id='word_1_435' title='bbox 1343 3935 1420 3996; x_wconf 88' lang='grc' dir='ltr'><strong>εἰς</strong></span> <span class='ocrx_word' id='word_1_436' title='bbox 1454 3933 1660 4002; x_wconf 86' lang='grc' dir='ltr'>κόσμον</span> <span class='ocrx_word' id='word_1_437' title='bbox 1685 3936 1917 3988; x_wconf 78' lang='grc' dir='ltr'>ἀποστο-</span> 
     </span>
    </p>
   </div>
   <div class='ocr_carea' id='block_1_58' title="bbox 333 4020 1914 4096">
    <p class='ocr_par' dir='ltr' id='par_1_58' title="bbox 333 4020 1914 4096">
     <span class='ocr_line' id='line_1_59' title="bbox 333 4020 1914 4096; baseline 0.003 -22"><span class='ocrx_word' id='word_1_438' title='bbox 333 4020 431 4093; x_wconf 83' lang='grc' dir='ltr'><strong>λὴν</strong></span> <span class='ocrx_word' id='word_1_439' title='bbox 461 4023 610 4093; x_wconf 80' lang='grc' dir='ltr'>παρὰ</span> <span class='ocrx_word' id='word_1_440' title='bbox 641 4023 734 4076; x_wconf 86' lang='grc' dir='ltr'><strong>τοῦ</strong></span> <span class='ocrx_word' id='word_1_441' title='bbox 761 4024 894 4077; x_wconf 83' lang='grc' dir='ltr'>Θεοῦ</span> <span class='ocrx_word' id='word_1_442' title='bbox 927 4024 1021 4076; x_wconf 70' lang='grc' dir='ltr'>καὶ</span> <span class='ocrx_word' id='word_1_443' title='bbox 1052 4023 1282 4093; x_wconf 83' lang='grc' dir='ltr'>Πατρός.</span> <span class='ocrx_word' id='word_1_444' title='bbox 1331 4022 1767 4089; x_wconf 82' lang='grc' dir='ltr'>Κατωνόμασται</span> <span class='ocrx_word' id='word_1_445' title='bbox 1806 4026 1914 4096; x_wconf 84' lang='grc' dir='ltr'><strong>γὰρ</strong></span> 
     </span>
    </p>
   </div>
   <div class='ocr_carea' id='block_1_59' title="bbox 329 4114 1911 4187">
    <p class='ocr_par' dir='ltr' id='par_1_59' title="bbox 329 4114 1911 4187">
     <span class='ocr_line' id='line_1_60' title="bbox 329 4114 1911 4187; baseline 0.004 -21"><span class='ocrx_word' id='word_1_446' title='bbox 329 4115 432 4184; x_wconf 83' lang='grc' dir='ltr'>οὐχ</span> <span class='ocrx_word' id='word_1_447' title='bbox 482 4116 669 4186; x_wconf 83' lang='grc' dir='ltr'>ἐτέρου</span> <span class='ocrx_word' id='word_1_448' title='bbox 721 4133 816 4168; x_wconf 92' lang='grc' dir='ltr'><strong>του</strong></span> <span class='ocrx_word' id='word_1_449' title='bbox 865 4115 1044 4187; x_wconf 81' lang='grc' dir='ltr'>χάριν,</span> <span class='ocrx_word' id='word_1_450' title='bbox 1094 4115 1210 4168; x_wconf 86' lang='grc' dir='ltr'>ἀλλ’</span> <span class='ocrx_word' id='word_1_451' title='bbox 1249 4115 1282 4184; x_wconf 75' lang='grc' dir='ltr'><strong>ἢ</strong></span> <span class='ocrx_word' id='word_1_452' title='bbox 1332 4114 1419 4168; x_wconf 75' lang='grc' dir='ltr'><strong>διὰ</strong></span> <span class='ocrx_word' id='word_1_453' title='bbox 1468 4119 1627 4171; x_wconf 89' lang='grc' dir='ltr'>τοῦτο</span> <span class='ocrx_word' id='word_1_454' title='bbox 1658 4119 1911 4187; x_wconf 82' lang='grc' dir='ltr'>Χριστός·</span> 
     </span>
    </p>
   </div>
   <div class='ocr_carea' id='block_1_60' title="bbox 333 4201 1914 4278">
    <p class='ocr_par' dir='ltr' id='par_1_60' title="bbox 333 4201 1914 4278">
     <span class='ocr_line' id='line_1_61' title="bbox 333 4201 1914 4278; baseline 0.004 -22"><span class='ocrx_word' id='word_1_455' title='bbox 333 4206 568 4276; x_wconf 72' lang='grc' dir='ltr'>Χριστὸς</span> <span class='ocrx_word' id='word_1_456' title='bbox 633 4206 690 4258; x_wconf 82' lang='grc' dir='ltr'><strong>δέ</strong></span> <span class='ocrx_word' id='word_1_457' title='bbox 728 4201 794 4276; x_wconf 80' lang='grc' dir='ltr'>ἦν</span> <span class='ocrx_word' id='word_1_458' title='bbox 841 4208 875 4276; x_wconf 84' lang='grc' dir='ltr'><strong>ἡ</strong></span> <span class='ocrx_word' id='word_1_459' title='bbox 925 4207 1120 4278; x_wconf 83' lang='grc' dir='ltr'>πέτρα,</span> <span class='ocrx_word' id='word_1_460' title='bbox 1148 4207 1288 4260; x_wconf 86' lang='grc' dir='ltr'>κατὰ</span> <span class='ocrx_word' id='word_1_461' title='bbox 1324 4208 1415 4263; x_wconf 82' lang='grc' dir='ltr'><strong>τὸν</strong></span> <span class='ocrx_word' id='word_1_462' title='bbox 1453 4209 1684 4263; x_wconf 89' lang='grc' dir='ltr'>Παῦλον.</span> <span class='ocrx_word' id='word_1_463' title='bbox 1711 4205 1788 4262; x_wconf 87' lang='grc' dir='ltr'><strong><em>Ἦ</em></strong></span> <span class='ocrx_word' id='word_1_464' title='bbox 1824 4211 1914 4262; x_wconf 78' lang='grc' dir='ltr'><strong>ὲν-</strong></span> 
     </span>
    </p>
   </div>
   <div class='ocr_carea' id='block_1_61' title="bbox 327 4297 1083 4372">
    <p class='ocr_par' dir='ltr' id='par_1_61' title="bbox 327 4297 1083 4372">
     <span class='ocr_line' id='line_1_62' title="bbox 327 4297 1083 4372; baseline 0.012 -26"><span class='ocrx_word' id='word_1_465' title='bbox 327 4297 577 4350; x_wconf 79' lang='grc' dir='ltr'>δοιαστὸν</span> <span class='ocrx_word' id='word_1_466' title='bbox 601 4298 662 4350; x_wconf 79' lang='grc' dir='ltr'>τὸ</span> <span class='ocrx_word' id='word_1_467' title='bbox 695 4299 882 4369; x_wconf 80' lang='grc' dir='ltr'>χρῆμα</span> <span class='ocrx_word' id='word_1_468' title='bbox 904 4301 1048 4372; x_wconf 82' lang='grc' dir='ltr'>ἐρεῖς</span> <span class='ocrx_word' id='word_1_469' title='bbox 1069 4317 1083 4365; x_wconf 89' lang='grc'><strong>;</strong></span> 
     </span>
    </p>
   </div>
   <div class='ocr_carea' id='block_1_62' title="bbox 404 4389 784 4459">
    <p class='ocr_par' dir='ltr' id='par_1_62' title="bbox 404 4389 784 4459">
     <span class='ocr_line' id='line_1_63' title="bbox 404 4389 784 4459; baseline 0.005 -19"><span class='ocrx_word' id='word_1_470' title='bbox 404 4389 466 4441; x_wconf 89' lang='grc' dir='ltr'>Β.</span> <span class='ocrx_word' id='word_1_471' title='bbox 501 4389 784 4459; x_wconf 81' lang='grc' dir='ltr'>Οὐδαμῶς.</span> 
     </span>
    </p>
   </div>
   <div class='ocr_carea' id='block_1_63' title="bbox 2020 1942 3592 2014">
    <p class='ocr_par' dir='ltr' id='par_1_63' title="bbox 2020 1942 3592 2014">
     <span class='ocr_line' id='line_1_64' title="bbox 2020 1942 3592 2014; baseline 0.004 -18"><span class='ocrx_word' id='word_1_472' title='bbox 2020 1942 2139 1998; x_wconf 86' lang='lat' dir='ltr'><strong>aliis</strong></span> <span class='ocrx_word' id='word_1_473' title='bbox 2170 1943 2492 1999; x_wconf 89' lang='lat' dir='ltr'><strong>testimoniis</strong></span> <span class='ocrx_word' id='word_1_474' title='bbox 2519 1944 2731 1998; x_wconf 83' lang='lat' dir='ltr'><strong>discere</strong></span> <span class='ocrx_word' id='word_1_475' title='bbox 2759 1945 2979 2014; x_wconf 88' lang='lat' dir='ltr'><strong>poteris.</strong></span> <span class='ocrx_word' id='word_1_476' title='bbox 3007 1945 3082 1999; x_wconf 91' lang='lat' dir='ltr'><strong>lla</strong></span> <span class='ocrx_word' id='word_1_477' title='bbox 3112 1947 3256 2001; x_wconf 89' lang='lat' dir='ltr'><strong>enim</strong></span> <span class='ocrx_word' id='word_1_478' title='bbox 3289 1949 3428 2002; x_wconf 84' lang='lat' dir='ltr'><strong>Deus</strong></span> <span class='ocrx_word' id='word_1_479' title='bbox 3460 1949 3592 2003; x_wconf 86' lang='lat' dir='ltr'><strong>alibi</strong></span> 
     </span>
    </p>
   </div>
   <div class='ocr_carea' id='block_1_64' title="bbox 2019 2033 3599 2102">
    <p class='ocr_par' dir='ltr' id='par_1_64' title="bbox 2019 2033 3599 2102">
     <span class='ocr_line' id='line_1_65' title="bbox 2019 2033 3599 2102; baseline 0.004 -16"><span class='ocrx_word' id='word_1_480' title='bbox 2019 2047 2114 2100; x_wconf 90' lang='lat' dir='ltr'><strong>per</strong></span> <span class='ocrx_word' id='word_1_481' title='bbox 2147 2033 2434 2102; x_wconf 89' lang='lat' dir='ltr'><strong>quemdam</strong></span> <span class='ocrx_word' id='word_1_482' title='bbox 2483 2036 2866 2102; x_wconf 88' lang='lat' dir='ltr'><strong>prophetarum</strong></span> <span class='ocrx_word' id='word_1_483' title='bbox 2912 2035 2978 2088; x_wconf 92' lang='lat' dir='ltr'><strong>de</strong></span> <span class='ocrx_word' id='word_1_484' title='bbox 3018 2036 3234 2090; x_wconf 87' lang='lat' dir='ltr'><strong>Christo</strong></span> <span class='ocrx_word' id='word_1_485' title='bbox 3277 2053 3341 2092; x_wconf 85' lang='lat' dir='ltr'><strong>ex</strong></span> <span class='ocrx_word' id='word_1_486' title='bbox 3392 2039 3599 2093; x_wconf 87' lang='lat' dir='ltr'><strong>semine</strong></span> 
     </span>
    </p>
   </div>
   <div class='ocr_carea' id='block_1_65' title="bbox 2021 2121 3598 2194">
    <p class='ocr_par' dir='ltr' id='par_1_65' title="bbox 2021 2121 3598 2194">
     <span class='ocr_line' id='line_1_66' title="bbox 2021 2121 3598 2194; baseline 0.005 -20"><span class='ocrx_word' id='word_1_487' title='bbox 2021 2121 2186 2174; x_wconf 82' lang='lat' dir='ltr'><strong>David</strong></span> <span class='ocrx_word' id='word_1_488' title='bbox 2222 2121 2516 2174; x_wconf 88' lang='lat' dir='ltr'><strong>secundum</strong></span> <span class='ocrx_word' id='word_1_489' title='bbox 2555 2137 2774 2175; x_wconf 82' lang='lat' dir='ltr'><strong>carnem</strong></span> <span class='ocrx_word' id='word_1_490' title='bbox 2817 2124 3098 2190; x_wconf 88' lang='lat' dir='ltr'><strong>loquitur:</strong></span> <span class='ocrx_word' id='word_1_491' title='bbox 3141 2143 3158 2176; x_wconf 80' lang='grc' dir='ltr'><strong>ι</strong></span> <span class='ocrx_word' id='word_1_492' title='bbox 3201 2123 3268 2179; x_wconf 87' lang='grc' dir='ltr'>Ει</span> <span class='ocrx_word' id='word_1_493' title='bbox 3309 2135 3394 2194; x_wconf 93' lang='lat' dir='ltr'><strong>tu,</strong></span> <span class='ocrx_word' id='word_1_494' title='bbox 3435 2127 3598 2182; x_wconf 90' lang='lat' dir='ltr'><strong>Beth-</strong></span> 
     </span>
    </p>
   </div>
   <div class='ocr_carea' id='block_1_66' title="bbox 2018 2209 3594 2284">
    <p class='ocr_par' dir='ltr' id='par_1_66' title="bbox 2018 2209 3594 2284">
     <span class='ocr_line' id='line_1_67' title="bbox 2018 2209 3594 2284; baseline 0.006 -24"><span class='ocrx_word' id='word_1_495' title='bbox 2018 2209 2212 2275; x_wconf 79' lang='lat' dir='ltr'><strong>lchcm,</strong></span> <span class='ocrx_word' id='word_1_496' title='bbox 2238 2211 2424 2264; x_wconf 90' lang='lat' dir='ltr'><strong>domus</strong></span> <span class='ocrx_word' id='word_1_497' title='bbox 2447 2209 2745 2280; x_wconf 85' lang='lat' dir='ltr'><strong>Ephratha,</strong></span> <span class='ocrx_word' id='word_1_498' title='bbox 2769 2214 2987 2267; x_wconf 86' lang='lat' dir='ltr'><strong>minima</strong></span> <span class='ocrx_word' id='word_1_499' title='bbox 3013 2227 3069 2269; x_wconf 89' lang='lat' dir='ltr'><strong>es</strong></span> <span class='ocrx_word' id='word_1_500' title='bbox 3093 2214 3146 2267; x_wconf 92' lang='lat' dir='ltr'><strong>in</strong></span> <span class='ocrx_word' id='word_1_501' title='bbox 3177 2215 3407 2270; x_wconf 80' lang='lat' dir='ltr'><strong>millibus</strong></span> <span class='ocrx_word' id='word_1_502' title='bbox 3427 2213 3594 2284; x_wconf 82' lang='lat' dir='ltr'><strong>Juda;</strong></span> 
     </span>
    </p>
   </div>
   <div class='ocr_carea' id='block_1_67' title="bbox 2017 2301 3594 2372">
    <p class='ocr_par' dir='ltr' id='par_1_67' title="bbox 2017 2301 3594 2372">
     <span class='ocr_line' id='line_1_68' title="bbox 2017 2301 3594 2372; baseline 0.005 -17"><span class='ocrx_word' id='word_1_503' title='bbox 2017 2315 2080 2355; x_wconf 86' lang='lat' dir='ltr'><strong>ex</strong></span> <span class='ocrx_word' id='word_1_504' title='bbox 2121 2311 2171 2356; x_wconf 89' lang='lat' dir='ltr'><strong>te</strong></span> <span class='ocrx_word' id='word_1_505' title='bbox 2205 2301 2334 2354; x_wconf 87' lang='lat' dir='ltr'><strong>mihi</strong></span> <span class='ocrx_word' id='word_1_506' title='bbox 2371 2303 2680 2370; x_wconf 81' lang='lat' dir='ltr'><strong>egredietur</strong></span> <span class='ocrx_word' id='word_1_507' title='bbox 2713 2304 2802 2372; x_wconf 90' lang='lat' dir='ltr'><strong>qui</strong></span> <span class='ocrx_word' id='word_1_508' title='bbox 2842 2305 2911 2357; x_wconf 92' lang='lat' dir='ltr'><strong>sit</strong></span> <span class='ocrx_word' id='word_1_509' title='bbox 2949 2305 3256 2360; x_wconf 87' lang='lat' dir='ltr'><strong>dominator</strong></span> <span class='ocrx_word' id='word_1_510' title='bbox 3291 2308 3342 2361; x_wconf 88' lang='lat' dir='ltr'><strong>in</strong></span> <span class='ocrx_word' id='word_1_511' title='bbox 3378 2305 3544 2363; x_wconf 87' lang='lat' dir='ltr'><strong>Israel</strong></span> <span class='ocrx_word' id='word_1_512' title='bbox 3577 2323 3594 2362; x_wconf 88' lang='lat'><strong>:</strong></span> 
     </span>
    </p>
   </div>
   <div class='ocr_carea' id='block_1_68' title="bbox 2017 2393 3589 2460">
    <p class='ocr_par' dir='ltr' id='par_1_68' title="bbox 2017 2393 3589 2460">
     <span class='ocr_line' id='line_1_69' title="bbox 2017 2393 3589 2460; baseline 0.005 -16"><span class='ocrx_word' id='word_1_513' title='bbox 2017 2399 2070 2445; x_wconf 89' lang='lat' dir='ltr'><strong>et</strong></span> <span class='ocrx_word' id='word_1_514' title='bbox 2103 2405 2355 2460; x_wconf 85' lang='lat' dir='ltr'><strong>egressus</strong></span> <span class='ocrx_word' id='word_1_515' title='bbox 2390 2393 2503 2458; x_wconf 74' lang='lat' dir='ltr'><strong>eius</strong></span> <span class='ocrx_word' id='word_1_516' title='bbox 2538 2393 2606 2446; x_wconf 86' lang='lat' dir='ltr'><strong>ab</strong></span> <span class='ocrx_word' id='word_1_517' title='bbox 2641 2393 2794 2448; x_wconf 91' lang='lat' dir='ltr'><strong>initio</strong></span> <span class='ocrx_word' id='word_1_518' title='bbox 2829 2409 2856 2446; x_wconf 86' lang='lat' dir='ltr'><strong>a</strong></span> <span class='ocrx_word' id='word_1_519' title='bbox 2895 2393 3085 2451; x_wconf 85' lang='lat' dir='ltr'><strong>diebus</strong></span> <span class='ocrx_word' id='word_1_520' title='bbox 3118 2397 3439 2453; x_wconf 66' lang='lat' dir='ltr'><strong>aeternitatis</strong></span> <span class='ocrx_word' id='word_1_521' title='bbox 3460 2398 3530 2452; x_wconf 77' lang='lat'><strong>“.</strong></span> <span class='ocrx_word' id='word_1_522' title='bbox 3569 2417 3589 2452; x_wconf 74' lang='grc' dir='ltr'><strong>ι</strong></span> 
     </span>
    </p>
   </div>
   <div class='ocr_carea' id='block_1_69' title="bbox 2017 2480 3590 2543">
    <p class='ocr_par' dir='ltr' id='par_1_69' title="bbox 2017 2480 3590 2543">
     <span class='ocr_line' id='line_1_70' title="bbox 2017 2480 3590 2543; baseline 0.005 -8"><span class='ocrx_word' id='word_1_523' title='bbox 2017 2481 2092 2535; x_wconf 86' lang='lat' dir='ltr'><strong>De</strong></span> <span class='ocrx_word' id='word_1_524' title='bbox 2128 2481 2252 2535; x_wconf 79' lang='lat' dir='ltr'><strong>filiis</strong></span> <span class='ocrx_word' id='word_1_525' title='bbox 2291 2492 2467 2535; x_wconf 90' lang='lat' dir='ltr'><strong>autem</strong></span> <span class='ocrx_word' id='word_1_526' title='bbox 2509 2480 2672 2537; x_wconf 86' lang='lat' dir='ltr'><strong>lsrael</strong></span> <span class='ocrx_word' id='word_1_527' title='bbox 2712 2484 3080 2539; x_wconf 86' lang='lat' dir='ltr'><strong>divinissimus</strong></span> <span class='ocrx_word' id='word_1_528' title='bbox 3120 2483 3317 2541; x_wconf 84' lang='lat' dir='ltr'><strong>Paulus</strong></span> <span class='ocrx_word' id='word_1_529' title='bbox 3355 2489 3424 2540; x_wconf 88' lang='lat' dir='ltr'><strong>ita</strong></span> <span class='ocrx_word' id='word_1_530' title='bbox 3463 2489 3540 2542; x_wconf 88' lang='lat' dir='ltr'><strong>ait</strong></span> <span class='ocrx_word' id='word_1_531' title='bbox 3575 2507 3590 2543; x_wconf 73' lang='grc' dir='ltr'><strong>τ</strong></span> 
     </span>
    </p>
   </div>
   <div class='ocr_carea' id='block_1_70' title="bbox 2023 2571 3592 2644">
    <p class='ocr_par' dir='ltr' id='par_1_70' title="bbox 2023 2571 3592 2644">
     <span class='ocr_line' id='line_1_71' title="bbox 2023 2571 3592 2644; baseline 0.008 -21"><span class='ocrx_word' id='word_1_532' title='bbox 2023 2591 2040 2623; x_wconf 80' lang='grc' dir='ltr'><strong>ι</strong></span> <span class='ocrx_word' id='word_1_533' title='bbox 2075 2571 2210 2638; x_wconf 86' lang='lat' dir='ltr'><strong>Quia</strong></span> <span class='ocrx_word' id='word_1_534' title='bbox 2241 2587 2428 2626; x_wconf 90' lang='lat' dir='ltr'><strong>omnes</strong></span> <span class='ocrx_word' id='word_1_535' title='bbox 2461 2573 2512 2626; x_wconf 91' lang='lat' dir='ltr'><strong>in</strong></span> <span class='ocrx_word' id='word_1_536' title='bbox 2545 2573 2727 2644; x_wconf 83' lang='lat' dir='ltr'><strong>Moyse</strong></span> <span class='ocrx_word' id='word_1_537' title='bbox 2759 2575 3012 2644; x_wconf 86' lang='lat' dir='ltr'><strong>baptizati</strong></span> <span class='ocrx_word' id='word_1_538' title='bbox 3045 2584 3169 2630; x_wconf 88' lang='lat' dir='ltr'><strong>sunt</strong></span> <span class='ocrx_word' id='word_1_539' title='bbox 3203 2577 3253 2630; x_wconf 88' lang='lat' dir='ltr'><strong>in</strong></span> <span class='ocrx_word' id='word_1_540' title='bbox 3289 2578 3431 2633; x_wconf 90' lang='lat' dir='ltr'><strong>nube</strong></span> <span class='ocrx_word' id='word_1_541' title='bbox 3457 2589 3507 2634; x_wconf 89' lang='lat' dir='ltr'><strong>et</strong></span> <span class='ocrx_word' id='word_1_542' title='bbox 3537 2579 3592 2634; x_wconf 89' lang='lat' dir='ltr'><strong>in</strong></span> 
     </span>
    </p>
   </div>
   <div class='ocr_carea' id='block_1_71' title="bbox 2018 2661 3594 2738">
    <p class='ocr_par' dir='ltr' id='par_1_71' title="bbox 2018 2661 3594 2738">
     <span class='ocr_line' id='line_1_72' title="bbox 2018 2661 3594 2738; baseline 0.004 -25"><span class='ocrx_word' id='word_1_543' title='bbox 2018 2661 2176 2727; x_wconf 89' lang='lat' dir='ltr'><strong>mari,</strong></span> <span class='ocrx_word' id='word_1_544' title='bbox 2209 2671 2262 2715; x_wconf 90' lang='lat' dir='ltr'><strong>et</strong></span> <span class='ocrx_word' id='word_1_545' title='bbox 2291 2677 2481 2724; x_wconf 84' lang='lat' dir='ltr'><strong>omnes</strong></span> <span class='ocrx_word' id='word_1_546' title='bbox 2507 2665 2753 2716; x_wconf 90' lang='lat' dir='ltr'><strong>eamdem</strong></span> <span class='ocrx_word' id='word_1_547' title='bbox 2784 2677 2965 2717; x_wconf 88' lang='lat' dir='ltr'><strong>escam</strong></span> <span class='ocrx_word' id='word_1_548' title='bbox 2999 2663 3334 2738; x_wconf 71' lang='lat' dir='ltr'><strong>spiritualem</strong></span> <span class='ocrx_word' id='word_1_549' title='bbox 3369 2667 3594 2719; x_wconf 80' lang='lat' dir='ltr'><strong>mandu-</strong></span> 
     </span>
    </p>
   </div>
   <div class='ocr_carea' id='block_1_72' title="bbox 2018 2753 3594 2823">
    <p class='ocr_par' dir='ltr' id='par_1_72' title="bbox 2018 2753 3594 2823">
     <span class='ocr_line' id='line_1_73' title="bbox 2018 2753 3594 2823; baseline 0.002 -17"><span class='ocrx_word' id='word_1_550' title='bbox 2018 2761 2302 2816; x_wconf 89' lang='lat' dir='ltr'><strong>caverunt,</strong></span> <span class='ocrx_word' id='word_1_551' title='bbox 2337 2761 2390 2807; x_wconf 90' lang='lat' dir='ltr'><strong>et</strong></span> <span class='ocrx_word' id='word_1_552' title='bbox 2421 2767 2609 2807; x_wconf 90' lang='lat' dir='ltr'><strong>omnes</strong></span> <span class='ocrx_word' id='word_1_553' title='bbox 2645 2753 2894 2806; x_wconf 89' lang='lat' dir='ltr'><strong>eumdem</strong></span> <span class='ocrx_word' id='word_1_554' title='bbox 2931 2765 3114 2820; x_wconf 87' lang='lat' dir='ltr'><strong>potum</strong></span> <span class='ocrx_word' id='word_1_555' title='bbox 3151 2754 3479 2823; x_wconf 87' lang='lat' dir='ltr'><strong>spiritualem</strong></span> <span class='ocrx_word' id='word_1_556' title='bbox 3513 2754 3594 2809; x_wconf 85' lang='lat' dir='ltr'><strong>bi-</strong></span> 
     </span>
    </p>
   </div>
   <div class='ocr_carea' id='block_1_73' title="bbox 2017 2841 3594 2912">
    <p class='ocr_par' dir='ltr' id='par_1_73' title="bbox 2017 2841 3594 2912">
     <span class='ocr_line' id='line_1_74' title="bbox 2017 2841 3594 2912; baseline 0.003 -17"><span class='ocrx_word' id='word_1_557' title='bbox 2017 2841 2230 2895; x_wconf 89' lang='lat' dir='ltr'><strong>berunt.</strong></span> <span class='ocrx_word' id='word_1_558' title='bbox 2279 2841 2539 2896; x_wconf 85' lang='lat' dir='ltr'><strong>Bibcbant</strong></span> <span class='ocrx_word' id='word_1_559' title='bbox 2593 2841 2736 2895; x_wconf 89' lang='lat' dir='ltr'><strong>enim</strong></span> <span class='ocrx_word' id='word_1_560' title='bbox 2785 2842 2853 2896; x_wconf 91' lang='lat' dir='ltr'><strong>de</strong></span> <span class='ocrx_word' id='word_1_561' title='bbox 2903 2843 3168 2910; x_wconf 85' lang='lat' dir='ltr'><strong>spirituali</strong></span> <span class='ocrx_word' id='word_1_562' title='bbox 3223 2857 3594 2912; x_wconf 86' lang='lat' dir='ltr'><strong>consequente</strong></span> 
     </span>
    </p>
   </div>
   <div class='ocr_carea' id='block_1_74' title="bbox 2018 2925 3594 2996">
    <p class='ocr_par' dir='ltr' id='par_1_74' title="bbox 2018 2925 3594 2996">
     <span class='ocr_line' id='line_1_75' title="bbox 2018 2925 3594 2996; baseline 0.003 -14"><span class='ocrx_word' id='word_1_563' title='bbox 2018 2942 2110 2983; x_wconf 86' lang='lat' dir='ltr'><strong>eos</strong></span> <span class='ocrx_word' id='word_1_564' title='bbox 2144 2937 2315 2996; x_wconf 87' lang='lat' dir='ltr'><strong>petra.</strong></span> <span class='ocrx_word' id='word_1_565' title='bbox 2350 2925 2506 2980; x_wconf 87' lang='lat' dir='ltr'><strong>Petra</strong></span> <span class='ocrx_word' id='word_1_566' title='bbox 2541 2935 2718 2982; x_wconf 85' lang='lat' dir='ltr'><strong>autem</strong></span> <span class='ocrx_word' id='word_1_567' title='bbox 2751 2937 2867 2982; x_wconf 88' lang='lat' dir='ltr'><strong>erat</strong></span> <span class='ocrx_word' id='word_1_568' title='bbox 2897 2929 3144 2985; x_wconf 88' lang='lat' dir='ltr'><strong>Christus</strong></span> <span class='ocrx_word' id='word_1_569' title='bbox 3167 2931 3235 2984; x_wconf 66' lang='grc'><strong>’⁸.</strong></span> <span class='ocrx_word' id='word_1_570' title='bbox 3278 2951 3296 2982; x_wconf 74' lang='grc' dir='ltr'><strong>ι</strong></span> <span class='ocrx_word' id='word_1_571' title='bbox 3334 2933 3594 2986; x_wconf 86' lang='lat' dir='ltr'><strong>Animad-</strong></span> 
     </span>
    </p>
   </div>
   <div class='ocr_carea' id='block_1_75' title="bbox 2017 3018 3594 3089">
    <p class='ocr_par' dir='ltr' id='par_1_75' title="bbox 2017 3018 3594 3089">
     <span class='ocr_line' id='line_1_76' title="bbox 2017 3018 3594 3089; baseline 0.003 -18"><span class='ocrx_word' id='word_1_572' title='bbox 2017 3027 2168 3072; x_wconf 89' lang='lat' dir='ltr'><strong>verte</strong></span> <span class='ocrx_word' id='word_1_573' title='bbox 2195 3019 2378 3087; x_wconf 88' lang='lat' dir='ltr'><strong>itaque</strong></span> <span class='ocrx_word' id='word_1_574' title='bbox 2407 3019 2460 3072; x_wconf 91' lang='lat' dir='ltr'><strong>in</strong></span> <span class='ocrx_word' id='word_1_575' title='bbox 2489 3018 2708 3074; x_wconf 87' lang='lat' dir='ltr'><strong>Christo</strong></span> <span class='ocrx_word' id='word_1_576' title='bbox 2735 3018 2862 3073; x_wconf 81' lang='lat' dir='ltr'><strong>Jesu</strong></span> <span class='ocrx_word' id='word_1_577' title='bbox 2895 3021 3106 3075; x_wconf 86' lang='lat' dir='ltr'><strong>ratione</strong></span> <span class='ocrx_word' id='word_1_578' title='bbox 3133 3023 3355 3075; x_wconf 84' lang='lat' dir='ltr'><strong>unitatis</strong></span> <span class='ocrx_word' id='word_1_579' title='bbox 3385 3035 3484 3089; x_wconf 85' lang='lat' dir='ltr'><strong>per</strong></span> <span class='ocrx_word' id='word_1_580' title='bbox 3511 3024 3594 3076; x_wconf 85' lang='lat' dir='ltr'><strong>in-</strong></span> 
     </span>
    </p>
   </div>
   <div class='ocr_carea' id='block_1_76' title="bbox 2019 3110 3590 3181">
    <p class='ocr_par' dir='ltr' id='par_1_76' title="bbox 2019 3110 3590 3181">
     <span class='ocr_line' id='line_1_77' title="bbox 2019 3110 3590 3181; baseline 0.005 -19"><span class='ocrx_word' id='word_1_581' title='bbox 2019 3111 2386 3164; x_wconf 87' lang='lat' dir='ltr'><strong>carnationem</strong></span> <span class='ocrx_word' id='word_1_582' title='bbox 2433 3110 2584 3163; x_wconf 72' lang='lat' dir='ltr'><strong>facta:</strong></span> <span class='ocrx_word' id='word_1_583' title='bbox 2627 3110 2952 3178; x_wconf 81' lang='lat' dir='ltr'><strong>peculiarem</strong></span> <span class='ocrx_word' id='word_1_584' title='bbox 2990 3111 3148 3165; x_wconf 79' lang='lat' dir='ltr'><strong>Verbi</strong></span> <span class='ocrx_word' id='word_1_585' title='bbox 3195 3113 3590 3181; x_wconf 85' lang='lat' dir='ltr'><strong>antiquitatem.</strong></span> 
     </span>
    </p>
   </div>
   <div class='ocr_carea' id='block_1_77' title="bbox 2017 3197 3589 3270">
    <p class='ocr_par' dir='ltr' id='par_1_77' title="bbox 2017 3197 3589 3270">
     <span class='ocr_line' id='line_1_78' title="bbox 2017 3197 3589 3270; baseline 0.004 -17"><span class='ocrx_word' id='word_1_586' title='bbox 2017 3197 2210 3255; x_wconf 85' lang='lat' dir='ltr'><strong>Nonne</strong></span> <span class='ocrx_word' id='word_1_587' title='bbox 2256 3201 2348 3254; x_wconf 91' lang='lat' dir='ltr'><strong>tibi</strong></span> <span class='ocrx_word' id='word_1_588' title='bbox 2393 3201 2524 3254; x_wconf 87' lang='lat' dir='ltr'><strong>satis</strong></span> <span class='ocrx_word' id='word_1_589' title='bbox 2568 3211 2753 3270; x_wconf 83' lang='lat' dir='ltr'><strong>aperte</strong></span> <span class='ocrx_word' id='word_1_590' title='bbox 2797 3202 2912 3256; x_wconf 68' lang='lat' dir='ltr'><strong>hinc</strong></span> <span class='ocrx_word' id='word_1_591' title='bbox 2957 3203 3096 3257; x_wconf 87' lang='lat' dir='ltr'><strong>dicta</strong></span> <span class='ocrx_word' id='word_1_592' title='bbox 3134 3204 3418 3258; x_wconf 80' lang='lat' dir='ltr'><strong>videntur?</strong></span> <span class='ocrx_word' id='word_1_593' title='bbox 3456 3203 3589 3260; x_wconf 79' lang='lat' dir='ltr'><strong>Nam</strong></span> 
     </span>
    </p>
   </div>
   <div class='ocr_carea' id='block_1_78' title="bbox 2017 3293 3593 3360">
    <p class='ocr_par' dir='ltr' id='par_1_78' title="bbox 2017 3293 3593 3360">
     <span class='ocr_line' id='line_1_79' title="bbox 2017 3293 3593 3360; baseline 0.004 -14"><span class='ocrx_word' id='word_1_594' title='bbox 2017 3293 2488 3357; x_wconf 77' lang='lat' dir='ltr'><strong>Bethlchemilam,</strong></span> <span class='ocrx_word' id='word_1_595' title='bbox 2507 3305 2564 3346; x_wconf 89' lang='lat' dir='ltr'><strong>ut</strong></span> <span class='ocrx_word' id='word_1_596' title='bbox 2585 3294 2852 3348; x_wconf 89' lang='lat' dir='ltr'><strong>hominem</strong></span> <span class='ocrx_word' id='word_1_597' title='bbox 2881 3303 2933 3348; x_wconf 91' lang='lat' dir='ltr'><strong>et</strong></span> <span class='ocrx_word' id='word_1_598' title='bbox 2961 3309 3028 3347; x_wconf 78' lang='lat' dir='ltr'><strong>ex</strong></span> <span class='ocrx_word' id='word_1_599' title='bbox 3055 3295 3275 3349; x_wconf 88' lang='lat' dir='ltr'><strong>muliere</strong></span> <span class='ocrx_word' id='word_1_600' title='bbox 3303 3307 3503 3360; x_wconf 87' lang='lat' dir='ltr'><strong>natum,</strong></span> <span class='ocrx_word' id='word_1_601' title='bbox 3524 3297 3593 3352; x_wconf 82' lang='lat' dir='ltr'><strong>ab</strong></span> 
     </span>
    </p>
   </div>
   <div class='ocr_carea' id='block_1_79' title="bbox 2020 3384 3594 3458">
    <p class='ocr_par' dir='ltr' id='par_1_79' title="bbox 2020 3384 3594 3458">
     <span class='ocr_line' id='line_1_80' title="bbox 2020 3384 3594 3458; baseline 0.002 -18"><span class='ocrx_word' id='word_1_602' title='bbox 2020 3387 2174 3441; x_wconf 87' lang='lat' dir='ltr'><strong>initio</strong></span> <span class='ocrx_word' id='word_1_603' title='bbox 2221 3385 2400 3438; x_wconf 79' lang='lat' dir='ltr'><strong>saeculi</strong></span> <span class='ocrx_word' id='word_1_604' title='bbox 2451 3399 2702 3453; x_wconf 77' lang='lat' dir='ltr'><strong>egressus</strong></span> <span class='ocrx_word' id='word_1_605' title='bbox 2755 3384 2951 3438; x_wconf 86' lang='lat' dir='ltr'><strong>habere</strong></span> <span class='ocrx_word' id='word_1_606' title='bbox 3008 3385 3156 3439; x_wconf 89' lang='lat' dir='ltr'><strong>dicit.</strong></span> <span class='ocrx_word' id='word_1_607' title='bbox 3213 3387 3270 3440; x_wconf 87' lang='lat' dir='ltr'><strong>in</strong></span> <span class='ocrx_word' id='word_1_608' title='bbox 3325 3388 3594 3458; x_wconf 84' lang='lat' dir='ltr'><strong>principio</strong></span> 
     </span>
    </p>
   </div>
   <div class='ocr_carea' id='block_1_80' title="bbox 2017 3475 3594 3542">
    <p class='ocr_par' dir='ltr' id='par_1_80' title="bbox 2017 3475 3594 3542">
     <span class='ocr_line' id='line_1_81' title="bbox 2017 3475 3594 3542; baseline 0.001 -10"><span class='ocrx_word' id='word_1_609' title='bbox 2017 3479 2161 3532; x_wconf 90' lang='lat' dir='ltr'><strong>enim</strong></span> <span class='ocrx_word' id='word_1_610' title='bbox 2199 3485 2340 3542; x_wconf 84' lang='lat' dir='ltr'><strong>erat,</strong></span> <span class='ocrx_word' id='word_1_611' title='bbox 2379 3488 2432 3532; x_wconf 87' lang='lat' dir='ltr'><strong>et</strong></span> <span class='ocrx_word' id='word_1_612' title='bbox 2473 3486 2596 3529; x_wconf 87' lang='lat' dir='ltr'><strong>ante</strong></span> <span class='ocrx_word' id='word_1_613' title='bbox 2632 3477 2811 3530; x_wconf 86' lang='lat' dir='ltr'><strong>omnia</strong></span> <span class='ocrx_word' id='word_1_614' title='bbox 2851 3475 3046 3530; x_wconf 71' lang='lat' dir='ltr'><strong>saacula</strong></span> <span class='ocrx_word' id='word_1_615' title='bbox 3093 3476 3430 3531; x_wconf 85' lang='lat' dir='ltr'><strong>iucarnatum</strong></span> <span class='ocrx_word' id='word_1_616' title='bbox 3463 3479 3594 3534; x_wconf 79' lang='lat' dir='ltr'><strong>Ver-</strong></span> 
     </span>
    </p>
   </div>
   <div class='ocr_carea' id='block_1_81' title="bbox 2019 3570 3592 3638">
    <p class='ocr_par' dir='ltr' id='par_1_81' title="bbox 2019 3570 3592 3638">
     <span class='ocr_line' id='line_1_82' title="bbox 2019 3570 3592 3638; baseline 0.002 -15"><span class='ocrx_word' id='word_1_617' title='bbox 2019 3570 2166 3634; x_wconf 85' lang='lat' dir='ltr'><strong>bum,</strong></span> <span class='ocrx_word' id='word_1_618' title='bbox 2206 3577 2261 3622; x_wconf 88' lang='lat' dir='ltr'><strong>et</strong></span> <span class='ocrx_word' id='word_1_619' title='bbox 2305 3570 2478 3638; x_wconf 89' lang='lat' dir='ltr'><strong>ipsum</strong></span> <span class='ocrx_word' id='word_1_620' title='bbox 2522 3577 2638 3622; x_wconf 86' lang='lat' dir='ltr'><strong>erat</strong></span> <span class='ocrx_word' id='word_1_621' title='bbox 2683 3579 2856 3635; x_wconf 85' lang='lat' dir='ltr'><strong>petra,</strong></span> <span class='ocrx_word' id='word_1_622' title='bbox 2897 3570 3150 3624; x_wconf 81' lang='lat' dir='ltr'><strong>lsraelem</strong></span> <span class='ocrx_word' id='word_1_623' title='bbox 3197 3571 3288 3624; x_wconf 86' lang='lat' dir='ltr'><strong>siti</strong></span> <span class='ocrx_word' id='word_1_624' title='bbox 3337 3570 3592 3626; x_wconf 69' lang='lat' dir='ltr'><strong>affectum</strong></span> 
     </span>
    </p>
   </div>
   <div class='ocr_carea' id='block_1_82' title="bbox 2019 3659 3592 3732">
    <p class='ocr_par' dir='ltr' id='par_1_82' title="bbox 2019 3659 3592 3732">
     <span class='ocr_line' id='line_1_83' title="bbox 2019 3659 3592 3732; baseline 0.002 -17"><span class='ocrx_word' id='word_1_625' title='bbox 2019 3662 2297 3731; x_wconf 79' lang='lat' dir='ltr'><strong>repentina</strong></span> <span class='ocrx_word' id='word_1_626' title='bbox 2335 3669 2499 3729; x_wconf 86' lang='lat' dir='ltr'><strong>atque</strong></span> <span class='ocrx_word' id='word_1_627' title='bbox 2533 3659 2806 3729; x_wconf 86' lang='lat' dir='ltr'><strong>inopinata</strong></span> <span class='ocrx_word' id='word_1_628' title='bbox 2842 3675 3104 3730; x_wconf 80' lang='lat' dir='ltr'><strong>aquarum</strong></span> <span class='ocrx_word' id='word_1_629' title='bbox 3139 3664 3468 3732; x_wconf 73' lang='lat' dir='ltr'><strong>scaturigine</strong></span> <span class='ocrx_word' id='word_1_630' title='bbox 3503 3679 3592 3718; x_wconf 80' lang='lat' dir='ltr'><strong>sa—</strong></span> 
     </span>
    </p>
   </div>
   <div class='ocr_carea' id='block_1_83' title="bbox 2017 3752 3590 3819">
    <p class='ocr_par' dir='ltr' id='par_1_83' title="bbox 2017 3752 3590 3819">
     <span class='ocr_line' id='line_1_84' title="bbox 2017 3752 3590 3819; baseline 0.002 -13"><span class='ocrx_word' id='word_1_631' title='bbox 2017 3756 2177 3819; x_wconf 87' lang='lat' dir='ltr'><strong>tians,</strong></span> <span class='ocrx_word' id='word_1_632' title='bbox 2210 3753 2420 3808; x_wconf 86' lang='lat' dir='ltr'><strong>tametsi</strong></span> <span class='ocrx_word' id='word_1_633' title='bbox 2451 3762 2632 3806; x_wconf 88' lang='lat' dir='ltr'><strong>natum</strong></span> <span class='ocrx_word' id='word_1_634' title='bbox 2661 3753 2728 3806; x_wconf 88' lang='lat' dir='ltr'><strong>sit</strong></span> <span class='ocrx_word' id='word_1_635' title='bbox 2757 3752 3050 3807; x_wconf 83' lang='lat' dir='ltr'><strong>secundum</strong></span> <span class='ocrx_word' id='word_1_636' title='bbox 3079 3769 3293 3809; x_wconf 87' lang='lat' dir='ltr'><strong>carnem</strong></span> <span class='ocrx_word' id='word_1_637' title='bbox 3321 3764 3374 3807; x_wconf 91' lang='lat' dir='ltr'><strong>et</strong></span> <span class='ocrx_word' id='word_1_638' title='bbox 3401 3757 3590 3808; x_wconf 82' lang='lat' dir='ltr'><strong>Imma-</strong></span> 
     </span>
    </p>
   </div>
   <div class='ocr_carea' id='block_1_84' title="bbox 2015 3844 3586 3913">
    <p class='ocr_par' dir='ltr' id='par_1_84' title="bbox 2015 3844 3586 3913">
     <span class='ocr_line' id='line_1_85' title="bbox 2015 3844 3586 3913; baseline 0 -15"><span class='ocrx_word' id='word_1_639' title='bbox 2015 3845 2238 3899; x_wconf 80' lang='lat' dir='ltr'><strong>nitatem</strong></span> <span class='ocrx_word' id='word_1_640' title='bbox 2289 3845 2342 3898; x_wconf 89' lang='lat' dir='ltr'><strong>in</strong></span> <span class='ocrx_word' id='word_1_641' title='bbox 2388 3844 2696 3897; x_wconf 82' lang='lat' dir='ltr'><strong>novissimis</strong></span> <span class='ocrx_word' id='word_1_642' title='bbox 2745 3846 3073 3911; x_wconf 85' lang='lat' dir='ltr'><strong>temporibus</strong></span> <span class='ocrx_word' id='word_1_643' title='bbox 3119 3861 3132 3896; x_wconf 92' lang='lat'><strong>:</strong></span> <span class='ocrx_word' id='word_1_644' title='bbox 3185 3855 3484 3913; x_wconf 85' lang='lat' dir='ltr'><strong>unctusque</strong></span> <span class='ocrx_word' id='word_1_645' title='bbox 3533 3847 3586 3898; x_wconf 87' lang='lat' dir='ltr'><strong>in</strong></span> 
     </span>
    </p>
   </div>
   <div class='ocr_carea' id='block_1_85' title="bbox 2017 3931 3590 4004">
    <p class='ocr_par' dir='ltr' id='par_1_85' title="bbox 2017 3931 3590 4004">
     <span class='ocr_line' id='line_1_86' title="bbox 2017 3931 3590 4004; baseline 0.001 -17"><span class='ocrx_word' id='word_1_646' title='bbox 2017 3935 2376 4004; x_wconf 87' lang='lat' dir='ltr'><strong>apostolatum</strong></span> <span class='ocrx_word' id='word_1_647' title='bbox 2417 3934 2468 3985; x_wconf 91' lang='lat' dir='ltr'><strong>in</strong></span> <span class='ocrx_word' id='word_1_648' title='bbox 2509 3935 2764 3985; x_wconf 89' lang='lat' dir='ltr'><strong>mundum</strong></span> <span class='ocrx_word' id='word_1_649' title='bbox 2805 3947 2836 3986; x_wconf 85' lang='lat' dir='ltr'><strong>a</strong></span> <span class='ocrx_word' id='word_1_650' title='bbox 2869 3931 2982 3986; x_wconf 90' lang='lat' dir='ltr'><strong>Deo</strong></span> <span class='ocrx_word' id='word_1_651' title='bbox 3025 3949 3086 3987; x_wconf 86' lang='lat' dir='ltr'><strong>ac</strong></span> <span class='ocrx_word' id='word_1_652' title='bbox 3123 3935 3298 3988; x_wconf 80' lang='lat' dir='ltr'><strong>Patre.</strong></span> <span class='ocrx_word' id='word_1_653' title='bbox 3337 3935 3468 3986; x_wconf 85' lang='lat' dir='ltr'><strong>Nam</strong></span> <span class='ocrx_word' id='word_1_654' title='bbox 3511 3937 3590 3989; x_wconf 90' lang='lat' dir='ltr'><strong>id-</strong></span> 
     </span>
    </p>
   </div>
   <div class='ocr_carea' id='block_1_86' title="bbox 2017 4022 3584 4092">
    <p class='ocr_par' dir='ltr' id='par_1_86' title="bbox 2017 4022 3584 4092">
     <span class='ocr_line' id='line_1_87' title="bbox 2017 4022 3584 4092; baseline 0.001 -12"><span class='ocrx_word' id='word_1_655' title='bbox 2017 4029 2184 4089; x_wconf 87' lang='lat' dir='ltr'><strong>circo,</strong></span> <span class='ocrx_word' id='word_1_656' title='bbox 2216 4038 2394 4092; x_wconf 87' lang='lat' dir='ltr'><strong>neque</strong></span> <span class='ocrx_word' id='word_1_657' title='bbox 2423 4022 2584 4075; x_wconf 86' lang='lat' dir='ltr'><strong>aliam</strong></span> <span class='ocrx_word' id='word_1_658' title='bbox 2616 4025 2686 4076; x_wconf 91' lang='lat' dir='ltr'><strong>ob</strong></span> <span class='ocrx_word' id='word_1_659' title='bbox 2714 4037 2930 4076; x_wconf 87' lang='lat' dir='ltr'><strong>cauam</strong></span> <span class='ocrx_word' id='word_1_660' title='bbox 2963 4034 3180 4078; x_wconf 78' lang='lat' dir='ltr'><strong>voratus</strong></span> <span class='ocrx_word' id='word_1_661' title='bbox 3205 4035 3286 4078; x_wconf 90' lang='lat' dir='ltr'><strong>est</strong></span> <span class='ocrx_word' id='word_1_662' title='bbox 3314 4026 3584 4089; x_wconf 84' lang='lat' dir='ltr'><strong>Christus,</strong></span> 
     </span>
    </p>
   </div>
   <div class='ocr_carea' id='block_1_87' title="bbox 2015 4097 3585 4186">
    <p class='ocr_par' dir='ltr' id='par_1_87' title="bbox 2015 4097 3585 4186">
     <span class='ocr_line' id='line_1_88' title="bbox 2015 4097 3585 4186; baseline -0.001 -13"><span class='ocrx_word' id='word_1_663' title='bbox 2015 4119 2130 4173; x_wconf 88' lang='lat' dir='ltr'><strong>sive</strong></span> <span class='ocrx_word' id='word_1_664' title='bbox 2165 4125 2379 4171; x_wconf 88' lang='lat' dir='ltr'><strong>unctus.</strong></span> <span class='ocrx_word' id='word_1_665' title='bbox 2413 4097 2660 4169; x_wconf 74' lang='lat' dir='ltr'><strong>Christus</strong></span> <span class='ocrx_word' id='word_1_666' title='bbox 2691 4123 2870 4169; x_wconf 88' lang='lat' dir='ltr'><strong>autem</strong></span> <span class='ocrx_word' id='word_1_667' title='bbox 2901 4127 3017 4170; x_wconf 88' lang='lat' dir='ltr'><strong>erat</strong></span> <span class='ocrx_word' id='word_1_668' title='bbox 3048 4125 3226 4184; x_wconf 85' lang='lat' dir='ltr'><strong>petra,</strong></span> <span class='ocrx_word' id='word_1_669' title='bbox 3256 4117 3408 4186; x_wconf 82' lang='lat' dir='ltr'><strong>juxta</strong></span> <span class='ocrx_word' id='word_1_670' title='bbox 3447 4119 3585 4172; x_wconf 85' lang='lat' dir='ltr'><strong>Pau-</strong></span> 
     </span>
    </p>
   </div>
   <div class='ocr_carea' id='block_1_88' title="bbox 2015 4208 3588 4280">
    <p class='ocr_par' dir='ltr' id='par_1_88' title="bbox 2015 4208 3588 4280">
     <span class='ocr_line' id='line_1_89' title="bbox 2015 4208 3588 4280; baseline 0.002 -16"><span class='ocrx_word' id='word_1_671' title='bbox 2015 4209 2145 4264; x_wconf 89' lang='lat' dir='ltr'><strong>lum.</strong></span> <span class='ocrx_word' id='word_1_672' title='bbox 2188 4210 2343 4263; x_wconf 86' lang='lat' dir='ltr'><strong>Anne</strong></span> <span class='ocrx_word' id='word_1_673' title='bbox 2391 4208 2742 4263; x_wconf 87' lang='lat' dir='ltr'><strong>dubitandum</strong></span> <span class='ocrx_word' id='word_1_674' title='bbox 2789 4209 2890 4264; x_wconf 88' lang='lat' dir='ltr'><strong>hac</strong></span> <span class='ocrx_word' id='word_1_675' title='bbox 2935 4210 2986 4263; x_wconf 89' lang='lat' dir='ltr'><strong>in</strong></span> <span class='ocrx_word' id='word_1_676' title='bbox 3031 4223 3088 4264; x_wconf 88' lang='lat' dir='ltr'><strong>re</strong></span> <span class='ocrx_word' id='word_1_677' title='bbox 3133 4211 3422 4280; x_wconf 85' lang='lat' dir='ltr'><strong>quidquam</strong></span> <span class='ocrx_word' id='word_1_678' title='bbox 3467 4225 3588 4266; x_wconf 89' lang='lat' dir='ltr'><strong>esse</strong></span> 
     </span>
    </p>
   </div>
   <div class='ocr_carea' id='block_1_89' title="bbox 2015 4300 2246 4356">
    <p class='ocr_par' dir='ltr' id='par_1_89' title="bbox 2015 4300 2246 4356">
     <span class='ocr_line' id='line_1_90' title="bbox 2015 4300 2246 4356; baseline -0.009 0"><span class='ocrx_word' id='word_1_679' title='bbox 2015 4300 2246 4356; x_wconf 76' lang='lat' dir='ltr'><strong>censes?</strong></span> 
     </span>
    </p>
   </div>
   <div class='ocr_carea' id='block_1_90' title="bbox 2090 4391 2564 4461">
    <p class='ocr_par' dir='ltr' id='par_1_90' title="bbox 2090 4391 2564 4461">
     <span class='ocr_line' id='line_1_91' title="bbox 2090 4391 2564 4461; baseline 0.002 -17"><span class='ocrx_word' id='word_1_680' title='bbox 2090 4393 2151 4445; x_wconf 91' lang='lat' dir='ltr'><strong>B.</strong></span> <span class='ocrx_word' id='word_1_681' title='bbox 2195 4391 2564 4461; x_wconf 84' lang='lat' dir='ltr'><strong>Nequaquam.</strong></span> 
     </span>
    </p>
   </div>
   <div class='ocr_carea' id='block_1_91' title="bbox 403 4475 1915 4558">
    <p class='ocr_par' dir='ltr' id='par_1_91' title="bbox 403 4481 1914 4558">
     <span class='ocr_line' id='line_1_92' title="bbox 403 4481 1914 4558; baseline 0.005 -26"><span class='ocrx_word' id='word_1_682' title='bbox 403 4481 468 4532; x_wconf 84' lang='lat' dir='ltr'><strong>A.</strong></span> <span class='ocrx_word' id='word_1_683' title='bbox 518 4481 572 4533; x_wconf 91' lang='grc' dir='ltr'><strong>Ἐ</strong></span> <span class='ocrx_word' id='word_1_684' title='bbox 585 4485 932 4549; x_wconf 78' lang='grc' dir='ltr'>παγωνιεῖται</span> <span class='ocrx_word' id='word_1_685' title='bbox 961 4484 1016 4537; x_wconf 82' lang='grc' dir='ltr'>δὲ</span> <span class='ocrx_word' id='word_1_686' title='bbox 1053 4486 1144 4540; x_wconf 65' lang='grc' dir='ltr'>καὶ</span> <span class='ocrx_word' id='word_1_687' title='bbox 1191 4486 1510 4558; x_wconf 76' lang='grc' dir='ltr'>συναθλήσει</span> <span class='ocrx_word' id='word_1_688' title='bbox 1541 4486 1786 4558; x_wconf 82' lang='grc' dir='ltr'>τῷλόγῳ</span> <span class='ocrx_word' id='word_1_689' title='bbox 1819 4487 1914 4540; x_wconf 76' lang='grc' dir='ltr'>καὶ</span> 
     </span>
    </p>
   </div>
   <div class='ocr_carea' id='block_1_92' title="bbox 2018 4475 3586 4558">
    <p class='ocr_par' dir='ltr' id='par_1_92' title="bbox 2092 4481 3586 4552">
     <span class='ocr_line' id='line_1_93' title="bbox 2092 4481 3586 4552; baseline 0.003 -15"><span class='ocrx_word' id='word_1_690' title='bbox 2092 4485 2156 4537; x_wconf 78' lang='grc' dir='ltr'>Α.</span> <span class='ocrx_word' id='word_1_691' title='bbox 2195 4483 2497 4538; x_wconf 81' lang='lat' dir='ltr'><strong>Conﬁrmat</strong></span> <span class='ocrx_word' id='word_1_692' title='bbox 2543 4497 2669 4536; x_wconf 88' lang='lat' dir='ltr'><strong>vero</strong></span> <span class='ocrx_word' id='word_1_693' title='bbox 2718 4481 2857 4536; x_wconf 82' lang='lat' dir='ltr'><strong>hanc</strong></span> <span class='ocrx_word' id='word_1_694' title='bbox 2906 4484 3264 4552; x_wconf 83' lang='lat' dir='ltr'><strong>sententiam,</strong></span> <span class='ocrx_word' id='word_1_695' title='bbox 3309 4495 3362 4538; x_wconf 90' lang='lat' dir='ltr'><strong>et</strong></span> <span class='ocrx_word' id='word_1_696' title='bbox 3410 4495 3586 4542; x_wconf 84' lang='lat' dir='ltr'><strong>tuetur</strong></span> 
     </span>
    </p>
   </div>
   <div class='ocr_carea' id='block_1_93' title="bbox 327 4570 1912 4649">
    <p class='ocr_par' dir='ltr' id='par_1_93' title="bbox 327 4570 1912 4649">
     <span class='ocr_line' id='line_1_94' title="bbox 327 4570 1912 4649; baseline 0.007 -28"><span class='ocrx_word' id='word_1_697' title='bbox 327 4570 363 4622; x_wconf 85' lang='grc' dir='ltr'><strong>ὀ</strong></span> <span class='ocrx_word' id='word_1_698' title='bbox 417 4571 577 4638; x_wconf 62' lang='grc' dir='ltr'>σοφὸς</span> <span class='ocrx_word' id='word_1_699' title='bbox 631 4573 923 4643; x_wconf 83' lang='grc' dir='ltr'>Ἰωάννης,</span> <span class='ocrx_word' id='word_1_700' title='bbox 975 4577 1258 4646; x_wconf 70' lang='grc' dir='ltr'>μονονουχὶ</span> <span class='ocrx_word' id='word_1_701' title='bbox 1299 4579 1389 4630; x_wconf 77' lang='grc' dir='ltr'>καὶ</span> <span class='ocrx_word' id='word_1_702' title='bbox 1435 4578 1768 4649; x_wconf 86' lang='grc' dir='ltr'>συναγείρων</span> <span class='ocrx_word' id='word_1_703' title='bbox 1813 4579 1912 4642; x_wconf 80' lang='grc' dir='ltr'><strong>τὰς</strong></span> 
     </span>
    </p>
   </div>
   <div class='ocr_carea' id='block_1_94' title="bbox 332 4660 1911 4741">
    <p class='ocr_par' dir='ltr' id='par_1_94' title="bbox 332 4660 1911 4741">
     <span class='ocr_line' id='line_1_95' title="bbox 332 4660 1911 4741; baseline 0.008 -30"><span class='ocrx_word' id='word_1_704' title='bbox 332 4660 544 4728; x_wconf 80' lang='grc' dir='ltr'>φύσεις,</span> <span class='ocrx_word' id='word_1_705' title='bbox 580 4663 670 4714; x_wconf 79' lang='grc' dir='ltr'><strong>καί</strong></span> <span class='ocrx_word' id='word_1_706' title='bbox 709 4666 787 4726; x_wconf 82' lang='grc' dir='ltr'><strong>εἰς</strong></span> <span class='ocrx_word' id='word_1_707' title='bbox 815 4667 1176 4735; x_wconf 83' lang='grc' dir='ltr'>μισγάγκειαν</span> <span class='ocrx_word' id='word_1_708' title='bbox 1204 4669 1351 4735; x_wconf 80' lang='grc' dir='ltr'>ἄγων</span> <span class='ocrx_word' id='word_1_709' title='bbox 1375 4668 1480 4721; x_wconf 82' lang='grc' dir='ltr'>τῶν</span> <span class='ocrx_word' id='word_1_710' title='bbox 1513 4671 1748 4741; x_wconf 74' lang='grc' dir='ltr'>ἑκατέρᾳ</span> <span class='ocrx_word' id='word_1_711' title='bbox 1776 4688 1911 4741; x_wconf 79' lang='grc' dir='ltr'>πρε-</span> 
     </span>
    </p>
   </div>
   <div class='ocr_carea' id='block_1_95' title="bbox 333 4749 1906 4830">
    <p class='ocr_par' dir='ltr' id='par_1_95' title="bbox 333 4749 1906 4830">
     <span class='ocr_line' id='line_1_96' title="bbox 333 4749 1906 4830; baseline 0.007 -29"><span class='ocrx_word' id='word_1_712' title='bbox 333 4749 545 4802; x_wconf 82' lang='grc' dir='ltr'>πόντων</span> <span class='ocrx_word' id='word_1_713' title='bbox 573 4753 878 4823; x_wconf 80' lang='grc' dir='ltr'>ἰδιωμάτων</span> <span class='ocrx_word' id='word_1_714' title='bbox 925 4757 1026 4826; x_wconf 84' lang='grc' dir='ltr'>τὴν</span> <span class='ocrx_word' id='word_1_715' title='bbox 1053 4757 1306 4828; x_wconf 85' lang='grc' dir='ltr'>δύναμιν.</span> <span class='ocrx_word' id='word_1_716' title='bbox 1359 4759 1466 4810; x_wconf 82' lang='grc' dir='ltr'><strong>Θέα</strong></span> <span class='ocrx_word' id='word_1_717' title='bbox 1496 4761 1601 4830; x_wconf 82' lang='grc' dir='ltr'><strong>γὰρ</strong></span> <span class='ocrx_word' id='word_1_718' title='bbox 1642 4761 1670 4812; x_wconf 85' lang='grc' dir='ltr'>ὅ</span> <span class='ocrx_word' id='word_1_719' title='bbox 1707 4776 1906 4829; x_wconf 79' lang='grc' dir='ltr'>φησιν·</span> 
     </span>
    </p>
   </div>
   <div class='ocr_carea' id='block_1_96' title="bbox 338 4837 1910 4920">
    <p class='ocr_par' dir='ltr' id='par_1_96' title="bbox 338 4837 1910 4920">
     <span class='ocr_line' id='line_1_97' title="bbox 338 4837 1910 4920; baseline 0.008 -29"><span class='ocrx_word' id='word_1_720' title='bbox 338 4856 358 4890; x_wconf 71' lang='grc' dir='ltr'><strong>ι</strong></span> <span class='ocrx_word' id='word_1_721' title='bbox 384 4842 450 4892; x_wconf 82' lang='lat'><strong>&#39;0</strong></span> <span class='ocrx_word' id='word_1_722' title='bbox 491 4837 558 4911; x_wconf 80' lang='grc' dir='ltr'>ἦν</span> <span class='ocrx_word' id='word_1_723' title='bbox 597 4845 872 4915; x_wconf 80' lang='grc' dir='ltr'>ἀπαρχῆς,</span> <span class='ocrx_word' id='word_1_724' title='bbox 906 4845 936 4897; x_wconf 80' lang='grc' dir='ltr'><strong>ὀ</strong></span> <span class='ocrx_word' id='word_1_725' title='bbox 981 4847 1322 4918; x_wconf 83' lang='grc' dir='ltr'>ἀκηκόαμεν,</span> <span class='ocrx_word' id='word_1_726' title='bbox 1363 4849 1392 4901; x_wconf 86' lang='grc' dir='ltr'><strong>ὃ</strong></span> <span class='ocrx_word' id='word_1_727' title='bbox 1436 4851 1760 4920; x_wconf 79' lang='grc' dir='ltr'>ἑωράκαμεν</span> <span class='ocrx_word' id='word_1_728' title='bbox 1797 4854 1910 4913; x_wconf 85' lang='grc' dir='ltr'>τοῖς</span> 
     </span>
    </p>
   </div>
   <div class='ocr_carea' id='block_1_97' title="bbox 329 4929 1908 5010">
    <p class='ocr_par' dir='ltr' id='par_1_97' title="bbox 329 4929 1908 5010">
     <span class='ocr_line' id='line_1_98' title="bbox 329 4929 1908 5010; baseline 0.006 -27"><span class='ocrx_word' id='word_1_729' title='bbox 329 4929 632 5000; x_wconf 74' lang='grc' dir='ltr'>ὀφθαλμοῖς</span> <span class='ocrx_word' id='word_1_730' title='bbox 659 4935 836 5004; x_wconf 82' lang='grc' dir='ltr'>ἡμῶν,</span> <span class='ocrx_word' id='word_1_731' title='bbox 865 4936 894 4988; x_wconf 84' lang='grc' dir='ltr'>ὃ</span> <span class='ocrx_word' id='word_1_732' title='bbox 923 4935 1287 5008; x_wconf 81' lang='grc' dir='ltr'>ἐθεασάμεθα,</span> <span class='ocrx_word' id='word_1_733' title='bbox 1329 4939 1420 4992; x_wconf 72' lang='grc' dir='ltr'>καὶ</span> <span class='ocrx_word' id='word_1_734' title='bbox 1447 4941 1501 4990; x_wconf 88' lang='grc' dir='ltr'><strong>αἰ</strong></span> <span class='ocrx_word' id='word_1_735' title='bbox 1543 4943 1725 5010; x_wconf 83' lang='grc' dir='ltr'>χεῖρες</span> <span class='ocrx_word' id='word_1_736' title='bbox 1751 4939 1908 5009; x_wconf 84' lang='grc' dir='ltr'>ἡμῶν</span> 
     </span>
    </p>
   </div>
   <div class='ocr_carea' id='block_1_98' title="bbox 331 5020 1907 5101">
    <p class='ocr_par' dir='ltr' id='par_1_98' title="bbox 331 5020 1907 5101">
     <span class='ocr_line' id='line_1_99' title="bbox 331 5020 1907 5101; baseline 0.008 -30"><span class='ocrx_word' id='word_1_737' title='bbox 331 5020 694 5092; x_wconf 72' lang='grc' dir='ltr'>ἐψηλάφησαν</span> <span class='ocrx_word' id='word_1_738' title='bbox 735 5026 862 5096; x_wconf 72' lang='grc' dir='ltr'>περὶ</span> <span class='ocrx_word' id='word_1_739' title='bbox 904 5025 998 5079; x_wconf 83' lang='grc' dir='ltr'><strong>τοῦ</strong></span> <span class='ocrx_word' id='word_1_740' title='bbox 1035 5029 1210 5098; x_wconf 87' lang='grc' dir='ltr'>Λόγου</span> <span class='ocrx_word' id='word_1_741' title='bbox 1249 5030 1347 5097; x_wconf 76' lang='grc' dir='ltr'>τῆς</span> <span class='ocrx_word' id='word_1_742' title='bbox 1388 5029 1554 5098; x_wconf 83' lang='grc' dir='ltr'>ζωῆς,</span> <span class='ocrx_word' id='word_1_743' title='bbox 1604 5031 1758 5099; x_wconf 75' lang='grc' dir='ltr'>καὶὴ</span> <span class='ocrx_word' id='word_1_744' title='bbox 1795 5031 1907 5101; x_wconf 79' lang='grc' dir='ltr'><strong>ζωὴ</strong></span> 
     </span>
    </p>
   </div>
   <div class='ocr_carea' id='block_1_99' title="bbox 331 5111 1909 5190">
    <p class='ocr_par' dir='ltr' id='par_1_99' title="bbox 331 5111 1909 5190">
     <span class='ocr_line' id='line_1_100' title="bbox 331 5111 1909 5190; baseline 0.008 -30"><span class='ocrx_word' id='word_1_745' title='bbox 331 5111 676 5182; x_wconf 72' lang='grc' dir='ltr'>ἐφανερώθη,</span> <span class='ocrx_word' id='word_1_746' title='bbox 700 5114 794 5166; x_wconf 81' lang='grc' dir='ltr'>καὶ</span> <span class='ocrx_word' id='word_1_747' title='bbox 814 5115 1032 5185; x_wconf 84' lang='grc' dir='ltr'>ἐωράκα</span> <span class='ocrx_word' id='word_1_748' title='bbox 1041 5135 1160 5186; x_wconf 87' lang='grc' dir='ltr'>μεν,</span> <span class='ocrx_word' id='word_1_749' title='bbox 1181 5120 1272 5170; x_wconf 78' lang='grc' dir='ltr'>καὶ</span> <span class='ocrx_word' id='word_1_750' title='bbox 1302 5118 1702 5190; x_wconf 84' lang='grc' dir='ltr'>μαρτυροῦμεν,</span> <span class='ocrx_word' id='word_1_751' title='bbox 1732 5121 1909 5187; x_wconf 84' lang='grc' dir='ltr'>ἀπαγ-</span> 
     </span>
    </p>
   </div>
   <div class='ocr_carea' id='block_1_100' title="bbox 332 5201 1908 5280">
    <p class='ocr_par' dir='ltr' id='par_1_100' title="bbox 332 5201 1908 5280">
     <span class='ocr_line' id='line_1_101' title="bbox 332 5201 1908 5280; baseline 0.008 -28"><span class='ocrx_word' id='word_1_752' title='bbox 332 5201 596 5272; x_wconf 82' lang='grc' dir='ltr'>γέλλομεν</span> <span class='ocrx_word' id='word_1_753' title='bbox 629 5206 756 5274; x_wconf 84' lang='grc' dir='ltr'>ὑμῖν</span> <span class='ocrx_word' id='word_1_754' title='bbox 783 5205 882 5276; x_wconf 81' lang='grc' dir='ltr'>τὴν</span> <span class='ocrx_word' id='word_1_755' title='bbox 930 5206 1075 5277; x_wconf 81' lang='grc' dir='ltr'><strong>ζωὴν</strong></span> <span class='ocrx_word' id='word_1_756' title='bbox 1103 5209 1202 5278; x_wconf 85' lang='grc' dir='ltr'>τὴν</span> <span class='ocrx_word' id='word_1_757' title='bbox 1233 5207 1466 5273; x_wconf 84' lang='grc' dir='ltr'>αἰώνιον,</span> <span class='ocrx_word' id='word_1_758' title='bbox 1502 5209 1622 5278; x_wconf 75' lang='grc' dir='ltr'>ἥτις</span> <span class='ocrx_word' id='word_1_759' title='bbox 1663 5205 1731 5277; x_wconf 83' lang='grc' dir='ltr'>ἦν</span> <span class='ocrx_word' id='word_1_760' title='bbox 1773 5209 1908 5280; x_wconf 83' lang='grc' dir='ltr'>πρὸς</span> 
     </span>
    </p>
   </div>
   <div class='ocr_carea' id='block_1_101' title="bbox 331 5293 1913 5370">
    <p class='ocr_par' dir='ltr' id='par_1_101' title="bbox 331 5293 1913 5370">
     <span class='ocr_line' id='line_1_102' title="bbox 331 5293 1913 5370; baseline 0.006 -26"><span class='ocrx_word' id='word_1_761' title='bbox 331 5293 424 5346; x_wconf 77' lang='grc' dir='ltr'><strong>τὸν</strong></span> <span class='ocrx_word' id='word_1_762' title='bbox 463 5295 698 5367; x_wconf 85' lang='grc' dir='ltr'>Πατέρα,</span> <span class='ocrx_word' id='word_1_763' title='bbox 746 5299 839 5349; x_wconf 82' lang='grc' dir='ltr'>καὶ</span> <span class='ocrx_word' id='word_1_764' title='bbox 877 5299 1199 5370; x_wconf 77' lang='grc' dir='ltr'>ἐφανερώθη</span> <span class='ocrx_word' id='word_1_765' title='bbox 1242 5302 1390 5370; x_wconf 82' lang='grc' dir='ltr'>ἡμῖν.</span> <span class='ocrx_word' id='word_1_766' title='bbox 1420 5319 1438 5350; x_wconf 76' lang='grc' dir='ltr'><strong>ι</strong></span> <span class='ocrx_word' id='word_1_767' title='bbox 1486 5300 1618 5352; x_wconf 84' lang='grc' dir='ltr'>Ἰδοὺ</span> <span class='ocrx_word' id='word_1_768' title='bbox 1659 5300 1748 5354; x_wconf 76' lang='grc' dir='ltr'>τὸν</span> <span class='ocrx_word' id='word_1_769' title='bbox 1786 5301 1913 5354; x_wconf 78' lang='grc' dir='ltr'>ὄντα</span> 
     </span>
    </p>
   </div>
   <div class='ocr_carea' id='block_1_102' title="bbox 331 5381 1912 5460">
    <p class='ocr_par' dir='ltr' id='par_1_102' title="bbox 331 5381 1912 5460">
     <span class='ocr_line' id='line_1_103' title="bbox 331 5381 1912 5460; baseline 0.006 -26"><span class='ocrx_word' id='word_1_770' title='bbox 331 5384 610 5454; x_wconf 85' lang='grc' dir='ltr'>ἀπαρχῆς,</span> <span class='ocrx_word' id='word_1_771' title='bbox 657 5381 839 5455; x_wconf 78' lang='grc' dir='ltr'>ὦφθαί</span> <span class='ocrx_word' id='word_1_772' title='bbox 873 5392 939 5456; x_wconf 80' lang='grc' dir='ltr'>γέ</span> <span class='ocrx_word' id='word_1_773' title='bbox 996 5409 1158 5460; x_wconf 84' lang='grc' dir='ltr'>φησιν</span> <span class='ocrx_word' id='word_1_774' title='bbox 1208 5391 1472 5459; x_wconf 76' lang='grc' dir='ltr'>ἐναργῶς,</span> <span class='ocrx_word' id='word_1_775' title='bbox 1517 5392 1804 5460; x_wconf 81' lang='grc' dir='ltr'>ὑπομεῖναί</span> <span class='ocrx_word' id='word_1_776' title='bbox 1855 5410 1912 5444; x_wconf 84' lang='grc' dir='ltr'><strong>τε</strong></span> 
     </span>
    </p>
   </div>
   <div class='ocr_carea' id='block_1_103' title="bbox 333 5476 1913 5554">
    <p class='ocr_par' dir='ltr' id='par_1_103' title="bbox 333 5476 1913 5554">
     <span class='ocr_line' id='line_1_104' title="bbox 333 5476 1913 5554; baseline 0.005 -27"><span class='ocrx_word' id='word_1_777' title='bbox 333 5476 428 5528; x_wconf 80' lang='grc' dir='ltr'>καὶ</span> <span class='ocrx_word' id='word_1_778' title='bbox 453 5477 614 5547; x_wconf 82' lang='grc' dir='ltr'>ἁφήν.</span> <span class='ocrx_word' id='word_1_779' title='bbox 667 5479 1054 5550; x_wconf 84' lang='grc' dir='ltr'>’Δνεκεκράγει</span> <span class='ocrx_word' id='word_1_780' title='bbox 1083 5481 1190 5551; x_wconf 76' lang='grc' dir='ltr'>γὰρ</span> <span class='ocrx_word' id='word_1_781' title='bbox 1231 5483 1259 5532; x_wconf 86' lang='grc' dir='ltr'>ὁ</span> <span class='ocrx_word' id='word_1_782' title='bbox 1311 5481 1529 5550; x_wconf 82' lang='grc' dir='ltr'>Θωμᾶς·</span> <span class='ocrx_word' id='word_1_783' title='bbox 1560 5502 1578 5534; x_wconf 79' lang='grc' dir='ltr'><strong>ι</strong></span> <span class='ocrx_word' id='word_1_784' title='bbox 1610 5484 1665 5536; x_wconf 88' lang='grc' dir='ltr'><strong>Ὀ</strong></span> <span class='ocrx_word' id='word_1_785' title='bbox 1707 5483 1913 5554; x_wconf 84' lang='grc' dir='ltr'>Κύριός</span> 
     </span>
    </p>
   </div>
   <div class='ocr_carea' id='block_1_104' title="bbox 337 5569 1913 5646">
    <p class='ocr_par' dir='ltr' id='par_1_104' title="bbox 337 5569 1913 5646">
     <span class='ocr_line' id='line_1_105' title="bbox 337 5569 1913 5646; baseline 0.005 -28"><span class='ocrx_word' id='word_1_786' title='bbox 337 5583 468 5633; x_wconf 69' lang='grc' dir='ltr'>μου,</span> <span class='ocrx_word' id='word_1_787' title='bbox 519 5569 612 5621; x_wconf 73' lang='grc' dir='ltr'>καὶ</span> <span class='ocrx_word' id='word_1_788' title='bbox 637 5572 664 5621; x_wconf 84' lang='grc' dir='ltr'><strong>ὀ</strong></span> <span class='ocrx_word' id='word_1_789' title='bbox 689 5570 822 5633; x_wconf 84' lang='grc' dir='ltr'>Θεός</span> <span class='ocrx_word' id='word_1_790' title='bbox 851 5590 972 5642; x_wconf 89' lang='grc' dir='ltr'>μου,</span> <span class='ocrx_word' id='word_1_791' title='bbox 1001 5593 1019 5625; x_wconf 74' lang='grc' dir='ltr'><strong>ι</strong></span> <span class='ocrx_word' id='word_1_792' title='bbox 1055 5575 1438 5644; x_wconf 71' lang='grc' dir='ltr'>ἀναμετρήσεις</span> <span class='ocrx_word' id='word_1_793' title='bbox 1469 5576 1716 5646; x_wconf 80' lang='grc' dir='ltr'>δακτύλῳ</span> <span class='ocrx_word' id='word_1_794' title='bbox 1751 5575 1913 5628; x_wconf 80' lang='grc' dir='ltr'>πλευ-</span> 
     </span>
    </p>
   </div>
   <div class='ocr_carea' id='block_1_105' title="bbox 408 5741 999 5808">
    <p class='ocr_par' dir='ltr' id='par_1_105' title="bbox 408 5741 999 5808">
     <span class='ocr_line' id='line_1_106' title="bbox 408 5741 999 5808; baseline 0.003 -13"><span class='ocrx_word' id='word_1_795' title='bbox 408 5743 452 5774; x_wconf 83' lang='grc'><strong>²¹</strong></span> <span class='ocrx_word' id='word_1_796' title='bbox 476 5741 622 5797; x_wconf 77' lang='lat' dir='ltr'><strong>Psal.</strong></span> <span class='ocrx_word' id='word_1_797' title='bbox 655 5759 920 5808; x_wconf 81' lang='lat' dir='ltr'><strong>Lxxxvm,</strong></span> <span class='ocrx_word' id='word_1_798' title='bbox 950 5745 999 5797; x_wconf 86' lang='lat'><strong>7.</strong></span> 
     </span>
    </p>
   </div>
   <div class='ocr_carea' id='block_1_106' title="bbox 2018 4576 3585 4644">
    <p class='ocr_par' dir='ltr' id='par_1_106' title="bbox 2018 4576 3585 4644">
     <span class='ocr_line' id='line_1_107' title="bbox 2018 4576 3585 4644; baseline 0.001 -14"><span class='ocrx_word' id='word_1_799' title='bbox 2018 4576 2272 4641; x_wconf 85' lang='lat' dir='ltr'><strong>Joannes,</strong></span> <span class='ocrx_word' id='word_1_800' title='bbox 2300 4576 2460 4644; x_wconf 74' lang='lat'><strong>712</strong></span> <span class='ocrx_word' id='word_1_801' title='bbox 2491 4583 2700 4628; x_wconf 85' lang='lat' dir='ltr'><strong>tantum</strong></span> <span class='ocrx_word' id='word_1_802' title='bbox 2733 4589 2836 4628; x_wconf 86' lang='lat' dir='ltr'><strong>non</strong></span> <span class='ocrx_word' id='word_1_803' title='bbox 2863 4589 3194 4644; x_wconf 83' lang='lat' dir='ltr'><strong>congregans</strong></span> <span class='ocrx_word' id='word_1_804' title='bbox 3222 4577 3270 4629; x_wconf 87' lang='lat' dir='ltr'><strong>in</strong></span> <span class='ocrx_word' id='word_1_805' title='bbox 3299 4592 3460 4630; x_wconf 88' lang='lat' dir='ltr'><strong>unum</strong></span> <span class='ocrx_word' id='word_1_806' title='bbox 3489 4595 3585 4631; x_wconf 82' lang='lat' dir='ltr'><strong>na-</strong></span> 
     </span>
    </p>
   </div>
   <div class='ocr_carea' id='block_1_107' title="bbox 2019 4665 3582 4734">
    <p class='ocr_par' dir='ltr' id='par_1_107' title="bbox 2019 4665 3582 4734">
     <span class='ocr_line' id='line_1_108' title="bbox 2019 4665 3582 4734; baseline 0 -13"><span class='ocrx_word' id='word_1_807' title='bbox 2019 4676 2166 4721; x_wconf 84' lang='lat' dir='ltr'><strong>turas</strong></span> <span class='ocrx_word' id='word_1_808' title='bbox 2186 4704 2200 4730; x_wconf 95' lang='lat'><strong>,</strong></span> <span class='ocrx_word' id='word_1_809' title='bbox 2232 4675 2286 4718; x_wconf 90' lang='lat' dir='ltr'><strong>et</strong></span> <span class='ocrx_word' id='word_1_810' title='bbox 2317 4665 2702 4734; x_wconf 85' lang='lat' dir='ltr'><strong>proprietatum</strong></span> <span class='ocrx_word' id='word_1_811' title='bbox 2737 4677 2854 4730; x_wconf 66' lang='lat' dir='ltr'><strong>quae</strong></span> <span class='ocrx_word' id='word_1_812' title='bbox 2885 4666 3094 4732; x_wconf 89' lang='lat' dir='ltr'><strong>utrique</strong></span> <span class='ocrx_word' id='word_1_813' title='bbox 3123 4666 3449 4719; x_wconf 89' lang='lat' dir='ltr'><strong>conveniunt</strong></span> <span class='ocrx_word' id='word_1_814' title='bbox 3479 4669 3582 4720; x_wconf 86' lang='lat' dir='ltr'><strong>vim</strong></span> 
     </span>
    </p>
   </div>
   <div class='ocr_carea' id='block_1_108' title="bbox 2018 4755 3584 4810">
    <p class='ocr_par' dir='ltr' id='par_1_108' title="bbox 2018 4755 3584 4810">
     <span class='ocr_line' id='line_1_109' title="bbox 2018 4755 3584 4810; baseline 0 -1"><span class='ocrx_word' id='word_1_815' title='bbox 2018 4771 2082 4810; x_wconf 87' lang='lat' dir='ltr'><strong>ac</strong></span> <span class='ocrx_word' id='word_1_816' title='bbox 2108 4757 2358 4808; x_wconf 84' lang='lat' dir='ltr'><strong>virtutem</strong></span> <span class='ocrx_word' id='word_1_817' title='bbox 2387 4755 2440 4808; x_wconf 89' lang='lat' dir='ltr'><strong>in</strong></span> <span class='ocrx_word' id='word_1_818' title='bbox 2469 4771 2630 4808; x_wconf 88' lang='lat' dir='ltr'><strong>unam</strong></span> <span class='ocrx_word' id='word_1_819' title='bbox 2660 4755 3014 4810; x_wconf 79' lang='lat' dir='ltr'><strong>conﬂuentem</strong></span> <span class='ocrx_word' id='word_1_820' title='bbox 3042 4756 3264 4808; x_wconf 84' lang='lat' dir='ltr'><strong>ducens.</strong></span> <span class='ocrx_word' id='word_1_821' title='bbox 3287 4755 3418 4808; x_wconf 79' lang='lat' dir='ltr'><strong>Vide</strong></span> <span class='ocrx_word' id='word_1_822' title='bbox 3443 4757 3584 4809; x_wconf 89' lang='lat' dir='ltr'><strong>enim</strong></span> 
     </span>
    </p>
   </div>
   <div class='ocr_carea' id='block_1_109' title="bbox 2015 4843 3586 4916">
    <p class='ocr_par' dir='ltr' id='par_1_109' title="bbox 2015 4843 3586 4916">
     <span class='ocr_line' id='line_1_110' title="bbox 2015 4843 3586 4916; baseline -0.001 -16"><span class='ocrx_word' id='word_1_823' title='bbox 2015 4846 2147 4916; x_wconf 73' lang='lat' dir='ltr'><strong>quid</strong></span> <span class='ocrx_word' id='word_1_824' title='bbox 2193 4847 2336 4899; x_wconf 89' lang='lat' dir='ltr'><strong>dicat</strong></span> <span class='ocrx_word' id='word_1_825' title='bbox 2373 4863 2386 4898; x_wconf 93' lang='lat'><strong>:</strong></span> <span class='ocrx_word' id='word_1_826' title='bbox 2432 4862 2456 4894; x_wconf 83' lang='grc'>.‹</span> <span class='ocrx_word' id='word_1_827' title='bbox 2500 4846 2650 4910; x_wconf 84' lang='lat' dir='ltr'><strong>Quod</strong></span> <span class='ocrx_word' id='word_1_828' title='bbox 2693 4855 2810 4898; x_wconf 84' lang='lat' dir='ltr'><strong>erat</strong></span> <span class='ocrx_word' id='word_1_829' title='bbox 2857 4845 2923 4898; x_wconf 87' lang='lat' dir='ltr'><strong>ab</strong></span> <span class='ocrx_word' id='word_1_830' title='bbox 2970 4843 3152 4909; x_wconf 88' lang='lat' dir='ltr'><strong>initio;</strong></span> <span class='ocrx_word' id='word_1_831' title='bbox 3197 4845 3336 4913; x_wconf 89' lang='lat' dir='ltr'><strong>quod</strong></span> <span class='ocrx_word' id='word_1_832' title='bbox 3382 4847 3586 4898; x_wconf 77' lang='lat' dir='ltr'><strong>audivi~</strong></span> 
     </span>
    </p>
   </div>
   <div class='ocr_carea' id='block_1_110' title="bbox 2019 4935 3585 5006">
    <p class='ocr_par' dir='ltr' id='par_1_110' title="bbox 2019 4935 3585 5006">
     <span class='ocr_line' id='line_1_111' title="bbox 2019 4935 3585 5006; baseline -0.002 -14"><span class='ocrx_word' id='word_1_833' title='bbox 2019 4953 2157 5003; x_wconf 84' lang='lat' dir='ltr'><strong>mus,</strong></span> <span class='ocrx_word' id='word_1_834' title='bbox 2193 4937 2337 5006; x_wconf 82' lang='lat' dir='ltr'><strong>quod</strong></span> <span class='ocrx_word' id='word_1_835' title='bbox 2375 4937 2610 4990; x_wconf 86' lang='lat' dir='ltr'><strong>vidimus</strong></span> <span class='ocrx_word' id='word_1_836' title='bbox 2647 4935 2820 4990; x_wconf 88' lang='lat' dir='ltr'><strong>oculis</strong></span> <span class='ocrx_word' id='word_1_837' title='bbox 2865 4937 3094 5002; x_wconf 87' lang='lat' dir='ltr'><strong>nostris;</strong></span> <span class='ocrx_word' id='word_1_838' title='bbox 3134 4942 3272 5004; x_wconf 90' lang='lat' dir='ltr'><strong>quod</strong></span> <span class='ocrx_word' id='word_1_839' title='bbox 3311 4936 3585 5004; x_wconf 84' lang='lat' dir='ltr'><strong>perspexi-</strong></span> 
     </span>
    </p>
   </div>
   <div class='ocr_carea' id='block_1_111' title="bbox 2017 5023 3584 5092">
    <p class='ocr_par' dir='ltr' id='par_1_111' title="bbox 2017 5023 3584 5092">
     <span class='ocr_line' id='line_1_112' title="bbox 2017 5023 3584 5092; baseline -0.002 -11"><span class='ocrx_word' id='word_1_840' title='bbox 2017 5043 2171 5092; x_wconf 79' lang='lat' dir='ltr'><strong>ntus,</strong></span> <span class='ocrx_word' id='word_1_841' title='bbox 2213 5037 2267 5080; x_wconf 89' lang='lat' dir='ltr'><strong>et</strong></span> <span class='ocrx_word' id='word_1_842' title='bbox 2309 5041 2502 5080; x_wconf 86' lang='lat' dir='ltr'><strong>manus</strong></span> <span class='ocrx_word' id='word_1_843' title='bbox 2545 5034 2740 5079; x_wconf 84' lang='lat' dir='ltr'><strong>nostrae</strong></span> <span class='ocrx_word' id='word_1_844' title='bbox 2784 5032 3260 5078; x_wconf 88' lang='lat' dir='ltr'><strong>eontrectaverunt</strong></span> <span class='ocrx_word' id='word_1_845' title='bbox 3305 5029 3370 5078; x_wconf 89' lang='lat' dir='ltr'><strong>de</strong></span> <span class='ocrx_word' id='word_1_846' title='bbox 3405 5023 3584 5078; x_wconf 82' lang='lat' dir='ltr'><strong>Verbo</strong></span> 
     </span>
    </p>
   </div>
   <div class='ocr_carea' id='block_1_112' title="bbox 2015 5116 3585 5180">
    <p class='ocr_par' dir='ltr' id='par_1_112' title="bbox 2015 5116 3585 5180">
     <span class='ocr_line' id='line_1_113' title="bbox 2015 5116 3585 5180; baseline -0.003 -8"><span class='ocrx_word' id='word_1_847' title='bbox 2015 5119 2160 5172; x_wconf 73' lang='lat' dir='ltr'><strong>vitae.</strong></span> <span class='ocrx_word' id='word_1_848' title='bbox 2190 5117 2256 5172; x_wconf 85' lang='lat' dir='ltr'><strong>Et</strong></span> <span class='ocrx_word' id='word_1_849' title='bbox 2285 5119 2392 5171; x_wconf 88' lang='lat' dir='ltr'><strong>vita</strong></span> <span class='ocrx_word' id='word_1_850' title='bbox 2427 5116 2780 5172; x_wconf 80' lang='lat' dir='ltr'><strong>manifestata</strong></span> <span class='ocrx_word' id='word_1_851' title='bbox 2806 5125 2918 5180; x_wconf 91' lang='lat' dir='ltr'><strong>est,</strong></span> <span class='ocrx_word' id='word_1_852' title='bbox 2953 5127 3009 5169; x_wconf 89' lang='lat' dir='ltr'><strong>et</strong></span> <span class='ocrx_word' id='word_1_853' title='bbox 3039 5117 3268 5170; x_wconf 87' lang='lat' dir='ltr'><strong>vidimus</strong></span> <span class='ocrx_word' id='word_1_854' title='bbox 3288 5157 3302 5180; x_wconf 91' lang='lat'><strong>,</strong></span> <span class='ocrx_word' id='word_1_855' title='bbox 3333 5125 3388 5169; x_wconf 88' lang='lat' dir='ltr'><strong>et</strong></span> <span class='ocrx_word' id='word_1_856' title='bbox 3423 5125 3585 5170; x_wconf 89' lang='lat' dir='ltr'><strong>testa-</strong></span> 
     </span>
    </p>
   </div>
   <div class='ocr_carea' id='block_1_113' title="bbox 2018 5208 3582 5275">
    <p class='ocr_par' dir='ltr' id='par_1_113' title="bbox 2018 5208 3582 5275">
     <span class='ocr_line' id='line_1_114' title="bbox 2018 5208 3582 5275; baseline -0.003 -11"><span class='ocrx_word' id='word_1_857' title='bbox 2018 5227 2158 5274; x_wconf 88' lang='lat' dir='ltr'><strong>mur,</strong></span> <span class='ocrx_word' id='word_1_858' title='bbox 2203 5211 2584 5263; x_wconf 82' lang='lat' dir='ltr'><strong>annuntiatttus</strong></span> <span class='ocrx_word' id='word_1_859' title='bbox 2626 5208 2777 5263; x_wconf 83' lang='lat' dir='ltr'><strong>vobis</strong></span> <span class='ocrx_word' id='word_1_860' title='bbox 2815 5209 2977 5260; x_wconf 81' lang='lat' dir='ltr'><strong>vitam</strong></span> <span class='ocrx_word' id='word_1_861' title='bbox 3019 5215 3272 5260; x_wconf 66' lang='lat' dir='ltr'><strong>aeternam</strong></span> <span class='ocrx_word' id='word_1_862' title='bbox 3315 5222 3432 5275; x_wconf 67' lang='lat' dir='ltr'><strong>quae</strong></span> <span class='ocrx_word' id='word_1_863' title='bbox 3469 5217 3582 5260; x_wconf 88' lang='lat' dir='ltr'><strong>erat</strong></span> 
     </span>
    </p>
   </div>
   <div class='ocr_carea' id='block_1_114' title="bbox 2015 5298 3580 5371">
    <p class='ocr_par' dir='ltr' id='par_1_114' title="bbox 2015 5298 3580 5371">
     <span class='ocr_line' id='line_1_115' title="bbox 2015 5298 3580 5371; baseline -0.003 -16"><span class='ocrx_word' id='word_1_864' title='bbox 2015 5303 2154 5371; x_wconf 87' lang='lat' dir='ltr'><strong>apud</strong></span> <span class='ocrx_word' id='word_1_865' title='bbox 2187 5302 2422 5366; x_wconf 84' lang='lat' dir='ltr'><strong>Patrem,</strong></span> <span class='ocrx_word' id='word_1_866' title='bbox 2455 5311 2509 5355; x_wconf 92' lang='lat' dir='ltr'><strong>et</strong></span> <span class='ocrx_word' id='word_1_867' title='bbox 2538 5301 2783 5371; x_wconf 86' lang='lat' dir='ltr'><strong>apparuit</strong></span> <span class='ocrx_word' id='word_1_868' title='bbox 2815 5301 2968 5354; x_wconf 89' lang='lat' dir='ltr'><strong>nobis</strong></span> <span class='ocrx_word' id='word_1_869' title='bbox 2989 5301 3055 5356; x_wconf 79' lang='grc'><strong>’⁵.</strong></span> <span class='ocrx_word' id='word_1_870' title='bbox 3096 5318 3114 5351; x_wconf 75' lang='grc' dir='ltr'><strong>ι</strong></span> <span class='ocrx_word' id='word_1_871' title='bbox 3153 5298 3310 5354; x_wconf 87' lang='lat' dir='ltr'><strong>Vides</strong></span> <span class='ocrx_word' id='word_1_872' title='bbox 3341 5314 3460 5354; x_wconf 89' lang='lat' dir='ltr'><strong>eum</strong></span> <span class='ocrx_word' id='word_1_873' title='bbox 3493 5301 3580 5366; x_wconf 89' lang='lat' dir='ltr'><strong>qui</strong></span> 
     </span>
    </p>
   </div>
   <div class='ocr_carea' id='block_1_115' title="bbox 2017 5389 3583 5458">
    <p class='ocr_par' dir='ltr' id='par_1_115' title="bbox 2017 5389 3583 5458">
     <span class='ocr_line' id='line_1_116' title="bbox 2017 5389 3583 5458; baseline -0.003 -14"><span class='ocrx_word' id='word_1_874' title='bbox 2017 5393 2117 5445; x_wconf 78' lang='lat' dir='ltr'><strong>fuit</strong></span> <span class='ocrx_word' id='word_1_875' title='bbox 2141 5392 2208 5445; x_wconf 87' lang='lat' dir='ltr'><strong>ab</strong></span> <span class='ocrx_word' id='word_1_876' title='bbox 2236 5391 2410 5457; x_wconf 87' lang='lat' dir='ltr'><strong>initio,</strong></span> <span class='ocrx_word' id='word_1_877' title='bbox 2442 5390 2726 5444; x_wconf 84' lang='lat' dir='ltr'><strong>manifeste</strong></span> <span class='ocrx_word' id='word_1_878' title='bbox 2751 5391 2924 5444; x_wconf 87' lang='lat' dir='ltr'><strong>visum</strong></span> <span class='ocrx_word' id='word_1_879' title='bbox 2955 5390 3140 5455; x_wconf 82' lang='lat' dir='ltr'><strong>fuisse,</strong></span> <span class='ocrx_word' id='word_1_880' title='bbox 3171 5401 3224 5443; x_wconf 86' lang='lat' dir='ltr'><strong>et</strong></span> <span class='ocrx_word' id='word_1_881' title='bbox 3251 5389 3392 5458; x_wconf 82' lang='lat' dir='ltr'><strong>tangi</strong></span> <span class='ocrx_word' id='word_1_882' title='bbox 3422 5389 3583 5442; x_wconf 88' lang='lat' dir='ltr'><strong>susti-</strong></span> 
     </span>
    </p>
   </div>
   <div class='ocr_carea' id='block_1_116' title="bbox 2018 5479 3581 5542">
    <p class='ocr_par' dir='ltr' id='par_1_116' title="bbox 2018 5479 3581 5542">
     <span class='ocr_line' id='line_1_117' title="bbox 2018 5479 3581 5542; baseline -0.003 -7"><span class='ocrx_word' id='word_1_883' title='bbox 2018 5483 2216 5537; x_wconf 86' lang='lat' dir='ltr'><strong>nuisse.</strong></span> <span class='ocrx_word' id='word_1_884' title='bbox 2245 5481 2574 5535; x_wconf 78' lang='lat' dir='ltr'><strong>Evclamavil</strong></span> <span class='ocrx_word' id='word_1_885' title='bbox 2601 5483 2740 5534; x_wconf 90' lang='lat' dir='ltr'><strong>enim</strong></span> <span class='ocrx_word' id='word_1_886' title='bbox 2764 5479 3000 5534; x_wconf 89' lang='lat' dir='ltr'><strong>Thomas</strong></span> <span class='ocrx_word' id='word_1_887' title='bbox 3027 5499 3041 5533; x_wconf 84' lang='lat'><strong>:</strong></span> <span class='ocrx_word' id='word_1_888' title='bbox 3073 5500 3092 5531; x_wconf 71' lang='grc' dir='ltr'><strong>ι</strong></span> <span class='ocrx_word' id='word_1_889' title='bbox 3129 5480 3384 5534; x_wconf 88' lang='lat' dir='ltr'><strong>Dominus</strong></span> <span class='ocrx_word' id='word_1_890' title='bbox 3411 5493 3581 5542; x_wconf 89' lang='lat' dir='ltr'><strong>meus,</strong></span> 
     </span>
    </p>
   </div>
   <div class='ocr_carea' id='block_1_117' title="bbox 2017 5570 3580 5642">
    <p class='ocr_par' dir='ltr' id='par_1_117' title="bbox 2017 5570 3580 5642">
     <span class='ocr_line' id='line_1_118' title="bbox 2017 5570 3580 5642; baseline -0.003 -16"><span class='ocrx_word' id='word_1_891' title='bbox 2017 5583 2072 5626; x_wconf 92' lang='lat' dir='ltr'><strong>et</strong></span> <span class='ocrx_word' id='word_1_892' title='bbox 2115 5572 2254 5627; x_wconf 93' lang='lat' dir='ltr'><strong>Deus</strong></span> <span class='ocrx_word' id='word_1_893' title='bbox 2299 5588 2448 5628; x_wconf 91' lang='lat' dir='ltr'><strong>meus</strong></span> <span class='ocrx_word' id='word_1_894' title='bbox 2476 5574 2543 5639; x_wconf 73' lang='grc'><strong>’³,</strong></span> <span class='ocrx_word' id='word_1_895' title='bbox 2597 5591 2614 5624; x_wconf 71' lang='grc' dir='ltr'><strong>ι</strong></span> <span class='ocrx_word' id='word_1_896' title='bbox 2665 5587 2782 5626; x_wconf 85' lang='lat' dir='ltr'><strong>cum</strong></span> <span class='ocrx_word' id='word_1_897' title='bbox 2835 5581 3191 5640; x_wconf 25' lang='lat' dir='ltr'><strong>[rerte.tltasset</strong></span> <span class='ocrx_word' id='word_1_898' title='bbox 3232 5571 3396 5642; x_wconf 81' lang='lat' dir='ltr'><strong>digito</strong></span> <span class='ocrx_word' id='word_1_899' title='bbox 3440 5570 3580 5625; x_wconf 81' lang='lat' dir='ltr'><strong>latus</strong></span> 
     </span>
    </p>
   </div>
   <div class='ocr_carea' id='block_1_118' title="bbox 1100 5744 1915 5822">
    <p class='ocr_par' dir='ltr' id='par_1_118' title="bbox 1100 5744 1915 5814">
     <span class='ocr_line' id='line_1_119' title="bbox 1100 5744 1915 5814; baseline 0.006 -19"><span class='ocrx_word' id='word_1_900' title='bbox 1100 5745 1142 5775; x_wconf 74' lang='grc'><strong>’³</strong></span> <span class='ocrx_word' id='word_1_901' title='bbox 1175 5744 1332 5798; x_wconf 78' lang='lat' dir='ltr'><strong>Mich.</strong></span> <span class='ocrx_word' id='word_1_902' title='bbox 1370 5762 1423 5812; x_wconf 83' lang='grc' dir='ltr'><strong>ν,</strong></span> <span class='ocrx_word' id='word_1_903' title='bbox 1462 5751 1516 5805; x_wconf 72' lang='grc'><strong>2,</strong></span> <span class='ocrx_word' id='word_1_904' title='bbox 1593 5751 1636 5782; x_wconf 49' lang='grc' dir='ltr'><strong>εδ</strong></span> <span class='ocrx_word' id='word_1_905' title='bbox 1666 5749 1680 5802; x_wconf 88' lang='lat' dir='ltr'><strong>i</strong></span> <span class='ocrx_word' id='word_1_906' title='bbox 1708 5750 1832 5803; x_wconf 84' lang='lat' dir='ltr'><strong>Cor.</strong></span> <span class='ocrx_word' id='word_1_907' title='bbox 1867 5765 1915 5814; x_wconf 69' lang='grc' dir='ltr'><strong>κ,</strong></span> 
     </span>
    </p>
   </div>
   <div class='ocr_carea' id='block_1_119' title="bbox 2018 5744 3226 5822">
    <p class='ocr_par' dir='ltr' id='par_1_119' title="bbox 2022 5749 3226 5822">
     <span class='ocr_line' id='line_1_120' title="bbox 2022 5749 3226 5822; baseline 0.001 -18"><span class='ocrx_word' id='word_1_908' title='bbox 2022 5751 2074 5805; x_wconf 69' lang='grc'>4.</span> <span class='ocrx_word' id='word_1_909' title='bbox 2154 5749 2198 5780; x_wconf 80' lang='grc'><strong>’⁵</strong></span> <span class='ocrx_word' id='word_1_910' title='bbox 2229 5751 2243 5804; x_wconf 90' lang='grc'><strong>1</strong></span> <span class='ocrx_word' id='word_1_911' title='bbox 2276 5751 2428 5809; x_wconf 80' lang='lat' dir='ltr'><strong>Joan.</strong></span> <span class='ocrx_word' id='word_1_912' title='bbox 2463 5770 2497 5822; x_wconf 84' lang='grc' dir='ltr'><strong>ι,</strong></span> <span class='ocrx_word' id='word_1_913' title='bbox 2535 5753 2585 5817; x_wconf 83' lang='grc'>1,</span> <span class='ocrx_word' id='word_1_914' title='bbox 2622 5751 2674 5805; x_wconf 71' lang='lat'><strong>2.</strong></span> <span class='ocrx_word' id='word_1_915' title='bbox 2752 5753 2796 5783; x_wconf 76' lang='lat'>&quot;</span> <span class='ocrx_word' id='word_1_916' title='bbox 2828 5749 2987 5804; x_wconf 85' lang='lat' dir='ltr'><strong>Joau.</strong></span> <span class='ocrx_word' id='word_1_917' title='bbox 3020 5765 3108 5815; x_wconf 79' lang='lat' dir='ltr'><strong>xx,</strong></span> <span class='ocrx_word' id='word_1_918' title='bbox 3137 5750 3226 5805; x_wconf 69' lang='lat'><strong>28.</strong></span> 
     </span>
    </p>
   </div>
  </div>
