4078 6264
510 373 639 427 1351

507 581 647 649 Quin
680 594 735 636 et
767 579 980 635 divinus
1012 577 1184 632 Lucas
1215 576 1292 630 ait
1322 582 1540 630 sanctos
1570 572 1843 643 apostolos
1876 579 2092 641 specta-

511 684 656 728 tores
693 680 747 726 et
790 671 1066 725 ministros
1093 668 1250 724 Verbi
1290 667 1456 721 fuisse
1479 665 1546 718 ’⁷.
1585 663 1784 719 Factus
1823 671 1906 716 est
1941 661 2088 716 enim

509 780 836 835 conspicuus
883 763 971 831 qui
1022 770 1105 816 est
1151 761 1536 829 incorporeus,
1580 765 1637 812 et
1682 753 2090 812 contrectabilis

510 856 601 924 qui
636 854 780 924 tangi
814 853 1030 922 nequit,
1064 866 1287 906 carnem
1317 865 1479 920 quam
1513 847 1690 902 induit
1720 862 1826 900 non
1859 845 2090 899 alienam

510 961 542 1000 a
576 961 633 1000 se
667 945 903 1010 habens,
940 942 1032 997 sed
1068 942 1346 1011 proprium
1381 940 1483 994 sibi
1523 935 1778 1008 templum
1813 936 2088 1000 eﬂiciens;

512 1045 566 1091 et
613 1052 734 1090 cum
781 1050 846 1089 ea
897 1034 1145 1103 cognitus
1197 1044 1256 1087 ut
1307 1033 1449 1086 Deus
1499 1039 1554 1084 et
1606 1030 1885 1110 Dominus.
1937 1027 2089 1082 Nosti

512 1129 674 1182 etiam
701 1127 826 1196 quid
853 1127 1233 1181 sanctissimus
1259 1126 1347 1178 ille
1373 1123 1570 1178 Paulus
1594 1123 1785 1177 scribit
1810 1140 1824 1176 :
1852 1138 1871 1172 ι
1900 1118 2090 1188 Nemo,

516 1221 712 1289 inquit,
755 1231 996 1274 nostrum
1039 1217 1142 1272 sibi
1184 1218 1339 1280 vivit,
1383 1225 1438 1269 et
1479 1228 1640 1268 nemo
1687 1213 1791 1266 sibi
1839 1213 2089 1266 moritur.

516 1313 642 1367 Sive
668 1312 812 1365 enim
839 1311 1091 1372 vivimus,
1123 1307 1345 1361 Domino
1371 1306 1632 1370 vivimus;
1659 1306 1775 1358 sive
1804 1305 2086 1368 morimur,

520 1401 744 1456 Domino
771 1401 1050 1454 morimur.
1080 1398 1206 1452 Sive
1230 1411 1358 1464 ergo
1385 1396 1638 1459 vivimus,
1666 1396 1780 1447 sive
1809 1392 2091 1460 morimur,

513 1491 725 1546 Domini
763 1506 971 1546 Sumus.
1008 1491 1063 1543 lu
1103 1490 1205 1542 hoc
1241 1489 1383 1541 enim
1419 1486 1669 1540 Christus
1704 1495 1949 1537 mortuus
1985 1492 2088 1547 est,

513 1594 568 1638 et
599 1584 917 1645 resurrexit,
945 1590 1003 1635 ut
1034 1590 1088 1634 et
1118 1581 1364 1632 vivorum
1397 1587 1451 1632 et
1479 1587 1815 1630 mortuorum
1847 1572 2093 1628 domine-

511 1687 600 1729 tur
635 1675 700 1729 ³⁸.
741 1693 758 1725 ι
795 1673 1020 1728 Constat
1054 1673 1234 1740 itaque
1273 1670 1412 1737 quod
1450 1683 1636 1723 revera
1670 1668 1978 1721 dominatus
2025 1665 2094 1720 sit

516 1778 852 1820 mortuorum
884 1775 937 1818 et
967 1765 1291 1828 viventium,
1322 1763 1411 1831 qui
1443 1776 1549 1815 non
1581 1759 1650 1814 ob
1680 1760 1839 1813 aliam
1872 1773 2090 1814 causam

515 1876 675 1929 quam
703 1860 772 1914 ob
803 1860 943 1913 hanc
973 1857 1142 1913 solam
1166 1867 1424 1910 mortuus
1452 1866 1536 1909 est
1569 1863 1624 1908 et
1653 1853 1973 1908 resurrexit.

585 2035 649 2091 B.
691 2035 940 2090 Omnino.

586 2130 651 2181 Α.
693 2128 992 2193 Quemnam
1049 2125 1210 2195 igitur
1253 2123 1497 2179 dicemus
1546 2121 1777 2178 subiisse
1829 2129 2094 2186 mortem,

517 2233 842 2288 rursumque
871 2215 1269 2272 resurrexisse?

586 2309 647 2364 Β.
692 2309 886 2363 Filium
916 2309 1180 2378 profecto.

587 2402 653 2456 Α.
695 2399 888 2455 Filium
925 2402 1141 2470 quidem
1181 2409 1326 2456 recte
1362 2399 1523 2464 dicis,
1554 2407 1718 2468 atque
1748 2412 1849 2469 ego
1888 2398 1940 2452 id
1975 2411 2101 2468 pro-

516 2492 712 2546 barim.
752 2491 1020 2546 Caeterum
1062 2491 1167 2546 hoc
1210 2507 1275 2545 ex
1323 2501 1374 2546 te
1417 2491 1576 2544 velim
1622 2503 1985 2558 cognoscere,
2029 2503 2096 2542 an

518 2581 755 2636 Verbum
784 2599 852 2637 ex
881 2583 986 2636 Deo
1016 2580 1179 2636 Patre
1209 2581 1282 2636 sit
1313 2580 1543 2636 mortale
1566 2590 1622 2634 et
1649 2580 1976 2648 corruptioui
2004 2579 2099 2633 ob-

518 2675 771 2735 noxium;
811 2688 879 2726 an
919 2675 1095 2742 potius
1135 2681 1308 2728 morte
1348 2681 1403 2727 et
1440 2671 1787 2740 corruptione
1825 2673 2096 2741 superius,

518 2771 576 2816 ut
603 2763 734 2818 vita.

590 2855 652 2912 Β.
693 2855 970 2913 Posterius
995 2855 1029 2911 h
1049 2873 1098 2912 rc
1127 2856 1528 2915 allirmaverim.

588 2947 654 3001 A.
696 2946 976 3013 Quomodo
1003 2947 1167 3018 igitur
1193 2950 1422 3004 mortuis
1449 2956 1836 3003 annumeratus
1861 2958 1974 3016 est,
2004 2951 2094 3020 qui

519 3036 657 3093 liber
675 3048 760 3093 est
787 3039 1083 3093 secundum
1111 3037 1458 3109 Scripturas?
1484 3037 1668 3108 Neque
1692 3037 1837 3093 enim
1859 3035 2094 3094 Verbum

519 3145 614 3200 per
636 3145 694 3186 se
722 3131 857 3185 mori
888 3141 1072 3200 queat.

588 3219 649 3275 Β.
691 3221 827 3288 Quia
871 3233 1082 3277 mortua
1127 3221 1294 3292 ipsius
1331 3237 1517 3290 carne,
1555 3223 1671 3293 ipse
1711 3223 1813 3278 hoc
1858 3223 1967 3293 pati
2011 3221 2094 3277 di-

518 3311 678 3367 citur.

589 3405 656 3458 Δ.
699 3403 1020 3471 [lectissime
1044 3406 1238 3462 sentis.
1262 3408 1520 3470 Proinde,
1550 3424 1655 3462 non
1682 3409 1885 3476 absque
1909 3421 2093 3473 carne,

519 3495 614 3550 sed
641 3497 819 3564 potius
847 3498 1005 3552 simul
1033 3515 1154 3554 cum
1183 3499 1272 3553 illa
1300 3501 1688 3555 dominationis
1714 3500 1940 3571 gloriam
1966 3514 2096 3555 con-

521 3597 740 3641 secutus
766 3597 880 3652 est,
908 3591 1000 3658 qui
1032 3589 1146 3658 lege
1175 3593 1360 3645 carnis
1390 3601 1444 3645 et
1475 3605 1667 3645 natura
1701 3593 1861 3646 simili
1896 3602 2097 3648 nostra:

522 3686 765 3734 mortuus
802 3689 886 3734 est
924 3691 978 3734 et
1015 3682 1331 3735 resurrexit.
1370 3682 1616 3736 Humana
1654 3684 1874 3752 quidem
1916 3685 2096 3754 passio

519 3777 604 3824 est
639 3769 808 3832 mori;
845 3770 1006 3840 713
1042 3771 1279 3825 divinam
1317 3786 1443 3826 vero
1478 3772 1587 3825 vim
1623 3783 1788 3841 atque
1820 3777 2098 3840 operatio-

522 3875 645 3916 nem
677 3868 1004 3932 resurgendo
1033 3863 1272 3916 ostendit
1305 3882 1318 3916 :
1351 3874 1410 3918 ut
1439 3878 1532 3933 per
1559 3873 1851 3933 utrumque
1880 3865 1979 3920 hoc
2006 3879 2097 3920 co-

520 3961 832 4020 gnoscatur,
875 3962 929 4006 et
971 3952 1164 4007 similis
1204 3953 1392 4018 nobis,
1433 3964 1488 4009 et
1533 3954 1690 4009 nobis
1733 3955 1998 4024 superior,
2043 3965 2100 4010 ut

525 4047 666 4101 Deus
717 4047 1111 4110 tmiversorum,
1157 4055 1209 4100 et
1269 4047 1554 4101 nobiscqu
1607 4046 1802 4110 factus,
1846 4058 2100 4102 cernatur

521 4155 642 4192 cum
676 4139 853 4192 Patre.
883 4139 994 4192 lloe
1023 4147 1180 4208 pacto
1211 4138 1384 4207 ipsum
1414 4154 1747 4209 cognoscens
1774 4138 2096 4205 Nathanael,

521 4227 656 4280 dixit
713 4243 727 4279 :
783 4245 801 4276 ι
865 4227 1140 4294 Magister,
1203 4236 1256 4280 tu
1300 4243 1359 4282 es
1397 4227 1568 4282 Filius
1609 4230 1734 4296 Dei;
1802 4239 1856 4284 tu
1900 4247 1960 4285 es
2005 4247 2100 4286 rex

519 4314 771 4370 Israel“.
805 4335 824 4366 ι
857 4316 975 4385 lpse
1031 4331 1159 4370 vero
1204 4318 1317 4371 suis
1372 4317 1656 4388 discipulis
1697 4321 1912 4389 inquit:
1945 4340 1963 4372 ι
1989 4321 2100 4378 Vos

521 4417 702 4459 autem
729 4405 932 4457 vocatis
964 4421 1045 4458 me
1075 4403 1363 4459 Dominum
1395 4415 1450 4460 et
1481 4407 1831 4477 magistrum;
1869 4423 1924 4464 et
1955 4424 2103 4467 recte

1499 364 1556 420 S.
1599 359 1875 418 CYBILLI
1917 353 2392 412 ALEXANDBINI
2433 353 2748 408 ARCHIEP.

509 488 779 560 corporis,
823 495 877 543 et
924 484 1268 556 pertusiones
1311 485 1425 540 sive
1476 481 1740 537 foramina
1789 479 2084 534 clavorum.

2196 473 2293 543 ράν
2316 490 2374 526 τε
2410 472 2508 543 τὴν
2562 470 2814 542 σώματος
2856 470 2950 524 καὶ
2983 470 3082 533 τάς
3117 469 3432 541 διατρὴσεις
3463 467 3570 520 τῶν
3607 469 3773 540 ἧλων.

3637 341 3779 403 ηδε

2193 565 2232 615 Γ
2235 565 2526 634 εγενῆσθαι
2573 564 2631 616 δέ
2665 579 2797 633 φησι
2836 563 2963 626 τοῦς
2997 562 3189 630 ἁγίους
3233 559 3569 624 ἀποστόλους
3610 562 3704 615 καὶ
3746 563 3781 617 ὀ

2192 655 2334 718 θεῖος
2363 658 2497 726 ἡμῖν
2531 657 2751 718 Λουκᾶς
2804 653 3079 717 αὐτόπτας
3125 670 3187 707 τε
3231 652 3328 707 καὶ
3367 651 3648 723 ὑπηρέτας
3682 652 3777 706 τοῦ

2193 747 2390 815 Λόγου.
2416 748 2611 816 Γέγονε
2641 748 2750 819 γὰρ
2765 745 3016 817 ἐμφανὴς
3043 749 3072 800 6
3094 744 3408 816 ἀσώματος,
3445 745 3540 797 καὶ
3567 745 3734 808 ἁπτὸς
3751 747 3782 798 6

2193 839 2427 911 ἀναφὴς,
2453 841 2554 892 οὐκ
2582 838 2789 892 ὀθνεῖον
2810 838 2948 909 ἔχων
2975 839 3056 891 ἔτι
3084 837 3399 909 περίϐλημα
3429 837 3528 907 τὴν
3549 834 3656 890 ἀπὸ
3677 836 3786 905 γῆς

2194 930 2392 1002 σάρκα,
2423 931 2535 984 ἀλλ’
2573 930 2702 983 ἴδιον
2735 931 2906 1000 αὐτὴν
2938 929 3308 1000 ποιησάμενος
3355 927 3502 995 ναὸν,
3545 928 3642 981 καὶ
3685 929 3786 981 σῦν

2193 1023 2329 1094 αὐτῇ
2365 1022 2786 1093 γνωριζόμενος,
2817 1022 2893 1085 ὡς
2922 1021 3057 1085 Θεὸς
3082 1021 3177 1074 καὶ
3206 1020 3428 1091 Κύριος.
3461 1013 3791 1088 Γεγραφότα.

2192 1114 2250 1167 δὲ
2286 1110 2446 1167 οἶσθά
2493 1131 2595 1168 που
2645 1115 2738 1167 τὸν
2781 1113 3074 1184 ἱερώτατον
3126 1112 3359 1166 Παῦλον·
3411 1106 3643 1174 «Οὐδεὶς
3677 1109 3790 1180 γὰρ

2195 1207 2353 1278 ἡμῶν
2382 1206 2566 1278 ἐαυτῷ
2588 1205 2683 1278 ζῇ,
2713 1207 2807 1260 καὶ
2843 1206 3018 1270 οὐδεὶς
3050 1205 3228 1275 ἐαυτῷ
3263 1203 3616 1274 ἀποθνήσκει.
3661 1202 3789 1256 Ἐάν

2195 1277 2254 1352 τε
2286 1299 2394 1368 γάρ
2424 1277 2626 1368 ζῶμεν,
2649 1297 2726 1368 τῷ
2757 1298 2948 1368 Κῳίῳ
2977 1297 3184 1368 ζῶμεν·
3219 1296 3312 1348 ἐάν
3340 1313 3397 1347 τε
3431 1295 3791 1365 ἀποθνήσκω·-

2199 1407 2317 1460 μεν,
2358 1388 2436 1458 τῷ
2481 1390 2673 1460 Κυρίῳ
2713 1388 3153 1458 ἀποθνήσκομεν.
3193 1387 3318 1440 Ἐάν
3352 1403 3411 1439 τε
3451 1381 3544 1438 οὖν
3582 1384 3792 1455 ζῶμεν,

2195 1481 2291 1535 ὲάν
2323 1498 2383 1532 τε
2415 1480 2874 1551 ἀποθνήσκωμεν,
2920 1481 3015 1532 τοῦ
3043 1480 3249 1547 Κυρίου
3285 1480 3472 1550 ὲσμέν.
3513 1479 3607 1542 Εἰς
3631 1477 3790 1532 τοῦτο

2195 1572 2304 1642 γὰρ
2333 1570 2568 1641 Χριστὸς
2598 1569 2860 1634 ἀπέθανε,
2908 1571 3002 1623 καὶ
3050 1569 3265 1641 ἔζησεν,
3313 1570 3399 1622 ἵνα
3446 1569 3541 1623 καὶ
3578 1567 3789 1640 νεκρῶν

2196 1663 2292 1716 καὶ
2321 1661 2539 1725 ζώντων
2571 1661 2856 1734 κυριεύσῃ.
2890 1680 2908 1711 ι
2956 1662 3192 1732 Ἀραρεν
3223 1655 3334 1725 οὖν,
3375 1661 3456 1712 ὅτι
3501 1660 3791 1730 κεκυρίευ-

2199 1775 2295 1811 κεν
2321 1756 2538 1826 ἀληθῶς
2568 1756 2783 1828 νεκρῶν
2812 1773 2872 1808 τε
2905 1755 3000 1809 καί
3041 1756 3260 1820 ζώντων
3287 1756 3317 1807 6
3367 1754 3442 1825 μὴ
3473 1754 3660 1825 ἐτέρου
3691 1770 3791 1806 του

2130 1825 2172 1880 Β
2201 1853 2381 1922 χάριν,
2482 1852 2565 1903 ὅτι
2592 1825 2746 1902 τοῦδε
2803 1851 2899 1904 καὶ
2935 1849 3102 1919 μόνου
3136 1845 3369 1911 τεθνεὼς
3412 1849 3509 1902 καὶ
3553 1848 3796 1918 ἐγηγερ-

2203 1943 2383 2014 μένος.

2272 2035 2335 2087 Β.
2371 2034 2632 2104 Ἀραρεν.

2270 2125 2336 2176 Α.
2368 2123 2502 2176 Τίνα
2531 2124 2595 2194 δὴ
2628 2118 2740 2186 οῦν,
2787 2117 2831 2176 ὦ
2867 2127 3106 2192 γενναῖε,
3135 2121 3340 2193 φαμὲν,
3364 2120 3439 2184 ὡς
3478 2119 3652 2173 ὑπέδυ
3693 2117 3793 2189 μὲν

2200 2215 2454 2281 θάνατον,
2485 2216 2686 2269 ἀνεϐίω
2716 2216 2772 2269 δὲ
2802 2211 2902 2282 αῦ;

2270 2310 2332 2363 Β.
2366 2309 2468 2360 Τὸν
2496 2307 2624 2361 Υίὺν
2650 2307 2910 2378 δηλονότι.

2261 2403 2329 2455 Α.
2379 2399 2518 2452 Ἀλλ’
2545 2401 2629 2453 ὃτι
2663 2401 2762 2470 μὲν
2791 2401 2882 2453 τὸν
2923 2398 3073 2463 Υἱὸν,
3108 2392 3166 2452 εὖ
3196 2397 3396 2465 λέγεις’
3428 2397 3799 2465 ἐπαινέσομαι

2199 2491 2306 2563 γὰρ
2332 2486 2446 2546 οὖν.
2478 2491 2755 2562 Ἐθέλοιμι
2782 2491 2826 2545 δ’
2843 2493 2906 2546 ἄν
2937 2507 3030 2544 σου
3055 2490 3366 2562 διαμαθεῖν,
3399 2489 3633 2562 πότερον
3671 2488 3797 2558 θνη-

2197 2584 2290 2647 τὸς
2353 2586 2447 2637 καὶ¹
2483 2583 2660 2656 φθορᾷ
2700 2585 2931 2654 κάτοχος
2959 2579 2988 2635 6
3029 2585 3095 2636 ὲκ
3122 2582 3256 2636 Θεοῦ
3286 2582 3498 2654 Πατρδς
3534 2580 3793 2650 Λόγος,ἢ

2200 2675 2342 2745 πέρα
2377 2675 2606 2729 θανάτου
2634 2675 2728 2730 καὶ
2759 2675 2964 2746 φθορᾶς
2993 2673 3255 2744 ἀμείνων,
3289 2673 3363 2736 ὡς
3390 2673 3522 2744 ζωή.

2270 2853 2331 2907 Β.
2368 2853 2525 2908 Οὕτω
2552 2853 2716 2924 φημί.
3749 2905 3756 2910 .

2268 2947 2332 2998 Α.
2366 2941 2501 2998 Εἶτα
2543 2944 2662 3009 πῶς
2708 2945 2930 3013 γέγονεν
2987 2945 3046 2998 ἐν
3084 2947 3319 3014 νεκροῖς,
3360 2945 3457 2999 καὶ
3504 2944 3793 3016 ἐλεύθερος

2199 3036 2294 3104 ὢν,
2338 3035 2480 3090 κατά
2522 3035 2623 3098 τάς
2673 3035 2931 3106 Γραφάς;
2983 3035 3221 3107 Τεθναίη
3259 3035 3368 3107 γὰρ
3406 3035 3473 3090 ἂν
3518 3035 3639 3089 οὔτι
3690 3053 3794 3089 πον

2199 3128 2321 3182 καθ’
2346 3128 2537 3181 ἑαυτὸν
2565 3130 2592 3181 6
2623 3129 2814 3196 Λόγος.

2271 3229 2333 3282 Β.
2367 3228 2488 3281 Ὅτι
2508 3225 2814 3297 τεθνεώσης
2847 3226 3011 3280 αὐτοῦ
3039 3227 3140 3298 τῆς
3185 3227 3407 3297 σαρκὸς,
3437 3223 3603 3288 αὐτὸς
3637 3225 3789 3290 τοῦτο

2197 3315 2414 3383 λέγεται
2445 3313 2657 3368 παθεῖν.

2267 3410 2332 3463 Α.
2371 3406 2670 3479 Ὀρθότατά
2714 3424 2777 3476 γε
2824 3408 2918 3460 καὶ
2952 3407 3227 3471 ἀπλανῶς.
3282 3407 3517 3473 οὐκοῦν,
3558 3409 3622 3461 οὐ
3668 3408 3786 3478 δίχα

2197 3499 2420 3570 σαρκὸς.
2450 3500 2546 3553 σὺν
2574 3501 2710 3570 αὐτῇ
2742 3501 2799 3552 δὲ
2831 3499 3034 3569 μᾶλλον
3057 3501 3161 3554 καις
3189 3500 3306 3570 μετ’
3335 3500 3530 3571 αὐτῆς,
3565 3501 3666 3570 τὴν
3692 3503 3785 3568 τῆς

2197 3590 2519 3660 κυριότητος
2566 3589 2866 3660 ἀνεδήσατο
2921 3589 3104 3654 δόξαν,
3155 3595 3184 3646 6
3240 3591 3392 3661 νόμῳ
3449 3574 3655 3659 σαρκδς
3698 3590 3786 3642 καὶ

2199 3681 2358 3750 φύσει
2390 3683 2456 3751 τῇ
2490 3681 2612 3734 καθ’
2646 3683 2792 3752 ἡμᾶς
2823 3681 3056 3746 τεθνεὼς
3102 3683 3194 3736 καὶ
3224 3683 3621 3754 ἐγηγερμένος.
3666 3681 3787 3734 Ἀνο

2199 3772 2470 3844 θρὼπινον
2494 3773 2592 3842 μὲν
2612 3773 2671 3824 τὸ
2692 3773 2944 3828 τεθνάναι
2975 3774 3168 3841 πάθος,
3216 3775 3500 3845 ἐνέργημα
3525 3775 3581 3827 δὲ
3609 3774 3789 3828 θεῖκδν

2197 3864 2257 3918 τὸ
2300 3863 2601 3918 ἀναϐιῶναι
2652 3865 2888 3932 δεικνὺς,
2948 3867 3032 3919 ἵνα
3063 3867 3132 3920 δι’
3180 3868 3381 3936 ἀμφοῖν
3427 3867 3787 3938 γνωρίζηται,

2200 3955 2323 4009 καθ’
2358 3957 2509 4027 ἡμᾶς
2536 3973 2596 4008 τε
2624 3956 2741 4027 ἅμα
2768 3958 2862 4010 καὶ
2892 3959 3032 4028 ὑπὲρ
3059 3960 3208 4029 ἡμᾶς
3237 3961 3312 4023 ὡς
3337 3961 3471 4022 Θεὸς
3495 3962 3607 4012 τῶν
3631 3961 3784 4025 ὅλων,

2201 4050 2295 4103 καὶ
2321 4049 2440 4116 μεθ’
2471 4049 2631 4119 ήμῶν
2659 4053 2922 4118 γεγονὼς,
2953 4051 3126 4122 ὁρῷτο
3158 4052 3300 4122 μετά
3334 4053 3572 4123 Πατρός.
3603 4053 3785 4117 Οὕτως

2200 4140 2361 4194 αὑτὸν
2389 4143 2417 4194 6
2451 4140 2748 4212 Ναθαναὴλ
2790 4143 3192 4210 ἐπιγινώσκων,
3229 4144 3456 4214 ἔφασκε
3515 4166 3532 4198 ι
3577 4147 3782 4208 Ῥαὸσὶ,

2202 4234 2268 4286 σὺ
2327 4230 2379 4286 εἴ
2437 4235 2466 4286 6
2531 4234 2657 4298 Υἱὸς
2717 4234 2812 4288 τοῦ
2870 4235 3040 4302 Θεοῦ,
3105 4239 3170 4290 σὺ
3221 4234 3272 4290 εἷ
3315 4240 3344 4292 6
3387 4238 3645 4308 βασιλεὺς
3693 4238 3781 4292 τοῦ

2200 4325 2439 4396 Ἰσραήλ.
2471 4345 2488 4378 ›
2513 4326 2681 4391 Αὐτὸς
2706 4327 2762 4380 δὲ
2787 4330 2899 4392 τοῖς
2918 4329 3112 4382 ἑαυτοῦ
3136 4329 3429 4401 μαθηταῖς·
3460 4351 3478 4382 ι
3513 4332 3702 4400 Ὑμεῖς
3729 4331 3782 4383 δὲ

2202 4417 2415 4471 καλεῖτέ
2459 4436 2545 4486 με,
2592 4420 2779 4494 φησὶν,
2825 4421 2852 4472 6
2902 4420 3104 4491 Κύριος
3151 4423 3246 4476 καὶ
3293 4423 3650 4488 διδάσκαλος,
3694 4424 3784 4476 καὶ

521 4495 731 4561 dicitis,
769 4509 885 4549 sum
925 4495 1068 4549 enim
1099 4495 1166 4548 ³ο.
1212 4514 1230 4547 ι
1270 4495 1349 4551 Re
1383 4511 1563 4553 autem
1601 4499 1716 4568 ipsa
1753 4501 1806 4556 id
1842 4517 2094 4573 compro-

2201 4509 2381 4573 καλῶς
2413 4510 2620 4579 λέγετε’
2654 4513 2770 4581 εἰμὶ
2795 4512 2923 4581 γάρ.
2957 4531 2974 4562 ι
3015 4514 3202 4583 Ἕργῳ
3219 4514 3274 4566 δὲ
3298 4515 3432 4566 αὐτὸ
3460 4515 3786 4585 πιστευόμεο

521 4591 675 4652 bans,
706 4590 932 4644 remittit
962 4598 1202 4658 peccata,
1230 4599 1284 4644 et
1313 4601 1633 4660 potestatem
1663 4595 1810 4648 dedit
1839 4596 2094 4654 adversus

429 4666 438 4675 ’
520 4681 743 4751 spiritus
774 4681 1098 4746 immundos,
1129 4681 1203 4736 ita
1233 4694 1292 4736 ut
1323 4684 1529 4751 possint
1557 4685 1756 4752 ejicere
1783 4703 1898 4754 eos,
1928 4698 1982 4743 et
2007 4706 2096 4746 sa-

523 4787 653 4825 nare
678 4785 837 4825 oume
863 4786 1033 4840 genus
1065 4774 1233 4827 morbi
1265 4774 1624 4843 popularis“.
1651 4775 1841 4834 Nonne
1869 4781 2011 4834 enim
2041 4783 2093 4836 in

521 4864 735 4917 nomine
774 4862 899 4918 Jesu
943 4864 1142 4919 Christi
1185 4863 1451 4921 Nazareni
1496 4879 1724 4924 sanatur
1761 4870 1988 4927 claudus
2027 4889 2093 4928 ex

519 4967 749 5026 utroque
788 4958 941 5025 pede,
982 4958 1175 5013 sedens
1213 4959 1278 5012 ad
1321 4971 1530 5029 portam
1571 4976 1690 5031 quae
1730 4963 1926 5019 dicitur
1964 4964 2097 5035 Spe—

518 5049 662 5103 ciosa
685 5047 767 5102 ³⁸2
795 5047 868 5102 Ita
899 5050 1062 5104 etiam
1095 5067 1124 5102 a
1157 5050 1412 5106 diuturno
1442 5054 1871 5125 gravissimoque
1907 5058 2096 5113 morbo

520 5139 780 5196 liberatus
809 5150 892 5196 est
919 5140 1142 5208 Encas,
1169 5142 1380 5198 dicente
1409 5144 1476 5199 ad
1507 5152 1628 5200 eum
1662 5148 1843 5203 divino
1874 5147 2040 5204 Paulo
2077 5167 2090 5202 :

523 5251 543 5284 ι
579 5231 776 5300 Enea,
807 5243 967 5287 sanat
998 5244 1049 5288 te
1079 5233 1239 5289 .lesus
1269 5235 1522 5292 Christus
1536 5235 1601 5289 ³³.
1642 5256 1662 5289 ι

592 5411 651 5463 Β.
692 5411 764 5464 Ita
796 5421 897 5466 est.

594 5505 655 5553 A.
696 5499 854 5556 Omni
885 5503 1045 5572 igitur
1071 5518 1136 5557 ex
1166 5515 1317 5574 parte
1345 5509 1606 5577 compulsi
1636 5511 1701 5566 ad
1731 5513 2009 5569 veritatem
2038 5524 2093 5570 et

2198 4620 2308 4666 νος,
2344 4604 2526 4672 ἀνίησι
2575 4603 2671 4672 μὲν
2715 4603 3012 4675 ἁμαρτίας,
3045 4605 3295 4670 ἐξουσίαν
3334 4605 3391 4658 δὲ
3438 4605 3609 4659 ἔδωκε
3649 4605 3787 4660 κατά

2199 4695 2527 4765 πνευμάτων
2575 4695 2924 4766 ἀκαθάρτων,
2975 4696 3115 4749 ὥστε
3156 4697 3440 4750 ἐκϐάλλειν
3481 4698 3644 4760 αὐτὰ,
3691 4698 3787 4751 καὶ

2199 4786 2527 4859 θεραπεύειν
2559 4789 2738 4840 πᾶσαν
2778 4788 2930 4842 νόσον
2963 4788 3056 4841 καὶ
3087 4791 3268 4842 πᾶσαν
3308 4789 3582 4859 μαλακίαν
3617 4791 3676 4842 ὲν
3708 4789 3786 4858 τῷ

2199 4875 2334 4946 λαῷ.
2361 4872 2436 4929 Ἦ
2468 4877 2570 4930 οὐκ
2594 4878 2650 4928 ἐν
2680 4876 2903 4944 ὀνόματι
2952 4877 3125 4948 Ἰησοῦ
3161 4877 3399 4948 Χριστοῦ
3435 4879 3781 4950 Ναζωραίου,

2197 4969 2593 5034 τεθεράπευται
2644 4967 2743 5037 μὲν
2782 4969 2809 5019 6
2845 4966 2924 5020 τὼ
2967 4969 3096 5022 πόδε
3130 4968 3532 5040 λελωϐημένος,
3581 4971 3679 5024 καὶ
3715 4973 3781 5041 τῇ

2195 5061 2374 5132 ὡραία.
2413 5060 2761 5132 προσιζάνων
2807 5046 2994 5133 πῦλῃς
3041 5062 3354 5132 ἀρῤωστίαν
3395 5062 3452 5116 δὲ
3511 5062 3609 5134 τὴν
3643 5061 3785 5116 οὕτω

2199 5151 2415 5220 μακρὰν
2445 5150 2796 5215 ἀπεσείσατο,
2824 5149 2920 5203 καὶ
2963 5150 3158 5221 κομιδῇ
3187 5150 3578 5219 δυσδιάφυκτον
3600 5151 3786 5222 διέδρα

2195 5242 2348 5295 νόσον
2401 5241 2623 5306 Αἰνέας,
2683 5242 2819 5313 πρὸς
2863 5241 2923 5294 δν
2976 5243 3004 5294 6
3048 5241 3336 5306 θεσπέσιος
3384 5242 3488 5314 ἔφη
3547 5244 3782 5308 Παῦλος

2199 5351 2218 5384 ι
2241 5333 2428 5400 Αἰνέα,
2454 5335 2597 5388 ἰᾶταί
2624 5351 2682 5388 σε
2721 5334 2930 5406 Ἰησοῦς
2951 5336 2980 5388 6
3002 5334 3260 5406 Χριστός.
3300 5355 3319 5388 ι

2271 5425 2330 5479 Β.
2371 5425 2614 5497 Ἀληθές.

2272 5520 2333 5571 Α.
2377 5519 2722 5589 Πανταχόθεν
2759 5513 2851 5572 οὖν
2895 5518 3003 5590 ἄρα
3049 5519 3446 5590 συνωθούμενοι
3474 5520 3610 5590 πρὸς
3651 5519 3784 5589 ἀλῆ-

621 5701 814 5791 61W}:-
848 5705 977 5791 14'3.
1047 5708 1091 5737 ’⁸
1116 5707 1269 5762 Rom.
1305 5711 1554 5768 xrv.7-9.
1634 5714 1676 5745 ²⁹
1701 5712 1854 5767 .loau.
1892 5731 1926 5780 ι,
1959 5715 2045 5773 49,

2197 5718 2350 5774 Jozm.
2391 5737 2508 5789 \‘lll,
2545 5722 2634 5776 l5.
2715 5723 2757 5754 ⁸¹
2785 5721 2975 5779 Malth.
3011 5738 3064 5786 ι,
3092 5722 3143 5776 8.
3225 5724 3267 5755 ³²
3291 5723 3408 5777 Art.
3439 5739 3520 5790 tn,
3555 5723 3588 5776 9
3618 5737 3773 5791 seqq.

527 5774 571 5804 ³³
597 5773 712 5823 Act.
755 5786 826 5834 Ix,
859 5773 948 5824 54.
