4078 6264
321 392 454 447 1255

1449 388 1634 458 QUOD
1675 391 1865 450 UNUS
1904 390 2014 446 SIT
2053 390 2423 446 CHRISTUS.

3432 389 3563 446 i934

313 511 485 573 θειαν,
524 507 619 561 καὶ
648 505 710 560 τὸ
752 509 860 570 τοῖς
900 507 1064 579 ἱεροῖς
1098 507 1393 580 Γράμμασι
1429 509 1621 566 δοκοῦν
1667 513 1888 582 ἰχνηλα-
1921 519 1934 573 Α

2005 523 2266 564 sacrarum
2307 508 2712 579 Scripturarum
2747 505 3054 562 auctoritati
3091 504 3439 574 acquiescere
3471 519 3566 560 vo-

308 601 425 652 τεῖν
465 592 523 651 εὖ
575 595 724 664 μάλα
762 597 1178 666 σπουδάζοντες,
1215 600 1309 653 καὶ
1349 603 1470 664 ταῖς
1513 601 1621 655 τῶν
1668 601 1892 672 πατρῶν

305 692 570 762 ἑπόμενοι
608 691 810 754 δόξαις,
836 689 926 743 τὸν
951 691 1016 743 ὲκ
1041 687 1197 762 ῥίζης
1237 692 1458 757 Ἰεσσαὶ,
1497 693 1588 747 τὸν
1627 697 1690 748 ὲκ
1720 695 1893 766 σπέρ-

304 801 484 855 ματος
513 781 700 844 Δαϐὶδ,
726 780 821 833 τὸν
851 782 914 833 ὲκ
951 780 1208 848 γυναικὸς
1243 783 1386 834 κατὰ
1418 782 1618 853 σάρκα,
1651 784 1743 836 τὸν
1774 785 1894 855 μεθ’

301 875 470 946 ⁴ἡμῶν
499 873 604 926 ὑπὸ
643 872 808 942 νόμον
846 871 922 934 ὡς
949 871 1258 942 ἄνθρωπον,
1294 875 1389 926 καὶ
1420 875 1560 944 ὑπὲρ
1587 877 1732 944 ἡμᾶς
1754 876 1896 948 ὑπὲρ

301 968 476 1037 νόμον
505 966 580 1028 ὡς
607 963 758 1028 Θεὸν,
805 963 897 1017 τὸν
921 961 988 1015 δι’
1035 965 1184 1034 ἡμᾶς
1235 981 1295 1018 τε
1339 966 1432 1019 καὶ
1465 966 1598 1035 μεθ’
1647 968 1805 1037 ἡμῶν
1837 971 1894 1022 ὲν

303 1057 546 1126 νεκροῖς,
573 1055 664 1107 τὸν
693 1053 833 1123 ὑπὲρ
852 1051 1080 1122 ἡμᾶςδι’
1104 1051 1296 1105 ἑαυτὸν
1321 1053 1582 1117 ζωοποιὸν
1603 1056 1697 1108 καὶ
1728 1055 1882 1125 ζωὴν,

303 1147 443 1201 Υἱὸν
477 1140 618 1199 εἶναι
645 1143 742 1198 τοῦ
769 1144 903 1198 Θεοῦ
935 1141 1080 1196 κατὰ
1111 1143 1370 1216 ἀλήθειαν
1399 1145 1748 1216 πιστεύομεν,
1772 1146 1891 1199 οὔτε

304 1239 596 1308 ψιλοῦντες
629 1237 882 1306 θεότητος
905 1235 966 1288 τὸ
995 1235 1359 1307 ἀνθρώπινον,
1387 1236 1512 1291 οὔτε
1542 1240 1648 1308 μὴν
1681 1237 1895 1309 ἀνθρω-

308 1328 548 1396 πότητος
577 1324 1052 1396 ἀπαμφιεννύντες
1083 1326 1176 1378 τὸν
1201 1326 1373 1395 Λόγον
1418 1327 1555 1397 μετὰ
1587 1329 1684 1397 τὴν
1721 1328 1898 1398 ἄφρα-

312 1432 445 1472 στον
472 1417 811 1487 συμπλοκὴν,
839 1416 954 1470 ἀλλ’
983 1416 1081 1469 ἕνα
1104 1417 1198 1470 καὶ.
1217 1417 1309 1470 τὸν
1328 1417 1488 1472 αὑτὸν
1508 1419 1897 1490 ὁμολογοῦντες

313 1512 468 1577 rem,
498 1511 563 1563 ἐκ
588 1510 736 1563 δυοῖν
788 1508 1160 1578 πραγμάτοιν,
1196 1510 1275 1572 εἰς
1318 1509 1376 1562 ἓν
1411 1527 1462 1563 τι
1500 1511 1562 1564 τὸ
1599 1511 1660 1576 ἐξ
1693 1513 1896 1583 ἀμφοῖν

315 1604 647 1673 ἀπορρήτως
705 1600 1068 1669 ὲκπεφηνότα,
1119 1600 1243 1655 καθ’
1291 1601 1482 1656 ἕνωσιν
1525 1603 1764 1672 δηλονότι
1797 1604 1897 1675 τὴν

317 1691 614 1753 ἀνωτάτω,
663 1689 757 1742 καὶ
801 1690 863 1742 οὐ
911 1689 1124 1758 φύσεως
1163 1695 1543 1765 παρατροπήν.
1583 1694 1746 1748 Ὅσον
1788 1695 1897 1764 γὰρ

319 1779 464 1832 οὕτω
499 1778 778 1842 δοξάζουσι
801 1779 1086 1850 περιέσται
1114 1780 1174 1832 τὸ
1199 1781 1406 1852 κέρδος,
1442 1786 1696 1852 σαφηνιεῖ
1723 1784 1897 1851 λέγων

1993 599 2194 666 lentes,
2231 609 2287 656 et
2316 600 2534 655 Patrum
2575 599 2897 660 sententiam
2935 605 3255 666 sequentes,
3295 596 3567 650 credimus

1988 707 2114 748 eum
2147 693 2238 759 qui
2269 707 2334 746 ex
2368 692 2549 746 radice
2576 691 2764 755 Jessae,
2797 689 2887 760 qui
2918 704 2984 744 ex
3015 688 3219 742 semine
3249 685 3438 747 David,
3469 686 3565 755 qui

1994 799 2057 838 ex
2099 784 2317 854 Virgine
2361 785 2657 839 secundum
2704 797 2956 845 carnem,
3003 781 3095 851 qui
3140 780 3419 834 nobiscum
3467 777 3570 832 sub

1995 873 2110 944 lege
2151 884 2234 929 est
2274 883 2331 926 ut
2375 875 2554 939 homo,
2595 883 2651 929 et
2694 889 2854 942 supra
2901 887 3017 934 nos,
3061 883 3222 943 supra
3273 865 3467 938 legem,
3511 878 3571 922 ut

1995 966 2160 1029 Deus,
2191 965 2280 1033 qui
2313 975 2532 1034 prepter
2561 979 2656 1019 nos
2688 964 2964 1018 nobiscum
2994 972 3080 1018 est
3113 964 3256 1016 inter
3287 969 3568 1024 mortuos;

1994 1056 2083 1127 qui
2114 1061 2272 1124 supra
2307 1070 2401 1110 nos
2429 1069 2525 1126 per
2547 1056 2780 1125 seipsum
2811 1064 2893 1110 est
2919 1053 3196 1107 viviﬂcans
3225 1063 3278 1106 et
3301 1053 3447 1118 vita;
3483 1066 3571 1106 re-

1995 1163 2122 1202 vera
2163 1161 2283 1202 esse
2323 1146 2519 1201 Filium
2562 1149 2675 1202 Dei.
2713 1144 2896 1214 Neque
2937 1143 3326 1196 humanitatem
3373 1141 3565 1196 divini-

1998 1247 2107 1292 tate
2151 1239 2437 1300 nudantes,
2481 1250 2655 1307 neque
2697 1249 2884 1289 rursus
2925 1243 3184 1289 eruentes
3228 1235 3572 1288 humanitate

1995 1326 2256 1393 Verbum,
2290 1339 2410 1397 post
2442 1327 2584 1380 illam
2617 1325 2940 1380 ineﬂabilem
2972 1325 3243 1394 copulam,
3278 1327 3370 1378 sed
3404 1340 3569 1378 unum

1996 1428 2154 1488 atque
2181 1424 2428 1474 eumdem
2460 1420 2774 1488 proﬁtentes
2801 1431 2925 1472 esse
2959 1415 3177 1476 Filium,
3211 1416 3300 1483 qui
3334 1429 3403 1468 ex
3439 1417 3576 1468 dua-

1995 1511 2097 1566 bus
2135 1511 2296 1566 rebus
2340 1512 2392 1564 in
2433 1526 2598 1564 unum
2644 1509 2771 1578 quid
2815 1521 2883 1562 ex
2927 1506 3190 1561 ambobus
3231 1503 3576 1558 ineti‘abiliter

1997 1604 2328 1673 apparuerit,
2367 1603 2660 1656 secundum
2699 1600 2949 1654 unionem
2992 1597 3244 1652 nimirum
3284 1611 3572 1658 summam,

1998 1709 2104 1748 non
2134 1703 2310 1747 autem
2337 1693 2632 1747 secundum
2660 1699 2866 1745 natura!
2894 1690 3274 1742 mutationem.
3295 1687 3571 1753 Quantum

1998 1786 2142 1838 enim
2187 1787 2276 1853 qui
2325 1785 2398 1838 ita
2441 1784 2684 1838 sentiunt
2726 1781 3059 1836 lucrifacturi
3103 1781 3240 1842 sint,
3282 1777 3573 1832 manifeste

322 1870 352 1919 ὁ
374 1867 608 1939 Χριστοῦ
651 1866 920 1936 μαθητής·
955 1887 973 1918 ‹
1001 1869 1096 1930 Ὃς
1129 1868 1193 1921 ἂν
1226 1871 1556 1942 ὁμολογήσῃ,
1575 1873 1656 1925 ὅτι
1689 1871 1896 1942 Ἰησοῦς
1929 1853 1934 1905 1

2005 1873 2237 1927 declarat
2269 1872 2471 1926 Christi
2505 1871 2798 1938 discipulus
2831 1872 3016 1923 dicens
3047 1885 3062 1921 :
3097 1886 3115 1916 ι
3149 1867 3408 1934 Quisquis
3438 1881 3571 1919 con«

324 1960 471 2011 ἐστιν
501 1960 527 2010 ὁ
575 1957 698 2014 Υἱὸς
730 1956 832 2020 τοῦ⁵
852 1955 1010 2023 Θεοῦ,
1062 1960 1089 2010 6
1138 1957 1270 2021 Θεὸς
1305 1961 1361 2011 ἐν
1404 1960 1554 2030 αὐτῴ
1591 1962 1762 2031 μένει,
1801 1962 1896 2016 καὶ

2005 1963 2178 2018 fessus
2211 1963 2370 2017 fuerit
2402 1966 2655 2032 quoniam
2686 1961 2842 2016 Jesus
2873 1970 2958 2013 est
2987 1959 3154 2014 Filius
3192 1959 3312 2020 Dei;
3354 1958 3492 2009 Deus
3523 1957 3576 2010 in

324 2049 486 2112 αὐτὸς
526 2050 583 2100 ἐν
623 2047 700 2117 τῷ
736 2047 872 2118 Θεῷ.
904 2067 922 2099 ι
977 2049 1098 2102 Ὀτι
1141 2048 1197 2101 δὲ
1243 2049 1448 2120 Ἰησοῦς
1476 2053 1708 2122 Χριστὸς
1751 2056 1779 2106 6
1831 2056 1896 2108 ἐκ

2005 2071 2067 2111 eo
2109 2065 2330 2118 manet,
2374 2064 2428 2108 et
2474 2055 2587 2123 ipse
2633 2054 2685 2107 in
2732 2053 2842 2107 Deo
2867 2052 2932 2105 “.
2987 2071 3007 2104 ι
3057 2050 3212 2118 Quod
3256 2064 3381 2104 vero
3422 2049 3580 2104 Jesus

324 2139 487 2192 Δαΰὶδ
513 2140 654 2192 κατὰ
687 2140 888 2211 σάρκα,
920 2140 1063 2192 κατὰ
1095 2141 1255 2209 φύσιν
1281 2142 1374 2195 καὶ
1395 2142 1610 2212 ἀληθῶς
1631 2144 1757 2208 Υἱός
1780 2147 1896 2199 ἐστι

2005 2147 2254 2202 Christus
2279 2145 2368 2215 qui
2401 2156 2481 2200 est
2510 2161 2574 2199 ex
2606 2145 2770 2199 David
2802 2145 3096 2199 secundum
3120 2157 3362 2206 carnem,
3390 2142 3457 2196 sit
3486 2156 3578 2194 na-

323 2231 416 2284 τοῦ
446 2229 604 2294 Θεοῦ,
628 2229 760 2283 καθὸ
783 2233 975 2298 γέγονε
1010 2231 1146 2303 σὰρξ
1196 2234 1224 2284 6
1247 2232 1438 2299 Λόγος,
1469 2235 1562 2286 καὶ
1590 2235 1896 2306 ἐσκήνωσεν

2008 2237 2253 2291 turaliter
2281 2251 2342 2289 ac
2373 2220 2701 2292 vere'Filius
2737 2234 2852 2300 Dei',
2887 2245 3152 2306 quatenus
3179 2232 3410 2288 Verbum
3452 2247 3581 2287 caro

329 2326 384 2376 tv
429 2325 561 2394 ἡμῖν
587 2361 600 2384 ,
666 2327 1065 2394 κατασφραγιεῖ
1106 2324 1279 2392 λέγων
1325 2326 1352 2377 6
1403 2326 1562 2394 σοφὸς
1626 2327 1899 2399 Ἰωάννης·

338 2435 356 2466 ι
379 2414 490 2467 Καὶ
524 2413 745 2484 οἴδαμεν
777 2415 858 2467 ὅτι
893 2417 921 2467 6
956 2415 1080 2479 Υἱὸς
1115 2417 1204 2469 τοῦ
1238 2416 1374 2471 Θεοῦ
1405 2419 1550 2489 ἥκει,
1578 2421 1671 2473 καὶ
1705 2420 1905 2476 ἔδωκεν

332 2506 466 2574 ἡμῖν
504 2503 763 2568 διάνοιαν,
800 2504 884 2556 ἵνα
928 2503 1286 2576 γινώσκωμεν
1326 2507 1417 2560 τὸν
1453 2507 1707 2578 ἀληθινὸν
1751 2509 1903 2572 Θεὸν,

332 2596 428 2646 καὶ
463 2593 630 2663 ἐσμὲν
660 2594 716 2645 ὲν
759 2593 836 2663 τῷ
867 2592 1127 2664 ἀληθινῷ,
1174 2596 1232 2648 ἐν
1267 2594 1345 2664 τῷ
1375 2594 1488 2665 Υἱῷ
1521 2594 1685 2648 αὐτοῦ
1727 2594 1902 2666 Ἰησοῦ

332 2683 571 2756 Χριστῷ.
599 2680 768 2747 Οὗτός
815 2685 962 2737 ἐστιν
989 2686 1016 2738 6
1043 2685 1294 2754 ἀληθινὸς
1324 2684 1456 2748 Θεὸς
1493 2685 1585 2738 καὶ
1615 2684 1728 2755 ζωὴ
1773 2685 1904 2738 αἰώ-

328 2791 460 2839 νιος,
488 2793 509 2826 ι
545 2775 637 2827 καὶ
668 2775 736 2828 δι’
769 2774 936 2828 αὑτοῦ
964 2792 1048 2840 τε,
1091 2777 1185 2828 καὶ
1216 2776 1313 2829 σὺν
1342 2774 1508 2844 αὐτῷ,
1545 2774 1622 2845 τῷ
1656 2774 1776 2845 Θεῷ
1810 2775 1907 2830 καὶ

327 2865 504 2936 Πατρὶ
542 2867 574 2935 ἡ
607 2865 734 2929 δόξα
779 2866 878 2919 σὺν
921 2865 1063 2937 ἁγίῳ
1105 2866 1403 2937 Πνεῦματι,
1434 2867 1514 2928 εἰς
1541 2866 1668 2928 τοὺς
1705 2864 1907 2929 αἰῶνας

325 2955 437 3009 τῶν
469 2954 702 3010 αἰώνων.
755 2955 947 3028 Ἀμήν.

403 3091 450 3123 ⁸⁵
473 3092 494 3147 Ι
515 3092 668 3148 Joan.
700 3108 772 3160 tv,
800 3093 886 3151 lli.
963 3093 1009 3128 ³⁸
1029 3092 1183 3150 Joan.
1218 3112 1255 3162 ι,
1290 3093 1379 3150 ιι.
1453 3095 1499 3128 ³⁸
1521 3094 1542 3150 1
1566 3092 1724 3152 Joan.
1748 3109 1806 3162 τ,
1837 3092 1929 3150 20.

2005 2327 2204 2382 factum
2242 2335 2355 2388 est,
2393 2336 2445 2379 et
2485 2327 2748 2380 habitavit
2789 2327 2843 2380 in
2887 2325 3039 2380 nobis
3063 2324 3129 2390 ",
3167 2325 3448 2379 continuat
3491 2339 3580 2378 sa-

2003 2419 2156 2486 piens
2199 2415 2288 2469 ille
2332 2414 2566 2474 Joannes
2611 2416 2798 2470 dicens
2838 2432 2851 2468 :
2900 2432 2919 2466 ι
2973 2414 3036 2468 Et
3079 2415 3284 2468 scimus
3322 2413 3578 2482 quoniam

2014 2507 2180 2562 Filius
2211 2507 2299 2560 Dei
2328 2507 2500 2570 venit,
2525 2515 2580 2560 et
2605 2505 2751 2560 dedit
2779 2504 2934 2560 nobis
2959 2520 3180 2560 sensum
3207 2516 3265 2558 ut
3291 2518 3582 2572 cognosca-

2009 2614 2129 2653 mus
2181 2613 2365 2651 vermu
2420 2596 2589 2651 De‘um
2615 2637 2631 2664 ,
2683 2605 2736 2650 et
2777 2597 2949 2651 simus
2993 2598 3046 2650 in
3100 2610 3224 2649 vero
3265 2594 3383 2664 ejus
3425 2592 3578 2647 Filio.

2011 2687 2175 2760 ⁷14
2200 2687 2297 2742 llic
2323 2698 2404 2743 est
2430 2703 2588 2742 verus
2617 2687 2777 2753 Deus,
2803 2695 2859 2740 et
2885 2688 2992 2740 vita
3018 2693 3220 2741 aeterna
3239 2684 3318 2750 ³⁶;
3356 2701 3374 2735 ι
3406 2691 3460 2738 et
3491 2697 3584 2750 per

2009 2779 2216 2848 ipsum,
2247 2788 2300 2833 et
2332 2792 2453 2833 cum
2489 2777 2604 2847 ipso
2637 2777 2745 2831 Deo
2775 2791 2837 2831 ac
2866 2775 3013 2830 Patri
3045 2775 3210 2846 gloria
3243 2789 3366 2828 cum
3398 2779 3586 2828 sancto

2013 2867 2238 2941 Spiritu,
2271 2869 2324 2924 in
2359 2868 2552 2924 saecula
2583 2869 2924 2925 saeculorum.
2955 2869 3144 2922 Amen.

364 3279 3569 3316 Μ

1522 3448 1821 3564 ΤΟΥ
1903 3441 2390 3562 ΑΥΤΟΥ

1045 3699 1340 3836 ΟΤΙ
1437 3704 1696 3830 ΕΙΣ
1783 3701 1900 3832 Ο
1994 3698 2724 3832 ΧΡΙΣΤΟΣ
2794 3695 2872 3818 ⁸.

1643 4107 2272 4221 EJUSDEM

1124 4343 1454 4451 QUOD
1534 4345 1844 4435 UNUS
1915 4344 2106 4433 SIT
2180 4342 2800 4433 CHRISTUS.

415 4681 482 4733 Δ.
522 4680 880 4752 Μαθημάτων
919 4681 1022 4753 μὲν
1057 4681 1169 4735 τῶν
1194 4681 1356 4753 ἱερῶν
1392 4684 1553 4755 κόρος
1604 4685 1669 4738 ἂν
1712 4685 1917 4754 γένοιτο

2094 4687 2383 4742 Sacrarum
2441 4684 2846 4753 disciplinarum
2903 4690 3065 4751 atque
3121 4679 3384 4735 doctrinm
3442 4677 3586 4731 nulla

325 4770 619 4836 παντελῶς
664 4773 838 4838 οὐδεὶς
889 4776 1004 4838 τοῖς
1056 4792 1119 4842 γε
1169 4776 1382 4847 άληθῶς
1445 4779 1767 4848 ἀρτίφροσι,
1824 4781 1918 4834 καὶ

328 4862 541 4933 γνῶσιν
574 4865 653 4927 εἰς
678 4865 803 4919 νοῦν
830 4867 929 4937 τὴν
957 4865 1220 4929 ζωοποιὸν
1246 4869 1688 4940 συνεγηγερκόσι.
1715 4870 1918 4941 Γέγρα-

332 4971 477 5009 πται
498 4955 626 5026 γάρ’
675 4974 693 5007 ι
724 4957 845 5010 Ὅτι
867 4957 969 5011 οὐκ
989 4959 1076 5011 ἐπ’
1107 4959 1256 5030 ἄρτῳ
1285 4960 1430 5028 μόνῳ
1457 4959 1681 5029 ζήσεται
1712 4961 1923 5031 ἄνθρω-

336 5064 470 5111 πος,
509 5047 627 5100 ἀλλ’
657 5048 752 5101 ἐπὶ
807 5050 970 5103 παντὶ
999 5051 1207 5122 ῥήματι
1231 5052 1648 5120 ἐκπορευομένῳ
1684 5049 1771 5103 διὰ
1801 5051 1923 5104 στό-

337 5152 518 5206 ματος
543 5134 700 5190 Θεοῦ.
732 5157 751 5189 ι
785 5138 972 5208 Τροφὴ
999 5140 1108 5209 γὰρ
1136 5139 1252 5205 νοῦ,
1291 5141 1320 5194 6
1344 5139 1500 5206 λόγος
1531 5141 1559 5191 6
1588 5140 1738 5209 παρὰ
1765 5138 1923 5204 Θεοῦ,

334 5223 442 5277 καὶ
465 5222 629 5293 ἄρτος
653 5226 1042 5296 πνευματικὸς,
1072 5228 1342 5296 στηρίζων
1361 5226 1646 5299 ἀνθρώπου
1675 5228 1920 5298 καρδίαν,

335 5312 487 5365 κατὰ
514 5312 576 5366 τὸ
602 5316 660 5367 ὲν
689 5315 855 5388 βίϐλῳ
886 5317 1135 5387 Ψαλμῶν
1175 5317 1526 5388 ὑμνούμενον.

417 5404 475 5458 Β.
513 5401 584 5458 Εὖ
613 5405 814 5474 λέγεις.

419 5496 482 5547 Α.
535 5495 802 5568 Ἑλλήνων
828 5501 926 5568 μὲν
974 5496 1067 5554 οὖν
1097 5505 1144 5553 οἱ
1170 5501 1320 5570 σοφοὶ
1349 5502 1443 5553 καὶ
1482 5500 1700 5570 λογάδες
1727 5501 1918 5554 τεθαυ-

437 5653 477 5684 ³⁷
508 5653 694 5708 Matth.
724 5671 793 5719 tv,
820 5656 872 5709 4.
960 5657 1002 5687 ³⁸
1028 5655 1166 5710 Psal.
1201 5671 1318 5718 cm,
1355 5657 1440 5710 l5.

2024 4779 2180 4850 plane
2208 4787 2292 4832 est
2322 4776 2579 4842 satietas,
2614 4776 2680 4830 iis
2710 4773 2801 4845 qui
2838 4787 3026 4828 revera
3061 4780 3209 4826 recte
3239 4770 3508 4832 sentiunt,
3539 4777 3595 4822 et

2025 4868 2385 4921 vivilicantem
2433 4868 2675 4920 notitiam
2726 4874 2907 4919 mente
2958 4863 3274 4917 hauserunt.
3321 4859 3592 4927 Scriptum

2027 4967 2111 5012 est
2138 4959 2283 5012 enim
2316 4975 2328 5011 :
2367 4976 2385 5009 ι
2422 4957 2555 5025 Quia
2589 4973 2692 5014 nou
2728 4957 2778 5010 in
2811 4954 2928 5008 solo
2955 4967 3092 5023 pane
3123 4952 3266 5004 vivet
3296 4951 3476 5015 homo,
3504 4948 3596 5002 sed

2028 5048 2081 5101 in
2113 5048 2256 5102 omni
2290 5048 2454 5102 verbo
2484 5047 2625 5115 quod
2659 5045 2897 5115 procedit
2927 5058 2990 5097 ex
3019 5057 3113 5096 ore
3146 5041 3238 5095 Dei
3263 5040 3326 5093 ⁸⁷.
3365 5057 3385 5090 ι
3415 5037 3600 5093 Nutri-

2028 5148 2268 5194 meutum
2297 5139 2440 5192 enim
2473 5137 2669 5191 mentis
2699 5143 2783 5188 est
2811 5134 3033 5188 verbum
3070 5133 3185 5197 Dei,
3216 5143 3269 5186 et
3300 5130 3455 5199 panis
3486 5128 3597 5199 spi-

2028 5229 2241 5284 ritualis
2265 5227 2598 5284 conﬁrmans
2622 5241 2688 5281 ac
2714 5227 2980 5280 roborans
3003 5238 3097 5278 cor
3119 5221 3384 5285 hominis;
3412 5233 3600 5289 quem-

2027 5323 2318 5378 admodum
2346 5323 2398 5376 in
2426 5319 2659 5376 Psalmis
2687 5318 2987 5374 canitur“.

2102 5411 2160 5466 Β.
2204 5411 2370 5468 Recte
2401 5412 2499 5465 ais.

2099 5502 2163 5554 A.
2205 5498 2496 5554 Gentilium
2550 5497 2764 5569 quidem
2815 5502 3084 5566 sapientes
3135 5499 3465 5546 venustatem
3523 5488 3600 5544 di-

428 5835 442 5854 ‘
479 5835 729 5906 Dialogus
762 5836 846 5890 hic
887 5836 936 5890 in
963 5836 1194 5891 editione
1222 5836 1444 5889 Aubmti
1486 5853 1767 5901 perperam
1797 5843 2109 5890 numeratur
2137 5848 2308 5889 nouns
2338 5849 2400 5888 ex
2433 5832 2517 5888 his
2556 5833 2641 5901 qui
2677 5847 2793 5887 cum
2819 5820 3033 5885 llcrtftia
3069 5829 3237 5884 habiti
3272 5837 3412 5884 sunt.
3442 5823 3594 5875 EDIT-
