4078 6264
501 319 643 375 4255
691 279 697 288 ’

1494 314 1551 372 S.
1593 313 1866 370 CYRILLI
1906 312 2370 368 ΑιιῑΧΑΝοιιιΝι
2412 311 2732 368 ARCHIEP.

3623 306 3759 362 ίὲῧσὶ

499 431 656 487 cendi
683 429 930 485 admirati
957 429 1204 495 luerunt,
1230 429 1702 500 eloquentiamque
1725 446 1936 484 summo
1960 439 2067 484 stu-

2194 431 2390 482 ιάκασι
2431 429 2501 497 τὸ,
2538 427 2848 490 καλλιεπὲς,
2911 426 3004 478 καὶ
3042 426 3150 479 τῶν
3192 425 3274 478 ὅτι
3330 421 3564 492 μάλιστα
3631 438 3758 473 κατ-

497 525 588 580 dio
615 521 889 588 all'ectant,
912 531 969 577 et
993 522 1175 578 subtili
1206 522 1490 576 verborum
1521 530 1715 575 ornatu
1743 519 2068 590 gloriantur,

498 614 871 682 orationisque
902 627 1094 682 pompa
1122 627 1185 667 ac
1216 613 1356 668 fastu
1387 612 1748 667 delectantur.
1779 613 1856 666 Ac
1885 620 2068 680 poeta-

499 722 618 760 rum
649 705 864 774 quidem
896 704 1149 760 materies
1179 715 1264 758 est
1297 704 1660 768 mendacium,
1687 703 1772 757 eui
1807 703 2074 773 rhythmis

498 797 610 851 suis
643 811 707 850 ac
741 796 980 850 numeris
1013 797 1240 864 gratiam
1277 805 1332 850 et
1362 803 1695 850 venustatem
1729 795 1948 848 addunt.
1970 792 2076 848 Ve-

500 885 681 940 ritatis
717 894 897 938 autem
930 899 1189 954 perquam
1219 885 1410 955 exigua
1444 885 1511 938 ab
1540 885 1620 938 eis
1654 885 1792 939 ratio
1824 883 2075 948 habetur,

498 977 626 1042 quin
670 981 851 1043 potius
892 989 1103 1029 summa
1139 975 1387 1031 laborant
1421 975 1599 1045 in0pia
1637 989 1781 1030 verat
1821 973 2078 1043 utilisque

499 1066 804 1129 sententiae,
833 1065 901 1120 de
934 1065 1065 1128 Deo,
1099 1067 1341 1136 inquam,
1376 1065 1705 1121 naturaliter
1733 1080 1796 1121 ac
1823 1081 1952 1120 vere
1980 1080 2079 1120 ex-

499 1157 744 1223 sistente,
773 1165 830 1211 et
863 1166 922 1211 ut
953 1156 1156 1213 Paulus
1192 1158 1367 1226 inquit
1403 1175 1416 1211 :
1454 1175 1473 1209 ι
1516 1157 1867 1212 Evanuerunt
1899 1157 1953 1210 in
1988 1170 2081 1211 co-

499 1249 849 1318 gitationibus
893 1249 1036 1313 suis,
1075 1257 1130 1303 et
1168 1249 1517 1304 obscuratum
1559 1257 1644 1302 est
1684 1247 1948 1317 insipiens
1986 1261 2082 1300 cor

501 1355 710 1396 eorum.
742 1339 994 1397 Dicentes
1022 1343 1168 1398 enim
1201 1357 1259 1396 se
1289 1356 1410 1397 esse
1439 1343 1736 1411 sapientes,
1767 1342 1916 1395 stulti
1953 1339 2079 1394 facti

502 1441 662 1496 sunt,
696 1441 747 1487 et
784 1440 1130 1488 mutaverunt
1167 1431 1396 1503 gloriam
1432 1431 1862 1500 incorruptibilis
1896 1430 1992 1484 Dei
2030 1431 2081 1484 in

503 1521 907 1578 similitudinem
938 1522 1189 1593 imaginis
1217 1521 1588 1592 corruptibilis
1618 1521 1880 1586 hominis,
1907 1529 1962 1576 et
1991 1535 2086 1575 vo-

505 1611 732 1676 lucrum,
763 1621 818 1667 et
848 1612 1281 1684 quadrupedum,
1313 1621 1366 1668 et
1398 1613 1735 1684 serpentium
1758 1613 1824 1666 ’9.
1868 1631 1886 1663 ι

579 1827 644 1882 Β.
684 1827 760 1883 lta
791 1837 895 1884 est.

573 1960 638 2014 Α.
682 1959 757 2015 De
783 1959 849 2016 iis
877 1960 1056 2029 itaque
1083 1976 1180 2032 per
1199 1978 1384 2020 vocem
1411 1964 1561 2024 Isaiae
1592 1967 1730 2024 Deus
1760 1969 1834 2024 ita
1863 1968 2040 2038 inquit
2066 1988 2080 2026 ι

508 2055 710 2111 Scitote
737 2057 861 2126 quia
885 2056 1024 2111 cinis
1047 2067 1129 2112 est
1153 2073 1246 2114 cor
1267 2073 1475 2128 eorum,
1499 2069 1549 2116 et
1576 2072 1780 2117 errant.
1804 2063 1966 2136 715
1988 2064 2086 2119 At-

506 2162 611 2216 que
643 2147 696 2201 bi
732 2148 946 2216 quidem
983 2149 1052 2202 ita
1089 2148 1263 2204 allecti
1307 2162 1451 2206 sunt.
1489 2152 1588 2218 Qui
1626 2168 1756 2208 vero
1794 2155 2083 2225 impiarum

506 2239 795 2294 haresium
838 2249 1089 2296 auctores
1123 2242 1482 2308 exstiterunt,
1523 2245 1716 2315 impuri
1755 2255 1918 2315 atque
1956 2262 2086 2316 apo-

507 2338 700 2394 stalae,
751 2330 952 2399 quique
1006 2331 1270 2386 adversus
1321 2334 1554 2388 divinam
1609 2333 1834 2404 gloriam
1887 2336 2086 2390 buccas

509 2437 636 2477 suas
680 2423 940 2491 dilatant,
987 2432 1242 2495 perversa
1299 2426 1616 2497 nefariaque
1666 2428 1986 2498 loquentes,
2030 2428 2084 2482 in

510 2516 678 2571 nihilo
706 2517 994 2584 minorem,
1023 2522 1132 2574 imo
1161 2518 1420 2589 majorem
1450 2534 1609 2589 quam
1640 2519 1891 2590 gentiles,
1919 2520 2087 2590 impe-

513 2604 692 2658 ritiam
723 2606 960 2674 prolapsi
1009 2622 1128 2662 esse
1175 2621 1490 2664 cernuntur.
1539 2609 1724 2680 Longe
1749 2612 1891 2666 enim
1919 2612 2086 2668 satius

514 2694 701 2750 [uisset
733 2711 829 2752 eos
856 2698 998 2751 viam
1029 2700 1276 2754 veritatis
1305 2716 1410 2756 non
1441 2703 1760 2772 cognovisse
1781 2745 1796 2771 ,
1827 2721 1988 2774 quam
2023 2721 2084 2760 ea

512 2786 760 2856 c0gnita,
809 2798 1105 2845 retrorsum
1161 2791 1446 2849 deﬂectere
1497 2810 1527 2848 a
1582 2805 1770 2850 sancto
1820 2806 2086 2866 praecepto

513 2880 658 2947 quod
692 2879 823 2949 ipsis
854 2882 1034 2934 datum
1067 2891 1172 2939 est.
1195 2885 1409 2939 Accidit
1439 2888 1583 2940 enim
1619 2887 1724 2942 illis
1747 2887 1900 2956 juxta
1925 2891 2090 2943 veris-

515 2971 708 3024 simum
744 2974 1086 3040 proverbium
1123 2991 1136 3027 :
1176 2992 1194 3026 ι
1231 2976 1398 3030 Canis
1434 2993 1683 3032 reversus
1715 2981 1781 3033 ad
1815 2995 1969 3034 suum
2001 2996 2088 3035 vo-

516 3062 728 3129 mitum,
762 3073 815 3118 et
836 3079 927 3120 sus
974 3064 1079 3120 lota
1103 3065 1155 3121 in
1176 3066 1684 3140 volutabrumzcmui
1710 3071 1946 3125 revoluta
1966 3071 2031 3125 ⁸ο.
2065 3091 2082 3122 ι

2107 1763 2156 1820 Β

2175 517 2634 588 εσπουδασμένων
2666 519 2794 587 παρ’
2819 516 3002 581 αὐτοῖς
3044 519 3161 569 ἐστι
3207 514 3268 568 τὸ
3297 513 3636 583 ἁλληγορείν,
3666 514 3762 564 καὶ

2173 612 2360 681 ψιλαῖς
2404 610 2666 681 ῥημάτων
2709 608 3010 678 ὲπαυχοῦσι
3062 606 3375 676 κομψείαις,
3419 605 3513 656 καὶ
3559 603 3636 673 τῷ
3665 604 3765 672 τῆς

2175 702 2376 769 λέξεως
2404 699 2796 771 ὲναϐρύνονται
2823 700 3040 770 κόμπῳ.
3099 697 3210 750 Καὶ
3233 695 3331 766 ὕλη
3367 696 3463 764 μὲν
3493 697 3766 765 ποιηταῖς,

2176 792 2238 845 τὸ
2267 791 2482 860 ψεῦδος,
2511 790 2741 862 ῥυθμοῖς
2771 791 2865 842 καὶ
2896 789 3117 859 μέτροις
3144 789 3225 852 είς
3253 786 3314 840 τὸ
3336 785 3560 856 ἐπίχαρί
3585 802 3646 837 τε
3673 785 3772 838 καὶ

2178 883 2413 953 ἐμμελὲς
2464 881 2938 954 ὲκτετορευμένον,
3005 879 3159 950 ὀλίγη
3220 878 3280 932 δὲ
3332 877 3611 939 παντελῶς
3668 876 3770 945 τῆς

2180 974 2439 1045 ἀληθείας
2463 974 2704 1046 φροντὶς,
2730 974 3120 1045 ὴρρωστήκασι
3146 971 3203 1024 δὲ
3233 971 3326 1024 καὶ
3371 971 3570 1024 σπάνιν
3595 969 3767 1038 ὀρθῆς

2180 1068 2276 1120 καὶ
2321 1067 2647 1137 ὀνησιφόρου
2695 1065 2872 1135 δόξης,
2925 1063 3024 1133 τῆς
3069 1062 3161 1118 ὲπί
3195 1079 3282 1130 γε,
3327 1061 3491 1131 φημὶ,
3522 1059 3601 1130 τῷ
3627 1057 3771 1112 κατὰ

2183 1158 2345 1228 φύσιν
2377 1158 2471 1211 καὶ
2501 1157 2718 1228 άληθῶς
2747 1156 2860 1211 ὄντι
2887 1155 3027 1226 Θεῷ,
3063 1153 3264 1224 μᾶλλον
3289 1153 3345 1206 δὲ
3379 1152 3523 1206 καθά
3550 1168 3715 1220 φησιν
3742 1151 3772 1202 ὀ

2185 1247 2473 1320 ἱερώτατος
2526 1248 2767 1310 Παῦλος·
2834 1265 2854 1299 ι
2887 1244 3341 1318 Ἐματαιώθησαν
3391 1245 3450 1296 ὲν
3491 1246 3605 1306 τοῖς
3651 1243 3772 1294 δια-

2183 1339 2462 1408 λογισμοῖς
2501 1337 2703 1403 αὐτῶν,
2745 1339 2841 1394 καὶ
2882 1336 3170 1407 ἐσκοτίσθη
3212 1337 3247 1406 ή
3285 1336 3545 1398 ἀσύνετος
3589 1333 3771 1388 αὐτῶν

2186 1430 2402 1499 καρδία.
2441 1429 2744 1493 Φάσκοντες
2786 1427 2926 1482 εἶναι
2967 1429 3142 1498 σοφοὶ,
3197 1427 3620 1498 ἐμωράνθησαν,
3675 1428 3769 1482 καὶ

2186 1521 2422 1592 ῆλλαξαν
2450 1522 2550 1592 τὴν
2571 1521 2729 1588 δόξαν
2763 1521 2859 1574 τοῦ
2893 1519 3172 1592 ἀφθάρτου
3211 1519 3350 1572 Θεοῦ
3377 1520 3435 1572 ἑν
3464 1519 3770 1590 ὁμοιώματι

2188 1613 2395 1676 εἰκόνος
2425 1612 2664 1684 φθαρτοῦ
2686 1612 2997 1684 ἀνθρώπου,
3021 1613 3118 1666 καὶ
3139 1611 3428 1680 πετεινῶν,
3459 1613 3557 1667 καὶ
3577 1629 3772 1681 τετρα-

2189 1705 2388 1769 πόδων,
2416 1707 2511 1758 καὶ
2541 1705 2808 1776 ἑρπετῶν.
2830 1724 2849 1756 ι

2264 1839 2322 1893 Β.
2378 1836 2620 1910 Ἀληθές.

2259 1971 2322 2024 Δ.
2375 1970 2521 2040 Ἔφη
2574 1969 2705 2038 γοῦν
2749 1969 2878 2039 περὶ
2921 1969 3101 2023 αὐτῶν
3147 1967 3236 2022 διὰ
3279 1969 3465 2040 φωνῆς
3514 1967 3745 2021 Ἡσαΐου

2191 2061 2355 2124 Θεός⁸
2392 2061 2431 2113 Γ
2435 2061 2573 2113 νῶτε
2617 2061 2699 2112 ὅτι
2735 2060 2928 2124 σποδὸς
2959 2062 2993 2130 ἡ
3035 2059 3236 2131 καρδία
3264 2059 3468 2124 αὐτῶν,
3501 2061 3596 2114 καὶ
3632 2060 3774 2112 πλα-

2192 2152 2409 2207 νῶνται.
2454 2151 2592 2204 Ἀλλ’
2636 2145 2737 2205 ὧδε
2774 2153 2873 2222 μὲν
2902 2152 2970 2206 τὰ
3001 2153 3244 2206 ἐκείνων.
3296 2153 3364 2204 Οἵ
3405 2168 3469 2219 γε
3521 2151 3631 2222 μὴν
3666 2152 3778 2204 τῶν

2193 2243 2421 2298 ἀνοσίων
2452 2244 2718 2314 αἱρέσεων
2750 2245 2971 2314 εὑρεταὶ
3009 2244 3316 2311 γεγονότες,
3341 2243 3414 2318 ,οἱ
3455 2240 3676 2311 βέϐηλοι
3718 2257 3781 2294 τε

2195 2337 2288 2390 καὶ
2339 2336 2660 2402 ἀποστάται,
2715 2337 2810 2388 καὶ
2864 2337 2963 2404 τῆς
3021 2335 3172 2398 θείας
3223 2334 3380 2405 δόξης
3419 2335 3482 2387 τὺ
3537 2334 3780 2406 ἀκρατὲς

2194 2430 2400 2484 ἑαυτῶν
2453 2430 2878 2498 κατευρύνοντες
2940 2430 3154 2499 στόμα,
3218 2429 3312 2483 καὶ
3375 2428 3669 2491 λαλοῦντες
3716 2427 3782 2481 τά

2193 2523 2638 2594 διεστραμμένα,
2711 2522 3161 2591 καταφωραθείεν
3221 2520 3288 2574 ἂν
3336 2519 3439 2573 οὐκ
3483 2521 3542 2572 ἐν
3596 2519 3780 2588 μείοσι

2193 2615 2432 2684 γραφαῖς
2464 2613 2564 2683 τῆς
2614 2612 2882 2684 Ἐλλήνων
2906 2611 3254 2683 ά6ελτηρίας,
3287 2610 3344 2677 ἐξ
3366 2609 3626 2672 ἀπονοίας
3656 2609 3782 2662 ὠλι-

2197 2707 2478 2778 σθηκότες,
2505 2705 2537 2776 ἦ
2563 2704 2702 2774 τάχα
2726 2720 2828 2757 που
2867 2705 2963 2758 καὶ
3012 2705 3070 2758 ὲν
3104 2706 3218 2766 τοῖς
3251 2703 3528 2757 ἐπέκεινα.
3585 2703 3782 2771 lipsi:-

2193 2814 2286 2852 τον
2308 2796 2415 2866 γάρ
2443 2791 2512 2866 ἦν
2543 2796 2726 2858 αὐτοῖς
2759 2795 2832 2865 μὴ
2857 2796 3234 2862 ἐπεγνωκέναι
3259 2793 3356 2865 τὴν
3381 2794 3501 2848 ὁδὸν
3519 2792 3622 2859 τῆς
3651 2792 3783 2861 άλη-

2196 2889 2368 2953 θείας,
2401 2889 2433 2958 ἢ
2463 2887 2852 2955 ὲπεγνωκόσιν,
2888 2887 2968 2949 εἰς
3001 2886 3070 2939 τὰ
3117 2887 3292 2941 ὀπίσω
3315 2885 3642 2955 ἀνακάμψαι
3675 2884 3784 2938 ad

2193 2981 2293 3052 τῆς
2316 2979 2558 3050 δοθείσης
2584 2980 2766 3042 αὐτοῖς
2792 2977 2954 3048 άγίας
2984 2979 3222 3048 ἐντολῆς.
3245 2978 3438 3046 Γέγονε
3460 2977 3572 3049 γὰρ
3597 2977 3783 3038 αὐτοῖς

2196 3068 2255 3122 τδ
2279 3067 2376 3139 τῆς
2402 3066 2633 3138 ἀληθοῦς
2651 3067 2970 3138 παροιμίας,
2994 3085 3014 3120 ι
3039 3069 3202 3124 Κύων
3225 3068 3564 3139 ἐπιστρέψας
3597 3068 3693 3121 ἐπὶ
3725 3067 3781 3121 τὸ

515 3155 866 3224 Blasphcmize
891 3159 1034 3212 enim
1062 3161 1111 3213 in
1136 3160 1411 3215 Christum
1437 3163 1654 3216 obuoxii
1672 3205 1685 3230 ,
1713 3165 1872 3218 veluti
1904 3173 2084 3218 truces

2194 3160 2321 3214 ἴδιον
2361 3159 2626 3231 ἐξέραμα,
2677 3161 2772 3214 καὶ
2807 3152 2869 3225 ’ὃς
2904 3160 3216 3232 λουσαμένη
3249 3163 3328 3225 είς
3364 3160 3612 3232 κύλισμα
3659 3161 3778 3239 βορο

516 3244 731 3314 quiuam
757 3257 914 3316 atque
938 3249 1197 3305 immanes
1223 3251 1355 3318 lupi,
1375 3253 1655 3307 devastaut
1678 3269 1866 3324 greges
1889 3255 2090 3321 ovium,

517 3350 614 3404 pro
647 3338 845 3406 quibus
879 3339 1128 3396 Christus
1163 3351 1412 3398 mortuus
1448 3353 1563 3409 est,
1598 3353 1651 3398 et
1682 3345 1944 3415 diripiunt
1975 3362 2095 3417 quae

518 3427 686 3492 ipsius
729 3438 886 3496 sunt,
933 3444 1315 3488 coacervantes
1345 3436 1448 3489 sibi
1495 3437 1627 3505 ipsis
1656 3453 1776 3506 qua:
1816 3454 1924 3492 non
1971 3449 2096 3495 sunt

517 3518 790 3587 ipsorum,
833 3521 972 3574 sicut
1017 3525 1276 3592 scriptum
1327 3535 1440 3591 est;
1489 3539 1543 3581 ct
1586 3539 1873 3597 gravantes
1908 3532 2094 3601 juguni

518 3609 760 3677 ipsorum
789 3609 1018 3677 fortiter,
1045 3613 1110 3665 de
1137 3614 1332 3681 quibus
1360 3619 1554 3671 merito
1584 3621 1690 3673 dici
1720 3623 1888 3689 possit
1917 3641 1930 3676 :
1964 3641 1982 3674 ι
2016 3623 2094 3677 Ex

520 3697 675 3750 nobis
707 3698 971 3764 exierunt,
997 3701 1090 3755 sed
1108 3717 1212 3755 non
1233 3712 1392 3758 erant
1419 3719 1486 3761 ex
1520 3708 1708 3771 nobis,
1751 3728 1770 3761 ι
1797 3722 2098 3778 opportunae

518 3786 661 3840 enim
699 3787 798 3841 hoc
830 3787 894 3841 de
929 3787 1254 3856 ejuscemodi
1288 3793 1596 3850 hominibus
1627 3813 1656 3850 a
1691 3799 1844 3855 nobis
1878 3801 2092 3856 dicitur.

519 3875 658 3931 Sunt
696 3879 838 3933 enim
881 3883 1122 3936 nonnulli
1165 3883 1254 3952 qui
1299 3884 1547 3954 imperite
1589 3889 1874 3944 admodum
1914 3895 2098 3964 unige-

520 3970 690 4026 nitum
720 3971 813 4024 Dei
837 3971 1070 4028 Verbum
1098 3989 1350 4044 suprema
1378 3977 1466 4032 illa
1491 3980 1811 4036 excellentia
1839 3983 2094 4052 spoliare,

517 4069 573 4113 et
610 4061 678 4114 ah
720 4063 1027 4130 mqualitate
1067 4080 1190 4120 cum
1234 4066 1343 4138 Deo
1385 4083 1448 4124 ac
1486 4068 1644 4126 Patre
1683 4073 1970 4130 excludere
2008 4091 2100 4130 co-

518 4159 738 4217 nantur,
779 4153 1294 4211 consubstantialem
1344 4159 1516 4227 ipsum
1561 4175 1682 4215 esse
1728 4175 2005 4232 negantes,
2045 4176 2099 4220 et

523 4241 823 4294 naturalem
867 4243 1344 4315 onmimodamque
1389 4249 1726 4307 identitatcm
1768 4255 1815 4308 ei
1866 4256 2100 4310 tribuere

523 4341 858 4384 recusantes.
899 4333 1002 4387 Alii
1045 4349 1172 4388 vero
1217 4336 1459 4392 eamdem
1503 4337 1619 4394 fere
1665 4352 1826 4410 atque
1869 4344 1921 4397 lii
1965 4361 2098 4414 quos

523 4422 759 4476 diximus
793 4423 933 4476 viam
971 4425 1316 4494 insistentes,
1353 4437 1516 4498 atque
1555 4431 1607 4484 in
1648 4433 1780 4486 retia
1819 4436 2009 4490 mortis
2044 4449 2098 4492 et

521 4512 770 4580 laqueum
815 4512 1012 4568 inferni
1058 4493 1313 4587 prolapsi,
1351 4493 1622 4590 Uuigenlti
1666 4526 1982 4592 mysterium
2027 4528 2093 4583 ab
2133 4493 2176 4548 θ

521 4603 994 4664 administratione
1040 4607 1092 4662 in
1141 4623 1306 4664 carne
1350 4612 1466 4666 sive
1509 4613 1878 4672 incarnatione
1921 4616 2095 4673 seclu-

521 4697 656 4749 dunt
679 4709 744 4750 ac
771 4707 1044 4765 separant,
1071 4708 1124 4754 et
1151 4701 1314 4756 simili
1347 4705 1735 4773 propemodum
1765 4715 1926 4774 atque
1951 4710 2094 4764 afﬁni

522 4803 645 4842 cum
675 4788 945 4858 prioribus
977 4791 1082 4846 illis
1111 4794 1346 4849 amentia
1377 4795 1647 4854 laborant.
1685 4799 1761 4854 llli
1795 4803 1939 4856 enim
1963 4802 2096 4857 Ver-

523 4877 651 4934 bum
688 4895 753 4935 ex
796 4882 904 4936 Deo
941 4881 1104 4939 Patre
1138 4886 1376 4956 genitum
1413 4888 1574 4943 etiam
1609 4901 1734 4946 ante
1768 4893 2096 4949 incarnatio-

524 4988 668 5034 nem,
715 4973 1014 5030 divinitatis
1059 4977 1378 5032 excellentia
1426 4990 1687 5050 quantum
1738 4983 1791 5036 in
1842 4985 1972 5054 ipsis
2017 4994 2098 5041 est

523 5065 756 5133 spoliant
804 5083 818 5120 :
873 5067 922 5121 bi
971 5084 1100 5124 vero
1149 5072 1312 5125 etiam
1361 5075 1646 5130 incarnato
1691 5074 1872 5131 Verbo
1918 5079 2096 5133 infesti

524 5163 679 5220 sunt,
723 5165 776 5211 et
821 5156 1116 5214 beneﬁcam
1164 5159 1338 5230 ipsius
1382 5163 1612 5232 gratiam
1659 5180 1764 5234 qua
1807 5167 2094 5222 humanam

525 5257 770 5300 naturam
807 5249 1118 5318 complexus
1153 5262 1260 5317 est,
1292 5262 1498 5308 tantum
1535 5271 1638 5312 non
1676 5257 1982 5327 improbant
2015 5269 2098 5313 at-

523 5352 627 5405 que
663 5339 912 5394 incusant
944 5360 957 5394 :
993 5357 1098 5396 non
1132 5354 1279 5398 recte
1309 5344 1408 5398 sibi
1441 5347 1777 5403 consuluisse
1807 5365 1929 5404 eum
1964 5366 2095 5405 con-

528 5430 806 5486 tendentes
832 5433 973 5501 quod
1001 5448 1218 5488 carnem
1249 5440 1632 5506 assumpserit,
1657 5455 1824 5510 seque
1849 5443 2096 5497 exinani-

527 5519 692 5584 verit;
725 5521 838 5576 sive
872 5523 1015 5592 quod
1051 5522 1228 5580 factus
1261 5526 1332 5580 sit
1367 5527 1546 5594 homo,
1580 5531 1829 5599 quodque
1862 5535 1912 5586 in
1950 5543 2092 5589 terra

601 5691 643 5721 ι’
668 5690 821 5746 Rom.
860 5710 894 5748 ι.
925 5697 984 5748 2|
1021 5698 1110 5753 25.
1189 5699 1232 5731 ⁸⁸
1255 5701 1291 5754 ll
1323 5700 1465 5756 Petr.
1501 5719 1560 5767 ιι,
1593 5705 1682 5770 2|,
1712 5707 1802 5760 9.2.

2196 3251 2378 3322 δόρουο
2405 3270 2422 3302 ³
2458 3253 2845 3323 Διεμερίσαντο
2874 3253 2981 3324 γὰρ
3009 3254 3106 3322 τῆς
3143 3252 3284 3305 κατὰ
3310 3251 3550 3324 Χριστοῦ
3578 3253 3775 3318 δοςςη-

2198 3343 2325 3413 μίας
2348 3342 2416 3396 τὰ
2442 3327 2609 3413 ἐγκλῆ
2619 3361 2786 3414 ματα,
2823 3343 2919 3397 καὶ
2944 3338 3032 3398 οἷά
3061 3361 3206 3407 τινες
3240 3342 3394 3396 λύκοι
3440 3343 3662 3413 δριμεῖς
3689 3340 3777 3394 καὶ

2195 3435 2406 3505 πικροὶ,
2431 3435 2862 3504 διαλυμαίνονται
2888 3438 3002 3499 τοῖς
3027 3438 3321 3507 ποιμνίοις,
3372 3436 3512 3506 ὑπὲρ
3544 3429 3623 3489 ὧν
3648 3436 3776 3507 Χρι-

2198 3525 2318 3589 στὸς
2358 3527 2618 3593 ἀπέθανε,
2654 3527 2746 3580 καὶ
2790 3528 3154 3598 διαρπάζουσι
3202 3527 3272 3581 τὰ
3339 3527 3526 3593 αὑτοῦ,
3571 3525 3781 3596 πληθύ-

2197 3633 2385 3679 νοντες
2416 3619 2736 3682 ἑαυτοῖς.τά
2756 3619 2856 3674 οὐκ
2881 3620 3009 3674 ὄντα
3033 3619 3242 3694 αὐτῶν,
3273 3620 3414 3672 καθὰ
3449 3620 3783 3689 γέγραπται,

2198 3709 2294 3761 καὶ⁹
2327 3709 2652 3780 βαρύνοντες
2678 3712 2769 3765 τὸν
2795 3712 2973 3765 κλοιὸν
3000 3712 3178 3766 αὐτῶν
3220 3712 3512 3783 στιϐαρῶς,
3555 3711 3686 3780 περὶ
3711 3705 3785 3763 ὧν

2197 3798 2264 3852 ἂν
2307 3800 2517 3868 λέγοιτο
2553 3803 2646 3855 καὶ
2678 3803 2825 3872 μάλα
2861 3805 3104 3866 εἰκότως·
3159 3822 3177 3854 ι
3213 3803 3304 3868 Ἐξ
3342 3804 3500 3873 ἡμῶν
3536 3801 3785 3872 ἐξῆλθον.

2199 3891 2312 3945 ἀλλ’
2369 3892 2470 3944 οὐκ
2533 3889 2672 3964 ἦσαν
2727 3895 2786 3960 ἐξ
2847 3895 3023 3966 ἡμῶν.
3059 3915 3078 3946 ι
3145 3894 3450 3967 Οὐγαροῦν.
3513 3893 3655 3946 Ἀλλ’
3707 3895 3785 3952 είς

2199 3981 2387 4052 καιρὸν
2418 3985 2548 4053 ἡμῖν
2577 3987 2605 4038 ὀ
2637 3987 2764 4056 περί
2796 4003 2859 4054 γε
2888 3985 2994 4038 τῶν
3023 3986 3280 4039 τοιούτων
3311 3986 3558 4056 κρίνεται
3605 3984 3776 4052 λόγος.

2199 4074 2648 4144 Κατακομίζουσι
2683 4075 2784 4145 μὲν
2823 4076 2932 4148 γὰρ
2965 4077 3242 4140 ἀσυνέτως
3285 4077 3429 4140 τινὲς
3480 4076 3574 4129 τὸν
3620 4092 3777 4146 μονο-

2199 4165 2330 4235 γενῆ
2357 4163 2448 4217 τοῦ
2505 4165 2639 4218 Θεοῦ
2681 4167 2853 4235 Λόγον
2885 4169 2984 4237 τῆς
3025 4168 3338 4239 ὑπερτάτης
3367 4167 3664 4238 ὑπεροχῆς,
3689 4167 3779 4217 καὶ

2200 4254 2590 4320 ὑποόιϐάζουσι
2615 4256 2714 4326 τῆς
2746 4259 2988 4329 ἰσότητος
3012 4263 3112 4330 τῆς
3148 4261 3284 4330 πρὸς
3313 4261 3404 4313 τὸν
3437 4261 3660 4333 Πατέρα
3689 4258 3779 4309 καὶ

2199 4345 2352 4410 Θεὸν,
2392 4347 2490 4416 οὐχ
2517 4347 2800 4416 ὀμοούσιον
2837 4345 2974 4402 εἶναι
3009 4351 3258 4419 λέγοντες
3285 4351 3469 4414 αὐτὸν,
3516 4349 3640 4402 οὔτε
3673 4348 3776 4418 μὴν

2202 4440 2404 4508 φυσικῇ
2474 4439 2567 4490 καὶ
2644 4441 3049 4512 ἀπαραλλάκτῳ
3123 4443 3414 4512 ταυτότητι
3484 4441 3782 4511 στεφανοῦν

2201 4527 2496 4590 ἐθέλοντες.
2537 4528 2757 4600 Ἕτεροι
2795 4531 2854 4582 δὲ
2896 4536 3010 4596 τοῖς
3044 4533 3455 4604 ὡνομασμένοις
3485 4534 3586 4603 τὴν
3617 4531 3783 4600 αὐτὴν

2202 4616 2390 4688 ῶσπερ
2442 4618 2726 4688 ἐρχόμενοι
2767 4622 2972 4691 τρίϐον,
3022 4626 3116 4676 καὶ
3147 4626 3229 4687 είς
3276 4625 3478 4690 παγίδα
3528 4623 3782 4684 θανάτου,

2203 4708 2295 4762 καὶ
2342 4711 2420 4772 εἰς
2457 4711 2728 4782 πέταυρον
2769 4711 2899 4782 ᾅδου
2945 4713 3470 4778 κατολισθαίνοντες,
3506 4713 3610 4782 τῆς
3651 4712 3786 4783 μετὰ

2203 4801 2407 4872 σαρκὸς
2434 4805 2746 4873 οἰκονομίας
2791 4805 2885 4859 τοῦ
2919 4807 3258 4875 Μονογενοῦς
3289 4806 3690 4879 παρευθύνουσι
3729 4805 3788 4856 τὸ

2207 4893 2528 4965 μυστήριον,
2560 4896 2654 4948 καὶ
2683 4897 2922 4968 ἀδελφὴν
2948 4898 3136 4970 ὥσπερ
3169 4901 3283 4962 τοῖς
3315 4898 3554 4968 πρώτοις
3597 4899 3785 4965 ἐπιτη-

2203 4983 2418 5038 δεύουσι
2459 4987 2558 5057 τὴν
2595 4990 2872 5045 ἀπόνοιαν.
2919 4995 2983 5046 Οἱ
3018 4995 3117 5064 μὲν
3149 4995 3280 5066 γὰρ,
3316 4993 3468 5048 οὔπω
3501 4989 3784 5063 σεσαρκω-

2207 5073 2368 5142 μένον
2415 5074 2509 5128 τὸν
2555 5077 2621 5130 ὲκ
2663 5079 2800 5132 Θεοῦ
2842 5081 3052 5153 Πατρὸς
3088 5082 3264 5151 φύντα
3294 5083 3484 5148 Λόγον,
3535 5083 3643 5135 τῶν
3687 5082 3785 5150 τῆς

2205 5161 2457 5234 θεότητος
2492 5167 2802 5239 ὑψωμάτων
2849 5175 3129 5244 μονονουχὶ
3169 5174 3594 5245 κατασύροντες.
3623 5173 3684 5225 τό
3719 5189 3783 5239 γε

2202 5251 2336 5326 ἧκον
2367 5259 2452 5310 ἐπ’
2485 5260 2689 5326 αὐτοῖς,
2722 5262 2902 5318 ἁλοῖεν
2931 5265 2995 5317 ἄν
3017 5279 3030 5293 ·
3067 5266 3115 5316 οί
3143 5265 3221 5332 δὲ,
3259 5268 3353 5319 καὶ
3380 5264 3782 5335 σεσαρκωμένῳ

2206 5350 2461 5420 πολεμεῖν
2508 5352 2804 5421 ἐγνώκασι,
2852 5357 3134 5426 μονονουχὶ
3179 5357 3273 5409 καὶ
3302 5356 3680 5428 ,ἐπιτιμῶντες
3732 5354 3780 5404 οἱ

2204 5440 2423 5510 θρασεῖς
2465 5447 2531 5514 τῇ
2587 5445 2953 5517 φιλανθρώπῳ
3017 5448 3220 5518 χάριτι,
3272 5448 3372 5500 οὐκ
3420 5447 3553 5515 ὀρθά
3595 5445 3778 5514 βεϐου-

2201 5532 2423 5588 λεῦσθαι
2460 5536 2600 5607 τάχα
2641 5553 2741 5591 που
2789 5537 3199 5609 διατεινόμενοι,
3240 5539 3327 5594 διὰ
3361 5539 3418 5592 τὸ
3457 5533 3778 5607 ἀνασχέσθαι
