  <div class='ocr_page' id='page_1' title='image "/cluster/home/n/w/nwhite01/storage/ocr_20150623/75/mdp.39015078384495/636.png"; bbox 0 0 4078 6264; ppageno 0'>
   <div class='ocr_carea' id='block_1_1' title="bbox 348 357 3624 430">
    <p class='ocr_par' dir='ltr' id='par_1_1' title="bbox 348 357 3624 430">
     <span class='ocr_line' id='line_1_1' title="bbox 348 357 3624 430; baseline 0.002 -10"><span class='ocrx_word' id='word_1_1' title='bbox 348 363 487 422; x_wconf 69' lang='lat'><strong>1251</strong></span> <span class='ocrx_word' id='word_1_2' title='bbox 1511 357 1700 428; x_wconf 81' lang='lat' dir='ltr'><strong>QUOD</strong></span> <span class='ocrx_word' id='word_1_3' title='bbox 1741 361 1930 420; x_wconf 72' lang='grc' dir='ltr'><strong>ΗΝυὸ</strong></span> <span class='ocrx_word' id='word_1_4' title='bbox 1972 362 2078 420; x_wconf 85' lang='lat' dir='ltr'><strong>SIT</strong></span> <span class='ocrx_word' id='word_1_5' title='bbox 2119 365 2486 427; x_wconf 71' lang='lat' dir='ltr'><strong>CHRISTUS.</strong></span> <span class='ocrx_word' id='word_1_6' title='bbox 3487 365 3624 430; x_wconf 68' lang='lat'><strong>1258</strong></span> 
     </span>
    </p>
   </div>
   <div class='ocr_carea' id='block_1_2' title="bbox 344 475 1954 555">
    <p class='ocr_par' dir='ltr' id='par_1_2' title="bbox 344 475 1936 552">
     <span class='ocr_line' id='line_1_2' title="bbox 344 475 1936 552; baseline 0.003 -22"><span class='ocrx_word' id='word_1_7' title='bbox 344 477 572 550; x_wconf 82' lang='grc' dir='ltr'>σαρκὸς,</span> <span class='ocrx_word' id='word_1_8' title='bbox 616 477 709 530; x_wconf 79' lang='grc' dir='ltr'><strong>καὶ</strong></span> <span class='ocrx_word' id='word_1_9' title='bbox 751 475 860 530; x_wconf 83' lang='grc' dir='ltr'>τῶν</span> <span class='ocrx_word' id='word_1_10' title='bbox 897 475 996 548; x_wconf 84' lang='grc' dir='ltr'>τῆς</span> <span class='ocrx_word' id='word_1_11' title='bbox 1029 477 1310 541; x_wconf 79' lang='grc' dir='ltr'><strong>κενώσεως</strong></span> <span class='ocrx_word' id='word_1_12' title='bbox 1359 479 1598 552; x_wconf 77' lang='grc' dir='ltr'>μέτρων,</span> <span class='ocrx_word' id='word_1_13' title='bbox 1648 481 1814 552; x_wconf 77' lang='grc' dir='ltr'>ἥγουν</span> <span class='ocrx_word' id='word_1_14' title='bbox 1855 483 1936 535; x_wconf 79' lang='grc' dir='ltr'>ὅτι</span> 
     </span>
    </p>
   </div>
   <div class='ocr_carea' id='block_1_3' title="bbox 2011 475 3621 555">
    <p class='ocr_par' dir='ltr' id='par_1_3' title="bbox 2011 486 3621 555">
     <span class='ocr_line' id='line_1_3' title="bbox 2011 486 3621 555; baseline 0.006 -18"><span class='ocrx_word' id='word_1_15' title='bbox 2011 533 2016 544; x_wconf 81' lang='grc'><strong>,</strong></span> <span class='ocrx_word' id='word_1_16' title='bbox 2047 487 2376 555; x_wconf 82' lang='lat' dir='ltr'><strong>apparuerit,</strong></span> <span class='ocrx_word' id='word_1_17' title='bbox 2401 496 2598 542; x_wconf 90' lang='lat' dir='ltr'><strong>etcum</strong></span> <span class='ocrx_word' id='word_1_18' title='bbox 2623 486 2935 544; x_wconf 85' lang='lat' dir='ltr'><strong>hominibus</strong></span> <span class='ocrx_word' id='word_1_19' title='bbox 2955 495 3204 546; x_wconf 83' lang='lat' dir='ltr'><strong>versatus</strong></span> <span class='ocrx_word' id='word_1_20' title='bbox 3227 489 3320 552; x_wconf 85' lang='lat' dir='ltr'><strong>sit,</strong></span> <span class='ocrx_word' id='word_1_21' title='bbox 3343 503 3466 546; x_wconf 91' lang='lat' dir='ltr'><strong>cum</strong></span> <span class='ocrx_word' id='word_1_22' title='bbox 3492 491 3621 546; x_wconf 84' lang='lat' dir='ltr'><strong>alio-</strong></span> 
     </span>
    </p>
   </div>
   <div class='ocr_carea' id='block_1_4' title="bbox 342 557 1952 643">
    <p class='ocr_par' dir='ltr' id='par_1_4' title="bbox 342 557 1936 643">
     <span class='ocr_line' id='line_1_4' title="bbox 342 557 1936 643; baseline 0.003 -21"><span class='ocrx_word' id='word_1_23' title='bbox 342 572 565 639; x_wconf 79' lang='grc' dir='ltr'>γὲγονεν</span> <span class='ocrx_word' id='word_1_24' title='bbox 609 567 918 639; x_wconf 78' lang='grc' dir='ltr'>ἄνθρωπος,</span> <span class='ocrx_word' id='word_1_25' title='bbox 957 570 1052 622; x_wconf 78' lang='grc' dir='ltr'>καὶ</span> <span class='ocrx_word' id='word_1_26' title='bbox 1088 571 1182 623; x_wconf 72' lang='grc' dir='ltr'><strong>ἐπὶ</strong></span> <span class='ocrx_word' id='word_1_27' title='bbox 1217 571 1321 642; x_wconf 77' lang='grc' dir='ltr'>τῆς</span> <span class='ocrx_word' id='word_1_28' title='bbox 1351 574 1452 642; x_wconf 86' lang='grc' dir='ltr'>γῆς</span> <span class='ocrx_word' id='word_1_29' title='bbox 1481 557 1658 643; x_wconf 76' lang='grc' dir='ltr'>ὤφθη.</span> <span class='ocrx_word' id='word_1_30' title='bbox 1707 575 1798 626; x_wconf 74' lang='grc' dir='ltr'>καὶ</span> <span class='ocrx_word' id='word_1_31' title='bbox 1827 579 1936 637; x_wconf 73' lang='grc' dir='ltr'>τοῖς</span> 
     </span>
    </p>
   </div>
   <div class='ocr_carea' id='block_1_5' title="bbox 1617 557 3227 643">
    <p class='ocr_par' dir='ltr' id='par_1_5' title="bbox 1617 557 3227 643">
     <span class='ocr_line' id='line_1_5' title="bbox 1617 557 3227 643; baseline 0.006 -17"><span class='ocrx_word' id='word_1_32' title='bbox 1617 557 1658 643; x_wconf 63' lang='grc' dir='ltr'>η,</span> <span class='ocrx_word' id='word_1_33' title='bbox 1707 575 1798 626; x_wconf 74' lang='grc' dir='ltr'>καὶ</span> <span class='ocrx_word' id='word_1_34' title='bbox 1827 579 1936 637; x_wconf 70' lang='grc' dir='ltr'>τοῖς,</span> <span class='ocrx_word' id='word_1_35' title='bbox 2043 577 2132 643; x_wconf 88' lang='lat' dir='ltr'><strong>qui</strong></span> <span class='ocrx_word' id='word_1_36' title='bbox 2161 577 2232 632; x_wconf 89' lang='lat' dir='ltr'><strong>sit</strong></span> <span class='ocrx_word' id='word_1_37' title='bbox 2264 588 2452 632; x_wconf 86' lang='lat' dir='ltr'><strong>natura</strong></span> <span class='ocrx_word' id='word_1_38' title='bbox 2481 577 2652 643; x_wconf 88' lang='lat' dir='ltr'><strong>Deus,</strong></span> <span class='ocrx_word' id='word_1_39' title='bbox 2679 589 2734 634; x_wconf 88' lang='lat' dir='ltr'><strong>et</strong></span> <span class='ocrx_word' id='word_1_40' title='bbox 2762 578 2937 636; x_wconf 75' lang='lat' dir='ltr'><strong>i‘atris</strong></span> <span class='ocrx_word' id='word_1_41' title='bbox 2963 595 3227 636; x_wconf 81' lang='lat' dir='ltr'><strong>assessor.</strong></span> 
     </span>
    </p>
   </div>
   <div class='ocr_carea' id='block_1_6' title="bbox 338 659 1936 732">
    <p class='ocr_par' dir='ltr' id='par_1_6' title="bbox 338 659 1936 732">
     <span class='ocr_line' id='line_1_6' title="bbox 338 659 1936 732; baseline 0.001 -19"><span class='ocrx_word' id='word_1_42' title='bbox 338 661 656 732; x_wconf 79' lang='grc' dir='ltr'>ἀνθρώποις</span> <span class='ocrx_word' id='word_1_43' title='bbox 689 659 1129 730; x_wconf 80' lang='grc' dir='ltr'>συνανεστράφη,</span> <span class='ocrx_word' id='word_1_44' title='bbox 1163 661 1340 716; x_wconf 87' lang='grc' dir='ltr'>καίτοι</span> <span class='ocrx_word' id='word_1_45' title='bbox 1372 663 1502 726; x_wconf 84' lang='grc' dir='ltr'>Θεὸς</span> <span class='ocrx_word' id='word_1_46' title='bbox 1521 663 1596 716; x_wconf 83' lang='grc' dir='ltr'><strong>ὢν</strong></span> <span class='ocrx_word' id='word_1_47' title='bbox 1629 662 1810 732; x_wconf 84' lang='grc' dir='ltr'>φύσει,</span> <span class='ocrx_word' id='word_1_48' title='bbox 1846 664 1936 716; x_wconf 72' lang='grc' dir='ltr'><strong>καὶ</strong></span> 
     </span>
    </p>
   </div>
   <div class='ocr_carea' id='block_1_7' title="bbox 339 750 2128 836">
    <p class='ocr_par' dir='ltr' id='par_1_7' title="bbox 339 750 2128 836">
     <span class='ocr_line' id='line_1_7' title="bbox 339 750 2128 836; baseline -0.001 -32"><span class='ocrx_word' id='word_1_49' title='bbox 339 751 598 822; x_wconf 80' lang='grc' dir='ltr'><strong>σύνεδρος</strong></span> <span class='ocrx_word' id='word_1_50' title='bbox 625 750 704 820; x_wconf 85' lang='grc' dir='ltr'>τῷ</span> <span class='ocrx_word' id='word_1_51' title='bbox 738 750 933 820; x_wconf 88' lang='grc' dir='ltr'>Πατρί.</span> <span class='ocrx_word' id='word_1_52' title='bbox 2123 831 2128 836; x_wconf 23' lang='grc' dir='ltr'><strong>ι</strong></span> 
     </span>
    </p>
   </div>
   <div class='ocr_carea' id='block_1_8' title="bbox 406 841 2016 932">
    <p class='ocr_par' dir='ltr' id='par_1_8' title="bbox 406 841 1070 911">
     <span class='ocr_line' id='line_1_8' title="bbox 406 841 1070 911; baseline 0.002 -17"><span class='ocrx_word' id='word_1_53' title='bbox 406 844 472 896; x_wconf 89' lang='grc' dir='ltr'><strong>Β.</strong></span> <span class='ocrx_word' id='word_1_54' title='bbox 510 843 686 911; x_wconf 82' lang='grc' dir='ltr'>Ἐφης</span> <span class='ocrx_word' id='word_1_55' title='bbox 733 841 832 910; x_wconf 78' lang='grc' dir='ltr'>μὲν</span> <span class='ocrx_word' id='word_1_56' title='bbox 871 841 1070 911; x_wconf 80' lang='grc' dir='ltr'>ὀρθῶς.</span> 
     </span>
    </p>
   </div>
   <div class='ocr_carea' id='block_1_9' title="bbox 1763 841 3373 932">
    <p class='ocr_par' dir='ltr' id='par_1_9' title="bbox 2110 841 3373 932">
     <span class='ocr_line' id='line_1_9' title="bbox 2110 841 3373 932; baseline 0.013 -34"><span class='ocrx_word' id='word_1_57' title='bbox 2110 841 2170 898; x_wconf 81' lang='grc' dir='ltr'><strong>Β.</strong></span> <span class='ocrx_word' id='word_1_58' title='bbox 2212 844 2378 901; x_wconf 80' lang='lat' dir='ltr'><strong>Recte</strong></span> <span class='ocrx_word' id='word_1_59' title='bbox 2409 846 2626 916; x_wconf 81' lang='lat' dir='ltr'><strong>quidem</strong></span> <span class='ocrx_word' id='word_1_60' title='bbox 2661 847 2814 908; x_wconf 86' lang='lat' dir='ltr'><strong>dicis.</strong></span> <span class='ocrx_word' id='word_1_61' title='bbox 3177 859 3181 861; x_wconf 80' lang='grc'><strong>’</strong></span> <span class='ocrx_word' id='word_1_62' title='bbox 3371 930 3373 932; x_wconf 21' lang='grc' dir='ltr'><strong>η</strong></span> 
     </span>
    </p>
   </div>
   <div class='ocr_carea' id='block_1_10' title="bbox 404 931 2014 1018">
    <p class='ocr_par' dir='ltr' id='par_1_10' title="bbox 404 931 1934 1010">
     <span class='ocr_line' id='line_1_10' title="bbox 404 931 1934 1010; baseline 0.003 -22"><span class='ocrx_word' id='word_1_63' title='bbox 404 938 472 988; x_wconf 82' lang='grc' dir='ltr'><strong>Α.</strong></span> <span class='ocrx_word' id='word_1_64' title='bbox 509 931 1000 1003; x_wconf 77' lang='grc' dir='ltr'>Κατακεκρὰξεται</span> <span class='ocrx_word' id='word_1_65' title='bbox 1027 937 1071 988; x_wconf 73' lang='grc' dir='ltr'>δ’</span> <span class='ocrx_word' id='word_1_66' title='bbox 1097 932 1190 990; x_wconf 84' lang='grc' dir='ltr'><strong>οῦν</strong></span> <span class='ocrx_word' id='word_1_67' title='bbox 1217 937 1317 1006; x_wconf 83' lang='grc' dir='ltr'>τῆς</span> <span class='ocrx_word' id='word_1_68' title='bbox 1352 939 1410 991; x_wconf 87' lang='grc' dir='ltr'>ὲν</span> <span class='ocrx_word' id='word_1_69' title='bbox 1440 940 1648 1010; x_wconf 83' lang='grc' dir='ltr'><strong>ἀμφοῖν</strong></span> <span class='ocrx_word' id='word_1_70' title='bbox 1693 941 1934 1010; x_wconf 77' lang='grc' dir='ltr'><strong>ἀμαθίας</strong></span> 
     </span>
    </p>
   </div>
   <div class='ocr_carea' id='block_1_11' title="bbox 2011 931 3621 1018">
    <p class='ocr_par' dir='ltr' id='par_1_11' title="bbox 2110 936 3621 1018">
     <span class='ocr_line' id='line_1_11' title="bbox 2110 936 3621 1018; baseline 0.009 -30"><span class='ocrx_word' id='word_1_71' title='bbox 2110 937 2174 989; x_wconf 84' lang='grc' dir='ltr'><strong>Α.</strong></span> <span class='ocrx_word' id='word_1_72' title='bbox 2218 936 2496 992; x_wconf 86' lang='lat' dir='ltr'><strong>Occlamat</strong></span> <span class='ocrx_word' id='word_1_73' title='bbox 2527 953 2658 994; x_wconf 89' lang='lat' dir='ltr'><strong>vero</strong></span> <span class='ocrx_word' id='word_1_74' title='bbox 2693 940 2977 996; x_wconf 85' lang='lat' dir='ltr'><strong>amborum</strong></span> <span class='ocrx_word' id='word_1_75' title='bbox 3017 941 3299 1012; x_wconf 67' lang='lat' dir='ltr'><strong>imperitiae</strong></span> <span class='ocrx_word' id='word_1_76' title='bbox 3341 941 3621 1018; x_wconf 77' lang='lat' dir='ltr'><strong>Scriptura</strong></span> 
     </span>
    </p>
   </div>
   <div class='ocr_carea' id='block_1_12' title="bbox 331 1025 1941 1102">
    <p class='ocr_par' dir='ltr' id='par_1_12' title="bbox 331 1027 1934 1102">
     <span class='ocr_line' id='line_1_12' title="bbox 331 1027 1934 1102; baseline 0.004 -22"><span class='ocrx_word' id='word_1_77' title='bbox 331 1029 362 1097; x_wconf 88' lang='grc' dir='ltr'><strong>ή</strong></span> <span class='ocrx_word' id='word_1_78' title='bbox 407 1027 770 1090; x_wconf 78' lang='grc' dir='ltr'><strong>θεόπνευστος</strong></span> <span class='ocrx_word' id='word_1_79' title='bbox 823 1029 1039 1100; x_wconf 82' lang='grc' dir='ltr'>Γραφὴ,</span> <span class='ocrx_word' id='word_1_80' title='bbox 1091 1031 1473 1099; x_wconf 71' lang='grc' dir='ltr'>πρεσϐεύουσα</span> <span class='ocrx_word' id='word_1_81' title='bbox 1523 1031 1792 1102; x_wconf 83' lang='grc' dir='ltr'>τάληθὲς,</span> <span class='ocrx_word' id='word_1_82' title='bbox 1839 1035 1934 1086; x_wconf 68' lang='grc' dir='ltr'><strong>κα)⁸</strong></span> 
     </span>
    </p>
   </div>
   <div class='ocr_carea' id='block_1_13' title="bbox 2011 1025 3621 1102">
    <p class='ocr_par' dir='ltr' id='par_1_13' title="bbox 2038 1025 3621 1102">
     <span class='ocr_line' id='line_1_13' title="bbox 2038 1025 3621 1102; baseline 0.009 -24"><span class='ocrx_word' id='word_1_83' title='bbox 2038 1025 2296 1082; x_wconf 87' lang='lat' dir='ltr'><strong>divinitus</strong></span> <span class='ocrx_word' id='word_1_84' title='bbox 2347 1027 2646 1098; x_wconf 71' lang='lat' dir='ltr'><strong>inspirata,</strong></span> <span class='ocrx_word' id='word_1_85' title='bbox 2708 1032 2994 1086; x_wconf 76' lang='lat' dir='ltr'><strong>veritatem</strong></span> <span class='ocrx_word' id='word_1_86' title='bbox 3061 1033 3216 1088; x_wconf 90' lang='lat' dir='ltr'><strong>nobis</strong></span> <span class='ocrx_word' id='word_1_87' title='bbox 3268 1034 3621 1102; x_wconf 72' lang='lat' dir='ltr'><strong>edisserens,</strong></span> 
     </span>
    </p>
   </div>
   <div class='ocr_carea' id='block_1_14' title="bbox 332 1117 1942 1201">
    <p class='ocr_par' dir='ltr' id='par_1_14' title="bbox 332 1117 1934 1192">
     <span class='ocr_line' id='line_1_14' title="bbox 332 1117 1934 1192; baseline 0.003 -22"><span class='ocrx_word' id='word_1_88' title='bbox 332 1119 424 1170; x_wconf 70' lang='grc' dir='ltr'><strong>τὸν</strong></span> <span class='ocrx_word' id='word_1_89' title='bbox 464 1118 562 1186; x_wconf 80' lang='grc' dir='ltr'><strong>μὲν</strong></span> <span class='ocrx_word' id='word_1_90' title='bbox 607 1117 718 1188; x_wconf 79' lang='grc' dir='ltr'><strong>γὰρ</strong></span> <span class='ocrx_word' id='word_1_91' title='bbox 779 1119 1011 1181; x_wconf 84' lang='grc' dir='ltr'>ἐκείνοις</span> <span class='ocrx_word' id='word_1_92' title='bbox 1054 1118 1210 1187; x_wconf 81' lang='grc' dir='ltr'>λόγον</span> <span class='ocrx_word' id='word_1_93' title='bbox 1257 1121 1466 1192; x_wconf 84' lang='grc' dir='ltr'>ἀδρανῆ</span> <span class='ocrx_word' id='word_1_94' title='bbox 1517 1123 1610 1175; x_wconf 81' lang='grc' dir='ltr'>καὶ</span> <span class='ocrx_word' id='word_1_95' title='bbox 1651 1122 1934 1192; x_wconf 84' lang='grc' dir='ltr'>ἀσύφηλον</span> 
     </span>
    </p>
   </div>
   <div class='ocr_carea' id='block_1_15' title="bbox 2009 1117 3619 1201">
    <p class='ocr_par' dir='ltr' id='par_1_15' title="bbox 2037 1119 3619 1192">
     <span class='ocr_line' id='line_1_15' title="bbox 2037 1119 3619 1192; baseline 0.006 -20"><span class='ocrx_word' id='word_1_96' title='bbox 2037 1129 2200 1188; x_wconf 81' lang='lat' dir='ltr'><strong>atque</strong></span> <span class='ocrx_word' id='word_1_97' title='bbox 2236 1119 2447 1174; x_wconf 84' lang='lat' dir='ltr'><strong>illorum</strong></span> <span class='ocrx_word' id='word_1_98' title='bbox 2473 1121 2692 1192; x_wconf 87' lang='lat' dir='ltr'><strong>quidem</strong></span> <span class='ocrx_word' id='word_1_99' title='bbox 2727 1123 2966 1178; x_wconf 86' lang='lat' dir='ltr'><strong>rationes</strong></span> <span class='ocrx_word' id='word_1_100' title='bbox 2993 1139 3159 1180; x_wconf 89' lang='lat' dir='ltr'><strong>vanas</strong></span> <span class='ocrx_word' id='word_1_101' title='bbox 3184 1141 3248 1180; x_wconf 91' lang='lat' dir='ltr'><strong>ac</strong></span> <span class='ocrx_word' id='word_1_102' title='bbox 3269 1127 3495 1184; x_wconf 88' lang='lat' dir='ltr'><strong>stolidas</strong></span> <span class='ocrx_word' id='word_1_103' title='bbox 3526 1131 3619 1182; x_wconf 88' lang='lat' dir='ltr'><strong>dc-</strong></span> 
     </span>
    </p>
   </div>
   <div class='ocr_carea' id='block_1_16' title="bbox 331 1198 1941 1286">
    <p class='ocr_par' dir='ltr' id='par_1_16' title="bbox 331 1209 1928 1284">
     <span class='ocr_line' id='line_1_16' title="bbox 331 1209 1928 1284; baseline 0.003 -25"><span class='ocrx_word' id='word_1_104' title='bbox 331 1209 738 1276; x_wconf 67' lang='grc' dir='ltr'>ἁποφαίνουσα,</span> <span class='ocrx_word' id='word_1_105' title='bbox 766 1210 1035 1276; x_wconf 81' lang='grc' dir='ltr'>ἐφιστᾶσα</span> <span class='ocrx_word' id='word_1_106' title='bbox 1061 1210 1118 1262; x_wconf 81' lang='grc' dir='ltr'>δὲ</span> <span class='ocrx_word' id='word_1_107' title='bbox 1141 1214 1260 1274; x_wconf 81' lang='grc' dir='ltr'>ταῖς</span> <span class='ocrx_word' id='word_1_108' title='bbox 1288 1213 1388 1281; x_wconf 76' lang='grc' dir='ltr'>τῆς</span> <span class='ocrx_word' id='word_1_109' title='bbox 1417 1211 1671 1283; x_wconf 78' lang='grc' dir='ltr'><strong>θεότητος</strong></span> <span class='ocrx_word' id='word_1_110' title='bbox 1699 1215 1928 1284; x_wconf 76' lang='grc' dir='ltr'>τρίϐοις,</span> 
     </span>
    </p>
   </div>
   <div class='ocr_carea' id='block_1_17' title="bbox 2011 1198 3621 1286">
    <p class='ocr_par' dir='ltr' id='par_1_17' title="bbox 2036 1198 3621 1286">
     <span class='ocr_line' id='line_1_17' title="bbox 2036 1198 3621 1286; baseline 0.009 -24"><span class='ocrx_word' id='word_1_111' title='bbox 2036 1209 2251 1264; x_wconf 84' lang='lat' dir='ltr'><strong>clarans</strong></span> <span class='ocrx_word' id='word_1_112' title='bbox 2284 1251 2299 1274; x_wconf 93' lang='lat'><strong>,</strong></span> <span class='ocrx_word' id='word_1_113' title='bbox 2322 1198 2488 1286; x_wconf 63' lang='lat'><strong>&quot;716</strong></span> <span class='ocrx_word' id='word_1_114' title='bbox 2516 1227 2610 1267; x_wconf 88' lang='lat' dir='ltr'><strong>eos</strong></span> <span class='ocrx_word' id='word_1_115' title='bbox 2640 1199 2770 1268; x_wconf 87' lang='lat' dir='ltr'><strong>vero</strong></span> <span class='ocrx_word' id='word_1_116' title='bbox 2806 1215 2896 1282; x_wconf 86' lang='lat' dir='ltr'><strong>qui</strong></span> <span class='ocrx_word' id='word_1_117' title='bbox 2930 1216 3114 1270; x_wconf 84' lang='lat' dir='ltr'><strong>subtili</strong></span> <span class='ocrx_word' id='word_1_118' title='bbox 3159 1227 3324 1286; x_wconf 88' lang='lat' dir='ltr'><strong>atque</strong></span> <span class='ocrx_word' id='word_1_119' title='bbox 3360 1235 3621 1276; x_wconf 89' lang='lat' dir='ltr'><strong>accurato</strong></span> 
     </span>
    </p>
   </div>
   <div class='ocr_carea' id='block_1_18' title="bbox 333 1299 1943 1376">
    <p class='ocr_par' dir='ltr' id='par_1_18' title="bbox 333 1299 1929 1376">
     <span class='ocr_line' id='line_1_18' title="bbox 333 1299 1929 1376; baseline 0.005 -26"><span class='ocrx_word' id='word_1_120' title='bbox 333 1299 462 1362; x_wconf 74' lang='grc' dir='ltr'>τοὺς</span> <span class='ocrx_word' id='word_1_121' title='bbox 508 1299 674 1370; x_wconf 81' lang='grc' dir='ltr'>ίσχνῷ</span> <span class='ocrx_word' id='word_1_122' title='bbox 721 1317 782 1351; x_wconf 86' lang='grc' dir='ltr'><strong>τε</strong></span> <span class='ocrx_word' id='word_1_123' title='bbox 833 1301 928 1354; x_wconf 83' lang='grc' dir='ltr'>καὶ</span> <span class='ocrx_word' id='word_1_124' title='bbox 987 1301 1209 1371; x_wconf 78' lang='grc' dir='ltr'>ἀκριὸεἴ</span> <span class='ocrx_word' id='word_1_125' title='bbox 1246 1303 1486 1367; x_wconf 76' lang='grc' dir='ltr'>διανοίας</span> <span class='ocrx_word' id='word_1_126' title='bbox 1534 1304 1742 1376; x_wconf 74' lang='grc' dir='ltr'>ὄμματι</span> <span class='ocrx_word' id='word_1_127' title='bbox 1795 1323 1929 1360; x_wconf 81' lang='grc' dir='ltr'>κατ-</span> 
     </span>
    </p>
   </div>
   <div class='ocr_carea' id='block_1_19' title="bbox 2005 1299 3615 1376">
    <p class='ocr_par' dir='ltr' id='par_1_19' title="bbox 2035 1304 3615 1376">
     <span class='ocr_line' id='line_1_19' title="bbox 2035 1304 3615 1376; baseline 0.009 -23"><span class='ocrx_word' id='word_1_128' title='bbox 2035 1304 2234 1358; x_wconf 90' lang='lat' dir='ltr'><strong>mentis</strong></span> <span class='ocrx_word' id='word_1_129' title='bbox 2257 1306 2416 1358; x_wconf 84' lang='lat' dir='ltr'><strong>oculo</strong></span> <span class='ocrx_word' id='word_1_130' title='bbox 2447 1305 2767 1375; x_wconf 82' lang='lat' dir='ltr'><strong>mysterium</strong></span> <span class='ocrx_word' id='word_1_131' title='bbox 2801 1306 2941 1376; x_wconf 88' lang='lat' dir='ltr'><strong>quod</strong></span> <span class='ocrx_word' id='word_1_132' title='bbox 2980 1308 3032 1362; x_wconf 92' lang='lat' dir='ltr'><strong>in</strong></span> <span class='ocrx_word' id='word_1_133' title='bbox 3065 1309 3167 1364; x_wconf 94' lang='lat' dir='ltr'><strong>hoc</strong></span> <span class='ocrx_word' id='word_1_134' title='bbox 3204 1311 3334 1366; x_wconf 88' lang='lat' dir='ltr'><strong>latet</strong></span> <span class='ocrx_word' id='word_1_135' title='bbox 3366 1325 3615 1371; x_wconf 91' lang='lat' dir='ltr'><strong>contem-</strong></span> 
     </span>
    </p>
   </div>
   <div class='ocr_carea' id='block_1_20' title="bbox 333 1385 1943 1467">
    <p class='ocr_par' dir='ltr' id='par_1_20' title="bbox 333 1385 1542 1466">
     <span class='ocr_line' id='line_1_20' title="bbox 333 1385 1542 1466; baseline 0.007 -26"><span class='ocrx_word' id='word_1_136' title='bbox 333 1385 526 1455; x_wconf 75' lang='lat' dir='ltr'><strong>aOp:Ev</strong></span> <span class='ocrx_word' id='word_1_137' title='bbox 554 1387 814 1450; x_wconf 80' lang='grc' dir='ltr'><strong>εἰωθότας</strong></span> <span class='ocrx_word' id='word_1_138' title='bbox 844 1389 905 1440; x_wconf 88' lang='grc' dir='ltr'><strong>τὸ</strong></span> <span class='ocrx_word' id='word_1_139' title='bbox 931 1390 1018 1441; x_wconf 79' lang='grc' dir='ltr'>ἐπ’</span> <span class='ocrx_word' id='word_1_140' title='bbox 1041 1391 1192 1459; x_wconf 85' lang='grc' dir='ltr'>αὐτῷ</span> <span class='ocrx_word' id='word_1_141' title='bbox 1221 1395 1542 1466; x_wconf 85' lang='grc' dir='ltr'>μυστήριον.</span> 
     </span>
    </p>
   </div>
   <div class='ocr_carea' id='block_1_21' title="bbox 1835 1385 3445 1467">
    <p class='ocr_par' dir='ltr' id='par_1_21' title="bbox 2032 1398 3445 1467">
     <span class='ocr_line' id='line_1_21' title="bbox 2032 1398 3445 1467; baseline 0.008 -16"><span class='ocrx_word' id='word_1_142' title='bbox 2032 1398 2168 1467; x_wconf 86' lang='lat' dir='ltr'><strong>plari</strong></span> <span class='ocrx_word' id='word_1_143' title='bbox 2206 1400 2402 1464; x_wconf 85' lang='lat' dir='ltr'><strong>solent,</strong></span> <span class='ocrx_word' id='word_1_144' title='bbox 2431 1403 2498 1456; x_wconf 89' lang='lat' dir='ltr'><strong>ad</strong></span> <span class='ocrx_word' id='word_1_145' title='bbox 2536 1403 2786 1458; x_wconf 87' lang='lat' dir='ltr'><strong>semitam</strong></span> <span class='ocrx_word' id='word_1_146' title='bbox 2823 1402 3122 1460; x_wconf 74' lang='lat' dir='ltr'><strong>divinitatis</strong></span> <span class='ocrx_word' id='word_1_147' title='bbox 3155 1403 3445 1462; x_wconf 90' lang='lat' dir='ltr'><strong>deducens.</strong></span> 
     </span>
    </p>
   </div>
   <div class='ocr_carea' id='block_1_22' title="bbox 403 1475 2013 1564">
    <p class='ocr_par' dir='ltr' id='par_1_22' title="bbox 403 1475 1927 1559">
     <span class='ocr_line' id='line_1_22' title="bbox 403 1475 1927 1559; baseline 0.01 -33"><span class='ocrx_word' id='word_1_148' title='bbox 403 1476 467 1532; x_wconf 87' lang='lat' dir='ltr'><strong>B.</strong></span> <span class='ocrx_word' id='word_1_149' title='bbox 508 1475 661 1539; x_wconf 85' lang='grc' dir='ltr'>Τίνες</span> <span class='ocrx_word' id='word_1_150' title='bbox 691 1477 734 1528; x_wconf 80' lang='grc' dir='ltr'>δ’</span> <span class='ocrx_word' id='word_1_151' title='bbox 761 1477 826 1531; x_wconf 85' lang='grc' dir='ltr'>ἂν</span> <span class='ocrx_word' id='word_1_152' title='bbox 855 1475 987 1544; x_wconf 72' lang='grc' dir='ltr'>εἷεν,</span> <span class='ocrx_word' id='word_1_153' title='bbox 1015 1482 1063 1532; x_wconf 78' lang='lat' dir='ltr'><strong>oi</strong></span> <span class='ocrx_word' id='word_1_154' title='bbox 1093 1482 1193 1552; x_wconf 82' lang='grc' dir='ltr'>τὴν</span> <span class='ocrx_word' id='word_1_155' title='bbox 1219 1481 1362 1536; x_wconf 71' lang='grc' dir='ltr'>οὕτω</span> <span class='ocrx_word' id='word_1_156' title='bbox 1392 1485 1599 1555; x_wconf 83' lang='grc' dir='ltr'>σεπτὴν</span> <span class='ocrx_word' id='word_1_157' title='bbox 1633 1485 1728 1540; x_wconf 78' lang='grc' dir='ltr'>καὶ</span> <span class='ocrx_word' id='word_1_158' title='bbox 1754 1487 1927 1559; x_wconf 75' lang='grc' dir='ltr'>ἀπόρ-</span> 
     </span>
    </p>
   </div>
   <div class='ocr_carea' id='block_1_23' title="bbox 2009 1475 3619 1564">
    <p class='ocr_par' dir='ltr' id='par_1_23' title="bbox 2102 1489 3619 1564">
     <span class='ocr_line' id='line_1_23' title="bbox 2102 1489 3619 1564; baseline 0.01 -21"><span class='ocrx_word' id='word_1_159' title='bbox 2102 1489 2163 1545; x_wconf 90' lang='grc' dir='ltr'><strong>Β.</strong></span> <span class='ocrx_word' id='word_1_160' title='bbox 2204 1491 2434 1558; x_wconf 78' lang='lat' dir='ltr'><strong>Quinam</strong></span> <span class='ocrx_word' id='word_1_161' title='bbox 2488 1507 2618 1548; x_wconf 90' lang='lat' dir='ltr'><strong>vero</strong></span> <span class='ocrx_word' id='word_1_162' title='bbox 2669 1494 2780 1548; x_wconf 91' lang='lat' dir='ltr'><strong>sint</strong></span> <span class='ocrx_word' id='word_1_163' title='bbox 2824 1492 2858 1546; x_wconf 92' lang='lat' dir='ltr'><strong>ii</strong></span> <span class='ocrx_word' id='word_1_164' title='bbox 2911 1494 3004 1564; x_wconf 89' lang='lat' dir='ltr'><strong>qui</strong></span> <span class='ocrx_word' id='word_1_165' title='bbox 3055 1497 3190 1552; x_wconf 87' lang='lat' dir='ltr'><strong>adeo</strong></span> <span class='ocrx_word' id='word_1_166' title='bbox 3251 1501 3619 1558; x_wconf 75' lang='lat' dir='ltr'><strong>venerandam</strong></span> 
     </span>
    </p>
   </div>
   <div class='ocr_carea' id='block_1_24' title="bbox 337 1567 1947 1660">
    <p class='ocr_par' dir='ltr' id='par_1_24' title="bbox 337 1567 1928 1648">
     <span class='ocr_line' id='line_1_24' title="bbox 337 1567 1928 1648; baseline 0.009 -32"><span class='ocrx_word' id='word_1_167' title='bbox 337 1569 502 1637; x_wconf 75' lang='grc' dir='ltr'>ρητον</span> <span class='ocrx_word' id='word_1_168' title='bbox 529 1567 622 1618; x_wconf 83' lang='grc' dir='ltr'><strong>τοῦ</strong></span> <span class='ocrx_word' id='word_1_169' title='bbox 655 1567 906 1641; x_wconf 80' lang='grc' dir='ltr'><strong>Σωτῆρος</strong></span> <span class='ocrx_word' id='word_1_170' title='bbox 935 1571 1268 1642; x_wconf 81' lang='grc' dir='ltr'>οἰκονομίαν,</span> <span class='ocrx_word' id='word_1_171' title='bbox 1315 1575 1547 1640; x_wconf 81' lang='grc' dir='ltr'>ἀνοσίως</span> <span class='ocrx_word' id='word_1_172' title='bbox 1573 1578 1928 1648; x_wconf 77' lang='grc' dir='ltr'>κεκιϐδηλευ-</span> 
     </span>
    </p>
   </div>
   <div class='ocr_carea' id='block_1_25' title="bbox 2007 1567 3617 1660">
    <p class='ocr_par' dir='ltr' id='par_1_25' title="bbox 2031 1583 3617 1660">
     <span class='ocr_line' id='line_1_25' title="bbox 2031 1583 3617 1660; baseline 0.006 -21"><span class='ocrx_word' id='word_1_173' title='bbox 2031 1594 2194 1654; x_wconf 88' lang='lat' dir='ltr'><strong>atque</strong></span> <span class='ocrx_word' id='word_1_174' title='bbox 2235 1583 2566 1640; x_wconf 76' lang='lat' dir='ltr'><strong>ineﬂ‘abilem</strong></span> <span class='ocrx_word' id='word_1_175' title='bbox 2600 1585 2912 1642; x_wconf 84' lang='lat' dir='ltr'><strong>Servatoris</strong></span> <span class='ocrx_word' id='word_1_176' title='bbox 2955 1590 3124 1643; x_wconf 86' lang='lat' dir='ltr'><strong>nostri</strong></span> <span class='ocrx_word' id='word_1_177' title='bbox 3157 1590 3617 1660; x_wconf 87' lang='lat' dir='ltr'><strong>dispensationem</strong></span> 
     </span>
    </p>
   </div>
   <div class='ocr_carea' id='block_1_26' title="bbox 336 1654 1946 1752">
    <p class='ocr_par' dir='ltr' id='par_1_26' title="bbox 336 1654 1927 1739">
     <span class='ocr_line' id='line_1_26' title="bbox 336 1654 1927 1739; baseline 0.009 -31"><span class='ocrx_word' id='word_1_178' title='bbox 336 1654 493 1717; x_wconf 79' lang='grc' dir='ltr'>κότες</span> <span class='ocrx_word' id='word_1_179' title='bbox 529 1654 730 1725; x_wconf 78' lang='grc' dir='ltr'>(ἔοικας</span> <span class='ocrx_word' id='word_1_180' title='bbox 776 1658 885 1728; x_wconf 76' lang='grc' dir='ltr'>γὰρ</span> <span class='ocrx_word' id='word_1_181' title='bbox 935 1659 996 1710; x_wconf 82' lang='grc' dir='ltr'><strong>οὐ</strong></span> <span class='ocrx_word' id='word_1_182' title='bbox 1036 1663 1273 1731; x_wconf 79' lang='grc' dir='ltr'>μετρίως</span> <span class='ocrx_word' id='word_1_183' title='bbox 1321 1666 1407 1717; x_wconf 81' lang='grc' dir='ltr'>ἐπ’</span> <span class='ocrx_word' id='word_1_184' title='bbox 1449 1667 1599 1738; x_wconf 81' lang='grc' dir='ltr'>αὐτῷ</span> <span class='ocrx_word' id='word_1_185' title='bbox 1643 1668 1708 1739; x_wconf 76' lang='grc' dir='ltr'>δὴ</span> <span class='ocrx_word' id='word_1_186' title='bbox 1752 1667 1927 1739; x_wconf 83' lang='grc' dir='ltr'>τούτῳ</span> 
     </span>
    </p>
   </div>
   <div class='ocr_carea' id='block_1_27' title="bbox 2008 1654 3618 1752">
    <p class='ocr_par' dir='ltr' id='par_1_27' title="bbox 2031 1677 3618 1752">
     <span class='ocr_line' id='line_1_27' title="bbox 2031 1677 3618 1752; baseline 0.008 -22"><span class='ocrx_word' id='word_1_187' title='bbox 2031 1677 2406 1732; x_wconf 85' lang='lat' dir='ltr'><strong>aduiterarunt</strong></span> <span class='ocrx_word' id='word_1_188' title='bbox 2439 1677 2665 1750; x_wconf 86' lang='lat' dir='ltr'><strong>(videris</strong></span> <span class='ocrx_word' id='word_1_189' title='bbox 2693 1679 2838 1734; x_wconf 90' lang='lat' dir='ltr'><strong>enim</strong></span> <span class='ocrx_word' id='word_1_190' title='bbox 2875 1679 3005 1734; x_wconf 89' lang='lat' dir='ltr'><strong>mihi</strong></span> <span class='ocrx_word' id='word_1_191' title='bbox 3051 1695 3156 1735; x_wconf 84' lang='lat' dir='ltr'><strong>non</strong></span> <span class='ocrx_word' id='word_1_192' title='bbox 3193 1697 3383 1752; x_wconf 89' lang='lat' dir='ltr'><strong>parum</strong></span> <span class='ocrx_word' id='word_1_193' title='bbox 3421 1685 3525 1742; x_wconf 85' lang='lat' dir='ltr'><strong>hac</strong></span> <span class='ocrx_word' id='word_1_194' title='bbox 3551 1687 3618 1742; x_wconf 86' lang='lat' dir='ltr'><strong>de</strong></span> 
     </span>
    </p>
   </div>
   <div class='ocr_carea' id='block_1_28' title="bbox 338 1747 1948 1844">
    <p class='ocr_par' dir='ltr' id='par_1_28' title="bbox 338 1747 1570 1820">
     <span class='ocr_line' id='line_1_28' title="bbox 338 1747 1570 1820; baseline 0.01 -22"><span class='ocrx_word' id='word_1_195' title='bbox 338 1747 670 1816; x_wconf 76' lang='grc' dir='ltr'>δυσφορεῖν),</span> <span class='ocrx_word' id='word_1_196' title='bbox 707 1748 940 1820; x_wconf 83' lang='grc' dir='ltr'>ἐθέλοιμ’</span> <span class='ocrx_word' id='word_1_197' title='bbox 968 1750 1036 1802; x_wconf 83' lang='grc' dir='ltr'>ἂν</span> <span class='ocrx_word' id='word_1_198' title='bbox 1061 1752 1422 1810; x_wconf 79' lang='grc' dir='ltr'>διαπυθέσθαι</span> <span class='ocrx_word' id='word_1_199' title='bbox 1456 1776 1570 1812; x_wconf 87' lang='grc' dir='ltr'>σου.</span> 
     </span>
    </p>
   </div>
   <div class='ocr_carea' id='block_1_29' title="bbox 1861 1747 3471 1844">
    <p class='ocr_par' dir='ltr' id='par_1_29' title="bbox 2030 1773 3471 1844">
     <span class='ocr_line' id='line_1_29' title="bbox 2030 1773 3471 1844; baseline 0.007 -22"><span class='ocrx_word' id='word_1_200' title='bbox 2030 1783 2194 1823; x_wconf 87' lang='lat' dir='ltr'><strong>causa</strong></span> <span class='ocrx_word' id='word_1_201' title='bbox 2222 1781 2530 1826; x_wconf 86' lang='lat' dir='ltr'><strong>commotus</strong></span> <span class='ocrx_word' id='word_1_202' title='bbox 2559 1773 2724 1842; x_wconf 88' lang='lat' dir='ltr'><strong>esse),</strong></span> <span class='ocrx_word' id='word_1_203' title='bbox 2755 1773 2916 1826; x_wconf 90' lang='lat' dir='ltr'><strong>velim</strong></span> <span class='ocrx_word' id='word_1_204' title='bbox 2939 1785 3007 1827; x_wconf 75' lang='lat' dir='ltr'><strong>ex</strong></span> <span class='ocrx_word' id='word_1_205' title='bbox 3037 1783 3088 1827; x_wconf 89' lang='lat' dir='ltr'><strong>te</strong></span> <span class='ocrx_word' id='word_1_206' title='bbox 3117 1789 3471 1844; x_wconf 82' lang='lat' dir='ltr'><strong>cognoscere.</strong></span> 
     </span>
    </p>
   </div>
   <div class='ocr_carea' id='block_1_30' title="bbox 409 1841 2019 1930">
    <p class='ocr_par' dir='ltr' id='par_1_30' title="bbox 409 1841 2000 1926">
     <span class='ocr_line' id='line_1_30' title="bbox 409 1841 2000 1926; baseline 0.013 -37"><span class='ocrx_word' id='word_1_207' title='bbox 409 1841 473 1890; x_wconf 77' lang='grc' dir='ltr'><strong>Α.</strong></span> <span class='ocrx_word' id='word_1_208' title='bbox 509 1841 880 1913; x_wconf 81' lang='grc' dir='ltr'>Διατεκμαίρῃ</span> <span class='ocrx_word' id='word_1_209' title='bbox 939 1843 1140 1906; x_wconf 80' lang='grc' dir='ltr'>καλῶς.</span> <span class='ocrx_word' id='word_1_210' title='bbox 1196 1847 1386 1916; x_wconf 87' lang='grc' dir='ltr'>Ζηλῶν</span> <span class='ocrx_word' id='word_1_211' title='bbox 1429 1849 1540 1920; x_wconf 81' lang='grc' dir='ltr'><strong>γὰρ</strong></span> <span class='ocrx_word' id='word_1_212' title='bbox 1569 1852 1819 1924; x_wconf 78' lang='grc' dir='ltr'>ἐζήλωσα</span> <span class='ocrx_word' id='word_1_213' title='bbox 1849 1855 1927 1926; x_wconf 80' lang='grc' dir='ltr'>τῷ</span> <span class='ocrx_word' id='word_1_214' title='bbox 1959 1844 2000 1898; x_wconf 75' lang='grc' dir='ltr'><strong>Β</strong></span> 
     </span>
    </p>
   </div>
   <div class='ocr_carea' id='block_1_31' title="bbox 2009 1841 3619 1930">
    <p class='ocr_par' dir='ltr' id='par_1_31' title="bbox 2107 1841 3619 1930">
     <span class='ocr_line' id='line_1_31' title="bbox 2107 1841 3619 1930; baseline 0.011 -18"><span class='ocrx_word' id='word_1_215' title='bbox 2107 1861 2172 1912; x_wconf 80' lang='grc' dir='ltr'><strong>Α.</strong></span> <span class='ocrx_word' id='word_1_216' title='bbox 2219 1859 2390 1914; x_wconf 84' lang='lat' dir='ltr'><strong>Recte</strong></span> <span class='ocrx_word' id='word_1_217' title='bbox 2413 1861 2650 1930; x_wconf 84' lang='lat' dir='ltr'><strong>judicas.</strong></span> <span class='ocrx_word' id='word_1_218' title='bbox 2681 1841 2812 1920; x_wconf 81' lang='grc' dir='ltr'>Ζειο</span> <span class='ocrx_word' id='word_1_219' title='bbox 2843 1867 2990 1920; x_wconf 86' lang='lat' dir='ltr'><strong>enim</strong></span> <span class='ocrx_word' id='word_1_220' title='bbox 3035 1868 3242 1924; x_wconf 81' lang='lat' dir='ltr'><strong>zelatus</strong></span> <span class='ocrx_word' id='word_1_221' title='bbox 3280 1885 3400 1926; x_wconf 89' lang='lat' dir='ltr'><strong>sum</strong></span> <span class='ocrx_word' id='word_1_222' title='bbox 3436 1873 3619 1928; x_wconf 88' lang='lat' dir='ltr'><strong>Domi-</strong></span> 
     </span>
    </p>
   </div>
   <div class='ocr_carea' id='block_1_32' title="bbox 337 1930 1947 2026">
    <p class='ocr_par' dir='ltr' id='par_1_32' title="bbox 337 1930 1927 2012">
     <span class='ocr_line' id='line_1_32' title="bbox 337 1930 1927 2012; baseline 0.012 -31"><span class='ocrx_word' id='word_1_223' title='bbox 337 1930 548 2001; x_wconf 84' lang='grc' dir='ltr'>Κυρίῳ,</span> <span class='ocrx_word' id='word_1_224' title='bbox 585 1932 677 1984; x_wconf 74' lang='grc' dir='ltr'>καὶ</span> <span class='ocrx_word' id='word_1_225' title='bbox 709 1934 846 2002; x_wconf 79' lang='grc' dir='ltr'>πρός</span> <span class='ocrx_word' id='word_1_226' title='bbox 867 1951 930 2002; x_wconf 90' lang='grc' dir='ltr'><strong>γε</strong></span> <span class='ocrx_word' id='word_1_227' title='bbox 962 1937 1114 1988; x_wconf 75' lang='grc' dir='ltr'>τουτὶ</span> <span class='ocrx_word' id='word_1_228' title='bbox 1143 1941 1622 2012; x_wconf 81' lang='grc' dir='ltr'>κατατεθηγμένος</span> <span class='ocrx_word' id='word_1_229' title='bbox 1650 1945 1800 1998; x_wconf 84' lang='grc' dir='ltr'><strong>ἀλύω</strong></span> <span class='ocrx_word' id='word_1_230' title='bbox 1832 1948 1927 2000; x_wconf 72' lang='grc' dir='ltr'><strong>καὶ</strong></span> 
     </span>
    </p>
   </div>
   <div class='ocr_carea' id='block_1_33' title="bbox 2005 1930 3615 2026">
    <p class='ocr_par' dir='ltr' id='par_1_33' title="bbox 2031 1953 3615 2026">
     <span class='ocr_line' id='line_1_33' title="bbox 2031 1953 3615 2026; baseline 0.011 -22"><span class='ocrx_word' id='word_1_231' title='bbox 2031 1965 2180 2005; x_wconf 82' lang='grc' dir='ltr'>ηιιηι.</span> <span class='ocrx_word' id='word_1_232' title='bbox 2215 1953 2380 2022; x_wconf 76' lang='lat' dir='ltr'><strong>Angit</strong></span> <span class='ocrx_word' id='word_1_233' title='bbox 2414 1969 2542 2008; x_wconf 91' lang='lat' dir='ltr'><strong>vero</strong></span> <span class='ocrx_word' id='word_1_234' title='bbox 2581 1971 2666 2010; x_wconf 90' lang='lat' dir='ltr'><strong>me</strong></span> <span class='ocrx_word' id='word_1_235' title='bbox 2712 1966 2769 2011; x_wconf 87' lang='lat' dir='ltr'><strong>et</strong></span> <span class='ocrx_word' id='word_1_236' title='bbox 2813 1957 3032 2026; x_wconf 80' lang='lat' dir='ltr'><strong>quidem</strong></span> <span class='ocrx_word' id='word_1_237' title='bbox 3078 1960 3452 2026; x_wconf 84' lang='lat' dir='ltr'><strong>vehementer,</strong></span> <span class='ocrx_word' id='word_1_238' title='bbox 3493 1980 3615 2020; x_wconf 87' lang='lat' dir='ltr'><strong>cum</strong></span> 
     </span>
    </p>
   </div>
   <div class='ocr_carea' id='block_1_34' title="bbox 341 2023 1951 2119">
    <p class='ocr_par' dir='ltr' id='par_1_34' title="bbox 341 2023 1925 2109">
     <span class='ocr_line' id='line_1_34' title="bbox 341 2023 1925 2109; baseline 0.012 -37"><span class='ocrx_word' id='word_1_239' title='bbox 341 2023 562 2093; x_wconf 73' lang='grc' dir='ltr'>σφόδρα.</span> <span class='ocrx_word' id='word_1_240' title='bbox 609 2023 679 2076; x_wconf 83' lang='grc' dir='ltr'>Τὸ</span> <span class='ocrx_word' id='word_1_241' title='bbox 723 2023 780 2075; x_wconf 84' lang='grc' dir='ltr'>δὲ</span> <span class='ocrx_word' id='word_1_242' title='bbox 829 2025 952 2078; x_wconf 82' lang='grc' dir='ltr'>ὅποι</span> <span class='ocrx_word' id='word_1_243' title='bbox 999 2028 1128 2080; x_wconf 78' lang='grc' dir='ltr'>ποτὲ</span> <span class='ocrx_word' id='word_1_244' title='bbox 1185 2033 1654 2103; x_wconf 70' lang='grc' dir='ltr'>καταστρέψωσιν</span> <span class='ocrx_word' id='word_1_245' title='bbox 1702 2037 1750 2088; x_wconf 78' lang='lat' dir='ltr'><strong>ei</strong></span> <span class='ocrx_word' id='word_1_246' title='bbox 1796 2037 1925 2109; x_wconf 78' lang='grc' dir='ltr'>παρ’</span> 
     </span>
    </p>
   </div>
   <div class='ocr_carea' id='block_1_35' title="bbox 2005 2023 3615 2119">
    <p class='ocr_par' dir='ltr' id='par_1_35' title="bbox 2029 2046 3615 2119">
     <span class='ocr_line' id='line_1_35' title="bbox 2029 2046 3615 2119; baseline 0.01 -25"><span class='ocrx_word' id='word_1_247' title='bbox 2029 2057 2243 2098; x_wconf 89' lang='lat' dir='ltr'><strong>mecum</strong></span> <span class='ocrx_word' id='word_1_248' title='bbox 2271 2059 2377 2100; x_wconf 90' lang='lat' dir='ltr'><strong>non</strong></span> <span class='ocrx_word' id='word_1_249' title='bbox 2407 2046 2610 2114; x_wconf 85' lang='lat' dir='ltr'><strong>absque</strong></span> <span class='ocrx_word' id='word_1_250' title='bbox 2651 2047 2842 2102; x_wconf 90' lang='lat' dir='ltr'><strong>timore</strong></span> <span class='ocrx_word' id='word_1_251' title='bbox 2895 2049 3072 2118; x_wconf 81' lang='lat' dir='ltr'><strong>cogito</strong></span> <span class='ocrx_word' id='word_1_252' title='bbox 3109 2065 3346 2119; x_wconf 88' lang='lat' dir='ltr'><strong>quonam</strong></span> <span class='ocrx_word' id='word_1_253' title='bbox 3402 2055 3615 2112; x_wconf 89' lang='lat' dir='ltr'><strong>illorum</strong></span> 
     </span>
    </p>
   </div>
   <div class='ocr_carea' id='block_1_36' title="bbox 337 2114 1947 2204">
    <p class='ocr_par' dir='ltr' id='par_1_36' title="bbox 337 2114 1924 2202">
     <span class='ocr_line' id='line_1_36' title="bbox 337 2114 1924 2202; baseline 0.013 -38"><span class='ocrx_word' id='word_1_254' title='bbox 337 2114 556 2168; x_wconf 81' lang='grc' dir='ltr'>ἐκείνων</span> <span class='ocrx_word' id='word_1_255' title='bbox 596 2116 742 2184; x_wconf 83' lang='grc' dir='ltr'>λόγοι</span> <span class='ocrx_word' id='word_1_256' title='bbox 767 2158 781 2182; x_wconf 91' lang='grc'><strong>,</strong></span> <span class='ocrx_word' id='word_1_257' title='bbox 819 2117 966 2170; x_wconf 78' lang='grc' dir='ltr'>δέδια</span> <span class='ocrx_word' id='word_1_258' title='bbox 1017 2121 1288 2190; x_wconf 81' lang='grc' dir='ltr'>καθορῶν.</span> <span class='ocrx_word' id='word_1_259' title='bbox 1323 2124 1434 2194; x_wconf 80' lang='grc' dir='ltr'><strong>Τὴν</strong></span> <span class='ocrx_word' id='word_1_260' title='bbox 1479 2126 1588 2198; x_wconf 78' lang='grc' dir='ltr'>γάρ</span> <span class='ocrx_word' id='word_1_261' title='bbox 1619 2145 1702 2182; x_wconf 87' lang='grc' dir='ltr'><strong>τοι</strong></span> <span class='ocrx_word' id='word_1_262' title='bbox 1741 2147 1924 2202; x_wconf 82' lang='grc' dir='ltr'>παρα-</span> 
     </span>
    </p>
   </div>
   <div class='ocr_carea' id='block_1_37' title="bbox 2007 2114 3617 2204">
    <p class='ocr_par' dir='ltr' id='par_1_37' title="bbox 2029 2140 3617 2204">
     <span class='ocr_line' id='line_1_37' title="bbox 2029 2140 3617 2204; baseline 0.009 -15"><span class='ocrx_word' id='word_1_263' title='bbox 2029 2149 2310 2192; x_wconf 86' lang='lat' dir='ltr'><strong>sermones</strong></span> <span class='ocrx_word' id='word_1_264' title='bbox 2341 2140 2454 2194; x_wconf 87' lang='lat' dir='ltr'><strong>sint</strong></span> <span class='ocrx_word' id='word_1_265' title='bbox 2481 2141 2724 2195; x_wconf 77' lang='lat' dir='ltr'><strong>evasuri.</strong></span> <span class='ocrx_word' id='word_1_266' title='bbox 2760 2140 2946 2196; x_wconf 84' lang='lat' dir='ltr'><strong>Fidem</strong></span> <span class='ocrx_word' id='word_1_267' title='bbox 2975 2143 3121 2198; x_wconf 91' lang='lat' dir='ltr'><strong>enim</strong></span> <span class='ocrx_word' id='word_1_268' title='bbox 3169 2146 3328 2204; x_wconf 87' lang='lat' dir='ltr'><strong>nobis</strong></span> <span class='ocrx_word' id='word_1_269' title='bbox 3359 2148 3617 2204; x_wconf 84' lang='lat' dir='ltr'><strong>traditam</strong></span> 
     </span>
    </p>
   </div>
   <div class='ocr_carea' id='block_1_38' title="bbox 337 2206 1947 2308">
    <p class='ocr_par' dir='ltr' id='par_1_38' title="bbox 337 2206 1924 2290">
     <span class='ocr_line' id='line_1_38' title="bbox 337 2206 1924 2290; baseline 0.011 -32"><span class='ocrx_word' id='word_1_270' title='bbox 337 2206 581 2259; x_wconf 83' lang='grc' dir='ltr'>δοθεῖσαν</span> <span class='ocrx_word' id='word_1_271' title='bbox 611 2210 744 2278; x_wconf 76' lang='grc' dir='ltr'>ἡμῖν</span> <span class='ocrx_word' id='word_1_272' title='bbox 790 2210 1070 2264; x_wconf 87' lang='grc' dir='ltr'>νοθεύουσι</span> <span class='ocrx_word' id='word_1_273' title='bbox 1121 2215 1328 2278; x_wconf 85' lang='grc' dir='ltr'>πίστιν,</span> <span class='ocrx_word' id='word_1_274' title='bbox 1359 2217 1652 2287; x_wconf 77' lang='grc' dir='ltr'>δράκοντος</span> <span class='ocrx_word' id='word_1_275' title='bbox 1687 2221 1924 2290; x_wconf 82' lang='grc' dir='ltr'>ἁρτιφα-</span> 
     </span>
    </p>
   </div>
   <div class='ocr_carea' id='block_1_39' title="bbox 2005 2206 3615 2308">
    <p class='ocr_par' dir='ltr' id='par_1_39' title="bbox 2029 2229 3615 2308">
     <span class='ocr_line' id='line_1_39' title="bbox 2029 2229 3615 2308; baseline 0.008 -25"><span class='ocrx_word' id='word_1_276' title='bbox 2029 2229 2406 2299; x_wconf 86' lang='lat' dir='ltr'><strong>corrumpunt,</strong></span> <span class='ocrx_word' id='word_1_277' title='bbox 2437 2233 2690 2287; x_wconf 85' lang='lat' dir='ltr'><strong>draconis</strong></span> <span class='ocrx_word' id='word_1_278' title='bbox 2718 2247 2907 2289; x_wconf 89' lang='lat' dir='ltr'><strong>recens</strong></span> <span class='ocrx_word' id='word_1_279' title='bbox 2937 2236 3068 2290; x_wconf 83' lang='lat' dir='ltr'><strong>editi</strong></span> <span class='ocrx_word' id='word_1_280' title='bbox 3109 2235 3344 2295; x_wconf 82' lang='lat' dir='ltr'><strong>inventis</strong></span> <span class='ocrx_word' id='word_1_281' title='bbox 3379 2251 3615 2308; x_wconf 85' lang='lat' dir='ltr'><strong>utentes,</strong></span> 
     </span>
    </p>
   </div>
   <div class='ocr_carea' id='block_1_40' title="bbox 339 2297 1949 2404">
    <p class='ocr_par' dir='ltr' id='par_1_40' title="bbox 339 2297 1926 2370">
     <span class='ocr_line' id='line_1_40' title="bbox 339 2297 1926 2370; baseline 0.009 -22"><span class='ocrx_word' id='word_1_282' title='bbox 339 2297 468 2358; x_wconf 86' lang='grc' dir='ltr'>νοῦς</span> <span class='ocrx_word' id='word_1_283' title='bbox 497 2297 769 2368; x_wconf 76' lang='grc' dir='ltr'>εὑρήμασι</span> <span class='ocrx_word' id='word_1_284' title='bbox 805 2301 1156 2370; x_wconf 75' lang='grc' dir='ltr'>κεχρημένοι,</span> <span class='ocrx_word' id='word_1_285' title='bbox 1190 2307 1286 2357; x_wconf 75' lang='grc' dir='ltr'><strong>καὶ</strong></span> <span class='ocrx_word' id='word_1_286' title='bbox 1326 2308 1448 2368; x_wconf 82' lang='grc' dir='ltr'>ταῖς</span> <span class='ocrx_word' id='word_1_287' title='bbox 1482 2306 1590 2362; x_wconf 82' lang='grc' dir='ltr'><strong>τῶν</strong></span> <span class='ocrx_word' id='word_1_288' title='bbox 1627 2308 1926 2362; x_wconf 80' lang='grc' dir='ltr'>ἁπλουστέ-</span> 
     </span>
    </p>
   </div>
   <div class='ocr_carea' id='block_1_41' title="bbox 2007 2297 3617 2404">
    <p class='ocr_par' dir='ltr' id='par_1_41' title="bbox 2029 2297 3617 2404">
     <span class='ocr_line' id='line_1_41' title="bbox 2029 2297 3617 2404; baseline 0.011 -30"><span class='ocrx_word' id='word_1_289' title='bbox 2029 2330 2082 2374; x_wconf 82' lang='grc' dir='ltr'><strong>οι</strong></span> <span class='ocrx_word' id='word_1_290' title='bbox 2114 2297 2296 2375; x_wconf 84' lang='lat' dir='ltr'><strong>inania</strong></span> <span class='ocrx_word' id='word_1_291' title='bbox 2325 2323 2572 2392; x_wconf 72' lang='lat' dir='ltr'><strong>qumdam</strong></span> <span class='ocrx_word' id='word_1_292' title='bbox 2599 2339 2664 2379; x_wconf 89' lang='lat' dir='ltr'><strong>ac</strong></span> <span class='ocrx_word' id='word_1_293' title='bbox 2687 2341 2848 2390; x_wconf 88' lang='lat' dir='ltr'><strong>vana,</strong></span> <span class='ocrx_word' id='word_1_294' title='bbox 2873 2327 3270 2398; x_wconf 74' lang='lat' dir='ltr'><strong>dementiteque</strong></span> <span class='ocrx_word' id='word_1_295' title='bbox 3305 2335 3462 2403; x_wconf 80' lang='lat' dir='ltr'><strong>plena</strong></span> <span class='ocrx_word' id='word_1_296' title='bbox 3486 2334 3617 2404; x_wconf 84' lang='lat' dir='ltr'><strong>dog-</strong></span> 
     </span>
    </p>
   </div>
   <div class='ocr_carea' id='block_1_42' title="bbox 346 2387 1956 2485">
    <p class='ocr_par' dir='ltr' id='par_1_42' title="bbox 346 2387 1924 2470">
     <span class='ocr_line' id='line_1_42' title="bbox 346 2387 1924 2470; baseline 0.013 -33"><span class='ocrx_word' id='word_1_297' title='bbox 346 2404 452 2455; x_wconf 88' lang='grc' dir='ltr'><strong>ρων</strong></span> <span class='ocrx_word' id='word_1_298' title='bbox 497 2387 696 2459; x_wconf 76' lang='grc' dir='ltr'>ψυχαῖς</span> <span class='ocrx_word' id='word_1_299' title='bbox 743 2391 822 2444; x_wconf 74' lang='grc' dir='ltr'><strong>ἰοῦ</strong></span> <span class='ocrx_word' id='word_1_300' title='bbox 857 2393 1012 2462; x_wconf 84' lang='grc' dir='ltr'>δίκην</span> <span class='ocrx_word' id='word_1_301' title='bbox 1060 2396 1378 2465; x_wconf 81' lang='grc' dir='ltr'>ἐγχέοντες,</span> <span class='ocrx_word' id='word_1_302' title='bbox 1426 2399 1615 2470; x_wconf 74' lang='grc' dir='ltr'>ψυχρά</span> <span class='ocrx_word' id='word_1_303' title='bbox 1661 2419 1782 2454; x_wconf 87' lang='grc' dir='ltr'>τινα</span> <span class='ocrx_word' id='word_1_304' title='bbox 1831 2403 1924 2456; x_wconf 82' lang='grc' dir='ltr'><strong>καὶ</strong></span> 
     </span>
    </p>
   </div>
   <div class='ocr_carea' id='block_1_43' title="bbox 1611 2387 3221 2485">
    <p class='ocr_par' dir='ltr' id='par_1_43' title="bbox 1611 2403 3221 2485">
     <span class='ocr_line' id='line_1_43' title="bbox 1611 2403 3221 2485; baseline 0.012 -26"><span class='ocrx_word' id='word_1_305' title='bbox 1611 2418 1615 2453; x_wconf 73' lang='grc' dir='ltr'><strong>ι</strong></span> <span class='ocrx_word' id='word_1_306' title='bbox 1661 2419 1782 2454; x_wconf 77' lang='grc' dir='ltr'>τινα</span> <span class='ocrx_word' id='word_1_307' title='bbox 1831 2403 1924 2456; x_wconf 80' lang='grc' dir='ltr'><strong>καὶ</strong></span> <span class='ocrx_word' id='word_1_308' title='bbox 2031 2422 2178 2468; x_wconf 85' lang='lat' dir='ltr'><strong>mata</strong></span> <span class='ocrx_word' id='word_1_309' title='bbox 2205 2414 2598 2485; x_wconf 86' lang='lat' dir='ltr'><strong>simpliciorum</strong></span> <span class='ocrx_word' id='word_1_310' title='bbox 2637 2418 2832 2473; x_wconf 86' lang='lat' dir='ltr'><strong>animis</strong></span> <span class='ocrx_word' id='word_1_311' title='bbox 2857 2417 3221 2477; x_wconf 80' lang='lat' dir='ltr'><strong>infundentes.</strong></span> 
     </span>
    </p>
   </div>
   <div class='ocr_carea' id='block_1_44' title="bbox 341 2477 1508 2558">
    <p class='ocr_par' dir='ltr' id='par_1_44' title="bbox 341 2477 1508 2558">
     <span class='ocr_line' id='line_1_44' title="bbox 341 2477 1508 2558; baseline 0.01 -28"><span class='ocrx_word' id='word_1_312' title='bbox 341 2477 746 2551; x_wconf 79' lang='grc' dir='ltr'>διεστραμμένα</span> <span class='ocrx_word' id='word_1_313' title='bbox 769 2486 862 2536; x_wconf 79' lang='grc' dir='ltr'>καὶ</span> <span class='ocrx_word' id='word_1_314' title='bbox 890 2483 1218 2555; x_wconf 77' lang='grc' dir='ltr'>ἀΰελτηρίας</span> <span class='ocrx_word' id='word_1_315' title='bbox 1247 2487 1472 2558; x_wconf 77' lang='grc' dir='ltr'>ἐμπλεω</span> <span class='ocrx_word' id='word_1_316' title='bbox 1491 2529 1508 2542; x_wconf 91' lang='grc'><strong>.</strong></span> 
     </span>
    </p>
   </div>
   <div class='ocr_carea' id='block_1_45' title="bbox 413 2569 2023 2672">
    <p class='ocr_par' dir='ltr' id='par_1_45' title="bbox 413 2569 1926 2651">
     <span class='ocr_line' id='line_1_45' title="bbox 413 2569 1926 2651; baseline 0.009 -29"><span class='ocrx_word' id='word_1_317' title='bbox 413 2571 472 2624; x_wconf 89' lang='grc' dir='ltr'>Β,</span> <span class='ocrx_word' id='word_1_318' title='bbox 517 2569 654 2626; x_wconf 75' lang='grc' dir='ltr'>Εἶτα</span> <span class='ocrx_word' id='word_1_319' title='bbox 697 2574 776 2637; x_wconf 85' lang='grc' dir='ltr'><strong>τίς</strong></span> <span class='ocrx_word' id='word_1_320' title='bbox 810 2577 838 2626; x_wconf 98' lang='lat'><strong>6</strong></span> <span class='ocrx_word' id='word_1_321' title='bbox 881 2577 1184 2648; x_wconf 84' lang='grc' dir='ltr'>ἁρτιφανής</span> <span class='ocrx_word' id='word_1_322' title='bbox 1225 2581 1341 2633; x_wconf 85' lang='grc' dir='ltr'>ἐστι</span> <span class='ocrx_word' id='word_1_323' title='bbox 1377 2580 1616 2651; x_wconf 73' lang='grc' dir='ltr'>δράκων,</span> <span class='ocrx_word' id='word_1_324' title='bbox 1665 2584 1825 2636; x_wconf 79' lang='grc' dir='ltr'>ὁποῖα</span> <span class='ocrx_word' id='word_1_325' title='bbox 1869 2584 1926 2638; x_wconf 87' lang='grc' dir='ltr'><strong>δὲ</strong></span> 
     </span>
    </p>
   </div>
   <div class='ocr_carea' id='block_1_46' title="bbox 2003 2569 3613 2672">
    <p class='ocr_par' dir='ltr' id='par_1_46' title="bbox 2099 2587 3613 2672">
     <span class='ocr_line' id='line_1_46' title="bbox 2099 2587 3613 2672; baseline 0.012 -28"><span class='ocrx_word' id='word_1_326' title='bbox 2099 2587 2160 2646; x_wconf 85' lang='grc' dir='ltr'><strong>Β.</strong></span> <span class='ocrx_word' id='word_1_327' title='bbox 2205 2591 2466 2658; x_wconf 86' lang='lat' dir='ltr'><strong>Quisnam</strong></span> <span class='ocrx_word' id='word_1_328' title='bbox 2511 2609 2676 2664; x_wconf 89' lang='lat' dir='ltr'><strong>porro</strong></span> <span class='ocrx_word' id='word_1_329' title='bbox 2727 2597 2798 2651; x_wconf 90' lang='lat' dir='ltr'><strong>sit</strong></span> <span class='ocrx_word' id='word_1_330' title='bbox 2843 2597 3009 2654; x_wconf 84' lang='lat' dir='ltr'><strong>draco</strong></span> <span class='ocrx_word' id='word_1_331' title='bbox 3057 2599 3160 2655; x_wconf 87' lang='lat' dir='ltr'><strong>iste</strong></span> <span class='ocrx_word' id='word_1_332' title='bbox 3193 2615 3384 2658; x_wconf 85' lang='lat' dir='ltr'><strong>recens</strong></span> <span class='ocrx_word' id='word_1_333' title='bbox 3417 2605 3613 2672; x_wconf 88' lang='lat' dir='ltr'><strong>editus,</strong></span> 
     </span>
    </p>
   </div>
   <div class='ocr_carea' id='block_1_47' title="bbox 337 2661 1947 2771">
    <p class='ocr_par' dir='ltr' id='par_1_47' title="bbox 337 2661 1924 2749">
     <span class='ocr_line' id='line_1_47' title="bbox 337 2661 1924 2749; baseline 0.008 -31"><span class='ocrx_word' id='word_1_334' title='bbox 337 2661 475 2718; x_wconf 82' lang='grc' dir='ltr'>ἄττα</span> <span class='ocrx_word' id='word_1_335' title='bbox 509 2665 574 2718; x_wconf 75' lang='grc' dir='ltr'>τὰ</span> <span class='ocrx_word' id='word_1_336' title='bbox 623 2669 754 2738; x_wconf 82' lang='grc' dir='ltr'>παρ’</span> <span class='ocrx_word' id='word_1_337' title='bbox 795 2669 958 2722; x_wconf 84' lang='grc' dir='ltr'>αὑτοῦ</span> <span class='ocrx_word' id='word_1_338' title='bbox 1003 2672 1434 2744; x_wconf 83' lang='grc' dir='ltr'>πεφλυαρημένα</span> <span class='ocrx_word' id='word_1_339' title='bbox 1485 2675 1630 2729; x_wconf 84' lang='grc' dir='ltr'>κατὰ</span> <span class='ocrx_word' id='word_1_340' title='bbox 1665 2675 1773 2729; x_wconf 80' lang='grc' dir='ltr'>τῶν</span> <span class='ocrx_word' id='word_1_341' title='bbox 1826 2681 1924 2749; x_wconf 76' lang='grc' dir='ltr'>τῆς</span> 
     </span>
    </p>
   </div>
   <div class='ocr_carea' id='block_1_48' title="bbox 2005 2661 3615 2771">
    <p class='ocr_par' dir='ltr' id='par_1_48' title="bbox 2027 2661 3615 2771">
     <span class='ocr_line' id='line_1_48' title="bbox 2027 2661 3615 2771; baseline 0.013 -37"><span class='ocrx_word' id='word_1_342' title='bbox 2027 2691 2080 2735; x_wconf 89' lang='lat' dir='ltr'><strong>et</strong></span> <span class='ocrx_word' id='word_1_343' title='bbox 2105 2683 2284 2751; x_wconf 84' lang='lat' dir='ltr'><strong>qualia</strong></span> <span class='ocrx_word' id='word_1_344' title='bbox 2312 2661 2528 2740; x_wconf 80' lang='lat' dir='ltr'><strong>tandem</strong></span> <span class='ocrx_word' id='word_1_345' title='bbox 2561 2688 2670 2742; x_wconf 88' lang='lat' dir='ltr'><strong>sint</strong></span> <span class='ocrx_word' id='word_1_346' title='bbox 2699 2703 2761 2744; x_wconf 86' lang='lat' dir='ltr'><strong>ea</strong></span> <span class='ocrx_word' id='word_1_347' title='bbox 2786 2703 2905 2758; x_wconf 65' lang='lat' dir='ltr'><strong>quae</strong></span> <span class='ocrx_word' id='word_1_348' title='bbox 2923 2692 3185 2749; x_wconf 84' lang='lat' dir='ltr'><strong>adversus</strong></span> <span class='ocrx_word' id='word_1_349' title='bbox 3213 2675 3458 2754; x_wconf 77' lang='lat' dir='ltr'><strong>veritatis</strong></span> <span class='ocrx_word' id='word_1_350' title='bbox 3485 2700 3615 2771; x_wconf 54' lang='lat' dir='ltr'><strong>dog-</strong></span> 
     </span>
    </p>
   </div>
   <div class='ocr_carea' id='block_1_49' title="bbox 333 2756 1943 2850">
    <p class='ocr_par' dir='ltr' id='par_1_49' title="bbox 333 2756 1474 2838">
     <span class='ocr_line' id='line_1_49' title="bbox 333 2756 1474 2838; baseline 0.011 -29"><span class='ocrx_word' id='word_1_351' title='bbox 333 2756 594 2826; x_wconf 76' lang='grc' dir='ltr'>ἀληθείας</span> <span class='ocrx_word' id='word_1_352' title='bbox 622 2757 931 2830; x_wconf 77' lang='grc' dir='ltr'>δογμάτων,</span> <span class='ocrx_word' id='word_1_353' title='bbox 968 2765 1213 2835; x_wconf 82' lang='grc' dir='ltr'>ἐρομένῳ</span> <span class='ocrx_word' id='word_1_354' title='bbox 1242 2767 1474 2838; x_wconf 85' lang='grc' dir='ltr'>φράσον.</span> 
     </span>
    </p>
   </div>
   <div class='ocr_carea' id='block_1_50' title="bbox 1458 2756 3068 2850">
    <p class='ocr_par' dir='ltr' id='par_1_50' title="bbox 1461 2756 3068 2850">
     <span class='ocr_line' id='line_1_50' title="bbox 1461 2756 3068 2850; baseline 0.01 -27"><span class='ocrx_word' id='word_1_355' title='bbox 1461 2809 1474 2823; x_wconf 95' lang='grc'><strong>.</strong></span> <span class='ocrx_word' id='word_1_356' title='bbox 2029 2786 2174 2830; x_wconf 86' lang='lat' dir='ltr'><strong>mata</strong></span> <span class='ocrx_word' id='word_1_357' title='bbox 2206 2778 2526 2843; x_wconf 85' lang='lat' dir='ltr'><strong>deblaterat,</strong></span> <span class='ocrx_word' id='word_1_358' title='bbox 2555 2756 3068 2850; x_wconf 39' lang='lat' dir='ltr'><strong>explica,—obsecro.</strong></span> 
     </span>
    </p>
   </div>
   <div class='ocr_carea' id='block_1_51' title="bbox 403 2852 2013 2947">
    <p class='ocr_par' dir='ltr' id='par_1_51' title="bbox 403 2852 1928 2946">
     <span class='ocr_line' id='line_1_51' title="bbox 403 2852 1928 2946; baseline 0.01 -44"><span class='ocrx_word' id='word_1_359' title='bbox 403 2852 468 2905; x_wconf 76' lang='grc' dir='ltr'><strong>Α.</strong></span> <span class='ocrx_word' id='word_1_360' title='bbox 522 2852 852 2924; x_wconf 83' lang='grc' dir='ltr'>’Λρτιφανὴς</span> <span class='ocrx_word' id='word_1_361' title='bbox 887 2855 984 2924; x_wconf 85' lang='grc' dir='ltr'>μὲν</span> <span class='ocrx_word' id='word_1_362' title='bbox 1008 2855 1248 2926; x_wconf 85' lang='grc' dir='ltr'>δράκων,</span> <span class='ocrx_word' id='word_1_363' title='bbox 1280 2861 1308 2911; x_wconf 92' lang='lat'><strong>6</strong></span> <span class='ocrx_word' id='word_1_364' title='bbox 1342 2859 1556 2924; x_wconf 86' lang='grc' dir='ltr'>σκολιὸς</span> <span class='ocrx_word' id='word_1_365' title='bbox 1591 2861 1798 2928; x_wconf 74' lang='grc' dir='ltr'>οὑτοσὶ,</span> <span class='ocrx_word' id='word_1_366' title='bbox 1829 2865 1928 2946; x_wconf 31' lang='grc' dir='ltr'>καὶ.</span> 
     </span>
    </p>
   </div>
   <div class='ocr_carea' id='block_1_52' title="bbox 2003 2852 3613 2947">
    <p class='ocr_par' dir='ltr' id='par_1_52' title="bbox 2092 2869 3613 2947">
     <span class='ocr_line' id='line_1_52' title="bbox 2092 2869 3613 2947; baseline 0.013 -26"><span class='ocrx_word' id='word_1_367' title='bbox 2092 2869 2158 2922; x_wconf 80' lang='grc' dir='ltr'><strong>Α.</strong></span> <span class='ocrx_word' id='word_1_368' title='bbox 2199 2869 2408 2926; x_wconf 83' lang='lat' dir='ltr'><strong>Recens</strong></span> <span class='ocrx_word' id='word_1_369' title='bbox 2447 2872 2664 2940; x_wconf 89' lang='lat' dir='ltr'><strong>quidem</strong></span> <span class='ocrx_word' id='word_1_370' title='bbox 2703 2873 2865 2928; x_wconf 84' lang='lat' dir='ltr'><strong>draco</strong></span> <span class='ocrx_word' id='word_1_371' title='bbox 2904 2885 2988 2930; x_wconf 90' lang='lat' dir='ltr'><strong>est</strong></span> <span class='ocrx_word' id='word_1_372' title='bbox 3033 2891 3268 2947; x_wconf 89' lang='lat' dir='ltr'><strong>nequam</strong></span> <span class='ocrx_word' id='word_1_373' title='bbox 3311 2880 3402 2937; x_wconf 86' lang='lat' dir='ltr'><strong>ille</strong></span> <span class='ocrx_word' id='word_1_374' title='bbox 3439 2893 3495 2939; x_wconf 89' lang='lat' dir='ltr'><strong>et</strong></span> <span class='ocrx_word' id='word_1_375' title='bbox 3525 2898 3613 2940; x_wconf 86' lang='lat' dir='ltr'><strong>ve-</strong></span> 
     </span>
    </p>
   </div>
   <div class='ocr_carea' id='block_1_53' title="bbox 337 2942 1947 3044">
    <p class='ocr_par' dir='ltr' id='par_1_53' title="bbox 337 2942 1928 3028">
     <span class='ocr_line' id='line_1_53' title="bbox 337 2942 1928 3028; baseline 0.012 -36"><span class='ocrx_word' id='word_1_376' title='bbox 337 2942 400 3013; x_wconf 82' lang='grc' dir='ltr'><strong>ιῷ</strong></span> <span class='ocrx_word' id='word_1_377' title='bbox 432 2942 736 3012; x_wconf 75' lang='grc' dir='ltr'>μεθύουσαν</span> <span class='ocrx_word' id='word_1_378' title='bbox 757 2944 897 3014; x_wconf 79' lang='grc' dir='ltr'>ἔχων</span> <span class='ocrx_word' id='word_1_379' title='bbox 923 2947 1022 3018; x_wconf 84' lang='grc' dir='ltr'>τὴν</span> <span class='ocrx_word' id='word_1_380' title='bbox 1051 2948 1320 3017; x_wconf 81' lang='grc' dir='ltr'>γλῶτταν,</span> <span class='ocrx_word' id='word_1_381' title='bbox 1343 2953 1371 3004; x_wconf 83' lang='lat'><strong>6</strong></span> <span class='ocrx_word' id='word_1_382' title='bbox 1397 2955 1461 3023; x_wconf 79' lang='grc' dir='ltr'>τῇ</span> <span class='ocrx_word' id='word_1_383' title='bbox 1494 2955 1789 3028; x_wconf 80' lang='grc' dir='ltr'>παραδόσει</span> <span class='ocrx_word' id='word_1_384' title='bbox 1815 2942 1928 3012; x_wconf 85' lang='grc' dir='ltr'>τῶν</span> 
     </span>
    </p>
   </div>
   <div class='ocr_carea' id='block_1_54' title="bbox 1999 2942 3609 3044">
    <p class='ocr_par' dir='ltr' id='par_1_54' title="bbox 2028 2964 3609 3044">
     <span class='ocr_line' id='line_1_54' title="bbox 2028 2964 3609 3044; baseline 0.01 -30"><span class='ocrx_word' id='word_1_385' title='bbox 2028 2975 2168 3015; x_wconf 90' lang='lat' dir='ltr'><strong>neno</strong></span> <span class='ocrx_word' id='word_1_386' title='bbox 2193 2964 2538 3017; x_wconf 88' lang='lat' dir='ltr'><strong>temulentam</strong></span> <span class='ocrx_word' id='word_1_387' title='bbox 2563 2965 2766 3020; x_wconf 88' lang='lat' dir='ltr'><strong>habens</strong></span> <span class='ocrx_word' id='word_1_388' title='bbox 2792 2965 3049 3036; x_wconf 81' lang='lat' dir='ltr'><strong>linguam,</strong></span> <span class='ocrx_word' id='word_1_389' title='bbox 3071 2971 3609 3044; x_wconf 54' lang='lat' dir='ltr'><strong>quiquegcontempta‘</strong></span> 
     </span>
    </p>
   </div>
   <div class='ocr_carea' id='block_1_55' title="bbox 336 3034 1946 3136">
    <p class='ocr_par' dir='ltr' id='par_1_55' title="bbox 336 3034 1924 3123">
     <span class='ocr_line' id='line_1_55' title="bbox 336 3034 1924 3123; baseline 0.011 -38"><span class='ocrx_word' id='word_1_390' title='bbox 336 3034 436 3104; x_wconf 77' lang='grc' dir='ltr'>τῆς</span> <span class='ocrx_word' id='word_1_391' title='bbox 481 3036 805 3108; x_wconf 79' lang='grc' dir='ltr'>οἰκουμένης</span> <span class='ocrx_word' id='word_1_392' title='bbox 846 3041 1250 3109; x_wconf 85' lang='grc' dir='ltr'>μυσταγωγῶν,</span> <span class='ocrx_word' id='word_1_393' title='bbox 1292 3043 1491 3114; x_wconf 85' lang='grc' dir='ltr'>μᾶλλον</span> <span class='ocrx_word' id='word_1_394' title='bbox 1538 3047 1594 3099; x_wconf 88' lang='grc' dir='ltr'>δὲ</span> <span class='ocrx_word' id='word_1_395' title='bbox 1641 3049 1734 3101; x_wconf 76' lang='grc' dir='ltr'><strong>καὶ</strong></span> <span class='ocrx_word' id='word_1_396' title='bbox 1774 3050 1924 3123; x_wconf 86' lang='grc' dir='ltr'>πάσῃ</span> 
     </span>
    </p>
   </div>
   <div class='ocr_carea' id='block_1_56' title="bbox 2001 3034 3611 3136">
    <p class='ocr_par' dir='ltr' id='par_1_56' title="bbox 2029 3034 3611 3136">
     <span class='ocr_line' id='line_1_56' title="bbox 2029 3034 3611 3136; baseline 0.011 -32"><span class='ocrx_word' id='word_1_397' title='bbox 2029 3051 2318 3106; x_wconf 85' lang='lat' dir='ltr'><strong>traditione</strong></span> <span class='ocrx_word' id='word_1_398' title='bbox 2362 3067 2552 3107; x_wconf 88' lang='lat' dir='ltr'><strong>eorum</strong></span> <span class='ocrx_word' id='word_1_399' title='bbox 2599 3055 2690 3124; x_wconf 89' lang='lat' dir='ltr'><strong>qui</strong></span> <span class='ocrx_word' id='word_1_400' title='bbox 2747 3034 2940 3112; x_wconf 80' lang='lat' dir='ltr'><strong>orbem</strong></span> <span class='ocrx_word' id='word_1_401' title='bbox 2980 3069 3248 3114; x_wconf 89' lang='lat' dir='ltr'><strong>terrarum</strong></span> <span class='ocrx_word' id='word_1_402' title='bbox 3289 3076 3446 3118; x_wconf 87' lang='lat' dir='ltr'><strong>sacra</strong></span> <span class='ocrx_word' id='word_1_403' title='bbox 3495 3079 3611 3136; x_wconf 79' lang='lat' dir='ltr'><strong>my-</strong></span> 
     </span>
    </p>
   </div>
   <div class='ocr_carea' id='block_1_57' title="bbox 339 3126 1949 3244">
    <p class='ocr_par' dir='ltr' id='par_1_57' title="bbox 339 3126 1925 3244">
     <span class='ocr_line' id='line_1_57' title="bbox 339 3126 1925 3208; baseline 0.012 -31"><span class='ocrx_word' id='word_1_404' title='bbox 339 3129 409 3196; x_wconf 78' lang='grc' dir='ltr'><strong>τῇ.</strong></span> <span class='ocrx_word' id='word_1_405' title='bbox 437 3126 776 3199; x_wconf 84' lang='grc' dir='ltr'>θεοπνεύστῳ</span> <span class='ocrx_word' id='word_1_406' title='bbox 807 3131 997 3202; x_wconf 81' lang='grc' dir='ltr'>Γραφῇ</span> <span class='ocrx_word' id='word_1_407' title='bbox 1030 3136 1313 3205; x_wconf 81' lang='grc' dir='ltr'>μονονουχὶ</span> <span class='ocrx_word' id='word_1_408' title='bbox 1339 3138 1553 3208; x_wconf 80' lang='grc' dir='ltr'>χαίρειν</span> <span class='ocrx_word' id='word_1_409' title='bbox 1576 3141 1766 3206; x_wconf 87' lang='grc' dir='ltr'>είπὼν,</span> <span class='ocrx_word' id='word_1_410' title='bbox 1801 3158 1925 3196; x_wconf 66' lang='grc' dir='ltr'>καιά</span> 
     </span>
     <span class='ocr_line' id='line_1_58' title="bbox 339 3220 1874 3244; baseline 0 0"><span class='ocrx_word' id='word_1_411' title='bbox 339 3221 642 3244; x_wconf 63' lang='lat' dir='ltr'><strong>..-_-...L__._</strong></span> <span class='ocrx_word' id='word_1_412' title='bbox 671 3220 722 3244; x_wconf 55' lang='grc' dir='ltr'>βλ</span> <span class='ocrx_word' id='word_1_413' title='bbox 753 3222 806 3244; x_wconf 64' lang='grc' dir='ltr'><strong>-ὶ</strong></span> <span class='ocrx_word' id='word_1_414' title='bbox 847 3224 985 3244; x_wconf 49' lang='grc' dir='ltr'><strong>υ)-ξὶ</strong></span> <span class='ocrx_word' id='word_1_415' title='bbox 1026 3225 1068 3244; x_wconf 31' lang='lat' dir='ltr'><strong>Q4</strong></span> <span class='ocrx_word' id='word_1_416' title='bbox 1128 3226 1176 3244; x_wconf 32' lang='grc' dir='ltr'><strong>κη’</strong></span> <span class='ocrx_word' id='word_1_417' title='bbox 1350 3229 1362 3244; x_wconf 72' lang='grc' dir='ltr'>ι</span> <span class='ocrx_word' id='word_1_418' title='bbox 1399 3229 1435 3244; x_wconf 77' lang='grc' dir='ltr'>Λ</span> <span class='ocrx_word' id='word_1_419' title='bbox 1548 3231 1558 3244; x_wconf 76' lang='grc' dir='ltr'><strong>ι</strong></span> <span class='ocrx_word' id='word_1_420' title='bbox 1735 3233 1746 3244; x_wconf 69' lang='grc' dir='ltr'>ι</span> <span class='ocrx_word' id='word_1_421' title='bbox 1863 3235 1874 3244; x_wconf 88' lang='grc'><em>.</em></span> 
     </span>
    </p>
   </div>
   <div class='ocr_carea' id='block_1_58' title="bbox 2003 3126 3613 3244">
    <p class='ocr_par' dir='ltr' id='par_1_58' title="bbox 2028 3141 3613 3214">
     <span class='ocr_line' id='line_1_59' title="bbox 2028 3141 3613 3214; baseline 0.008 -19"><span class='ocrx_word' id='word_1_422' title='bbox 2028 3141 2193 3196; x_wconf 80' lang='lat' dir='ltr'><strong>steria</strong></span> <span class='ocrx_word' id='word_1_423' title='bbox 2229 3144 2548 3210; x_wconf 88' lang='lat' dir='ltr'><strong>docuerunt,</strong></span> <span class='ocrx_word' id='word_1_424' title='bbox 2601 3144 2711 3200; x_wconf 85' lang='lat' dir='ltr'><strong>imo</strong></span> <span class='ocrx_word' id='word_1_425' title='bbox 2756 3147 2937 3214; x_wconf 85' lang='lat' dir='ltr'><strong>potius</strong></span> <span class='ocrx_word' id='word_1_426' title='bbox 2983 3149 3236 3205; x_wconf 85' lang='lat' dir='ltr'><strong>universa</strong></span> <span class='ocrx_word' id='word_1_427' title='bbox 3271 3166 3428 3208; x_wconf 86' lang='lat' dir='ltr'><strong>sacra</strong></span> <span class='ocrx_word' id='word_1_428' title='bbox 3465 3152 3613 3210; x_wconf 88' lang='lat' dir='ltr'><strong>Scri-</strong></span> 
     </span>
    </p>
   </div>
   <div class='ocr_carea' id='block_1_59' title="bbox 337 3220 1947 3309">
    <p class='ocr_par' dir='ltr' id='par_1_59' title="bbox 337 3220 1924 3302">
     <span class='ocr_line' id='line_1_60' title="bbox 337 3220 1924 3302; baseline 0.012 -33"><span class='ocrx_word' id='word_1_429' title='bbox 337 3221 642 3290; x_wconf 84' lang='grc' dir='ltr'>νοτομήσας</span> <span class='ocrx_word' id='word_1_430' title='bbox 667 3220 725 3274; x_wconf 83' lang='grc' dir='ltr'>δὲ</span> <span class='ocrx_word' id='word_1_431' title='bbox 751 3222 811 3274; x_wconf 89' lang='grc' dir='ltr'><strong>τὸ</strong></span> <span class='ocrx_word' id='word_1_432' title='bbox 841 3224 992 3294; x_wconf 69' lang='grc' dir='ltr'>αὐτῷ</span> <span class='ocrx_word' id='word_1_433' title='bbox 1019 3225 1231 3293; x_wconf 80' lang='grc' dir='ltr'>δοκοῦν,</span> <span class='ocrx_word' id='word_1_434' title='bbox 1277 3229 1370 3282; x_wconf 75' lang='grc' dir='ltr'><strong>καὶ</strong></span> <span class='ocrx_word' id='word_1_435' title='bbox 1396 3229 1659 3283; x_wconf 85' lang='grc' dir='ltr'>Θεοτόκον</span> <span class='ocrx_word' id='word_1_436' title='bbox 1693 3233 1790 3302; x_wconf 86' lang='grc' dir='ltr'>μὲν</span> <span class='ocrx_word' id='word_1_437' title='bbox 1823 3235 1924 3288; x_wconf 88' lang='grc' dir='ltr'><strong>οὐκ</strong></span> 
     </span>
    </p>
   </div>
   <div class='ocr_carea' id='block_1_60' title="bbox 2000 3220 3610 3309">
    <p class='ocr_par' dir='ltr' id='par_1_60' title="bbox 2025 3237 3610 3309">
     <span class='ocr_line' id='line_1_61' title="bbox 2025 3237 3610 3309; baseline 0.01 -23"><span class='ocrx_word' id='word_1_438' title='bbox 2025 3244 2184 3304; x_wconf 86' lang='lat' dir='ltr'><strong>ptura</strong></span> <span class='ocrx_word' id='word_1_439' title='bbox 2214 3237 2392 3292; x_wconf 89' lang='lat' dir='ltr'><strong>valere</strong></span> <span class='ocrx_word' id='word_1_440' title='bbox 2417 3238 2592 3305; x_wconf 74' lang='lat' dir='ltr'><strong>jussa,</strong></span> <span class='ocrx_word' id='word_1_441' title='bbox 2633 3237 2904 3307; x_wconf 86' lang='lat' dir='ltr'><strong>rebusque</strong></span> <span class='ocrx_word' id='word_1_442' title='bbox 2934 3241 3088 3294; x_wconf 84' lang='lat' dir='ltr'><strong>novis</strong></span> <span class='ocrx_word' id='word_1_443' title='bbox 3123 3256 3220 3309; x_wconf 83' lang='lat' dir='ltr'><strong>pro</strong></span> <span class='ocrx_word' id='word_1_444' title='bbox 3266 3257 3361 3298; x_wconf 87' lang='lat' dir='ltr'><strong>sua</strong></span> <span class='ocrx_word' id='word_1_445' title='bbox 3390 3244 3610 3302; x_wconf 84' lang='lat' dir='ltr'><strong>libidine</strong></span> 
     </span>
    </p>
   </div>
   <div class='ocr_carea' id='block_1_61' title="bbox 337 3303 1947 3397">
    <p class='ocr_par' dir='ltr' id='par_1_61' title="bbox 337 3303 1921 3392">
     <span class='ocr_line' id='line_1_62' title="bbox 337 3303 1921 3392; baseline 0.011 -32"><span class='ocrx_word' id='word_1_446' title='bbox 337 3303 475 3362; x_wconf 80' lang='grc' dir='ltr'>εἶναι</span> <span class='ocrx_word' id='word_1_447' title='bbox 522 3308 696 3379; x_wconf 86' lang='grc' dir='ltr'>λέγων</span> <span class='ocrx_word' id='word_1_448' title='bbox 745 3314 846 3383; x_wconf 80' lang='grc' dir='ltr'><strong>τὴν</strong></span> <span class='ocrx_word' id='word_1_449' title='bbox 885 3315 1048 3383; x_wconf 82' lang='grc' dir='ltr'>ἁγίαν</span> <span class='ocrx_word' id='word_1_450' title='bbox 1102 3319 1402 3390; x_wconf 79' lang='grc' dir='ltr'>Παρθένον,</span> <span class='ocrx_word' id='word_1_451' title='bbox 1451 3322 1818 3392; x_wconf 85' lang='grc' dir='ltr'>Χριστοτὸκον</span> <span class='ocrx_word' id='word_1_452' title='bbox 1865 3325 1921 3378; x_wconf 80' lang='grc' dir='ltr'>δὲ</span> 
     </span>
    </p>
   </div>
   <div class='ocr_carea' id='block_1_62' title="bbox 1999 3303 3609 3397">
    <p class='ocr_par' dir='ltr' id='par_1_62' title="bbox 2026 3303 3609 3397">
     <span class='ocr_line' id='line_1_63' title="bbox 2026 3303 3609 3397; baseline 0.008 -19"><span class='ocrx_word' id='word_1_453' title='bbox 2026 3303 2384 3388; x_wconf 75' lang='lat' dir='ltr'><strong>introductis,</strong></span> <span class='ocrx_word' id='word_1_454' title='bbox 2421 3303 2668 3380; x_wconf 79' lang='lat' dir='ltr'><strong>sanctam</strong></span> <span class='ocrx_word' id='word_1_455' title='bbox 2714 3303 2987 3396; x_wconf 78' lang='lat' dir='ltr'><strong>Virginem</strong></span> <span class='ocrx_word' id='word_1_456' title='bbox 3034 3327 3318 3397; x_wconf 84' lang='lat' dir='ltr'><strong>Deiparam</strong></span> <span class='ocrx_word' id='word_1_457' title='bbox 3353 3347 3472 3388; x_wconf 86' lang='lat' dir='ltr'><strong>esse</strong></span> <span class='ocrx_word' id='word_1_458' title='bbox 3517 3350 3609 3390; x_wconf 85' lang='lat' dir='ltr'><strong>ne-</strong></span> 
     </span>
    </p>
   </div>
   <div class='ocr_carea' id='block_1_63' title="bbox 341 3403 1951 3492">
    <p class='ocr_par' dir='ltr' id='par_1_63' title="bbox 341 3403 1924 3485">
     <span class='ocr_line' id='line_1_64' title="bbox 341 3403 1924 3485; baseline 0.012 -33"><span class='ocrx_word' id='word_1_459' title='bbox 341 3403 542 3471; x_wconf 82' lang='grc' dir='ltr'>μᾶλλον</span> <span class='ocrx_word' id='word_1_460' title='bbox 585 3406 680 3458; x_wconf 57' lang='grc' dir='ltr'><strong>καλ⁹</strong></span> <span class='ocrx_word' id='word_1_461' title='bbox 707 3407 1122 3478; x_wconf 85' lang='grc' dir='ltr'>ἀνθρωποτόκον</span> <span class='ocrx_word' id='word_1_462' title='bbox 1151 3427 1166 3444; x_wconf 87' lang='grc'><strong>·</strong></span> <span class='ocrx_word' id='word_1_463' title='bbox 1216 3412 1381 3482; x_wconf 73' lang='grc' dir='ltr'>ἕτερα</span> <span class='ocrx_word' id='word_1_464' title='bbox 1422 3413 1479 3466; x_wconf 85' lang='grc' dir='ltr'>δὲ</span> <span class='ocrx_word' id='word_1_465' title='bbox 1528 3416 1665 3485; x_wconf 85' lang='grc' dir='ltr'>πρὸς</span> <span class='ocrx_word' id='word_1_466' title='bbox 1711 3417 1924 3482; x_wconf 82' lang='grc' dir='ltr'>τούτοις</span> 
     </span>
    </p>
   </div>
   <div class='ocr_carea' id='block_1_64' title="bbox 1993 3403 3603 3492">
    <p class='ocr_par' dir='ltr' id='par_1_64' title="bbox 2025 3417 3603 3492">
     <span class='ocr_line' id='line_1_65' title="bbox 2025 3417 3603 3492; baseline 0.008 -22"><span class='ocrx_word' id='word_1_467' title='bbox 2025 3427 2136 3487; x_wconf 85' lang='lat' dir='ltr'><strong>gat,</strong></span> <span class='ocrx_word' id='word_1_468' title='bbox 2174 3419 2266 3472; x_wconf 89' lang='lat' dir='ltr'><strong>sed</strong></span> <span class='ocrx_word' id='word_1_469' title='bbox 2299 3419 2480 3486; x_wconf 91' lang='lat' dir='ltr'><strong>potius</strong></span> <span class='ocrx_word' id='word_1_470' title='bbox 2506 3417 2789 3472; x_wconf 84' lang='lat' dir='ltr'><strong>Christum</strong></span> <span class='ocrx_word' id='word_1_471' title='bbox 2833 3420 2948 3474; x_wconf 83' lang='lat' dir='ltr'><strong>sive</strong></span> <span class='ocrx_word' id='word_1_472' title='bbox 2985 3420 3260 3476; x_wconf 88' lang='lat' dir='ltr'><strong>hominem</strong></span> <span class='ocrx_word' id='word_1_473' title='bbox 3297 3425 3603 3492; x_wconf 74' lang='lat' dir='ltr'><strong>peperisse,</strong></span> 
     </span>
    </p>
   </div>
   <div class='ocr_carea' id='block_1_65' title="bbox 335 3495 1945 3587">
    <p class='ocr_par' dir='ltr' id='par_1_65' title="bbox 335 3495 1920 3581">
     <span class='ocr_line' id='line_1_66' title="bbox 335 3495 1920 3581; baseline 0.011 -34"><span class='ocrx_word' id='word_1_474' title='bbox 335 3495 526 3569; x_wconf 85' lang='grc' dir='ltr'>ἀπηχῆ</span> <span class='ocrx_word' id='word_1_475' title='bbox 577 3500 669 3550; x_wconf 79' lang='grc' dir='ltr'>καὶ</span> <span class='ocrx_word' id='word_1_476' title='bbox 716 3500 1066 3571; x_wconf 80' lang='grc' dir='ltr'>ἀπόπληκτα,</span> <span class='ocrx_word' id='word_1_477' title='bbox 1099 3505 1211 3566; x_wconf 83' lang='grc' dir='ltr'>τοῖς</span> <span class='ocrx_word' id='word_1_478' title='bbox 1245 3504 1426 3575; x_wconf 85' lang='grc' dir='ltr'>ὀρθοῖς</span> <span class='ocrx_word' id='word_1_479' title='bbox 1458 3508 1552 3562; x_wconf 67' lang='grc' dir='ltr'>καὶ</span> <span class='ocrx_word' id='word_1_480' title='bbox 1599 3509 1920 3581; x_wconf 76' lang='grc' dir='ltr'>εἰλικρινέσι</span> 
     </span>
    </p>
   </div>
   <div class='ocr_carea' id='block_1_66' title="bbox 1997 3495 3607 3587">
    <p class='ocr_par' dir='ltr' id='par_1_66' title="bbox 2024 3509 3607 3587">
     <span class='ocr_line' id='line_1_67' title="bbox 2024 3509 3607 3587; baseline 0.006 -25"><span class='ocrx_word' id='word_1_481' title='bbox 2024 3511 2238 3578; x_wconf 88' lang='lat' dir='ltr'><strong>aliaque</strong></span> <span class='ocrx_word' id='word_1_482' title='bbox 2271 3509 2356 3565; x_wconf 92' lang='lat' dir='ltr'><strong>his</strong></span> <span class='ocrx_word' id='word_1_483' title='bbox 2385 3509 2564 3564; x_wconf 78' lang='lat' dir='ltr'><strong>atiinia</strong></span> <span class='ocrx_word' id='word_1_484' title='bbox 2596 3525 2856 3579; x_wconf 88' lang='lat' dir='ltr'><strong>perquam</strong></span> <span class='ocrx_word' id='word_1_485' title='bbox 2905 3513 3140 3566; x_wconf 83' lang='lat' dir='ltr'><strong>absurda</strong></span> <span class='ocrx_word' id='word_1_486' title='bbox 3186 3522 3354 3582; x_wconf 81' lang='lat' dir='ltr'><strong>atque</strong></span> <span class='ocrx_word' id='word_1_487' title='bbox 3391 3518 3607 3587; x_wconf 79' lang='lat' dir='ltr'><strong>stupida</strong></span> 
     </span>
    </p>
   </div>
   <div class='ocr_carea' id='block_1_67' title="bbox 335 3588 1945 3675">
    <p class='ocr_par' dir='ltr' id='par_1_67' title="bbox 335 3588 1809 3670">
     <span class='ocr_line' id='line_1_68' title="bbox 335 3588 1809 3670; baseline 0.009 -28"><span class='ocrx_word' id='word_1_488' title='bbox 335 3588 436 3657; x_wconf 78' lang='grc' dir='ltr'>τῆς</span> <span class='ocrx_word' id='word_1_489' title='bbox 467 3591 756 3663; x_wconf 79' lang='grc' dir='ltr'>καθολικῆς</span> <span class='ocrx_word' id='word_1_490' title='bbox 794 3592 1121 3664; x_wconf 87' lang='grc' dir='ltr'>Ἐκκλησίας</span> <span class='ocrx_word' id='word_1_491' title='bbox 1145 3597 1525 3669; x_wconf 80' lang='grc' dir='ltr'>ἐπεισφρήσας</span> <span class='ocrx_word' id='word_1_492' title='bbox 1556 3600 1809 3670; x_wconf 84' lang='grc' dir='ltr'>δόγμασι.</span> 
     </span>
    </p>
   </div>
   <div class='ocr_carea' id='block_1_68' title="bbox 1995 3588 3605 3675">
    <p class='ocr_par' dir='ltr' id='par_1_68' title="bbox 2026 3601 3605 3675">
     <span class='ocr_line' id='line_1_69' title="bbox 2026 3601 3605 3675; baseline 0.004 -18"><span class='ocrx_word' id='word_1_493' title='bbox 2026 3604 2192 3659; x_wconf 88' lang='lat' dir='ltr'><strong>rectis</strong></span> <span class='ocrx_word' id='word_1_494' title='bbox 2229 3619 2292 3658; x_wconf 86' lang='lat' dir='ltr'><strong>ac</strong></span> <span class='ocrx_word' id='word_1_495' title='bbox 2319 3604 2470 3674; x_wconf 90' lang='lat' dir='ltr'><strong>puris</strong></span> <span class='ocrx_word' id='word_1_496' title='bbox 2502 3603 2824 3664; x_wconf 78' lang='lat' dir='ltr'><strong>universalis</strong></span> <span class='ocrx_word' id='word_1_497' title='bbox 2857 3601 3114 3658; x_wconf 64' lang='lat' dir='ltr'><strong>Ecclesia:</strong></span> <span class='ocrx_word' id='word_1_498' title='bbox 3141 3605 3481 3675; x_wconf 81' lang='lat' dir='ltr'><strong>dogmatibus</strong></span> <span class='ocrx_word' id='word_1_499' title='bbox 3511 3623 3605 3663; x_wconf 87' lang='lat' dir='ltr'><strong>su-</strong></span> 
     </span>
    </p>
   </div>
   <div class='ocr_carea' id='block_1_69' title="bbox 2096 3694 2379 3749">
    <p class='ocr_par' dir='ltr' id='par_1_69' title="bbox 2096 3694 2379 3749">
     <span class='ocr_line' id='line_1_70' title="bbox 2096 3694 2379 3749; baseline 0 -1"><span class='ocrx_word' id='word_1_500' title='bbox 2096 3694 2379 3749; x_wconf 84' lang='lat' dir='ltr'><strong>rinferens.</strong></span> 
     </span>
    </p>
   </div>
   <div class='ocr_carea' id='block_1_70' title="bbox 408 3709 2018 3853">
    <p class='ocr_par' dir='ltr' id='par_1_70' title="bbox 408 3768 1914 3853">
     <span class='ocr_line' id='line_1_71' title="bbox 408 3768 1914 3853; baseline 0.012 -33"><span class='ocrx_word' id='word_1_501' title='bbox 408 3769 470 3824; x_wconf 80' lang='grc' dir='ltr'><strong>Β.</strong></span> <span class='ocrx_word' id='word_1_502' title='bbox 505 3769 819 3843; x_wconf 75' lang='grc' dir='ltr'>Νεστόριον,</span> <span class='ocrx_word' id='word_1_503' title='bbox 842 3768 1016 3842; x_wconf 77' lang='grc' dir='ltr'>οἶμαι,</span> <span class='ocrx_word' id='word_1_504' title='bbox 1053 3774 1178 3845; x_wconf 86' lang='grc' dir='ltr'>φής.</span> <span class='ocrx_word' id='word_1_505' title='bbox 1222 3775 1454 3848; x_wconf 81' lang='grc' dir='ltr'>Συνίημι</span> <span class='ocrx_word' id='word_1_506' title='bbox 1482 3780 1590 3851; x_wconf 81' lang='grc' dir='ltr'>γὰρ</span> <span class='ocrx_word' id='word_1_507' title='bbox 1632 3782 1730 3853; x_wconf 71' lang='grc' dir='ltr'><strong>ἤδη</strong></span> <span class='ocrx_word' id='word_1_508' title='bbox 1767 3801 1914 3850; x_wconf 80' lang='grc' dir='ltr'>πως,</span> 
     </span>
    </p>
   </div>
   <div class='ocr_carea' id='block_1_71' title="bbox 1994 3709 3604 3853">
    <p class='ocr_par' dir='ltr' id='par_1_71' title="bbox 2022 3709 3604 3853">
     <span class='ocr_line' id='line_1_72' title="bbox 2059 3709 2379 3750; baseline -0.006 0"><span class='ocrx_word' id='word_1_509' title='bbox 2059 3709 2379 3750; x_wconf 87' lang='lat' dir='ltr'><strong>ernnerens.</strong></span> 
     </span>
     <span class='ocr_line' id='line_1_73' title="bbox 2022 3709 3604 3853; baseline 0.003 -14"><span class='ocrx_word' id='word_1_510' title='bbox 2022 3709 2056 3763; x_wconf 65' lang='grc' dir='ltr'><strong>Ρ</strong></span> <span class='ocrx_word' id='word_1_511' title='bbox 2096 3786 2154 3839; x_wconf 83' lang='grc' dir='ltr'><strong>Β.</strong></span> <span class='ocrx_word' id='word_1_512' title='bbox 2197 3785 2534 3850; x_wconf 66' lang='lat' dir='ltr'><strong>Nestorium;</strong></span> <span class='ocrx_word' id='word_1_513' title='bbox 2569 3793 2629 3840; x_wconf 90' lang='lat' dir='ltr'><strong>ut</strong></span> <span class='ocrx_word' id='word_1_514' title='bbox 2657 3784 2913 3846; x_wconf 87' lang='lat' dir='ltr'><strong>arbitror,</strong></span> <span class='ocrx_word' id='word_1_515' title='bbox 2966 3784 3264 3853; x_wconf 81' lang='lat' dir='ltr'><strong>signiﬁcas.</strong></span> <span class='ocrx_word' id='word_1_516' title='bbox 3306 3784 3427 3840; x_wconf 83' lang='lat' dir='ltr'><strong>Jam</strong></span> <span class='ocrx_word' id='word_1_517' title='bbox 3461 3787 3604 3844; x_wconf 83' lang='lat' dir='ltr'><strong>enim</strong></span> 
     </span>
    </p>
   </div>
   <div class='ocr_carea' id='block_1_72' title="bbox 333 3858 1943 3946">
    <p class='ocr_par' dir='ltr' id='par_1_72' title="bbox 333 3858 1921 3940">
     <span class='ocr_line' id='line_1_74' title="bbox 333 3858 1921 3940; baseline 0.011 -29"><span class='ocrx_word' id='word_1_518' title='bbox 333 3858 474 3911; x_wconf 83' lang='grc' dir='ltr'>ἀλλὰ</span> <span class='ocrx_word' id='word_1_519' title='bbox 514 3861 568 3912; x_wconf 86' lang='grc' dir='ltr'><strong>τί</strong></span> <span class='ocrx_word' id='word_1_520' title='bbox 599 3862 658 3914; x_wconf 86' lang='grc' dir='ltr'><strong>τὸ</strong></span> <span class='ocrx_word' id='word_1_521' title='bbox 687 3864 894 3933; x_wconf 81' lang='grc' dir='ltr'>χρῆμα,</span> <span class='ocrx_word' id='word_1_522' title='bbox 922 3858 966 3916; x_wconf 81' lang='grc' dir='ltr'><strong>ὦ</strong></span> <span class='ocrx_word' id='word_1_523' title='bbox 992 3867 1108 3928; x_wconf 84' lang='grc' dir='ltr'>τᾶν,</span> <span class='ocrx_word' id='word_1_524' title='bbox 1157 3866 1266 3920; x_wconf 83' lang='grc' dir='ltr'><strong>τῶν</strong></span> <span class='ocrx_word' id='word_1_525' title='bbox 1312 3869 1523 3922; x_wconf 87' lang='grc' dir='ltr'>ἐκείνου</span> <span class='ocrx_word' id='word_1_526' title='bbox 1579 3871 1772 3940; x_wconf 87' lang='grc' dir='ltr'>λόγων,</span> <span class='ocrx_word' id='word_1_527' title='bbox 1819 3876 1921 3929; x_wconf 85' lang='grc' dir='ltr'><strong>οὐκ</strong></span> 
     </span>
    </p>
   </div>
   <div class='ocr_carea' id='block_1_73' title="bbox 1993 3858 3603 3946">
    <p class='ocr_par' dir='ltr' id='par_1_73' title="bbox 2023 3874 3603 3946">
     <span class='ocr_line' id='line_1_75' title="bbox 2023 3874 3603 3946; baseline 0 -14"><span class='ocrx_word' id='word_1_528' title='bbox 2023 3879 2284 3946; x_wconf 73' lang='lat' dir='ltr'><strong>intelligo.</strong></span> <span class='ocrx_word' id='word_1_529' title='bbox 2339 3877 2625 3944; x_wconf 85' lang='lat' dir='ltr'><strong>Opinionis</strong></span> <span class='ocrx_word' id='word_1_530' title='bbox 2671 3891 2802 3928; x_wconf 88' lang='lat' dir='ltr'><strong>vero</strong></span> <span class='ocrx_word' id='word_1_531' title='bbox 2845 3874 2964 3942; x_wconf 87' lang='lat' dir='ltr'><strong>ejus</strong></span> <span class='ocrx_word' id='word_1_532' title='bbox 3015 3875 3154 3928; x_wconf 86' lang='lat' dir='ltr'><strong>ratio</strong></span> <span class='ocrx_word' id='word_1_533' title='bbox 3209 3876 3342 3930; x_wconf 86' lang='lat' dir='ltr'><strong>mihi</strong></span> <span class='ocrx_word' id='word_1_534' title='bbox 3386 3881 3603 3946; x_wconf 77' lang='lat' dir='ltr'><strong>cognita</strong></span> 
     </span>
    </p>
   </div>
   <div class='ocr_carea' id='block_1_74' title="bbox 330 3951 1940 4045">
    <p class='ocr_par' dir='ltr' id='par_1_74' title="bbox 330 3951 1920 4035">
     <span class='ocr_line' id='line_1_76' title="bbox 330 3951 1920 4035; baseline 0.011 -30"><span class='ocrx_word' id='word_1_535' title='bbox 330 3951 442 4022; x_wconf 77' lang='grc' dir='ltr'><strong>ἔχω</strong></span> <span class='ocrx_word' id='word_1_536' title='bbox 471 3957 633 4007; x_wconf 81' lang='grc' dir='ltr'>νοεῖν·</span> <span class='ocrx_word' id='word_1_537' title='bbox 661 3955 922 4012; x_wconf 77' lang='grc' dir='ltr'>Θεοτόκον</span> <span class='ocrx_word' id='word_1_538' title='bbox 949 3958 1006 4011; x_wconf 80' lang='grc' dir='ltr'>δὲ</span> <span class='ocrx_word' id='word_1_539' title='bbox 1038 3958 1153 4022; x_wconf 79' lang='grc' dir='ltr'>πῶς</span> <span class='ocrx_word' id='word_1_540' title='bbox 1179 3961 1280 4012; x_wconf 83' lang='grc' dir='ltr'><strong>οὐκ</strong></span> <span class='ocrx_word' id='word_1_541' title='bbox 1305 3957 1446 4015; x_wconf 85' lang='grc' dir='ltr'>εἷναί</span> <span class='ocrx_word' id='word_1_542' title='bbox 1473 3980 1606 4033; x_wconf 79' lang='grc' dir='ltr'>φησι</span> <span class='ocrx_word' id='word_1_543' title='bbox 1633 3965 1731 4035; x_wconf 85' lang='grc' dir='ltr'><strong>τὴν</strong></span> <span class='ocrx_word' id='word_1_544' title='bbox 1756 3968 1920 4035; x_wconf 82' lang='grc' dir='ltr'>ἁγίαν</span> 
     </span>
    </p>
   </div>
   <div class='ocr_carea' id='block_1_75' title="bbox 2051 3951 3661 4045">
    <p class='ocr_par' dir='ltr' id='par_1_75' title="bbox 2051 3966 3661 4045">
     <span class='ocr_line' id='line_1_77' title="bbox 2051 3966 3661 4045; baseline 0.001 -22"><span class='ocrx_word' id='word_1_545' title='bbox 2051 3985 2128 4024; x_wconf 85' lang='grc' dir='ltr'><strong>ιοη</strong></span> <span class='ocrx_word' id='word_1_546' title='bbox 2169 3981 2272 4024; x_wconf 85' lang='lat' dir='ltr'><strong>est.</strong></span> <span class='ocrx_word' id='word_1_547' title='bbox 2310 3970 2558 4034; x_wconf 87' lang='lat' dir='ltr'><strong>Quonam</strong></span> <span class='ocrx_word' id='word_1_548' title='bbox 2603 3975 2788 4022; x_wconf 79' lang='lat' dir='ltr'><strong>autem</strong></span> <span class='ocrx_word' id='word_1_549' title='bbox 2837 3974 2998 4034; x_wconf 86' lang='lat' dir='ltr'><strong>pacto</strong></span> <span class='ocrx_word' id='word_1_550' title='bbox 3031 3975 3273 4020; x_wconf 87' lang='lat' dir='ltr'><strong>sanctam</strong></span> <span class='ocrx_word' id='word_1_551' title='bbox 3331 3966 3605 4040; x_wconf 78' lang='lat' dir='ltr'><strong>Virginem</strong></span> <span class='ocrx_word' id='word_1_552' title='bbox 3657 4041 3661 4045; x_wconf 27' lang='grc' dir='ltr'><em>ι</em></span> 
     </span>
    </p>
   </div>
   <div class='ocr_carea' id='block_1_76' title="bbox 326 4045 1936 4130">
    <p class='ocr_par' dir='ltr' id='par_1_76' title="bbox 326 4045 640 4117">
     <span class='ocr_line' id='line_1_78' title="bbox 326 4045 640 4117; baseline 0.01 -20"><span class='ocrx_word' id='word_1_553' title='bbox 326 4045 608 4117; x_wconf 81' lang='grc' dir='ltr'>Παρθένον</span> <span class='ocrx_word' id='word_1_554' title='bbox 626 4063 640 4112; x_wconf 90' lang='lat'><strong>;</strong></span> 
     </span>
    </p>
   </div>
   <div class='ocr_carea' id='block_1_77' title="bbox 1076 4045 2686 4130">
    <p class='ocr_par' dir='ltr' id='par_1_77' title="bbox 2023 4059 2686 4130">
     <span class='ocr_line' id='line_1_79' title="bbox 2023 4059 2686 4130; baseline -0.005 -16"><span class='ocrx_word' id='word_1_555' title='bbox 2023 4061 2304 4130; x_wconf 83' lang='lat' dir='ltr'><strong>Deiparam</strong></span> <span class='ocrx_word' id='word_1_556' title='bbox 2336 4074 2456 4114; x_wconf 90' lang='lat' dir='ltr'><strong>esse</strong></span> <span class='ocrx_word' id='word_1_557' title='bbox 2488 4067 2642 4128; x_wconf 80' lang='lat' dir='ltr'><strong>negat</strong></span> <span class='ocrx_word' id='word_1_558' title='bbox 2664 4059 2686 4111; x_wconf 88' lang='lat'><strong>?</strong></span> 
     </span>
    </p>
   </div>
   <div class='ocr_carea' id='block_1_78' title="bbox 397 4139 2007 4226">
    <p class='ocr_par' dir='ltr' id='par_1_78' title="bbox 397 4139 1918 4220">
     <span class='ocr_line' id='line_1_80' title="bbox 397 4139 1918 4220; baseline 0.01 -32"><span class='ocrx_word' id='word_1_559' title='bbox 397 4140 465 4189; x_wconf 83' lang='lat' dir='ltr'><strong>A.</strong></span> <span class='ocrx_word' id='word_1_560' title='bbox 503 4140 582 4190; x_wconf 75' lang='grc' dir='ltr'><strong>Οὐ</strong></span> <span class='ocrx_word' id='word_1_561' title='bbox 616 4139 726 4209; x_wconf 81' lang='grc' dir='ltr'>γάρ</span> <span class='ocrx_word' id='word_1_562' title='bbox 759 4157 862 4208; x_wconf 72' lang='grc' dir='ltr'>τοι,</span> <span class='ocrx_word' id='word_1_563' title='bbox 895 4141 1050 4211; x_wconf 72' lang='grc' dir='ltr'>φησὶ,</span> <span class='ocrx_word' id='word_1_564' title='bbox 1093 4141 1230 4196; x_wconf 84' lang='grc' dir='ltr'>Θεὸν</span> <span class='ocrx_word' id='word_1_565' title='bbox 1259 4143 1572 4200; x_wconf 80' lang='grc' dir='ltr'>ἐκτέτοκεν.</span> <span class='ocrx_word' id='word_1_566' title='bbox 1599 4141 1708 4200; x_wconf 86' lang='grc' dir='ltr'>Ἦν</span> <span class='ocrx_word' id='word_1_567' title='bbox 1751 4148 1863 4220; x_wconf 82' lang='grc' dir='ltr'>γὰρ</span> <span class='ocrx_word' id='word_1_568' title='bbox 1889 4152 1918 4204; x_wconf 90' lang='lat'><strong>6</strong></span> 
     </span>
    </p>
   </div>
   <div class='ocr_carea' id='block_1_79' title="bbox 1993 4139 3603 4226">
    <p class='ocr_par' dir='ltr' id='par_1_79' title="bbox 2093 4149 3603 4226">
     <span class='ocr_line' id='line_1_81' title="bbox 2093 4149 3603 4226; baseline 0.003 -22"><span class='ocrx_word' id='word_1_569' title='bbox 2093 4151 2159 4204; x_wconf 84' lang='lat' dir='ltr'><strong>A.</strong></span> <span class='ocrx_word' id='word_1_570' title='bbox 2201 4149 2386 4220; x_wconf 76' lang='lat' dir='ltr'><strong>Neque</strong></span> <span class='ocrx_word' id='word_1_571' title='bbox 2411 4150 2576 4215; x_wconf 89' lang='lat' dir='ltr'><strong>enim,</strong></span> <span class='ocrx_word' id='word_1_572' title='bbox 2605 4149 2798 4219; x_wconf 86' lang='lat' dir='ltr'><strong>inquit,</strong></span> <span class='ocrx_word' id='word_1_573' title='bbox 2829 4151 2996 4206; x_wconf 88' lang='lat' dir='ltr'><strong>Deum</strong></span> <span class='ocrx_word' id='word_1_574' title='bbox 3029 4165 3094 4204; x_wconf 78' lang='lat' dir='ltr'><strong>ex</strong></span> <span class='ocrx_word' id='word_1_575' title='bbox 3120 4165 3179 4206; x_wconf 89' lang='lat' dir='ltr'><strong>se</strong></span> <span class='ocrx_word' id='word_1_576' title='bbox 3207 4151 3436 4226; x_wconf 75' lang='lat' dir='ltr'><strong>peperit.</strong></span> <span class='ocrx_word' id='word_1_577' title='bbox 3471 4151 3603 4208; x_wconf 86' lang='lat' dir='ltr'><strong>Nam</strong></span> 
     </span>
    </p>
   </div>
   <div class='ocr_carea' id='block_1_80' title="bbox 321 4229 1931 4314">
    <p class='ocr_par' dir='ltr' id='par_1_80' title="bbox 321 4229 1918 4308">
     <span class='ocr_line' id='line_1_82' title="bbox 321 4229 1918 4308; baseline 0.007 -25"><span class='ocrx_word' id='word_1_578' title='bbox 321 4229 503 4297; x_wconf 79' lang='grc' dir='ltr'>Λόγος</span> <span class='ocrx_word' id='word_1_579' title='bbox 542 4231 640 4282; x_wconf 73' lang='grc' dir='ltr'>καὶ</span> <span class='ocrx_word' id='word_1_580' title='bbox 683 4232 792 4302; x_wconf 84' lang='grc' dir='ltr'><strong>πρὸ</strong></span> <span class='ocrx_word' id='word_1_581' title='bbox 841 4235 1032 4306; x_wconf 74' lang='grc' dir='ltr'>αὐτῆς,</span> <span class='ocrx_word' id='word_1_582' title='bbox 1089 4237 1294 4306; x_wconf 81' lang='grc' dir='ltr'>μᾶλλον</span> <span class='ocrx_word' id='word_1_583' title='bbox 1344 4235 1402 4290; x_wconf 80' lang='grc' dir='ltr'>δὲ</span> <span class='ocrx_word' id='word_1_584' title='bbox 1437 4238 1531 4290; x_wconf 77' lang='grc' dir='ltr'>καὶ</span> <span class='ocrx_word' id='word_1_585' title='bbox 1568 4239 1675 4308; x_wconf 83' lang='grc' dir='ltr'><strong>πρὸ</strong></span> <span class='ocrx_word' id='word_1_586' title='bbox 1712 4240 1918 4304; x_wconf 86' lang='grc' dir='ltr'>παντὸς</span> 
     </span>
    </p>
   </div>
   <div class='ocr_carea' id='block_1_81' title="bbox 1995 4229 3605 4314">
    <p class='ocr_par' dir='ltr' id='par_1_81' title="bbox 2025 4242 3605 4314">
     <span class='ocr_line' id='line_1_83' title="bbox 2025 4242 3605 4314; baseline 0.003 -18"><span class='ocrx_word' id='word_1_587' title='bbox 2025 4242 2262 4298; x_wconf 86' lang='lat' dir='ltr'><strong>Verbum</strong></span> <span class='ocrx_word' id='word_1_588' title='bbox 2306 4252 2430 4299; x_wconf 87' lang='lat' dir='ltr'><strong>ante</strong></span> <span class='ocrx_word' id='word_1_589' title='bbox 2475 4243 2646 4313; x_wconf 90' lang='lat' dir='ltr'><strong>ipsam</strong></span> <span class='ocrx_word' id='word_1_590' title='bbox 2689 4253 2826 4311; x_wconf 87' lang='lat' dir='ltr'><strong>erat,</strong></span> <span class='ocrx_word' id='word_1_591' title='bbox 2861 4255 3026 4314; x_wconf 81' lang='lat' dir='ltr'><strong>atque</strong></span> <span class='ocrx_word' id='word_1_592' title='bbox 3077 4245 3209 4298; x_wconf 84' lang='lat' dir='ltr'><strong>adeo</strong></span> <span class='ocrx_word' id='word_1_593' title='bbox 3252 4255 3378 4300; x_wconf 86' lang='lat' dir='ltr'><strong>ante</strong></span> <span class='ocrx_word' id='word_1_594' title='bbox 3421 4249 3605 4300; x_wconf 84' lang='lat' dir='ltr'><strong>omnia</strong></span> 
     </span>
    </p>
   </div>
   <div class='ocr_carea' id='block_1_82' title="bbox 323 4321 1933 4406">
    <p class='ocr_par' dir='ltr' id='par_1_82' title="bbox 323 4321 1914 4404">
     <span class='ocr_line' id='line_1_84' title="bbox 323 4321 1914 4404; baseline 0.009 -31"><span class='ocrx_word' id='word_1_595' title='bbox 323 4321 526 4385; x_wconf 81' lang='grc' dir='ltr'>αἰῶνος</span> <span class='ocrx_word' id='word_1_596' title='bbox 561 4323 653 4376; x_wconf 73' lang='grc' dir='ltr'><strong>καὶ</strong></span> <span class='ocrx_word' id='word_1_597' title='bbox 691 4325 902 4396; x_wconf 80' lang='grc' dir='ltr'>χρόνον,</span> <span class='ocrx_word' id='word_1_598' title='bbox 947 4329 1215 4392; x_wconf 79' lang='grc' dir='ltr'>συναῒδιος</span> <span class='ocrx_word' id='word_1_599' title='bbox 1247 4328 1321 4383; x_wconf 85' lang='grc' dir='ltr'>ὣν</span> <span class='ocrx_word' id='word_1_600' title='bbox 1346 4329 1424 4400; x_wconf 84' lang='grc' dir='ltr'>τῷ</span> <span class='ocrx_word' id='word_1_601' title='bbox 1454 4329 1572 4400; x_wconf 87' lang='grc' dir='ltr'><strong>Θεῷ</strong></span> <span class='ocrx_word' id='word_1_602' title='bbox 1598 4331 1692 4383; x_wconf 75' lang='grc' dir='ltr'><strong>καὶ</strong></span> <span class='ocrx_word' id='word_1_603' title='bbox 1719 4332 1914 4404; x_wconf 85' lang='grc' dir='ltr'>Πατρί.</span> 
     </span>
    </p>
   </div>
   <div class='ocr_carea' id='block_1_83' title="bbox 1990 4321 3600 4406">
    <p class='ocr_par' dir='ltr' id='par_1_83' title="bbox 2020 4336 3600 4406">
     <span class='ocr_line' id='line_1_85' title="bbox 2020 4336 3600 4406; baseline 0.001 -13"><span class='ocrx_word' id='word_1_604' title='bbox 2020 4337 2214 4393; x_wconf 64' lang='lat' dir='ltr'><strong>saecula</strong></span> <span class='ocrx_word' id='word_1_605' title='bbox 2242 4345 2296 4392; x_wconf 89' lang='lat' dir='ltr'><strong>et</strong></span> <span class='ocrx_word' id='word_1_606' title='bbox 2323 4345 2586 4406; x_wconf 86' lang='lat' dir='ltr'><strong>tempora,</strong></span> <span class='ocrx_word' id='word_1_607' title='bbox 2621 4346 2806 4406; x_wconf 87' lang='lat' dir='ltr'><strong>utpote</strong></span> <span class='ocrx_word' id='word_1_608' title='bbox 2839 4349 3170 4392; x_wconf 73' lang='lat' dir='ltr'><strong>comternum</strong></span> <span class='ocrx_word' id='word_1_609' title='bbox 3211 4336 3318 4393; x_wconf 91' lang='lat' dir='ltr'><strong>Deo</strong></span> <span class='ocrx_word' id='word_1_610' title='bbox 3341 4354 3405 4394; x_wconf 93' lang='lat' dir='ltr'><strong>ac</strong></span> <span class='ocrx_word' id='word_1_611' title='bbox 3433 4337 3600 4394; x_wconf 87' lang='lat' dir='ltr'><strong>Patri.</strong></span> 
     </span>
    </p>
   </div>
   <div class='ocr_carea' id='block_1_84' title="bbox 321 4415 1931 4504">
    <p class='ocr_par' dir='ltr' id='par_1_84' title="bbox 321 4415 1918 4490">
     <span class='ocr_line' id='line_1_86' title="bbox 321 4415 1918 4490; baseline 0.008 -25"><span class='ocrx_word' id='word_1_612' title='bbox 321 4415 784 4485; x_wconf 82' lang='grc' dir='ltr'>Καταρνήσονται</span> <span class='ocrx_word' id='word_1_613' title='bbox 811 4417 874 4489; x_wconf 79' lang='grc' dir='ltr'>δὴ</span> <span class='ocrx_word' id='word_1_614' title='bbox 907 4415 1000 4472; x_wconf 84' lang='grc' dir='ltr'><strong>οῦν</strong></span> <span class='ocrx_word' id='word_1_615' title='bbox 1031 4422 1124 4473; x_wconf 78' lang='grc' dir='ltr'>καὶ</span> <span class='ocrx_word' id='word_1_616' title='bbox 1151 4420 1310 4475; x_wconf 85' lang='grc' dir='ltr'>τοῦτο</span> <span class='ocrx_word' id='word_1_617' title='bbox 1339 4421 1661 4490; x_wconf 81' lang='grc' dir='ltr'>ἀναφανδὸν,</span> <span class='ocrx_word' id='word_1_618' title='bbox 1695 4423 1769 4487; x_wconf 82' lang='grc' dir='ltr'>ὡς</span> <span class='ocrx_word' id='word_1_619' title='bbox 1802 4424 1918 4478; x_wconf 81' lang='grc' dir='ltr'>ἐστι</span> 
     </span>
    </p>
   </div>
   <div class='ocr_carea' id='block_1_85' title="bbox 1993 4415 3603 4504">
    <p class='ocr_par' dir='ltr' id='par_1_85' title="bbox 2019 4433 3603 4504">
     <span class='ocr_line' id='line_1_87' title="bbox 2019 4433 3603 4504; baseline 0 -16"><span class='ocrx_word' id='word_1_620' title='bbox 2019 4434 2348 4504; x_wconf 84' lang='lat' dir='ltr'><strong>Negaverint</strong></span> <span class='ocrx_word' id='word_1_621' title='bbox 2379 4434 2562 4502; x_wconf 76' lang='lat' dir='ltr'><strong>itaque</strong></span> <span class='ocrx_word' id='word_1_622' title='bbox 2594 4433 2760 4488; x_wconf 87' lang='lat' dir='ltr'><strong>etiam</strong></span> <span class='ocrx_word' id='word_1_623' title='bbox 2791 4434 2896 4488; x_wconf 89' lang='lat' dir='ltr'><strong>hoc</strong></span> <span class='ocrx_word' id='word_1_624' title='bbox 2938 4442 3146 4502; x_wconf 87' lang='lat' dir='ltr'><strong>aperte,</strong></span> <span class='ocrx_word' id='word_1_625' title='bbox 3195 4435 3337 4503; x_wconf 92' lang='lat' dir='ltr'><strong>quod</strong></span> <span class='ocrx_word' id='word_1_626' title='bbox 3378 4435 3603 4489; x_wconf 85' lang='lat' dir='ltr'><strong>Emnm-</strong></span> 
     </span>
    </p>
   </div>
   <div class='ocr_carea' id='block_1_86' title="bbox 318 4508 1928 4595">
    <p class='ocr_par' dir='ltr' id='par_1_86' title="bbox 318 4508 1916 4589">
     <span class='ocr_line' id='line_1_88' title="bbox 318 4508 1916 4589; baseline 0.008 -30"><span class='ocrx_word' id='word_1_627' title='bbox 318 4508 457 4570; x_wconf 82' lang='grc' dir='ltr'>Θεὸς</span> <span class='ocrx_word' id='word_1_628' title='bbox 498 4511 528 4561; x_wconf 85' lang='grc' dir='ltr'><strong>ὀ</strong></span> <span class='ocrx_word' id='word_1_629' title='bbox 567 4509 942 4584; x_wconf 82' lang='grc' dir='ltr'>Ἐμμανουὴλ,</span> <span class='ocrx_word' id='word_1_630' title='bbox 990 4515 1112 4585; x_wconf 78' lang='grc' dir='ltr'>εἰκῆ</span> <span class='ocrx_word' id='word_1_631' title='bbox 1157 4517 1213 4568; x_wconf 80' lang='grc' dir='ltr'><strong>δὲ</strong></span> <span class='ocrx_word' id='word_1_632' title='bbox 1254 4516 1329 4580; x_wconf 86' lang='grc' dir='ltr'>ὼς</span> <span class='ocrx_word' id='word_1_633' title='bbox 1376 4517 1522 4570; x_wconf 76' lang='grc' dir='ltr'>ἔοικε</span> <span class='ocrx_word' id='word_1_634' title='bbox 1566 4519 1916 4589; x_wconf 87' lang='grc' dir='ltr'>διερμηνεύει</span> 
     </span>
    </p>
   </div>
   <div class='ocr_carea' id='block_1_87' title="bbox 1993 4508 3603 4595">
    <p class='ocr_par' dir='ltr' id='par_1_87' title="bbox 1993 4523 3603 4595">
     <span class='ocr_line' id='line_1_89' title="bbox 1993 4523 3603 4595; baseline 0.002 -16"><span class='ocrx_word' id='word_1_635' title='bbox 1993 4556 1994 4567; x_wconf 61' lang='grc' dir='ltr'>ι</span> <span class='ocrx_word' id='word_1_636' title='bbox 2026 4527 2148 4580; x_wconf 89' lang='lat' dir='ltr'><strong>nuel</strong></span> <span class='ocrx_word' id='word_1_637' title='bbox 2183 4526 2256 4578; x_wconf 89' lang='lat' dir='ltr'><strong>sit</strong></span> <span class='ocrx_word' id='word_1_638' title='bbox 2286 4524 2449 4581; x_wconf 83' lang='lat' dir='ltr'><strong>Deus.</strong></span> <span class='ocrx_word' id='word_1_639' title='bbox 2490 4523 2672 4594; x_wconf 84' lang='lat' dir='ltr'><strong>Inepte</strong></span> <span class='ocrx_word' id='word_1_640' title='bbox 2702 4525 2866 4595; x_wconf 81' lang='lat' dir='ltr'><strong>igitur</strong></span> <span class='ocrx_word' id='word_1_641' title='bbox 2901 4525 3032 4580; x_wconf 88' lang='lat' dir='ltr'><strong>illud</strong></span> <span class='ocrx_word' id='word_1_642' title='bbox 3072 4526 3461 4595; x_wconf 85' lang='lat' dir='ltr'><strong>interpretatus</strong></span> <span class='ocrx_word' id='word_1_643' title='bbox 3487 4529 3603 4582; x_wconf 80' lang='lat' dir='ltr'><strong>fue-</strong></span> 
     </span>
    </p>
   </div>
   <div class='ocr_carea' id='block_1_88' title="bbox 315 4599 1925 4686">
    <p class='ocr_par' dir='ltr' id='par_1_88' title="bbox 315 4599 1915 4684">
     <span class='ocr_line' id='line_1_90' title="bbox 315 4599 1915 4684; baseline 0.009 -33"><span class='ocrx_word' id='word_1_644' title='bbox 315 4599 586 4670; x_wconf 80' lang='grc' dir='ltr'>τοῦνομα,</span> <span class='ocrx_word' id='word_1_645' title='bbox 637 4601 809 4671; x_wconf 85' lang='grc' dir='ltr'>λέγων</span> <span class='ocrx_word' id='word_1_646' title='bbox 847 4607 876 4657; x_wconf 87' lang='lat'><strong>6</strong></span> <span class='ocrx_word' id='word_1_647' title='bbox 924 4607 1349 4678; x_wconf 81' lang='grc' dir='ltr'>εὐαγγελιστής·</span> <span class='ocrx_word' id='word_1_648' title='bbox 1387 4626 1406 4659; x_wconf 82' lang='lat' dir='ltr'><strong>t</strong></span> <span class='ocrx_word' id='word_1_649' title='bbox 1440 4611 1508 4662; x_wconf 77' lang='grc' dir='ltr'>Ὀ</span> <span class='ocrx_word' id='word_1_650' title='bbox 1553 4611 1668 4663; x_wconf 83' lang='grc' dir='ltr'>ἐστι</span> <span class='ocrx_word' id='word_1_651' title='bbox 1718 4611 1915 4684; x_wconf 84' lang='grc' dir='ltr'>μεθερ-</span> 
     </span>
    </p>
   </div>
   <div class='ocr_carea' id='block_1_89' title="bbox 1997 4599 3607 4686">
    <p class='ocr_par' dir='ltr' id='par_1_89' title="bbox 2026 4616 3607 4686">
     <span class='ocr_line' id='line_1_91' title="bbox 2026 4616 3607 4686; baseline -0.001 -14"><span class='ocrx_word' id='word_1_652' title='bbox 2026 4619 2096 4672; x_wconf 86' lang='lat' dir='ltr'><strong>rit</strong></span> <span class='ocrx_word' id='word_1_653' title='bbox 2132 4619 2460 4686; x_wconf 85' lang='lat' dir='ltr'><strong>evangelista</strong></span> <span class='ocrx_word' id='word_1_654' title='bbox 2486 4656 2502 4682; x_wconf 91' lang='lat'><strong>,</strong></span> <span class='ocrx_word' id='word_1_655' title='bbox 2541 4617 2726 4673; x_wconf 86' lang='lat' dir='ltr'><strong>dicens</strong></span> <span class='ocrx_word' id='word_1_656' title='bbox 2757 4630 2772 4669; x_wconf 90' lang='lat'><strong>:</strong></span> <span class='ocrx_word' id='word_1_657' title='bbox 2809 4635 2828 4667; x_wconf 74' lang='grc' dir='ltr'><strong>ι</strong></span> <span class='ocrx_word' id='word_1_658' title='bbox 2858 4616 3010 4681; x_wconf 82' lang='lat' dir='ltr'><strong>Quod</strong></span> <span class='ocrx_word' id='word_1_659' title='bbox 3059 4617 3476 4684; x_wconf 89' lang='lat' dir='ltr'><strong>interpretatur,</strong></span> <span class='ocrx_word' id='word_1_660' title='bbox 3507 4617 3607 4671; x_wconf 76' lang='lat' dir='ltr'><strong>No-</strong></span> 
     </span>
    </p>
   </div>
   <div class='ocr_carea' id='block_1_90' title="bbox 319 4692 1929 4774">
    <p class='ocr_par' dir='ltr' id='par_1_90' title="bbox 319 4692 1914 4774">
     <span class='ocr_line' id='line_1_92' title="bbox 319 4692 1914 4774; baseline 0.008 -31"><span class='ocrx_word' id='word_1_661' title='bbox 319 4692 724 4762; x_wconf 84' lang='grc' dir='ltr'>μηνευόμενον,</span> <span class='ocrx_word' id='word_1_662' title='bbox 759 4694 894 4747; x_wconf 85' lang='grc' dir='ltr'>Μεθ’</span> <span class='ocrx_word' id='word_1_663' title='bbox 923 4696 1082 4765; x_wconf 83' lang='grc' dir='ltr'>ἡμῶν</span> <span class='ocrx_word' id='word_1_664' title='bbox 1107 4699 1136 4749; x_wconf 85' lang='lat'><strong>6</strong></span> <span class='ocrx_word' id='word_1_665' title='bbox 1167 4697 1351 4761; x_wconf 78' lang='grc' dir='ltr'>Θεός.»</span> <span class='ocrx_word' id='word_1_666' title='bbox 1389 4699 1545 4753; x_wconf 82' lang='grc' dir='ltr'>υῦτω</span> <span class='ocrx_word' id='word_1_667' title='bbox 1578 4702 1687 4772; x_wconf 78' lang='grc' dir='ltr'>γὰρ</span> <span class='ocrx_word' id='word_1_668' title='bbox 1713 4704 1914 4774; x_wconf 80' lang='grc' dir='ltr'>χρῆναι</span> 
     </span>
    </p>
   </div>
   <div class='ocr_carea' id='block_1_91' title="bbox 1997 4692 3607 4774">
    <p class='ocr_par' dir='ltr' id='par_1_91' title="bbox 2025 4706 3607 4764">
     <span class='ocr_line' id='line_1_93' title="bbox 2025 4706 3607 4764; baseline 0.001 -2"><span class='ocrx_word' id='word_1_669' title='bbox 2025 4709 2232 4763; x_wconf 81' lang='lat' dir='ltr'><strong>hiscum</strong></span> <span class='ocrx_word' id='word_1_670' title='bbox 2266 4707 2406 4762; x_wconf 88' lang='lat' dir='ltr'><strong>Deus</strong></span> <span class='ocrx_word' id='word_1_671' title='bbox 2429 4707 2495 4763; x_wconf 61' lang='grc' dir='ltr'><strong>εί.</strong></span> <span class='ocrx_word' id='word_1_672' title='bbox 2530 4726 2547 4760; x_wconf 76' lang='grc' dir='ltr'><strong>ι</strong></span> <span class='ocrx_word' id='word_1_673' title='bbox 2584 4709 2659 4762; x_wconf 89' lang='lat' dir='ltr'><strong>lta</strong></span> <span class='ocrx_word' id='word_1_674' title='bbox 2695 4709 2839 4763; x_wconf 90' lang='lat' dir='ltr'><strong>enim</strong></span> <span class='ocrx_word' id='word_1_675' title='bbox 2870 4706 3156 4762; x_wconf 80' lang='lat' dir='ltr'><strong>manifeste</strong></span> <span class='ocrx_word' id='word_1_676' title='bbox 3187 4709 3326 4762; x_wconf 85' lang='lat' dir='ltr'><strong>Deus</strong></span> <span class='ocrx_word' id='word_1_677' title='bbox 3353 4723 3416 4762; x_wconf 88' lang='lat' dir='ltr'><strong>ac</strong></span> <span class='ocrx_word' id='word_1_678' title='bbox 3447 4707 3607 4764; x_wconf 82' lang='lat' dir='ltr'><strong>Pater</strong></span> 
     </span>
    </p>
   </div>
   <div class='ocr_carea' id='block_1_92' title="bbox 315 4783 1925 4870">
    <p class='ocr_par' dir='ltr' id='par_1_92' title="bbox 315 4783 1914 4862">
     <span class='ocr_line' id='line_1_94' title="bbox 315 4783 1914 4862; baseline 0.008 -26"><span class='ocrx_word' id='word_1_679' title='bbox 315 4783 801 4854; x_wconf 79' lang='grc' dir='ltr'>κατονομάςεσθαι</span> <span class='ocrx_word' id='word_1_680' title='bbox 855 4787 1226 4844; x_wconf 77' lang='grc' dir='ltr'>διεϐεϐαιοῦτο</span> <span class='ocrx_word' id='word_1_681' title='bbox 1281 4791 1466 4859; x_wconf 82' lang='grc' dir='ltr'>σαφῶς</span> <span class='ocrx_word' id='word_1_682' title='bbox 1515 4793 1604 4846; x_wconf 74' lang='grc' dir='ltr'><strong>διὰ</strong></span> <span class='ocrx_word' id='word_1_683' title='bbox 1655 4795 1754 4862; x_wconf 74' lang='grc' dir='ltr'>τῆς</span> <span class='ocrx_word' id='word_1_684' title='bbox 1818 4795 1914 4849; x_wconf 87' lang='grc' dir='ltr'><strong>τοῦ</strong></span> 
     </span>
    </p>
   </div>
   <div class='ocr_carea' id='block_1_93' title="bbox 1995 4783 3605 4870">
    <p class='ocr_par' dir='ltr' id='par_1_93' title="bbox 2026 4799 3605 4870">
     <span class='ocr_line' id='line_1_95' title="bbox 2026 4799 3605 4870; baseline 0.001 -15"><span class='ocrx_word' id='word_1_685' title='bbox 2026 4815 2121 4868; x_wconf 89' lang='lat' dir='ltr'><strong>per</strong></span> <span class='ocrx_word' id='word_1_686' title='bbox 2157 4815 2342 4855; x_wconf 80' lang='lat' dir='ltr'><strong>vocem</strong></span> <span class='ocrx_word' id='word_1_687' title='bbox 2373 4800 2758 4870; x_wconf 84' lang='lat' dir='ltr'><strong>prephetarum</strong></span> <span class='ocrx_word' id='word_1_688' title='bbox 2805 4799 3094 4854; x_wconf 82' lang='lat' dir='ltr'><strong>aﬂirmavit</strong></span> <span class='ocrx_word' id='word_1_689' title='bbox 3128 4809 3382 4869; x_wconf 82' lang='lat' dir='ltr'><strong>Oportere</strong></span> <span class='ocrx_word' id='word_1_690' title='bbox 3423 4803 3605 4856; x_wconf 88' lang='lat' dir='ltr'><strong>vocari</strong></span> 
     </span>
    </p>
   </div>
   <div class='ocr_carea' id='block_1_94' title="bbox 317 4877 1927 4960">
    <p class='ocr_par' dir='ltr' id='par_1_94' title="bbox 317 4877 1916 4956">
     <span class='ocr_line' id='line_1_96' title="bbox 317 4877 1916 4956; baseline 0.008 -29"><span class='ocrx_word' id='word_1_691' title='bbox 317 4877 614 4946; x_wconf 77' lang='grc' dir='ltr'>προφήτου</span> <span class='ocrx_word' id='word_1_692' title='bbox 645 4877 834 4947; x_wconf 76' lang='grc' dir='ltr'>φωνῆς</span> <span class='ocrx_word' id='word_1_693' title='bbox 859 4881 886 4930; x_wconf 88' lang='lat'><strong>6</strong></span> <span class='ocrx_word' id='word_1_694' title='bbox 913 4879 1045 4943; x_wconf 84' lang='grc' dir='ltr'>Θεὸς</span> <span class='ocrx_word' id='word_1_695' title='bbox 1073 4881 1165 4934; x_wconf 75' lang='grc' dir='ltr'><strong>καὶ</strong></span> <span class='ocrx_word' id='word_1_696' title='bbox 1191 4881 1402 4953; x_wconf 83' lang='grc' dir='ltr'>Πατὴρ,</span> <span class='ocrx_word' id='word_1_697' title='bbox 1427 4884 1516 4936; x_wconf 86' lang='grc' dir='ltr'><strong>τὸν</strong></span> <span class='ocrx_word' id='word_1_698' title='bbox 1539 4886 1604 4936; x_wconf 81' lang='grc' dir='ltr'><strong>ἐκ</strong></span> <span class='ocrx_word' id='word_1_699' title='bbox 1629 4886 1728 4956; x_wconf 83' lang='grc' dir='ltr'>τῆς</span> <span class='ocrx_word' id='word_1_700' title='bbox 1754 4887 1916 4955; x_wconf 84' lang='grc' dir='ltr'>ἁγίας</span> 
     </span>
    </p>
   </div>
   <div class='ocr_carea' id='block_1_95' title="bbox 1997 4877 3607 4960">
    <p class='ocr_par' dir='ltr' id='par_1_95' title="bbox 2025 4888 3607 4960">
     <span class='ocr_line' id='line_1_97' title="bbox 2025 4888 3607 4960; baseline 0.002 -17"><span class='ocrx_word' id='word_1_701' title='bbox 2025 4902 2150 4943; x_wconf 89' lang='lat' dir='ltr'><strong>eum</strong></span> <span class='ocrx_word' id='word_1_702' title='bbox 2181 4891 2270 4960; x_wconf 91' lang='lat' dir='ltr'><strong>qui</strong></span> <span class='ocrx_word' id='word_1_703' title='bbox 2307 4904 2370 4944; x_wconf 84' lang='lat' dir='ltr'><strong>ex</strong></span> <span class='ocrx_word' id='word_1_704' title='bbox 2402 4899 2590 4945; x_wconf 86' lang='lat' dir='ltr'><strong>sancta</strong></span> <span class='ocrx_word' id='word_1_705' title='bbox 2613 4889 2837 4960; x_wconf 81' lang='lat' dir='ltr'><strong>Virgine</strong></span> <span class='ocrx_word' id='word_1_706' title='bbox 2863 4888 3164 4944; x_wconf 86' lang='lat' dir='ltr'><strong>secundum</strong></span> <span class='ocrx_word' id='word_1_707' title='bbox 3192 4902 3417 4945; x_wconf 89' lang='lat' dir='ltr'><strong>carnem</strong></span> <span class='ocrx_word' id='word_1_708' title='bbox 3449 4901 3607 4946; x_wconf 77' lang='lat' dir='ltr'><strong>natus</strong></span> 
     </span>
    </p>
   </div>
   <div class='ocr_carea' id='block_1_96' title="bbox 313 4969 1923 5052">
    <p class='ocr_par' dir='ltr' id='par_1_96' title="bbox 313 4969 1919 5052">
     <span class='ocr_line' id='line_1_98' title="bbox 313 4969 1919 5052; baseline 0.008 -32"><span class='ocrx_word' id='word_1_709' title='bbox 313 4969 604 5040; x_wconf 81' lang='grc' dir='ltr'>Παρθένου</span> <span class='ocrx_word' id='word_1_710' title='bbox 633 4971 772 5023; x_wconf 85' lang='grc' dir='ltr'>κατὰ</span> <span class='ocrx_word' id='word_1_711' title='bbox 805 4972 982 5040; x_wconf 78' lang='grc' dir='ltr'>σάρκα.</span> <span class='ocrx_word' id='word_1_712' title='bbox 1013 4979 1428 5045; x_wconf 81' lang='grc' dir='ltr'>γεγεννημένον,</span> <span class='ocrx_word' id='word_1_713' title='bbox 1464 4977 1537 5040; x_wconf 85' lang='grc' dir='ltr'><strong>ὡς</strong></span> <span class='ocrx_word' id='word_1_714' title='bbox 1569 4977 1919 5052; x_wconf 61' lang='grc' dir='ltr'>ἐνανθρωπήε</span> 
     </span>
    </p>
   </div>
   <div class='ocr_carea' id='block_1_97' title="bbox 1257 4969 2867 5052">
    <p class='ocr_par' dir='ltr' id='par_1_97' title="bbox 1257 4977 2867 5052">
     <span class='ocr_line' id='line_1_99' title="bbox 1257 4977 2867 5052; baseline 0.004 -25"><span class='ocrx_word' id='word_1_715' title='bbox 1257 4979 1428 5045; x_wconf 69' lang='grc' dir='ltr'>μένον,</span> <span class='ocrx_word' id='word_1_716' title='bbox 1464 4977 1537 5040; x_wconf 86' lang='grc' dir='ltr'><strong>ὡς</strong></span> <span class='ocrx_word' id='word_1_717' title='bbox 1569 4977 1919 5052; x_wconf 62' lang='grc' dir='ltr'>ἐνανθρωπήά</span> <span class='ocrx_word' id='word_1_718' title='bbox 2028 4990 2190 5046; x_wconf 83' lang='lat' dir='ltr'><strong>esset,</strong></span> <span class='ocrx_word' id='word_1_719' title='bbox 2223 4992 2280 5036; x_wconf 83' lang='lat' dir='ltr'><strong>ut</strong></span> <span class='ocrx_word' id='word_1_720' title='bbox 2309 4981 2479 5036; x_wconf 86' lang='lat' dir='ltr'><strong>Deum</strong></span> <span class='ocrx_word' id='word_1_721' title='bbox 2505 4983 2867 5036; x_wconf 87' lang='lat' dir='ltr'><strong>incarnatum.</strong></span> 
     </span>
    </p>
   </div>
   <div class='ocr_carea' id='block_1_98' title="bbox 314 5062 683 5116">
    <p class='ocr_par' dir='ltr' id='par_1_98' title="bbox 314 5062 683 5116">
     <span class='ocr_line' id='line_1_100' title="bbox 314 5062 683 5116; baseline 0.005 -2"><span class='ocrx_word' id='word_1_722' title='bbox 314 5079 492 5116; x_wconf 82' lang='grc' dir='ltr'>σαντα</span> <span class='ocrx_word' id='word_1_723' title='bbox 524 5062 683 5116; x_wconf 85' lang='grc' dir='ltr'>Θεὸν.</span> 
     </span>
    </p>
   </div>
   <div class='ocr_carea' id='block_1_99' title="bbox 387 5149 1997 5231">
    <p class='ocr_par' dir='ltr' id='par_1_99' title="bbox 387 5149 1914 5229">
     <span class='ocr_line' id='line_1_101' title="bbox 387 5149 1914 5229; baseline 0.007 -26"><span class='ocrx_word' id='word_1_724' title='bbox 387 5152 449 5205; x_wconf 89' lang='grc' dir='ltr'><strong>Β.</strong></span> <span class='ocrx_word' id='word_1_725' title='bbox 489 5153 686 5205; x_wconf 82' lang='grc' dir='ltr'>Καίτοι</span> <span class='ocrx_word' id='word_1_726' title='bbox 715 5153 864 5206; x_wconf 87' lang='grc' dir='ltr'>δοκεῖ</span> <span class='ocrx_word' id='word_1_727' title='bbox 912 5155 1012 5226; x_wconf 82' lang='grc' dir='ltr'><strong>μὲν</strong></span> <span class='ocrx_word' id='word_1_728' title='bbox 1041 5157 1268 5220; x_wconf 82' lang='grc' dir='ltr'>ἐκείνοις</span> <span class='ocrx_word' id='word_1_729' title='bbox 1299 5158 1398 5226; x_wconf 79' lang='grc' dir='ltr'><strong>οὐχ</strong></span> <span class='ocrx_word' id='word_1_730' title='bbox 1428 5149 1530 5212; x_wconf 79' lang='grc' dir='ltr'>ὧδε</span> <span class='ocrx_word' id='word_1_731' title='bbox 1563 5157 1716 5210; x_wconf 79' lang='grc' dir='ltr'>ταῦτ’</span> <span class='ocrx_word' id='word_1_732' title='bbox 1748 5159 1914 5229; x_wconf 82' lang='grc' dir='ltr'>ἔχειν,-</span> 
     </span>
    </p>
   </div>
   <div class='ocr_carea' id='block_1_100' title="bbox 1993 5149 3603 5231">
    <p class='ocr_par' dir='ltr' id='par_1_100' title="bbox 2097 5161 3603 5231">
     <span class='ocr_line' id='line_1_102' title="bbox 2097 5161 3603 5231; baseline 0.001 -16"><span class='ocrx_word' id='word_1_733' title='bbox 2097 5163 2158 5218; x_wconf 91' lang='grc' dir='ltr'><strong>Β.</strong></span> <span class='ocrx_word' id='word_1_734' title='bbox 2197 5162 2356 5231; x_wconf 81' lang='lat' dir='ltr'><strong>Atqui</strong></span> <span class='ocrx_word' id='word_1_735' title='bbox 2384 5161 2488 5216; x_wconf 90' lang='lat' dir='ltr'><strong>illis</strong></span> <span class='ocrx_word' id='word_1_736' title='bbox 2521 5176 2608 5216; x_wconf 90' lang='lat' dir='ltr'><strong>res</strong></span> <span class='ocrx_word' id='word_1_737' title='bbox 2644 5177 2749 5217; x_wconf 93' lang='lat' dir='ltr'><strong>non</strong></span> <span class='ocrx_word' id='word_1_738' title='bbox 2781 5162 2855 5217; x_wconf 85' lang='lat' dir='ltr'><strong>ita</strong></span> <span class='ocrx_word' id='word_1_739' title='bbox 2888 5176 2948 5217; x_wconf 87' lang='lat' dir='ltr'><strong>se</strong></span> <span class='ocrx_word' id='word_1_740' title='bbox 2983 5161 3184 5217; x_wconf 88' lang='lat' dir='ltr'><strong>habere</strong></span> <span class='ocrx_word' id='word_1_741' title='bbox 3213 5161 3426 5215; x_wconf 89' lang='lat' dir='ltr'><strong>videtur</strong></span> <span class='ocrx_word' id='word_1_742' title='bbox 3454 5177 3467 5214; x_wconf 90' lang='lat'>:</span> <span class='ocrx_word' id='word_1_743' title='bbox 3502 5173 3603 5216; x_wconf 83' lang='lat' dir='ltr'><strong>no-</strong></span> 
     </span>
    </p>
   </div>
   <div class='ocr_carea' id='block_1_101' title="bbox 316 5243 1926 5319">
    <p class='ocr_par' dir='ltr' id='par_1_101' title="bbox 316 5243 1911 5319">
     <span class='ocr_line' id='line_1_103' title="bbox 316 5243 1911 5319; baseline 0.006 -24"><span class='ocrx_word' id='word_1_744' title='bbox 316 5245 438 5314; x_wconf 86' lang='grc' dir='ltr'>μεθ’</span> <span class='ocrx_word' id='word_1_745' title='bbox 467 5243 629 5313; x_wconf 85' lang='grc' dir='ltr'>ἡμῶν</span> <span class='ocrx_word' id='word_1_746' title='bbox 660 5245 716 5296; x_wconf 88' lang='grc' dir='ltr'><strong>δέ</strong></span> <span class='ocrx_word' id='word_1_747' title='bbox 747 5249 905 5313; x_wconf 82' lang='grc' dir='ltr'>φαῖεν</span> <span class='ocrx_word' id='word_1_748' title='bbox 938 5248 1191 5314; x_wconf 84' lang='grc' dir='ltr'>γενέσθαι</span> <span class='ocrx_word' id='word_1_749' title='bbox 1223 5249 1371 5314; x_wconf 88' lang='grc' dir='ltr'>Θεὸν,</span> <span class='ocrx_word' id='word_1_750' title='bbox 1408 5251 1525 5319; x_wconf 75' lang='grc' dir='ltr'>ἦτοι</span> <span class='ocrx_word' id='word_1_751' title='bbox 1559 5249 1650 5302; x_wconf 86' lang='grc' dir='ltr'><strong>τὸν</strong></span> <span class='ocrx_word' id='word_1_752' title='bbox 1679 5252 1745 5304; x_wconf 82' lang='grc' dir='ltr'>ἐκ·</span> <span class='ocrx_word' id='word_1_753' title='bbox 1775 5251 1911 5306; x_wconf 83' lang='grc' dir='ltr'>Θεοῦ</span> 
     </span>
    </p>
   </div>
   <div class='ocr_carea' id='block_1_102' title="bbox 1993 5243 3603 5319">
    <p class='ocr_par' dir='ltr' id='par_1_102' title="bbox 2021 5255 3603 5310">
     <span class='ocr_line' id='line_1_104' title="bbox 2021 5255 3603 5310; baseline -0.001 0"><span class='ocrx_word' id='word_1_754' title='bbox 2021 5256 2228 5310; x_wconf 87' lang='lat' dir='ltr'><strong>hiscum</strong></span> <span class='ocrx_word' id='word_1_755' title='bbox 2280 5268 2406 5309; x_wconf 88' lang='lat' dir='ltr'><strong>vero</strong></span> <span class='ocrx_word' id='word_1_756' title='bbox 2459 5255 2658 5309; x_wconf 78' lang='lat' dir='ltr'><strong>factum</strong></span> <span class='ocrx_word' id='word_1_757' title='bbox 2708 5269 2827 5310; x_wconf 86' lang='lat' dir='ltr'><strong>esse</strong></span> <span class='ocrx_word' id='word_1_758' title='bbox 2886 5256 3051 5310; x_wconf 89' lang='lat' dir='ltr'><strong>Deum</strong></span> <span class='ocrx_word' id='word_1_759' title='bbox 3106 5255 3442 5308; x_wconf 83' lang='lat' dir='ltr'><strong>contendunt</strong></span> <span class='ocrx_word' id='word_1_760' title='bbox 3489 5255 3603 5310; x_wconf 84' lang='lat' dir='ltr'><strong>sive</strong></span> 
     </span>
    </p>
   </div>
   <div class='ocr_carea' id='block_1_103' title="bbox 312 5337 1922 5414">
    <p class='ocr_par' dir='ltr' id='par_1_103' title="bbox 312 5337 1918 5414">
     <span class='ocr_line' id='line_1_105' title="bbox 312 5337 1918 5414; baseline 0.007 -28"><span class='ocrx_word' id='word_1_761' title='bbox 312 5337 513 5404; x_wconf 77' lang='grc' dir='ltr'>Λόγον,</span> <span class='ocrx_word' id='word_1_762' title='bbox 550 5337 692 5389; x_wconf 84' lang='grc' dir='ltr'>κατὰ</span> <span class='ocrx_word' id='word_1_763' title='bbox 742 5353 806 5405; x_wconf 88' lang='grc' dir='ltr'><strong>γε</strong></span> <span class='ocrx_word' id='word_1_764' title='bbox 846 5338 973 5402; x_wconf 84' lang='grc' dir='ltr'>τοὺς</span> <span class='ocrx_word' id='word_1_765' title='bbox 1004 5341 1104 5409; x_wconf 84' lang='grc' dir='ltr'>τῆς</span> <span class='ocrx_word' id='word_1_766' title='bbox 1152 5343 1471 5412; x_wconf 82' lang='grc' dir='ltr'>ἐπικουρίας</span> <span class='ocrx_word' id='word_1_767' title='bbox 1519 5343 1775 5414; x_wconf 85' lang='grc' dir='ltr'>τρόπους.</span> <span class='ocrx_word' id='word_1_768' title='bbox 1821 5346 1918 5398; x_wconf 85' lang='grc' dir='ltr'><strong>Σέ-</strong></span> 
     </span>
    </p>
   </div>
   <div class='ocr_carea' id='block_1_104' title="bbox 1991 5337 3601 5414">
    <p class='ocr_par' dir='ltr' id='par_1_104' title="bbox 2029 5343 3601 5412">
     <span class='ocr_line' id='line_1_106' title="bbox 2029 5343 3601 5412; baseline -0.002 -11"><span class='ocrx_word' id='word_1_769' title='bbox 2029 5346 2259 5401; x_wconf 80' lang='lat' dir='ltr'><strong>Verbum</strong></span> <span class='ocrx_word' id='word_1_770' title='bbox 2299 5359 2362 5400; x_wconf 78' lang='lat' dir='ltr'><strong>ex</strong></span> <span class='ocrx_word' id='word_1_771' title='bbox 2399 5346 2526 5412; x_wconf 89' lang='lat' dir='ltr'><strong>Deo,</strong></span> <span class='ocrx_word' id='word_1_772' title='bbox 2571 5345 2780 5400; x_wconf 89' lang='lat' dir='ltr'><strong>ratione</strong></span> <span class='ocrx_word' id='word_1_773' title='bbox 2805 5345 3018 5400; x_wconf 83' lang='lat' dir='ltr'><strong>auxilii.</strong></span> <span class='ocrx_word' id='word_1_774' title='bbox 3057 5343 3298 5400; x_wconf 85' lang='lat' dir='ltr'><strong>Salvavit</strong></span> <span class='ocrx_word' id='word_1_775' title='bbox 3326 5345 3471 5400; x_wconf 88' lang='lat' dir='ltr'><strong>enim</strong></span> <span class='ocrx_word' id='word_1_776' title='bbox 3512 5360 3601 5400; x_wconf 87' lang='lat' dir='ltr'><strong>or-</strong></span> 
     </span>
    </p>
   </div>
   <div class='ocr_carea' id='block_1_105' title="bbox 315 5430 1925 5508">
    <p class='ocr_par' dir='ltr' id='par_1_105' title="bbox 315 5430 1916 5507">
     <span class='ocr_line' id='line_1_107' title="bbox 315 5430 1916 5507; baseline 0.007 -25"><span class='ocrx_word' id='word_1_777' title='bbox 315 5447 466 5483; x_wconf 84' lang='grc' dir='ltr'>σωκε</span> <span class='ocrx_word' id='word_1_778' title='bbox 507 5430 616 5502; x_wconf 87' lang='grc' dir='ltr'>γὰρ</span> <span class='ocrx_word' id='word_1_779' title='bbox 652 5431 750 5501; x_wconf 81' lang='grc' dir='ltr'>τὴν</span> <span class='ocrx_word' id='word_1_780' title='bbox 785 5433 877 5484; x_wconf 81' lang='grc' dir='ltr'>ὑπ’</span> <span class='ocrx_word' id='word_1_781' title='bbox 906 5433 1135 5503; x_wconf 80' lang='grc' dir='ltr'>οὐρανὸν</span> <span class='ocrx_word' id='word_1_782' title='bbox 1173 5437 1262 5490; x_wconf 81' lang='grc' dir='ltr'><strong>διὰ</strong></span> <span class='ocrx_word' id='word_1_783' title='bbox 1309 5437 1403 5489; x_wconf 88' lang='grc' dir='ltr'><strong>τοῦ</strong></span> <span class='ocrx_word' id='word_1_784' title='bbox 1452 5438 1806 5507; x_wconf 86' lang='grc' dir='ltr'>γεννηθέντος</span> <span class='ocrx_word' id='word_1_785' title='bbox 1852 5440 1916 5494; x_wconf 82' lang='grc' dir='ltr'><strong>ἐκ</strong></span> 
     </span>
    </p>
   </div>
   <div class='ocr_carea' id='block_1_106' title="bbox 1989 5430 3599 5508">
    <p class='ocr_par' dir='ltr' id='par_1_106' title="bbox 2020 5438 3599 5508">
     <span class='ocr_line' id='line_1_108' title="bbox 2020 5438 3599 5508; baseline 0 -15"><span class='ocrx_word' id='word_1_786' title='bbox 2020 5439 2140 5494; x_wconf 88' lang='lat' dir='ltr'><strong>bcm</strong></span> <span class='ocrx_word' id='word_1_787' title='bbox 2184 5449 2454 5494; x_wconf 76' lang='lat' dir='ltr'><strong>terrarum</strong></span> <span class='ocrx_word' id='word_1_788' title='bbox 2489 5455 2582 5508; x_wconf 88' lang='lat' dir='ltr'><strong>per</strong></span> <span class='ocrx_word' id='word_1_789' title='bbox 2616 5453 2738 5494; x_wconf 86' lang='lat' dir='ltr'><strong>eum</strong></span> <span class='ocrx_word' id='word_1_790' title='bbox 2784 5439 2874 5507; x_wconf 88' lang='lat' dir='ltr'><strong>qui</strong></span> <span class='ocrx_word' id='word_1_791' title='bbox 2921 5455 2988 5494; x_wconf 77' lang='lat' dir='ltr'><strong>ex</strong></span> <span class='ocrx_word' id='word_1_792' title='bbox 3022 5438 3246 5494; x_wconf 87' lang='lat' dir='ltr'><strong>muliere</strong></span> <span class='ocrx_word' id='word_1_793' title='bbox 3305 5446 3465 5494; x_wconf 81' lang='lat' dir='ltr'><strong>natus</strong></span> <span class='ocrx_word' id='word_1_794' title='bbox 3496 5451 3599 5495; x_wconf 87' lang='lat' dir='ltr'><strong>est.</strong></span> 
     </span>
    </p>
   </div>
   <div class='ocr_carea' id='block_1_107' title="bbox 312 5523 608 5588">
    <p class='ocr_par' dir='ltr' id='par_1_107' title="bbox 312 5523 608 5588">
     <span class='ocr_line' id='line_1_109' title="bbox 312 5523 608 5588; baseline 0.014 -16"><span class='ocrx_word' id='word_1_795' title='bbox 312 5523 608 5588; x_wconf 82' lang='grc' dir='ltr'>γυναικός.</span> 
     </span>
    </p>
   </div>
   <div class='ocr_carea' id='block_1_108' title="bbox 386 5612 1996 5696">
    <p class='ocr_par' dir='ltr' id='par_1_108' title="bbox 386 5612 1909 5696">
     <span class='ocr_line' id='line_1_110' title="bbox 386 5612 1909 5696; baseline 0.011 -31"><span class='ocrx_word' id='word_1_796' title='bbox 386 5615 453 5665; x_wconf 82' lang='grc' dir='ltr'><strong>Δ.</strong></span> <span class='ocrx_word' id='word_1_797' title='bbox 491 5614 567 5666; x_wconf 86' lang='grc' dir='ltr'>Ού</span> <span class='ocrx_word' id='word_1_798' title='bbox 603 5615 710 5685; x_wconf 73' lang='grc' dir='ltr'>γὰρ</span> <span class='ocrx_word' id='word_1_799' title='bbox 744 5612 830 5686; x_wconf 78' lang='grc' dir='ltr'>ἦν,</span> <span class='ocrx_word' id='word_1_800' title='bbox 883 5620 1004 5672; x_wconf 85' lang='grc' dir='ltr'>είπέ</span> <span class='ocrx_word' id='word_1_801' title='bbox 1045 5639 1153 5691; x_wconf 88' lang='grc' dir='ltr'>μοι,</span> <span class='ocrx_word' id='word_1_802' title='bbox 1202 5624 1295 5676; x_wconf 76' lang='grc' dir='ltr'><strong>καὶ</strong></span> <span class='ocrx_word' id='word_1_803' title='bbox 1349 5623 1487 5692; x_wconf 86' lang='grc' dir='ltr'>μετὰ</span> <span class='ocrx_word' id='word_1_804' title='bbox 1527 5624 1772 5688; x_wconf 77' lang='grc' dir='ltr'>Μωσέως</span> <span class='ocrx_word' id='word_1_805' title='bbox 1811 5625 1909 5696; x_wconf 83' lang='grc' dir='ltr'>τῆς</span> 
     </span>
    </p>
   </div>
   <div class='ocr_carea' id='block_1_109' title="bbox 1990 5612 3600 5696">
    <p class='ocr_par' dir='ltr' id='par_1_109' title="bbox 2089 5619 3600 5691">
     <span class='ocr_line' id='line_1_111' title="bbox 2089 5619 3600 5691; baseline -0.004 -13"><span class='ocrx_word' id='word_1_806' title='bbox 2089 5624 2154 5678; x_wconf 83' lang='grc' dir='ltr'><strong>Λ.</strong></span> <span class='ocrx_word' id='word_1_807' title='bbox 2199 5623 2374 5689; x_wconf 73' lang='lat' dir='ltr'><strong>Anne,</strong></span> <span class='ocrx_word' id='word_1_808' title='bbox 2423 5622 2672 5690; x_wconf 89' lang='lat' dir='ltr'><strong>obsecro,</strong></span> <span class='ocrx_word' id='word_1_809' title='bbox 2723 5629 2776 5675; x_wconf 87' lang='lat' dir='ltr'><strong>et</strong></span> <span class='ocrx_word' id='word_1_810' title='bbox 2808 5636 2930 5676; x_wconf 90' lang='lat' dir='ltr'><strong>cum</strong></span> <span class='ocrx_word' id='word_1_811' title='bbox 2980 5619 3162 5691; x_wconf 72' lang='lat' dir='ltr'><strong>Moyse</strong></span> <span class='ocrx_word' id='word_1_812' title='bbox 3203 5629 3356 5686; x_wconf 88' lang='lat' dir='ltr'><strong>erat,-</strong></span> <span class='ocrx_word' id='word_1_813' title='bbox 3392 5633 3422 5674; x_wconf 91' lang='lat' dir='ltr'><strong>e</strong></span> <span class='ocrx_word' id='word_1_814' title='bbox 3456 5626 3600 5673; x_wconf 86' lang='lat' dir='ltr'><strong>terra</strong></span> 
     </span>
    </p>
   </div>
   <div class='ocr_carea' id='block_1_110' title="bbox 385 5788 850 5854">
    <p class='ocr_par' dir='ltr' id='par_1_110' title="bbox 385 5788 850 5854">
     <span class='ocr_line' id='line_1_112' title="bbox 385 5788 850 5854; baseline 0.011 -14"><span class='ocrx_word' id='word_1_815' title='bbox 385 5789 427 5821; x_wconf 74' lang='grc'><strong>’⁸⁸</strong></span> <span class='ocrx_word' id='word_1_816' title='bbox 456 5788 653 5844; x_wconf 78' lang='lat' dir='ltr'><strong>Matth.</strong></span> <span class='ocrx_word' id='word_1_817' title='bbox 689 5806 727 5854; x_wconf 89' lang='lat' dir='ltr'><strong>I,</strong></span> <span class='ocrx_word' id='word_1_818' title='bbox 759 5792 850 5845; x_wconf 68' lang='lat'><strong>23.</strong></span> 
     </span>
    </p>
   </div>
   <div class='ocr_carea' id='block_1_111' title="bbox 645 5885 3292 5958">
    <p class='ocr_par' dir='ltr' id='par_1_111' title="bbox 645 5885 3292 5958">
     <span class='ocr_line' id='line_1_113' title="bbox 645 5885 3292 5958; baseline 0.005 -12"><span class='ocrx_word' id='word_1_819' title='bbox 645 5885 914 5950; x_wconf 75' lang='lat' dir='ltr'><strong>PATROL.</strong></span> <span class='ocrx_word' id='word_1_820' title='bbox 962 5893 1005 5950; x_wconf 72' lang='grc' dir='ltr'><strong>Ο</strong></span> <span class='ocrx_word' id='word_1_821' title='bbox 1019 5911 1076 5951; x_wconf 85' lang='lat' dir='ltr'><strong>n.</strong></span> <span class='ocrx_word' id='word_1_822' title='bbox 1129 5895 1346 5956; x_wconf 78' lang='lat' dir='ltr'><strong>LXXV.</strong></span> <span class='ocrx_word' id='word_1_823' title='bbox 3212 5899 3292 5958; x_wconf 80' lang='grc'><strong>40</strong></span> 
     </span>
    </p>
   </div>
  </div>
