4078 6264
520 339 652 395 £259

1505 343 1560 398 S.
1601 344 1878 400 CYRIILI
1921 344 2391 401 ALEXANDRINI
2432 347 2752 404 ARCIIIEP.

3594 366 3700 421 1260

514 455 893 528 Egyptiorum
946 459 1109 530 717
1143 469 1196 512 et
1229 459 1491 514 servitute
1520 476 1623 530 qua
1655 463 1849 516 Ibidem
1886 478 2079 531 preme-

2204 463 2522 531 Αἰγυπτίων
2569 464 2752 534 χώρας
2788 465 2879 517 καί
2909 465 3006 535 τῆς
3035 465 3218 518 αὐτόθι
3262 466 3543 537 πλεονεξίας
3565 475 3706 529 dimi.

515 552 709 604 bantur
742 551 1011 608 lsraelitas
1053 554 1289 607 liberans
1321 555 1370 606 in
1409 569 1568 607 manu
1613 553 1736 608 forti
1784 566 1837 608 et
1869 557 2091 610 brachio

513 644 770 709 excelso,
844 646 982 699 sicut
1035 647 1293 713 scriptum
1347 655 1426 722 ρει
1457 647 1704 700 “?anne
1755 663 1881 702 vero
1926 648 2089 702 etiam

512 737 770 803 deinceps
787 734 967 790 Jesum
997 735 1282 790 manifeste
1307 737 1574 791 dicentem
1601 738 1962 806 reperiemus:
1994 740 2093 793 «Et

511 827 652 879 sicut
675 840 822 880 eram
853 841 972 880 cum
1005 825 1205 896 Moyse,
1231 827 1303 882 ita
1329 842 1422 884 ero
1459 829 1620 883 etiarn
1657 829 1931 885 vobiscum
1950 822 2082 882 “‘?r

492 994 495 997 _
582 935 644 989 Β.
688 934 944 990 Omnino.

477 1035 498 1106 ,ὲ
581 1029 647 1084 Α.
688 1026 860 1092 Quam
892 1027 1055 1095 igitur
1080 1028 1149 1082 ob
1179 1043 1398 1092 causam
1432 1042 1590 1084 nemo
1623 1030 1838 1098 quidem
1875 1031 2087 1086 illorum

483 1113 486 1118 ’
512 1116 831 1171 Ειιηηεηυει
860 1126 1084 1172 vocatus
1113 1127 1214 1180 est,
1244 1118 1337 1172 sed
1370 1118 1442 1172 illi
1470 1119 1567 1172 soli
1604 1120 1704 1174 hoc
1733 1135 1925 1175 nomen
1960 1137 2090 1176 con-

512 1207 656 1261 venit
687 1207 778 1274 qui
814 1207 1126 1262 novissimis
1169 1207 1348 1262 saeculi
1382 1210 1719 1278 temporibus
1766 1225 1831 1262 ex
1865 1209 2090 1265 muliere

512 1299 806 1352 secundum
833 1310 1051 1350 carnem
1087 1307 1249 1352 natus
1275 1298 1394 1354 est?

582 1389 647 1442 Β.
691 1389 936 1456 Quonam
972 1391 1338 1458 modoitaqne
1372 1390 1712 1446 censebimus
1742 1391 1943 1446 factum
1969 1406 2089 1447 esse

515 1477 681 1532 Demn
719 1492 785 1532 ex
831 1477 1099 1530 muliere?
1124 1478 1204 1530 An
1230 1487 1487 1546 tanquam
1522 1479 1840 1534 substantia:
1879 1495 1998 1548 qua:
2035 1481 2086 1534 in

511 1572 626 1639 ipsa
663 1577 716 1622 et
745 1583 809 1621 ex
850 1567 960 1634 ipsa
988 1573 1071 1620 est
1093 1566 1365 1637 particeps
1399 1565 1598 1621 factum
1627 1567 1789 1621 fuerit
1819 1566 2089 1623 Verbum?

578 1663 642 1716 A.
680 1659 838 1715 Absit
869 1669 936 1724 ut
958 1658 1094 1714 adeo
1133 1673 1324 1712 vanam
1355 1668 1520 1728 atque
1548 1659 1835 1714 absurdam
1879 1661 2088 1730 Opinio-

509 1766 632 1806 nem
684 1750 866 1804 animo
921 1747 1313 1816 concipiamus.
1369 1748 1668 1802 Erronenm
1713 1749 1858 1804 enim
1899 1749 2084 1816 fuerit,
2138 1802 2147 1818 ,

2195 555 2402 608 λάττων
2433 555 2524 608 τὸν
2557 556 2791 626 Ἰσραὴλ,
2835 559 2892 610 ἐν
2930 558 3074 627 χειρὶ
3115 562 3340 629 κραταιᾷ
3375 563 3462 613 καὶ
3504 565 3554 617 ἐν
3598 566 3706 636 βρα-

2192 647 2330 715 χίονι
2378 645 2594 715 ὑψηλῷ,
2651 647 2793 699 καθὰ
2831 646 3141 716 γέγραπται
3173 665 3186 711 ;
3236 650 3350 718 οὑχὶ
3389 650 3442 702 δὲ
3481 655 3564 703 καὶ
3599 656 3712 722 μετὰ

2193 735 2380 799 ταῦτα,
2430 737 2636 805 Ἰησοῦν
2669 737 2896 805 λέγοντα
2926 736 3114 806 σαφῶς
3141 738 3451 808 εὑρήσομεν,
3487 760 3503 792 ι
3534 743 3629 794 Kal
3649 743 3712 810 ὡς

2193 826 2342 897 ἥμην
2380 828 2521 896 μετὰ
2549 828 2741 898 Μωσῆ,
2775 827 2948 892 οὕτως
2976 827 3170 898 ἔσομαι
3197 829 3288 882 καὶ
3319 831 3448 898 μετὰ
3477 831 3625 896 σοῦ;ι

2262 918 2324 972 Β.
2367 919 2613 989 Ἀληθές.

2261 1009 2324 1060 Α.
2361 1009 2505 1078 ’Λρα
2544 1009 2608 1079 δὴ
2656 1003 2765 1073 οὖν,
2807 1009 2980 1072 οὐδεὶς
3023 1009 3122 1079 μὲν
3167 1009 3379 1063 ἐκείνων
3421 1011 3720 1080 Ἐμμανουὴλ

2191 1099 2525 1169 ὠνόμασται,
2552 1102 2759 1171 ἥρμοσε
2785 1102 2841 1154 δὲ
2870 1101 3016 1172 μόνῳ
3043 1099 3300 1172 τοῦνομα,
3326 1101 3400 1171 τῷ
3425 1103 3552 1155 κατὰ
3573 1103 3718 1172 σάρκα

2191 1193 2255 1243 ἐκ
2293 1193 2550 1260 γυναικὺς
2585 1196 2642 1247 ἐν
2679 1196 2926 1264 ἐσχάτοις
2959 1193 3056 1247 τοῦ
3099 1195 3292 1256 αἰῶνος
3341 1196 3538 1265 καιροῖς
3573 1210 3720 1264 παρα-

2197 1284 2364 1351 δόξως
2403 1285 2786 1356 γεγεννημένῳ
2810 1304 2824 1350 ;

2262 1377 2323 1432 Β.
2359 1378 2674 1448 Οἰησόμεθα
2696 1379 2760 1450 δὴ
2777 1376 2870 1433 οὖν
2895 1379 3018 1432 τίνα
3043 1378 3246 1449 τρόπον
3267 1377 3601 1447 γεγεννῆσθαι
3614 1375 3724 1430 Θεὸν

2191 1470 2254 1522 ἐκ
2293 1470 2570 1538 γυναικὸς,
2605 1465 2692 1540 ἆρ’
2720 1469 2795 1534 ὡς
2833 1472 2931 1541 τῆς
2965 1469 3252 1541 ὑπάρξεως
3300 1469 3393 1537 τῆς
3438 1471 3494 1522 tv
3521 1469 3637 1538 αὑτῇ
3673 1483 3720 1519 τε

2191 1561 2285 1612 καὶ
2315 1559 2373 1626 ἐξ
2405 1560 2577 1630 αὑτῆς
2611 1561 3008 1631 μετεσχηκότος
3035 1560 3129 1613 τοῦ
3164 1561 3369 1628 Λόγου;

2260 1649 2324 1700 Α.
2361 1650 2577 1717 Ἀπαγε
2608 1651 2707 1719 τῆς
2745 1649 2887 1703 οὕτω
2909 1651 3122 1721 ψυχρᾶς
3149 1648 3548 1711 εἰκαιοὸουλίας.
3576 1647 3724 1715 Παρα-

2189 1739 2443 1802 παίοντος
2477 1740 2585 1810 γάρ
2620 1741 2668 1792 οἱ
2707 1740 2892 1809 λόγοι,
2941 1742 3035 1794 καὶ
3068 1741 3161 1794 νοῠ
3199 1738 3653 1811 ητηρῤωσηκότος
3677 1737 3724 1789 τὸ

509 1841 818 1909 mentisque
841 1839 1000 1908 plane
1034 1852 1064 1892 a
1089 1852 1220 1892 vero
1244 1851 1474 1903 aversae,
1505 1837 1817 1893 existimare
1845 1838 2079 1894 incﬂ‘abi-

2192 1830 2273 1896 ἐφ’
2313 1828 2350 1882 ἃ
2387 1831 2460 1900 μὴ
2513 1831 2790 1901 προσῆκεν
2833 1831 3300 1902 ἐκτετραμμένον,
3344 1832 3403 1883 τὸ
3437 1829 3617 1899 σαρκὸς
3641 1827 3725 1879 οἴε-

509 1935 614 1988 Iem
650 1930 920 2002 Unigeniti
948 1930 1240 1984 essentiam
1267 1930 1446 1985 carnis
1509 1929 1744 1985 fructum
1775 1931 1891 1986 sive
1923 1933 2086 1987 fetum

507 2039 648 2080 esse.
675 2023 948 2078 Caeterum
989 2033 1130 2088 erat,
1169 2031 1226 2075 ut
1276 2022 1441 2086 Deus,
1468 2032 1770 2077 cozeternus
1816 2023 1961 2077 Patri
1997 2025 2085 2091 qui

507 2118 682 2186 ipsum
711 2115 916 2186 genuit,
955 2120 1010 2168 et
1037 2127 1101 2167 ex
1142 2113 1258 2181 ipso
1285 2113 1580 2167 secundum
1619 2124 1867 2167 naturam
1896 2115 2085 2170 inell‘a-

506 2209 600 2265 bili
659 2211 818 2262 modo
866 2206 1081 2276 genitus
1133 2213 1237 2258 est.
1294 2202 1609 2260 Volentibus
1669 2216 1846 2260 autem
1902 2217 2087 2277 aperte

505 2313 836 2372 cognoscere
897 2296 1165 2367 quomodo
1197 2308 1246 2350 et
1275 2311 1379 2363 qua
1420 2297 1630 2351 ratione
1664 2297 1715 2350 in
1747 2308 1927 2352 nostra
1961 2313 2084 2367 spe-

504 2395 587 2449 cie
613 2393 925 2462 apparuerit
957 2399 1010 2444 et
1063 2389 1240 2442 factus
1280 2390 1352 2442 sit
1381 2391 1564 2455 homo,
1608 2389 1821 2444 divinus
1857 2405 2087 2460 evange-

505 2486 630 2539 lista
678 2483 915 2538 Joannes
959 2479 1221 2545 declarat,
1259 2480 1444 2533 dicens
1475 2496 1488 2531 :
1528 2496 1544 2528 ι
1581 2479 1644 2532 Et
1678 2478 1910 2534 Verbum
1957 2497 2084 2536 caro

503 2577 707 2632 factum
749 2582 850 2637 est,
895 2582 948 2627 et
980 2571 1245 2625 habitavit
1286 2572 1338 2623 in
1384 2569 1560 2634 nobis,
1604 2580 1658 2624 et
1700 2571 1934 2626 vidimus
1973 2574 2084 2642 glo-

503 2668 639 2722 riam
690 2665 842 2733 ejus,
895 2662 1120 2733 gloriam
1175 2671 1433 2729 tanquam
1483 2659 1755 2730 Unigeniti
1802 2677 1832 2715 a
1885 2661 2080 2728 Patre,

505 2759 718 2828 plenum
747 2754 935 2826 gratiae
961 2763 1014 2808 et
1044 2752 1283 2806 veritatis
1307 2751 1373 2806 ".
1406 2769 1425 2804 ι

574 2847 636 2902 Β.
679 2848 750 2902 At
778 2848 820 2902 si
852 2845 1111 2909 Verbum,
1149 2844 1419 2912 inquiunt,
1454 2844 1654 2899 factum
1689 2857 1771 2901 est
1796 2862 1942 2911 caro,
1969 2848 2079 2918 jam

501 2956 608 2996 non
647 2937 877 3008 amplius
909 2935 1108 2990 mansit
1138 2932 1399 3002 Verbum,
1435 2936 1526 2990 sed
1555 2936 1735 3006 potius
1777 2938 1935 2994 desiit
1961 2954 2081 2995 esse

503 3033 554 3088 id
583 3031 726 3102 quod
751 3037 892 3084 erat.

569 3126 637 3180 A.
675 3122 837 3192 Atqui
875 3121 977 3175 hoc
1015 3133 1222 3175 merum
1266 3117 1516 3174 delirium
1565 3128 1619 3174 et
1657 3120 1925 3196 dementia
1973 3132 2076 3188 est,
2107 3155 2149 3212 ρ

503 3217 746 3286 nihilque
773 3213 919 3268 aliud
946 3226 1106 3282 quam
1150 3212 1348 3266 mentis
1378 3221 1568 3266 emota:
1597 3212 1907 3268 ludibrium.
1939 3215 2080 3269 Cen-

499 3318 620 3364 sent
649 3307 817 3370 enim,
849 3313 907 3357 ut
937 3303 1168 3367 videtur,
1193 3316 1289 3370 per
1319 3302 1420 3356 hoc
1457 3321 1474 3354 ι
1496 3302 1694 3357 factum
1731 3317 1864 3370 est,»
1887 3320 2078 3360 neces-

497 3401 644 3455 saria
685 3397 916 3466 quadam
959 3394 1172 3449 ratione
1204 3395 1556 3448 mutationem
1593 3394 2078 3467 alterationemque

497 3490 816 3560 significari.

572 3585 630 3638 Β.
675 3581 752 3636 Ita
786 3580 890 3636 sibi
928 3577 1254 3647 persuadent
1285 3587 1338 3631 et
1376 3579 1684 3646 Opinionem
1720 3595 1872 3634 suam
1904 3596 2076 3636 sacrae

497 3675 798 3746 Scriptum
829 3671 1154 3726 auctoritate
1188 3669 1492 3725 stabiliunt.
1534 3670 1746 3724 Dictum
1774 3673 1918 3725 enim
1967 3682 2074 3738 est,

497 3769 770 3840 inquiunt,
824 3763 952 3818 alibi
994 3764 1060 3817 de
1108 3777 1276 3818 uxore
1317 3761 1438 3827 Lot,
1488 3762 1629 3830 quod
1666 3761 1805 3816 facta
1859 3765 1930 3817 sit
1977 3779 2072 3819 co-

495 3863 676 3917 lumna
707 3858 838 3914 salis
861 3857 940 3923 “;
968 3856 1104 3911 etde
1133 3856 1282 3924 virga
1306 3853 1498 3924 Moysi,
1535 3854 1674 3923 quod
1703 3855 1926 3925 projecit
1949 3872 2072 3911 eam

494 3957 548 4010 in
579 3963 802 4016 terram,
832 3961 886 4004 et
915 3949 1056 4004 facta
1086 3957 1170 4003 est
1197 3960 1421 4016 serpens
1444 3945 1510 4000 “.
1541 3945 1814 4002 Naturalis
1838 3951 1980 4002 enim
2017 3949 2069 4003 in

496 4047 643 4103 hisce
674 4043 899 4098 mutatio
932 4041 1071 4095 facta
1103 4049 1203 4095 est.

565 4143 633 4194 Α.
675 4136 817 4208 Ergo
870 4150 991 4189 cum
1044 4133 1279 4202 psallunt
1315 4130 1533 4199 quidam
1570 4148 1584 4184 :
1618 4150 1636 4182 ι
1667 4131 1732 4185 Ει
1769 4131 1940 4188 factus
1989 4143 2070 4190 est

493 4231 626 4286 mihi
668 4228 929 4284 Dominus
974 4225 1029 4279 in
1079 4223 1348 4291 refugium
1366 4221 1414 4253 “
1444 4238 1458 4286 ;
1493 4241 1510 4273 ι
1546 4231 1600 4276 et
1637 4238 1864 4278 rursus:
1918 4241 1936 4274 ι
1967 4225 2067 4279 Do-

492 4323 664 4384 mine,
701 4317 967 4386 refugium
1009 4314 1184 4368 factns
1232 4327 1292 4366 es
1345 4312 1500 4366 nobis
1547 4314 1600 4366 in
1632 4314 1976 4383 generatione
2016 4323 2070 4368 et

491 4406 843 4482 generatione
863 4405 929 4470 ⁸⁷,
967 4422 988 4457 ι
1018 4403 1146 4473 quid
1179 4403 1620 4472 respondebunt?
1645 4418 1783 4458 anne
1807 4403 1950 4459 Deus
1975 4406 2064 4474 qui

2193 1921 2316 1975 σθαι
2360 1921 2614 1990 γενέσθαι
2669 1922 2920 1994 καρπὸν,
2969 1923 3068 1994 τὴν
3111 1923 3353 1995 ἄρρητον
3394 1919 3616 1991 ὕπαρξιν
3651 1917 3726 1971 τοῦ

2189 2013 2549 2082 Μονογενοὺς.
2585 2014 2726 2067 Ἀλλ’
2762 2011 2851 2086 ἦν,
2891 2013 2967 2077 ὼς
2996 2014 3152 2080 Θεὸς,
3189 2015 3449 2077 συναῖδιος
3473 2013 3545 2082 τῷ
3569 2012 3727 2081 γεννή-

2192 2123 2346 2159 σαντι
2377 2107 2569 2178 Πατρῖ,
2598 2107 2696 2161 καὶ
2740 2107 2800 2171 ἐξ
2830 2106 2993 2161 αὑτοῦ
3035 2107 3182 2162 κατὰ
3235 2106 3396 2177 φύσιν
3447 2104 3727 2176 ἀπορῥήτως

2188 2200 2610 2271 γεγεννημένος.
2636 2199 2911 2254 Ἐθέλουσε
2937 2217 3000 2268 γε
3038 2199 3144 2271 μὴν
3167 2200 3367 2254 ειδέναι
3389 2197 3579 2266 σαφῶς,
3611 2197 3728 2257 ὅπως

2187 2306 2245 2340 τε
2278 2291 2371 2342 καὶ
2407 2290 2527 2343 τίνα
2567 2289 2766 2360 τρόπον
2796 2293 2852 2343 tv
2889 2291 3022 2343 εἴδει
3068 2290 3283 2360 πέφηνε
3321 2287 3398 2356 τῷ
3429 2287 3541 2342 καθ’
3579 2287 3727 2356 ἡμᾶς,

2189 2380 2283 2434 καὶ
2319 2381 2538 2449 γέγονεν
2575 2381 2892 2451 ἄνθρωπος,
2938 2384 3197 2452 σαφηνιεῖ
3231 2383 3404 2450 λέγων
3431 2383 3458 2434 ὁ
3489 2378 3730 2438 θεσπέσιος

2187 2473 2577 2546 εὑαγγελιστὴς
2611 2475 2886 2546 Ἰωάννης*
2921 2494 2939 2527 ι
2966 2476 3081 2528 Kal
3103 2477 3131 2527 ὁ
3163 2475 3341 2544 Λόγος
3371 2473 3504 2546 σὰρξ
3534 2473 3731 2541 ἐγένετο,

2187 2569 2280 2620 καὶ
2320 2567 2628 2638 ἐσκήνωσεν
2663 2568 2720 2620 tv
2756 2569 2906 2638 ἡμῖν,
2951 2568 3045 2620 καὶ
3088 2566 3444 2637 ἐθεασάμεθα
3477 2564 3570 2636 τὴν
3607 2563 3732 2628 δόξαν

2187 2655 2371 2722 αὑτοῦ,
2401 2659 2556 2723 δόξαν
2587 2660 2662 2723 ὡς
2691 2659 3030 2727 Μονογενοῦς
3074 2660 3235 2731 παρὰ
3274 2659 3509 2730 Πατρὸς,
3556 2654 3733 2725 πλήρης

2185 2750 2408 2821 χάριτος
2447 2753 2542 2805 καὶ
2576 2752 2856 2822 ἀληθείας.
2892 2772 2909 2804 ι

2254 2844 2314 2895 Β.
2364 2842 2502 2896 Ἀλλ’
2529 2846 2578 2897 εἰ
2615 2844 2827 2914 γέγονε,
2868 2847 3031 2914 φασὶ,
3075 2845 3219 2917 σὰρξ
3240 2886 3254 2911 ,
3287 2848 3316 2899 ὁ
3347 2847 3533 2913 Λόγος,
3558 2842 3644 2896 οὐκ
3670 2838 3732 2891 ἔτι

2187 2933 2464 3004 μεμένηκε
2498 2935 2690 3004 Λόγος,
2722 2936 3132 3007 ἀποπεφοίτηκε
3175 2937 3236 2990 δέ
3274 2935 3474 3007 μᾶλλον
3500 2933 3585 2988 τοῦ
3624 2928 3735 2984 εἶναι

2182 3027 2210 3079 ὃ
2240 3023 2329 3098 ἦν.

2255 3120 2318 3170 Λ.
2357 3119 2466 3171 Καὶ
2504 3119 2609 3189 μὴν
2660 3118 2819 3172 τοῦτό
2873 3119 2938 3189 γέ
2992 3121 3109 3173 ἐστι
3155 3120 3422 3192 τερθρεὶα
3466 3122 3554 3172 καὶ
3582 3115 3734 3184 λῆρος.

2189 3210 2284 3263 καὶ
2338 3210 2692 3281 ἐξεστηκότος
2733 3211 3012 3282 εὑρέματα
3055 3211 3174 3276 νοῦ,
3227 3213 3324 3265 καὶ
3371 3209 3551 3281 ἕτερον
3589 3204 3734 3258 οὐδέν.

2188 3305 2404 3358 Οἴονται
2433 3304 2563 3375 γὰρ,
2595 3304 2670 3368 ὡς
2709 3303 2903 3364 ἔοικεν,
2932 3305 3007 3367 ὡς
3025 3304 3082 3369 ἐξ
3099 3305 3355 3373 ἁιρύκτου
3391 3320 3451 3356 τε
3480 3301 3568 3355 καὶ
3599 3300 3736 3365 ἀναγ-

2187 3397 2341 3449 καίου
2373 3397 2554 3465 λόγου,
2594 3397 2801 3468 τροπῆς
2843 3414 2902 3450 τε
2936 3385 3041 3450 ’καὶ
3068 3397 3420 3459 ἀλλοιώσεως
3447 3387 3736 3464 σημαντικὸν

2185 3485 2323 3542 εἶναι
2355 3489 2433 3552 τὸ,
2471 3510 2488 3541 ε
2530 3491 2766 3559 ἐγένετο.
2805 3509 2824 3542 ι

2256 3579 2297 3630 Β
2350 3581 2478 3646 Ναὶ,
2509 3581 2663 3649 φασὶ,
2694 3581 2787 3634 καὶ
2817 3581 2882 3652 δὴ
2917 3580 3009 3634 τὸν
3039 3583 3246 3636 οἰκεῖον
3279 3581 3568 3654 ἐμπεδοῦσι
3587 3577 3734 3645 λόγον,

2184 3670 2241 3735 ἐξ
2273 3670 2443 3740 αὐτῆς
2476 3670 2687 3734 ἑλόντες
2717 3672 2817 3742 τῆς
2863 3671 3227 3726 θεοπνεύστου
3274 3674 3519 3745 Γραφῆς.
3547 3670 3740 3740 Εἴρηται

2182 3761 2291 3830 γάρ
2325 3777 2452 3824 που,
2487 3763 2670 3832 φασὶν,
2698 3765 2791 3818 ἐπὶ
2825 3764 2924 3835 μὲν
2953 3765 3054 3834 τῆς
3086 3765 3184 3820 τοῦ
3217 3766 3345 3820 Λὼτ
3381 3763 3645 3835 γυναικὸς,
3673 3761 3739 3812 ὅτι

2181 3853 2396 3920 ἐγένετο
2436 3856 2603 3927 στήλη
2640 3857 2787 3921 ἁλός.
2828 3859 2939 3912 Καὶ
2979 3859 3085 3930 μὴν
3129 3861 3232 3913 καὶ
3272 3860 3368 3913 ἐπὶ
3401 3859 3499 3930 τῆς
3529 3855 3740 3914 Μωσέως

2182 3945 2400 4015 ῥάϐδου,
2427 3948 2508 4000 ὅτι
2537 3948 2762 4020 ἔρριψεν
2800 3951 2971 4021 αὑτὴν
3000 3952 3092 4004 ἐπὶ
3117 3952 3222 4022 τὴν
3255 3953 3384 4023 γῆν,
3419 3952 3511 4005 καὶ
3550 3948 3736 4018 ἐγένετο

2179 4035 2321 4104 ὄφις.
2349 4037 2555 4107 Φυσικὴ
2587 4037 2692 4109 γὰρ
2722 4039 2777 4090 ἐν
2809 4040 3020 4104 τούτοις
3053 4040 3287 4110 γέγονεν
3321 4045 3355 4113 ἡ
3391 4041 3584 4112 τροπή.

2253 4130 2314 4180 Α.
2347 4129 2575 4194 Οὐκοῦν,
2618 4131 2706 4184 ὅτε
2735 4131 2996 4201 ψάλλουσι
3022 4151 3190 4200 τινες,
3233 4154 3253 4188 ι
3287 4137 3402 4190 Καὶ
3428 4131 3638 4203 ἐγένετό
3661 4145 3732 4199 μοι

2176 4220 2381 4290 Κύριος
2417 4224 2496 4286 εἱς
2532 4225 2871 4296 καταφυγήνσ
2905 4245 2924 4277 ι
2970 4227 3063 4279 καὶ
3092 4228 3283 4293 πάλιν,
3322 4248 3340 4281 ‹
3370 4227 3563 4299 Κύριε,
3590 4240 3734 4280 κατα-

2177 4311 2322 4381 φυγὴ
2373 4313 2640 4385 ἐγενήθης
2685 4317 2839 4386 ἡμῖν,
2887 4317 2943 4369 ἐν
2974 4319 3138 4388 γενεᾷ
3187 4319 3288 4372 καὶ
3327 4319 3553 4388 γενεᾷ,»
3594 4315 3641 4366 τί
3683 4310 3735 4380 δὴ

2176 4407 2332 4473 φαῖεν
2358 4405 2423 4458 ἂν
2443 4424 2456 4472 ;
2477 4402 2588 4476 ἆρα
2616 4407 2677 4460 τὸ
2708 4404 2845 4462 εἶναι
2867 4408 2998 4472 Θεὸς
3028 4410 3188 4478 ἀφεὶς
3219 4412 3250 4463 ό
3273 4409 3637 4481 ὑμνούμενος,
3656 4419 3737 4474 με’

492 4502 582 4558 hic
613 4499 958 4563 decantatur,
992 4495 1246 4551 desinens
1291 4510 1413 4550 esse
1433 4495 1596 4558 Deus,
1632 4504 1869 4550 mutatus
1901 4503 1982 4551 est
2017 4498 2068 4551 in

2180 4493 2559 4566 τακεχὼρηκεν
2605 4497 2671 4549 ἐκ
2712 4498 3015 4570 μεταϐολῆς
3056 4501 3134 4562 εἰς
3167 4500 3230 4553 τὸ
3266 4496 3413 4552 εἶναι
3451 4492 3735 4564 καταφυγὴ.

490 4590 800 4662 refugium,
851 4598 908 4644 et
964 4587 1262 4642 translatus
1306 4596 1392 4643 est
1435 4586 1754 4642 naturaliter
1820 4587 1872 4641 in
1925 4587 2070 4643 aliud

489 4682 634 4755 quod
664 4681 819 4736 initio
843 4695 949 4734 non
973 4680 1133 4733 erat?
1165 4681 1233 4733 At
1259 4693 1388 4734 vero
1408 4679 1675 4747 quomodo
1705 4695 1809 4734 non
1838 4679 1888 4734 id
1911 4681 2070 4750 plane

488 4777 724 4832 alienum
752 4776 823 4828 sit
861 4787 890 4825 a
915 4771 1082 4842 718
1102 4769 1217 4826 Deo
1246 4770 1575 4825 naturaliter
1597 4770 1930 4825 exsistente?
1959 4770 2068 4825 hn-

489 4864 769 4922 mutabilis
798 4863 944 4918 enim
985 4862 1280 4916 secundum
1320 4867 1568 4913 naturam
1601 4874 1722 4913 eum
1761 4861 1848 4924 sit,
1889 4872 2070 4916 manet

486 4958 733 5030 profecto
760 4956 813 5012 id
842 4954 985 5025 quod
1015 4963 1157 5018 erat,
1198 4962 1254 5008 et
1279 4962 1364 5009 est
1393 4967 1628 5023 semper,
1663 4953 1875 5008 tametsi
1913 4955 2062 5008 dica-

487 5065 579 5108 tur
603 5050 780 5106 factus
803 5062 923 5103 esse
955 5045 1248 5117 refugium.

447 5143 457 5220 ξ
553 5143 616 5198 Β.
658 5140 874 5213 Optime
902 5148 1050 5195 certe
1077 5137 1487 5208 rectissimeque
1514 5137 1720 5193 dixisti.

448 5225 455 5243 ⁸
552 5240 618 5292 Α.
661 5235 797 5291 Cum
832 5233 1014 5303 itaque
1053 5231 1146 5286 Dei
1178 5231 1381 5285 mentio
1417 5231 1496 5295 lit,
1522 5229 1568 5284 si
1598 5229 1666 5284 ab
1702 5227 1885 5297 aliquo
1910 5228 2057 5283 dica-

482 5331 570 5380 tur
599 5325 754 5391 illud,
793 5323 996 5379 Factus
1022 5331 1106 5378 est
1137 5363 1151 5388 ,
1185 5337 1292 5391 quo
1317 5330 1475 5391 pacto
1503 5335 1608 5375 non
1642 5320 1715 5373 sit
1740 5318 2054 5381 absurdum,

483 5427 644 5486 atque
672 5417 809 5472 adeo
846 5416 1198 5472 vehementer
1239 5413 1554 5474 absurdum,
1579 5411 1893 5466 existimare
1935 5427 2054 5464 mu-

485 5509 738 5563 tationem
783 5508 1016 5578 aliquam
1049 5521 1143 5576 per
1191 5506 1243 5559 id
1277 5504 1595 5575 significari,
1631 5511 1685 5557 et
1729 5518 1835 5556 non
1876 5503 2054 5571 potius

483 5599 666 5651 conari
711 5600 763 5652 id
793 5601 894 5652 alia
930 5600 1140 5654 ratione
1185 5598 1508 5668 intelligere,
1544 5596 1946 5666 prudenterque
1986 5597 2052 5651 ad

553 5708 598 5740 ⁸³
629 5706 783 5760 Deut.
815 5710 992 5767 v.15.

485 5777 528 5810 δ’
555 5776 696 5834 Psal.
727 5791 946 5842 Luxu,
977 5778 1029 5830 1.

2172 4587 2267 4639 καὶ
2301 4588 2533 4660 μετέστη
2566 4589 2811 4658 φυσικῶς
2846 4591 2982 4662 πρὸς
3015 4591 3203 4663 ’ἐτερόν
3231 4610 3288 4646 τι
3331 4590 3466 4663 παρ’
3501 4591 3629 4659 ὅπερ
3656 4585 3740 4639 οὑκ

2170 4675 2238 4749 ἦν
2265 4680 2323 4733 ἐν
2347 4681 2570 4750 ἀρχαίς;
2603 4682 2714 4736 Καὶ
2742 4681 2859 4746 πῶς
2885 4683 2984 4735 οὐκ
3009 4683 3271 4747 ἀπεοικὸς
3301 4685 3400 4737 καὶ
3425 4683 3738 4752 ἀνάρμοστον

2170 4773 2247 4844 τῷ
2277 4791 2339 4842 γε
2369 4775 2482 4829 ὄντι
2513 4774 2654 4829 κατὰ
2693 4774 2854 4845 φύσιν
2882 4775 3001 4846 Θεῷ
3037 4775 3096 4829 τὸ
3130 4776 3334 4847 χρῆμά
3361 4777 3510 4829 ἐστιν
3531 4791 3546 4840 ;
3570 4773 3742 4839 ’Ἀτρε-

2170 4879 2301 4928 πτος
2346 4866 2454 4936 γὰρ
2484 4863 2560 4919 ὣν
2603 4866 2748 4920 κατὰ
2792 4866 2977 4936 φύσιν,
3025 4867 3175 4938 μένει
3222 4885 3333 4920 που
3372 4867 3588 4927 πάντως
3621 4863 3740 4928 ὅπερ

2169 4949 2260 5025 ἦν,
2291 4957 2384 5008 καὶ
2409 4957 2555 5011 ἐστιν
2586 4959 2694 5023 ἀεὶ,
2721 4958 2825 5012 κᾶν
2853 4960 2901 5011 εἰ
2933 4958 3143 5027 λέγοιτο
3159 4959 3276 5012 τισὶ
3306 4956 3564 5028 γενέσθαι
3591 4967 3743 5007 καταο

2170 5047 2338 5116 φυγή·

2240 5137 2300 5190 Β.
2346 5138 2581 5209 Ἀριστά
2617 5157 2679 5208 γε
2720 5140 2814 5193 καὶ
2845 5140 2989 5210 μάλα
3025 5140 3194 5212 ὀρθῶς
3237 5144 3398 5210 ἔφης.

2236 5231 2301 5282 Α.
2339 5230 2548 5284 Οὐκοῦν
2601 5231 3086 5302 παρενηνεγμένης
3134 5232 3214 5294 εἰς
3268 5232 3441 5302 μέσον
3487 5232 3581 5302 τῆς
3620 5226 3740 5282 Θεοῖὶ

2167 5320 2418 5390 μνήμης,
2458 5323 2507 5375 εἰ
2541 5323 2646 5375 ὑπό
2688 5340 2781 5376 του
2828 5323 3037 5392 λέγοιτο
3067 5323 3146 5387 τὸ,
3189 5323 3472 5392 Ἐγένετο,
3507 5322 3620 5384 πῶς
3653 5317 3738 5372 οὐκ

2164 5413 2374 5482 ἀμαθὲς
2405 5419 2499 5468 καὶ
2539 5417 2751 5470 ἀνόσιον
2783 5416 3013 5488 κομιδῇ,
3058 5414 3271 5488 τροπὴν
3311 5415 3524 5469 οἴεσθαι
3557 5409 3738 5482 σημαί-

2163 5521 2274 5557 νειν
2305 5505 2458 5574 αὐτὸ,
2497 5509 2590 5560 καὶ
2621 5508 2742 5578 οὑχ).
2775 5508 2838 5578 δὴ
2875 5508 3074 5578 μᾶλλον
3103 5505 3228 5562 καθ’
3253 5507 3451 5578 ἔτερόν
3483 5520 3602 5558 τινα
3631 5501 3737 5571 τρό-

2165 5612 2263 5649 πον
2296 5598 2588 5665 πειρᾶσθαι
2618 5601 2778 5662 νοεῖν,
2808 5600 2903 5652 καὶ
2939 5598 3297 5671 περιτρέπειν
3345 5595 3631 5665 ἐμφρόνως
3668 5589 3737 5646 εἰς

1085 5709 1152 5739 ι’·
1175 5707 1356 5774 .1οε.1,
1384 5709 1436 5763 5.
1535 5707 1758 5762 "Joan.
1791 5724 1830 5774 ι,
1862 5709 1947 5763 14.
2034 5709 2079 5746 -“

2180 5727 2250 5768 :n.
2286 5729 2397 5779 xix,
2428 5712 2514 5767 26.
2617 5714 2662 5746 "
2689 5713 2858 5770 Exod.
2889 5730 2960 5780 iv,
2994 5715 3050 5780 5,
3082 5715 3137 5769 4.
3179 5710 3265 5810 ‘5‘
3290 5708 3441 5767 Psal.
3476 5719 3623 5762 xcm.
3651 5695 3735 5757 22.
