4078 6264
425 387 554 443 19.6!

1553 388 1738 454 utzoo
1781 379 1968 444 unus
2005 386 2110 444 SIT
2149 371 2519 450 CHRISTUS.

3021 306 3060 332 ς-

3540 393 3677 454 liii!

416 503 476 557 τὸ
519 505 601 556 ὅτι
635 503 870 572 μάλιστα
921 502 1128 574 πρέπον
1164 521 1223 556 τε
1273 505 1364 557 καὶ
1399 505 1571 570 ἐοικὸς
1619 507 1694 576 τῷ
1745 507 1988 578 ἀτρέπτῳ

2105 510 2155 562 id
2195 511 2333 579 quand
2381 512 2488 564 Deo
2525 509 2842 566 immutabili
2897 511 3130 569 tna'xime
3176 513 3430 570 convenit
3463 529 3680 572 accom-

414 595 564 664 Θεῷ;
594 593 719 658 Πῶς
744 595 810 665 δὴ
838 591 930 647 οὖν
958 596 1066 664 ἄρα
1095 597 1173 657 εἰς
1207 595 1383 664 σάρκα
1415 598 1592 667 φαμὲν
1623 597 1876 665 γενέσθαι
1909 597 2000 650 τὸν

414 685 604 754 Λόγον,
645 687 706 738 τὸ
737 685 1006 756 ἀτρεπτόν
1037 703 1094 738 τε
1142 686 1236 739 καὶ
1265 687 1618 741 ἀναλλοίωτον
1655 690 1732 751 ὠς
1779 689 1908 742 ἴδιόν
1940 707 1999 742 τε

414 779 505 831 καὶ
534 776 787 840 οὐσιῶδες
816 776 910 828 καὶ
956 776 1274 846 ἐμπεφυκὸς
1315 777 1464 848 αὑτῷ
1511 780 1803 848 τηροῦντες
1835 781 1944 844 ἀεὶ,
1972 782 2000 834 ό

413 871 684 939 πάνσοφος
715 867 945 934 Παῦλος,
974 869 1002 920 ό
1033 867 1140 924 τῶν
1166 867 1333 922 αὐτοῦ»
1373 869 1685 940 μυστηρίων
1715 871 1938 939 ταμίας,
1971 873 1999 924 ὁ

413 961 516 1015 τῶν
551 960 926 1029 εὑαγγελικῶν
979 960 1354 1031 κηρυγμάτων
1404 961 1708 1030 ἱερουργὸς,
1748 965 2001 1031 σαφηνιεῖ

411 1051 602 1122 λέγων’
643 1071 661 1104 ι
692 1051 864 1105 Τοῦτο
903 1047 1151 1123 φρονεῖτε
1210 1051 1441 1115 ἕκαστος
1468 1055 1526 1105 ὲν
1562 1054 1690 1122 ὑμῖν
1731 1053 1934 1118 αὐτοῖς,
1969 1053 1997 1106 ὃ

410 1147 502 1199 καὶ
532 1147 587 1198 ἐν
627 1145 850 1215 Χριστῴ
887 1143 1086 1214 Ἰησοῦ,
1129 1144 1188 1206 ὃς
1232 1145 1290 1197 ὲν
1324 1145 1504 1215 μορφῇ
1545 1143 1680 1196 Θεοῦ
1711 1145 1994 1214 ὑπάρχων,

409 1233 505 1303 οὐχ
535 1233 832 1304 ἁρπαγμὸν
859 1234 1100 1304 ἡγήσατο
1131 1232 1192 1286 τὸ
1218 1229 1356 1286 εἶναι
1389 1233 1480 1286 ἴσα
1501 1232 1640 1303 Θεῷ,
1668 1233 1781 1286 ἀλλ’
1806 1234 1997 1287 ἑαυτὸν

410 1323 663 1389 ἐκένωσε,
717 1323 932 1394 μορφὴν
983 1323 1170 1375 δούλου
1215 1323 1414 1390 λαϐὼν,
1460 1325 1519 1377 ὲν
1561 1323 1865 1394 ὁμοιώματι
1897 1325 1994 1376 άν-

412 1413 641 1483 θρώπων
673 1416 987 1487 γενόμενος,
1018 1417 1112 1468 καὶ
1148 1417 1386 1488 σχήματι
1415 1416 1658 1489 εὑρεθεὶς
1689 1417 1763 1482 ὡς
1787 1416 1996 1488 ἄνθρω-

413 1517 530 1568 πος,
570 1505 934 1557 ἐταπείνωσεν
966 1505 1180 1571 ἑαυτὸν,
1225 1501 1517 1578 γενόμενος
1557 1508 1799 1579 ὑπήκοος
1831 1509 1993 1579 μέχρι

411 1597 659 1660 θανάτου,
692 1596 919 1650 Θανάτου
951 1593 1006 1652 δὲ
1039 1597 1295 1670 σταυροῦ.
1324 1615 1341 1648 ι
1384 1599 1577 1652 Καίτοι
1620 1599 1728 1668 γὰρ
1753 1599 1886 1662 Θεός
1931 1617 1991 1652 τε

413 1690 508 1741 καὶ
533 1693 595 1742 ὲκ
624 1690 755 1743 Θεοῦ
791 1691 932 1744 κατὰ
979 1692 1138 1760 φύσιν
1165 1691 1426 1761 ὑπάρχων
1449 1692 1476 1744 ό
1505 1690 1796 1761 μονογενὴς
1826 1689 1990 1744 αὑτοῦ

416 1784 608 1850 Λόγος,
653 1784 712 1836 τὸ
749 1783 1090 1854 ἀπαύγασμα
1133 1785 1231 1853 τῆς
1266 1784 1446 1855 δόξης,
1496 1784 1590 1840 καὶ
1637 1785 1664 1836 ὁ
1701 1785 1992 1855 χαρακτὴρ

414 1875 510 1944 τῆς
540 1874 884 1937 ὑποστάσεως
912 1851 1411 1946 τοῦγεννήσαντος,
1436 1869 1659 1944 γέγονεν
1681 1874 1983 1945 ἄνθρωπος,
2025 1851 2064 1906 Β

412 1967 503 2019 καὶ
533 1966 631 2018 οὑκ
658 1967 736 2030 είς
777 1968 953 2040 σάρκα
992 1967 1252 2037 τραπεὶς,
1294 1966 1326 2036 ἢ
1363 1965 1596 2036 φυρμὸν,
1633 1965 1666 2036 ἢ
1699 1967 1915 2035 κρᾶσιν,
1952 1967 1986 2038 ἡ

407 2077 459 2114 τι.
492 2061 597 2114 τῶν
624 2060 879 2114 τοιούτων
918 2053 1104 2131 ἕτερον
1139 2059 1457 2130 ὑπομείνας,
1485 2058 1674 2122 καθεὶς
1700 2059 1756 2112 δὲ
1787 2060 1986 2130 μᾶλλον

408 2146 596 2206 ἑαυτὸν
629 2155 708 2217 εἰς
737 2153 988 2218 κένωσιν,
1022 2151 1115 2205 καὶ
1153 2152 1272 2206 ἀντὶ
1302 2154 1400 2224 τῆς
1438 2151 1805 2222 προκειμένης
1837 2152 1987 2223 αὑτῷ

410 2247 602 2316 χαρᾶς,
627 2245 887 2316 αἰσχύνης
913 2245 1352 2315 καταφρονήσας,
1385 2243 1478 2296 καὶ
1505 2243 1603 2314 τὴν
1643 2244 1740 2314 τῆς
1769 2243 1982 2314 ἀνθρωο

411 2340 641 2408 πότητος
679 2337 953 2408 πτωχείαν
997 2339 1093 2391 οὑκ
1126 2337 1417 2407 ἀτιμάσας.
1449 2329 1709 2408 Ἦθέλησε
1743 2337 1874 2410 γάρ,
1910 2339 1986 2402 ὡς

411 2431 564 2495 Θεὸς,
604 2433 700 2502 τὴν
741 2431 952 2503 θανάτῳ
991 2431 1082 2487 καὶ
1127 2432 1370 2504 ἁμαρτίᾳ
1414 2433 1741 2503 ὲνεχομένην
1782 2432 1982 2503 σάρκα,

410 2527 503 2578 καὶ
544 2524 772 2579 θανάτου
819 2526 910 2578 καὶ
959 2526 1186 2596 αἵματος
1230 2525 1506 2596 ἀποφῆναι
1555 2525 1860 2596 κρείττονα,
1892 2525 1984 2578 καὶ

406 2617 735 2689 ἀνακομίσαι
771 2618 906 2689 πρὸς
947 2615 1006 2670 τὸ
1044 2617 1101 2671 ὲν
1130 2618 1347 2688 ἀρχαῖς,
1381 2617 1516 2669 ἰδίαν
1551 2617 1720 2687 αὑτὴν
1751 2619 1983 2687 ποιησά-

406 2725 594 2778 μενος,
641 2707 734 2760 καὶ
776 2707 874 2760 οὑκ
905 2707 1109 2778 ἄψυχόν
1144 2713 1206 2776 γέ
1239 2709 1379 2761 κατά
1411 2719 1582 2773 τινας,
1625 2709 1983 2780 ὲψνχωμένην

398 2791 456 2854 δὲ
494 2800 696 2871 μᾶλλον
728 2795 874 2870 ψυχῇ
907 2800 1094 2871 νοερᾷ·
1142 2799 1278 2853 ἰέναι
1325 2804 1387 2867 γε
1425 2801 1530 2870 μὴν
1577 2800 1674 2870 τὴν
1713 2800 1791 2870 τῷ
1837 2802 1982 2870 πρά⁴

399 2902 571 2963 γματι
616 2891 934 2963 πρέπουσαν
981 2893 1082 2944 οὑκ
1129 2888 1447 2956 ἀπαξιώσας
1493 2891 1698 2963 τρίϐον,
1729 2891 1826 2964 τὴν
1861 2893 1982 2946 καθ’

401 2985 547 3055 ἡμᾶς
592 2984 843 3052 γέννησιν
877 2983 1166 3050 ὑπομεῖναι
1209 2982 1450 3051 λέγεται,
1484 2982 1810 3053 μεμενηκὼς
1845 2984 1984 3055 ὅπερ

401 3071 490 3146 ἦν.
541 3074 861 3145 Γεγέννηται
895 3075 1002 3144 γάρ
1043 3074 1362 3142 παραδόξως
1413 3075 1553 3127 κατὰ
1602 3076 1824 3146 σάρκα’,
1860 3075 1892 3147 ἢ
1927 3077 1982 3131 ἐν

405 3164 532 3216 εῖδει
563 3163 667 3234 τῷν
697 3163 816 3216 καθ’
843 3165 992 3233 ἡμᾶς
1017 3163 1246 3232 ὀφθῆναι
1273 3167 1384 3226 τοῖς
1411 3165 1504 3215 ἐπὶ
1534 3165 1656 3233 γῆς,
1686 3165 1776 3218 τὸν
1801 3166 1980 3234 ἀναφῆ
2012 3211 2054 3268 C

404 3255 496 3307 καὶ
527 3252 855 3324 ἀσώματον“,
875 3253 1019 3324 Πλὴν
1051 3253 1472 3324 ὲνανθρωπῆσαι
1501 3256 1788 3325 κρίναντα,
1817 3257 1911 3310 καὶ¹
1929 3260 1984 3309 ὲν

403 3345 579 3416 ἑαυτῷ
621 3347 714 3399 καὶ
758 3345 902 3416 μόνῳ
947 3347 1060 3407 τοῖς
1101 3345 1201 3414 τῆς
1248 3345 1499 3416 θεότητος
1545 3346 1850 3412 ἀξιώμασιν
1886 3350 1980 3400 ὲκ-

405 3437 591 3508 πρεπῆ
618 3437 714 3507 τὴν
752 3436 906 3507 ἡμῶν
936 3437 1212 3506 ἀποφῆναι
1255 3434 1414 3506 φύσιν
1437 3457 1449 3467 ·
1484 3433 1552 3508 ἦν
1592 3437 1698 3509 γὰρ
1729 3439 1756 3490 ό
1795 3439 1979 3503 αὐτὸς,

402 3531 535 3592 Θεός
565 3547 628 3598 γε
674 3530 806 3600 ὁμοῦ
850 3531 944 3584 καὶ
973 3529 1290 3600 ἄνθρωπος,
1324 3531 1414 3583 καὶ
1458 3531 1515 3583 ὲν
1548 3525 1850 3600 ὁμοιώματι
1883 3531 1982 3601 μὲν

402 3620 708 3691 ἀνθρώπου,
741 3620 874 3673 καθὸ
910 3620 1049 3689 μετὰ
1087 3619 1275 3672 τούτου
1308 3621 1402 3673 καὶ
1447 3621 1579 3684 Θεὸς
1620 3617 1707 3692 ἦν,
1740 3623 1980 3692 σχήματι

401 3713 456 3766 δὲ
482 3713 554 3776 ὡς
582 3713 883 3786 ἅνθρωπος.
911 3711 1042 3775 Θεὸς
1071 3713 1179 3783 γάρ
1213 3708 1281 3783 ἦν
1305 3714 1362 3766 ὲν
1392 3712 1521 3766 εῖδει
1551 3712 1628 3783 τῷ
1659 3713 1779 3766 καθ’
1809 3715 1977 3783 ἡμᾶς,

403 3805 496 3858 καὶ
550 3807 608 3857 ἐν
654 3804 840 3857 δούλου
883 3807 1097 3874 μορφῇ,
1142 3805 1438 3876 Δεσπότης.
1469 3806 1657 3876 Σάρκα
1698 3806 1806 3877 γὰρ
1839 3805 1982 3858 οὕτω

402 3900 582 3970 φαμὲν
612 3899 884 3967 γενέσθαι.
917 3901 1183 3972 Ταύτῃτοι
1219 3901 1312 3954 καὶ
1340 3893 1598 3954 Θεοτόκον
1633 3898 1773 3954 εἷναι
1793 3902 1980 3972 ,διαϐε-

400 3991 700 4062 6αιούμεοα
729 3993 824 4065 τὴν
853 3993 1015 4061 ἀγίαν
1045 3971 1339 4064 Παρθένον.
1791 3971 1810 3986 κ

2106 601 2364 654 modare‘?
2422 600 2665 667 Quonam
2715 604 2877 672 igitur
2927 611 3086 674 pacto‘
3141 606 3194 660 in
3245 616 3412 662 carne
3471 609 3674 665 factum

2105 690 2270 745 fuisse
2297 691 2530 747 Verbum
2569 693 2834 759 dicamus,
2879 695 3371 752 immulabilitatem
3421 711 3542 768 qua:
3575 701 3676 770 ipsi

2101 785 2318 851 propria
2365 795 2528 853 atque
2577 788 2880 842 essentialis
2941 799 2998 842 et
3034 789 3229 855 insita,
3278 798 3362 845 est
3415 801 3676 860 perpetuo

2101 883 2514 944 conservantes,
2565 880 2998 945 sapientissimus
3041 881 3262 948 Paulus,
3297 883 3712 956 mysteriorum}

2101 963 2269 1032 ipsius
2367 967 2709 1037 dispensator
2783 973 3216 1043 evangelicmque
3279 957 3706 1044 praedicationis‘

2103 1057 2376 1126 minister,
2403 1059 2662 1127 declarat,
2701 1064 2922 1118 dicens:
2958 1083 2976 1116 ι
3016 1065 3128 1121 Hoc
3164 1069 3362 1123 sentite
3384 1072 3678 1141 unusquis-

2101 1162 2205 1218 que
2237 1151 2286 1204 in
2321 1151 2471 1205 vobis
2499 1155 2637 1220 quod
2688 1165 2744 1207 et
2789 1156 2842 1208 in
2871 1155 3092 1212 Christo
3123 1156 3273 1226 Jesn,
3301 1162 3417 1229 qui,
3461 1177 3582 1217 cum
3621 1164 3674 1218 in

2101 1237 2272 1291 forma
2325 1237 2414 1292 Dei
2466 1250 2632 1304 esset,
2685 1257 2789 1296 non
2843 1245 3086 1313 rapinam
3133 1248 3434 1305 arbitratus
3485 1260 3569 1306 est
3615 1269 3676 1308 se

2096 1345 2218 1384 esse
2267 1332 2525 1400 aequalem
2577 1333 2685 1388 Deo
2727 1352 2741 1387 :
2783 1335 2874 1389 sed
2925 1337 3276 1408 semetipsum
3334 1342 3670 1408 exinanivit.

2098 1418 2323 1475 formam
2352 1423 2495 1476 servi
2532 1423 2823 1494 accipiens,
2857 1425 2910 1478 in
2944 1425 3350 1484 similitudinem
3393 1430 3671 1489 hominum

2097 1511 2293 1579 factus,
2337 1523 2393 1567 et
2425 1514 2611 1570 habitu
2647 1516 2898 1572 inventus
2941 1527 2999 1570 ut
3027 1517 3210 1584 homo,
3240 1519 3551 1578 humiliavit
3581 1540 3672 1579 se-

2095 1600 2291 1670 ipsum,
2327 1601 2498 1658 factus
2529 1602 2788 1658 obediens
2823 1619 2992 1675 usque
3029 1607 3097 1660 ad
3129 1618 3357 1664 mortem
3392 1641 3407 1675 ,—
3439 1623 3670 1670 mortem

2093 1701 2272 1746 autem
2320 1695 2498 1747 crucis
2518 1693 2583 1746 ³⁸.
2615 1709 2638 1745 ι’
2673 1695 2810 1749 Deus
2847 1697 2992 1749 enim
3028 1706 3083 1751 et
3123 1711 3188 1753 er
3225 1697 3338 1754 Deo
3374 1703 3670 1760 secundum

2095 1791 2342 1837 naturam
2391 1786 2660 1840 exsistens
2702 1786 3036 1854 unigenitum
3097 1788 3267 1856 ipsius
3305 1789 3568 1860 Verbum,
3615 1807 3672 1851 et

2095 1874 2346 1943 splendor
2401 1875 2615 1945 gloria},
2662 1887 2718 1930 et
2763 1877 3048 1932 character
3095 1881 3411 1939 substantiae
3447 1883 3672 1942 Genito-

2095 1965 2172 2019 ris
2191 1963 2262 2028 ",
2297 1963 2496 2018 factum
2523 1976 2606 2020 est
2632 1966 2819 2030 homo,
2839 1977 2894 2021 et
2924 1981 3031 2022 non
3061 1967 3114 2022 in
3141 1983 3362 2028 carnem
3383 1985 3669 2042 mutatura,

2095 2067 2268 2126 neque
2299 2058 2462 2112 ullam
2513 2067 2609 2113 aut
2651 2059 2959 2126 misturam,
3001 2071 3098 2118 aut
3132 2074 3550 2132 temperaturam
3579 2080 3672 2124 aut

2095 2147 2238 2203 aliud
2273 2148 2546 2220 quidpiam
2589 2149 2962 2219 hujuscemodi
3009 2153 3196 2220 subiit,
3241 2155 3334 2209 sed
3363 2159 3542 2224 potius
3571 2160 3670 2212 de-

2095 2241 2315 2294 mitteus
2368 2255 2427 2295 se
2462 2240 2528 2294 ad
2575 2241 3038 2306 exinanitionem,
3077 2253 3132 2298 et
3185 2259 3284 2312 pro
3333 2249 3532 2317 gaudio
3565 2250 3670 2306 sibi

2094 2331 2404 2401 proposito,
2465 2332 2702 2388 dedecus
2757 2343 3149 2399 contemnens,
3202 2337 3670 2411 humanitatisque

2095 2424 2366 2478 miseriam
2419 2434 2582 2494 atque
2626 2425 2973 2492 indigentiam
3017 2443 3124 2483 non
3173 2442 3514 2500 aspernatus.
3560 2434 3666 2491 Vo-

2093 2517 2192 2570 luit
2237 2518 2383 2571 euim
2433 2527 2491 2571 ut
2535 2516 2677 2573 Deus
2710 2533 2928 2574 carnem
2989 2522 3148 2576 morti
3201 2533 3255 2578 et
3299 2537 3526 2594 peccato
3571 2530 3667 2586 ob-

2093 2607 2336 2674 noxiam,
2382 2617 2556 2664 morte
2607 2625 2670 2664 ac
2713 2620 2938 2679 peccato
2980 2615 3316 2683 superiorem
3366 2619 3667 2686 declarare,

2093 2701 2442 2772 pristinmque
2494 2701 2789 2771 integritati
2853 2705 3164 2772 restituere,
3223 2711 3494 2778 propriam
3545 2727 3668 2768 eam

2092 2792 2193 2846 sibi
2223 2791 2446 2856 faciens,
2479 2801 2531 2846 et
2567 2793 2782 2860 quidem
2819 2792 2962 2847 illam
3005 2811 3108 2849 non
3151 2799 3334 2870 anima
3367 2815 3664 2872 carentem,

2093 2893 2146 2934 ut
2176 2880 2394 2948 quidam
2429 2881 2745 2949 opinantur,
2774 2882 2882 2935 imo
2913 2886 3098 2953 potius
3125 2888 3304 2942 anima
3329 2891 3667 2964 intelligente

2092 2973 2406 3026 animatam.
2463 2971 2634 3026 Porro
2690 2973 2773 3025 via
2825 2989 2946 3042 qua:
3003 2977 3130 3031 huic
3171 2982 3388 3049 negotio
3433 2988 3668 3053 gerendo

2092 3063 2408 3118 conveniret
2461 3063 2714 3119 incedere
2765 3078 2872 3119 non
2933 3065 3275 3137 dedignatus,
3326 3063 3668 3134 nativitatem

2093 3157 2251 3211 nobis
2284 3155 2514 3212 similem
2553 3156 2786 3212 subiisse
2830 3157 3050 3224 dicitur,
3085 3175 3414 3230 permanens
3445 3183 3578 3224 vero
3613 3170 3669 3226 id

2090 3251 2234 3320 quod
2282 3260 2420 3304 erat.
2459 3249 2630 3305 Natus
2659 3250 2803 3304 enim
2850 3260 2934 3305 est
2964 3252 3273 3310 admirabili
3327 3259 3540 3316 ratione
3576 3277 3668 3318 se-

2090 3344 2325 3400 cundum
2369 3357 2590 3398 carnem
2620 3359 2686 3398 ex
2734 3344 3002 3399 muliere:
3038 3361 3212 3416 ineque
3258 3351 3403 3406 enim
3451 3365 3670 3423 poterat

2090 3437 2268 3500 aliter,
2301 3437 2441 3491 Deus
2481 3436 2778 3491 secundum
2813 3446 3062 3493 naturam
3088 3441 3380 3508 exsistens,
3417 3459 3580 3514 quam
3611 3450 3666 3504 in

2090 3530 2270 3599 specie
2309 3543 2430 3597 quae
2469 3537 2668 3582 nostrae
2715 3527 2909 3583 similis
2962 3539 3103 3584 esset
3145 3533 3463 3592 mortalibus
3493 3553 3668 3608 appa-

2092 3635 2233 3684 rere,
2279 3620 2374 3691 qui
2409 3621 2766 3690 incorporeus
2814 3631 2900 3675 est
2937 3632 2994 3676 et
3030 3625 3171 3694 tangi
3223 3631 3432 3698 nequit.
3481 3629 3668 3701 Neque

2085 3713 2227 3767 enim
2266 3721 2476 3779 poterat
2510 3711 2668 3765 aliter
2691 3727 2856 3781 quam
2887 3727 2986 3780 per
3017 3715 3468 3784 incarnationem,
3499 3733 3662 3793 atque

2087 3805 2139 3858 in
2174 3804 2352 3872 seipso
2386 3812 2437 3857 οι
2469 3802 2686 3871 quidem
2737 3803 2854 3857 solo
2885 3818 3125 3859 nostram
3157 3819 3406 3864 naturam
3446 3815 3665 3871 deitatis

2087 3895 2438 3964 dignitatibus
2484 3895 2762 3946 decorare.
2811 3892 2942 3947 Erat
2982 3899 3126 3949 enim
3161 3897 3273 3966 ipse
3314 3901 3457 3956 Deus
3500 3908 3664 3963 simul

2087 4001 2142 4046 et
2173 3992 2356 4049 homo,
2391 3983 2559 4053 719
2583 3995 2636 4037 et
2660 3985 2712 4036 in
2741 3985 3098 4042 suni-litudine
3139 3992 3361 4060 quidem
3402 3996 3659 4066 howinis,

399 4098 666 4155 quatenus
711 4103 817 4142 una
853 4103 976 4142 cum
1031 4089 1132 4142 hac
1181 4090 1342 4143 etiam
1399 4090 1540 4144 Deus
1597 4099 1749 4156 erat;
1823 4091 2010 4147 habitu
2050 4103 2201 4154 vero,
2249 4093 2308 4138 ut
2358 4082 2544 4138 h0m0-
2584 4079 2723 4134 Deus
2789 4080 2932 4134 enim
2977 4092 3094 4138 erat
3145 4085 3196 4138 in
3247 4090 3429 4158 specie
3465 4105 3664 4151 nostrae

401 4180 589 4243 simili,
630 4189 683 4232 ct
713 4180 764 4232 in
795 4179 963 4233 forma
989 4181 1151 4247 servi,
1183 4181 1464 4236 Dominus.
1499 4180 1611 4236 lloc
1638 4184 1784 4237 enim
1820 4186 1981 4240 modo
2018 4195 2237 4240 carnem
2264 4178 2466 4233 factum
2497 4189 2620 4230 esse
2661 4175 2892 4230 dicimus
2919 4193 2931 4230 :
2963 4193 3027 4233 ac
3086 4181 3309 4250 proinde
3374 4183 3660 4256 Dciparant

399 4289 615 4343 quoque
637 4276 912 4330 exstitisse
937 4287 1335 4333 sacrosanctam
1360 4277 1632 4347 Virginem
1656 4280 1972 4335 asserimus.

471 4365 531 4418 Β.
574 4365 794 4432 Βούλει,
822 4369 932 4430 τοῖς
977 4370 1087 4431 σοῖς
1131 4370 1658 4440 ἀντιπαρεξάγοντες
1685 4361 1866 4440 λόγοις
1904 4373 1972 4427 τὰ

2157 4363 2218 4420 Β.
2249 4364 2503 4420 Placetne
2530 4373 2611 4428 ut,
2645 4363 2854 4419 illorum
2878 4363 3212 4434 obiectiones
3243 4370 3349 4425 tuis
3376 4372 3533 4430 dictis
3558 4372 3686 4447 op-'

403 4460 532 4528 παρ’
566 4459 812 4524 ἐκείνων,
851 4461 1163 4530 ἰσχνοτέραν
1211 4463 1567 4534 ἀποτελῶμεν
1617 4465 1724 4518 τῶν
1759 4465 1976 4518 ἐννοιῶν

2093 4469 2364 4530 ponentes,
2396 4456 2784 4510 accuratiorem
2819 4465 2872 4512 et
2899 4457 3238 4514 subtiliorem
3271 4461 3658 4535 reiproposita:

395 4551 496 4623 τὴν
544 4552 796 4621 βάσανον,
841 4553 873 4622 ἢ
911 4553 1332 4626 παραχωρῶμεν
1367 4557 1556 4622 ἁπλῶς
1605 4558 1815 4628 λέγοντί
1868 4575 1971 4622 σοι,

393 4641 460 4696 τὸ
483 4638 540 4694 εὖ
570 4641 715 4712 ἔχειν
754 4643 1191 4714 ὑπειλημμένονς

465 4819 531 4872 Δ.
586 4818 1014 4890 ’Λνεπίπληκτον
1050 4819 1171 4889 μὲν,
1202 4819 1276 4882 ὥς
1301 4837 1363 4887 γε
1398 4815 1572 4890 οἶμαι,
1605 4823 1712 4874 πᾶν
1741 4823 1876 4892 ὅπερ
1909 4821 1974 4874 ἂν

396 4909 609 4977 λέγοιτο
643 4910 781 4981 πρὸς
827 4911 984 4980 ἡμῶν
1014 4912 1193 4980 σοφῶς
1225 4929 1286 4964 τε
1315 4913 1409 4965 καὶ
1442 4913 1820 4982 ἐπιστημόνως
1839 4953 1852 4978 ,
1883 4913 1976 4966 καὶ

393 5003 495 5054 οὑκ
541 5003 857 5072 ἁπαδόντως
907 5003 1030 5074 ἔχον
1097 5007 1218 5069 ταῖς
1285 5003 1662 5066 θεοπνεύστοις
1709 5006 1970 5076 Γρα-φαῖς.

391 5086 570 5158 Φράζε
611 5089 666 5140 δὲ
700 5091 794 5142 καὶ
827 5087 990 5154 αὑτὸς
1039 5092 1100 5145 τὸ
1135 5093 1346 5148 δοκοῦν.
1383 5093 1627 5146 Ἐκτέκοι
1668 5095 1777 5165 γάρ
1826 5093 1891 5147 ἀν
1918 5111 1971 5148 τι

397 5179 501 5236 κῶν
526 5173 866 5256 ὀνησιφόρων
896 5187 932 5255 ἡ.
954 5186 1287 5251 ἀντίστασις.

465 5365 524 5418 Β.
580 5365 638 5417 Ὀ
673 5366 961 5429 θεσπέσιος
1004 5368 1226 5438 γράφει,
1260 5367 1414 5436 φασὶ,
1469 5365 1680 5429 Παῦλος
1725 5368 1850 5439 περὶ
1880 5367 1973 5421 τοῦ

396 5455 526 5509 Υἱοῦ
553 5500 565 5521 ,
603 5459 693 5511 ἅτε
728 5458 792 5530 δὴ
841 5459 1127 5528 γεγονότος
1166 5460 1409 5530 κατάρας
1459 5476 1515 5511 τε
1552 5461 1644 5511 καὶ
1679 5460 1972 5530 ἁμαρτίας.

395 5549 538 5617 Ἔφη
584 5548 724 5618 γὰρ,
784 5551 866 5601 ὅτι
927 5569 945 5601 ι
980 5549 1087 5601 Τὸν
1133 5549 1206 5618 μὴ
1253 5547 1449 5616 γνόντα
1502 5549 1798 5620 ἁμαρτίαν,
1834 5550 1975 5620 ὑπὲρ

395 5641 548 5710 ἡμῶν
596 5641 871 5711 ἁμαρτίαν
918 5641 1162 5709 ἐποίησε.
1200 5659 1217 5689 ι
1287 5639 1387 5693 Καὶ
1435 5641 1626 5693 πάλιν·
1681 5660 1700 5691 ι
1740 5643 1974 5710 Χριστὸς

465 5817 512 5850 ⁸⁸
543 5815 774 5886 Philipp.
814 5832 872 5874 ιι,
905 5815 1023 5869 5-8.
1117 5813 1157 5844 ’⁸⁸
1183 5811 1342 5867 Hebr.
1373 5831 1411 5880 ι,
1451 5819 1502 5871 ’5.

2084 4551 2568 4622 investigationem
2598 4549 2948 4606 instituamus
2974 4589 2989 4616 ,
3017 4567 3082 4606 an
3119 4554 3298 4622 potius
3325 4558 3651 4627 simpliciter

2083 4645 2316 4700 orationi
2357 4651 2462 4696 ture
2503 4643 2660 4697 [idem
2685 4641 3026 4708 adhibentes,
3055 4644 3127 4698 ita
3158 4659 3280 4700 sese
3309 4662 3424 4702 rem
3450 4651 3655 4710 habere

2081 4733 2418 4790 statuamus?

2155 4823 2221 4876 A.
2255 4822 2417 4876 Extra
2446 4822 2922 4892 reprehensionem
2953 4837 3168 4877 omnem
3197 4825 3436 4895 positum
3471 4839 3573 4896 est,
3596 4845 3654 4888 ιιι

2083 4915 2338 4979 arbitror,
2369 4914 2512 4982 quod
2553 4929 2582 4968 a
2615 4913 2769 4968 nobis
2820 4915 2957 4968 scite
3006 4915 3390 4986 sapienterque
3447 4922 3650 4979 dictmn

2083 5018 2190 5072 eat,
2217 5021 2388 5076 neque
2429 5021 2533 5060 una
2567 5005 2780 5060 ratione
2812 5021 2841 5058 a
2888 5007 3059 5061 sacris
3091 5007 3386 5078 Scripturis
3435 5013 3651 5070 dissen-

2084 5099 2165 5152 tit.
2201 5098 2291 5150 Dic
2342 5111 2468 5149 vero
2511 5097 2674 5148 etiam
2718 5105 2770 5149 tu
2813 5097 2956 5166 quod
3011 5097 3108 5150 tibi
3150 5100 3362 5154 videtur
3405 5119 3418 5154 :
3461 5103 3651 5160 aﬂ'erct

2081 5189 2224 5243 enim
2261 5189 2508 5242 nonnihil
2543 5187 2788 5244 utilitatis
2820 5191 3106 5246 contraria:
3139 5195 3423 5250 sententiae
3482 5215 3653 5268 oppo-

2077 5281 2221 5334 sitio.

2150 5373 2209 5426 Β.
2244 5371 2467 5427 Divinos
2489 5373 2704 5438 Paulus,
2757 5377 2929 5441 aiunt,
2993 5377 3182 5432 scribit
3215 5380 3282 5433 de
3321 5378 3481 5445 Filio,
3541 5393 3660 5438 tam.

2079 5478 2242 5533 quam
2296 5463 2384 5530 qui
2422 5462 2594 5518 factus
2621 5465 2693 5518 sit
2754 5467 3058 5522 maledictio
3086 5477 3140 5522 et
3197 5481 3497 5538 peccatum.
3563 5474 3649 5528 lu-

2079 5556 2195 5624 quit
2224 5557 2551 5624 enim,quod
2589 5576 2606 5608 ι
2645 5557 2774 5611 Ειιιιι
2805 5560 2894 5627 qui
2925 5577 3030 5615 non
3054 5562 3202 5616 novit
3228 5570 3528 5633 peccatum,
3554 5581 3651 5636 pro

2081 5649 2235 5703 nobis
2271 5658 2554 5719 peceatum
2611 5649 2736 5706 fecit
2768 5646 2833 5706 ⁸ο.
2880 5671 2897 5702 ι
2939 5653 3000 5707 Ει
3049 5669 3282 5711 rursus:
3330 5674 3351 5710 ι
3403 5657 3654 5714 ΟΙιιὶειιιο

1582 5818 1627 5848 ⁵ο
1665 5816 1703 5869 ιι
1734 5809 1858 5871 Cor.
1907 5832 1956 5884 v,
1994 5817 2086 5872 21.
