4078 6264
409 297 546 350 12(ὶὸ

475 413 535 467 Β.
595 415 704 468 Ὠδὶ
735 417 826 471 καὶ
859 420 1014 474 αὐτοί
1045 439 1227 491 φασιν,

475 508 542 560 Α.
583 508 794 562 Οὐκοῦν
831 511 988 584 εἴπερ
1014 514 1160 568 ἐστὶν
1191 515 1388 586 ἀληθὲς
1407 561 1420 584 ,
1455 522 1595 574 κατά
1624 537 1687 591 γε
1714 525 1774 578 τὸ
1800 525 1982 592 αὐτοῖς

403 593 472 688 εὖ,
513 596 660 667 ἔχειν
705 599 1143 672 ὑπειλημμένον,
1193 605 1276 658 ὅτι
1331 609 1554 676 γέγονεν
1599 613 1742 667 οὕτω
1777 616 1916 688 σὰρξ
1954 621 1982 678 ὁ

406 687 596 757 Λόγος,
629 689 774 780 καλθὰ
802 693 897 744 καὶ
939 695 1155 764 κατάρα
1179 698 1273 754 καὶ
1301 700 1564 771 ἁμαρτία,
1595 705 1684 758 ἐπ’
1709 687 1983 780 ἀναιρέσει

407 781 632 850 σαρκὸς,
663 776 782 834 εἶτα
811 781 928 846 πῶς
953 783 1230 856 ᾇφθαρτόν
1255 805 1316 841 τε
1344 793 1439 844 καὶ
1467 793 1772 867 ἀνώλεθρον
1813 776 1984 872 αὐτὴν

408 871 696 940 ἀποφαίνει
721 914 734 938 ,
764 873 840 938 ώς
890 875 948 927 ἕν
989 893 1052 944 γε
1102 880 1293 954 πρώτῃ
1342 885 1699 954 κατορθώσας
1725 890 1886 944 τοῦτο
1918 895 1983 966 τῇ

412 962 518 1028 ἰδίᾳ.
548 965 744 1035 σαρκί;
777 967 836 1018 οὺ
889 967 998 1038 γάρ
1031 985 1112 1023 τοι
1162 969 1362 1043 θνητὴν
1405 975 1697 1046 άπομείναι
1742 982 1836 1033 καὶ
1879 962 1986 1034 ὑπὸ

409 1055 613 1126 φθορὰν
641 1057 853 1128 ἀφῆκεν
880 1060 1050 1132 αὐτὴν
1093 1061 1578 1135 (παραπέμποντος
1609 1071 1688 1133 είς
1713 1074 1861 1141 ἡμᾶς
1889 1073 1986 1126 τοῦ

419 1149 592 1219 Ἀδὰμ
625 1151 723 1222 τὴν
755 1152 846 1205 ἐπὶ
886 1157 950 1224 τῇ
1001 1156 1308 1225 παραόάσεξι
1357 1159 1571 1231 δίκην),
1600 1163 1676 1225 ὡς
1711 1164 1890 1234 σάρκα
1928 1167 1985 1220 δὲ

410 1243 608 1311 μᾶλλον
658 1244 935 1315 ἀφθάρτου
985 1247 1154 1314 Θεοῦ,
1209 1251 1516 1318 τουτέστιν,
1578 1255 1750 1322 ἰδίαν,
1817 1258 1984 1329 ἤγουν

409 1334 601 1388 ἐαυτοῦ
626 1335 720 1389 καὶ
747 1336 976 1392 θανάτου
1004 1341 1096 1392 καὶ
1120 1341 1326 1413 φθορᾶς
1356 1345 1614 1401 ἐπέκεινα
1645 1347 1754 1412 θείς
1780 1365 1796 1414 ;⁴

478 1515 535 1569 Β.
579 1511 652 1569 Εὖ
692 1515 848 1586 ἔφης.

477 1609 540 1660 Α.
583 1607 728 1680 Ἔφη
773 1608 830 1661 δέ
879 1626 980 1663 που
1029 1613 1090 1665 τὸ
1133 1614 1373 1686 Γράμμα
1422 1619 1482 1672 τὸ
1530 1622 1695 1693 ἱερὸν,
1741 1623 1832 1676 τὸν
1886 1626 1982 1695 μὲν

415 1698 622 1768 πρῶτον
665 1698 952 1781 ἄνθρωπον
974 1742 989 1766 ,
1025 1705 1300 1760 τουτέστιν
1337 1709 1507 1782 Ἀδὰμ
1527 1753 1540 1776 ,
1574 1715 1654 1776 εἰς
1686 1715 1864 1786 ψυχὴν
1895 1734 1984 1784 γε·

1543 309 1730 376 QUOD
1769 311 1957 370 UNUS
1999 316 2104 375 SIT
2141 319 2507 380 CHRISTUS.

2012 442 2059 498 Α
2157 440 2216 495 Β.
2248 440 2323 495 lta
2355 443 2518 496 etiam
2555 443 2656 511 ipsi
2683 445 2891 499 dicunt.

3536 333 3670 390 1266

2157 530 2219 583 Α.
2251 532 2514 598 Quocirca
2547 534 2592 588 si
2629 549 2714 588 res
2755 537 2825 587 ita
2861 549 2919 589 se
2949 535 3128 600 habet,
3191 547 3348 606 prout
3383 539 3510 610 ipsis
3555 543 3672 610 pla-

2087 629 2191 682 cet,
2213 623 2352 690 quod
2381 623 2610 677 Verbum
2639 625 2823 679 eadem
2853 625 3063 680 ratione
3080 627 3152 680 sit
3183 627 3381 683 factum
3409 647 3536 685 caro
3563 649 3667 700 qua

2087 710 2390 765 maledictio
2421 721 2476 767 et
2503 721 2807 782 peccatum,
2837 717 2902 769 ad
2932 716 3290 773 sublationem
3313 721 3511 788 carnis,
3537 739 3670 794 quu-

2087 805 2244 856 modo
2281 803 2743 873 incorruptibilem
2777 815 2942 875 atque
2969 808 3220 865 interitus
3273 819 3548 879 expertem
3601 815 3666 868 il-

2086 891 2192 944 lam
2222 891 2416 957 eﬁ'ecit,
2450 896 2648 964 quippe
2677 887 2766 964 qui
2800 897 2850 950 in
2890 899 3066 966 prima
3093 902 3310 970 propria
3359 917 3457 957 sua
3497 920 3667 960 carne

2087 979 2188 1034 hoc
2223 983 2571 1047 praestiterit?
2595 984 2779 1054 Neque
2802 989 2948 1041 enim
2972 991 3254 1046 mortalem
3288 992 3433 1046 illam
3469 1011 3663 1049 corru-

2088 1071 2364 1139 ptiouique
2409 1076 2700 1128 obnoxiam
2785 1093 3004 1133 manere
3055 1082 3296 1149 permisit
3353 1085 3669 1152 (transmit-

2087 1167 2234 1213 tente
2261 1161 2312 1214 in
2347 1177 2444 1216 nos
2506 1162 2714 1218 Adamo
2751 1159 3200 1234 transgressionis
3253 1171 3532 1245 poenam):
3575 1178 3669 1230 sed

2087 1250 2266 1319 potius
2293 1260 2545 1322 tanquam
2579 1267 2800 1310 carnem
2829 1257 3256 1327 incorruptibilis
3295 1261 3410 1331 Dei,
3432 1265 3531 1320 hoc
3561 1273 3666 1330 est,

2087 1343 2380 1410 propriam,
2421 1344 2536 1399 sive
2574 1361 2725 1401 suam
2778 1361 2953 1405 morte
3006 1353 3462 1424 corroptioneque
3508 1372 3669 1426 supe-

2089 1431 2284 1484 riorem
2317 1433 2516 1490 eﬂ‘ecit.

2161 1524 2218 1576 Β.
2255 1523 2418 1580 Recte
2438 1529 2538 1583 ais.

2159 1619 2224 1672 Α.
2268 1619 2428 1690 Atqui
2492 1638 2648 1677 sacra
2695 1624 2974 1694 Scriptura
3005 1627 3198 1682 alicubi
3241 1628 3391 1696 dicit,
3422 1631 3656 1699 primum

2087 1707 2381 1771 hominem,
2407 1713 2510 1766 hoc
2533 1715 2942 1780 est,Adamum,
2969 1717 3166 1770 factum
3197 1733 3319 1774 esse
3349 1720 3400 1773 in
3431 1721 3665 1775 animam

411 1788 596 1842 νέσθαι
647 1778 847 1858 ζῶσαν,
890 1793 984 1846 τὸν
1029 1793 1086 1846 δὲ
1130 1794 1377 1869 ὕστερον,
1435 1803 1577 1872 φημὶ
1621 1805 1875 1875 Χριστὸν,
1906 1809 1980 1870 εἰς

2091 1800 2358 1858 viventem
2389 1820 2404 1868 ;
2439 1803 2666 1858 alterum
2709 1821 2838 1860 vero
2869 1809 3252 1875 posteriorem,
3286 1809 3558 1866 Christum
3583 1811 3668 1864 in-

415 1884 629 1952 ιτνεῦμα
679 1881 1115 1957 ζωοποιόν.Ἀρ’
1168 1885 1282 1954 οὖν,
1325 1889 1514 1963 ὥσπερ
1569 1896 1655 1947 ἐπ’
1705 1897 1983 1967 ἀναιρέσει

415 1975 652 2044 κατάρας
683 1977 778 2029 καὶ
803 1977 1078 2046 ἁμαρτίας
1096 2019 1108 2042 ,
1131 1980 1322 2048 γέγονε
1359 1984 1572 2056 κατάρα
1600 1989 1691 2039 καὶ
1717 1990 1984 2058 ἁμαρτία,

407 2063 579 2126 οὕτως
629 2068 714 2119 ἐπ’
763 2069 1042 2140 ἀνατροπῇ
1087 2069 1182 2123 τοῦ
1229 2068 1367 2124 εἶναι
1421 2075 1501 2138 είς
1545 2077 1723 2148 ψυχὴν
1777 2079 1978 2143 ζῶσαν,

405 2157 656 2223 γενέσθαι
703 2159 886 2230 φαμὲν
937 2161 1099 2214 αὐτὸν
1150 2166 1230 2226 εὶς
1285 2165 1501 2237 πνεῦμα
1550 2168 1830 2232 ζωοποιὼ.
1873 2173 1984 2244 Τὴν

409 2249 508 2318 γάρ
550 2265 632 2300 τοι
661 2249 754 2302 τοῦ
799 2250 1048 2318 γενέσθαι
1091 2251 1320 2324 δύναμιν
1350 2258 1430 2319 εἰς
1459 2257 1520 2312 τὺ
1564 2257 1777 2330 ἀπηχὲς
1820 2279 1979 2333 περι-

406 2339 716 2407 τρέποντες,
741 2340 884 2394 οὕτω
907 2343 1184 2412 versabat
1219 2348 1397 2417 σάρκα
1421 2350 1585 2419 φασὶν
1615 2352 1796 2418 αὑτὸν,
1837 2356 1982 2408 καθὰ

407 2431 498 2481 καὶ
524 2431 664 2500 ἀράν
693 2449 752 2484 τε
786 2433 878 2485 καὶ
909 2435 1199 2506 ἁμαρτίαν.
1243 2440 1580 2511 ’Λναιρετέον
1611 2441 1702 2497 οὖν
1733 2447 1842 2516 ἄρα
1884 2447 1978 2500 τοῦ

407 2521 581 2588 Λόγου
607 2521 706 2592 τὴν
735 2523 1028 2595 σάρκωσιν,
1058 2529 1224 2600 ήγουν
1252 2532 1682 2605 ἐνανθρώπησιψ
1708 2532 1768 2589 οὗ
1797 2556 1978 2610 παρα-

404 2611 686 2682 δεχθέντος
717 2617 796 2678 είς
828 2617 1103 2689 ἀλήθειαν,
1139 2621 1346 2692 οἴχεται
1381 2626 1480 2693 μὲν
1507 2627 1651 2690 ἅπας
1677 2631 1708 2698 ή
1719 2632 1809 2698 μίν
1835 2633 1861 2683 ὁ
1885 2632 1976 2684 τοῦ

406 2707 710 2776 μυστηρίου
759 2709 949 2777 λόγος·
994 2711 1120 2765 οὔτε
1165 2715 1222 2770 δὲ
1267 2717 1529 2789 ἐγεννήθη
1561 2721 1821 2792 Χριστὸς,
1854 2724 1978 2777 οὔτε

401 2797 691 2864 ἀπέθανεν,
740 2800 866 2856 οὔτε
893 2805 1210 2878 ἐγήγερται,
1271 2811 1410 2863 κατὰ
1443 2811 1540 2874 τὰς
1583 2813 1823 2882 Γραφάς.
1867 2816 1978 2869 Ποῦ

400 2892 690 2963 τοιγαροῦν
719 2897 752 2965 ἡ
789 2895 990 2963 πίστις,
1043 2901 1160 2970 ήτοι
1209 2902 1268 2954 τὸ
1309 2904 1458 2973 ῥῆμα
1502 2907 1600 2974 τῆς
1641 2906 1910 2971 πίστεως,
1951 2909 1978 2960 ὃ

403 2982 789 3054 κηρύσσομεν;
844 2987 969 3051 Πῶς
1014 2989 1121 3061 γὰρ
1167 2993 1388 3063 ἤγειρεν
1435 2995 1596 3048 αὐτὸν
1643 2999 1670 3048 ὁ
1728 2998 1862 3061 Θεὸς
1915 3001 1978 3050 ἐκ

2083 1907 2272 1960 quam,
2301 1891 2504 1946 factum
2541 1909 2663 1950 esse
2691 1897 2744 1950 in
2769 1899 3017 1966 Spiritum
3043 1901 3428 1955 vivificantem.
3455 1903 3656 1958 Proin-

2089 1983 2174 2046 de,
2205 1984 2655 2051 quemadmodum
2679 1986 2745 2040 ad
2789 1987 3078 2042 tollendam
3130 1989 3558 2046 maledictlonem
3615 2003 3668 2048 et

2085 2083 2392 2143 peccatum,
2428 2077 2605 2134 laetus
2639 2088 2722 2134 est
2766 2081 3071 2138 maledictio
3101 2093 3157 2138 et
3213 2094 3493 2154 peccatum
3526 2101 3541 2139 :
3593 2087 3666 2141 ita

2085 2167 2151 2219 ad
2179 2168 2585 2223 subversiouem
2636 2173 2929 2227 exsisteudi
2976 2174 3027 2228 in
3089 2176 3326 2230 animam
3373 2177 3664 2243 viventem,

2083 2259 2286 2313 factum
2321 2261 2494 2330 ipsum
2513 2277 2632 2318 esse
2665 2264 2893 2319 dicimus
2923 2267 2974 2319 in
2994 2267 3242 2335 spiritum
3275 2269 3660 2324 vivificantem.

2083 2350 2416 2408 Facultatem
2445 2354 2590 2409 enim
2623 2371 2686 2410 ac
2717 2360 2822 2410 vim
2849 2359 3021 2423 verbi,
3063 2359 3261 2429 factum
3315 2375 3444 2428 esse,
3473 2363 3542 2416 ad
3567 2363 3662 2418 ab-

2081 2443 2304 2497 surdum
2333 2456 2732 2512 convertentes,
2757 2449 2826 2502 ita
2859 2454 3034 2519 ipsum
3053 2465 3269 2505 carnem
3313 2453 3508 2506 factum
3543 2469 3666 2508 esse

2081 2535 2253 2598 aiunt,
2283 2537 2423 2590 sicut
2454 2547 2509 2592 et
2559 2541 2994 2594 exsecrationem
3056 2552 3110 2596 et
3171 2553 3473 2610 peccatum.
3537 2542 3660 2600 Tul-

2083 2625 2236 2678 leuda
2267 2627 2448 2695 itaque
2477 2630 2580 2682 erit
2605 2629 2764 2684 Verbi
2802 2632 3128 2700 incarnatio,
3185 2634 3300 2688 sive
3327 2636 3662 2690 humauatio.

2080 2707 2231 2782 Quod
2270 2717 2312 2772 si
2347 2726 2404 2772 ut
2437 2735 2624 2774 verum
2665 2722 3010 2787 admittatur,
3042 2725 3290 2778 universa
3355 2726 3511 2779 nobis
3545 2741 3663 2796 my-

2079 2808 2227 2862 sterii
2265 2809 2403 2862 ratio
2438 2821 2676 2866 corruet.
2715 2813 2898 2883 Neque
2928 2824 3084 2867 natus
3121 2823 3206 2868 est
3245 2815 3514 2879 Christus,
3562 2831 3658 2875 ne-

2081 2913 2184 2967 que
2209 2910 2451 2954 mortuus
2485 2909 2589 2967 est,
2609 2918 2782 2970 neque
2811 2905 3127 2970 resurrexit,
3169 2907 3467 2961 secundum
3519 2906 3668 2960 Scri-

2081 2997 2286 3058 pturas.
2317 2987 2576 3054 Quasnam
2606 2992 2766 3059 igitur
2789 2995 2894 3048 erit
2922 2993 3052 3049 ﬁdes
3075 3006 3282 3056 nostra,
3309 2996 3424 3049 sive
3443 2997 3663 3050 verbum

404 3077 636 3145 νεκρῶν,
660 3079 707 3131 εἰ
736 3081 809 3151 μή
836 3083 932 3134 καὶ
957 3085 1225 3151 ἀπέθανες
1251 3087 1366 3150 πῶς
1396 3088 1440 3140 δ’
1475 3089 1540 3142 ἂν
1567 3091 1659 3142 καὶ
1682 3092 1974 3159 ἀπέθανεν,

2085 3079 2207 3131 lidci
2236 3079 2378 3146 quod
2411 3079 2808 3147 pradicamus?
2863 3083 3142 3148 Quomodo
3194 3083 3339 3136 eiiim
3389 3085 3668 3140 suscitavit

317 3179 320 3182 ‘
405 3169 452 3219 εἰ
497 3169 570 3239 μὴ
606 3171 926 3242 γεγέννηται
965 3176 1107 3228 κατὰ
1140 3178 1349 3247 σάρκα;
1399 3180 1498 3232 ποῦ
1544 3180 1601 3232 δὲ
1653 3183 1746 3234 καὶ
1791 3185 1824 3252 ή
1869 3185 1978 3238 τῶν

407 3263 614 3331 νεκρῶν
667 3265 996 3332 ἀναϐίωσις,
1038 3270 1226 3324 ἐλπίδα
1267 3275 1380 3334 τοῖς
1430 3271 1604 3340 ἁγίοις
1653 3276 1979 3346 εἰσφέρουσα

403 3360 504 3427 τῆς
547 3359 904 3430 ἀτελευτήτου
951 3363 1094 3434 ζωῆς
1120 3405 1133 3428 ,
1187 3367 1234 3417 εἰ
1273 3367 1344 3436 μὴ
1387 3368 1678 3438 ἐγήγερται
1713 3371 1976 3441 Χριστός

405 3449 512 3501 τιοῦ
550 3451 606 3504 δὲ
637 3454 730 3505 καὶ
760 3455 792 3523 ἠ
822 3455 928 3508 τῶν
955 3457 1313 3527 ἀνθρωπίνων
1343 3461 1606 3529 σωμάτων
1632 3461 1974 3533 ςιυοποεησις,

404 3543 437 3610 ἡ
475 3542 613 3596 κατὰ
649 3545 861 3626 μέθεξιν
889 3548 1185 3621 τελουμένη
1230 3551 1328 3620 τῆς
1363 3554 1525 3620 ἁγίας
1559 3553 1722 3606 αὑτοῦ
1775 3557 1978 3626 σαρκὸς

404 3635 496 3687 καὶ
529 3635 766 3706 αἵματος
789 3656 802 3704 ;

481 3898 541 3952 Β.
581 3899 764 3969 Σάρκα
793 3901 854 3972 δὴ
885 3897 976 3956 οὖν
1012 3921 1190 3973 φαμεν
1220 3907 1470 3974 γενέσθαι
1497 3910 1588 3960 τὸν
1623 3911 1816 3977 Λόγον,
1836 3915 1978 3965 κατά

407 4005 468 4056 γε
503 3989 599 4060 τὴν
649 3991 713 4044 ἐκ
752 3996 1006 4060 γυναικὸς
1051 3997 1192 4050 κατὰ
1242 3999 1421 4068 σάρκα
1479 4000 1750 4070 γέννησιν,
1807 4005 1872 4071 ἣν
1923 4007 1978 4055 ἐν

405 4084 653 4152 ἐσχάτοις
701 4087 796 4138 τοῦ
851 4089 1046 4151 αἰῶνος
1105 4096 1316 4158 καιροῖς
1377 4093 1667 4162 ὑπομεῖναι
1725 4094 1975 4162 λέγεται·

403 4180 581 4230 καίτοι
609 4179 714 4251 πρὸ
745 4182 941 4245 παντὸς
967 4181 1060 4235 τοῦ
1102 4184 1293 4247 αἰῶνος
1327 4187 1586 4255 ὑπάρχων
1615 4187 1689 4249 ὡς
1719 4188 1869 4251 Θεόνς,

477 4353 540 4403 Α.
589 4353 732 4405 Πάνυ
764 4354 860 4423 μὲν
890 4350 1000 4409 οὗν.
1036 4358 1191 4410 Οὕτω
1221 4359 1328 4430 γὰρ
1357 4361 1578 4426 γέγονεν
1622 4363 1679 4414 ἐν
1723 4365 1978 4432 ὁμοιώσει

400 4537 546 4598 τίας.
596 4537 704 4588 Καὶ
755 4539 1094 4608 μαρτυρήσει
1137 4541 1307 4608 λέγων
1351 4546 1378 4596 ὁ
1425 4547 1700 4615 πάνσοφος
1737 4549 1973 4612 Παῦλος·

408 4645 428 4676 ι
455 4627 669 4698 Ἐπειδὴ
703 4629 808 4701 γὰρ
841 4629 909 4682 τὰ
955 4632 1144 4684 παιδία
1180 4635 1576 4706 κεκοινώνηκεν
1619 4641 1850 4710 αἵματος
1883 4644 1979 4696 καὶ

406 4717 632 4789 σαρκὸς,
686 4722 780 4774 καὶ
826 4721 987 4784 αὐτὸς
1026 4725 1420 4794 παραπλησίως
1473 4730 1701 4800 μετέσχε
1733 4733 1841 4785 τῶν
1883 4735 1978 4786 αὑ-

404 4810 535 4872 τὼν,
581 4811 668 4862 ἵνα
715 4810 804 4864 διὰ
833 4813 926 4864 τοῦ
961 4812 1190 4866 θανάτου
1225 4819 1542 4886 καταργήσῃ
1574 4819 1664 4871 τὸν
1689 4821 1748 4873 τὸ
1782 4822 1981 4891 κράτος

404 4901 597 4970 ἔχοντα
625 4902 718 4954 τοῦ
754 4903 1008 4971 θανάτου,
1037 4907 1303 4973 τουτέστι,
1334 4908 1423 4960 τὸν
1453 4909 1716 4972 διάϐολον,
1747 4912 1839 4964 καὶ
1877 4913 1982 4964 ἀπο

403 4991 610 5065 αλλάξῃ
641 4993 864 5058 τούτους
884 5035 898 5056 ,
943 4996 1057 5049 ὅσοι
1087 4997 1237 5067 φόϐῳ
1267 4997 1497 5051 θανάτου
1528 4997 1618 5050 διὰ
1653 5001 1853 5062 παντὸς
1889 5003 1982 5053 τοῦ

406 5085 508 5154 ζῇν
550 5085 721 5156 ἔνοχοι
769 5083 910 5156 ἦσαν
951 5089 1212 5151 δουλείας.
1263 5091 1334 5142 Οὐ
1382 5089 1489 5160 γὰρ
1536 5089 1706 5159 δήπου
1739 5091 1985 5158 ἀγγέλων

406 5176 839 5245 ἐπιλαμϐάνεται
865 5219 879 5243 ,
925 5179 1064 5232 ἀλλὰ
1111 5181 1425 5250 σπέρματος
1466 5181 1716 5251 Ἀϐραὰμ
1751 5183 1982 5252 ἐπιλαμ-

406 5267 630 5320 ϐάνεται
669 5286 683 5300 ⁸
753 5269 876 5322 ὅθεν
925 5269 1125 5338 ώιρειλε
1181 5271 1249 5323 τά
1313 5272 1493 5324 πάντα
1562 5274 1672 5333 τοῖς
1736 5270 1982 5340 ἀδελφοῖς

407 5359 757 5430 ὁμοιωθῆναι.
789 5381 806 5411 ι
852 5361 991 5413 Ἡδὲ
1031 5383 1046 5413 ι
1081 5361 1223 5414 κατὰ
1244 5362 1418 5414 πάντα
1455 5382 1472 5412 ι
1515 5362 1792 5429 ὁμοίωσις,
1815 5362 1985 5432 ἀρχὴν

406 5449 598 5520 ὥσπερ
623 5452 744 5504 τινὰ
773 5451 864 5504 καὶ
895 5452 1250 5521 προεισϐολὴν
1282 5453 1372 5503 τοῦ
1407 5454 1732 5522 πράγματος
1752 5492 1764 5513 ,
1796 5453 1892 5521 τὴν
1922 5455 1983 5506 ἐκ

408 5544 670 5610 γυναικὸς
702 5545 958 5610 enasset»
991 5546 1121 5613 ἔχει,
1153 5545 1246 5596 καὶ
1273 5545 1368 5613 τὴν
1405 5547 1460 5597 ἐν
1487 5545 1649 5615 σαρκὶ
1680 5545 1982 5614 φανέρωσιν

478 5723 546 5754 ⁵¹⁸
574 5721 590 5774 l
622 5721 748 5774 Cur.
787 5736 872 5785 xv,
909 5721 998 5773 45.
1079 5723 1122 5751 δ²
1155 5717 1315 5774 llcbr.
1341 5736 1397 5784 ιι,
1436 5721 1618 5776 Ιιί-Π.

2081 3184 2202 3222 eum
2237 3169 2376 3224 Deus
2406 3185 2435 3224 e
2467 3173 2718 3235 mortuis,
2751 3173 2852 3226 nisi
2883 3183 2936 3226 et
2969 3183 3212 3227 mortuus
3235 3173 3358 3227 est?
3413 3181 3504 3227 aut
3533 3187 3669 3243 quo-

2081 3261 2240 3315 modo
2271 3262 2434 3316 etiam
2461 3273 2708 3318 mortuus
2741 3275 2845 3326 est,
2881 3267 2982 3319 nisi
3021 3277 3177 3321 natus
3227 3277 3314 3322 est
3363 3267 3660 3321 secundum

2080 3354 2342 3407 carnem?
2373 3363 2466 3408 aut
2507 3370 2754 3424 quaenam
2783 3358 2998 3410 tandem
3024 3358 3127 3412 crit
3162 3359 3489 3414 resurrectio
3515 3373 3661 3414 mor-

2083 3453 2320 3510 tuorum,
2345 3461 2466 3514 qua:
2497 3447 2754 3515 perennis
2787 3447 2907 3500 vita:
2943 3463 3092 3516 spem
3141 3449 3349 3504 sanctis
3396 3449 3661 3512 immittit,

2081 3534 2126 3588 si
2161 3535 2408 3591 Christus
2437 3553 2540 3591 non
2567 3538 2904 3592 resurrexit?
2930 3537 3193 3604 Quaenam
3249 3553 3381 3596 vero
3435 3539 3540 3593 erit
3567 3537 3664 3592 hu-

2080 3641 2362 3681 manorum
2425 3643 2713 3696 corporum
2766 3629 3076 3694 viviﬁcatio,
3140 3645 3260 3699 quae
3313 3644 3407 3698 per
3465 3639 3666 3684 sancta:

2082 3719 2248 3786 ipsius
2287 3721 2470 3774 carnis
2511 3728 2566 3774 et
2627 3721 2904 3791 sanguinis
2973 3723 3440 3792 participationem
3495 3722 3660 3777 cilici-

2084 3808 2214 3860 tur?

2153 3899 2310 3966 ’12ζ1⁵
2361 3900 2420 3954 Β.
2473 3900 2712 3954 Dicimus
2769 3900 2954 3968 itaque
3005 3900 3240 3972 Verbum
3278 3915 3498 3954 carnem
3540 3915 3664 3954 esse

2081 3988 2304 4050 factum,
2377 3989 2586 4041 ratione
2651 3989 2946 4044 nativitatis
2992 3992 3285 4044 secundum
3335 4004 3554 4044 carnem
3595 4005 3662 4046 ex

2083 4077 2330 4140 muliere,
2356 4091 2516 4144 quam
2538 4077 2588 4128 in
2609 4077 2920 4130 novissimis
2942 4078 3122 4131 saaculi
3167 4078 3504 4146 temporibus
3543 4079 3664 4131 sub-

2084 4167 2212 4221 iisse
2244 4168 2459 4230 dicitur,
2493 4167 2708 4222 tametsi
2741 4177 2867 4221 ante
2905 4169 3084 4221 omnia
3126 4170 3320 4222 saecula
3367 4168 3657 4234 exstiterit,

2083 4268 2142 4312 ut
2165 4259 2324 4314 Deus.

2154 4353 2219 4405 A.
2268 4351 2522 4407 Omnino.
2559 4353 2634 4406 Ita
2665 4354 2808 4406 enim
2835 4351 3009 4406 factus
3035 4361 3114 4406 est
3149 4352 3462 4407 omnimode
3509 4352 3661 4406 nobis

403 4446 470 4512 τῇ
507 4445 640 4514 πρὸς
664 4448 812 4515 ἡμᾶς
853 4449 918 4519 τῇ
963 4449 1106 4502 κατὰ
1150 4453 1254 4504 πᾶν
1281 4452 1480 4512 ὁτιοῦν,
1519 4455 1642 4525 δίχα
1675 4457 1768 4526 τῆς
1799 4459 1980 4528 ἁμαρ-

2085 4446 2294 4512 similis,
2329 4458 2553 4515 excepto
2609 4457 2848 4514 peccato.
2908 4446 3064 4512 Quod
3123 4457 3177 4499 et
3229 4446 3661 4515 sapientissimus

2085 4537 2286 4592 Paulus
2317 4547 2568 4603 testatur,
2589 4538 2842 4606 inquiens
2876 4553 2887 4588 :
2929 4555 2945 4586 α
2976 4537 3109 4602 Quia
3140 4551 3268 4605 ergo
3327 4539 3478 4605 pueri
3507 4551 3660 4590 com-

2087 4629 2664 4682 tnunicaveruntcarni
2736 4639 2790 4682 et
2843 4628 3114 4696 sanguini,
3163 4638 3218 4680 et
3282 4627 3663 4695 ipsesimiliter

2087 4722 2429 4789 participavit
2459 4721 2698 4784 eisdem;
2741 4730 2799 4774 ut
2825 4733 2920 4788 per
2953 4728 3184 4773 mortem
3209 4720 3516 4772 destrueret
3537 4731 3658 4771 cum

2090 4814 2176 4883 qui
2205 4813 2434 4866 habebat
2466 4814 2656 4867 mortis
2697 4812 3005 4881 imperium,
3043 4812 3092 4864 id
3123 4821 3210 4864 est
3261 4810 3558 4872 diabolum,
3608 4817 3664 4862 et

2091 4903 2348 4957 liberaret
2411 4917 2506 4957 eos
2565 4903 2658 4972 qui
2709 4904 2901 4957 timore
2936 4902 3126 4954 mortis
3179 4915 3273 4968 per
3300 4908 3464 4953 totam
3495 4900 3658 4951 vitam

2093 5003 2246 5047 erant
2277 4994 2494 5047 obnoxii
2531 4994 2802 5048 servituti.
2837 4993 3110 5060 Nusquam
3143 4991 3285 5045 enim
3320 4989 3539 5058 angelos
3567 5003 3664 5058 ap-

2095 5088 2398 5155 prehendit,
2426 5087 2516 5140 sed
2547 5101 2732 5140 semen
2789 5085 3018 5139 Abrahae
3079 5082 3450 5152 apprehendit.
3507 5081 3662 5136 Unde

2093 5179 2274 5232 debuit
2304 5193 2397 5246 per
2414 5179 2593 5232 omnia
2619 5178 2874 5233 fratribus
2906 5177 3194 5232 assiinilari
3222 5179 3326 5230 ⁵¹.›
3351 5175 3660 5230 Similitudo

2091 5278 2270 5324 autem
2306 5289 2323 5320 ι
2361 5285 2458 5338 per
2509 5270 2720 5335 omnia,
2763 5287 2781 5319 ι
2815 5270 3028 5322 initium
3079 5267 3471 5334 quodammodo
3503 5277 3663 5335 atque

2091 5363 2439 5428 primordium
2466 5362 2624 5416 habet
2657 5362 2989 5416 nativitatem
3015 5375 3082 5414 ex
3117 5359 3363 5422 muliere,
3394 5366 3449 5410 et
3492 5359 3662 5411 mani-

2089 5453 2430 5506 festalionem
2455 5453 2505 5506 in
2533 5467 2696 5505 carne
2717 5453 2832 5521 ejus
2855 5449 2942 5519 qui
2975 5450 3126 5519 juxta
3195 5448 3466 5519 propriam
3505 5458 3662 5501 natu-

2093 5559 2204 5596 ram
2236 5545 2382 5598 cerni
2437 5544 2641 5612 nequit,
2688 5553 2740 5598 et
2799 5543 3216 5610 dispensativam
3273 5541 3661 5598 habitationem
