4078 6264
550 269 687 334 tes":
1574 270 1631 326 s.
1672 270 1943 325 C\'RlLl.l
1985 271 2448 326 ALliXANDRINI
2493 272 2810 326 ARClllEP.
3609 277 3714 332 ηδε

548 391 688 442 inter
741 402 860 455 nos,
889 386 1007 459 ejus
1063 388 1153 458 qui
1215 387 1729 451 excellentissimum
1780 403 1974 450 nomen
2033 403 2090 440 es

2217 384 2309 437 τοῦ
2345 385 2487 438 κατά
2534 385 2694 455 φύσιν
2748 383 2882 438 ίδίαν
2917 384 3013 452 οὐχ
3057 378 3253 450 ὁρατοῦ
3267 421 3280 444 ,
3312 381 3397 434 καὶ
3435 381 3519 450 τὴν
3546 385 3706 451 ἐντοῖς

545 488 888 546 consecutus,
921 490 978 536 et
1016 480 1448 536 bumilitatemin
1484 479 1845 549 humanitate,
1877 479 1993 551 ejus
2021 479 2099 545 qu'

2217 477 2341 530 καθ’
2386 479 2537 548 ἡμᾶς
2586 476 2810 542 κάθεσιν
2835 472 3182 543 οἰκονομικὴν
3215 471 3303 527 τοῦ
3348 474 3401 524 ὲν
3444 476 3708 543 ὑπερτάτως

545 570 598 624 in
628 571 896 640 supremis
954 570 1161 625 thronis
1182 569 1394 640 elfulget
1419 586 1434 635 ;
1463 578 1516 624 et
1547 568 1759 623 servilis
1786 567 2099 624 conditioni:

2213 566 2364 638 ὄντος
2389 569 2640 638 ὀνόμασι,
2667 566 2764 620 καὶ
2791 565 2850 619 τὸ
2884 567 2942 618 ὲν
2971 563 3342 634 ἀνθρωπότητι
3369 568 3612 630 ταπεινὸν,
3633 570 3709 623 τοῦ

541 661 740 717 factum
798 677 937 726 esse,
987 662 1072 717 cui
1105 661 1397 716 dominium
1446 660 1765 715 naturaliter
1807 660 2099 729 competit:

2212 663 2324 722 τοῖς
2365 659 2630 720 ἀνωτάτω
2661 658 2870 727 θρόνοις
2901 656 3276 726 ἐμπρέπντος
3300 693 3314 717 ,
3353 655 3440 708 καὶ
3474 656 3527 709 τὸ
3563 659 3611 709 ὲν
3640 660 3715 729 μέ·

546 770 563 811 ι
603 753 739 808 Deus
768 754 910 814 enim
941 762 1056 808 erat
1087 753 1316 807 Verbum
1357 752 1423 805 ⁸³.
1457 771 1473 803 ι

2213 765 2362 818 τροις
2399 749 2652 817 γενέσθαι
2689 751 2800 810 τοῖς
2845 748 3136 808 οἰκετικοίς
3168 745 3258 798 τὸν
3287 747 3341 800 ὲν
3363 745 3609 818 κυριότητι
3645 768 3718 818 φυ-

2215 841 2338 909 σικῇ
2362 854 2378 870 ο
2410 857 2429 890 ι
2463 840 2595 902 Θεὸς
2626 839 2736 910 γὰρ
2769 838 2939 906 Λόγος
2970 834 3058 906 ἦν.
3094 856 3112 887 ι

2282 932 2342 985 Β.
2367 932 2558 1001 Διανοῇ
2584 931 2682 1001 μὲν
2708 930 2882 1002 ὀρθῶς
2900 947 2913 960 ·
2955 929 3096 1000 πλὴν
3121 927 3230 981 ἴσθι
3255 947 3333 981 τοι
3360 929 3560 982 κάκεῖνο
3576 930 3722 1000 ἐροῦν-

2211 1040 2310 1087 τας
2331 1066 2347 1089 ,
2397 1023 2473 1086 ὡς
2515 1023 2805 1092 ἀνέφικτον
2844 1022 2927 1093 εἴη
2960 1021 3100 1090 τάχα
3130 1037 3235 1073 που
3264 1021 3355 1073 καὶ
3383 1021 3623 1088 ἀκαλλὲς,
3650 1024 3723 1076 τὸν

2210 1114 2275 1165 ἐκ
2298 1113 2430 1166 Θεοῦ
2464 1113 2698 1183 Πατρὸς.
2730 1153 2743 1166 .
2776 1154 2789 1166 .
2831 1152 2844 1168 .
2887 1151 2900 1165 .
2939 1112 3010 1165 τὰ
3037 1112 3228 1177 Λόγον,
3259 1112 3563 1182 ἀπορρήτως
3583 1114 3723 1168 τεκαὶ

2213 1205 2350 1272 ὑπὲρ
2389 1204 2534 1266 νοῦν,
2565 1203 2773 1256 οἴεσθαί
2817 1219 2879 1254 τε
2913 1201 3009 1254 καὶ
3033 1199 3233 1269 λέγειν,
3281 1201 3370 1256 καὶ
3393 1202 3622 1272 δευτέραν
3648 1204 3725 1274 τὴν

2210 1295 2275 1345 ἐκ
2307 1294 2562 1360 γυναικὸς
2590 1295 2884 1364 ὑπομεῖναι
2917 1295 3193 1363 γέννησιν.
3214 1291 3446 1362 Ἀπόχρη
3471 1293 3567 1362 γὰρ
3587 1295 3722 1365 αὐτῷ,

612 931 863 996 [1.nccte
893 931 1108 1000 quidem
1166 930 1402 986 disseris.
1461 930 1726 986 Caeterum
1773 929 1900 984 illud
1946 931 2108 984 etiam

539 1025 688 1094 ipsos
719 1024 894 1077 dicere
930 1024 1089 1087 ει-ίιο,
1126 1037 1302 1092 neque
1331 1022 1477 1087 enim
1501 1021 1724 1089 intelligi
1750 1036 1926 1088 posse,
1952 1032 2111 1088 atque

539 1114 675 1173 adeo
695 1113 990 1175 absurdum
1021 1129 1142 1177 esse
1172 1114 1485 1177 existimare
1533 1123 1586 1170 et
1621 1113 1798 1168 dicere
1852 1112 2105 1177 Verbum,

539 1206 677 1273 quod
697 1204 951 1266 ineffabili
989 1206 1218 1272 quadam
1246 1206 1452 1259 ratione
1480 1215 1643 1273 atque
1665 1204 1992 1264 intellectum
2017 1219 2112 1258 ex-

538 1296 761 1362 cedente
787 1312 849 1349 ex
888 1297 993 1362 Deo
1020 1295 1180 1366 Patre
1205 1304 1306 1362 est,
1331 1297 1620 1362 secundam
1651 1310 1864 1364 quoque
1893 1310 1958 1355 ex
1994 1312 2110 1359 mu-

538 1387 670 1441 liere
701 1387 1032 1442 nativitatem
1064 1387 1315 1442 subiisse.
1351 1385 1604 1440 Sullicere
1635 1387 1777 1447 enim
1812 1387 1909 1454 ipsi
1936 1388 2106 1450 aiunt,

536 1478 676 1548 quod
722 1478 889 1534 semel
949 1494 1011 1551 ea
1053 1477 1212 1530 Patre
1244 1477 1425 1531 divino
1455 1492 1606 1530 more
1633 1479 1846 1546 genitus
1873 1478 1961 1532 sit.

606 1565 672 1628 Α.
708 1566 972 1625 lnsultant
998 1568 1178 1635 itaque
1203 1566 1376 1633 Filio;
1410 1582 1585 1635 neque
1618 1577 1768 1622 recte
1802 1567 1974 1636 ipsum
2005 1568 2106 1622 sibi

535 1659 876 1715 consuluisse
907 1660 1077 1723 aiunt,
1124 1659 1213 1727 qui
1247 1659 1599 1714 voluntariam
1637 1674 1734 1727 pro
1787 1660 1940 1714 nobis
2008 1675 2105 1715 ex-

2211 1386 2362 1452 φασι,
2400 1385 2460 1438 τὸ
2486 1383 2632 1450 ἅπαξ
2674 1387 2736 1438 ὲκ
2767 1386 2977 1456 Πατρὸς
3009 1384 3336 1454 γεννηθῆναι
3367 1383 3669 1453 θεοπρεπῶς.

2282 1569 2344 1627 Α.
2383 1568 2612 1636 Οὐκοῦν,
2656 1571 3044 1642 ἐπιπλήττουσι
3073 1571 3151 1641 τῷ
3181 1571 3296 1641 Υίῷ
3321 1613 3335 1637 ,
3365 1571 3456 1624 καὶ
3495 1571 3583 1624 οὐκ
3623 1571 3726 1642 ὀρθά

2217 1659 2598 1729 βεϐουλεῦσθαι
2612 1679 2773 1731 φασιν
2798 1664 2980 1722 αὐτὸν.
3007 1664 3104 1734 τὴν
3128 1664 3196 1716 δι’
3232 1665 3376 1734 ἡμᾶς
3409 1664 3612 1742 κένωσιν
3633 1663 3724 1716 ἐθε-

535 1750 890 1819 inanitionem
948 1749 1198 1803 subierit.
1251 1748 1457 1802 Vanum
1516 1759 1692 1802 autem
1756 1747 1912 1804 fuerit
1947 1759 2099 1820 atque

2209 1750 2420 1805 λούσιον
2470 1754 2860 1823 ὑπομείναντα..
2909 1756 3269 1825 Κατήργηται
3317 1755 3395 1819 δὲ,
3439 1755 3526 1808 καὶ
3565 1757 3727 1808 εἰκαῖον

535 1845 692 1899 inane
720 1844 1080 1904 venerandum
1104 1859 1167 1908 ac
1189 1856 1439 1907 magnum
1465 1841 1738 1910 religionis
1767 1841 2102 1910 mysterium,

531 1946 585 1990 et
609 1935 921 2004 prmclaram
955 1935 1096 1988 illam
1128 1949 1191 1990 ac
1216 1933 1539 2004 singularem
1561 1931 1827 2002 Unigeniti
1862 1933 1914 1985 in
1945 1945 2106 1987 carne

533 2027 987 2097 dispensationem
1024 2027 1392 2095 infrttgiferam
1418 2025 1574 2094 plane
1629 2025 1934 2089 hominibus
1983 2041 2106 2086 esse

533 2131 798 2178 statuunt.
829 2120 1096 2176 Catterum
1159 2121 1371 2173 illorum
1442 2135 1613 2189 nugas
1663 2118 1838 2173 locum
1897 2119 2103 2172 nullum

532 2215 736 2276 habere
765 2215 962 2268 debere
991 2211 1204 2267 Veritas
1234 2213 1346 2280 ipsa
1379 2212 1745 2280 evincit,quin
1780 2213 1954 2280 potius
1985 2211 2103 2266 illos

533 2307 804 2375 redarguit
837 2306 1168 2374 ineptissime
1209 2305 1496 2368 blaterare,
1553 2314 1608 2357 et
1640 2303 1841 2358 (inrisui
1905 2313 2104 2373 myste-

530 2399 668 2469 rium
705 2398 847 2451 nullo
868 2399 1078 2466 penitus
1137 2398 1295 2450 modo
1369 2397 1682 2466 intelligere.
1733 2395 1866 2449 Nam
1918 2396 2105 2464 genuit

528 2490 742 2558 quidem
781 2487 924 2551 Deus
955 2505 1015 2544 ac
1051 2489 1208 2543 Pater
1259 2487 1452 2541 Filium
1513 2504 1577 2541 ex
1641 2489 1838 2555 seipso,
1880 2501 2105 2554 genera.-

528 2582 676 2638 tione
705 2596 828 2638 una.
867 2582 1132 2640 Cancrum
1173 2581 1373 2648 placuit
1419 2579 1468 2633 ei
1518 2579 1828 2633 instaurare
1878 2581 1928 2632 in
1986 2578 2102 2646 ipso

2209 1843 2309 1914 ἥδη
2345 1844 2458 1908 πῶς
2487 1847 2602 1898 ἐστι
2639 1846 2699 1899 τὸ
2731 1847 2928 1900 σεπτὸν
2961 1848 3052 1899 καὶ
3081 1847 3224 1917 μέγα
3250 1847 3352 1917 τῆς
3373 1847 3628 1908 εὐσεϐείας
3651 1865 3728 1916 μυ-

2208 1935 2428 2006 στήριον
2449 1977 2462 2004 ,
2490 1935 2549 1988 τὸ
2579 1937 2676 2006 τῆς
2727 1937 2868 2006 μετά
2915 1937 3114 2007 σαρκὸς
3141 1937 3448 2007 οἰκονομίας
3481 1935 3564 1988 τοῦ
3591 1937 3729 1989 Μονο-

2206 2028 2396 2095 γενούς
2425 2029 2675 2098 εὐτεχνὲς
2695 2069 2710 2093 ,
2743 2030 3001 2100 ἀνόνητον
3034 2031 3395 2098 ἀποφαίνουσι
3422 2031 3526 2090 τοῖς
3555 2027 3632 2078 ἐπὶ
3655 2027 3730 2095 τῆς

2205 2121 2337 2190 γῆς·
2394 2120 2509 2173 ἀλλ’
2561 2122 2622 2173 οὐ
2669 2125 2779 2184 τοῖς
2811 2123 3034 2174 ἐκείνων
3079 2121 3466 2192 βατταρισμὺῖς
3490 2119 3544 2170 τδ
3575 2117 3732 2186 χρῆναι

2206 2213 2427 2280 κρατεῖν
2472 2215 2500 2266 6
2543 2213 2640 2282 τῆς
2694 2213 2952 2283 ἀληθείας
3005 2212 3195 2282 ἐφίησι
3237 2212 3429 2279 λόγος,
3481 2207 3660 2276 ἐλέγξει
3687 2205 3732 2258 δὲ

2213 2303 2434 2370 μᾶλλον,
2462 2303 2845 2364 ἀσυνετώτατα
2877 2306 2972 2375 μὲν
2997 2303 3473 2374 πεφλυαρηκότας,
3498 2299 3674 2360 εἰδότας
3691 2298 3734 2349 δὲ

2205 2395 2325 2452 κατ’
2343 2393 2531 2450 οὐδένα
2549 2394 2747 2464 τρόπον
2777 2394 2836 2448 τὸ
2863 2394 3099 2465 Χριστοῦ
3135 2394 3452 2464 μυστήριον.
3481 2389 3733 2457 Γεγέννηκε

2208 2487 2304 2554 μὲν
2329 2485 2438 2556 γάρ
2466 2487 2494 2537 6
2527 2486 2656 2548 Θεὸς
2688 2488 2780 2540 καὶ
2816 2487 3006 2558 Πατὴρ
3052 2486 3145 2538 τὸν
3189 2486 3319 2538 Υἱδν
3347 2483 3404 2548 ἐξ
3432 2480 3735 2550 saturo-3,72»:-

2203 2580 2354 2648 νήσει
2407 2581 2531 2650 μιᾷ·
2575 2579 2712 2651 πλὴν
2753 2580 3043 2649 εὐδόκησεν
3077 2581 3135 2632 ὲν
3174 2579 3328 2649 αὐτῷ
3358 2578 3416 2630 τὸ
3448 2574 3734 2645 ἀνθρώπινον

525 2687 694 2741 genus
726 2673 1014 2733 humanum
1044 2687 1140 2740 per
1167 2671 1590 2725 incarnationem
1670 2670 1784 2724 sive
1840 2671 2100 2724 humana.

529 2765 751 2826 tionem,
809 2777 968 2830 quam
1021 2762 1241 2818 omnino
1296 2762 1409 2815 fieri
1461 2763 1699 2830 oportuit
1750 2778 1846 2830 per
1901 2763 2099 2817 nativi-

527 2863 691 2911 tatem
721 2870 786 2914 ex
818 2854 1062 2918 muliere,
1089 2855 1248 2924 722
1281 2863 1337 2910 ιιι
1367 2869 1461 2923 per
1496 2853 1902 2908 similitudinem
1940 2870 2099 2922 quam

524 2948 802 3012 nobiscum
835 2945 996 3004 habet
1019 2945 1247 3001 Verbum
1278 2963 1346 3005 cx
1382 2945 1488 2999 Deo
1518 2943 1722 3010 ortum,
1767 2947 2099 3001 condemne—

528 3050 614 3094 tur
646 3039 863 3109 quidem
894 3039 943 3092 in
967 3038 1224 3094 memluis
1257 3039 1439 3095 carnis
1489 3047 1690 3092 nostra:
1741 3038 1822 3091 lex
1853 3039 2095 3106 peccati;

526 3130 581 3182 in
621 3129 976 3184 similitudine
1013 3139 1189 3183 autem
1223 3128 1414 3183 mortis
1459 3126 1575 3194 ejus
1598 3128 1686 3196 qui
1736 3139 1962 3181 mortem
1989 3143 2095 3181 non

527 3218 696 3281 novit,
726 3227 1018 3272 evacuetur
1050 3233 1214 3270 mors.
1253 3235 1271 3266 ι
1312 3217 1366 3270 Si
1394 3218 1536 3272 enim
1571 3216 1918 3283 complantati
1972 3217 2098 3270 facti

527 3325 734 3373 sunms,
768 3308 964 3377 inquit,
1013 3306 1351 3362 similitudini
1401 3307 1592 3360 mortis
1652 3305 1766 3373 ejus
1801 3323 1812 3356 :
1842 3307 2002 3360 simul
2047 3317 2102 3361 et

524 3399 907 3462 resurrectioni
941 3398 1145 3456 erimus
1168 3399 1240 3452 ⁵³.
1281 3416 1299 3449 ι
1345 3395 1664 3452 Necessario
1694 3398 1876 3466 itaque
1917 3397 1964 3451 is
2009 3398 2098 3466 qui

523 3505 738 3558 Semper
767 3491 1002 3553 exsistit,
1038 3499 1290 3545 natusest
1321 3491 1620 3549 secundum
1645 3506 1888 3554 carnem,
1915 3500 2098 3546 nostra

523 3583 576 3640 in
603 3581 836 3649 seipsum
871 3581 1222 3646 transferens,
1259 3591 1318 3634 ut
1357 3582 1608 3634 nimirum
1639 3583 1911 3650 genimina
1976 3598 2099 3636 car-

525 3673 630 3734 nis,
659 3673 758 3726 hoc
787 3679 886 3735 est,
915 3687 1034 3732 nos,
1062 3670 1393 3737 corruptioni
1425 3670 1822 3739 perdilionique
1853 3671 2095 3735 obnoxii,

524 3780 841 3820 maneamus
867 3763 918 3816 in
979 3763 1115 3830 ipso,
1176 3761 1372 3831 quippe
1416 3761 1528 3830 qui,
1574 3776 1695 3829 qua:
1727 3772 1912 3816 nostra
1949 3772 2092 3828 sunt,

522 3857 739 3928 propria
771 3856 871 3916 sibi
910 3854 1119 3919 fecerit,
1144 3864 1198 3908 et
1227 3869 1325 3914 sua
1354 3853 1531 3910 nobis.
1566 3854 1790 3923 Propter
1820 3870 1918 3909 nos
1949 3856 2091 3922 enim

522 3950 688 4019 eguit,
725 3964 845 4004 cum
900 3956 1046 4005 esset
1103 3947 1282 4011 dives,
1346 3955 1404 3999 ut
1449 3946 1732 4016 nosipsius
1756 3946 1931 4015 inapia
1958 3949 2095 4002 dites

522 4041 878 4098 evaderemus
903 4040 971 4095 ⁸⁸.
1000 4039 1099 4105 Qui
1127 4054 1256 4093 vero
1311 4047 1562 4095 asserunt
1613 4053 1719 4095 non
1759 4038 1932 4104 ipsum
1964 4036 2098 4094 Ver-

522 4135 648 4189 bum
679 4148 742 4187 ex
769 4132 878 4186 Deo
913 4131 1113 4185 factum
1141 4145 1262 4185 esse
1291 4144 1508 4184 carnem
1527 4145 1588 4182 ex
1621 4129 1862 4194 muliere,
1881 4145 2094 4184 omnem

523 4226 715 4280 salutis
736 4234 937 4278 nostra:
983 4223 1448 4291 dispensationem
1503 4221 1716 4276 tollunt.
1777 4220 1888 4274 Nisi
1949 4221 2093 4274 enim

2203 4232 2492 4300 ὑπομεῖναι
2527 4231 2624 4301 τὴν
2660 4229 2800 4282 κατά
2843 4231 3021 4299 σάρκα
3073 4229 3136 4278 ἐκ
3177 4226 3458 4294 γυναικὸς,
3501 4216 3738 4289 Matr/153‘

523 4319 676 4372 dives
706 4331 825 4369 cum
857 4323 1002 4372 esset
1029 4313 1319 4380 cgnit.,pr:e
1344 4315 1605 4365 immensa
1638 4326 1732 4365 sua
1763 4311 2094 4380 benignitate

2203 4323 2299 4391 τὴν
2331 4322 2663 4392 οἰκονομίαν.
2706 4323 2767 4374 Εἰ
2800 4321 2908 4392 γάρ
2940 4321 3014 4390 μὴ
3043 4320 3303 4382 πλούσιος
3336 4317 3412 4371 ὢν
3451 4314 3738 4381 ἐπτώχευσε,

524 4422 585 4461 se
625 4405 690 4457 ad
724 4403 1238 4467 nustrmletnittens,
1273 4417 1339 4457 ne
1369 4416 1464 4455 nos
1503 4400 1720 4469 quidem
1751 4416 1871 4468 qua:
1925 4401 2094 4469 ipsius

2203 4413 2388 4476 καθεὶς
2422 4414 2612 4466 ἑαυτὸν
2639 4416 2750 4475 τοῖς
2782 4413 2901 4465 καθ’
2931 4414 3078 4482 ἡμᾶς
3104 4415 3169 4465 ἐκ
3197 4408 3619 4481 φιλανθρωπίας,
3646 4397 3741 4454 οὐδὲ

524 4507 648 4551 sunt
673 4493 947 4561 consecuti
977 4509 1164 4551 sumus
1192 4512 1206 4556 _:
1233 4494 1324 4548 sed
1355 4494 1528 4548 adlmc
1555 4493 1607 4548 iu
1641 4494 1806 4548 veteri
1855 4504 2097 4563 egestate

523 4603 830 4649 versamur,
882 4586 1357 4654 exsecrationique
1413 4596 1469 4641 et
1525 4586 1691 4639 morti
1744 4600 1807 4641 ac
1872 4596 2094 4654 peccato

517 4678 742 4735 obnoxii
768 4693 978 4734 sumus.
1027 4676 1162 4732 Nam
1216 4691 1281 4732 eo
1341 4678 1456 4747 ipso
1515 4680 1658 4746 quod
1701 4677 1934 4733 Verbum
1970 4693 2097 4734 caro

522 4783 724 4827 tactum
761 4781 864 4837 est,
889 4771 1098 4826 sublata
1127 4779 1252 4830 sunt
1290 4786 1350 4825 ea
1382 4787 1504 4839 quae
1525 4785 1590 4824 ex
1627 4771 2008 4827 maledictione
2040 4782 2096 4824 et

518 4864 975 4921 condemnatione
1012 4865 1261 4916 humanae
1288 4872 1496 4917 natura;
1553 4863 1885 4918 acciderant.
1947 4863 2094 4929 Quo-

519 4957 671 5011 circa
704 4956 749 5010 si
778 4954 972 5016 salutis
998 4964 1198 5009 nostra}
1232 4954 1468 5012 radicem
1510 4955 1838 5018 convellunt,
1896 4965 1944 5008 et
1979 4955 2091 5021 spei

519 5059 720 5104 nostra:
738 5047 1149 5102 fundamentum
1207 5049 1548 5111 subrertunt,
1575 5047 1700 5117 quid
1753 5048 2006 5115 deinceps
2033 5047 2098 5099 de

521 5141 676 5197 nobis
703 5139 829 5195 lict?
871 5139 1003 5194 Nam
1031 5141 1074 5192 si
1109 5138 1342 5193 Verbum
1375 5154 1505 5193 caro
1539 5139 1736 5194 factum
1764 5155 1867 5198 non
1916 5148 2017 5201 est,
2041 5147 2098 5191 ut

521 5232 653 5302 dixti,
686 5246 754 5286 ne
783 5232 975 5285 mortis
1007 5232 1223 5298 quidem
1276 5228 1560 5298 imperium
1594 5243 1878 5284 excussum
1904 5237 2004 5287 est,
2036 5238 2091 5279 et

519 5334 799 5392 peccatum
852 5321 993 5381 nulla
1013 5323 1222 5376 ratione
1257 5321 1516 5375 abolitum
1555 5320 1736 5382 fuerit,
1785 5321 1878 5374 sed
1923 5319 2103 5373 adhuc-

522 5415 684 5481 primi
709 5414 969 5484 parentis,
1007 5414 1108 5468 hoc
1136 5422 1238 5479 est,
1265 5412 1478 5475 Adami,
1516 5410 1945 5481 prmvaricationi
2001 5411 2095 5464 ob-

522 5508 666 5562 noxii
700 5522 908 5569 sumus,
956 5520 1128 5572 neque
1162 5505 1212 5565 in
1274 5504 1544 5565 meliorem
1594 5513 1793 5566 statum
1856 5502 2097 5566 translati

2202 2670 2478 2731 ἀνασῶσαι
2535 2671 2730 2738 γένος,
2779 2672 2966 2742 τρόπῳ
3017 2671 3095 2741 τῷ
3150 2670 3300 2726 κατὰ
3343 2669 3436 2738 τὴν
3484 2669 3734 2738 σάρκωσιν,

2202 2761 2369 2830 ἤγουν
2401 2762 2840 2832 ἐνανθρώπησιν,
2873 2764 2938 2834 ἦν
2965 2766 3143 2833 πάντη
3175 2780 3240 2816 τε
3275 2764 3368 2816 καὶ
3393 2761 3592 2822 πάντως
3617 2755 3736 2825 γενέ·

2205 2853 2328 2904 σθαι
2357 2853 2548 2923 ἐχρῆν,
2575 2853 2663 2906 διὰ
2691 2856 2996 2923 γεννήσεως
3020 2855 3268 2924 δηλονότι
3294 2854 3390 2921 τὴν
3422 2855 3481 2904 ἐκ
3505 2847 3734 2920 γυναικὸς,

2203 2946 2291 2998 ἵνα
2324 2950 2390 3018 τῇ
2422 2947 2558 3015 πρὸς
2583 2949 2729 3016 ἡμᾶς
2761 2949 3021 3018 ὁμοιώσει
3049 2948 3141 3002 τοῦ
3181 2950 3250 3001 ὲκ
3281 2947 3414 3000 Θεοῦ
3445 2947 3620 3014 φύντος
3654 2939 3736 2993 Δό-

2204 3058 2325 3109 γου,
2375 3041 2773 3112 κατακρίνηται
2824 3042 2924 3109 μὲν
2964 3044 3022 3093 ὲν
3058 3043 3171 3102 τοῖς
3213 3041 3398 3111 μέλεσι
3438 3039 3530 3106 τῆς
3576 3032 3736 3103 σαρκὸς

2206 3135 2306 3203 τῆς
2333 3135 2607 3204 ἁμαρτίας
2639 3136 2666 3186 6
2696 3133 2879 3203 νόμος,
2918 3135 2975 3186 ὲν
2999 3131 3317 3203 ὁμοιώματι
3341 3132 3396 3184 δὲ
3422 3130 3632 3184 θανάτου
3667 3124 3736 3176 τοῦ

2210 3227 2284 3296 μὴ
2346 3226 2547 3287 εἰδότος
2603 3224 2767 3278 αὐτὸν
2816 3224 3164 3293 καταργῆται
3222 3223 3468 3284 θάνατος.
3521 3237 3538 3269 ι
3573 3216 3735 3284 Είγὰρ

2209 3318 2484 3386 σύμςρυτοι
2532 3323 2868 3387 γεγόναμεν,
2903 3316 3038 3385 φησὶ
3060 3357 3073 3378 ,
3107 3315 3189 3384 τῷ
3225 3313 3527 3384 ὁμοιώματι
3563 3309 3738 3364 1:050:-

2205 3410 2364 3462 νάτου
2395 3408 2558 3462 αὐτοῦ
2586 3451 2599 3473 ,
2634 3407 2766 3461 ἀλλὰ
2797 3407 2890 3459 καὶ
2925 3407 3022 3476 τῆς
3060 3406 3416 3468 ἀναστάσεως
3455 3400 3680 3472 ἐσόμεθα.
3720 3415 3732 3446 ι

2205 3499 2410 3554 Οὐκοῦν
2452 3499 2764 3568 ἀναγκαίως
2796 3501 2823 3550 6
2851 3496 2926 3550 ὢν
2967 3497 3058 3550 καὶ
3085 3498 3114 3550 6
3153 3497 3421 3568 ὑπάρχων
3463 3493 3738 3562 γεγέννηται

2203 3591 2344 3644 κατά
2379 3591 2578 3660 σάρκα,
2611 3590 2680 3642 τὰ
2714 3588 2872 3659 ἡμῶν
2908 3591 2989 3650 εἰς
3034 3588 3231 3641 ἑαυτὸν
3263 3587 3531 3658 μεταθεὶς,
3576 3584 3649 3638 ἵνα
3687 3578 3739 3636 τὰ

2207 3682 2412 3751 σαρκὸς
2437 3682 2774 3750 γεννήματα,
2799 3681 3098 3743 τουτέστιν,
3151 3682 3322 3750 ἡμεῖς
3367 3681 3415 3732 οἱ
3466 3673 3666 3747 φθαρτοί
3693 3685 3740 3721 τε

2206 3775 2298 3827 καὶ
2341 3773 2744 3841 ἀπολλύμενοι,
2818 3772 3069 3841 μένωμεν
3117 3773 3177 3824 ἐν
3228 3770 3410 3841 αὐτῷ,
3448 3770 3548 3822 [δια
3588 3761 3738 3817 λοιπὸν

2203 3865 2377 3934 ἔχοντι
2406 3865 2473 3916 τὰ
2517 3862 2694 3933 ἡμῶν,
2731 3863 2816 3914 ἵνα
2849 3863 2942 3916 καὶ
2979 3863 3140 3931 ἡμεῖς
3190 3861 3262 3914 τά
3303 3859 3484 3914 αὐτοῦ.
3526 3855 3595 3910 Δι’
3623 3853 3740 3924 ἡμᾶς

2202 3957 2311 4026 γάρ
2355 3953 2666 4024 ἐπτώχευσε
2699 3955 2953 4015 πλούσιος
2995 3952 3092 4018 ὢν,
3130 3953 3220 4006 ἵνα
3269 3955 3430 4022 ἡμεῖς
3474 3953 3535 4020 τῇ
3567 3947 3738 3999 ἐκείνου

2204 4045 2446 4116 πτωχεία
2473 4046 2884 4114 πλουτήσωμεν.
2915 4044 3224 4106 Φάσκοντές
3249 4060 3316 4112 γε
3342 4043 3466 4114 μὴν,
3493 4041 3586 4094 οὐκ
3609 4033 3740 4089 αὐτὸν

2197 4139 2448 4208 γενέσθαι
2488 4139 2666 4208 σάρκα
2706 4138 2795 4196 τὸν
2829 4139 2894 4190 ἐκ
2936 4136 3072 4189 Θεοῦ
3117 4135 3318 4203 Λόγον,
3357 4135 3471 4203 ἤτοι
3520 4131 3736 4197 γέννησιν

2129 3097 2170 3156 C

2203 4508 2364 4576 ἡμεῖς
2408 4505 2476 4557 τά
2511 4505 2675 4564 αὐτοῦ
2727 4505 3207 4575 πεπλουτήκαμεν,
3258 4503 3376 4558 ἀλλ’
3409 4501 3568 4572 ἐσμὲν
3601 4499 3652 4549 ἐν
3682 4490 3740 4558 τῷ

2201 4597 2499 4666 πτωχεύειν
2556 4598 2634 4651 ἔτι
2687 4598 2780 4652 καὶ
2826 4599 2935 4668 ἀρᾷ
2986 4597 3082 4651 καὶ
3128 4597 3348 4667 θανάτῳ
3397 4595 3488 4648 καὶ
3533 4584 3742 4658 ἁμαρτίᾳ

2201 4690 2566 4758 ἐνισχημὲνοι.
2603 4691 2674 4743 Τὸ
2708 4689 2901 4761 γάρτοι
2950 4688 3202 4756 γενέσθαι
3237 4689 3420 4759 σάρκα
3463 4686 3551 4738 τὸν
3580 4681 3741 4746 Λόγον.

2206 4781 2358 4834 λύσιν
2397 4783 2506 4851 ἔχει
2538 4783 2631 4835 καὶ
2661 4782 2975 4853 ἀνατροπὴν
3006 4783 3116 4834 τῶν
3142 4780 3201 4845 ἐξ
3229 4781 3371 4852 ἀρᾶς
3395 4779 3489 4832 καὶ
3515 4777 3656 4844 δίκης
3689 4769 3742 4837 τῇ

2203 4873 2296 4925 τοῦ
2357 4872 2642 4944 ἀνθρώπου
2701 4874 2860 4944 φύσει
2913 4873 3362 4943 συμϐεϐηκότων.
3420 4868 3647 4924 Οὐκοῦν.
3705 4860 3741 4911 εἷ

2204 4964 2631 5034 ἀναϐοθρεύουσι
2657 4968 2755 5034 τῆς
2801 4966 3075 5036 σωτηρίας
3109 4963 3265 5034 ἡμῶν
3310 4963 3408 5033 τὴν
3459 4959 3633 5030 ῥίζαν»
3669 4950 3740 5006 καί

2205 5054 2294 5107 τὸν
2337 5055 2435 5123 τῆς
2470 5055 2682 5118 ἐλπίδος
2717 5056 2966 5126 θεμέλιον
3000 5056 3391 5126 ἀνορύττουσι,
3422 5052 3520 5105 ποῦ
3548 5049 3611 5102 τὰ
3648 5049 3754 5115 μετ’

2204 5147 2366 5198 αὐτὸν
2415 5145 2494 5198 ἔτι
2547 5146 2820 5212 κείσεται;
2873 5149 2947 5202 Οὐ
2995 5149 3100 5218 γὰρ
3145 5149 3452 5216 γεγονότος,
3501 5143 3571 5205 ὡς
3611 5137 3740 5206 ἔφηνι

2206 5237 2406 5309 σαρκὸς
2436 5237 2530 5290 τοῦ
2561 5239 2756 5306 Λόγου,
2784 5238 2906 5292 οὔτε
2942 5239 3036 5292 τοῦ
3090 5240 3326 5293 θανάτου
3361 5231 3662 5296 κατεσείσθη
3697 5226 3744 5277 τὸ

2203 5329 2424 5397 κράτος,
2459 5330 2803 5399 κατήργηται
2844 5330 2901 5382 δὲ
2932 5331 3052 5382 κατ’
3083 5330 3279 5384 οὐδένα
3310 5326 3561 5397 τρόπονὴ
3590 5322 3737 5390 ἀμαρο

2201 5417 2308 5483 τία,
2357 5419 2450 5472 καὶ
2498 5419 2667 5490 ἐσμὲν
2711 5421 2792 5474 ἔτι
2837 5425 2958 5484 ταῖς
2999 5423 3089 5475 τοῦ
3131 5421 3354 5494 πρώτου
3406 5415 3740 5487 παραϐάσεσιν

2205 5507 2412 5578 ἔνοχοι,
2483 5511 2759 5565 τουτέστιν
2820 5512 3027 5584 Ἀδὰμ,
3091 5512 3351 5581 οὐδεμίαν
3425 5504 3738 5574 ἀναφοίτηςῐν

597 5683 641 5714 ⁸³
671 5681 824 5736 Joan.
852 5697 886 5747 ι,
919 5683 962 5732 l.

1042 5683 1083 5709 ⁸⁵
1116 5681 1264 5734 Rom.
1291 5698 1361 5746 γι,
1396 5683 1444 5734 5.
1525 5685 1564 5712 ’⁸⁸
1592 5682 1632 5734 ll
1663 5683 1785 5738 Car.
1820 5701 1934 5752 rm,
1963 5685 2012 5737 ξ).
