4078 6264
387 217 525 296 esse

1519 242 1710 310 QUOD
1751 243 1938 302 UNUS
1979 245 2088 303 SIT
2127 247 2499 310 CHRISTUS.

3509 253 3645 307 1270

383 359 604 428 ἔχοντες
635 359 714 422 εἰς
746 359 808 413 τὸ
827 359 1073 430 ἄμεινον,
1101 361 1200 434 τὴν
1235 362 1324 416 διά
1349 363 1413 431 γέ
1457 383 1600 438 φημι
1627 366 1724 420 τοῦ
1750 368 1969 424 πάντων
1996 426 1999 434 ,

2102 387 2276 439 umus,
2317 389 2414 444 per
2452 375 2750 443 Christum,
2799 375 3040 444 inquam,
3089 375 3328 430 omnium
3391 372 3647 432 Servato-

381 450 544 518 ἡμῶν
571 449 827 518 Σωτῆρος
853 451 1113 521 Χριστοῦ,

459 541 520 594 Β.
564 540 798 610 Συνίημι
827 541 856 593 6
880 543 1007 610 φής.

457 635 520 684 Δ.
565 633 662 696 Τις
693 632 738 684 δ’
767 632 834 686 ἂν
864 635 958 686 καὶ
1012 639 1184 688 νοοῖτο
1231 639 1370 710 πρὸς
1407 641 1565 711 ἡμῶν
1597 644 1626 696 6
1676 647 1966 722 παραπλη-

391 723 522 787 σίως
551 726 682 794 ἡμῖν
714 725 1072 796 μετεσχηκὼς
1113 729 1344 799 αἵματος
1367 732 1458 786 καὶ
1489 735 1712 806 σαρκὸς,
1747 736 1823 799 ὡς
1853 737 1969 789 ἓτε-

395 833 484 885 ρος
513 815 589 869 ὢν
623 817 752 887 παρ’
783 817 931 888 ἡμᾶς
965 819 1108 874 κατὰ
1142 821 1336 888 φύσιν;
1365 824 1440 876 Οὐ
1465 825 1574 896 γάρ
1604 842 1688 879 τοι
1721 829 1856 898 φαίη
1885 846 1970 892 τις

392 905 460 959 ἂν
486 905 758 978 ἀνθρώπῳ
790 907 1045 979 πρέπειν,
1093 910 1154 964 τὸ
1199 912 1614 984 ἀνθρωπότητος
1658 921 1966 989 μετασχεῖν.

399 999 466 1050 Ὅ
495 999 604 1067 γάρ
647 1001 765 1052 ἐστι
810 1001 952 1056 κατά
991 1001 1175 1071 φύσιν,
1207 1003 1322 1068 πῶς
1352 1005 1418 1060 ἄν
1445 1023 1527 1069 τις
1561 1010 1732 1068 νοοῖτο
1764 1009 1968 1077 λαϐὼν,

393 1090 470 1150 ὡς
517 1090 702 1162 ἕτερον
743 1092 802 1146 ὃν
845 1111 900 1146 τι
934 1096 1062 1166 παρ’
1105 1098 1240 1168 ὅπερ
1281 1098 1455 1164 Eat-iv;
1484 1094 1610 1170 Ἆρ’
1648 1101 1707 1152 οὺ
1751 1102 1884 1154 πολὺ
1915 1103 1973 1156 τὸ

395 1183 544 1248 εἰκὸς
569 1185 597 1237 6
627 1185 782 1255 λόγος
814 1186 962 1257 exet;

469 1363 530 1417 Β.
570 1362 720 1415 Πάνυ
758 1364 856 1432 μὲν
887 1359 1000 1417 οὗν.

471 1456 531 1508 Δ.
570 1454 840 1526 Ἀθρειδὲ
872 1455 936 1526 δὴ
978 1456 1071 1509 καὶ
1120 1457 1342 1528 ἑτέρως,
1382 1459 1458 1522 ὡς
1507 1460 1723 1516 ἀνόσιόν
1755 1463 1812 1517 τέ
1861 1465 1975 1517 ἐστι

401 1550 496 1603 καὶ
533 1550 770 1620 ἀπηχὲς.
801 1552 865 1604 τὸ
892 1553 1139 1624 ἀναιρεῖν
1173 1555 1468 1624 πειρᾶσθαι
1498 1557 1592 1611 τοῦ
1624 1559 1762 1612 Θεοῦ
1799 1561 1973 1629 Λόγου

401 1642 501 1710 τὴν
558 1644 622 1694 ὲκ
653 1643 906 1710 γυναικὸς
965 1645 1109 1698 κατὰ
1166 1646 1344 1717 σάρκα
1389 1649 1661 1720 γέννησιν.
1717 1650 1834 1704 Τίνι
1869 1653 1977 1722 γὰρ

2067 479 2200 521 rem.

2139 556 2198 615 Β.
2231 559 2474 629 Intelligo
2492 558 2622 629 quid
2655 559 2810 614 velis.

2139 649 2206 704 A.
2244 649 2378 716 Quis
2403 665 2532 705 vero
2562 641 2896 721 intelligatur
2927 665 2956 704 a
2988 649 3143 704 nobis
3170 648 3260 719 qui
3293 647 3516 718 perinde
3566 655 3648 702 at-

2071 757 2175 812 que
2197 755 2294 796 nos
2320 741 2601 810 sanguinis
2652 757 2718 796 ac
2775 741 2959 796 carnis
2997 740 3268 810 particeps
3318 739 3494 794 lactus
3551 739 3646 804 sit,

2073 839 2326 900 tanquam
2362 831 2610 886 diversus
2637 845 2665 885 ε
2701 831 2855 886 nobis
2884 831 3178 886 secundum
3225 827 3514 883 naturam?
3543 828 3650 883 Ne-

2071 933 2176 987 que
2201 919 2345 973 enim
2377 919 2643 989 quispiam
2683 919 2882 976 dixerit
2907 919 3201 974 convenire
3261 917 3492 984 homini,
3552 918 3653 971 hu-

2073 1009 2350 1064 manitatis
2390 1011 2708 1080 participem
2765 1009 3059 1065 fieri.Nam
3105 1009 3158 1064 id
3198 1009 3342 1078 quod
3379 1007 3649 1062 naturali-

2077 1111 2158 1156 ter
2188 1107 2296 1167 est,
2321 1117 2432 1171 quo
2461 1111 2618 1171 pacto
2660 1102 2783 1172 quis
2813 1101 3090 1170 accepisse
3125 1098 3479 1170 intelligatur,
3498 1096 3650 1166 quasi

2075 1193 2218 1248 aliud
2241 1193 2312 1248 sit
2335 1207 2496 1262 quam
2519 1193 2659 1262 quod
2686 1193 2810 1248 est?
2853 1189 3042 1246 Nonne
3090 1189 3186 1246 tibi
3245 1199 3653 1246 consentaneus

2075 1298 2205 1338 vero
2231 1299 2412 1340 sermo
2445 1300 2596 1340 meus
2619 1285 2872 1340 videtur?

2148 1375 2206 1429 Β.
2238 1375 2490 1431 Omnino.

2146 1469 2208 1524 A.
2243 1471 2373 1524 Vide
2398 1479 2578 1524 autem
2605 1469 2766 1524 etiam
2812 1469 2913 1524 alia
2969 1469 3181 1524 ratione
3203 1481 3363 1538 quam
3401 1465 3650 1535 impium,

2078 1575 2347 1629 quamque
2371 1562 2663 1615 absurdum
2692 1562 2762 1616 sit
2791 1560 2950 1615 Verbi
2997 1577 3061 1616 ex
3096 1559 3321 1614 muliere
3348 1557 3648 1614 secundum

2078 1665 2299 1704 carnem
2331 1652 2664 1705 nativitatem
2699 1651 2885 1706 tollere
2923 1651 3130 1706 conari.
3168 1650 3284 1716 Quo
3322 1650 3467 1704 enim
3499 1657 3657 1718 pacto

404 1733 591 1804 τρόπῳ
622 1733 1007 1804 ζωοποιήσειεν
1031 1737 1096 1789 ἂν
1123 1738 1186 1789 τὸ
1219 1738 1380 1808 σῶμα
1417 1741 1602 1807 αὐτοῦ,
1638 1745 1684 1795 ει
1717 1744 1790 1814 μὴ
1827 1745 1974 1796 ἐστιν

2102 1741 2355 1797 riviiieare
2385 1747 2555 1810 possit
2588 1757 2783 1811 corpus
2812 1757 2990 1806 suum,
3025 1742 3126 1795 nisi
3149 1742 3221 1794 sit
3266 1741 3543 1810 proprium
3573 1739 3657 1808 ip-

409 1821 538 1875 ῐδιον
565 1820 748 1885 αὑτοῦ,
775 1823 831 1886 ὃς
858 1824 973 1875 ὲστι
1011 1824 1159 1894 ξωή;
1193 1823 1310 1888 πῶς
1342 1826 1400 1879 τὸ
1424 1822 1564 1896 αἷμα
1603 1829 1778 1897 Ἰησοῦ
1807 1828 1976 1882 καθα-

412 1915 548 1985 ρίζει
574 1916 724 1984 ἡμᾶς
749 1915 860 1969 ἀπὸ
883 1917 1064 1986 πάσης
1095 1918 1386 1989 ἁμαρτίας,
1410 1917 1570 1988 εἴπερ
1598 1921 1748 1972 ἐστὶν
1771 1919 1982 1991 ἀνθρώ-

406 2023 509 2059 που
531 2006 712 2059 κοινοῦ
747 2008 841 2060 καὶ
866 2007 1018 2072 ὖντος
1048 2010 1137 2077 ὑφ’
1171 2009 1480 2079 ἀμαρτίαν;
1516 2011 1632 2073 πῶς
1657 2011 1980 2064 ἀπέστειλεν

403 2097 431 2147 ὀ
460 2098 592 2159 Θεὸς
626 2098 720 2152 καὶ
747 2099 939 2178 Πατὴρ
965 2099 1055 2152 τὸν
1087 2101 1213 2154 Υἱὸν
1236 2099 1424 2164 αὒτοῦ,
1458 2101 1749 2172 γενόμενον
1789 2103 1852 2156 ὲκ
1882 2120 1982 2170 γυ-

406 2189 616 2251 ναικὸς,
647 2190 938 2259 γενόμενον
997 2191 1100 2244 ὑπὸ
1148 2191 1346 2262 νόμον;
1389 2193 1504 2256 πῶς
1551 2195 1839 2265 κατέκρινε
1885 2195 1984 2266 τὴν

410 2279 686 2350 ἁμαρτίαν
717 2281 776 2334 ὲν
804 2284 871 2352 τῇ
903 2283 1097 2353 capri;
1126 2285 1200 2337 Οὐ
1229 2285 1336 2356 γάρ
1367 2280 1436 2356 ἦν
1459 2285 1748 2357 ἀνθρώπου
1778 2288 1982 2352 κοινοῦ,

412 2371 506 2422 καὶ
558 2373 998 2443 τυραννουμένην
1059 2375 1274 2445 ἔχοντος
1337 2377 1455 2447 μεθ’
1515 2378 1671 2448 ἡμῶν
1729 2377 1835 2430 ὑπὸ
1887 2380 1986 2449 τῆς

414 2463 686 2535 ἁμαρτίας
727 2464 828 2532 τὴν
865 2464 1046 2533 φύσιν,
1089 2467 1149 2522 τὸ
1191 2471 1517 2539 κατακρῖναι
1555 2469 1654 2540 τὴν
1687 2470 1984 2540 ἁμαρτίαν.

427 2554 580 2606 Ἐπεὶ
603 2555 658 2607 δὲ
691 2556 850 2626 σῶμα
895 2557 1085 2626 γέγονε
1132 2559 1226 2612 τοῦ
1260 2561 1599 2632 πλημμελεῖν
1640 2564 1738 2614 οὐκ
1765 2563 1987 2632 εἰδότος,

421 2645 671 2716 ταύτῃτοι
715 2649 808 2701 καὶ
847 2649 990 2719 μάλα
1027 2653 1250 2715 εἰκότως
1282 2652 1381 2724 τὴν
1422 2653 1522 2723 τῆς
1567 2655 1842 2726 ἁμαρτίας
1886 2657 1990 2708 ἁπ-

413 2737 663 2791 εσείσατο
703 2741 1014 2811 τυραννίδα,
1058 2745 1151 2797 καὶ
1201 2745 1300 2814 τὴν
1351 2745 1585 2815 ἰδιότητα
1644 2748 1864 2799 πλουτεῖ
1895 2747 1988 2799 τοῦ

412 2828 706 2898 ἀφράστως
733 2832 870 2903 αὐτῇ
921 2835 1016 2886 καὶ
1048 2837 1124 2897 ὼς
1163 2835 1264 2889 οὐκ
1291 2835 1439 2890 ἔστιν
1470 2837 1760 2900 ἐνωθέντος
1790 2839 1987 2906 Λόγου,

415 2921 568 2988 ἅγιόν
615 2939 676 2974 τε
715 2925 808 2976 καὶ¹
865 2925 1128 2989 ζωοποιόν
1186 2929 1325 2990 ἐστι,
1371 2929 1464 2982 καὶ¹
1513 2931 1612 3000 τῆς
1656 2929 1992 3000 θεοπρεποῦς

416 3014 696 3083 ἐνεργείας
725 3014 998 3084 ἔμπλεων.
1037 3019 1124 3081 Ὠς
1157 3020 1214 3071 ὲν
1245 3019 1467 3091 ἀπαρχῇ
1503 3021 1558 3073 δὲ
1587 3021 1827 3096 Χριστῷ,
1868 3038 1991 3091 μετ-

2082 1831 2217 1892 sius,
2243 1830 2334 1899 qui
2357 1839 2440 1884 est
2463 1831 2608 1884 vita?
2629 1841 2722 1884 aut
2745 1831 3013 1900 quomodo
3037 1829 3260 1897 sanguis
3281 1828 3484 1882 Christi
3505 1843 3658 1880 mun-

2083 1921 2233 1976 dabit
2297 1935 2394 1976 nos
2447 1921 2513 1975 ab
2553 1920 2698 1974 omni
2749 1927 2992 1989 peccato,
3025 1915 3186 1986 723
3227 1917 3269 1969 si
3323 1916 3396 1968 sit
3427 1913 3661 1968 hominis

2080 2015 2385 2071 communis
2413 2021 2466 2068 et
2489 2022 2712 2082 peccato
2739 2011 2957 2066 obnoxii
2983 2011 3005 2062 ?
3044 2017 3151 2078 quo
3169 2015 3324 2077 pacto
3355 2005 3503 2060 misit
3523 2004 3662 2062 Deus

2084 2123 2146 2163 ac
2165 2108 2325 2162 Pater
2351 2105 2544 2160 Filium
2574 2118 2731 2157 suum
2767 2103 2965 2157 factum
3018 2116 3080 2154 ex
3142 2089 3386 2166 muliere,
3463 2097 3662 2150 factum

2085 2201 2185 2255 sub
2217 2200 2332 2268 lege
2350 2199 2430 2251 '5?
2450 2198 2716 2267 quomodo
2743 2195 3065 2249 condemnat
3085 2198 3361 2260 peccatum
3395 2187 3448 2242 in
3477 2184 3666 2242 carne?

2084 2290 2270 2360 Neque
2297 2290 2438 2344 enim
2479 2297 2594 2342 erat
2623 2287 2856 2341 hominis
2878 2283 3142 2354 vulgaris,
3174 2291 3230 2336 et
3254 2279 3407 2349 cujus
3463 2287 3656 2332 natura

2087 2399 2192 2438 una
2223 2381 2497 2436 nobiscmn
2529 2379 2629 2434 sub
2657 2377 2861 2448 peccati
2899 2375 3125 2443 imperio
3158 2388 3222 2427 ac
3253 2371 3380 2440 jugo
3434 2369 3664 2424 teneba-

2091 2485 2194 2542 tur,
2219 2477 2581 2530 condemnare
2609 2469 3056 2541 peccatum.Cum
3084 2483 3212 2522 vero
3236 2481 3430 2536 corpus
3465 2463 3666 2519 factum

2089 2566 2158 2620 sit
2191 2565 2306 2634 ejus
2335 2565 2426 2633 qui
2454 2573 2730 2632 peccatum
2765 2577 2868 2616 non
2910 2561 3076 2624 novit,
3107 2558 3331 2618 idcirco,
3369 2563 3422 2609 et
3451 2555 3667 2624 quidem

2089 2659 2294 2726 optimo
2319 2657 2440 2726 jure
2469 2656 2671 2726 peccati
2731 2653 3068 2724 tyrannidem
3110 2651 3370 2715 excussit,
3425 2661 3670 2702 commu-

2091 2749 2394 2817 nicatisque
2422 2763 2543 2801 cum
2573 2747 2664 2800 illo
2701 2743 3120 2814 proprietatibus
3155 2741 3314 2796 Verbi
3377 2738 3518 2808 quod
3581 2738 3668 2790 itt-

2091 2838 2288 2894 eﬂ‘abili
2323 2840 2479 2894 modo
2504 2839 2604 2908 ipsi
2634 2839 2841 2891 unitum
2874 2847 2978 2901 est,
3008 2845 3256 2890 sanctum
3291 2848 3354 2887 ac
3385 2833 3664 2900 vivilicnm

2092 2934 2342 2990 effectum
2402 2943 2505 2995 est,
2550 2940 2607 2986 et
2659 2931 2857 2982 divina:
2899 2928 3174 2982 facultatis
3224 2924 3668 2996 operationisque

2096 3032 2335 3100 plenum.
2361 3028 2468 3082 Nos
2497 3043 2624 3080 vero
2643 3026 2694 3078 in
2719 3025 2934 3079 Christo
2959 3033 3211 3091 tanquam
3231 3018 3480 3085 primitiis
3501 3026 3676 3071 trans-

417 3105 844 3177 εστοιχειώμεθα
871 3110 966 3162 καὶ
989 3111 1171 3180 ἡμεῖς,
1197 3114 1278 3175 εις
1302 3112 1364 3164 τὸ
1386 3109 1524 3165 εἶναι
1554 3091 1653 3166 καὶ,
1672 3113 1877 3184 φθορᾶς
1901 3113 1998 3166 καὶ

2102 3120 2313 3174 formati
2359 3118 2520 3172 etiam
2549 3129 2758 3176 sumus,
2787 3121 2842 3166 et
2877 3109 3096 3165 interitu
3129 3119 3291 3177 atque
3341 3113 3560 3175 peccato
3582 3117 3678 3158 sn-

417 3199 698 3270 ἁμαρτίας
728 3200 1057 3270 κρείττονες.
1082 3203 1193 3254 Καὶ
1224 3202 1443 3272 ἀληθὲς,
1477 3204 1578 3268 ὅτι,
1603 3204 1747 3257 κατά
1775 3205 1873 3274 τὴν
1904 3204 1996 3256 τοῦ

423 3293 693 3362 μακαρίου
740 3292 951 3346 Παύλου
985 3295 1188 3362 φωνὴν,
1229 3313 1246 3345 ‹
1278 3294 1492 3363 Ὥσπερ
1516 3293 1856 3364 ὲφορέσαμεν
1903 3291 1998 3360 τὴν

423 3383 609 3434 εἰκόνα
649 3382 745 3434 τοῦ
792 3383 1008 3452 χοϊκοῦ,
1045 3384 1352 3455 φορέσομεν
1385 3385 1478 3437 καὶ
1528 3383 1626 3455 τὴν
1681 3383 1864 3437 εἰκόνα
1906 3382 1998 3435 τοῦ

427 3470 770 3540 ἐπουρανίου,
808 3491 826 3522 ι
852 3473 1098 3525 τουτέστι
1134 3475 1174 3525 Χ
1187 3473 1387 3544 ριστοῢ.
1425 3475 1774 3544 Ἐπουράνιος
1812 3473 1867 3524 δὲ
1913 3473 2002 3526 ἄν·

429 3561 647 3631 θρωπος
671 3565 869 3615 νοεῖται
905 3565 1163 3634 Χριστὸς,
1190 3566 1288 3635 οὐχ
1319 3565 1393 3627 ὡς
1426 3565 1630 3619 ἄνωθεν
1654 3566 1784 3635 ἡμῖν
1818 3567 1912 3617 καὶ
1947 3565 2004 3630 ἐξ

429 3651 659 3724 οὐρανοῦ
693 3653 792 3724 τὴν
829 3656 1005 3726 σάρκα
1050 3657 1416 3724 κατενεγκὼν,
1461 3659 1577 3711 ἀλλ’
1610 3659 1692 3710 ὅτι
1719 3658 1852 3721 Θεὸς
1878 3657 1952 3710 ὢν
1979 3658 2006 3709 6

435 3751 626 3817 Λόγος,
653 3749 1028 3817 καταϐέϐηκεν
1062 3750 1121 3813 ἐξ
1142 3749 1408 3821 οὐρανῶν,
1436 3751 1529 3803 καὶ
1563 3750 1662 3820 τὴν
1691 3752 1825 3820 πρὸς
1859 3753 2006 3821 ἡμᾶς

439 3841 694 3910 ὁμοίωσιν
722 3840 986 3908 ὑπελθὼν,
1008 3843 1278 3904 τουτέστι,
1306 3842 1559 3911 γέννησιν
1589 3843 1887 3911 ὑπομείνας
1909 3844 2008 3911 τὴν

439 3931 577 3985 κατά
608 3932 783 4003 σάρκα
809 3933 871 3985 ὲκ
891 3934 1167 4002 γυναικὸς,
1191 3933 1504 4004 μεμένηκεν
1533 3937 1667 4004 ὅπερ
1697 3933 1785 4004 ἦν,
1805 3934 2010 3986 ἄνωθεν

435 4029 676 4099 δηλονότι
697 4031 794 4083 καὶ
826 4030 884 4095 ἐξ
905 4031 1169 4100 οὐρανῶν,
1195 4031 1290 4083 καὶ
1323 4031 1504 4082 ἐπάνω
1525 4031 1740 4082 πάντων
1763 4030 1838 4091 ὼς
1858 4029 2009 4093 Θεὸς,

437 4127 532 4178 καὶ
567 4125 703 4194 μετά
735 4124 957 4194 σαρκός.
998 4124 1153 4177 Οὕτω
1198 4125 1307 4194 γάρ
1353 4123 1454 4175 πού
1479 4140 1641 4194 φησιν
1669 4125 1696 4175 6
1728 4121 2014 4184 Θεσπέσιος

449 4219 706 4286 Ἰωάννης
729 4219 859 4287 περὶ
883 4218 1069 4270 αὐτοῦ·
1103 4238 1120 4270 ι
1162 4219 1219 4271 '0
1255 4217 1460 4271 ἄνωθεν
1493 4217 1807 4287 ἐρχόμενος,
1829 4216 2015 4269 ἐπάνω

443 4310 663 4363 πάντων
703 4310 870 4362 ἐστίν.
903 4328 920 4360 ι
967 4310 1383 4380 Ἀπομεμένηκε
1434 4310 1540 4381 γὰρ
1573 4309 1683 4361 τῶν
1724 4307 1859 4360 ὅλων
1904 4308 2017 4360 Κύ-

2101 3212 2342 3282 perieres
2373 3207 2649 3262 declarati.
2683 3204 2762 3258 Ae
2781 3217 2962 3257 verum
2985 3202 3204 3256 omnino
3229 3207 3336 3261 est,
3358 3196 3511 3266 juxta
3535 3191 3678 3252 beati

2103 3302 2250 3355 Pauli
2275 3298 2618 3362 sententiam,
2650 3295 2790 3364 quod
2839 3312 2857 3345 (
2901 3289 3374 3358 Quemadmodum
3429 3283 3682 3354 portavi-

2105 3411 2224 3448 mus
2255 3392 2540 3460 imaginem
2573 3386 2794 3452 terreni,
2822 3385 3156 3454 portabimus
3190 3381 3350 3434 etiam
3391 3377 3680 3446 imaginem

2105 3485 2361 3549 caelestis,
2393 3485 2435 3514 ⁵⁷
2471 3502 2490 3534 ι
2531 3483 2633 3536 hoc
2656 3489 2760 3543 est,
2791 3475 3014 3532 Christi.
3045 3472 3294 3528 Caelestis
3327 3477 3502 3522 autem
3526 3469 3684 3520 homo

2108 3577 2424 3646 intelligitur
2449 3573 2729 3636 Christus;
2766 3586 2870 3625 non
2906 3579 3160 3638 tanquam
3181 3569 3606 3638 superne‘alqne
3647 3572 3678 3610 a

2109 3670 2247 3724 coelo
2297 3681 2516 3721 carnem
2547 3666 2609 3719 ad
2644 3680 2741 3720 nos
2773 3662 3056 3724 detulerit,
3093 3659 3186 3713 sed
3232 3656 3372 3726 quod
3422 3655 3559 3707 Deus
3589 3667 3685 3704 cx-

2109 3762 2307 3815 sistens
2339 3757 2593 3819 Verbum,
2622 3753 2901 3810 descendit
2924 3767 2954 3805 e
2983 3750 3171 3811 cmlis;
3197 3757 3251 3802 et
3277 3745 3684 3800 similitudinem

2111 3852 2283 3905 nostri
2317 3849 2556 3909 subiens,
2594 3847 2696 3898 hoc
2719 3853 2820 3907 est,
2838 3841 3132 3894 secundant
3159 3849 3374 3890 carnem
3405 3850 3435 3888 e
3463 3834 3688 3886 muliere

2113 3943 2254 3994 sicut
2288 3952 2383 3991 nos
2422 3945 2604 3996 natus,
2644 3928 3016 4002 permansitid
3043 3925 3184 3995 quod
3202 3934 3339 3988 erat,
3370 3939 3400 3978 e
3439 3922 3690 3990 superuis

2116 4029 2367 4082 nimirum
2397 4035 2559 4092 atque
2584 4037 2614 4076 e
2646 4021 2820 4084 uelis,
2851 4031 2906 4074 et
2931 4033 3093 4086 supra
3144 4031 3333 4070 omnes
3396 4023 3452 4066 ut
3507 4014 3648 4066 Deus
3670 4049 3688 4082 ,

2117 4123 2280 4176 etiam
2311 4135 2432 4174 cum
2456 4131 2640 4171 carne.
2671 4114 2746 4168 Ita
2774 4111 2916 4165 enim
2954 4109 3078 4164 alibi
3108 4107 3323 4161 divinus
3343 4105 3579 4160 Joannes
3611 4091 3693 4156 in-

2119 4215 2234 4283 quit
2262 4229 2274 4265 :
2321 4230 2340 4264 ι
2370 4211 2470 4277 Qui
2507 4225 2538 4263 e
2568 4205 2818 4277 supernis
2843 4202 3011 4265 venit,
3039 4214 3197 4267 supra
3232 4213 3420 4252 omnes
3443 4203 3527 4250 est
3561 4193 3626 4246 ⁵³.
3671 4213 3688 4244 ι

2089 4304 2426 4364 .Permansit
2485 4300 2629 4356 enim
2683 4297 2844 4352 totius
2886 4293 3124 4347 universi
3163 4289 3443 4353 Dominus,
3483 4285 3694 4340 tametsi

446 4419 582 4471 ριος,
616 4401 708 4454 καὶ
735 4402 794 4453 ὲν
834 4405 903 4473 τῇ
943 4401 1036 4455 τοῦ
1075 4403 1266 4456 δούλου
1320 4405 1501 4475 μορφῇ
1533 4399 1770 4469 γεγονὼς
1807 4402 1999 4453 οἰκονο·

2126 4398 2332 4452 ratione
2363 4390 2751 4449 incarnationis
2780 4389 3012 4443 formam
3075 4383 3220 4438 servi
3261 4378 3552 4447 acceperit,
3613 4386 3697 4428 at-

446 4491 646 4561 μικῶς,
681 4491 772 4543 καὶ
802 4491 1101 4561 παράδοξον
1125 4492 1443 4562 ἀληθῶςδιά
1472 4491 1648 4544 ταῦτά
1675 4491 1791 4542 ἐστι
1813 4490 1872 4542 τὸ
1889 4491 2022 4560 Χρι-

445 4583 572 4636 στοῦ
613 4585 930 4654 μυστήριον.
964 4585 1074 4637 Καὶ
1108 4585 1236 4652 γοῦν
1270 4585 1372 4654 ἔφη
1406 4601 1508 4636 που
1560 4584 1694 4652 πρὸς
1737 4583 2023 4644 Ἰουδαίους

441 4677 511 4728 δι’
539 4676 654 4738 ἐνὸς
681 4676 790 4728 τῶν
822 4677 1118 4748 προφητῶν
1143 4680 1170 4729 6
1200 4677 1330 4739 Θέὸς
1359 4677 1452 4729 καὶ
1475 4677 1684 4745 Πατήρ·
1714 4694 1731 4725 ι
1758 4675 1948 4737 Ἴδετε,
1974 4675 2022 4725 οἱ

445 4769 879 4837 καταφρονηταὶ,
911 4769 1004 4820 καὶ
1042 4768 1400 4838 ἀφανίσθητε,
1433 4767 1527 4819 καὶ
1569 4767 1912 4835 θαυμάσατε,
1940 4767 2022 4818 ὅτι

445 4861 608 4926 ἔργον
643 4859 752 4926 ἐγὼ
779 4857 1084 4928 ἐργάζομαι
1124 4861 1181 4912 ὲν
1214 4863 1334 4922 ταῖς
1369 4859 1602 4928 ἡμέραις
1637 4857 1810 4926 ὑμῶν,
1863 4858 2024 4928 ἔργον

444 4943 491 5016 ᾧ
539 4950 598 5001 οὐ
635 4950 709 5020 μὴ
751 4951 1104 5020 πιστεύσητε,
1135 4952 1228 5005 ἐάν
1269 4968 1352 5013 τις
1394 4950 1784 5019 ὲκδιηγήσηται
1821 4950 1967 5018 ὑμῖν.
2002 4967 2019 4997 ›

450 5039 802 5093 Κινδυνεύσει
829 5040 937 5111 γὰρ
963 5042 1309 5094 ἀπιστεῖσθαι
1345 5041 1404 5094 τὸ
1429 5039 1666 5110 Χριστοῦ
1704 5041 2022 5108 μυστήριον,

450 5130 538 5183 διὰ
559 5131 653 5200 τὴν
673 5132 766 5183 τοῦ
787 5132 1062 5201 θαύματος
1081 5133 1410 5203 ὑπερϐολήν.
1433 5132 1565 5192 Θεὸς
1588 5126 1653 5200 ἦν
1672 5131 1727 5181 ἐν
1748 5131 1843 5182 ἀνθ
1853 5130 2031 5200 ρωπό-

451 5239 575 5290 τητι
611 5224 701 5274 καὶ
735 5225 792 5275 ὲν
829 5227 940 5288 τοῖς
974 5226 1095 5278 καθ’
1137 5226 1306 5295 ἡμᾶς,
1339 5226 1367 5275 6
1410 5224 1548 5293 ὑπὲρ
1577 5226 1758 5276 πᾶσαν
1790 5223 1887 5293 τὴν
1915 5224 2033 5275 κτί-

459 5331 539 5364 σιν
563 5329 575 5341 ⁶
606 5315 860 5384 ἀόρατος,
886 5318 1081 5386 ὁρατὸς
1123 5317 1263 5370 κατὰ
1312 5317 1512 5386 σάρκα,
1537 5318 1564 5367 6
1588 5315 1646 5380 ἐξ
1673 5315 1899 5385 οὐρανοῦ
1940 5315 2035 5367 καὶ

457 5406 684 5468 ἄνωθεν,
731 5409 788 5458 ἐν
819 5408 948 5458 εἴδει
982 5409 1091 5458 τῶν
1137 5409 1360 5477 χοϊκῶν·
1416 5407 1604 5471 ἁπτὸς,
1651 5410 1678 5460 6
1712 5407 1958 5476 ἁναφής’
2005 5407 2032 5456 6

462 5499 600 5552 κατᾶ
642 5499 802 5566 φύσιν
843 5499 979 5551 ἰδίαν
1031 5499 1332 5568 ἐλεύθερος,
1385 5500 1442 5550 ἐν
1489 5499 1675 5552 δούλου
1738 5501 1952 5568 μορφῇ·
2007 5498 2033 5547 6

537 5680 581 5709 ³⁵
615 5676 794 5732 Gal-at.
835 5690 906 5738 tv,
949 5675 999 5726 ι.
1080 5674 1172 5726 ³⁷1
1218 5673 1339 5726 Cor.
1380 5690 1464 5737 κν,
1515 5678 1603 5731 49,

1683 5677 1726 5707 ’⁵⁸
1751 5674 1905 5728 Joan.
1954 5688 2033 5735 Ill,
2083 5672 2169 5726 3|.

2126 4507 2230 4560 que
2253 4487 2628 4544 admirandum
2653 4497 2836 4537 revera
2864 4489 2948 4535 est
2970 4480 3039 4532 ob
3072 4477 3186 4530 haec
3242 4474 3444 4528 Christi
3498 4482 3698 4540 myste-

2127 4586 2288 4638 rium.
2327 4580 2529 4634 Idcirco
2575 4576 2717 4630 Deus
2746 4589 2810 4628 ac
2841 4573 3001 4625 Pater
3046 4569 3170 4622 alibi
3226 4569 3291 4620 ad
3346 4565 3558 4620 Judmos
3607 4579 3700 4631 per

2127 4673 2410 4743 quemdam
2455 4671 2770 4738 prophetam
2800 4666 2915 4718 ait:
2959 4682 2976 4714 ι
3031 4659 3242 4722 Videte,
3271 4665 3694 4738 contemptores,

2131 4775 2184 4818 et
2213 4760 2578 4825 admiramini,
2606 4768 2658 4811 et
2686 4753 3056 4822 disperdimini
3092 4766 3106 4802 :
3154 4749 3278 4819 quia
3333 4763 3466 4815 opus
3501 4733 3702 4813 operor

2132 4871 2230 4923 ego
2267 4855 2317 4905 in
2341 4851 2528 4906 diebus
2558 4849 2772 4910 vestris,
2811 4861 2944 4914 opus
3007 4844 3149 4911 quod
3213 4855 3317 4892 non
3372 4836 3591 4889 creditis
3660 4837 3702 4890 si

2133 4945 2252 5013 quis
2280 4941 2618 4998 enarraverit
2645 4939 2797 4993 Vobis
2821 4937 2886 4988 ⁸³.
2913 4954 2930 4986 ι
2965 4932 3267 4986 Periculum
3293 4927 3435 4982 enim
3475 4927 3580 4979 erit
3639 4941 3706 4981 ne

2138 5037 2425 5103 derogetur
2470 5031 2605 5085 ﬁdes
2637 5027 2898 5098 mysterio
2933 5025 3158 5088 Christi,
3195 5023 3264 5076 ob
3294 5018 3538 5072 miraculi
3587 5033 3702 5071 ma-

2135 5102 2491 5195 gnitudinem.
2529 5119 2667 5172 Deus
2700 5124 2817 5171 erat
2857 5116 3017 5167 homo
3057 5110 3224 5164 nostri
3255 5105 3449 5160 similis
3495 5102 3702 5166 factus,

2137 5216 2228 5284 qui
2265 5229 2422 5282 supra
2459 5225 2671 5267 omnem
2706 5217 3010 5263 creaturam
3032 5211 3142 5268 est;
3205 5197 3514 5262 invisibilis,
3535 5196 3708 5249 factus

2137 5316 2220 5360 est
2243 5304 2468 5358 visibilis
2501 5300 2799 5357 secundum
2834 5311 3085 5350 carnem:
3121 5296 3214 5363 qui
3263 5305 3328 5345 ex
3384 5287 3520 5342 caelo
3551 5297 3709 5355 atque

2141 5414 2170 5453 ο
2207 5397 2474 5466 supernis,
2507 5395 2734 5450 formam
2791 5388 3127 5446 terrestrium
3189 5384 3394 5440 induit:
3439 5380 3710 5449 tangibilis

2142 5501 2241 5553 est,
2285 5490 2374 5557 qui
2413 5489 2556 5556 tangi
2601 5485 2784 5554 nequit
2823 5501 2836 5536 :
2873 5480 2960 5550 qui
3004 5495 3070 5533 ex
3130 5476 3347 5548 propria
3390 5487 3484 5528 sua
3518 5481 3709 5525 natura

2249 5672 2290 5701 δυ
2336 5670 2536 5725 Hahae.
2586 5686 2624 5734 ι,
2663 5667 2724 5733 5;
2779 5667 2895 5720 Act.
2932 5675 3049 5728 xm;
3094 5661 3185 5714 *5"
