  <div class='ocr_page' id='page_1' title='image "/cluster/home/n/w/nwhite01/storage/ocr_20150623/75/mdp.39015078384495/643.png"; bbox 0 0 4078 6264; ppageno 0'>
   <div class='ocr_carea' id='block_1_1' title="bbox 572 247 698 304">
    <p class='ocr_par' dir='ltr' id='par_1_1' title="bbox 572 247 698 304">
     <span class='ocr_line' id='line_1_1' title="bbox 572 247 698 304; baseline 0.024 -3"><span class='ocrx_word' id='word_1_1' title='bbox 572 247 698 304; x_wconf 70' lang='grc'><strong>1271</strong></span> 
     </span>
    </p>
   </div>
   <div class='ocr_carea' id='block_1_2' title="bbox 1550 231 3738 295">
    <p class='ocr_par' dir='ltr' id='par_1_2' title="bbox 1550 231 3738 295">
     <span class='ocr_line' id='line_1_2' title="bbox 1550 231 3738 295; baseline -0.008 1"><span class='ocrx_word' id='word_1_2' title='bbox 1550 238 1608 295; x_wconf 92' lang='lat' dir='ltr'><strong>s.</strong></span> <span class='ocrx_word' id='word_1_3' title='bbox 1651 235 1928 295; x_wconf 80' lang='lat' dir='ltr'><strong>CYnlLLl</strong></span> <span class='ocrx_word' id='word_1_4' title='bbox 1967 231 2435 293; x_wconf 72' lang='lat' dir='ltr'><strong>ALEXANDlthl</strong></span> <span class='ocrx_word' id='word_1_5' title='bbox 2465 231 2796 288; x_wconf 73' lang='lat' dir='ltr'><strong>AltClllEP.</strong></span> <span class='ocrx_word' id='word_1_6' title='bbox 3630 239 3738 293; x_wconf 59' lang='lat' dir='ltr'><strong>mg</strong></span> 
     </span>
    </p>
   </div>
   <div class='ocr_carea' id='block_1_3' title="bbox 570 351 2143 431">
    <p class='ocr_par' dir='ltr' id='par_1_3' title="bbox 570 355 2143 431">
     <span class='ocr_line' id='line_1_3' title="bbox 570 355 2143 431; baseline -0.006 -14"><span class='ocrx_word' id='word_1_7' title='bbox 570 366 704 419; x_wconf 69' lang='lat' dir='ltr'><strong>liber</strong></span> <span class='ocrx_word' id='word_1_8' title='bbox 725 373 830 429; x_wconf 90' lang='lat' dir='ltr'><strong>est,</strong></span> <span class='ocrx_word' id='word_1_9' title='bbox 867 365 1010 420; x_wconf 77' lang='lat' dir='ltr'><strong>servi</strong></span> <span class='ocrx_word' id='word_1_10' title='bbox 1048 363 1274 420; x_wconf 80' lang='lat' dir='ltr'><strong>formam</strong></span> <span class='ocrx_word' id='word_1_11' title='bbox 1295 360 1501 431; x_wconf 80' lang='lat' dir='ltr'><strong>accepit</strong></span> <span class='ocrx_word' id='word_1_12' title='bbox 1539 377 1551 413; x_wconf 91' lang='lat'><strong>:</strong></span> <span class='ocrx_word' id='word_1_13' title='bbox 1585 359 1677 429; x_wconf 90' lang='lat' dir='ltr'><strong>qui</strong></span> <span class='ocrx_word' id='word_1_14' title='bbox 1737 356 2002 411; x_wconf 75' lang='lat' dir='ltr'><strong>creaturis</strong></span> <span class='ocrx_word' id='word_1_15' title='bbox 2055 355 2143 409; x_wconf 86' lang='lat' dir='ltr'><strong>be-</strong></span> 
     </span>
    </p>
   </div>
   <div class='ocr_carea' id='block_1_4' title="bbox 2177 351 3737 431">
    <p class='ocr_par' dir='ltr' id='par_1_4' title="bbox 2179 351 3737 425">
     <span class='ocr_line' id='line_1_4' title="bbox 2179 351 3737 425; baseline 0.004 -19"><span class='ocrx_word' id='word_1_16' title='bbox 2179 357 2225 418; x_wconf 75' lang='grc' dir='ltr'><strong>Α</strong></span> <span class='ocrx_word' id='word_1_17' title='bbox 2253 353 2491 423; x_wconf 82' lang='grc' dir='ltr'>εὐλογῶν</span> <span class='ocrx_word' id='word_1_18' title='bbox 2522 353 2620 424; x_wconf 74' lang='grc' dir='ltr'>τὴν</span> <span class='ocrx_word' id='word_1_19' title='bbox 2664 355 2863 416; x_wconf 77' lang='grc' dir='ltr'>κτίσιν,</span> <span class='ocrx_word' id='word_1_20' title='bbox 2894 351 3184 422; x_wconf 71' lang='grc' dir='ltr'>ἐπάρατος,</span> <span class='ocrx_word' id='word_1_21' title='bbox 3218 354 3307 408; x_wconf 81' lang='grc' dir='ltr'>καὶ</span> <span class='ocrx_word' id='word_1_22' title='bbox 3337 351 3392 404; x_wconf 80' lang='grc' dir='ltr'>ὲν</span> <span class='ocrx_word' id='word_1_23' title='bbox 3417 353 3516 416; x_wconf 85' lang='grc' dir='ltr'>τοῖς</span> <span class='ocrx_word' id='word_1_24' title='bbox 3545 354 3737 425; x_wconf 78' lang='grc' dir='ltr'><strong>ἀνόμοις,</strong></span> 
     </span>
    </p>
   </div>
   <div class='ocr_carea' id='block_1_5' title="bbox 569 452 2142 518">
    <p class='ocr_par' dir='ltr' id='par_1_5' title="bbox 569 452 2142 518">
     <span class='ocr_line' id='line_1_5' title="bbox 569 452 2142 518; baseline -0.006 -10"><span class='ocrx_word' id='word_1_25' title='bbox 569 455 794 518; x_wconf 88' lang='lat' dir='ltr'><strong>nedicit,</strong></span> <span class='ocrx_word' id='word_1_26' title='bbox 827 455 1005 510; x_wconf 91' lang='lat' dir='ltr'><strong>l&#39;actus</strong></span> <span class='ocrx_word' id='word_1_27' title='bbox 1036 465 1122 512; x_wconf 89' lang='lat' dir='ltr'><strong>est</strong></span> <span class='ocrx_word' id='word_1_28' title='bbox 1157 452 1542 516; x_wconf 77' lang='lat' dir='ltr'><strong>exsecrabilis;</strong></span> <span class='ocrx_word' id='word_1_29' title='bbox 1583 457 2005 516; x_wconf 83' lang='lat' dir='ltr'><strong>ntuneratusque</strong></span> <span class='ocrx_word' id='word_1_30' title='bbox 2059 455 2142 500; x_wconf 87' lang='lat' dir='ltr'><strong>est</strong></span> 
     </span>
    </p>
   </div>
   <div class='ocr_carea' id='block_1_6' title="bbox 569 540 2138 619">
    <p class='ocr_par' dir='ltr' id='par_1_6' title="bbox 569 540 2138 619">
     <span class='ocr_line' id='line_1_6' title="bbox 569 540 2138 619; baseline -0.006 -17"><span class='ocrx_word' id='word_1_31' title='bbox 569 560 708 603; x_wconf 85' lang='lat' dir='ltr'><strong>mter</strong></span> <span class='ocrx_word' id='word_1_32' title='bbox 731 551 1170 619; x_wconf 70' lang='lat' dir='ltr'><strong>praevaricatores</strong></span> <span class='ocrx_word' id='word_1_33' title='bbox 1213 548 1342 616; x_wconf 72' lang='lat' dir='ltr'><strong>legis</strong></span> <span class='ocrx_word' id='word_1_34' title='bbox 1367 547 1410 599; x_wconf 87' lang='lat' dir='ltr'><strong>is</strong></span> <span class='ocrx_word' id='word_1_35' title='bbox 1437 545 1530 614; x_wconf 95' lang='lat' dir='ltr'><strong>qui</strong></span> <span class='ocrx_word' id='word_1_36' title='bbox 1559 551 1641 598; x_wconf 89' lang='lat' dir='ltr'><strong>est</strong></span> <span class='ocrx_word' id='word_1_37' title='bbox 1689 541 1866 596; x_wconf 92' lang='lat' dir='ltr'><strong>omnis</strong></span> <span class='ocrx_word' id='word_1_38' title='bbox 1907 540 2138 608; x_wconf 89' lang='lat' dir='ltr'><strong>justitia,</strong></span> 
     </span>
    </p>
   </div>
   <div class='ocr_carea' id='block_1_7' title="bbox 568 636 2141 713">
    <p class='ocr_par' dir='ltr' id='par_1_7' title="bbox 568 636 2141 713">
     <span class='ocr_line' id='line_1_7' title="bbox 568 636 2141 713; baseline -0.006 -16"><span class='ocrx_word' id='word_1_39' title='bbox 568 643 1077 713; x_wconf 86' lang='lat' dir='ltr'><strong>mortemquesuhiit</strong></span> <span class='ocrx_word' id='word_1_40' title='bbox 1115 645 1224 696; x_wconf 84' lang='lat' dir='ltr'><strong>vita</strong></span> <span class='ocrx_word' id='word_1_41' title='bbox 1245 642 1380 711; x_wconf 86' lang='lat' dir='ltr'><strong>ipsa.</strong></span> <span class='ocrx_word' id='word_1_42' title='bbox 1409 639 1595 709; x_wconf 84' lang='lat' dir='ltr'><strong>Neque</strong></span> <span class='ocrx_word' id='word_1_43' title='bbox 1609 639 1751 694; x_wconf 90' lang='lat' dir='ltr'><strong>enim</strong></span> <span class='ocrx_word' id='word_1_44' title='bbox 1776 647 1889 693; x_wconf 90' lang='lat' dir='ltr'><strong>erat</strong></span> <span class='ocrx_word' id='word_1_45' title='bbox 1917 636 2141 690; x_wconf 84' lang='lat' dir='ltr'><strong>alterius</strong></span> 
     </span>
    </p>
   </div>
   <div class='ocr_carea' id='block_1_8' title="bbox 568 725 2140 804">
    <p class='ocr_par' dir='ltr' id='par_1_8' title="bbox 568 725 2140 804">
     <span class='ocr_line' id='line_1_8' title="bbox 568 725 2140 804; baseline -0.004 -19"><span class='ocrx_word' id='word_1_46' title='bbox 568 733 886 804; x_wconf 79' lang='lat' dir='ltr'><strong>cujuSpiam,</strong></span> <span class='ocrx_word' id='word_1_47' title='bbox 907 735 1000 791; x_wconf 91' lang='lat' dir='ltr'><strong>sed</strong></span> <span class='ocrx_word' id='word_1_48' title='bbox 1033 735 1211 804; x_wconf 79' lang='lat' dir='ltr'><strong>potius</strong></span> <span class='ocrx_word' id='word_1_49' title='bbox 1239 733 1410 802; x_wconf 86' lang='lat' dir='ltr'><strong>ipsius</strong></span> <span class='ocrx_word' id='word_1_50' title='bbox 1448 731 1741 786; x_wconf 86' lang='lat' dir='ltr'><strong>secundum</strong></span> <span class='ocrx_word' id='word_1_51' title='bbox 1771 738 2020 782; x_wconf 90' lang='lat' dir='ltr'><strong>naturam</strong></span> <span class='ocrx_word' id='word_1_52' title='bbox 2050 725 2140 779; x_wconf 91' lang='lat' dir='ltr'><strong>Fi-</strong></span> 
     </span>
    </p>
   </div>
   <div class='ocr_carea' id='block_1_9' title="bbox 568 821 2141 894">
    <p class='ocr_par' dir='ltr' id='par_1_9' title="bbox 568 821 2141 894">
     <span class='ocr_line' id='line_1_9' title="bbox 568 821 2141 894; baseline -0.002 -21"><span class='ocrx_word' id='word_1_53' title='bbox 568 823 620 875; x_wconf 88' lang='lat' dir='ltr'><strong>lii</strong></span> <span class='ocrx_word' id='word_1_54' title='bbox 651 839 870 892; x_wconf 87' lang='lat' dir='ltr'><strong>corpus,</strong></span> <span class='ocrx_word' id='word_1_55' title='bbox 895 824 946 878; x_wconf 94' lang='lat' dir='ltr'><strong>id</strong></span> <span class='ocrx_word' id='word_1_56' title='bbox 971 825 1112 892; x_wconf 88' lang='lat' dir='ltr'><strong>quod</strong></span> <span class='ocrx_word' id='word_1_57' title='bbox 1138 833 1364 878; x_wconf 91' lang='lat' dir='ltr'><strong>mortem</strong></span> <span class='ocrx_word' id='word_1_58' title='bbox 1395 821 1558 894; x_wconf 60' lang='grc' dir='ltr'><strong>’124Ι</strong></span> <span class='ocrx_word' id='word_1_59' title='bbox 1590 823 1778 878; x_wconf 91' lang='lat' dir='ltr'><strong>subiit.</strong></span> <span class='ocrx_word' id='word_1_60' title='bbox 1835 821 1988 876; x_wconf 87' lang='lat' dir='ltr'><strong>Anne</strong></span> <span class='ocrx_word' id='word_1_61' title='bbox 2012 834 2141 872; x_wconf 84' lang='lat' dir='ltr'><strong>vero</strong></span> 
     </span>
    </p>
   </div>
   <div class='ocr_carea' id='block_1_10' title="bbox 569 910 2140 982">
    <p class='ocr_par' dir='ltr' id='par_1_10' title="bbox 569 910 2140 982">
     <span class='ocr_line' id='line_1_10' title="bbox 569 910 2140 982; baseline 0 -16"><span class='ocrx_word' id='word_1_62' title='bbox 569 923 826 982; x_wconf 90' lang='lat' dir='ltr'><strong>tanquam</strong></span> <span class='ocrx_word' id='word_1_63' title='bbox 869 929 974 970; x_wconf 85' lang='lat' dir='ltr'><strong>non</strong></span> <span class='ocrx_word' id='word_1_64' title='bbox 1009 925 1156 969; x_wconf 87' lang='lat' dir='ltr'><strong>recte</strong></span> <span class='ocrx_word' id='word_1_65' title='bbox 1188 914 1367 980; x_wconf 78' lang='lat' dir='ltr'><strong>faelis,</strong></span> <span class='ocrx_word' id='word_1_66' title='bbox 1410 919 1525 970; x_wconf 88' lang='lat' dir='ltr'><strong>sive</strong></span> <span class='ocrx_word' id='word_1_67' title='bbox 1571 931 1600 969; x_wconf 88' lang='lat' dir='ltr'><strong>a</strong></span> <span class='ocrx_word' id='word_1_68' title='bbox 1651 915 1810 972; x_wconf 86' lang='lat' dir='ltr'><strong>nobis</strong></span> <span class='ocrx_word' id='word_1_69' title='bbox 1835 914 2013 976; x_wconf 83' lang='lat' dir='ltr'><strong>dictis,</strong></span> <span class='ocrx_word' id='word_1_70' title='bbox 2043 910 2140 965; x_wconf 85' lang='lat' dir='ltr'><strong>ali-</strong></span> 
     </span>
    </p>
   </div>
   <div class='ocr_carea' id='block_1_11' title="bbox 567 1003 1479 1077">
    <p class='ocr_par' dir='ltr' id='par_1_11' title="bbox 567 1003 1479 1077">
     <span class='ocr_line' id='line_1_11' title="bbox 567 1003 1479 1077; baseline 0.007 -22"><span class='ocrx_word' id='word_1_71' title='bbox 567 1003 694 1072; x_wconf 86' lang='lat' dir='ltr'><strong>quid</strong></span> <span class='ocrx_word' id='word_1_72' title='bbox 723 1003 891 1060; x_wconf 80' lang='lat' dir='ltr'><strong>habes</strong></span> <span class='ocrx_word' id='word_1_73' title='bbox 928 1005 1072 1074; x_wconf 84' lang='lat' dir='ltr'><strong>quod</strong></span> <span class='ocrx_word' id='word_1_74' title='bbox 1099 1005 1182 1062; x_wconf 85' lang='lat' dir='ltr'><strong>his</strong></span> <span class='ocrx_word' id='word_1_75' title='bbox 1216 1007 1479 1077; x_wconf 85' lang='lat' dir='ltr'><strong>objieias?</strong></span> 
     </span>
    </p>
   </div>
   <div class='ocr_carea' id='block_1_12' title="bbox 632 1091 1111 1165">
    <p class='ocr_par' dir='ltr' id='par_1_12' title="bbox 632 1091 1111 1165">
     <span class='ocr_line' id='line_1_12' title="bbox 632 1091 1111 1165; baseline 0.008 -19"><span class='ocrx_word' id='word_1_76' title='bbox 632 1091 696 1148; x_wconf 92' lang='grc' dir='ltr'><strong>Β.</strong></span> <span class='ocrx_word' id='word_1_77' title='bbox 736 1097 1111 1165; x_wconf 74' lang='lat' dir='ltr'><strong>Nequaquam.</strong></span> 
     </span>
    </p>
   </div>
   <div class='ocr_carea' id='block_1_13' title="bbox 630 1185 2064 1260">
    <p class='ocr_par' dir='ltr' id='par_1_13' title="bbox 630 1185 2064 1260">
     <span class='ocr_line' id='line_1_13' title="bbox 630 1185 2064 1260; baseline 0.002 -21"><span class='ocrx_word' id='word_1_78' title='bbox 630 1186 698 1240; x_wconf 86' lang='lat' dir='ltr'><strong>A.</strong></span> <span class='ocrx_word' id='word_1_79' title='bbox 739 1185 1006 1242; x_wconf 73' lang='lat' dir='ltr'><strong>Czeterum</strong></span> <span class='ocrx_word' id='word_1_80' title='bbox 1049 1191 1151 1244; x_wconf 92' lang='lat' dir='ltr'><strong>hoc</strong></span> <span class='ocrx_word' id='word_1_81' title='bbox 1179 1189 1311 1245; x_wconf 90' lang='lat' dir='ltr'><strong>mihi</strong></span> <span class='ocrx_word' id='word_1_82' title='bbox 1346 1200 1608 1260; x_wconf 68' lang='lat' dir='ltr'><strong>praeterea</strong></span> <span class='ocrx_word' id='word_1_83' title='bbox 1676 1187 2064 1244; x_wconf 75' lang='lat' dir='ltr'><strong>animadverte.</strong></span> 
     </span>
    </p>
   </div>
   <div class='ocr_carea' id='block_1_14' title="bbox 634 1276 1293 1347">
    <p class='ocr_par' dir='ltr' id='par_1_14' title="bbox 634 1276 1293 1347">
     <span class='ocr_line' id='line_1_14' title="bbox 634 1276 1293 1347; baseline 0.009 -17"><span class='ocrx_word' id='word_1_84' title='bbox 634 1276 696 1331; x_wconf 88' lang='grc' dir='ltr'><strong>Β.</strong></span> <span class='ocrx_word' id='word_1_85' title='bbox 719 1277 1007 1347; x_wconf 80' lang='lat' dir='ltr'><strong>Quidnam,</strong></span> <span class='ocrx_word' id='word_1_86' title='bbox 1031 1280 1293 1336; x_wconf 84' lang='lat' dir='ltr'><strong>obsecro?</strong></span> 
     </span>
    </p>
   </div>
   <div class='ocr_carea' id='block_1_15' title="bbox 635 1367 2135 1440">
    <p class='ocr_par' dir='ltr' id='par_1_15' title="bbox 635 1367 2135 1440">
     <span class='ocr_line' id='line_1_15' title="bbox 635 1367 2135 1440; baseline 0.001 -20"><span class='ocrx_word' id='word_1_87' title='bbox 635 1369 700 1420; x_wconf 82' lang='lat' dir='ltr'><strong>A.</strong></span> <span class='ocrx_word' id='word_1_88' title='bbox 729 1367 973 1423; x_wconf 77' lang='lat' dir='ltr'><strong>Christus</strong></span> <span class='ocrx_word' id='word_1_89' title='bbox 1026 1369 1223 1424; x_wconf 87' lang='lat' dir='ltr'><strong>alicubi</strong></span> <span class='ocrx_word' id='word_1_90' title='bbox 1283 1371 1350 1424; x_wconf 90' lang='lat' dir='ltr'><strong>ad</strong></span> <span class='ocrx_word' id='word_1_91' title='bbox 1415 1385 1508 1426; x_wconf 91' lang='lat' dir='ltr'><strong>eos</strong></span> <span class='ocrx_word' id='word_1_92' title='bbox 1546 1369 1637 1440; x_wconf 90' lang='lat' dir='ltr'><strong>qui</strong></span> <span class='ocrx_word' id='word_1_93' title='bbox 1682 1369 2135 1425; x_wconf 75' lang='lat' dir='ltr'><strong>resurrectionem</strong></span> 
     </span>
    </p>
   </div>
   <div class='ocr_carea' id='block_1_16' title="bbox 566 1459 2139 1532">
    <p class='ocr_par' dir='ltr' id='par_1_16' title="bbox 566 1459 2139 1532">
     <span class='ocr_line' id='line_1_16' title="bbox 566 1459 2139 1532; baseline 0 -18"><span class='ocrx_word' id='word_1_94' title='bbox 566 1467 900 1515; x_wconf 89' lang='lat' dir='ltr'><strong>mortuorum</strong></span> <span class='ocrx_word' id='word_1_95' title='bbox 943 1461 1130 1516; x_wconf 85' lang='lat' dir='ltr'><strong>tollere</strong></span> <span class='ocrx_word' id='word_1_96' title='bbox 1182 1462 1453 1526; x_wconf 90' lang='lat' dir='ltr'><strong>nituntur,</strong></span> <span class='ocrx_word' id='word_1_97' title='bbox 1475 1463 1612 1516; x_wconf 79' lang='lat' dir='ltr'><strong>dixit</strong></span> <span class='ocrx_word' id='word_1_98' title='bbox 1651 1479 1663 1514; x_wconf 92' lang='lat'>:</span> <span class='ocrx_word' id='word_1_99' title='bbox 1698 1479 1717 1514; x_wconf 76' lang='grc' dir='ltr'><strong>ι</strong></span> <span class='ocrx_word' id='word_1_100' title='bbox 1776 1459 1893 1521; x_wconf 81' lang='lat' dir='ltr'><strong>Non</strong></span> <span class='ocrx_word' id='word_1_101' title='bbox 1933 1460 2139 1532; x_wconf 80' lang='lat' dir='ltr'><strong>legistis</strong></span> 
     </span>
    </p>
   </div>
   <div class='ocr_carea' id='block_1_17' title="bbox 565 1549 2138 1621">
    <p class='ocr_par' dir='ltr' id='par_1_17' title="bbox 565 1549 2138 1621">
     <span class='ocr_line' id='line_1_17' title="bbox 565 1549 2138 1621; baseline 0.004 -21"><span class='ocrx_word' id='word_1_102' title='bbox 565 1549 690 1617; x_wconf 84' lang='lat' dir='ltr'><strong>quia</strong></span> <span class='ocrx_word' id='word_1_103' title='bbox 711 1550 801 1620; x_wconf 90' lang='lat' dir='ltr'><strong>qui</strong></span> <span class='ocrx_word' id='word_1_104' title='bbox 831 1549 957 1606; x_wconf 74' lang='lat' dir='ltr'><strong>fecit</strong></span> <span class='ocrx_word' id='word_1_105' title='bbox 986 1553 1258 1615; x_wconf 82' lang='lat' dir='ltr'><strong>hominem</strong></span> <span class='ocrx_word' id='word_1_106' title='bbox 1303 1555 1369 1608; x_wconf 91' lang='lat' dir='ltr'><strong>ab</strong></span> <span class='ocrx_word' id='word_1_107' title='bbox 1397 1553 1572 1621; x_wconf 90' lang='lat' dir='ltr'><strong>initio,</strong></span> <span class='ocrx_word' id='word_1_108' title='bbox 1616 1553 1914 1608; x_wconf 89' lang='lat' dir='ltr'><strong>masculum</strong></span> <span class='ocrx_word' id='word_1_109' title='bbox 1971 1561 2024 1607; x_wconf 89' lang='lat' dir='ltr'><strong>et</strong></span> <span class='ocrx_word' id='word_1_110' title='bbox 2058 1550 2138 1606; x_wconf 77' lang='lat' dir='ltr'><strong>fe-</strong></span> 
     </span>
    </p>
   </div>
   <div class='ocr_carea' id='block_1_18' title="bbox 565 1640 2138 1699">
    <p class='ocr_par' dir='ltr' id='par_1_18' title="bbox 565 1640 2138 1699">
     <span class='ocr_line' id='line_1_18' title="bbox 565 1640 2138 1699; baseline 0.003 -7"><span class='ocrx_word' id='word_1_111' title='bbox 565 1640 764 1694; x_wconf 87' lang='lat' dir='ltr'><strong>minam</strong></span> <span class='ocrx_word' id='word_1_112' title='bbox 823 1642 1157 1698; x_wconf 76' lang='lat' dir='ltr'><strong>feciteos“?</strong></span> <span class='ocrx_word' id='word_1_113' title='bbox 1220 1663 1237 1696; x_wconf 76' lang='grc' dir='ltr'><strong>ι</strong></span> <span class='ocrx_word' id='word_1_114' title='bbox 1297 1644 1499 1699; x_wconf 81' lang='lat' dir='ltr'><strong>Scribit.</strong></span> <span class='ocrx_word' id='word_1_115' title='bbox 1543 1658 1674 1699; x_wconf 83' lang='lat' dir='ltr'><strong>vero</strong></span> <span class='ocrx_word' id='word_1_116' title='bbox 1734 1643 1896 1698; x_wconf 89' lang='lat' dir='ltr'><strong>etiam</strong></span> <span class='ocrx_word' id='word_1_117' title='bbox 1927 1643 2138 1697; x_wconf 85' lang='lat' dir='ltr'><strong>divinus</strong></span> 
     </span>
    </p>
   </div>
   <div class='ocr_carea' id='block_1_19' title="bbox 567 1729 2140 1800">
    <p class='ocr_par' dir='ltr' id='par_1_19' title="bbox 567 1729 2140 1800">
     <span class='ocr_line' id='line_1_19' title="bbox 567 1729 2140 1800; baseline 0.003 -16"><span class='ocrx_word' id='word_1_118' title='bbox 567 1729 798 1788; x_wconf 83' lang='lat' dir='ltr'><strong>Paulus:</strong></span> <span class='ocrx_word' id='word_1_119' title='bbox 834 1733 1198 1792; x_wconf 81' lang='lat' dir='ltr'><strong>tlionorabile</strong></span> <span class='ocrx_word' id='word_1_120' title='bbox 1221 1737 1552 1791; x_wconf 88' lang='lat' dir='ltr'><strong>connuhium</strong></span> <span class='ocrx_word' id='word_1_121' title='bbox 1593 1736 1644 1789; x_wconf 92' lang='lat' dir='ltr'><strong>in</strong></span> <span class='ocrx_word' id='word_1_122' title='bbox 1674 1735 1944 1800; x_wconf 90' lang='lat' dir='ltr'><strong>omnibus,</strong></span> <span class='ocrx_word' id='word_1_123' title='bbox 1976 1743 2030 1788; x_wconf 92' lang='lat' dir='ltr'><strong>et</strong></span> <span class='ocrx_word' id='word_1_124' title='bbox 2057 1742 2140 1788; x_wconf 89' lang='lat' dir='ltr'><strong>to-</strong></span> 
     </span>
    </p>
   </div>
   <div class='ocr_carea' id='block_1_20' title="bbox 567 1823 2141 1894">
    <p class='ocr_par' dir='ltr' id='par_1_20' title="bbox 567 1823 2141 1894">
     <span class='ocr_line' id='line_1_20' title="bbox 567 1823 2141 1894; baseline 0.006 -26"><span class='ocrx_word' id='word_1_125' title='bbox 567 1834 658 1873; x_wconf 88' lang='lat' dir='ltr'><strong>rus</strong></span> <span class='ocrx_word' id='word_1_126' title='bbox 704 1823 1080 1881; x_wconf 82' lang='lat' dir='ltr'><strong>immaculatus</strong></span> <span class='ocrx_word' id='word_1_127' title='bbox 1109 1825 1173 1878; x_wconf 84' lang='grc'><strong>⁶¹.</strong></span> <span class='ocrx_word' id='word_1_128' title='bbox 1215 1843 1234 1876; x_wconf 75' lang='grc' dir='ltr'><strong>ι</strong></span> <span class='ocrx_word' id='word_1_129' title='bbox 1291 1823 1409 1890; x_wconf 85' lang='lat' dir='ltr'><strong>Quo</strong></span> <span class='ocrx_word' id='word_1_130' title='bbox 1435 1835 1592 1893; x_wconf 91' lang='lat' dir='ltr'><strong>pacto</strong></span> <span class='ocrx_word' id='word_1_131' title='bbox 1631 1839 1759 1879; x_wconf 88' lang='lat' dir='ltr'><strong>vero</strong></span> <span class='ocrx_word' id='word_1_132' title='bbox 1809 1824 2141 1894; x_wconf 74' lang='lat' dir='ltr'><strong>unigenitum</strong></span> 
     </span>
    </p>
   </div>
   <div class='ocr_carea' id='block_1_21' title="bbox 567 1909 2145 1977">
    <p class='ocr_par' dir='ltr' id='par_1_21' title="bbox 567 1909 2145 1977">
     <span class='ocr_line' id='line_1_21' title="bbox 567 1909 2145 1977; baseline 0.006 -17"><span class='ocrx_word' id='word_1_133' title='bbox 567 1909 658 1964; x_wconf 88' lang='lat' dir='ltr'><strong>Dei</strong></span> <span class='ocrx_word' id='word_1_134' title='bbox 685 1910 936 1977; x_wconf 77' lang='lat' dir='ltr'><strong>Verbum,</strong></span> <span class='ocrx_word' id='word_1_135' title='bbox 963 1929 1082 1968; x_wconf 92' lang='lat' dir='ltr'><strong>cum</strong></span> <span class='ocrx_word' id='word_1_136' title='bbox 1125 1925 1369 1970; x_wconf 91' lang='lat' dir='ltr'><strong>nostram</strong></span> <span class='ocrx_word' id='word_1_137' title='bbox 1398 1916 1804 1972; x_wconf 84' lang='lat' dir='ltr'><strong>similitudinem</strong></span> <span class='ocrx_word' id='word_1_138' title='bbox 1825 1915 2008 1971; x_wconf 89' lang='lat' dir='ltr'><strong>subire</strong></span> <span class='ocrx_word' id='word_1_139' title='bbox 2039 1915 2145 1970; x_wconf 90' lang='lat' dir='ltr'><strong>vel-</strong></span> 
     </span>
    </p>
   </div>
   <div class='ocr_carea' id='block_1_22' title="bbox 567 2003 2141 2079">
    <p class='ocr_par' dir='ltr' id='par_1_22' title="bbox 567 2003 2141 2079">
     <span class='ocr_line' id='line_1_22' title="bbox 567 2003 2141 2079; baseline 0.003 -23"><span class='ocrx_word' id='word_1_140' title='bbox 567 2003 663 2068; x_wconf 86' lang='lat' dir='ltr'><strong>let,</strong></span> <span class='ocrx_word' id='word_1_141' title='bbox 689 2004 756 2056; x_wconf 87' lang='lat' dir='ltr'><strong>ad</strong></span> <span class='ocrx_word' id='word_1_142' title='bbox 779 2005 1221 2068; x_wconf 81' lang='lat' dir='ltr'><strong>constitutionem</strong></span> <span class='ocrx_word' id='word_1_143' title='bbox 1252 2009 1364 2064; x_wconf 83' lang='lat' dir='ltr'><strong>sive</strong></span> <span class='ocrx_word' id='word_1_144' title='bbox 1387 2010 1790 2079; x_wconf 83' lang='lat' dir='ltr'><strong>generationem</strong></span> <span class='ocrx_word' id='word_1_145' title='bbox 1811 2023 1921 2062; x_wconf 73' lang='lat' dir='ltr'><strong>sua:</strong></span> <span class='ocrx_word' id='word_1_146' title='bbox 1939 2008 2141 2072; x_wconf 88' lang='lat' dir='ltr'><strong>carnis,</strong></span> 
     </span>
    </p>
   </div>
   <div class='ocr_carea' id='block_1_23' title="bbox 567 2094 2141 2169">
    <p class='ocr_par' dir='ltr' id='par_1_23' title="bbox 567 2094 2141 2169">
     <span class='ocr_line' id='line_1_23' title="bbox 567 2094 2141 2169; baseline 0.004 -24"><span class='ocrx_word' id='word_1_147' title='bbox 567 2094 815 2151; x_wconf 64' lang='lat' dir='ltr'><strong>humanae</strong></span> <span class='ocrx_word' id='word_1_148' title='bbox 844 2109 1050 2153; x_wconf 75' lang='lat' dir='ltr'><strong>naturae</strong></span> <span class='ocrx_word' id='word_1_149' title='bbox 1079 2099 1223 2169; x_wconf 79' lang='lat' dir='ltr'><strong>leges</strong></span> <span class='ocrx_word' id='word_1_150' title='bbox 1276 2100 1457 2156; x_wconf 91' lang='lat' dir='ltr'><strong>valere</strong></span> <span class='ocrx_word' id='word_1_151' title='bbox 1508 2100 1716 2164; x_wconf 77' lang='lat' dir='ltr'><strong>noluit?</strong></span> <span class='ocrx_word' id='word_1_152' title='bbox 1767 2098 1952 2169; x_wconf 86' lang='lat' dir='ltr'><strong>Neque</strong></span> <span class='ocrx_word' id='word_1_153' title='bbox 1998 2099 2141 2152; x_wconf 78' lang='lat' dir='ltr'><strong>enim</strong></span> 
     </span>
    </p>
   </div>
   <div class='ocr_carea' id='block_1_24' title="bbox 565 2190 2141 2261">
    <p class='ocr_par' dir='ltr' id='par_1_24' title="bbox 565 2190 2141 2261">
     <span class='ocr_line' id='line_1_24' title="bbox 565 2190 2141 2261; baseline 0.004 -24"><span class='ocrx_word' id='word_1_154' title='bbox 565 2198 631 2238; x_wconf 79' lang='lat' dir='ltr'><strong>ex</strong></span> <span class='ocrx_word' id='word_1_155' title='bbox 665 2195 782 2242; x_wconf 91' lang='lat' dir='ltr'><strong>toro</strong></span> <span class='ocrx_word' id='word_1_156' title='bbox 806 2199 859 2243; x_wconf 89' lang='lat' dir='ltr'><strong>et</strong></span> <span class='ocrx_word' id='word_1_157' title='bbox 890 2191 1138 2260; x_wconf 79' lang='lat' dir='ltr'><strong>conjugio</strong></span> <span class='ocrx_word' id='word_1_158' title='bbox 1164 2192 1315 2248; x_wconf 80' lang='lat' dir='ltr'><strong>nasci</strong></span> <span class='ocrx_word' id='word_1_159' title='bbox 1341 2192 1531 2257; x_wconf 88' lang='lat' dir='ltr'><strong>voluit,</strong></span> <span class='ocrx_word' id='word_1_160' title='bbox 1573 2194 1666 2247; x_wconf 87' lang='lat' dir='ltr'><strong>sed</strong></span> <span class='ocrx_word' id='word_1_161' title='bbox 1700 2207 1764 2246; x_wconf 80' lang='lat' dir='ltr'><strong>ex</strong></span> <span class='ocrx_word' id='word_1_162' title='bbox 1799 2192 2020 2261; x_wconf 75' lang='lat' dir='ltr'><strong>Virgine</strong></span> <span class='ocrx_word' id='word_1_163' title='bbox 2039 2190 2141 2244; x_wconf 87' lang='lat' dir='ltr'><strong>viri</strong></span> 
     </span>
    </p>
   </div>
   <div class='ocr_carea' id='block_1_25' title="bbox 567 2266 2143 2354">
    <p class='ocr_par' dir='ltr' id='par_1_25' title="bbox 567 2266 2143 2354">
     <span class='ocr_line' id='line_1_25' title="bbox 567 2266 2143 2354; baseline 0.004 -28"><span class='ocrx_word' id='word_1_164' title='bbox 567 2266 780 2343; x_wconf 83' lang='lat' dir='ltr'><strong>nescia,</strong></span> <span class='ocrx_word' id='word_1_165' title='bbox 820 2288 1130 2354; x_wconf 62' lang='lat' dir='ltr'><strong>praegnante</strong></span> <span class='ocrx_word' id='word_1_166' title='bbox 1179 2295 1243 2336; x_wconf 77' lang='lat' dir='ltr'><strong>ex</strong></span> <span class='ocrx_word' id='word_1_167' title='bbox 1314 2280 1542 2350; x_wconf 81' lang='lat' dir='ltr'><strong>Spiritu,</strong></span> <span class='ocrx_word' id='word_1_168' title='bbox 1605 2283 1970 2337; x_wconf 87' lang='lat' dir='ltr'><strong>obumbrante</strong></span> <span class='ocrx_word' id='word_1_169' title='bbox 2043 2279 2143 2350; x_wconf 83' lang='lat' dir='ltr'><strong>ipsi</strong></span> 
     </span>
    </p>
   </div>
   <div class='ocr_carea' id='block_1_26' title="bbox 564 2367 2144 2445">
    <p class='ocr_par' dir='ltr' id='par_1_26' title="bbox 564 2367 2144 2445">
     <span class='ocr_line' id='line_1_26' title="bbox 564 2367 2144 2445; baseline 0.005 -28"><span class='ocrx_word' id='word_1_170' title='bbox 564 2367 762 2444; x_wconf 80' lang='lat' dir='ltr'><strong>virtute</strong></span> <span class='ocrx_word' id='word_1_171' title='bbox 790 2368 904 2445; x_wconf 85' lang='lat' dir='ltr'><strong>Dei,</strong></span> <span class='ocrx_word' id='word_1_172' title='bbox 949 2370 1090 2425; x_wconf 83' lang='lat' dir='ltr'><strong>sicut</strong></span> <span class='ocrx_word' id='word_1_173' title='bbox 1122 2373 1382 2442; x_wconf 84' lang='lat' dir='ltr'><strong>scriptum</strong></span> <span class='ocrx_word' id='word_1_174' title='bbox 1410 2374 1579 2428; x_wconf 67' lang='lat' dir='ltr'><strong>est”.</strong></span> <span class='ocrx_word' id='word_1_175' title='bbox 1604 2373 1739 2433; x_wconf 74' lang='lat' dir='ltr'><strong>Cum</strong></span> <span class='ocrx_word' id='word_1_176' title='bbox 1795 2372 1976 2441; x_wconf 88' lang='lat' dir='ltr'><strong>itaque</strong></span> <span class='ocrx_word' id='word_1_177' title='bbox 2003 2371 2144 2425; x_wconf 87' lang='lat' dir='ltr'><strong>Deus</strong></span> 
     </span>
    </p>
   </div>
   <div class='ocr_carea' id='block_1_27' title="bbox 564 2459 2144 2533">
    <p class='ocr_par' dir='ltr' id='par_1_27' title="bbox 564 2459 2144 2533">
     <span class='ocr_line' id='line_1_27' title="bbox 564 2459 2144 2533; baseline 0.004 -25"><span class='ocrx_word' id='word_1_178' title='bbox 564 2459 993 2527; x_wconf 77' lang='lat' dir='ltr'><strong>t-onjugiumnon</strong></span> <span class='ocrx_word' id='word_1_179' title='bbox 1040 2475 1381 2530; x_wconf 89' lang='lat' dir='ltr'><strong>aspernetur,</strong></span> <span class='ocrx_word' id='word_1_180' title='bbox 1403 2467 1497 2518; x_wconf 91' lang='lat' dir='ltr'><strong>sed</strong></span> <span class='ocrx_word' id='word_1_181' title='bbox 1538 2465 1717 2533; x_wconf 88' lang='lat' dir='ltr'><strong>potius</strong></span> <span class='ocrx_word' id='word_1_182' title='bbox 1768 2463 2144 2518; x_wconf 83' lang='lat' dir='ltr'><strong>benedictione</strong></span> 
     </span>
    </p>
   </div>
   <div class='ocr_carea' id='block_1_28' title="bbox 565 2549 2143 2636">
    <p class='ocr_par' dir='ltr' id='par_1_28' title="bbox 565 2549 2143 2636">
     <span class='ocr_line' id='line_1_28' title="bbox 565 2549 2143 2636; baseline 0.003 -34"><span class='ocrx_word' id='word_1_183' title='bbox 565 2565 659 2636; x_wconf 81' lang='lat' dir='ltr'><strong>sua</strong></span> <span class='ocrx_word' id='word_1_184' title='bbox 685 2549 812 2604; x_wconf 93' lang='lat' dir='ltr'><strong>illud</strong></span> <span class='ocrx_word' id='word_1_185' title='bbox 838 2554 1444 2623; x_wconf 87' lang='lat' dir='ltr'><strong>decoret,quamobrem</strong></span> <span class='ocrx_word' id='word_1_186' title='bbox 1468 2555 1743 2630; x_wconf 71' lang='lat' dir='ltr'><strong>Virginem</strong></span> <span class='ocrx_word' id='word_1_187' title='bbox 1775 2563 2143 2624; x_wconf 72' lang='lat' dir='ltr'><strong>prmgnantem</strong></span> 
     </span>
    </p>
   </div>
   <div class='ocr_carea' id='block_1_29' title="bbox 567 2641 2142 2708">
    <p class='ocr_par' dir='ltr' id='par_1_29' title="bbox 567 2641 2142 2708">
     <span class='ocr_line' id='line_1_29' title="bbox 567 2641 2142 2708; baseline 0.003 -14"><span class='ocrx_word' id='word_1_188' title='bbox 567 2655 628 2694; x_wconf 82' lang='lat' dir='ltr'><strong>ex</strong></span> <span class='ocrx_word' id='word_1_189' title='bbox 659 2641 886 2708; x_wconf 86' lang='lat' dir='ltr'><strong>Spiritu,</strong></span> <span class='ocrx_word' id='word_1_190' title='bbox 951 2646 1132 2702; x_wconf 89' lang='lat' dir='ltr'><strong>carnis</strong></span> <span class='ocrx_word' id='word_1_191' title='bbox 1173 2660 1285 2699; x_wconf 71' lang='lat' dir='ltr'><strong>suae</strong></span> <span class='ocrx_word' id='word_1_192' title='bbox 1327 2655 1555 2699; x_wconf 89' lang='lat' dir='ltr'><strong>matrem</strong></span> <span class='ocrx_word' id='word_1_193' title='bbox 1599 2661 1720 2701; x_wconf 90' lang='lat' dir='ltr'><strong>esse</strong></span> <span class='ocrx_word' id='word_1_194' title='bbox 1747 2645 1979 2700; x_wconf 89' lang='lat' dir='ltr'><strong>voluerit</strong></span> <span class='ocrx_word' id='word_1_195' title='bbox 2000 2644 2142 2699; x_wconf 88' lang='lat' dir='ltr'><strong>Deus</strong></span> 
     </span>
    </p>
   </div>
   <div class='ocr_carea' id='block_1_30' title="bbox 567 2721 2143 2806">
    <p class='ocr_par' dir='ltr' id='par_1_30' title="bbox 567 2721 2143 2806">
     <span class='ocr_line' id='line_1_30' title="bbox 567 2721 2143 2806; baseline 0.004 -22"><span class='ocrx_word' id='word_1_196' title='bbox 567 2721 830 2788; x_wconf 81' lang='lat' dir='ltr'><strong>exsistens</strong></span> <span class='ocrx_word' id='word_1_197' title='bbox 858 2731 1238 2799; x_wconf 84' lang='lat' dir='ltr'><strong>Verbum,non</strong></span> <span class='ocrx_word' id='word_1_198' title='bbox 1272 2735 1428 2790; x_wconf 80' lang='lat' dir='ltr'><strong>facile</strong></span> <span class='ocrx_word' id='word_1_199' title='bbox 1455 2736 1710 2798; x_wconf 83' lang='lat' dir='ltr'><strong>dixerim.</strong></span> <span class='ocrx_word' id='word_1_200' title='bbox 1738 2735 1976 2806; x_wconf 87' lang='lat' dir='ltr'><strong>Tametsi</strong></span> <span class='ocrx_word' id='word_1_201' title='bbox 2005 2751 2143 2806; x_wconf 87' lang='lat' dir='ltr'><strong>quo-</strong></span> 
     </span>
    </p>
   </div>
   <div class='ocr_carea' id='block_1_31' title="bbox 567 2811 2142 2905">
    <p class='ocr_par' dir='ltr' id='par_1_31' title="bbox 567 2811 2142 2905">
     <span class='ocr_line' id='line_1_31' title="bbox 567 2811 2142 2905; baseline 0.006 -33"><span class='ocrx_word' id='word_1_202' title='bbox 567 2825 726 2887; x_wconf 80' lang='lat' dir='ltr'><strong>modo</strong></span> <span class='ocrx_word' id='word_1_203' title='bbox 753 2839 856 2878; x_wconf 90' lang='lat' dir='ltr'><strong>non</strong></span> <span class='ocrx_word' id='word_1_204' title='bbox 888 2826 1058 2881; x_wconf 89' lang='lat' dir='ltr'><strong>cuivis</strong></span> <span class='ocrx_word' id='word_1_205' title='bbox 1089 2827 1371 2905; x_wconf 82' lang='lat' dir='ltr'><strong>manifesta</strong></span> <span class='ocrx_word' id='word_1_206' title='bbox 1410 2811 1576 2893; x_wconf 79' lang='lat' dir='ltr'><strong>fuerit</strong></span> <span class='ocrx_word' id='word_1_207' title='bbox 1607 2827 1722 2895; x_wconf 79' lang='lat' dir='ltr'><strong>ejus</strong></span> <span class='ocrx_word' id='word_1_208' title='bbox 1775 2827 1849 2881; x_wconf 88' lang='lat' dir='ltr'><strong>rei</strong></span> <span class='ocrx_word' id='word_1_209' title='bbox 1903 2828 2142 2894; x_wconf 83' lang='lat' dir='ltr'><strong>occasio,</strong></span> 
     </span>
    </p>
   </div>
   <div class='ocr_carea' id='block_1_32' title="bbox 567 2914 2145 2985">
    <p class='ocr_par' dir='ltr' id='par_1_32' title="bbox 567 2914 2145 2985">
     <span class='ocr_line' id='line_1_32' title="bbox 567 2914 2145 2985; baseline 0.004 -19"><span class='ocrx_word' id='word_1_210' title='bbox 567 2914 692 2967; x_wconf 89' lang='lat' dir='ltr'><strong>illud</strong></span> <span class='ocrx_word' id='word_1_211' title='bbox 719 2917 1126 2972; x_wconf 79' lang='lat' dir='ltr'><strong>consideranti?</strong></span> <span class='ocrx_word' id='word_1_212' title='bbox 1162 2919 1450 2974; x_wconf 86' lang='lat' dir='ltr'><strong>Descendit</strong></span> <span class='ocrx_word' id='word_1_213' title='bbox 1481 2921 1646 2985; x_wconf 88' lang='lat' dir='ltr'><strong>enim,</strong></span> <span class='ocrx_word' id='word_1_214' title='bbox 1691 2920 1804 2984; x_wconf 77' lang='lat' dir='ltr'><strong>sive</strong></span> <span class='ocrx_word' id='word_1_215' title='bbox 1865 2919 2025 2980; x_wconf 87' lang='lat' dir='ltr'><strong>homo</strong></span> <span class='ocrx_word' id='word_1_216' title='bbox 2065 2919 2145 2973; x_wconf 86' lang='lat' dir='ltr'><strong>l‘a-</strong></span> 
     </span>
    </p>
   </div>
   <div class='ocr_carea' id='block_1_33' title="bbox 570 3007 2210 3108">
    <p class='ocr_par' dir='ltr' id='par_1_33' title="bbox 570 3007 2210 3108">
     <span class='ocr_line' id='line_1_33' title="bbox 570 3007 2210 3108; baseline 0.006 -49"><span class='ocrx_word' id='word_1_217' title='bbox 570 3014 685 3060; x_wconf 85' lang='lat' dir='ltr'><strong>elus</strong></span> <span class='ocrx_word' id='word_1_218' title='bbox 710 3017 794 3064; x_wconf 86' lang='lat' dir='ltr'><strong>est</strong></span> <span class='ocrx_word' id='word_1_219' title='bbox 840 3007 1030 3090; x_wconf 66' lang='lat' dir='ltr'><strong>Filius,</strong></span> <span class='ocrx_word' id='word_1_220' title='bbox 1078 3011 1483 3067; x_wconf 91' lang='lat' dir='ltr'><strong>instauraturus</strong></span> <span class='ocrx_word' id='word_1_221' title='bbox 1539 3023 1720 3066; x_wconf 88' lang='lat' dir='ltr'><strong>nostra</strong></span> <span class='ocrx_word' id='word_1_222' title='bbox 1774 3022 2028 3089; x_wconf 80' lang='lat' dir='ltr'><strong>tanquam</strong></span> <span class='ocrx_word' id='word_1_223' title='bbox 2087 3014 2210 3108; x_wconf 72' lang='lat' dir='ltr'><strong>inc</strong></span> 
     </span>
    </p>
   </div>
   <div class='ocr_carea' id='block_1_34' title="bbox 571 3097 2182 3173">
    <p class='ocr_par' dir='ltr' id='par_1_34' title="bbox 571 3097 2182 3173">
     <span class='ocr_line' id='line_1_34' title="bbox 571 3097 2182 3173; baseline 0.001 -19"><span class='ocrx_word' id='word_1_224' title='bbox 571 3097 782 3167; x_wconf 66' lang='lat' dir='ltr'><strong>seipso;</strong></span> <span class='ocrx_word' id='word_1_225' title='bbox 827 3115 889 3155; x_wconf 93' lang='lat' dir='ltr'><strong>ac</strong></span> <span class='ocrx_word' id='word_1_226' title='bbox 919 3102 1154 3170; x_wconf 87' lang='lat' dir='ltr'><strong>primum</strong></span> <span class='ocrx_word' id='word_1_227' title='bbox 1205 3105 1422 3173; x_wconf 87' lang='lat' dir='ltr'><strong>quidem</strong></span> <span class='ocrx_word' id='word_1_228' title='bbox 1487 3103 1539 3160; x_wconf 90' lang='lat' dir='ltr'><strong>in</strong></span> <span class='ocrx_word' id='word_1_229' title='bbox 1576 3114 1816 3158; x_wconf 89' lang='lat' dir='ltr'><strong>sanctam</strong></span> <span class='ocrx_word' id='word_1_230' title='bbox 1851 3103 2140 3172; x_wconf 83' lang='lat' dir='ltr'><strong>quamdam</strong></span> <span class='ocrx_word' id='word_1_231' title='bbox 2175 3097 2182 3117; x_wconf 46' lang='grc' dir='ltr'><strong><em>τ</em></strong></span> 
     </span>
    </p>
   </div>
   <div class='ocr_carea' id='block_1_35' title="bbox 571 3191 2142 3258">
    <p class='ocr_par' dir='ltr' id='par_1_35' title="bbox 571 3191 2142 3258">
     <span class='ocr_line' id='line_1_35' title="bbox 571 3191 2142 3258; baseline 0.003 -14"><span class='ocrx_word' id='word_1_232' title='bbox 571 3197 732 3258; x_wconf 81' lang='lat' dir='ltr'><strong>atque</strong></span> <span class='ocrx_word' id='word_1_233' title='bbox 765 3191 1136 3248; x_wconf 86' lang='lat' dir='ltr'><strong>admirabilem</strong></span> <span class='ocrx_word' id='word_1_234' title='bbox 1209 3196 1543 3249; x_wconf 84' lang='lat' dir='ltr'><strong>nativitatem</strong></span> <span class='ocrx_word' id='word_1_235' title='bbox 1595 3205 1648 3250; x_wconf 88' lang='lat' dir='ltr'><strong>et</strong></span> <span class='ocrx_word' id='word_1_236' title='bbox 1702 3197 1890 3248; x_wconf 86' lang='lat' dir='ltr'><strong>vitam.</strong></span> <span class='ocrx_word' id='word_1_237' title='bbox 1941 3195 2142 3250; x_wconf 88' lang='lat' dir='ltr'><strong>Factus</strong></span> 
     </span>
    </p>
   </div>
   <div class='ocr_carea' id='block_1_36' title="bbox 570 3284 2143 3356">
    <p class='ocr_par' dir='ltr' id='par_1_36' title="bbox 570 3284 2143 3356">
     <span class='ocr_line' id='line_1_36' title="bbox 570 3284 2143 3356; baseline 0.003 -21"><span class='ocrx_word' id='word_1_238' title='bbox 570 3293 752 3336; x_wconf 85' lang='lat' dir='ltr'><strong>autem</strong></span> <span class='ocrx_word' id='word_1_239' title='bbox 783 3291 865 3342; x_wconf 85' lang='lat' dir='ltr'><strong>est</strong></span> <span class='ocrx_word' id='word_1_240' title='bbox 890 3285 1050 3339; x_wconf 90' lang='lat' dir='ltr'><strong>etiam</strong></span> <span class='ocrx_word' id='word_1_241' title='bbox 1081 3286 1288 3356; x_wconf 85' lang='lat' dir='ltr'><strong>primus</strong></span> <span class='ocrx_word' id='word_1_242' title='bbox 1316 3289 1428 3356; x_wconf 89' lang='lat' dir='ltr'><strong>ipse</strong></span> <span class='ocrx_word' id='word_1_243' title='bbox 1469 3295 1631 3340; x_wconf 87' lang='lat' dir='ltr'><strong>natus</strong></span> <span class='ocrx_word' id='word_1_244' title='bbox 1672 3299 1735 3339; x_wconf 82' lang='lat' dir='ltr'><strong>ex</strong></span> <span class='ocrx_word' id='word_1_245' title='bbox 1788 3284 1993 3353; x_wconf 88' lang='lat' dir='ltr'><strong>Spiritu</strong></span> <span class='ocrx_word' id='word_1_246' title='bbox 2036 3285 2143 3356; x_wconf 46' lang='lat' dir='ltr'><strong>(se:</strong></span> 
     </span>
    </p>
   </div>
   <div class='ocr_carea' id='block_1_37' title="bbox 568 3373 2141 3446">
    <p class='ocr_par' dir='ltr' id='par_1_37' title="bbox 568 3373 2141 3446">
     <span class='ocr_line' id='line_1_37' title="bbox 568 3373 2141 3446; baseline -0.001 -21"><span class='ocrx_word' id='word_1_247' title='bbox 568 3375 802 3427; x_wconf 87' lang='lat' dir='ltr'><strong>cundum</strong></span> <span class='ocrx_word' id='word_1_248' title='bbox 849 3390 1069 3431; x_wconf 79' lang='lat' dir='ltr'><strong>carnem</strong></span> <span class='ocrx_word' id='word_1_249' title='bbox 1133 3376 1396 3446; x_wconf 85' lang='lat' dir='ltr'><strong>inquam),</strong></span> <span class='ocrx_word' id='word_1_250' title='bbox 1455 3385 1513 3430; x_wconf 88' lang='lat' dir='ltr'><strong>ut</strong></span> <span class='ocrx_word' id='word_1_251' title='bbox 1581 3377 1683 3429; x_wconf 88' lang='lat' dir='ltr'><strong>hac</strong></span> <span class='ocrx_word' id='word_1_252' title='bbox 1749 3383 2002 3441; x_wconf 85' lang='lat' dir='ltr'><strong>tanquam</strong></span> <span class='ocrx_word' id='word_1_253' title='bbox 2057 3373 2141 3446; x_wconf 79' lang='lat' dir='ltr'><strong>\‘ia</strong></span> 
     </span>
    </p>
   </div>
   <div class='ocr_carea' id='block_1_38' title="bbox 569 3464 2143 3535">
    <p class='ocr_par' dir='ltr' id='par_1_38' title="bbox 569 3464 2143 3535">
     <span class='ocr_line' id='line_1_38' title="bbox 569 3464 2143 3535; baseline 0.001 -20"><span class='ocrx_word' id='word_1_254' title='bbox 569 3464 808 3516; x_wconf 86' lang='lat' dir='ltr'><strong>etiamin</strong></span> <span class='ocrx_word' id='word_1_255' title='bbox 836 3480 933 3519; x_wconf 88' lang='lat' dir='ltr'><strong>nos</strong></span> <span class='ocrx_word' id='word_1_256' title='bbox 971 3466 1124 3531; x_wconf 86' lang='lat' dir='ltr'><strong>ipsos</strong></span> <span class='ocrx_word' id='word_1_257' title='bbox 1176 3475 1490 3520; x_wconf 87' lang='lat' dir='ltr'><strong>transeunte</strong></span> <span class='ocrx_word' id='word_1_258' title='bbox 1519 3465 1712 3535; x_wconf 83' lang='lat' dir='ltr'><strong>gratia,</strong></span> <span class='ocrx_word' id='word_1_259' title='bbox 1743 3479 1847 3518; x_wconf 90' lang='lat' dir='ltr'><strong>non</strong></span> <span class='ocrx_word' id='word_1_260' title='bbox 1906 3480 1971 3525; x_wconf 75' lang='lat' dir='ltr'><strong>ex</strong></span> <span class='ocrx_word' id='word_1_261' title='bbox 2013 3478 2143 3517; x_wconf 83' lang='lat' dir='ltr'><strong>sau-</strong></span> 
     </span>
    </p>
   </div>
   <div class='ocr_carea' id='block_1_39' title="bbox 577 3537 2144 3623">
    <p class='ocr_par' dir='ltr' id='par_1_39' title="bbox 577 3537 2144 3623">
     <span class='ocr_line' id='line_1_39' title="bbox 577 3537 2144 3623; baseline 0.001 -19"><span class='ocrx_word' id='word_1_262' title='bbox 577 3553 1032 3623; x_wconf 82' lang='lat' dir='ltr'><strong>guinibus,neque</strong></span> <span class='ocrx_word' id='word_1_263' title='bbox 1060 3570 1124 3608; x_wconf 80' lang='lat' dir='ltr'><strong>ex</strong></span> <span class='ocrx_word' id='word_1_264' title='bbox 1156 3557 1426 3610; x_wconf 77' lang='lat' dir='ltr'><strong>voluntate</strong></span> <span class='ocrx_word' id='word_1_265' title='bbox 1449 3557 1648 3620; x_wconf 85' lang='lat' dir='ltr'><strong>carnis,</strong></span> <span class='ocrx_word' id='word_1_266' title='bbox 1675 3569 1927 3623; x_wconf 82' lang='lat' dir='ltr'><strong>uequcex</strong></span> <span class='ocrx_word' id='word_1_267' title='bbox 1951 3537 2144 3609; x_wconf 85' lang='lat' dir='ltr'><strong>volun-</strong></span> 
     </span>
    </p>
   </div>
   <div class='ocr_carea' id='block_1_40' title="bbox 573 3644 2138 3716">
    <p class='ocr_par' dir='ltr' id='par_1_40' title="bbox 573 3644 2138 3716">
     <span class='ocr_line' id='line_1_40' title="bbox 573 3644 2138 3716; baseline 0.002 -21"><span class='ocrx_word' id='word_1_268' title='bbox 573 3653 680 3707; x_wconf 80' lang='lat' dir='ltr'><strong>tate</strong></span> <span class='ocrx_word' id='word_1_269' title='bbox 711 3644 830 3709; x_wconf 91' lang='lat' dir='ltr'><strong>viri,</strong></span> <span class='ocrx_word' id='word_1_270' title='bbox 853 3646 946 3699; x_wconf 90' lang='lat' dir='ltr'><strong>sed</strong></span> <span class='ocrx_word' id='word_1_271' title='bbox 982 3661 1046 3699; x_wconf 80' lang='lat' dir='ltr'><strong>ex</strong></span> <span class='ocrx_word' id='word_1_272' title='bbox 1080 3645 1185 3699; x_wconf 89' lang='lat' dir='ltr'><strong>Deo</strong></span> <span class='ocrx_word' id='word_1_273' title='bbox 1222 3661 1318 3714; x_wconf 90' lang='lat' dir='ltr'><strong>per</strong></span> <span class='ocrx_word' id='word_1_274' title='bbox 1349 3647 1608 3708; x_wconf 88' lang='lat' dir='ltr'><strong>Spiritum</strong></span> <span class='ocrx_word' id='word_1_275' title='bbox 1670 3647 2138 3716; x_wconf 80' lang='lat' dir='ltr'><strong>regenerationem</strong></span> 
     </span>
    </p>
   </div>
   <div class='ocr_carea' id='block_1_41' title="bbox 572 3735 2146 3805">
    <p class='ocr_par' dir='ltr' id='par_1_41' title="bbox 572 3735 2146 3805">
     <span class='ocr_line' id='line_1_41' title="bbox 572 3735 2146 3805; baseline 0.003 -19"><span class='ocrx_word' id='word_1_276' title='bbox 572 3735 988 3790; x_wconf 87' lang='lat' dir='ltr'><strong>intellectualem</strong></span> <span class='ocrx_word' id='word_1_277' title='bbox 1031 3737 1308 3792; x_wconf 89' lang='lat' dir='ltr'><strong>consecuti</strong></span> <span class='ocrx_word' id='word_1_278' title='bbox 1341 3738 1403 3804; x_wconf 79' lang='grc'><strong>⁸³,</strong></span> <span class='ocrx_word' id='word_1_279' title='bbox 1433 3746 1496 3805; x_wconf 85' lang='lat' dir='ltr'><strong>et</strong></span> <span class='ocrx_word' id='word_1_280' title='bbox 1548 3736 1980 3791; x_wconf 80' lang='lat' dir='ltr'><strong>conformilatcm</strong></span> <span class='ocrx_word' id='word_1_281' title='bbox 2043 3736 2146 3805; x_wconf 90' lang='lat' dir='ltr'><strong>spi-</strong></span> 
     </span>
    </p>
   </div>
   <div class='ocr_carea' id='block_1_42' title="bbox 574 3804 2143 3899">
    <p class='ocr_par' dir='ltr' id='par_1_42' title="bbox 574 3804 2143 3899">
     <span class='ocr_line' id='line_1_42' title="bbox 574 3804 2143 3899; baseline -0.001 -18"><span class='ocrx_word' id='word_1_282' title='bbox 574 3827 818 3882; x_wconf 85' lang='lat' dir='ltr'><strong>ritualem</strong></span> <span class='ocrx_word' id='word_1_283' title='bbox 843 3845 963 3884; x_wconf 89' lang='lat' dir='ltr'><strong>eum</strong></span> <span class='ocrx_word' id='word_1_284' title='bbox 994 3846 1059 3885; x_wconf 91' lang='lat' dir='ltr'><strong>eo</strong></span> <span class='ocrx_word' id='word_1_285' title='bbox 1087 3829 1178 3899; x_wconf 87' lang='lat' dir='ltr'><strong>qui</strong></span> <span class='ocrx_word' id='word_1_286' title='bbox 1221 3804 1510 3884; x_wconf 50' lang='lat' dir='ltr'><strong>natura/ac</strong></span> <span class='ocrx_word' id='word_1_287' title='bbox 1535 3844 1661 3883; x_wconf 87' lang='lat' dir='ltr'><strong>vere</strong></span> <span class='ocrx_word' id='word_1_288' title='bbox 1690 3827 1957 3883; x_wconf 85' lang='lat' dir='ltr'><strong>estFilius</strong></span> <span class='ocrx_word' id='word_1_289' title='bbox 1981 3827 2143 3896; x_wconf 88' lang='lat' dir='ltr'><strong>adep-</strong></span> 
     </span>
    </p>
   </div>
   <div class='ocr_carea' id='block_1_43' title="bbox 573 3919 2144 3998">
    <p class='ocr_par' dir='ltr' id='par_1_43' title="bbox 573 3919 2144 3998">
     <span class='ocr_line' id='line_1_43' title="bbox 573 3919 2144 3998; baseline 0.001 -27"><span class='ocrx_word' id='word_1_290' title='bbox 573 3921 633 3998; x_wconf 83' lang='lat' dir='ltr'><strong>ti,</strong></span> <span class='ocrx_word' id='word_1_291' title='bbox 665 3919 831 3974; x_wconf 90' lang='lat' dir='ltr'><strong>Deum</strong></span> <span class='ocrx_word' id='word_1_292' title='bbox 889 3936 1145 3975; x_wconf 85' lang='lat' dir='ltr'><strong>vocemus</strong></span> <span class='ocrx_word' id='word_1_293' title='bbox 1167 3921 1415 3982; x_wconf 86' lang='lat' dir='ltr'><strong>Patrem,</strong></span> <span class='ocrx_word' id='word_1_294' title='bbox 1451 3929 1612 3990; x_wconf 90' lang='lat' dir='ltr'><strong>atque</strong></span> <span class='ocrx_word' id='word_1_295' title='bbox 1636 3921 1707 3974; x_wconf 92' lang='lat' dir='ltr'><strong>ita</strong></span> <span class='ocrx_word' id='word_1_296' title='bbox 1761 3919 2144 3988; x_wconf 84' lang='lat' dir='ltr'><strong>incorruptibi-</strong></span> 
     </span>
    </p>
   </div>
   <div class='ocr_carea' id='block_1_44' title="bbox 571 4011 2138 4083">
    <p class='ocr_par' dir='ltr' id='par_1_44' title="bbox 571 4011 2138 4083">
     <span class='ocr_line' id='line_1_44' title="bbox 571 4011 2138 4083; baseline -0.001 -19"><span class='ocrx_word' id='word_1_297' title='bbox 571 4013 646 4066; x_wconf 93' lang='lat' dir='ltr'><strong>les</strong></span> <span class='ocrx_word' id='word_1_298' title='bbox 673 4027 1116 4083; x_wconf 88' lang='lat' dir='ltr'><strong>permaneamus;</strong></span> <span class='ocrx_word' id='word_1_299' title='bbox 1146 4011 1380 4081; x_wconf 83' lang='lat' dir='ltr'><strong>uonjam</strong></span> <span class='ocrx_word' id='word_1_300' title='bbox 1411 4013 1640 4082; x_wconf 87' lang='lat' dir='ltr'><strong>amplius</strong></span> <span class='ocrx_word' id='word_1_301' title='bbox 1703 4013 1934 4082; x_wconf 87' lang='lat' dir='ltr'><strong>priorem</strong></span> <span class='ocrx_word' id='word_1_302' title='bbox 1971 4011 2138 4076; x_wconf 89' lang='lat' dir='ltr'><strong>illum,</strong></span> 
     </span>
    </p>
   </div>
   <div class='ocr_carea' id='block_1_45' title="bbox 571 4106 2143 4176">
    <p class='ocr_par' dir='ltr' id='par_1_45' title="bbox 571 4106 2143 4176">
     <span class='ocr_line' id='line_1_45' title="bbox 571 4106 2143 4176; baseline -0.001 -16"><span class='ocrx_word' id='word_1_303' title='bbox 571 4107 672 4160; x_wconf 88' lang='lat' dir='ltr'><strong>huc</strong></span> <span class='ocrx_word' id='word_1_304' title='bbox 707 4114 810 4168; x_wconf 84' lang='lat' dir='ltr'><strong>est,</strong></span> <span class='ocrx_word' id='word_1_305' title='bbox 841 4107 1103 4160; x_wconf 85' lang='lat' dir='ltr'><strong>Adamum</strong></span> <span class='ocrx_word' id='word_1_306' title='bbox 1131 4116 1337 4176; x_wconf 85' lang='lat' dir='ltr'><strong>patrem</strong></span> <span class='ocrx_word' id='word_1_307' title='bbox 1375 4106 1655 4167; x_wconf 87' lang='lat' dir='ltr'><strong>habentes,</strong></span> <span class='ocrx_word' id='word_1_308' title='bbox 1693 4107 1745 4158; x_wconf 87' lang='lat' dir='ltr'><strong>iu</strong></span> <span class='ocrx_word' id='word_1_309' title='bbox 1798 4120 1904 4174; x_wconf 85' lang='lat' dir='ltr'><strong>quo</strong></span> <span class='ocrx_word' id='word_1_310' title='bbox 1945 4115 1997 4159; x_wconf 92' lang='lat' dir='ltr'><strong>et</strong></span> <span class='ocrx_word' id='word_1_311' title='bbox 2021 4120 2143 4158; x_wconf 86' lang='lat' dir='ltr'><strong>cor-</strong></span> 
     </span>
    </p>
   </div>
   <div class='ocr_carea' id='block_1_46' title="bbox 571 4196 2145 4268">
    <p class='ocr_par' dir='ltr' id='par_1_46' title="bbox 571 4196 2145 4268">
     <span class='ocr_line' id='line_1_46' title="bbox 571 4196 2145 4268; baseline -0.001 -18"><span class='ocrx_word' id='word_1_312' title='bbox 571 4200 713 4268; x_wconf 87' lang='lat' dir='ltr'><strong>rupti</strong></span> <span class='ocrx_word' id='word_1_313' title='bbox 747 4213 983 4254; x_wconf 89' lang='lat' dir='ltr'><strong>eramus.</strong></span> <span class='ocrx_word' id='word_1_314' title='bbox 1009 4197 1214 4254; x_wconf 84' lang='lat' dir='ltr'><strong>Idcirco</strong></span> <span class='ocrx_word' id='word_1_315' title='bbox 1239 4207 1288 4250; x_wconf 90' lang='lat' dir='ltr'><strong>et</strong></span> <span class='ocrx_word' id='word_1_316' title='bbox 1317 4197 1563 4250; x_wconf 85' lang='lat' dir='ltr'><strong>Christus</strong></span> <span class='ocrx_word' id='word_1_317' title='bbox 1592 4197 1788 4264; x_wconf 86' lang='lat' dir='ltr'><strong>inquit,</strong></span> <span class='ocrx_word' id='word_1_318' title='bbox 1840 4196 1965 4250; x_wconf 87' lang='lat' dir='ltr'><strong>alibi</strong></span> <span class='ocrx_word' id='word_1_319' title='bbox 2025 4197 2145 4264; x_wconf 91' lang='lat' dir='ltr'><strong>qui-</strong></span> 
     </span>
    </p>
   </div>
   <div class='ocr_carea' id='block_1_47' title="bbox 567 4286 2144 4355">
    <p class='ocr_par' dir='ltr' id='par_1_47' title="bbox 567 4286 2144 4355">
     <span class='ocr_line' id='line_1_47' title="bbox 567 4286 2144 4355; baseline 0 -14"><span class='ocrx_word' id='word_1_320' title='bbox 567 4293 688 4343; x_wconf 88' lang='lat' dir='ltr'><strong>dem</strong></span> <span class='ocrx_word' id='word_1_321' title='bbox 720 4304 732 4342; x_wconf 91' lang='lat'>:</span> <span class='ocrx_word' id='word_1_322' title='bbox 773 4307 791 4338; x_wconf 76' lang='lat' dir='ltr'><strong>r</strong></span> <span class='ocrx_word' id='word_1_323' title='bbox 833 4287 1010 4340; x_wconf 79' lang='lat' dir='ltr'><strong>Nolite</strong></span> <span class='ocrx_word' id='word_1_324' title='bbox 1025 4301 1215 4339; x_wconf 82' lang='lat' dir='ltr'><strong>vocare</strong></span> <span class='ocrx_word' id='word_1_325' title='bbox 1233 4296 1439 4355; x_wconf 85' lang='lat' dir='ltr'><strong>patrem</strong></span> <span class='ocrx_word' id='word_1_326' title='bbox 1463 4297 1697 4340; x_wconf 81' lang='lat' dir='ltr'><strong>vestrum</strong></span> <span class='ocrx_word' id='word_1_327' title='bbox 1727 4286 1777 4338; x_wconf 92' lang='lat' dir='ltr'><strong>in</strong></span> <span class='ocrx_word' id='word_1_328' title='bbox 1812 4287 2144 4341; x_wconf 86' lang='lat' dir='ltr'><strong>terris.Unus</strong></span> 
     </span>
    </p>
   </div>
   <div class='ocr_carea' id='block_1_48' title="bbox 568 4341 2143 4443">
    <p class='ocr_par' dir='ltr' id='par_1_48' title="bbox 568 4376 2141 4443">
     <span class='ocr_line' id='line_1_48' title="bbox 568 4376 2141 4443; baseline -0.002 -8"><span class='ocrx_word' id='word_1_329' title='bbox 568 4381 713 4435; x_wconf 84' lang='lat' dir='ltr'><strong>enim</strong></span> <span class='ocrx_word' id='word_1_330' title='bbox 763 4388 845 4432; x_wconf 89' lang='lat' dir='ltr'><strong>est</strong></span> <span class='ocrx_word' id='word_1_331' title='bbox 870 4376 1032 4432; x_wconf 91' lang='lat' dir='ltr'><strong>Pater</strong></span> <span class='ocrx_word' id='word_1_332' title='bbox 1079 4385 1259 4430; x_wconf 86' lang='lat' dir='ltr'><strong>vester</strong></span> <span class='ocrx_word' id='word_1_333' title='bbox 1296 4376 1350 4428; x_wconf 91' lang='lat' dir='ltr'><strong>in</strong></span> <span class='ocrx_word' id='word_1_334' title='bbox 1381 4377 1622 4443; x_wconf 71' lang='lat' dir='ltr'><strong>caelis“,</strong></span> <span class='ocrx_word' id='word_1_335' title='bbox 1660 4396 1678 4428; x_wconf 76' lang='grc' dir='ltr'><strong>ι</strong></span> <span class='ocrx_word' id='word_1_336' title='bbox 1714 4377 1838 4430; x_wconf 89' lang='lat' dir='ltr'><strong>alibi</strong></span> <span class='ocrx_word' id='word_1_337' title='bbox 1883 4393 2030 4441; x_wconf 88' lang='lat' dir='ltr'><strong>vero,</strong></span> <span class='ocrx_word' id='word_1_338' title='bbox 2083 4387 2141 4432; x_wconf 90' lang='lat' dir='ltr'><strong>ut</strong></span> 
     </span>
    </p>
   </div>
   <div class='ocr_carea' id='block_1_49' title="bbox 2177 4341 3597 4443">
    <p class='ocr_par' dir='ltr' id='par_1_49' title="bbox 2177 4341 3597 4443">
     <span class='ocr_line' id='line_1_49' title="bbox 2177 4341 3597 4443; baseline -0.017 -25"><span class='ocrx_word' id='word_1_339' title='bbox 2177 4385 2218 4438; x_wconf 78' lang='grc' dir='ltr'><strong>ι)</strong></span> <span class='ocrx_word' id='word_1_340' title='bbox 2251 4365 2278 4416; x_wconf 84' lang='grc' dir='ltr'>ὁ</span> <span class='ocrx_word' id='word_1_341' title='bbox 2296 4341 2486 4432; x_wconf 80' lang='grc' dir='ltr'>Πατὴρ</span> <span class='ocrx_word' id='word_1_342' title='bbox 2520 4359 2674 4431; x_wconf 83' lang='grc' dir='ltr'>ὑμῶν</span> <span class='ocrx_word' id='word_1_343' title='bbox 2692 4359 2718 4408; x_wconf 86' lang='grc' dir='ltr'>ὁ</span> <span class='ocrx_word' id='word_1_344' title='bbox 2738 4356 2923 4416; x_wconf 75' lang='grc' dir='ltr'>ἐντοῖς</span> <span class='ocrx_word' id='word_1_345' title='bbox 2944 4351 3210 4422; x_wconf 73' lang='grc' dir='ltr'>οὐρανοῖς.</span> <span class='ocrx_word' id='word_1_346' title='bbox 3230 4369 3247 4404; x_wconf 66' lang='grc' dir='ltr'><strong>ι</strong></span> <span class='ocrx_word' id='word_1_347' title='bbox 3266 4350 3346 4419; x_wconf 86' lang='grc' dir='ltr'><strong>1Ιῆ</strong></span> <span class='ocrx_word' id='word_1_348' title='bbox 3369 4348 3422 4400; x_wconf 75' lang='grc' dir='ltr'>δὲ</span> <span class='ocrx_word' id='word_1_349' title='bbox 3440 4341 3597 4443; x_wconf 33' lang='lat' dir='ltr'><strong>emo;</strong></span> 
     </span>
    </p>
   </div>
   <div class='ocr_carea' id='block_1_50' title="bbox 570 4465 2143 4541">
    <p class='ocr_par' dir='ltr' id='par_1_50' title="bbox 570 4465 2143 4541">
     <span class='ocr_line' id='line_1_50' title="bbox 570 4465 2143 4541; baseline 0.002 -23"><span class='ocrx_word' id='word_1_350' title='bbox 570 4468 657 4536; x_wconf 79' lang='lat' dir='ltr'><strong>qui</strong></span> <span class='ocrx_word' id='word_1_351' title='bbox 694 4468 892 4522; x_wconf 76' lang='lat' dir='ltr'><strong>ideirco</strong></span> <span class='ocrx_word' id='word_1_352' title='bbox 917 4467 983 4522; x_wconf 89' lang='lat' dir='ltr'><strong>ad</strong></span> <span class='ocrx_word' id='word_1_353' title='bbox 1013 4480 1108 4541; x_wconf 83' lang='lat' dir='ltr'><strong>nos</strong></span> <span class='ocrx_word' id='word_1_354' title='bbox 1135 4465 1434 4532; x_wconf 86' lang='lat' dir='ltr'><strong>descendit,</strong></span> <span class='ocrx_word' id='word_1_355' title='bbox 1479 4476 1536 4520; x_wconf 93' lang='lat' dir='ltr'><strong>ut</strong></span> <span class='ocrx_word' id='word_1_356' title='bbox 1589 4483 1687 4521; x_wconf 91' lang='lat' dir='ltr'><strong>nos</strong></span> <span class='ocrx_word' id='word_1_357' title='bbox 1735 4467 2029 4521; x_wconf 81' lang='lat' dir='ltr'><strong>transferat</strong></span> <span class='ocrx_word' id='word_1_358' title='bbox 2077 4468 2143 4522; x_wconf 88' lang='lat' dir='ltr'><strong>ad</strong></span> 
     </span>
    </p>
   </div>
   <div class='ocr_carea' id='block_1_51' title="bbox 569 4556 2145 4628">
    <p class='ocr_par' dir='ltr' id='par_1_51' title="bbox 569 4556 2145 4628">
     <span class='ocr_line' id='line_1_51' title="bbox 569 4556 2145 4628; baseline 0.001 -18"><span class='ocrx_word' id='word_1_359' title='bbox 569 4558 838 4628; x_wconf 84' lang='lat' dir='ltr'><strong>propriam</strong></span> <span class='ocrx_word' id='word_1_360' title='bbox 865 4573 1020 4613; x_wconf 89' lang='lat' dir='ltr'><strong>suam</strong></span> <span class='ocrx_word' id='word_1_361' title='bbox 1051 4570 1113 4610; x_wconf 88' lang='lat' dir='ltr'><strong>ac</strong></span> <span class='ocrx_word' id='word_1_362' title='bbox 1136 4556 1376 4609; x_wconf 87' lang='lat' dir='ltr'><strong>divinam</strong></span> <span class='ocrx_word' id='word_1_363' title='bbox 1428 4556 1740 4626; x_wconf 77' lang='lat' dir='ltr'><strong>dignitatem</strong></span> <span class='ocrx_word' id='word_1_364' title='bbox 1771 4575 1782 4609; x_wconf 93' lang='lat'><strong>:</strong></span> <span class='ocrx_word' id='word_1_365' title='bbox 1812 4576 1829 4608; x_wconf 79' lang='grc' dir='ltr'>ι</span> <span class='ocrx_word' id='word_1_366' title='bbox 1882 4556 2030 4612; x_wconf 81' lang='lat' dir='ltr'><strong>Vado</strong></span> <span class='ocrx_word' id='word_1_367' title='bbox 2077 4557 2145 4612; x_wconf 87' lang='lat' dir='ltr'><strong>ad</strong></span> 
     </span>
    </p>
   </div>
   <div class='ocr_carea' id='block_1_52' title="bbox 570 4648 2143 4715">
    <p class='ocr_par' dir='ltr' id='par_1_52' title="bbox 570 4648 2143 4715">
     <span class='ocr_line' id='line_1_52' title="bbox 570 4648 2143 4715; baseline -0.003 -9"><span class='ocrx_word' id='word_1_368' title='bbox 570 4651 780 4706; x_wconf 77' lang='lat' dir='ltr'><strong>Patrem</strong></span> <span class='ocrx_word' id='word_1_369' title='bbox 818 4667 1014 4715; x_wconf 86' lang='lat' dir='ltr'><strong>meum,</strong></span> <span class='ocrx_word' id='word_1_370' title='bbox 1045 4659 1096 4706; x_wconf 90' lang='lat' dir='ltr'><strong>et</strong></span> <span class='ocrx_word' id='word_1_371' title='bbox 1131 4648 1343 4703; x_wconf 89' lang='lat' dir='ltr'><strong>Patrem</strong></span> <span class='ocrx_word' id='word_1_372' title='bbox 1379 4658 1614 4705; x_wconf 87' lang='lat' dir='ltr'><strong>vestrum</strong></span> <span class='ocrx_word' id='word_1_373' title='bbox 1644 4690 1656 4713; x_wconf 87' lang='lat'><strong>,</strong></span> <span class='ocrx_word' id='word_1_374' title='bbox 1687 4659 1740 4704; x_wconf 91' lang='lat' dir='ltr'><strong>et</strong></span> <span class='ocrx_word' id='word_1_375' title='bbox 1773 4649 1936 4705; x_wconf 89' lang='lat' dir='ltr'><strong>Deum</strong></span> <span class='ocrx_word' id='word_1_376' title='bbox 1967 4665 2143 4704; x_wconf 89' lang='lat' dir='ltr'><strong>meum</strong></span> 
     </span>
    </p>
   </div>
   <div class='ocr_carea' id='block_1_53' title="bbox 568 4741 2144 4812">
    <p class='ocr_par' dir='ltr' id='par_1_53' title="bbox 568 4741 2144 4812">
     <span class='ocr_line' id='line_1_53' title="bbox 568 4741 2144 4812; baseline -0.004 -12"><span class='ocrx_word' id='word_1_377' title='bbox 568 4758 618 4800; x_wconf 86' lang='lat' dir='ltr'><strong>et</strong></span> <span class='ocrx_word' id='word_1_378' title='bbox 652 4745 816 4799; x_wconf 89' lang='lat' dir='ltr'><strong>Deum</strong></span> <span class='ocrx_word' id='word_1_379' title='bbox 855 4753 1092 4798; x_wconf 76' lang='lat' dir='ltr'><strong>vestrum</strong></span> <span class='ocrx_word' id='word_1_380' title='bbox 1123 4743 1189 4795; x_wconf 80' lang='grc'><strong>⁸⁵.</strong></span> <span class='ocrx_word' id='word_1_381' title='bbox 1229 4761 1246 4794; x_wconf 73' lang='grc' dir='ltr'><strong>ι</strong></span> <span class='ocrx_word' id='word_1_382' title='bbox 1280 4741 1456 4812; x_wconf 84' lang='lat' dir='ltr'><strong>Ipsius</strong></span> <span class='ocrx_word' id='word_1_383' title='bbox 1500 4742 1642 4796; x_wconf 89' lang='lat' dir='ltr'><strong>enim</strong></span> <span class='ocrx_word' id='word_1_384' title='bbox 1698 4750 1781 4796; x_wconf 80' lang='lat' dir='ltr'><strong>est</strong></span> <span class='ocrx_word' id='word_1_385' title='bbox 1824 4751 2016 4796; x_wconf 87' lang='lat' dir='ltr'><strong>natura</strong></span> <span class='ocrx_word' id='word_1_386' title='bbox 2050 4741 2144 4795; x_wconf 84' lang='lat' dir='ltr'><strong>l’a-</strong></span> 
     </span>
    </p>
   </div>
   <div class='ocr_carea' id='block_1_54' title="bbox 567 4833 2144 4911">
    <p class='ocr_par' dir='ltr' id='par_1_54' title="bbox 567 4833 2144 4911">
     <span class='ocr_line' id='line_1_54' title="bbox 567 4833 2144 4911; baseline -0.002 -19"><span class='ocrx_word' id='word_1_387' title='bbox 567 4853 668 4906; x_wconf 87' lang='lat' dir='ltr'><strong>ter,</strong></span> <span class='ocrx_word' id='word_1_388' title='bbox 707 4840 797 4908; x_wconf 92' lang='lat' dir='ltr'><strong>qui</strong></span> <span class='ocrx_word' id='word_1_389' title='bbox 833 4840 883 4892; x_wconf 92' lang='lat' dir='ltr'><strong>in</strong></span> <span class='ocrx_word' id='word_1_390' title='bbox 914 4839 1066 4893; x_wconf 68' lang='lat' dir='ltr'><strong>caelis</strong></span> <span class='ocrx_word' id='word_1_391' title='bbox 1108 4845 1220 4911; x_wconf 85' lang='lat' dir='ltr'><strong>est,</strong></span> <span class='ocrx_word' id='word_1_392' title='bbox 1270 4847 1452 4891; x_wconf 89' lang='lat' dir='ltr'><strong>noster</strong></span> <span class='ocrx_word' id='word_1_393' title='bbox 1474 4845 1649 4889; x_wconf 89' lang='lat' dir='ltr'><strong>autem</strong></span> <span class='ocrx_word' id='word_1_394' title='bbox 1679 4833 1838 4890; x_wconf 90' lang='lat' dir='ltr'><strong>Deus.</strong></span> <span class='ocrx_word' id='word_1_395' title='bbox 1891 4836 2026 4889; x_wconf 84' lang='lat' dir='ltr'><strong>Cum</strong></span> <span class='ocrx_word' id='word_1_396' title='bbox 2060 4851 2144 4889; x_wconf 84' lang='lat' dir='ltr'><strong>ve-</strong></span> 
     </span>
    </p>
   </div>
   <div class='ocr_carea' id='block_1_55' title="bbox 567 4926 2139 4998">
    <p class='ocr_par' dir='ltr' id='par_1_55' title="bbox 567 4926 2139 4998">
     <span class='ocr_line' id='line_1_55' title="bbox 567 4926 2139 4998; baseline -0.001 -15"><span class='ocrx_word' id='word_1_397' title='bbox 567 4948 624 4993; x_wconf 77' lang='lat' dir='ltr'><strong>t&#39;n</strong></span> <span class='ocrx_word' id='word_1_398' title='bbox 657 4930 745 4998; x_wconf 88' lang='lat' dir='ltr'><strong>qui</strong></span> <span class='ocrx_word' id='word_1_399' title='bbox 776 4939 966 4983; x_wconf 88' lang='lat' dir='ltr'><strong>natura</strong></span> <span class='ocrx_word' id='word_1_400' title='bbox 1000 4943 1062 4981; x_wconf 85' lang='lat' dir='ltr'><strong>ac</strong></span> <span class='ocrx_word' id='word_1_401' title='bbox 1091 4943 1215 4981; x_wconf 81' lang='lat' dir='ltr'><strong>vere</strong></span> <span class='ocrx_word' id='word_1_402' title='bbox 1256 4937 1337 4982; x_wconf 88' lang='lat' dir='ltr'><strong>est</strong></span> <span class='ocrx_word' id='word_1_403' title='bbox 1362 4927 1554 4991; x_wconf 82' lang='lat' dir='ltr'><strong>Filius,</strong></span> <span class='ocrx_word' id='word_1_404' title='bbox 1598 4926 1773 4982; x_wconf 83' lang='lat' dir='ltr'><strong>factus</strong></span> <span class='ocrx_word' id='word_1_405' title='bbox 1827 4935 1911 4980; x_wconf 85' lang='lat' dir='ltr'><strong>est</strong></span> <span class='ocrx_word' id='word_1_406' title='bbox 1981 4928 2139 4982; x_wconf 85' lang='lat' dir='ltr'><strong>homo</strong></span> 
     </span>
    </p>
   </div>
   <div class='ocr_carea' id='block_1_56' title="bbox 565 5019 2137 5089">
    <p class='ocr_par' dir='ltr' id='par_1_56' title="bbox 565 5019 2137 5089">
     <span class='ocr_line' id='line_1_56' title="bbox 565 5019 2137 5089; baseline -0.003 -14"><span class='ocrx_word' id='word_1_407' title='bbox 565 5024 736 5078; x_wconf 78' lang='lat' dir='ltr'><strong>nostri</strong></span> <span class='ocrx_word' id='word_1_408' title='bbox 775 5023 989 5086; x_wconf 80' lang='lat' dir='ltr'><strong>similis,</strong></span> <span class='ocrx_word' id='word_1_409' title='bbox 1028 5021 1192 5074; x_wconf 90' lang='lat' dir='ltr'><strong>Deum</strong></span> <span class='ocrx_word' id='word_1_410' title='bbox 1218 5021 1388 5089; x_wconf 89' lang='lat' dir='ltr'><strong>ipsum</strong></span> <span class='ocrx_word' id='word_1_411' title='bbox 1416 5020 1666 5076; x_wconf 88' lang='lat' dir='ltr'><strong>habuisse</strong></span> <span class='ocrx_word' id='word_1_412' title='bbox 1699 5020 1848 5084; x_wconf 89' lang='lat' dir='ltr'><strong>dicit,</strong></span> <span class='ocrx_word' id='word_1_413' title='bbox 1885 5019 2137 5072; x_wconf 90' lang='lat' dir='ltr'><strong>nimirum</strong></span> 
     </span>
    </p>
   </div>
   <div class='ocr_carea' id='block_1_57' title="bbox 565 5111 2136 5194">
    <p class='ocr_par' dir='ltr' id='par_1_57' title="bbox 565 5111 2136 5194">
     <span class='ocr_line' id='line_1_57' title="bbox 565 5111 2136 5194; baseline -0.004 -25"><span class='ocrx_word' id='word_1_414' title='bbox 565 5115 724 5194; x_wconf 70' lang='lat'><strong>725</strong></span> <span class='ocrx_word' id='word_1_415' title='bbox 750 5115 960 5168; x_wconf 88' lang='lat' dir='ltr'><strong>ratione</strong></span> <span class='ocrx_word' id='word_1_416' title='bbox 990 5112 1398 5169; x_wconf 80' lang='lat' dir='ltr'><strong>exinanitionis.</strong></span> <span class='ocrx_word' id='word_1_417' title='bbox 1429 5111 1582 5166; x_wconf 88' lang='lat' dir='ltr'><strong>Dedit</strong></span> <span class='ocrx_word' id='word_1_418' title='bbox 1611 5121 1789 5166; x_wconf 90' lang='lat' dir='ltr'><strong>autem</strong></span> <span class='ocrx_word' id='word_1_419' title='bbox 1846 5111 2008 5165; x_wconf 90' lang='lat' dir='ltr'><strong>etiam</strong></span> <span class='ocrx_word' id='word_1_420' title='bbox 2040 5125 2136 5164; x_wconf 92' lang='lat' dir='ltr'><strong>no-</strong></span> 
     </span>
    </p>
   </div>
   <div class='ocr_carea' id='block_1_58' title="bbox 566 5201 2138 5272">
    <p class='ocr_par' dir='ltr' id='par_1_58' title="bbox 566 5201 2138 5272">
     <span class='ocr_line' id='line_1_58' title="bbox 566 5201 2138 5272; baseline -0.003 -14"><span class='ocrx_word' id='word_1_421' title='bbox 566 5209 644 5258; x_wconf 85' lang='lat' dir='ltr'><strong>his</strong></span> <span class='ocrx_word' id='word_1_422' title='bbox 676 5221 832 5259; x_wconf 84' lang='lat' dir='ltr'><strong>suum</strong></span> <span class='ocrx_word' id='word_1_423' title='bbox 871 5204 1111 5268; x_wconf 81' lang='lat' dir='ltr'><strong>Patrem.</strong></span> <span class='ocrx_word' id='word_1_424' title='bbox 1147 5204 1419 5272; x_wconf 82' lang='lat' dir='ltr'><strong>Scriptum</strong></span> <span class='ocrx_word' id='word_1_425' title='bbox 1448 5214 1531 5256; x_wconf 91' lang='lat' dir='ltr'><strong>est</strong></span> <span class='ocrx_word' id='word_1_426' title='bbox 1569 5205 1754 5259; x_wconf 88' lang='lat' dir='ltr'><strong>enim:</strong></span> <span class='ocrx_word' id='word_1_427' title='bbox 1787 5220 1805 5254; x_wconf 86' lang='grc'><strong><em>‹</em></strong></span> <span class='ocrx_word' id='word_1_428' title='bbox 1865 5201 2138 5269; x_wconf 83' lang='lat' dir='ltr'><strong>Quotquot</strong></span> 
     </span>
    </p>
   </div>
   <div class='ocr_carea' id='block_1_59' title="bbox 566 5277 2140 5361">
    <p class='ocr_par' dir='ltr' id='par_1_59' title="bbox 566 5277 2140 5361">
     <span class='ocr_line' id='line_1_59' title="bbox 566 5277 2140 5361; baseline 0.003 -21"><span class='ocrx_word' id='word_1_429' title='bbox 566 5277 745 5348; x_wconf 76' lang='lat' dir='ltr'><strong>autem</strong></span> <span class='ocrx_word' id='word_1_430' title='bbox 773 5301 1094 5359; x_wconf 89' lang='lat' dir='ltr'><strong>receperunt</strong></span> <span class='ocrx_word' id='word_1_431' title='bbox 1131 5306 1277 5353; x_wconf 88' lang='lat' dir='ltr'><strong>eum,</strong></span> <span class='ocrx_word' id='word_1_432' title='bbox 1331 5292 1480 5346; x_wconf 89' lang='lat' dir='ltr'><strong>dedit</strong></span> <span class='ocrx_word' id='word_1_433' title='bbox 1528 5293 1609 5346; x_wconf 91' lang='lat' dir='ltr'><strong>eis</strong></span> <span class='ocrx_word' id='word_1_434' title='bbox 1633 5301 1954 5361; x_wconf 89' lang='lat' dir='ltr'><strong>potestatem</strong></span> <span class='ocrx_word' id='word_1_435' title='bbox 2001 5290 2140 5361; x_wconf 69' lang='lat' dir='ltr'><strong>illius</strong></span> 
     </span>
    </p>
   </div>
   <div class='ocr_carea' id='block_1_60' title="bbox 566 5378 2140 5448">
    <p class='ocr_par' dir='ltr' id='par_1_60' title="bbox 566 5378 2140 5448">
     <span class='ocr_line' id='line_1_60' title="bbox 566 5378 2140 5448; baseline 0.001 -18"><span class='ocrx_word' id='word_1_436' title='bbox 566 5378 656 5432; x_wconf 84' lang='lat' dir='ltr'><strong>Dei</strong></span> <span class='ocrx_word' id='word_1_437' title='bbox 691 5382 829 5445; x_wconf 85' lang='lat' dir='ltr'><strong>lieri,</strong></span> <span class='ocrx_word' id='word_1_438' title='bbox 852 5381 934 5446; x_wconf 86' lang='lat' dir='ltr'><strong>his</strong></span> <span class='ocrx_word' id='word_1_439' title='bbox 951 5381 1038 5448; x_wconf 87' lang='lat' dir='ltr'><strong>qui</strong></span> <span class='ocrx_word' id='word_1_440' title='bbox 1071 5381 1294 5435; x_wconf 91' lang='lat' dir='ltr'><strong>credunt</strong></span> <span class='ocrx_word' id='word_1_441' title='bbox 1325 5381 1375 5433; x_wconf 91' lang='lat' dir='ltr'><strong>iu</strong></span> <span class='ocrx_word' id='word_1_442' title='bbox 1408 5381 1626 5435; x_wconf 88' lang='lat' dir='ltr'><strong>nomine</strong></span> <span class='ocrx_word' id='word_1_443' title='bbox 1660 5381 1828 5448; x_wconf 88' lang='lat' dir='ltr'><strong>ipsius</strong></span> <span class='ocrx_word' id='word_1_444' title='bbox 1849 5380 1987 5432; x_wconf 64' lang='lat'><strong>“&#39;5’.</strong></span> <span class='ocrx_word' id='word_1_445' title='bbox 2019 5398 2036 5431; x_wconf 74' lang='grc' dir='ltr'>ι</span> <span class='ocrx_word' id='word_1_446' title='bbox 2071 5380 2140 5432; x_wconf 79' lang='lat' dir='ltr'><strong>At</strong></span> 
     </span>
    </p>
   </div>
   <div class='ocr_carea' id='block_1_61' title="bbox 569 5468 2136 5539">
    <p class='ocr_par' dir='ltr' id='par_1_61' title="bbox 569 5468 2136 5539">
     <span class='ocr_line' id='line_1_61' title="bbox 569 5468 2136 5539; baseline 0.001 -20"><span class='ocrx_word' id='word_1_447' title='bbox 569 5483 699 5522; x_wconf 80' lang='lat' dir='ltr'><strong>vero</strong></span> <span class='ocrx_word' id='word_1_448' title='bbox 738 5469 784 5524; x_wconf 91' lang='lat' dir='ltr'><strong>si</strong></span> <span class='ocrx_word' id='word_1_449' title='bbox 812 5470 1060 5539; x_wconf 85' lang='lat' dir='ltr'><strong>imperite</strong></span> <span class='ocrx_word' id='word_1_450' title='bbox 1081 5485 1337 5539; x_wconf 81' lang='lat' dir='ltr'><strong>negemus</strong></span> <span class='ocrx_word' id='word_1_451' title='bbox 1368 5471 1433 5523; x_wconf 88' lang='lat' dir='ltr'><strong>ad</strong></span> <span class='ocrx_word' id='word_1_452' title='bbox 1459 5479 1698 5524; x_wconf 81' lang='lat' dir='ltr'><strong>nostram</strong></span> <span class='ocrx_word' id='word_1_453' title='bbox 1730 5468 2136 5523; x_wconf 85' lang='lat' dir='ltr'><strong>similitudinem</strong></span> 
     </span>
    </p>
   </div>
   <div class='ocr_carea' id='block_1_62' title="bbox 637 5581 1664 5649">
    <p class='ocr_par' dir='ltr' id='par_1_62' title="bbox 637 5581 1664 5649">
     <span class='ocr_line' id='line_1_62' title="bbox 637 5581 1664 5649; baseline 0.001 -15"><span class='ocrx_word' id='word_1_454' title='bbox 637 5583 678 5613; x_wconf 81' lang='lat'><strong>‘°</strong></span> <span class='ocrx_word' id='word_1_455' title='bbox 723 5583 909 5634; x_wconf 83' lang='lat' dir='ltr'><strong>Matth.</strong></span> <span class='ocrx_word' id='word_1_456' title='bbox 947 5598 1059 5641; x_wconf 70' lang='lat' dir='ltr'><strong>xix,</strong></span> <span class='ocrx_word' id='word_1_457' title='bbox 1093 5583 1143 5634; x_wconf 68' lang='grc' dir='ltr'>ιι.</span> <span class='ocrx_word' id='word_1_458' title='bbox 1221 5581 1260 5611; x_wconf 77' lang='grc'><strong>⁶¹</strong></span> <span class='ocrx_word' id='word_1_459' title='bbox 1297 5583 1452 5636; x_wconf 66' lang='grc' dir='ltr'><strong>11ι“1.ιι·.</strong></span> <span class='ocrx_word' id='word_1_460' title='bbox 1484 5599 1601 5649; x_wconf 75' lang='lat' dir='ltr'><strong>xm,</strong></span> <span class='ocrx_word' id='word_1_461' title='bbox 1634 5583 1664 5635; x_wconf 66' lang='grc' dir='ltr'><strong>ιι</strong></span> 
     </span>
    </p>
   </div>
   <div class='ocr_carea' id='block_1_63' title="bbox 571 5648 1229 5700">
    <p class='ocr_par' dir='ltr' id='par_1_63' title="bbox 571 5648 1229 5700">
     <span class='ocr_line' id='line_1_63' title="bbox 571 5648 1229 5700; baseline -0.002 -3"><span class='ocrx_word' id='word_1_462' title='bbox 571 5648 649 5700; x_wconf 76' lang='lat' dir='ltr'><strong>i7.</strong></span> <span class='ocrx_word' id='word_1_463' title='bbox 732 5650 847 5689; x_wconf 58' lang='grc'><strong>6(³-“’⁷</strong></span> <span class='ocrx_word' id='word_1_464' title='bbox 882 5651 1033 5696; x_wconf 70' lang='lat' dir='ltr'><strong>Junii.</strong></span> <span class='ocrx_word' id='word_1_465' title='bbox 1076 5666 1112 5698; x_wconf 89' lang='lat' dir='ltr'><strong>t.</strong></span> <span class='ocrx_word' id='word_1_466' title='bbox 1151 5650 1229 5698; x_wconf 66' lang='lat'><strong>1‘2.</strong></span> 
     </span>
    </p>
   </div>
   <div class='ocr_carea' id='block_1_64' title="bbox 1770 5577 2269 5649">
    <p class='ocr_par' dir='ltr' id='par_1_64' title="bbox 1770 5577 2269 5649">
     <span class='ocr_line' id='line_1_64' title="bbox 1770 5577 2269 5649; baseline -0.012 -12"><span class='ocrx_word' id='word_1_467' title='bbox 1770 5585 1810 5614; x_wconf 69' lang='grc'><strong>⁸³</strong></span> <span class='ocrx_word' id='word_1_468' title='bbox 1844 5582 1973 5638; x_wconf 86' lang='lat' dir='ltr'><strong>Luc.</strong></span> <span class='ocrx_word' id='word_1_469' title='bbox 2014 5596 2051 5649; x_wconf 87' lang='lat' dir='ltr'><strong>t,</strong></span> <span class='ocrx_word' id='word_1_470' title='bbox 2085 5577 2269 5634; x_wconf 75' lang='lat'><strong>50-55.</strong></span> 
     </span>
    </p>
   </div>
   <div class='ocr_carea' id='block_1_65' title="bbox 2250 445 3740 518">
    <p class='ocr_par' dir='ltr' id='par_1_65' title="bbox 2250 445 3740 518">
     <span class='ocr_line' id='line_1_65' title="bbox 2250 445 3740 518; baseline 0 -17"><span class='ocrx_word' id='word_1_471' title='bbox 2250 449 2282 518; x_wconf 81' lang='grc' dir='ltr'>ἡ</span> <span class='ocrx_word' id='word_1_472' title='bbox 2322 451 2468 500; x_wconf 82' lang='grc' dir='ltr'>πᾶσα</span> <span class='ocrx_word' id='word_1_473' title='bbox 2495 446 2833 516; x_wconf 85' lang='grc' dir='ltr'><strong>δικαιοσύνη,</strong></span> <span class='ocrx_word' id='word_1_474' title='bbox 2858 447 2951 498; x_wconf 74' lang='grc' dir='ltr'><strong>καὶ</strong></span> <span class='ocrx_word' id='word_1_475' title='bbox 2973 447 3030 498; x_wconf 85' lang='grc' dir='ltr'>ὲν</span> <span class='ocrx_word' id='word_1_476' title='bbox 3068 445 3279 516; x_wconf 78' lang='grc' dir='ltr'><strong>δοκήσει</strong></span> <span class='ocrx_word' id='word_1_477' title='bbox 3324 445 3532 499; x_wconf 83' lang='grc' dir='ltr'>θανάτου</span> <span class='ocrx_word' id='word_1_478' title='bbox 3566 448 3740 517; x_wconf 73' lang='grc' dir='ltr'>γέγονεν</span> 
     </span>
    </p>
   </div>
   <div class='ocr_carea' id='block_1_66' title="bbox 2249 533 3741 610">
    <p class='ocr_par' dir='ltr' id='par_1_66' title="bbox 2249 533 3741 610">
     <span class='ocr_line' id='line_1_66' title="bbox 2249 533 3741 610; baseline 0.001 -18"><span class='ocrx_word' id='word_1_479' title='bbox 2249 541 2281 610; x_wconf 85' lang='grc' dir='ltr'>ὴ</span> <span class='ocrx_word' id='word_1_480' title='bbox 2313 539 2446 610; x_wconf 79' lang='grc' dir='ltr'><strong>ζωή.</strong></span> <span class='ocrx_word' id='word_1_481' title='bbox 2475 540 2547 592; x_wconf 80' lang='grc' dir='ltr'><strong>Οὐ</strong></span> <span class='ocrx_word' id='word_1_482' title='bbox 2586 538 2694 609; x_wconf 80' lang='grc' dir='ltr'><strong>γὰρ</strong></span> <span class='ocrx_word' id='word_1_483' title='bbox 2726 533 2792 608; x_wconf 75' lang='grc' dir='ltr'>ἦν</span> <span class='ocrx_word' id='word_1_484' title='bbox 2816 538 3004 606; x_wconf 81' lang='grc' dir='ltr'>ἑτέρου</span> <span class='ocrx_word' id='word_1_485' title='bbox 3027 537 3189 602; x_wconf 82' lang='grc' dir='ltr'>τινὸς,</span> <span class='ocrx_word' id='word_1_486' title='bbox 3221 536 3450 589; x_wconf 77' lang='grc' dir='ltr'>αὐτοῠδὲ</span> <span class='ocrx_word' id='word_1_487' title='bbox 3483 538 3650 607; x_wconf 78' lang='grc' dir='ltr'>μᾶλλον</span> <span class='ocrx_word' id='word_1_488' title='bbox 3669 540 3741 593; x_wconf 77' lang='grc' dir='ltr'><strong>τοῦ</strong></span> 
     </span>
    </p>
   </div>
   <div class='ocr_carea' id='block_1_67' title="bbox 2250 627 3740 700">
    <p class='ocr_par' dir='ltr' id='par_1_67' title="bbox 2250 627 3740 700">
     <span class='ocr_line' id='line_1_67' title="bbox 2250 627 3740 700; baseline 0.001 -18"><span class='ocrx_word' id='word_1_489' title='bbox 2250 629 2393 682; x_wconf 76' lang='grc' dir='ltr'>κατὰ</span> <span class='ocrx_word' id='word_1_490' title='bbox 2438 629 2598 697; x_wconf 77' lang='grc' dir='ltr'>φύσιν</span> <span class='ocrx_word' id='word_1_491' title='bbox 2627 627 2781 691; x_wconf 82' lang='grc' dir='ltr'>Υίοῦ,</span> <span class='ocrx_word' id='word_1_492' title='bbox 2819 629 2879 680; x_wconf 82' lang='grc' dir='ltr'>τὸ</span> <span class='ocrx_word' id='word_1_493' title='bbox 2906 627 3002 680; x_wconf 84' lang='grc' dir='ltr'><strong>τοῦ</strong></span> <span class='ocrx_word' id='word_1_494' title='bbox 3025 627 3254 680; x_wconf 80' lang='grc' dir='ltr'>θανάτου</span> <span class='ocrx_word' id='word_1_495' title='bbox 3272 629 3577 697; x_wconf 77' lang='grc' dir='ltr'><strong>γευσάμενον</strong></span> <span class='ocrx_word' id='word_1_496' title='bbox 3604 630 3740 700; x_wconf 80' lang='grc' dir='ltr'>σῶμα.</span> 
     </span>
    </p>
   </div>
   <div class='ocr_carea' id='block_1_68' title="bbox 2247 713 3745 791">
    <p class='ocr_par' dir='ltr' id='par_1_68' title="bbox 2247 713 3745 791">
     <span class='ocr_line' id='line_1_68' title="bbox 2247 713 3745 791; baseline -0.003 -18"><span class='ocrx_word' id='word_1_497' title='bbox 2247 713 2374 791; x_wconf 75' lang='lat' dir='ltr'><strong>&#39;Ap‘</strong></span> <span class='ocrx_word' id='word_1_498' title='bbox 2420 720 2494 784; x_wconf 85' lang='grc' dir='ltr'>ὡς</span> <span class='ocrx_word' id='word_1_499' title='bbox 2527 721 2627 773; x_wconf 80' lang='grc' dir='ltr'><strong>οὐκ</strong></span> <span class='ocrx_word' id='word_1_500' title='bbox 2664 715 2722 772; x_wconf 81' lang='grc' dir='ltr'><strong>εὖ</strong></span> <span class='ocrx_word' id='word_1_501' title='bbox 2755 717 3058 787; x_wconf 76' lang='grc' dir='ltr'><strong>γεγονόσιν,</strong></span> <span class='ocrx_word' id='word_1_502' title='bbox 3106 717 3270 787; x_wconf 75' lang='grc' dir='ltr'>ἠγουν</span> <span class='ocrx_word' id='word_1_503' title='bbox 3313 716 3439 786; x_wconf 75' lang='grc' dir='ltr'>πρὸς</span> <span class='ocrx_word' id='word_1_504' title='bbox 3470 718 3605 787; x_wconf 80' lang='grc' dir='ltr'>ἡμῶν</span> <span class='ocrx_word' id='word_1_505' title='bbox 3629 721 3745 790; x_wconf 76' lang='grc' dir='ltr'>εἰρη-</span> 
     </span>
    </p>
   </div>
   <div class='ocr_carea' id='block_1_69' title="bbox 2251 810 3250 882">
    <p class='ocr_par' dir='ltr' id='par_1_69' title="bbox 2251 810 3250 882">
     <span class='ocr_line' id='line_1_69' title="bbox 2251 810 3250 882; baseline -0.005 -17"><span class='ocrx_word' id='word_1_506' title='bbox 2251 812 2435 882; x_wconf 83' lang='grc' dir='ltr'>μένοις</span> <span class='ocrx_word' id='word_1_507' title='bbox 2458 812 2604 882; x_wconf 79' lang='grc' dir='ltr'>ἒχεις</span> <span class='ocrx_word' id='word_1_508' title='bbox 2634 829 2685 865; x_wconf 88' lang='grc' dir='ltr'><strong>τι</strong></span> <span class='ocrx_word' id='word_1_509' title='bbox 2723 811 2932 874; x_wconf 74' lang='grc' dir='ltr'>τούτοις</span> <span class='ocrx_word' id='word_1_510' title='bbox 2960 810 3250 879; x_wconf 76' lang='grc' dir='ltr'>ὲπιτιμᾷν;</span> 
     </span>
    </p>
   </div>
   <div class='ocr_carea' id='block_1_70' title="bbox 2318 1075 2705 1146">
    <p class='ocr_par' dir='ltr' id='par_1_70' title="bbox 2318 1075 2705 1146">
     <span class='ocr_line' id='line_1_70' title="bbox 2318 1075 2705 1146; baseline -0.003 -14"><span class='ocrx_word' id='word_1_511' title='bbox 2318 1081 2376 1132; x_wconf 84' lang='grc' dir='ltr'><strong>Β.</strong></span> <span class='ocrx_word' id='word_1_512' title='bbox 2420 1075 2705 1146; x_wconf 75' lang='grc' dir='ltr'><strong>Οὐδαμῶς.</strong></span> 
     </span>
    </p>
   </div>
   <div class='ocr_carea' id='block_1_71' title="bbox 2321 1159 3486 1240">
    <p class='ocr_par' dir='ltr' id='par_1_71' title="bbox 2321 1159 3486 1240">
     <span class='ocr_line' id='line_1_71' title="bbox 2321 1159 3486 1240; baseline -0.009 -16"><span class='ocrx_word' id='word_1_513' title='bbox 2321 1175 2382 1225; x_wconf 75' lang='grc' dir='ltr'><strong>Α.</strong></span> <span class='ocrx_word' id='word_1_514' title='bbox 2421 1170 2612 1240; x_wconf 68' lang='grc' dir='ltr'>’Λθρει</span> <span class='ocrx_word' id='word_1_515' title='bbox 2642 1169 2704 1238; x_wconf 86' lang='grc' dir='ltr'><strong>δή</strong></span> <span class='ocrx_word' id='word_1_516' title='bbox 2737 1183 2827 1236; x_wconf 88' lang='grc' dir='ltr'><strong>μοι</strong></span> <span class='ocrx_word' id='word_1_517' title='bbox 2859 1166 3078 1218; x_wconf 85' lang='grc' dir='ltr'>κάκεῖνο</span> <span class='ocrx_word' id='word_1_518' title='bbox 3109 1163 3243 1231; x_wconf 71' lang='grc' dir='ltr'>πρὸς</span> <span class='ocrx_word' id='word_1_519' title='bbox 3271 1159 3486 1221; x_wconf 79' lang='grc' dir='ltr'>τούτοις.</span> 
     </span>
    </p>
   </div>
   <div class='ocr_carea' id='block_1_72' title="bbox 2318 1257 2835 1328">
    <p class='ocr_par' dir='ltr' id='par_1_72' title="bbox 2318 1257 2835 1328">
     <span class='ocr_line' id='line_1_72' title="bbox 2318 1257 2835 1328; baseline -0.012 -13"><span class='ocrx_word' id='word_1_520' title='bbox 2318 1264 2377 1315; x_wconf 90' lang='lat' dir='ltr'><strong>B.</strong></span> <span class='ocrx_word' id='word_1_521' title='bbox 2422 1262 2494 1313; x_wconf 86' lang='grc' dir='ltr'>Τὸ</span> <span class='ocrx_word' id='word_1_522' title='bbox 2522 1260 2574 1312; x_wconf 87' lang='grc' dir='ltr'><strong>τί</strong></span> <span class='ocrx_word' id='word_1_523' title='bbox 2602 1258 2666 1328; x_wconf 85' lang='grc' dir='ltr'><strong>δὴ</strong></span> <span class='ocrx_word' id='word_1_524' title='bbox 2693 1257 2835 1325; x_wconf 81' lang='grc' dir='ltr'><strong>φής;</strong></span> 
     </span>
    </p>
   </div>
   <div class='ocr_carea' id='block_1_73' title="bbox 2317 1336 3748 1421">
    <p class='ocr_par' dir='ltr' id='par_1_73' title="bbox 2317 1336 3748 1421">
     <span class='ocr_line' id='line_1_73' title="bbox 2317 1336 3748 1421; baseline -0.013 -14"><span class='ocrx_word' id='word_1_525' title='bbox 2317 1356 2382 1407; x_wconf 85' lang='grc' dir='ltr'><strong>Α.</strong></span> <span class='ocrx_word' id='word_1_526' title='bbox 2428 1353 2572 1421; x_wconf 80' lang='grc' dir='ltr'><strong>Ἔφη</strong></span> <span class='ocrx_word' id='word_1_527' title='bbox 2609 1365 2712 1401; x_wconf 85' lang='grc' dir='ltr'><strong>που</strong></span> <span class='ocrx_word' id='word_1_528' title='bbox 2744 1346 2979 1417; x_wconf 84' lang='grc' dir='ltr'>Χριστὸς</span> <span class='ocrx_word' id='word_1_529' title='bbox 3011 1345 3123 1407; x_wconf 87' lang='grc' dir='ltr'>τοῖς</span> <span class='ocrx_word' id='word_1_530' title='bbox 3161 1341 3398 1411; x_wconf 83' lang='grc' dir='ltr'>ἀναιρεῖν</span> <span class='ocrx_word' id='word_1_531' title='bbox 3435 1336 3646 1390; x_wconf 77' lang='grc' dir='ltr'><strong>ἐθέλουσι</strong></span> <span class='ocrx_word' id='word_1_532' title='bbox 3677 1338 3748 1407; x_wconf 80' lang='grc' dir='ltr'><strong>τὴν</strong></span> 
     </span>
    </p>
   </div>
   <div class='ocr_carea' id='block_1_74' title="bbox 2245 1429 3747 1510">
    <p class='ocr_par' dir='ltr' id='par_1_74' title="bbox 2245 1429 3747 1510">
     <span class='ocr_line' id='line_1_74' title="bbox 2245 1429 3747 1510; baseline -0.013 -12"><span class='ocrx_word' id='word_1_533' title='bbox 2245 1448 2544 1510; x_wconf 73' lang='grc' dir='ltr'>ἀνάστασιν</span> <span class='ocrx_word' id='word_1_534' title='bbox 2581 1440 2688 1494; x_wconf 82' lang='grc' dir='ltr'>τῶν</span> <span class='ocrx_word' id='word_1_535' title='bbox 2723 1439 2960 1508; x_wconf 82' lang='grc' dir='ltr'>νεκρῶν·</span> <span class='ocrx_word' id='word_1_536' title='bbox 3001 1456 3018 1487; x_wconf 76' lang='grc' dir='ltr'>ι</span> <span class='ocrx_word' id='word_1_537' title='bbox 3050 1436 3166 1488; x_wconf 78' lang='grc' dir='ltr'>Οὐκ</span> <span class='ocrx_word' id='word_1_538' title='bbox 3195 1433 3475 1499; x_wconf 79' lang='grc' dir='ltr'>ἀνέγνωτε,</span> <span class='ocrx_word' id='word_1_539' title='bbox 3497 1430 3607 1482; x_wconf 81' lang='grc' dir='ltr'>ὅτιὸ</span> <span class='ocrx_word' id='word_1_540' title='bbox 3634 1429 3747 1496; x_wconf 76' lang='grc' dir='ltr'>ποιή-</span> 
     </span>
    </p>
   </div>
   <div class='ocr_carea' id='block_1_75' title="bbox 2249 1517 3748 1598">
    <p class='ocr_par' dir='ltr' id='par_1_75' title="bbox 2249 1517 3748 1598">
     <span class='ocr_line' id='line_1_75' title="bbox 2249 1517 3748 1598; baseline -0.013 -12"><span class='ocrx_word' id='word_1_541' title='bbox 2249 1549 2346 1595; x_wconf 89' lang='grc' dir='ltr'><strong>σας</strong></span> <span class='ocrx_word' id='word_1_542' title='bbox 2375 1532 2466 1583; x_wconf 75' lang='grc' dir='ltr'>τὸν</span> <span class='ocrx_word' id='word_1_543' title='bbox 2496 1529 2780 1598; x_wconf 82' lang='grc' dir='ltr'>ἄνθρωπον</span> <span class='ocrx_word' id='word_1_544' title='bbox 2808 1527 2862 1575; x_wconf 79' lang='grc' dir='ltr'><strong>ὲν</strong></span> <span class='ocrx_word' id='word_1_545' title='bbox 2889 1525 3106 1594; x_wconf 81' lang='grc' dir='ltr'><strong>ἀρχαῖς,</strong></span> <span class='ocrx_word' id='word_1_546' title='bbox 3147 1522 3312 1592; x_wconf 78' lang='grc' dir='ltr'>ἄρσεν</span> <span class='ocrx_word' id='word_1_547' title='bbox 3347 1517 3436 1571; x_wconf 69' lang='grc' dir='ltr'><strong>καλ⁵</strong></span> <span class='ocrx_word' id='word_1_548' title='bbox 3463 1517 3580 1587; x_wconf 84' lang='grc' dir='ltr'>θῆλυ</span> <span class='ocrx_word' id='word_1_549' title='bbox 3608 1517 3748 1586; x_wconf 75' lang='grc' dir='ltr'>ἐποίη-</span> 
     </span>
    </p>
   </div>
   <div class='ocr_carea' id='block_1_76' title="bbox 2249 1608 3746 1688">
    <p class='ocr_par' dir='ltr' id='par_1_76' title="bbox 2249 1608 3746 1688">
     <span class='ocr_line' id='line_1_76' title="bbox 2249 1608 3746 1688; baseline -0.013 -10"><span class='ocrx_word' id='word_1_550' title='bbox 2249 1642 2340 1678; x_wconf 89' lang='grc' dir='ltr'><strong>σεν</strong></span> <span class='ocrx_word' id='word_1_551' title='bbox 2363 1620 2596 1684; x_wconf 76' lang='grc' dir='ltr'>αὐτούςς</span> <span class='ocrx_word' id='word_1_552' title='bbox 2631 1638 2649 1669; x_wconf 76' lang='grc' dir='ltr'><strong>ι</strong></span> <span class='ocrx_word' id='word_1_553' title='bbox 2705 1617 2909 1688; x_wconf 73' lang='grc' dir='ltr'>Γράφει</span> <span class='ocrx_word' id='word_1_554' title='bbox 2947 1615 3004 1670; x_wconf 77' lang='grc' dir='ltr'><strong>δὲ</strong></span> <span class='ocrx_word' id='word_1_555' title='bbox 3047 1615 3141 1668; x_wconf 69' lang='grc' dir='ltr'>καὶ</span> <span class='ocrx_word' id='word_1_556' title='bbox 3187 1615 3216 1665; x_wconf 90' lang='grc' dir='ltr'>ὁ</span> <span class='ocrx_word' id='word_1_557' title='bbox 3245 1611 3515 1672; x_wconf 82' lang='grc' dir='ltr'>θεσπέσιος</span> <span class='ocrx_word' id='word_1_558' title='bbox 3558 1608 3746 1670; x_wconf 73' lang='grc' dir='ltr'>Παῦλοςο</span> 
     </span>
    </p>
   </div>
   <div class='ocr_carea' id='block_1_77' title="bbox 2177 1690 3748 1784">
    <p class='ocr_par' dir='ltr' id='par_1_77' title="bbox 2177 1690 3748 1784">
     <span class='ocr_line' id='line_1_77' title="bbox 2177 1690 3748 1784; baseline -0.014 -16"><span class='ocrx_word' id='word_1_559' title='bbox 2177 1713 2215 1768; x_wconf 86' lang='grc' dir='ltr'><strong>Β</strong></span> <span class='ocrx_word' id='word_1_560' title='bbox 2251 1735 2267 1766; x_wconf 72' lang='grc' dir='ltr'>ι</span> <span class='ocrx_word' id='word_1_561' title='bbox 2296 1713 2487 1784; x_wconf 78' lang='grc' dir='ltr'>Τίμιος</span> <span class='ocrx_word' id='word_1_562' title='bbox 2516 1711 2545 1763; x_wconf 83' lang='grc' dir='ltr'>ὁ</span> <span class='ocrx_word' id='word_1_563' title='bbox 2572 1710 2749 1778; x_wconf 82' lang='grc' dir='ltr'>γάμος</span> <span class='ocrx_word' id='word_1_564' title='bbox 2768 1711 2823 1760; x_wconf 78' lang='grc' dir='ltr'>ἐν</span> <span class='ocrx_word' id='word_1_565' title='bbox 2840 1708 2992 1769; x_wconf 78' lang='grc' dir='ltr'>πᾶσι,</span> <span class='ocrx_word' id='word_1_566' title='bbox 3019 1705 3114 1756; x_wconf 73' lang='grc' dir='ltr'>καὶ</span> <span class='ocrx_word' id='word_1_567' title='bbox 3131 1705 3165 1773; x_wconf 80' lang='grc' dir='ltr'>ἡ</span> <span class='ocrx_word' id='word_1_568' title='bbox 3182 1700 3334 1770; x_wconf 83' lang='grc' dir='ltr'>κοίτη</span> <span class='ocrx_word' id='word_1_569' title='bbox 3357 1690 3748 1769; x_wconf 77' lang='grc' dir='ltr'>ἁμίαντος.›Εἶτα</span> 
     </span>
    </p>
   </div>
   <div class='ocr_carea' id='block_1_78' title="bbox 2246 1786 3747 1872">
    <p class='ocr_par' dir='ltr' id='par_1_78' title="bbox 2246 1786 3747 1872">
     <span class='ocr_line' id='line_1_78' title="bbox 2246 1786 3747 1872; baseline -0.015 -14"><span class='ocrx_word' id='word_1_570' title='bbox 2246 1805 2361 1866; x_wconf 78' lang='grc' dir='ltr'><strong>πῶς</strong></span> <span class='ocrx_word' id='word_1_571' title='bbox 2398 1805 2425 1856; x_wconf 89' lang='grc' dir='ltr'>ὁ</span> <span class='ocrx_word' id='word_1_572' title='bbox 2470 1799 2762 1872; x_wconf 82' lang='grc' dir='ltr'>μονογενὴς</span> <span class='ocrx_word' id='word_1_573' title='bbox 2796 1795 2885 1850; x_wconf 85' lang='grc' dir='ltr'><strong>τοῦ</strong></span> <span class='ocrx_word' id='word_1_574' title='bbox 2926 1793 3060 1847; x_wconf 93' lang='grc' dir='ltr'>Θεοῦ</span> <span class='ocrx_word' id='word_1_575' title='bbox 3105 1792 3298 1859; x_wconf 75' lang='grc' dir='ltr'>Λόγος,</span> <span class='ocrx_word' id='word_1_576' title='bbox 3340 1788 3434 1858; x_wconf 77' lang='grc' dir='ltr'>τὴν</span> <span class='ocrx_word' id='word_1_577' title='bbox 3483 1788 3600 1857; x_wconf 62' lang='grc' dir='ltr'>προς</span> <span class='ocrx_word' id='word_1_578' title='bbox 3641 1786 3747 1854; x_wconf 81' lang='grc' dir='ltr'>ἡμᾶς</span> 
     </span>
    </p>
   </div>
   <div class='ocr_carea' id='block_1_79' title="bbox 2244 1877 3747 1967">
    <p class='ocr_par' dir='ltr' id='par_1_79' title="bbox 2244 1877 3747 1967">
     <span class='ocr_line' id='line_1_79' title="bbox 2244 1877 3747 1967; baseline -0.015 -17"><span class='ocrx_word' id='word_1_579' title='bbox 2244 1896 2500 1967; x_wconf 87' lang='grc' dir='ltr'>ὁμοίωσιν</span> <span class='ocrx_word' id='word_1_580' title='bbox 2539 1889 2784 1945; x_wconf 76' lang='grc' dir='ltr'>ἐπελθεῖν</span> <span class='ocrx_word' id='word_1_581' title='bbox 2819 1887 3103 1957; x_wconf 77' lang='grc' dir='ltr'><strong>ἐθελήσας,</strong></span> <span class='ocrx_word' id='word_1_582' title='bbox 3141 1885 3205 1942; x_wconf 75' lang='grc' dir='ltr'><strong>οὐ</strong></span> <span class='ocrx_word' id='word_1_583' title='bbox 3251 1884 3362 1945; x_wconf 86' lang='grc' dir='ltr'>τοῖς</span> <span class='ocrx_word' id='word_1_584' title='bbox 3407 1883 3499 1950; x_wconf 84' lang='grc' dir='ltr'>τῆς</span> <span class='ocrx_word' id='word_1_585' title='bbox 3525 1877 3747 1949; x_wconf 78' lang='grc' dir='ltr'>ἀνθρωπό-</span> 
     </span>
    </p>
   </div>
   <div class='ocr_carea' id='block_1_80' title="bbox 2245 1968 3749 2056">
    <p class='ocr_par' dir='ltr' id='par_1_80' title="bbox 2245 1968 3749 2056">
     <span class='ocr_line' id='line_1_80' title="bbox 2245 1968 3749 2056; baseline -0.014 -19"><span class='ocrx_word' id='word_1_586' title='bbox 2245 2001 2404 2056; x_wconf 88' lang='grc' dir='ltr'>τητος</span> <span class='ocrx_word' id='word_1_587' title='bbox 2434 1983 2618 2052; x_wconf 83' lang='grc' dir='ltr'>νόμοις</span> <span class='ocrx_word' id='word_1_588' title='bbox 2650 1982 2820 2049; x_wconf 75' lang='grc' dir='ltr'>ἐφῆκε</span> <span class='ocrx_word' id='word_1_589' title='bbox 2845 1979 3087 2048; x_wconf 82' lang='grc' dir='ltr'>κρατεῖν,</span> <span class='ocrx_word' id='word_1_590' title='bbox 3128 1975 3210 2037; x_wconf 84' lang='grc' dir='ltr'>εἰς</span> <span class='ocrx_word' id='word_1_591' title='bbox 3246 1972 3513 2033; x_wconf 79' lang='grc' dir='ltr'>σύστασιν,</span> <span class='ocrx_word' id='word_1_592' title='bbox 3536 1970 3636 2038; x_wconf 71' lang='grc' dir='ltr'>ἦτοι</span> <span class='ocrx_word' id='word_1_593' title='bbox 3658 1968 3749 2034; x_wconf 73' lang='grc' dir='ltr'>γέν-</span> 
     </span>
    </p>
   </div>
   <div class='ocr_carea' id='block_1_81' title="bbox 2245 2059 3751 2149">
    <p class='ocr_par' dir='ltr' id='par_1_81' title="bbox 2245 2059 3751 2149">
     <span class='ocr_line' id='line_1_81' title="bbox 2245 2059 3751 2149; baseline -0.014 -17"><span class='ocrx_word' id='word_1_594' title='bbox 2245 2094 2398 2149; x_wconf 85' lang='grc' dir='ltr'>νησιν</span> <span class='ocrx_word' id='word_1_595' title='bbox 2429 2079 2527 2146; x_wconf 83' lang='grc' dir='ltr'>τῆς</span> <span class='ocrx_word' id='word_1_596' title='bbox 2553 2074 2690 2136; x_wconf 81' lang='grc' dir='ltr'>ἰδίας</span> <span class='ocrx_word' id='word_1_597' title='bbox 2717 2070 2882 2124; x_wconf 82' lang='grc' dir='ltr'>αὐτοῦ</span> <span class='ocrx_word' id='word_1_598' title='bbox 2910 2067 3111 2140; x_wconf 82' lang='grc' dir='ltr'>σαρκός</span> <span class='ocrx_word' id='word_1_599' title='bbox 3136 2084 3151 2132; x_wconf 91' lang='grc'><strong>;</strong></span> <span class='ocrx_word' id='word_1_600' title='bbox 3188 2067 3261 2120; x_wconf 82' lang='grc' dir='ltr'><strong>Οὐ</strong></span> <span class='ocrx_word' id='word_1_601' title='bbox 3295 2065 3402 2136; x_wconf 79' lang='grc' dir='ltr'>γὰρ</span> <span class='ocrx_word' id='word_1_602' title='bbox 3435 2065 3492 2116; x_wconf 86' lang='grc' dir='ltr'>ὲκ</span> <span class='ocrx_word' id='word_1_603' title='bbox 3513 2061 3668 2129; x_wconf 81' lang='grc' dir='ltr'>κοίτης</span> <span class='ocrx_word' id='word_1_604' title='bbox 3685 2059 3751 2112; x_wconf 77' lang='grc' dir='ltr'>καὶ</span> 
     </span>
    </p>
   </div>
   <div class='ocr_carea' id='block_1_82' title="bbox 2247 2155 3751 2240">
    <p class='ocr_par' dir='ltr' id='par_1_82' title="bbox 2247 2155 3751 2240">
     <span class='ocr_line' id='line_1_82' title="bbox 2247 2155 3751 2240; baseline -0.013 -16"><span class='ocrx_word' id='word_1_605' title='bbox 2247 2169 2440 2240; x_wconf 87' lang='grc' dir='ltr'>γάμων</span> <span class='ocrx_word' id='word_1_606' title='bbox 2481 2165 2740 2240; x_wconf 71' lang='grc' dir='ltr'>ἠνέσχετο</span> <span class='ocrx_word' id='word_1_607' title='bbox 2785 2162 2968 2214; x_wconf 78' lang='grc' dir='ltr'>λαϐεῖν</span> <span class='ocrx_word' id='word_1_608' title='bbox 3014 2161 3225 2230; x_wconf 80' lang='grc' dir='ltr'>αὐτὴν,</span> <span class='ocrx_word' id='word_1_609' title='bbox 3271 2158 3383 2212; x_wconf 82' lang='grc' dir='ltr'>ἀλλ’</span> <span class='ocrx_word' id='word_1_610' title='bbox 3432 2159 3492 2209; x_wconf 80' lang='grc' dir='ltr'>ὲκ</span> <span class='ocrx_word' id='word_1_611' title='bbox 3535 2155 3751 2225; x_wconf 76' lang='grc' dir='ltr'><strong>Παρθένου</strong></span> 
     </span>
    </p>
   </div>
   <div class='ocr_carea' id='block_1_83' title="bbox 2247 2243 3751 2332">
    <p class='ocr_par' dir='ltr' id='par_1_83' title="bbox 2247 2243 3751 2332">
     <span class='ocr_line' id='line_1_83' title="bbox 2247 2243 3751 2332; baseline -0.014 -16"><span class='ocrx_word' id='word_1_612' title='bbox 2247 2260 2454 2332; x_wconf 80' lang='grc' dir='ltr'>σεμνῆς</span> <span class='ocrx_word' id='word_1_613' title='bbox 2506 2257 2601 2314; x_wconf 73' lang='grc' dir='ltr'><strong>καὶ</strong></span> <span class='ocrx_word' id='word_1_614' title='bbox 2655 2253 3058 2330; x_wconf 82' lang='grc' dir='ltr'>ἀπειρογὰμου,</span> <span class='ocrx_word' id='word_1_615' title='bbox 3094 2248 3506 2320; x_wconf 78' lang='grc' dir='ltr'>κυοφορησάσης</span> <span class='ocrx_word' id='word_1_616' title='bbox 3547 2248 3601 2298; x_wconf 79' lang='grc' dir='ltr'>ἐκ</span> <span class='ocrx_word' id='word_1_617' title='bbox 3625 2243 3751 2308; x_wconf 72' lang='lat' dir='ltr'><strong>Ilvati-</strong></span> 
     </span>
    </p>
   </div>
   <div class='ocr_carea' id='block_1_84' title="bbox 2249 2334 3754 2425">
    <p class='ocr_par' dir='ltr' id='par_1_84' title="bbox 2249 2334 3754 2425">
     <span class='ocr_line' id='line_1_84' title="bbox 2249 2334 3754 2425; baseline -0.012 -19"><span class='ocrx_word' id='word_1_618' title='bbox 2249 2371 2451 2425; x_wconf 83' lang='grc' dir='ltr'>ματος,</span> <span class='ocrx_word' id='word_1_619' title='bbox 2506 2348 2906 2417; x_wconf 82' lang='grc' dir='ltr'>ὲπισκιασάσης</span> <span class='ocrx_word' id='word_1_620' title='bbox 2961 2344 3100 2414; x_wconf 78' lang='grc' dir='ltr'>αὐτῇ</span> <span class='ocrx_word' id='word_1_621' title='bbox 3145 2342 3426 2411; x_wconf 74' lang='grc' dir='ltr'>δυνάμεως</span> <span class='ocrx_word' id='word_1_622' title='bbox 3461 2338 3606 2402; x_wconf 86' lang='grc' dir='ltr'>Θεοῦ,</span> <span class='ocrx_word' id='word_1_623' title='bbox 3649 2334 3754 2390; x_wconf 73' lang='grc' dir='ltr'><strong>καθὰ</strong></span> 
     </span>
    </p>
   </div>
   <div class='ocr_carea' id='block_1_85' title="bbox 2245 2426 3754 2523">
    <p class='ocr_par' dir='ltr' id='par_1_85' title="bbox 2245 2426 3754 2523">
     <span class='ocr_line' id='line_1_85' title="bbox 2245 2426 3754 2523; baseline -0.013 -24"><span class='ocrx_word' id='word_1_624' title='bbox 2245 2447 2576 2523; x_wconf 81' lang='grc' dir='ltr'>γέγραπται.</span> <span class='ocrx_word' id='word_1_625' title='bbox 2613 2441 2748 2494; x_wconf 86' lang='grc' dir='ltr'>Θεοῦ</span> <span class='ocrx_word' id='word_1_626' title='bbox 2792 2436 3085 2508; x_wconf 83' lang='grc' dir='ltr'>τοιγαροῦν</span> <span class='ocrx_word' id='word_1_627' title='bbox 3122 2435 3220 2488; x_wconf 82' lang='grc' dir='ltr'><strong>τὸν</strong></span> <span class='ocrx_word' id='word_1_628' title='bbox 3267 2433 3440 2502; x_wconf 83' lang='grc' dir='ltr'>γάμον</span> <span class='ocrx_word' id='word_1_629' title='bbox 3485 2431 3574 2484; x_wconf 78' lang='grc' dir='ltr'><strong>οὐκ</strong></span> <span class='ocrx_word' id='word_1_630' title='bbox 3607 2426 3754 2523; x_wconf 71' lang='grc' dir='ltr'>ἀτιμά-</span> 
     </span>
    </p>
   </div>
   <div class='ocr_carea' id='block_1_86' title="bbox 2249 2519 3754 2605">
    <p class='ocr_par' dir='ltr' id='par_1_86' title="bbox 2249 2519 3754 2605">
     <span class='ocr_line' id='line_1_86' title="bbox 2249 2519 3754 2605; baseline -0.015 -14"><span class='ocrx_word' id='word_1_631' title='bbox 2249 2519 2462 2600; x_wconf 82' lang='grc' dir='ltr'>σαντος,</span> <span class='ocrx_word' id='word_1_632' title='bbox 2492 2532 2692 2605; x_wconf 84' lang='grc' dir='ltr'>μᾶλλον</span> <span class='ocrx_word' id='word_1_633' title='bbox 2733 2532 2790 2584; x_wconf 83' lang='grc' dir='ltr'>δὲ</span> <span class='ocrx_word' id='word_1_634' title='bbox 2825 2529 2918 2590; x_wconf 67' lang='grc' dir='ltr'><strong>καὶ</strong></span> <span class='ocrx_word' id='word_1_635' title='bbox 2951 2527 3176 2599; x_wconf 65' lang='grc' dir='ltr'>εὐλογίᾳ</span> <span class='ocrx_word' id='word_1_636' title='bbox 3210 2527 3548 2596; x_wconf 80' lang='grc' dir='ltr'>τιμήσαντος,</span> <span class='ocrx_word' id='word_1_637' title='bbox 3583 2519 3754 2573; x_wconf 63' lang='lat' dir='ltr'><strong>avem</strong></span> 
     </span>
    </p>
   </div>
   <div class='ocr_carea' id='block_1_87' title="bbox 2245 2613 3754 2699">
    <p class='ocr_par' dir='ltr' id='par_1_87' title="bbox 2245 2613 3754 2699">
     <span class='ocr_line' id='line_1_87' title="bbox 2245 2613 3754 2699; baseline -0.014 -17"><span class='ocrx_word' id='word_1_638' title='bbox 2245 2628 2522 2699; x_wconf 80' lang='grc' dir='ltr'>Παρθένον</span> <span class='ocrx_word' id='word_1_639' title='bbox 2551 2622 2923 2694; x_wconf 82' lang='grc' dir='ltr'>κυοφοροῦσαν</span> <span class='ocrx_word' id='word_1_640' title='bbox 2956 2624 3019 2674; x_wconf 85' lang='grc' dir='ltr'>ὲκ</span> <span class='ocrx_word' id='word_1_641' title='bbox 3044 2619 3382 2688; x_wconf 84' lang='grc' dir='ltr'>Πνεύματος,</span> <span class='ocrx_word' id='word_1_642' title='bbox 3403 2616 3497 2687; x_wconf 82' lang='grc' dir='ltr'>τῆς</span> <span class='ocrx_word' id='word_1_643' title='bbox 3526 2613 3640 2675; x_wconf 85' lang='grc' dir='ltr'>ἰδίας</span> <span class='ocrx_word' id='word_1_644' title='bbox 3659 2626 3754 2681; x_wconf 80' lang='grc' dir='ltr'>σαρ-</span> 
     </span>
    </p>
   </div>
   <div class='ocr_carea' id='block_1_88' title="bbox 2246 2700 3754 2788">
    <p class='ocr_par' dir='ltr' id='par_1_88' title="bbox 2246 2700 3754 2788">
     <span class='ocr_line' id='line_1_88' title="bbox 2246 2700 3754 2788; baseline -0.015 -14"><span class='ocrx_word' id='word_1_645' title='bbox 2246 2720 2341 2782; x_wconf 81' lang='grc' dir='ltr'><strong>κὸς</strong></span> <span class='ocrx_word' id='word_1_646' title='bbox 2373 2719 2668 2788; x_wconf 81' lang='grc' dir='ltr'>ἐποιήσατο</span> <span class='ocrx_word' id='word_1_647' title='bbox 2703 2714 2911 2785; x_wconf 81' lang='grc' dir='ltr'>μητέρα</span> <span class='ocrx_word' id='word_1_648' title='bbox 2948 2710 3082 2765; x_wconf 84' lang='grc' dir='ltr'>Θεοῦ</span> <span class='ocrx_word' id='word_1_649' title='bbox 3110 2712 3160 2766; x_wconf 88' lang='grc' dir='ltr'><strong>,ὁ</strong></span> <span class='ocrx_word' id='word_1_650' title='bbox 3192 2710 3382 2778; x_wconf 84' lang='grc' dir='ltr'>Λόγος,</span> <span class='ocrx_word' id='word_1_651' title='bbox 3420 2708 3514 2759; x_wconf 81' lang='grc' dir='ltr'><strong>οὐκ</strong></span> <span class='ocrx_word' id='word_1_652' title='bbox 3539 2704 3632 2773; x_wconf 78' lang='grc' dir='ltr'><strong>ἔχω</strong></span> <span class='ocrx_word' id='word_1_653' title='bbox 3651 2700 3754 2770; x_wconf 62' lang='lat' dir='ltr'><strong>epti-</strong></span> 
     </span>
    </p>
   </div>
   <div class='ocr_carea' id='block_1_89' title="bbox 2249 2791 3755 2875">
    <p class='ocr_par' dir='ltr' id='par_1_89' title="bbox 2249 2791 3755 2875">
     <span class='ocr_line' id='line_1_89' title="bbox 2249 2791 3755 2875; baseline -0.015 -10"><span class='ocrx_word' id='word_1_654' title='bbox 2249 2829 2358 2865; x_wconf 88' lang='grc' dir='ltr'>σαι.</span> <span class='ocrx_word' id='word_1_655' title='bbox 2403 2810 2597 2864; x_wconf 84' lang='grc' dir='ltr'>Καίτοι</span> <span class='ocrx_word' id='word_1_656' title='bbox 2633 2807 2749 2868; x_wconf 80' lang='grc' dir='ltr'><strong>πῶς</strong></span> <span class='ocrx_word' id='word_1_657' title='bbox 2795 2805 2894 2875; x_wconf 81' lang='grc' dir='ltr'>οὐχ</span> <span class='ocrx_word' id='word_1_658' title='bbox 2943 2803 3150 2856; x_wconf 75' lang='grc' dir='ltr'>ἅπασιν</span> <span class='ocrx_word' id='word_1_659' title='bbox 3189 2799 3418 2871; x_wconf 80' lang='grc' dir='ltr'>ἐναργὴς</span> <span class='ocrx_word' id='word_1_660' title='bbox 3446 2795 3618 2865; x_wconf 78' lang='grc' dir='ltr'>γένοιτ’</span> <span class='ocrx_word' id='word_1_661' title='bbox 3651 2791 3755 2856; x_wconf 68' lang='lat' dir='ltr'><strong>ivi}</strong></span> 
     </span>
    </p>
   </div>
   <div class='ocr_carea' id='block_1_90' title="bbox 2245 2882 3755 2970">
    <p class='ocr_par' dir='ltr' id='par_1_90' title="bbox 2245 2882 3755 2970">
     <span class='ocr_line' id='line_1_90' title="bbox 2245 2882 3755 2970; baseline -0.014 -14"><span class='ocrx_word' id='word_1_662' title='bbox 2245 2902 2399 2958; x_wconf 84' lang='grc' dir='ltr'>τοῦδε</span> <span class='ocrx_word' id='word_1_663' title='bbox 2423 2901 2716 2970; x_wconf 82' lang='grc' dir='ltr'>πρόφασις,</span> <span class='ocrx_word' id='word_1_664' title='bbox 2741 2899 2916 2950; x_wconf 69' lang='grc' dir='ltr'>ἐκεῖνο</span> <span class='ocrx_word' id='word_1_665' title='bbox 2945 2892 3364 2963; x_wconf 72' lang='grc' dir='ltr'>διεσκεμμένοις</span> <span class='ocrx_word' id='word_1_666' title='bbox 3382 2908 3396 2956; x_wconf 87' lang='grc'><strong>;</strong></span> <span class='ocrx_word' id='word_1_667' title='bbox 3413 2888 3637 2956; x_wconf 77' lang='grc' dir='ltr'>’Λφίκετο</span> <span class='ocrx_word' id='word_1_668' title='bbox 3661 2882 3755 2953; x_wconf 79' lang='grc' dir='ltr'>γὰρ,</span> 
     </span>
    </p>
   </div>
   <div class='ocr_carea' id='block_1_91' title="bbox 2247 2969 3754 3062">
    <p class='ocr_par' dir='ltr' id='par_1_91' title="bbox 2247 2969 3754 3062">
     <span class='ocr_line' id='line_1_91' title="bbox 2247 2969 3754 3062; baseline -0.016 -14"><span class='ocrx_word' id='word_1_669' title='bbox 2247 2997 2322 3057; x_wconf 86' lang='grc' dir='ltr'>ὼς</span> <span class='ocrx_word' id='word_1_670' title='bbox 2348 2969 2508 3062; x_wconf 72' lang='grc' dir='ltr'>ἔφην,</span> <span class='ocrx_word' id='word_1_671' title='bbox 2538 2991 2708 3062; x_wconf 76' lang='grc' dir='ltr'>ἤγουν</span> <span class='ocrx_word' id='word_1_672' title='bbox 2743 2986 3175 3058; x_wconf 82' lang='grc' dir='ltr'>ὲνηνθρώπησεν</span> <span class='ocrx_word' id='word_1_673' title='bbox 3209 2985 3237 3036; x_wconf 81' lang='grc' dir='ltr'>ὁ</span> <span class='ocrx_word' id='word_1_674' title='bbox 3274 2983 3416 3047; x_wconf 74' lang='grc' dir='ltr'>Υἱὸς,</span> <span class='ocrx_word' id='word_1_675' title='bbox 3443 2969 3754 3044; x_wconf 78' lang='grc' dir='ltr'>ἀναστοιχειώ-</span> 
     </span>
    </p>
   </div>
   <div class='ocr_carea' id='block_1_92' title="bbox 2247 3065 3754 3151">
    <p class='ocr_par' dir='ltr' id='par_1_92' title="bbox 2247 3065 3754 3151">
     <span class='ocr_line' id='line_1_92' title="bbox 2247 3065 3754 3151; baseline -0.011 -12"><span class='ocrx_word' id='word_1_676' title='bbox 2247 3103 2354 3140; x_wconf 91' lang='grc' dir='ltr'>σων</span> <span class='ocrx_word' id='word_1_677' title='bbox 2386 3087 2454 3138; x_wconf 76' lang='grc' dir='ltr'><strong>τὰ</strong></span> <span class='ocrx_word' id='word_1_678' title='bbox 2471 3082 2590 3136; x_wconf 81' lang='grc' dir='ltr'>καθ’</span> <span class='ocrx_word' id='word_1_679' title='bbox 2619 3083 2764 3151; x_wconf 82' lang='grc' dir='ltr'>ἡμᾶς</span> <span class='ocrx_word' id='word_1_680' title='bbox 2798 3081 2872 3142; x_wconf 86' lang='grc' dir='ltr'>ὼς</span> <span class='ocrx_word' id='word_1_681' title='bbox 2898 3081 2954 3132; x_wconf 79' lang='grc' dir='ltr'><strong>ἐν</strong></span> <span class='ocrx_word' id='word_1_682' title='bbox 2980 3077 3186 3148; x_wconf 73' lang='grc' dir='ltr'>ἐαυτῷ,</span> <span class='ocrx_word' id='word_1_683' title='bbox 3219 3077 3309 3130; x_wconf 72' lang='grc' dir='ltr'><strong>καὶ</strong></span> <span class='ocrx_word' id='word_1_684' title='bbox 3335 3073 3534 3145; x_wconf 84' lang='grc' dir='ltr'>πρῶτον</span> <span class='ocrx_word' id='word_1_685' title='bbox 3555 3072 3624 3132; x_wconf 72' lang='grc' dir='ltr'>εἰς</span> <span class='ocrx_word' id='word_1_686' title='bbox 3639 3065 3754 3133; x_wconf 64' lang='grc' dir='ltr'>ἁγίαν</span> 
     </span>
    </p>
   </div>
   <div class='ocr_carea' id='block_1_93' title="bbox 2244 3155 3752 3242">
    <p class='ocr_par' dir='ltr' id='par_1_93' title="bbox 2244 3155 3752 3242">
     <span class='ocr_line' id='line_1_93' title="bbox 2244 3155 3752 3242; baseline -0.014 -13"><span class='ocrx_word' id='word_1_687' title='bbox 2244 3177 2364 3229; x_wconf 68' lang='grc' dir='ltr'>τινὰ</span> <span class='ocrx_word' id='word_1_688' title='bbox 2393 3175 2487 3228; x_wconf 67' lang='grc' dir='ltr'><strong>καὶ</strong></span> <span class='ocrx_word' id='word_1_689' title='bbox 2525 3171 2985 3242; x_wconf 82' lang='grc' dir='ltr'>τεθαυμασμὲνην</span> <span class='ocrx_word' id='word_1_690' title='bbox 3019 3169 3092 3232; x_wconf 86' lang='grc' dir='ltr'>ὡς</span> <span class='ocrx_word' id='word_1_691' title='bbox 3126 3171 3190 3221; x_wconf 80' lang='grc' dir='ltr'>ὲν</span> <span class='ocrx_word' id='word_1_692' title='bbox 3236 3166 3432 3237; x_wconf 77' lang='grc' dir='ltr'>ἑαυτῷ,</span> <span class='ocrx_word' id='word_1_693' title='bbox 3468 3163 3549 3217; x_wconf 75' lang='grc' dir='ltr'>καὶ</span> <span class='ocrx_word' id='word_1_694' title='bbox 3578 3155 3752 3230; x_wconf 64' lang='lat' dir='ltr'><strong>mde</strong></span> 
     </span>
    </p>
   </div>
   <div class='ocr_carea' id='block_1_94' title="bbox 2249 3246 3752 3338">
    <p class='ocr_par' dir='ltr' id='par_1_94' title="bbox 2249 3246 3752 3338">
     <span class='ocr_line' id='line_1_94' title="bbox 2249 3246 3752 3338; baseline -0.013 -16"><span class='ocrx_word' id='word_1_695' title='bbox 2249 3267 2335 3334; x_wconf 85' lang='grc' dir='ltr'><strong>ξον</strong></span> <span class='ocrx_word' id='word_1_696' title='bbox 2362 3265 2575 3338; x_wconf 79' lang='grc' dir='ltr'>ἀληθῶς</span> <span class='ocrx_word' id='word_1_697' title='bbox 2607 3261 2859 3328; x_wconf 81' lang='grc' dir='ltr'>ἀπότεξιν</span> <span class='ocrx_word' id='word_1_698' title='bbox 2905 3264 2998 3315; x_wconf 70' lang='grc' dir='ltr'><strong>καὶ</strong></span> <span class='ocrx_word' id='word_1_699' title='bbox 3027 3261 3179 3330; x_wconf 81' lang='grc' dir='ltr'><strong>ζωήν</strong></span> <span class='ocrx_word' id='word_1_700' title='bbox 3202 3277 3214 3290; x_wconf 92' lang='grc'><strong>·</strong></span> <span class='ocrx_word' id='word_1_701' title='bbox 3255 3259 3440 3328; x_wconf 81' lang='grc' dir='ltr'>γέγονε</span> <span class='ocrx_word' id='word_1_702' title='bbox 3466 3256 3518 3309; x_wconf 84' lang='grc' dir='ltr'>δὲ</span> <span class='ocrx_word' id='word_1_703' title='bbox 3551 3254 3632 3306; x_wconf 75' lang='grc' dir='ltr'><strong>καὶ</strong></span> <span class='ocrx_word' id='word_1_704' title='bbox 3655 3246 3752 3318; x_wconf 72' lang='grc' dir='ltr'>πρῶ</span> 
     </span>
    </p>
   </div>
   <div class='ocr_carea' id='block_1_95' title="bbox 2244 3340 3752 3423">
    <p class='ocr_par' dir='ltr' id='par_1_95' title="bbox 2244 3340 3752 3423">
     <span class='ocr_line' id='line_1_95' title="bbox 2244 3340 3752 3423; baseline -0.009 -13"><span class='ocrx_word' id='word_1_705' title='bbox 2244 3340 2332 3420; x_wconf 73' lang='grc' dir='ltr'><strong>τος</strong></span> <span class='ocrx_word' id='word_1_706' title='bbox 2368 3356 2527 3418; x_wconf 82' lang='grc' dir='ltr'>αὐτὸς</span> <span class='ocrx_word' id='word_1_707' title='bbox 2572 3354 2828 3423; x_wconf 78' lang='grc' dir='ltr'>γεννητὸς</span> <span class='ocrx_word' id='word_1_708' title='bbox 2858 3353 2951 3405; x_wconf 88' lang='grc' dir='ltr'><strong>τοῦ</strong></span> <span class='ocrx_word' id='word_1_709' title='bbox 2993 3350 3148 3419; x_wconf 87' lang='grc' dir='ltr'>ἁγίου</span> <span class='ocrx_word' id='word_1_710' title='bbox 3188 3349 3494 3419; x_wconf 78' lang='grc' dir='ltr'>Πνεῦματος</span> <span class='ocrx_word' id='word_1_711' title='bbox 3525 3343 3663 3413; x_wconf 76' lang='grc' dir='ltr'>(κατα</span> <span class='ocrx_word' id='word_1_712' title='bbox 3688 3353 3752 3404; x_wconf 75' lang='grc' dir='ltr'><strong>γε,</strong></span> 
     </span>
    </p>
   </div>
   <div class='ocr_carea' id='block_1_96' title="bbox 2247 3427 3752 3518">
    <p class='ocr_par' dir='ltr' id='par_1_96' title="bbox 2247 3427 3752 3518">
     <span class='ocr_line' id='line_1_96' title="bbox 2247 3427 3752 3518; baseline -0.009 -19"><span class='ocrx_word' id='word_1_713' title='bbox 2247 3465 2318 3518; x_wconf 84' lang='grc' dir='ltr'><strong>φη</strong></span> <span class='ocrx_word' id='word_1_714' title='bbox 2329 3448 2412 3516; x_wconf 72' lang='grc' dir='ltr'><strong>μὶ,</strong></span> <span class='ocrx_word' id='word_1_715' title='bbox 2441 3448 2538 3518; x_wconf 84' lang='grc' dir='ltr'><strong>τὴν</strong></span> <span class='ocrx_word' id='word_1_716' title='bbox 2562 3445 2778 3516; x_wconf 80' lang='grc' dir='ltr'>σάρκα),</span> <span class='ocrx_word' id='word_1_717' title='bbox 2803 3443 2866 3496; x_wconf 75' lang='grc' dir='ltr'>ἵν’</span> <span class='ocrx_word' id='word_1_718' title='bbox 2891 3443 3080 3512; x_wconf 83' lang='grc' dir='ltr'>ὥσπερ</span> <span class='ocrx_word' id='word_1_719' title='bbox 3101 3439 3210 3510; x_wconf 82' lang='grc' dir='ltr'><strong>ὀδῷ</strong></span> <span class='ocrx_word' id='word_1_720' title='bbox 3231 3440 3324 3493; x_wconf 71' lang='grc' dir='ltr'><strong>καὶ</strong></span> <span class='ocrx_word' id='word_1_721' title='bbox 3347 3441 3423 3500; x_wconf 88' lang='grc' dir='ltr'>εἱς</span> <span class='ocrx_word' id='word_1_722' title='bbox 3442 3436 3576 3506; x_wconf 73' lang='grc' dir='ltr'>ἡμᾶς</span> <span class='ocrx_word' id='word_1_723' title='bbox 3596 3427 3752 3486; x_wconf 62' lang='grc' dir='ltr'>αὐτοὺς</span> 
     </span>
    </p>
   </div>
   <div class='ocr_carea' id='block_1_97' title="bbox 2246 3519 3751 3607">
    <p class='ocr_par' dir='ltr' id='par_1_97' title="bbox 2246 3519 3751 3607">
     <span class='ocr_line' id='line_1_97' title="bbox 2246 3519 3751 3607; baseline -0.015 -15"><span class='ocrx_word' id='word_1_724' title='bbox 2246 3525 2626 3603; x_wconf 75' lang='grc' dir='ltr'>διαὸαινούσης</span> <span class='ocrx_word' id='word_1_725' title='bbox 2658 3539 2756 3607; x_wconf 84' lang='grc' dir='ltr'>τῆς</span> <span class='ocrx_word' id='word_1_726' title='bbox 2787 3537 3026 3606; x_wconf 76' lang='grc' dir='ltr'>χάριτος,</span> <span class='ocrx_word' id='word_1_727' title='bbox 3068 3533 3170 3584; x_wconf 78' lang='grc' dir='ltr'><strong>οὐκ</strong></span> <span class='ocrx_word' id='word_1_728' title='bbox 3203 3531 3262 3596; x_wconf 79' lang='grc' dir='ltr'>ἐξ</span> <span class='ocrx_word' id='word_1_729' title='bbox 3295 3531 3553 3600; x_wconf 76' lang='grc' dir='ltr'>αἱμάτων,</span> <span class='ocrx_word' id='word_1_730' title='bbox 3590 3521 3689 3575; x_wconf 79' lang='grc' dir='ltr'>οὐδὲ</span> <span class='ocrx_word' id='word_1_731' title='bbox 3710 3519 3751 3569; x_wconf 74' lang='grc' dir='ltr'><strong>ὲιι</strong></span> 
     </span>
    </p>
   </div>
   <div class='ocr_carea' id='block_1_98' title="bbox 2248 3607 3752 3700">
    <p class='ocr_par' dir='ltr' id='par_1_98' title="bbox 2248 3607 3752 3700">
     <span class='ocr_line' id='line_1_98' title="bbox 2248 3607 3752 3700; baseline -0.006 -17"><span class='ocrx_word' id='word_1_732' title='bbox 2248 3613 2552 3700; x_wconf 82' lang='grc' dir='ltr'>θελήματος</span> <span class='ocrx_word' id='word_1_733' title='bbox 2583 3629 2804 3699; x_wconf 79' lang='grc' dir='ltr'>σαρκὸς,</span> <span class='ocrx_word' id='word_1_734' title='bbox 2826 3626 2947 3679; x_wconf 78' lang='grc' dir='ltr'>οὐδὲ</span> <span class='ocrx_word' id='word_1_735' title='bbox 2971 3629 3035 3678; x_wconf 78' lang='grc' dir='ltr'>ἐκ</span> <span class='ocrx_word' id='word_1_736' title='bbox 3059 3623 3368 3693; x_wconf 80' lang='grc' dir='ltr'>θελήματος</span> <span class='ocrx_word' id='word_1_737' title='bbox 3396 3617 3588 3687; x_wconf 77' lang='grc' dir='ltr'>ἀνδρὸς,</span> <span class='ocrx_word' id='word_1_738' title='bbox 3604 3611 3691 3667; x_wconf 77' lang='grc' dir='ltr'>ἀλλ’</span> <span class='ocrx_word' id='word_1_739' title='bbox 3709 3607 3752 3657; x_wconf 61' lang='grc' dir='ltr'><strong>έν</strong></span> 
     </span>
    </p>
   </div>
   <div class='ocr_carea' id='block_1_99' title="bbox 2247 3702 3753 3788">
    <p class='ocr_par' dir='ltr' id='par_1_99' title="bbox 2247 3702 3753 3788">
     <span class='ocr_line' id='line_1_99' title="bbox 2247 3702 3753 3788; baseline -0.014 -14"><span class='ocrx_word' id='word_1_740' title='bbox 2247 3721 2384 3773; x_wconf 86' lang='grc' dir='ltr'>Θεοῦ</span> <span class='ocrx_word' id='word_1_741' title='bbox 2418 3720 2507 3773; x_wconf 84' lang='grc' dir='ltr'><strong>διὰ</strong></span> <span class='ocrx_word' id='word_1_742' title='bbox 2541 3719 2857 3788; x_wconf 85' lang='grc' dir='ltr'>Πνεύματος</span> <span class='ocrx_word' id='word_1_743' title='bbox 2897 3716 2995 3786; x_wconf 84' lang='grc' dir='ltr'>τὴν</span> <span class='ocrx_word' id='word_1_744' title='bbox 3034 3715 3237 3784; x_wconf 83' lang='grc' dir='ltr'>νοητὴν</span> <span class='ocrx_word' id='word_1_745' title='bbox 3279 3713 3486 3782; x_wconf 78' lang='grc' dir='ltr'>ἔχοντες</span> <span class='ocrx_word' id='word_1_746' title='bbox 3522 3702 3753 3771; x_wconf 76' lang='grc' dir='ltr'>ἀναγέννηο</span> 
     </span>
    </p>
   </div>
   <div class='ocr_carea' id='block_1_100' title="bbox 2250 3788 3754 3884">
    <p class='ocr_par' dir='ltr' id='par_1_100' title="bbox 2250 3788 3754 3884">
     <span class='ocr_line' id='line_1_100' title="bbox 2250 3788 3754 3884; baseline -0.012 -19"><span class='ocrx_word' id='word_1_747' title='bbox 2250 3830 2352 3875; x_wconf 88' lang='grc' dir='ltr'>σιν,</span> <span class='ocrx_word' id='word_1_748' title='bbox 2386 3810 2479 3864; x_wconf 71' lang='grc' dir='ltr'><strong>καὶ</strong></span> <span class='ocrx_word' id='word_1_749' title='bbox 2526 3811 2626 3882; x_wconf 81' lang='grc' dir='ltr'><strong>τὴν</strong></span> <span class='ocrx_word' id='word_1_750' title='bbox 2661 3810 2796 3884; x_wconf 78' lang='grc' dir='ltr'>πρός</span> <span class='ocrx_word' id='word_1_751' title='bbox 2845 3827 2908 3880; x_wconf 89' lang='grc' dir='ltr'><strong>γε</strong></span> <span class='ocrx_word' id='word_1_752' title='bbox 2956 3807 3047 3860; x_wconf 82' lang='grc' dir='ltr'><strong>τὸν</strong></span> <span class='ocrx_word' id='word_1_753' title='bbox 3101 3805 3264 3874; x_wconf 81' lang='grc' dir='ltr'>φύσει</span> <span class='ocrx_word' id='word_1_754' title='bbox 3297 3804 3388 3857; x_wconf 81' lang='grc' dir='ltr'><strong>καὶ</strong></span> <span class='ocrx_word' id='word_1_755' title='bbox 3433 3795 3623 3867; x_wconf 81' lang='grc' dir='ltr'>ἀληθῶς</span> <span class='ocrx_word' id='word_1_756' title='bbox 3663 3788 3754 3849; x_wconf 62' lang='grc' dir='ltr'><strong>Υἰδν</strong></span> 
     </span>
    </p>
   </div>
   <div class='ocr_carea' id='block_1_101' title="bbox 2249 3883 3754 3974">
    <p class='ocr_par' dir='ltr' id='par_1_101' title="bbox 2249 3883 3754 3974">
     <span class='ocr_line' id='line_1_101' title="bbox 2249 3883 3754 3974; baseline -0.008 -20"><span class='ocrx_word' id='word_1_757' title='bbox 2249 3900 2600 3974; x_wconf 77' lang='grc' dir='ltr'>συμμορφίαν</span> <span class='ocrx_word' id='word_1_758' title='bbox 2621 3883 3018 3968; x_wconf 75' lang='grc' dir='ltr'>πνευματικὴν,</span> <span class='ocrx_word' id='word_1_759' title='bbox 3039 3898 3261 3968; x_wconf 80' lang='grc' dir='ltr'>Πατέρα</span> <span class='ocrx_word' id='word_1_760' title='bbox 3290 3893 3531 3962; x_wconf 81' lang='grc' dir='ltr'>καλῶμεν</span> <span class='ocrx_word' id='word_1_761' title='bbox 3549 3889 3627 3940; x_wconf 85' lang='grc' dir='ltr'>τὸν</span> <span class='ocrx_word' id='word_1_762' title='bbox 3641 3883 3754 3974; x_wconf 25' lang='grc' dir='ltr'>Θε-ὺνι</span> 
     </span>
    </p>
   </div>
   <div class='ocr_carea' id='block_1_102' title="bbox 2245 3972 3752 4064">
    <p class='ocr_par' dir='ltr' id='par_1_102' title="bbox 2245 3972 3752 4064">
     <span class='ocr_line' id='line_1_102' title="bbox 2245 3972 3752 4064; baseline -0.017 -14"><span class='ocrx_word' id='word_1_763' title='bbox 2245 3997 2387 4051; x_wconf 68' lang='grc' dir='ltr'>οὕτω</span> <span class='ocrx_word' id='word_1_764' title='bbox 2415 4012 2473 4047; x_wconf 88' lang='grc' dir='ltr'><strong>τε</strong></span> <span class='ocrx_word' id='word_1_765' title='bbox 2515 3991 2780 4064; x_wconf 62' lang='grc' dir='ltr'>ἄφθαρτοι</span> <span class='ocrx_word' id='word_1_766' title='bbox 2833 3990 3198 4059; x_wconf 79' lang='grc' dir='ltr'>διαμένωμεν,</span> <span class='ocrx_word' id='word_1_767' title='bbox 3244 3987 3318 4050; x_wconf 86' lang='grc' dir='ltr'>ὼς</span> <span class='ocrx_word' id='word_1_768' title='bbox 3357 3986 3451 4037; x_wconf 85' lang='grc' dir='ltr'><strong>οὐκ</strong></span> <span class='ocrx_word' id='word_1_769' title='bbox 3494 3981 3565 4034; x_wconf 80' lang='grc' dir='ltr'>ἔτι</span> <span class='ocrx_word' id='word_1_770' title='bbox 3595 3972 3752 4036; x_wconf 72' lang='grc' dir='ltr'>πατέρα</span> 
     </span>
    </p>
   </div>
   <div class='ocr_carea' id='block_1_103' title="bbox 2246 4065 3750 4162">
    <p class='ocr_par' dir='ltr' id='par_1_103' title="bbox 2246 4065 3750 4162">
     <span class='ocr_line' id='line_1_103' title="bbox 2246 4065 3750 4162; baseline -0.017 -18"><span class='ocrx_word' id='word_1_771' title='bbox 2246 4092 2336 4144; x_wconf 77' lang='grc' dir='ltr'><strong>τὸν</strong></span> <span class='ocrx_word' id='word_1_772' title='bbox 2365 4091 2578 4158; x_wconf 83' lang='grc' dir='ltr'>πρῶτον</span> <span class='ocrx_word' id='word_1_773' title='bbox 2604 4087 2839 4156; x_wconf 78' lang='grc' dir='ltr'>ἔχοντες,</span> <span class='ocrx_word' id='word_1_774' title='bbox 2880 4081 3160 4140; x_wconf 79' lang='grc' dir='ltr'>τουτέστιν</span> <span class='ocrx_word' id='word_1_775' title='bbox 3211 4077 3400 4147; x_wconf 70' lang='grc' dir='ltr'>Ἀδὰμ,</span> <span class='ocrx_word' id='word_1_776' title='bbox 3428 4076 3481 4126; x_wconf 80' lang='grc' dir='ltr'>ὲν</span> <span class='ocrx_word' id='word_1_777' title='bbox 3519 4065 3560 4138; x_wconf 82' lang='grc' dir='ltr'><strong>ᾧ</strong></span> <span class='ocrx_word' id='word_1_778' title='bbox 3584 4067 3662 4120; x_wconf 80' lang='grc' dir='ltr'>καί</span> 
     </span>
    </p>
   </div>
   <div class='ocr_carea' id='block_1_104' title="bbox 2250 4152 3747 4252">
    <p class='ocr_par' dir='ltr' id='par_1_104' title="bbox 2250 4152 3747 4252">
     <span class='ocr_line' id='line_1_104' title="bbox 2250 4152 3747 4252; baseline -0.023 -18"><span class='ocrx_word' id='word_1_779' title='bbox 2250 4152 2520 4252; x_wconf 76' lang='grc' dir='ltr'>θάρμεοα.</span> <span class='ocrx_word' id='word_1_780' title='bbox 2546 4152 2666 4231; x_wconf 42' lang='grc' dir='ltr'>Καὶ,</span> <span class='ocrx_word' id='word_1_781' title='bbox 2697 4175 2825 4243; x_wconf 82' lang='grc' dir='ltr'>γοῦν</span> <span class='ocrx_word' id='word_1_782' title='bbox 2858 4172 2960 4242; x_wconf 63' lang='grc' dir='ltr'><strong>ἔφη</strong></span> <span class='ocrx_word' id='word_1_783' title='bbox 2996 4169 3253 4239; x_wconf 75' lang='grc' dir='ltr'><strong>Χριστὸς²</strong></span> <span class='ocrx_word' id='word_1_784' title='bbox 3288 4166 3366 4236; x_wconf 80' lang='grc' dir='ltr'>πῆ</span> <span class='ocrx_word' id='word_1_785' title='bbox 3398 4164 3510 4252; x_wconf 65' lang='grc' dir='ltr'>μὲν,</span> <span class='ocrx_word' id='word_1_786' title='bbox 3535 4160 3606 4252; x_wconf 80' lang='grc' dir='ltr'><strong>ὅτι</strong></span> <span class='ocrx_word' id='word_1_787' title='bbox 3637 4152 3747 4252; x_wconf 52' lang='lat' dir='ltr'><strong>elisi</strong></span> 
     </span>
    </p>
   </div>
   <div class='ocr_carea' id='block_1_105' title="bbox 2251 4245 3750 4344">
    <p class='ocr_par' dir='ltr' id='par_1_105' title="bbox 2251 4245 3750 4344">
     <span class='ocr_line' id='line_1_105' title="bbox 2251 4245 3750 4344; baseline -0.021 -20"><span class='ocrx_word' id='word_1_788' title='bbox 2251 4245 2462 4343; x_wconf 54' lang='grc' dir='ltr'>πατέρα</span> <span class='ocrx_word' id='word_1_789' title='bbox 2498 4269 2571 4340; x_wconf 87' lang='grc' dir='ltr'><strong>μὴ</strong></span> <span class='ocrx_word' id='word_1_790' title='bbox 2592 4255 2853 4333; x_wconf 76' lang='grc' dir='ltr'>καλέσητε</span> <span class='ocrx_word' id='word_1_791' title='bbox 2877 4261 3030 4331; x_wconf 81' lang='grc' dir='ltr'>ὑμῶν</span> <span class='ocrx_word' id='word_1_792' title='bbox 3061 4260 3153 4321; x_wconf 68' lang='grc' dir='ltr'><strong>ἐπὶ</strong></span> <span class='ocrx_word' id='word_1_793' title='bbox 3168 4257 3268 4327; x_wconf 77' lang='grc' dir='ltr'>τῆς</span> <span class='ocrx_word' id='word_1_794' title='bbox 3290 4257 3410 4325; x_wconf 80' lang='grc' dir='ltr'>γῆς,</span> <span class='ocrx_word' id='word_1_795' title='bbox 3435 4247 3508 4315; x_wconf 76' lang='grc' dir='ltr'>εἷς</span> <span class='ocrx_word' id='word_1_796' title='bbox 3644 4245 3750 4344; x_wconf 54' lang='grc' dir='ltr'><strong>ἐστΐν</strong></span> 
     </span>
    </p>
   </div>
   <div class='ocr_carea' id='block_1_106' title="bbox 3612 4340 3750 4390">
    <p class='ocr_par' dir='ltr' id='par_1_106' title="bbox 3612 4340 3750 4390">
     <span class='ocr_line' id='line_1_106' title="bbox 3612 4340 3750 4390; baseline -0.036 -3"><span class='ocrx_word' id='word_1_797' title='bbox 3612 4340 3655 4390; x_wconf 78' lang='grc' dir='ltr'><strong>ἐν</strong></span> <span class='ocrx_word' id='word_1_798' title='bbox 3673 4340 3750 4389; x_wconf 70' lang='grc' dir='ltr'>τοῖς</span> 
     </span>
    </p>
   </div>
   <div class='ocr_carea' id='block_1_107' title="bbox 2253 4423 3750 4530">
    <p class='ocr_par' dir='ltr' id='par_1_107' title="bbox 2253 4423 3750 4530">
     <span class='ocr_line' id='line_1_107' title="bbox 2253 4423 3750 4530; baseline -0.025 -18"><span class='ocrx_word' id='word_1_799' title='bbox 2253 4458 2373 4511; x_wconf 83' lang='grc' dir='ltr'>καθ’</span> <span class='ocrx_word' id='word_1_800' title='bbox 2389 4423 2534 4527; x_wconf 66' lang='grc' dir='ltr'>ἡμᾶς</span> <span class='ocrx_word' id='word_1_801' title='bbox 2557 4423 2649 4506; x_wconf 48' lang='grc' dir='ltr'><strong>διὰ</strong></span> <span class='ocrx_word' id='word_1_802' title='bbox 2674 4451 2829 4509; x_wconf 87' lang='grc' dir='ltr'>τοῦτο</span> <span class='ocrx_word' id='word_1_803' title='bbox 2846 4446 3196 4516; x_wconf 84' lang='grc' dir='ltr'>καθιγμένος,</span> <span class='ocrx_word' id='word_1_804' title='bbox 3226 4443 3291 4495; x_wconf 82' lang='grc' dir='ltr'>ἵν’</span> <span class='ocrx_word' id='word_1_805' title='bbox 3317 4443 3456 4511; x_wconf 78' lang='grc' dir='ltr'>ἡμᾶς</span> 
     </span>
    </p>
   </div>
   <div class='ocr_carea' id='block_1_108' title="bbox 2251 4527 3752 4608">
    <p class='ocr_par' dir='ltr' id='par_1_108' title="bbox 2251 4527 3752 4608">
     <span class='ocr_line' id='line_1_108' title="bbox 2251 4527 3752 4608; baseline -0.026 -5"><span class='ocrx_word' id='word_1_806' title='bbox 2251 4551 2310 4603; x_wconf 84' lang='grc' dir='ltr'><strong>τὸ</strong></span> <span class='ocrx_word' id='word_1_807' title='bbox 2346 4549 2474 4601; x_wconf 79' lang='grc' dir='ltr'>ἴδιον</span> <span class='ocrx_word' id='word_1_808' title='bbox 2513 4544 2677 4598; x_wconf 83' lang='grc' dir='ltr'>αὐτοῦ</span> <span class='ocrx_word' id='word_1_809' title='bbox 2706 4543 2800 4595; x_wconf 73' lang='grc' dir='ltr'>καὶ</span> <span class='ocrx_word' id='word_1_810' title='bbox 2824 4537 3126 4608; x_wconf 78' lang='grc' dir='ltr'>θεοπρεπὲς</span> <span class='ocrx_word' id='word_1_811' title='bbox 3164 4535 3378 4602; x_wconf 80' lang='grc' dir='ltr'>ἀξίωμα</span> <span class='ocrx_word' id='word_1_812' title='bbox 3399 4546 3410 4558; x_wconf 93' lang='grc'><strong>·</strong></span> <span class='ocrx_word' id='word_1_813' title='bbox 3451 4547 3467 4578; x_wconf 78' lang='grc' dir='ltr'>ι</span> <span class='ocrx_word' id='word_1_814' title='bbox 3501 4527 3752 4592; x_wconf 67' lang='grc' dir='ltr'>Πορεύομαι</span> 
     </span>
    </p>
   </div>
   <div class='ocr_carea' id='block_1_109' title="bbox 2255 4611 3752 4712">
    <p class='ocr_par' dir='ltr' id='par_1_109' title="bbox 2255 4611 3752 4712">
     <span class='ocr_line' id='line_1_109' title="bbox 2255 4611 3752 4712; baseline -0.023 -18"><span class='ocrx_word' id='word_1_815' title='bbox 2255 4643 2388 4712; x_wconf 79' lang='grc' dir='ltr'>πρὸς</span> <span class='ocrx_word' id='word_1_816' title='bbox 2405 4640 2494 4691; x_wconf 80' lang='grc' dir='ltr'><strong>τὸν</strong></span> <span class='ocrx_word' id='word_1_817' title='bbox 2512 4636 2730 4706; x_wconf 79' lang='grc' dir='ltr'>Πατέρα</span> <span class='ocrx_word' id='word_1_818' title='bbox 2761 4649 2860 4703; x_wconf 84' lang='grc' dir='ltr'><strong>μου</strong></span> <span class='ocrx_word' id='word_1_819' title='bbox 2890 4631 2983 4685; x_wconf 75' lang='grc' dir='ltr'><strong>καὶ</strong></span> <span class='ocrx_word' id='word_1_820' title='bbox 3006 4626 3224 4696; x_wconf 82' lang='grc' dir='ltr'>Πατέρα</span> <span class='ocrx_word' id='word_1_821' title='bbox 3245 4626 3272 4677; x_wconf 86' lang='grc' dir='ltr'>ὑ</span> <span class='ocrx_word' id='word_1_822' title='bbox 3281 4620 3520 4712; x_wconf 45' lang='lat' dir='ltr'><strong>para,in</strong></span> <span class='ocrx_word' id='word_1_823' title='bbox 3543 4611 3752 4712; x_wconf 76' lang='grc' dir='ltr'>Θεόν</span> 
     </span>
    </p>
   </div>
   <div class='ocr_carea' id='block_1_110' title="bbox 2251 4706 3752 4799">
    <p class='ocr_par' dir='ltr' id='par_1_110' title="bbox 2251 4706 3752 4799">
     <span class='ocr_line' id='line_1_110' title="bbox 2251 4706 3752 4799; baseline -0.023 -14"><span class='ocrx_word' id='word_1_824' title='bbox 2251 4734 2345 4784; x_wconf 78' lang='grc' dir='ltr'><strong>καὶ</strong></span> <span class='ocrx_word' id='word_1_825' title='bbox 2371 4730 2500 4783; x_wconf 82' lang='grc' dir='ltr'>Θεὸν</span> <span class='ocrx_word' id='word_1_826' title='bbox 2533 4727 2705 4796; x_wconf 84' lang='grc' dir='ltr'>ὑμῶν.</span> <span class='ocrx_word' id='word_1_827' title='bbox 2737 4744 2754 4774; x_wconf 74' lang='grc' dir='ltr'><strong>ι</strong></span> <span class='ocrx_word' id='word_1_828' title='bbox 2779 4720 2950 4775; x_wconf 81' lang='grc' dir='ltr'>Αὑτοῦ</span> <span class='ocrx_word' id='word_1_829' title='bbox 2999 4720 3096 4789; x_wconf 84' lang='grc' dir='ltr'><strong>μὲν</strong></span> <span class='ocrx_word' id='word_1_830' title='bbox 3133 4717 3240 4786; x_wconf 77' lang='grc' dir='ltr'><strong>γὰρ</strong></span> <span class='ocrx_word' id='word_1_831' title='bbox 3270 4715 3423 4784; x_wconf 80' lang='grc' dir='ltr'>φύσει</span> <span class='ocrx_word' id='word_1_832' title='bbox 3453 4706 3619 4774; x_wconf 76' lang='grc' dir='ltr'>Πατὴρ</span> <span class='ocrx_word' id='word_1_833' title='bbox 3658 4715 3684 4799; x_wconf 41' lang='grc' dir='ltr'>ο.</span> <span class='ocrx_word' id='word_1_834' title='bbox 3711 4709 3752 4744; x_wconf 76' lang='grc' dir='ltr'>εν</span> 
     </span>
    </p>
   </div>
   <div class='ocr_carea' id='block_1_111' title="bbox 2249 4796 3752 4892">
    <p class='ocr_par' dir='ltr' id='par_1_111' title="bbox 2249 4796 3752 4892">
     <span class='ocr_line' id='line_1_111' title="bbox 2249 4796 3752 4892; baseline -0.013 -17"><span class='ocrx_word' id='word_1_835' title='bbox 2249 4826 2360 4884; x_wconf 83' lang='grc' dir='ltr'>τοῖς</span> <span class='ocrx_word' id='word_1_836' title='bbox 2393 4820 2672 4890; x_wconf 80' lang='grc' dir='ltr'>οὐρανοῖς,</span> <span class='ocrx_word' id='word_1_837' title='bbox 2709 4814 2864 4886; x_wconf 81' lang='grc' dir='ltr'>ἡμῶν</span> <span class='ocrx_word' id='word_1_838' title='bbox 2917 4812 2971 4864; x_wconf 79' lang='grc' dir='ltr'><strong>δὲ</strong></span> <span class='ocrx_word' id='word_1_839' title='bbox 3020 4810 3170 4873; x_wconf 85' lang='grc' dir='ltr'>Θεός.</span> <span class='ocrx_word' id='word_1_840' title='bbox 3235 4801 3450 4870; x_wconf 75' lang='grc' dir='ltr'>Ἐπειδὴ</span> <span class='ocrx_word' id='word_1_841' title='bbox 3484 4799 3535 4849; x_wconf 81' lang='grc' dir='ltr'><strong>δὲ</strong></span> <span class='ocrx_word' id='word_1_842' title='bbox 3569 4796 3593 4844; x_wconf 70' lang='grc' dir='ltr'>ὁ</span> <span class='ocrx_word' id='word_1_843' title='bbox 3632 4799 3752 4892; x_wconf 47' lang='grc' dir='ltr'>εἰξῖεε</span> 
     </span>
    </p>
   </div>
   <div class='ocr_carea' id='block_1_112' title="bbox 2249 4890 3751 4984">
    <p class='ocr_par' dir='ltr' id='par_1_112' title="bbox 2249 4890 3751 4984">
     <span class='ocr_line' id='line_1_112' title="bbox 2249 4890 3751 4984; baseline -0.028 -17"><span class='ocrx_word' id='word_1_844' title='bbox 2249 4917 2342 4967; x_wconf 84' lang='grc' dir='ltr'><strong>καί</strong></span> <span class='ocrx_word' id='word_1_845' title='bbox 2370 4912 2583 4982; x_wconf 84' lang='grc' dir='ltr'>ἀληθῶς</span> <span class='ocrx_word' id='word_1_846' title='bbox 2607 4909 2733 4970; x_wconf 81' lang='grc' dir='ltr'>Υἱὸς</span> <span class='ocrx_word' id='word_1_847' title='bbox 2762 4907 2952 4975; x_wconf 78' lang='grc' dir='ltr'>γέγονε</span> <span class='ocrx_word' id='word_1_848' title='bbox 2998 4904 3116 4956; x_wconf 81' lang='grc' dir='ltr'>καθ’</span> <span class='ocrx_word' id='word_1_849' title='bbox 3147 4901 3314 4969; x_wconf 78' lang='grc' dir='ltr'>ἡμᾶς,</span> <span class='ocrx_word' id='word_1_850' title='bbox 3351 4895 3476 4948; x_wconf 75' lang='grc' dir='ltr'>Θεὸν</span> <span class='ocrx_word' id='word_1_851' title='bbox 3515 4890 3751 4984; x_wconf 39' lang='grc' dir='ltr'>ἐσχηκεζιαι</span> 
     </span>
    </p>
   </div>
   <div class='ocr_carea' id='block_1_113' title="bbox 2248 4967 3751 5076">
    <p class='ocr_par' dir='ltr' id='par_1_113' title="bbox 2248 4967 3751 5076">
     <span class='ocr_line' id='line_1_113' title="bbox 2248 4967 3751 5076; baseline -0.039 1"><span class='ocrx_word' id='word_1_852' title='bbox 2248 5006 2411 5076; x_wconf 67' lang='grc' dir='ltr'>φησὶν</span> <span class='ocrx_word' id='word_1_853' title='bbox 2451 5003 2632 5065; x_wconf 65' lang='grc' dir='ltr'>αὑτὸν,</span> <span class='ocrx_word' id='word_1_854' title='bbox 2663 4999 2804 5053; x_wconf 83' lang='grc' dir='ltr'>κατά</span> <span class='ocrx_word' id='word_1_855' title='bbox 2834 5015 2895 5066; x_wconf 89' lang='grc' dir='ltr'><strong>γε</strong></span> <span class='ocrx_word' id='word_1_856' title='bbox 2921 4996 3010 5048; x_wconf 75' lang='grc' dir='ltr'><strong>τὸν</strong></span> <span class='ocrx_word' id='word_1_857' title='bbox 3046 4997 3110 5064; x_wconf 85' lang='grc' dir='ltr'>τῇ</span> <span class='ocrx_word' id='word_1_858' title='bbox 3146 4989 3366 5045; x_wconf 78' lang='grc' dir='ltr'>κενώσει</span> <span class='ocrx_word' id='word_1_859' title='bbox 3410 4983 3653 5054; x_wconf 78' lang='grc' dir='ltr'>πρέποντα</span> <span class='ocrx_word' id='word_1_860' title='bbox 3685 4967 3751 5020; x_wconf 69' lang='grc' dir='ltr'><strong>Λό-</strong></span> 
     </span>
    </p>
   </div>
   <div class='ocr_carea' id='block_1_114' title="bbox 2245 5067 3749 5167">
    <p class='ocr_par' dir='ltr' id='par_1_114' title="bbox 2245 5067 3749 5167">
     <span class='ocr_line' id='line_1_114' title="bbox 2245 5067 3749 5167; baseline -0.017 -16"><span class='ocrx_word' id='word_1_861' title='bbox 2245 5067 2360 5167; x_wconf 72' lang='grc' dir='ltr'>γον.</span> <span class='ocrx_word' id='word_1_862' title='bbox 2391 5095 2598 5150; x_wconf 75' lang='grc' dir='ltr'>Δὲδωκε</span> <span class='ocrx_word' id='word_1_863' title='bbox 2622 5093 2677 5144; x_wconf 83' lang='grc' dir='ltr'>δὲ</span> <span class='ocrx_word' id='word_1_864' title='bbox 2709 5090 2800 5144; x_wconf 65' lang='grc' dir='ltr'><strong>καλ⁵</strong></span> <span class='ocrx_word' id='word_1_865' title='bbox 2829 5090 2959 5159; x_wconf 86' lang='grc' dir='ltr'>ἡμῖν</span> <span class='ocrx_word' id='word_1_866' title='bbox 2992 5087 3081 5139; x_wconf 89' lang='grc' dir='ltr'><strong>τὸν</strong></span> <span class='ocrx_word' id='word_1_867' title='bbox 3111 5081 3302 5137; x_wconf 86' lang='grc' dir='ltr'>ἐαυτοῦ</span> <span class='ocrx_word' id='word_1_868' title='bbox 3333 5076 3564 5167; x_wconf 59' lang='grc' dir='ltr'>Πατέρσ¹</span> <span class='ocrx_word' id='word_1_869' title='bbox 3593 5067 3749 5164; x_wconf 63' lang='grc' dir='ltr'>γέιρξι-</span> 
     </span>
    </p>
   </div>
   <div class='ocr_carea' id='block_1_115' title="bbox 2245 5165 3744 5258">
    <p class='ocr_par' dir='ltr' id='par_1_115' title="bbox 2245 5165 3744 5258">
     <span class='ocr_line' id='line_1_115' title="bbox 2245 5165 3744 5258; baseline -0.016 -15"><span class='ocrx_word' id='word_1_870' title='bbox 2245 5165 2376 5243; x_wconf 79' lang='grc' dir='ltr'>πται</span> <span class='ocrx_word' id='word_1_871' title='bbox 2419 5188 2554 5258; x_wconf 79' lang='grc' dir='ltr'>γὰρ,</span> <span class='ocrx_word' id='word_1_872' title='bbox 2597 5186 2678 5238; x_wconf 82' lang='grc' dir='ltr'>ὅτι</span> <span class='ocrx_word' id='word_1_873' title='bbox 2716 5204 2732 5234; x_wconf 76' lang='grc' dir='ltr'>ι</span> <span class='ocrx_word' id='word_1_874' title='bbox 2755 5184 2909 5234; x_wconf 84' lang='grc' dir='ltr'>Ὅσοι</span> <span class='ocrx_word' id='word_1_875' title='bbox 2934 5179 2989 5230; x_wconf 78' lang='grc' dir='ltr'>δὲ</span> <span class='ocrx_word' id='word_1_876' title='bbox 3020 5177 3206 5230; x_wconf 71' lang='grc' dir='ltr'>ἔλαϐον</span> <span class='ocrx_word' id='word_1_877' title='bbox 3244 5171 3435 5232; x_wconf 81' lang='grc' dir='ltr'>αὑτὸν,</span> <span class='ocrx_word' id='word_1_878' title='bbox 3469 5165 3638 5258; x_wconf 45' lang='grc' dir='ltr'><strong>ἔδωκε-ξι</strong></span> <span class='ocrx_word' id='word_1_879' title='bbox 3673 5170 3744 5204; x_wconf 74' lang='grc' dir='ltr'><strong>αν·</strong></span> 
     </span>
    </p>
   </div>
   <div class='ocr_carea' id='block_1_116' title="bbox 2246 5248 3746 5348">
    <p class='ocr_par' dir='ltr' id='par_1_116' title="bbox 2246 5248 3746 5348">
     <span class='ocr_line' id='line_1_116' title="bbox 2246 5248 3746 5348; baseline -0.029 -12"><span class='ocrx_word' id='word_1_880' title='bbox 2246 5286 2356 5346; x_wconf 83' lang='grc' dir='ltr'>τοῖς</span> <span class='ocrx_word' id='word_1_881' title='bbox 2388 5279 2637 5347; x_wconf 76' lang='grc' dir='ltr'>ἐξουσίαν</span> <span class='ocrx_word' id='word_1_882' title='bbox 2666 5277 2831 5329; x_wconf 79' lang='grc' dir='ltr'>τέκνα</span> <span class='ocrx_word' id='word_1_883' title='bbox 2872 5270 3006 5324; x_wconf 84' lang='grc' dir='ltr'>Θεοῦ</span> <span class='ocrx_word' id='word_1_884' title='bbox 3032 5265 3282 5337; x_wconf 79' lang='grc' dir='ltr'>γενέσθαι</span> <span class='ocrx_word' id='word_1_885' title='bbox 3311 5264 3415 5322; x_wconf 85' lang='grc' dir='ltr'>τοῖς</span> <span class='ocrx_word' id='word_1_886' title='bbox 3459 5248 3746 5348; x_wconf 68' lang='grc' dir='ltr'>πιστεύουσιῖ</span> 
     </span>
    </p>
   </div>
   <div class='ocr_carea' id='block_1_117' title="bbox 2243 5327 3747 5441">
    <p class='ocr_par' dir='ltr' id='par_1_117' title="bbox 2243 5327 3747 5441">
     <span class='ocr_line' id='line_1_117' title="bbox 2256 5327 3642 5348; baseline -0.017 -1"><span class='ocrx_word' id='word_1_887' title='bbox 2256 5327 2354 5346; x_wconf 67' lang='grc' dir='ltr'><strong>ἰ’-δ</strong></span> <span class='ocrx_word' id='word_1_888' title='bbox 2389 5327 2628 5347; x_wconf 47' lang='grc' dir='ltr'><strong>*παντί-η</strong></span> <span class='ocrx_word' id='word_1_889' title='bbox 2679 5327 2736 5329; x_wconf 56' lang='grc' dir='ltr'><strong>-ν</strong></span> <span class='ocrx_word' id='word_1_890' title='bbox 3044 5327 3054 5337; x_wconf 94' lang='grc'>.</span> <span class='ocrx_word' id='word_1_891' title='bbox 3624 5338 3642 5348; x_wconf 44' lang='grc'>⁸</span> 
     </span>
     <span class='ocr_line' id='line_1_118' title="bbox 2243 5327 3747 5441; baseline -0.021 -11"><span class='ocrx_word' id='word_1_892' title='bbox 2243 5381 2320 5438; x_wconf 84' lang='grc' dir='ltr'>εἰς</span> <span class='ocrx_word' id='word_1_893' title='bbox 2359 5375 2422 5427; x_wconf 77' lang='grc' dir='ltr'>τὸ</span> <span class='ocrx_word' id='word_1_894' title='bbox 2449 5375 2619 5441; x_wconf 78' lang='grc' dir='ltr'>ὄνομα</span> <span class='ocrx_word' id='word_1_895' title='bbox 2647 5365 2831 5420; x_wconf 83' lang='grc' dir='ltr'>αὑτοῦ.</span> <span class='ocrx_word' id='word_1_896' title='bbox 2861 5384 2876 5415; x_wconf 77' lang='grc' dir='ltr'><strong>ι</strong></span> <span class='ocrx_word' id='word_1_897' title='bbox 2912 5365 2973 5415; x_wconf 85' lang='grc' dir='ltr'>Εἰ</span> <span class='ocrx_word' id='word_1_898' title='bbox 3002 5361 3058 5412; x_wconf 83' lang='grc' dir='ltr'><strong>δὲ</strong></span> <span class='ocrx_word' id='word_1_899' title='bbox 3099 5359 3453 5426; x_wconf 73' lang='grc' dir='ltr'>ἀναιρήσομεν</span> <span class='ocrx_word' id='word_1_900' title='bbox 3483 5341 3674 5441; x_wconf 55' lang='grc' dir='ltr'>ἁμαθως</span> 
     </span>
    </p>
   </div>
   <div class='ocr_carea' id='block_1_118' title="bbox 2243 5421 3744 5530">
    <p class='ocr_par' dir='ltr' id='par_1_118' title="bbox 2243 5421 3744 5530">
     <span class='ocr_line' id='line_1_119' title="bbox 2243 5421 3289 5441; baseline -0.026 -11"><span class='ocrx_word' id='word_1_901' title='bbox 2243 5421 2319 5438; x_wconf 54' lang='grc' dir='ltr'><strong>-.ς</strong></span> <span class='ocrx_word' id='word_1_902' title='bbox 2371 5421 2420 5427; x_wconf 62' lang='grc' dir='ltr'>η</span> <span class='ocrx_word' id='word_1_903' title='bbox 3225 5421 3235 5426; x_wconf 82' lang='lat'>_</span> <span class='ocrx_word' id='word_1_904' title='bbox 3281 5421 3289 5424; x_wconf 86' lang='lat'>_</span> 
     </span>
     <span class='ocr_line' id='line_1_120' title="bbox 2243 5421 3744 5530; baseline -0.028 -8"><span class='ocrx_word' id='word_1_905' title='bbox 2243 5471 2299 5521; x_wconf 81' lang='grc' dir='ltr'>ἐν</span> <span class='ocrx_word' id='word_1_906' title='bbox 2332 5438 2583 5530; x_wconf 65' lang='grc' dir='ltr'>ἁποτὲξει</span> <span class='ocrx_word' id='word_1_907' title='bbox 2628 5457 2882 5529; x_wconf 76' lang='grc' dir='ltr'>γενέσθαι</span> <span class='ocrx_word' id='word_1_908' title='bbox 2917 5457 2982 5523; x_wconf 83' lang='grc' dir='ltr'>τῇ</span> <span class='ocrx_word' id='word_1_909' title='bbox 3016 5451 3136 5505; x_wconf 86' lang='grc' dir='ltr'>καθ’</span> <span class='ocrx_word' id='word_1_910' title='bbox 3188 5448 3332 5515; x_wconf 72' lang='grc' dir='ltr'>ἡμᾶς</span> <span class='ocrx_word' id='word_1_911' title='bbox 3363 5442 3449 5495; x_wconf 84' lang='grc' dir='ltr'><strong>τὸν</strong></span> <span class='ocrx_word' id='word_1_912' title='bbox 3482 5439 3539 5490; x_wconf 79' lang='grc' dir='ltr'>ἐκ</span> <span class='ocrx_word' id='word_1_913' title='bbox 3581 5421 3744 5493; x_wconf 71' lang='grc' dir='ltr'>Πατρδς</span> 
     </span>
    </p>
   </div>
   <div class='ocr_carea' id='block_1_119' title="bbox 2349 5546 3737 5638">
    <p class='ocr_par' dir='ltr' id='par_1_119' title="bbox 2349 5546 3737 5638">
     <span class='ocr_line' id='line_1_121' title="bbox 2349 5546 3737 5638; baseline -0.019 -19"><span class='ocrx_word' id='word_1_914' title='bbox 2349 5578 2392 5608; x_wconf 67' lang='grc'><strong>⁵³</strong></span> <span class='ocrx_word' id='word_1_915' title='bbox 2427 5576 2557 5633; x_wconf 71' lang='grc' dir='ltr'>,Ιυςῃι</span> <span class='ocrx_word' id='word_1_916' title='bbox 2617 5590 2651 5638; x_wconf 62' lang='grc'><strong>1³</strong></span> <span class='ocrx_word' id='word_1_917' title='bbox 2686 5571 2764 5625; x_wconf 76' lang='grc'><strong>15,</strong></span> <span class='ocrx_word' id='word_1_918' title='bbox 2843 5565 2886 5598; x_wconf 58' lang='grc' dir='ltr'><strong>ω</strong></span> <span class='ocrx_word' id='word_1_919' title='bbox 2918 5563 3103 5617; x_wconf 70' lang='grc' dir='ltr'>Μειιιιι.</span> <span class='ocrx_word' id='word_1_920' title='bbox 3136 5573 3262 5614; x_wconf 69' lang='lat' dir='ltr'><strong>XXIII</strong></span> <span class='ocrx_word' id='word_1_921' title='bbox 3289 5599 3300 5622; x_wconf 82' lang='lat'><strong>,</strong></span> <span class='ocrx_word' id='word_1_922' title='bbox 3331 5556 3379 5609; x_wconf 84' lang='grc'><strong>9.</strong></span> <span class='ocrx_word' id='word_1_923' title='bbox 3454 5552 3492 5583; x_wconf 62' lang='grc'><em>⁵</em></span> <span class='ocrx_word' id='word_1_924' title='bbox 3518 5548 3643 5602; x_wconf 63' lang='grc' dir='ltr'>δυηιι.</span> <span class='ocrx_word' id='word_1_925' title='bbox 3673 5546 3737 5590; x_wconf 56' lang='lat' dir='ltr'><strong>ﬁt</strong></span> 
     </span>
    </p>
   </div>
  </div>
