4078 6264
552 285 686 340 i275

1570 285 1628 339 S.
1666 283 1942 340 CYRlLLl
1981 281 2451 358 ALEXANDRLNI
2489 285 2808 341 ABCHIEP.

3672 286 3798 339 127G

550 399 689 452 l'acto
724 397 1032 465 Uuigenito,
1065 406 1163 454 eur
1187 399 1355 470 ipsius
1389 398 1704 468 genitricem
1729 398 2013 468 Deiparam
2039 414 2128 468 ap«

2235 398 2384 466 ἡμᾶς
2409 398 2694 465 γεγονότος
2737 395 2832 450 τοῦ
2866 398 3226 464 Μονογενοῦς,
3263 393 3379 450 ἄνθ’
3408 398 3529 451 ὅτου
3564 415 3797 452 καταπε-

550 491 748 560 pellare
795 501 1069 559 verentur,
1115 491 1411 546 secundum
1441 505 1659 545 carnem
1695 491 1955 560 inquam?

618 665 680 720 B.
721 665 835 722 imo
886 667 1085 722 aiunt:
1123 666 1372 722 convenit
1425 666 1568 721 enim
1627 666 1878 736 privatim
1934 681 2127 721 nomen

549 760 748 815 Christi
783 761 831 816 ei
857 761 947 829 qui
973 770 1056 815 est
1085 773 1148 814 ex
1192 759 1417 814 muliere
1458 767 1512 812 et
1545 759 1754 812 semine
1787 757 1976 822 David,
2009 758 2130 812 ideo

549 854 690 924 quod
725 853 799 909 sit
831 862 1025 907 unctus
1057 852 1260 917 Spiritu
1295 862 1506 907 sancto.
1533 851 1602 904 At
1633 850 1866 906 Verbum
1895 867 1960 906 ex
1999 853 2124 916 Deo,

550 955 806 1015 quantum
831 945 897 999 ad
929 947 1202 1014 propriam
1228 960 1380 1000 suam
1406 954 1652 998 naturam
1677 945 1892 1008 attinet,
1923 959 2128 1013 nequa-

549 1052 708 1106 quam
757 1036 1083 1107 ejuscemodi
1121 1037 1290 1105 gratia
1329 1031 1550 1107 indiget,
1600 1036 1864 1104 siquidem
1909 1050 1973 1090 ex
2029 1050 2127 1089 sua

548 1137 739 1181 natura
769 1136 1016 1182 sanetum
1051 1137 1152 1181 est.
1183 1125 1372 1183 Nonne
1399 1127 1541 1181 enim
1573 1141 1769 1181 nomen
1801 1125 2000 1181 Christi
2027 1143 2128 1180 ιιιι-

547 1217 779 1273 ctionem
819 1217 1053 1286 aliquam
1084 1216 1281 1274 factam
1318 1217 1630 1286 signiﬁcat?

616 1310 681 1362 A.
727 1308 891 1362 Recte
928 1309 1145 1377 quidem
1184 1308 1319 1363 dicis
1361 1326 1374 1368 _:
1409 1307 1662 1362 nimirum
1698 1311 1839 1378 quod
1871 1310 1992 1378 quia
2030 1325 2130 1362 un-

548 1409 664 1454 ctus
705 1409 786 1454 est
823 1399 1156 1454 solummodo
1211 1399 1461 1454 Christus
1489 1409 1743 1465 vocatur;
1778 1404 2128 1469 quemadmo-

551 1489 672 1544 dum
714 1497 768 1543 et
797 1490 1094 1558 apostolus,
1132 1499 1353 1558 propter
1391 1490 1489 1560 τὴν
1535 1491 1862 1560 ἀποστολήν,
1891 1494 1991 1548 hoc
2024 1503 2124 1560 est,

551 1581 896 1650 legationem,
929 1581 1152 1652 angelus
1180 1581 1267 1636 διὰ
1307 1582 1367 1635 τὸ
1388 1583 1694 1651 ἀγγέλλειν,
1741 1595 1960 1655 propter
1995 1603 2131 1641 nun-

550 1673 824 1728 tiationem
874 1693 885 1727 :
941 1689 1062 1728 nam
1118 1675 1274 1743 huius
1327 1677 1544 1744 generis
1583 1678 1798 1732 nomina
1855 1679 2127 1735 actionum

2235 487 2460 556 φρίκασι
2489 487 2748 540 Θεοτόκον
2779 489 2952 539 εἰπεῖν
2994 487 3091 557 τὴν
3125 485 3392 539 τεκοῦσαν
3434 487 3618 551 αὑτὸν,
3665 490 3822 542 κατά

2230 596 2316 646 γε,
2349 580 2491 649 φημὶ
2653 580 2866 649 adma;
3817 562 3824 655 l

2301 672 2362 725 Β.
2404 671 2531 735 Ναὶ,
2564 671 2764 739 φασίν·
2794 671 2939 724 ἔοικε
2980 671 3090 742 γὰρ
3122 671 3441 740 καταμόνας
3484 669 3561 738 τῷ
3610 671 3671 722 ἐκ
3711 669 3822 739 γ·.ιο’

2232 761 2416 825 ναικὸς
2465 765 2558 816 καὶ
2602 765 2666 816 ὲκ
2719 764 3036 832 σπέρματος
3081 763 3176 818 τοῦ
3224 761 3412 824 Δαὸὶδ,
3450 761 3512 813 τὸ
3553 764 3792 828 Χριστὸς

2231 853 2423 923 ὄνομα,
2445 854 2531 908 διὰ
2557 853 2618 906 τὸ
2653 853 2937 924 κεχρῖσθαι
2969 853 3047 923 τῷ
3080 853 3219 923 ἁγίῳ
3243 851 3524 922 Πνεύματι
3543 868 3556 878 ·
3589 853 3799 921 δεηθείη

2230 945 2275 998 δ’
2312 944 2378 998 ἂν
2409 945 2688 1015 οὐδαμῶς,
2714 946 2773 998 τό
2809 961 2872 1012 γε
2903 941 3038 1017 ἧκον
3071 945 3151 1008 είς
3186 943 3322 997 ἰδίαν
3359 943 3542 1012 φύσιν,
3573 945 3641 996 ἐκ
3674 942 3798 995 Θεοῦ

2231 1036 2404 1104 Λόγος
2444 1035 2538 1090 τοῦ
2584 1037 2791 1089 τοιοῦδε
2834 1038 3210 1108 χαρίσματος,
3258 1035 3418 1104 εἴπερ
3460 1036 3609 1088 ὲστίν
3657 1036 3800 1103 ἅγιος

2233 1129 2373 1182 κατὰ
2420 1127 2600 1196 φύσιν.
2624 1124 2701 1181 7H
2734 1129 2840 1198 γὰρ
2877 1129 3000 1199 οὐχὶ
3031 1129 3091 1180 τὸ
3118 1126 3371 1196 Χριστὸς
3413 1126 3584 1196 ὄνομα
3623 1126 3798 1197 κρίσιν

2231 1219 2352 1273 τινὰ
2383 1221 2682 1290 γενομένην
2714 1222 3086 1291 ὑπεμφήνειεν
3111 1221 3213 1286 ἅν;

2301 1313 2362 1364 Α.
2408 1313 2582 1382 Ἔφης
2619 1314 2718 1382 μὲν
2759 1311 2958 1382 ὀρθῶς,
2979 1311 3054 1375 ὡς
3081 1311 3170 1363 διά
3192 1328 3273 1364 τοι
3312 1310 3373 1362 τὸ
3399 1309 3688 1379 κεχρίσθαι
3716 1312 3802 1379 μό-

2231 1421 2320 1457 νον
2352 1405 2584 1472 Χριστὸς
2631 1405 2974 1475 ὀνομάζεται,
3020 1404 3271 1473 καθάπερ
3311 1402 3503 1473 ἀμέλει
3537 1403 3635 1455 καὶ
3677 1403 3799 1455 ἁπό-

2233 1497 2417 1566 στολος
2434 1497 2521 1550 διὰ
2549 1499 2646 1566 τὴν
2673 1497 2997 1568 ἀποστολὴν,
3026 1496 3254 1564 ἄγγελός
3293 1512 3353 1548 τε
3395 1494 3482 1547 διὰ
3514 1495 3574 1546 τὸ
3614 1493 3805 1560 ἁγγέλ·

2231 1588 2361 1641 λειν.
2389 1588 2468 1640 Τὰ
2494 1589 2602 1658 γὰρ
2632 1589 2808 1642 τοιάδε
2835 1589 2942 1640 τῶν
2962 1589 3264 1658 ὀνομάτων,
3283 1587 3623 1657 πραγμάτων
3648 1585 3804 1636 τινῶν

2235 1680 2467 1732 ποιεῖται
2497 1678 2748 1749 δήλωσιν,
2779 1679 2879 1748 οὐχ
2919 1678 3271 1731 ὑποστάσεων
3311 1677 3514 1739 ἰδικῶν,
3547 1675 3669 1728 οὒτε
3703 1675 3807 1744 μὴν

549 1765 902 1830 quarumdam
933 1765 1348 1834 explicationem
1378 1766 1628 1832 innuunt,
1661 1782 1765 1820 non
1799 1783 1929 1824 vero
1963 1784 2127 1838 pecu-

2234 1745 3044 1840 προσώπων-ὁμολογουμένων.
3102 1769 3412 1838 Κέκληνται
3457 1767 3565 1838 γὰρ
3622 1767 3718 1820 καὶ
3759 1769 3807 1819 οί

550 1856 712 1910 liares
745 1857 1076 1912 substantias
1117 1857 1231 1912 sive
1278 1873 1541 1927 personas
1589 1860 1870 1915 evidentes
1923 1862 2128 1931 signiti-

549 1959 691 2004 cant.
721 1947 909 2004 Vocati
938 1950 1082 2004 enim
1115 1959 1241 2004 sunt
1267 1950 1540 2019 propheta:
1574 1953 1786 2016 christi,
1817 1953 1971 2021 juxta
1999 1953 2126 2009 illud

549 2041 601 2093 in
626 2039 851 2094 Psalmis
873 2049 1146 2095 cantatum
1173 2061 1187 2097 :
1220 2061 1238 2095 ι
1263 2042 1438 2098 Nolite
1463 2051 1680 2112 tangere
1702 2045 1932 2100 christos
1957 2061 2122 2110 meos,

548 2142 601 2184 et
631 2131 682 2185 in
721 2132 999 2200 prophetis
1041 2133 1173 2187 meis
1204 2133 1376 2187 nolite
1414 2135 1696 2204 malignari
1735 2137 1799 2190 ⁷ο.
1845 2155 1862 2187 ι
1901 2136 2038 2202 Quin
2075 2148 2128 2192 et

551 2221 811 2291 pr0pheta
842 2219 1095 2276 Habacuc
1128 2222 1200 2277 ita
1233 2223 1308 2276 ait
1335 2241 1349 2278 :
1385 2243 1403 2276 ι
1433 2223 1699 2293 Egressus
1725 2240 1782 2280 es
1813 2227 1865 2280 in
1901 2227 2125 2282 salutem

549 2313 728 2382 pepuli
768 2314 864 2378 tui,
893 2314 1102 2370 salvare
1138 2316 1372 2372 christos
1397 2327 1516 2372 tuos
1539 2319 1606 2372 “.
1642 2337 1658 2370 ι
1689 2318 1957 2373 Cmternm
1996 2320 2128 2374 illud

546 2405 709 2463 etiam
738 2404 922 2460 dicito.
958 2403 1089 2462 Nam
1125 2416 1178 2460 et
1204 2407 1305 2477 ipsi
1339 2411 1671 2473 contendunt
1707 2410 1985 2466 Christum
2022 2428 2127 2467 non

546 2509 665 2549 esse
693 2511 881 2561 unum,
919 2505 972 2550 et
998 2497 1217 2563 Filium,
1252 2509 1508 2568 tanquam
1539 2502 1822 2556 Dominum
1854 2503 2125 2563 hominem

546 2584 748 2640 factum
782 2597 944 2657 atque
976 2588 1319 2643 incarnatum
1354 2591 1688 2659 unigenitum
1737 2593 1833 2659 Dei,
1867 2595 2123 2650 Verbum.

619 2679 679 2734 Β.
722 2681 1113 2736 Contenderint
1158 2680 1406 2737 fortasse.
1460 2683 1652 2737 Volunt
1696 2685 1882 2754 utique
1930 2701 2124 2740 nomen

548 2771 670 2836 hoc,
705 2771 975 2838 Christus,
1015 2789 1118 2826 non
1151 2775 1220 2826 ita
1246 2775 1540 2829 convenire
1570 2775 1749 2829 Verbo
1777 2793 1841 2832 ex
1878 2778 1985 2834 Deo
2021 2779 2126 2832 Pa-

549 2874 628 2916 tre
661 2862 842 2933 genito
880 2881 892 2916 :
929 2863 1073 2932 quod
1125 2864 1380 2918 nimirum
1424 2882 1529 2919 non
1562 2867 1631 2920 sit
1666 2877 1884 2922 unctum
1929 2883 2125 2924 secun-

545 2954 670 3012 dum
704 2956 975 3024 propriam
1007 2972 1160 3011 suam
1210 2965 1481 3023 naturam,
1521 2967 1702 3026 utpote
1737 2960 1901 3015 Deus.
1936 2961 2041 3016 Sed
2073 2971 2127 3017 et

547 3047 673 3104 illud
707 3062 922 3118 quoque
966 3048 1226 3117 adjiciunt
1257 3071 1272 3119 ς
1311 3049 1496 3117 Neque
1528 3053 1694 3115 enim,
1743 3053 2013 3121 inquiunt,
2044 3062 2126 3109 est
2156 3075 2196 3130 ο

551 3153 716 3193 unum
742 3153 807 3192 ex
842 3139 908 3193 iis
934 3141 1241 3195 nominibus
1273 3156 1392 3210 qua:
1424 3143 1583 3212 727
1610 3159 1638 3195 a
1664 3143 1820 3198 nobis
1873 3145 1938 3198 de
1970 3144 2130 3199 Patre

543 3242 600 3287 ct
635 3231 839 3301 Spiritu
867 3241 1056 3288 sancto
1087 3235 1467 3302 praedicantur.

614 3324 678 3378 Α.
724 3323 973 3379 Nondum
1022 3326 1156 3381 satis
1204 3325 1487 3381 manifesta
1536 3334 1619 3381 est
1665 3328 1858 3383 oratio.
1909 3329 2128 3385 Declara

546 3417 753 3486 itaque.
790 3417 957 3473 Recte
987 3418 1132 3472 enim
1167 3417 1382 3473 feceris.

617 3509 678 3566 Β.
721 3511 858 3564 Audi
895 3511 1534 3581 igitur.-Quamplurimte
1561 3523 1708 3577 sunt,
1742 3531 1927 3586 eaeque
1953 3519 2131 3580 diver-

542 3616 617 3656 sae
639 3601 689 3655 in
717 3601 888 3655 sacris
916 3599 1136 3655 Litteris
1157 3601 1274 3655 Filii
1294 3603 1700 3670 appellationes.
1726 3603 1960 3660 Vocatur
1985 3609 2128 3662 enim

545 3692 686 3746 Deus
716 3701 771 3746 et
802 3690 1078 3755 Dominus,
1109 3699 1162 3744 et
1195 3691 1284 3744 lux
1319 3703 1374 3746 et
1410 3692 1538 3757 vita,
1569 3709 1777 3747 necnon
1811 3710 1902 3748 rex
1934 3706 1990 3750 et
2018 3698 2128 3750 vir-

549 3794 717 3837 tutum
756 3782 1035 3848 Dominus,
1085 3793 1310 3838 sanctus
1362 3793 1417 3838 et
1450 3786 1816 3852 omnipotens.
1863 3787 2128 3842 Caeterum

543 3876 587 3931 si
623 3877 746 3945 quis
781 3876 894 3930 hare
936 3876 1048 3944 ipsa
1092 3875 1161 3929 de
1213 3874 1372 3932 Patre
1405 3876 1522 3930 sive
1572 3878 1640 3930 de
1688 3875 1892 3946 Spiritu
1943 3893 2130 3937 sancto

542 3968 939 4038 przedieavcrit,
975 3983 1310 4037 nequaquam
1329 3969 1612 4024 erraverit.
1649 3968 1814 4024 Unius
1841 3970 1986 4026 enim
2019 3987 2132 4024 na-

549 4072 700 4128 turas,
738 4078 841 4115 una
868 4062 1033 4116 etiam
1072 4061 1234 4116 fuerit
1259 4064 1482 4116 omnino
1507 4075 1562 4116 et
1596 4063 1916 4133 dignitatttm
1952 4066 2131 4120 excel-

545 4155 730 4208 lentia.
764 4154 820 4208 Si
849 4168 976 4223 ergo
1007 4169 1202 4208 nomen
1235 4153 1434 4208 Christi
1467 4169 1591 4209 vere
1631 4158 1886 4211 convenit
1933 4156 2129 4229 Unige-

547 4245 680 4310 uito,
735 4245 1005 4297 tribuatur
1051 4245 1240 4308 etiam,
1280 4246 1548 4314 inquiunt,
1602 4246 1972 4304 indillcrenter
2025 4267 2130 4304 una

545 4351 667 4392 cum
705 4335 827 4388 aliis
861 4335 1307 4403 appellationibus
1330 4346 1383 4388 et
1410 4337 1556 4389 Patri
1580 4346 1633 4390 et
1657 4337 1884 4407 Spiritui
1918 4353 2126 4396 sancto.

2231 1861 2507 1930 προφῆται
2535 1861 2765 1931 χριστοὶ,
2799 1860 2937 1913 κατὰ
2964 1861 3025 1912 τὸ
3055 1862 3112 1912 ὲν
3146 1860 3397 1929 Ψαλμοῖς
3429 1860 3770 1928 ὑμνούμενον
3793 1876 3805 1887 ·

2236 1969 2253 2001 ι
2289 1952 2379 2019 Μὴ
2410 1951 2644 2011 ἅπτεσθε
2689 1953 2797 2004 τῶν
2844 1951 3078 2022 χριστῶν
3131 1967 3255 2020 μου,
3303 1951 3396 2002 καὶ
3435 1951 3492 2002 ὲν
3525 1952 3640 2012 τοῖς
3681 1967 3812 2018 προ-

2230 2045 2428 2114 φήταις
2455 2061 2556 2113 μου
2583 2045 2659 2113 μὴ
2694 2043 3081 2113 πονηρεύεσθε.
3116 2061 3134 2093 ι
3166 2043 3309 2113 Ἔφη
3339 2041 3394 2095 δὲ
3426 2043 3564 2094 καὶὸ
3602 2046 3814 2111 προφή-

2228 2152 2327 2205 της
2367 2134 2680 2205 Ἀ66ακούμ
2707 2152 2719 2162 ·
2762 2155 2780 2187 ι
2822 2132 3073 2204 Ἑξῆλθες
3119 2134 3199 2196 εἰς
3243 2132 3516 2202 σωτηρίαν
3545 2133 3678 2186 λαοῦ
3715 2150 3810 2185 σου

2229 2228 2322 2282 τοῦ
2358 2228 2528 2283 σῶσαι
2571 2229 2700 2291 τοὺς
2741 2227 3002 2299 χριστούς
3046 2245 3161 2283 σου.
3199 2245 3217 2278 ι
3258 2225 3404 2296 Πλὴν
3458 2227 3641 2278 ἐκεῖνο
3673 2227 3813 2295 φρά-

2232 2335 2354 2372 σον⁶
2390 2319 2450 2371 οὐ
2489 2319 2596 2388 γὰρ
2628 2316 2764 2371 εἷναί
2801 2335 2933 2387 φασι
2981 2319 3076 2371 καὶ
3111 2319 3267 2371 αὐτοὶ
3306 2318 3543 2386 Χριστὸν
3589 2317 3687 2370 ἕνα
3721 2319 3816 2370 καὶ

2232 2411 2378 2474 Υἱὸν,
2405 2410 2479 2473 ὡς
2511 2409 2712 2480 Κύριον
2748 2409 3067 2480 ὲνανθρωπὴ
3080 2426 3245 2463 σαντα
3273 2409 3366 2461 καὶ
3388 2411 3815 2479 σεσαρκωμὲνον

2230 2503 2319 2562 τὸν
2347 2503 2625 2571 Μονογενῆ
2660 2499 2754 2554 τοῦ
2777 2500 2911 2553 Θεοῦ
2949 2499 3138 2568 Λόγον.

2301 2682 2361 2735 Β.
2401 2681 2560 2734 Φαῖεν
2596 2680 2662 2732 ἂν
2711 2681 2876 2742 ἴσως,
2927 2678 3161 2738 ἐοικέναι
3201 2697 3261 2748 γε
3312 2679 3439 2750 μὴν,
3485 2679 3609 2748 οὐχὶ
3643 2679 3814 2748 δήπου

2235 2771 2432 2841 μᾶλλον
2464 2771 2542 2840 τῷ
2571 2773 2633 2823 ὲκ
2660 2769 2794 2824 Θεοῦ
2825 2770 3039 2840 Πατρὸς
3081 2770 3238 2839 φύντι
3273 2771 3431 2839 Λόγῳ
3457 2769 3520 2821 τὸ
3554 2771 3815 2837 Χριστίς

2229 2864 2401 2934 ὄνομα
2437 2862 2735 2933 βούλονται,
2762 2862 2850 2914 διὰ.
2879 2879 2960 2914 τοι
2996 2862 3054 2914 τὸ
3097 2861 3170 2932 μὴ
3198 2860 3486 2930 κεχρῖσοαι
3519 2862 3644 2912 κατ’
3684 2860 3820 2912 ἰδίαν

2233 2956 2393 3026 φύσιν
2443 2955 2520 3017 ὡς
2571 2956 2724 3008 Θεὸν.
2777 2955 3196 3024 Προσεπάγουσι
3243 2953 3299 3008 δὲ
3350 2953 3525 3023 τούτῳ
3570 2953 3821 3005 κάκεῖνο.

2231 3050 2304 3102 Uti
2339 3048 2447 3118 γάρ
2476 3065 2579 3113 τοι,
2621 3048 2804 3114 φασιν,
2841 3045 2914 3109 ὡς
2948 3046 3007 3098 ἓν
3037 3047 3152 3097 ἐστι
3189 3043 3298 3096 τῶν
3325 3044 3633 3114 ὀνομάτων,
3679 3044 3824 3111 ἅπερ

2230 3141 2295 3193 ἂν
2317 3140 2525 3207 λέγοιτο
2559 3138 2693 3208 πρὸς
2722 3140 2753 3206 ἡ
2765 3138 2899 3206 μῶν,
2950 3137 3045 3190 καὶ
3075 3136 3161 3190 ἐπ’
3197 3135 3361 3188 αὐτοῦ
3401 3134 3497 3188 τοῦ
3534 3137 3758 3205 “arpis;
3789 3135 3821 3204 ἦ

2230 3233 2323 3286 καὶ
2348 3231 2441 3284 τοῦ
2473 3230 2626 3299 ἁγίου
2655 3229 2795 3281 Πνεύ
2805 3246 2994 3299 ματος.

2298 3328 2360 3376 Α.
2405 3322 2568 3375 Οὔπω
2598 3323 2740 3392 μάλα
2780 3323 2927 3375 ἐστὶν
2958 3321 3197 3392 ἐναργής
3247 3321 3274 3373 ὁ
3307 3320 3496 3389 λόγος’
3538 3319 3816 3388 Διασὰςξει

2229 3411 2320 3468 οὖν
2340 3432 2352 3445 ·
2383 3415 2601 3486 δράσεις
2634 3414 2742 3483 γὰρ
2779 3413 2974 3483 ὀρθῶς.

2302 3511 2362 3562 Β.
2399 3509 2598 3560 ’Ἄκουε
2642 3506 2728 3576 δή.
2781 3505 3052 3574 Πλείστην
3101 3505 3199 3576 μὲν
3241 3504 3350 3575 γὰρ
3397 3504 3492 3558 καὶ
3543 3503 3824 3572 διαφόρως

2231 3597 2658 3668 ὲξενηνεγμένην
2686 3595 2784 3666 τὴν
2817 3594 2913 3650 τοῦ
2947 3595 3076 3648 Υίοῦ
3114 3595 3330 3664 κλῆσιν,
3365 3596 3518 3666 παρὰ
3550 3598 3679 3657 ταῖς
3709 3595 3825 3647 θεο-

2233 3690 2522 3752 πνεύστοις
2572 3689 2818 3759 Γραφαίς
2865 3685 3071 3739 ἔνεστιν
3127 3687 3276 3739 ἰδεῖν.
3324 3686 3654 3756 Ὠνὸμασται
3716 3688 3828 3756 γὰρ

2231 3782 2363 3844 Θεὸς
2393 3782 2488 3834 καὶ
2524 3781 2751 3852 Κύριος,
2779 3780 2873 3832 καὶ
2906 3777 3042 3848 φῶς,
3076 3778 3169 3830 καὶ
3211 3777 3348 3849 ζωὴ,
3378 3779 3471 3832 καὶ
3502 3779 3698 3848 μέντοι
3733 3780 3829 3832 καὶ

2236 3874 2512 3943 βασιλεὺς,
2565 3873 2658 3926 καὶ
2707 3873 2816 3925 τῶν
2847 3872 3127 3942 δυνάμεων
3171 3873 3404 3943 Κύριος,
3439 3873 3595 3938 ἅγιός
3640 3891 3704 3925 τε
3735 3874 3829 3924 καὶ

2233 3966 2652 4037 παντοκράτωρ.
2703 3966 2842 4018 Ἀλλ’
2873 3968 2921 4018 εί
2970 3964 3212 4036 βούλοιτό
3251 3983 3338 4028 τις
3381 3966 3475 4018 καὶ
3527 3967 3618 4018 ἐπ’
3656 3965 3827 4018 αὑτοῦ

2234 4061 2397 4130 φάναι
2424 4061 2581 4112 ταυτὶ
2609 4059 2703 4112 τοῦ
2751 4058 2988 4129 Πατρὸς,
3015 4059 3185 4128 ἥγουν
3213 4055 3305 4110 τοῦ
3352 4057 3510 4124 ἁγίου
3561 4058 3824 4127 Πνεῦμα-

2232 4172 2344 4220 τος,
2373 4155 2474 4206 οὐκ
2501 4153 2566 4206 ἂν
2607 4151 2844 4222 ἁμάρτοι
2881 4150 2976 4204 τοῦ
3013 4150 3346 4222 πρέποντος-⁸
3400 4152 3533 4219 μιᾶς
3571 4151 3688 4220 γὰρ
3724 4151 3824 4217 φύ-

2235 4263 2373 4309 σεως
2407 4246 2503 4315 μία
2524 4262 2625 4296 που
2649 4245 2867 4304 πάντως
2895 4242 3048 4295 ἔσται
3082 4243 3114 4312 ἡ
3147 4241 3257 4294 τῶν
3282 4240 3616 4310 ἀξιωμάτων
3651 4243 3826 4311 ὑπερ-

2232 4340 2353 4409 οχή.
2403 4338 2576 4406 Εἴπερ
2621 4333 2715 4388 οῦν
2765 4337 2913 4387 ἐστιν
2947 4333 3161 4403 ἀληθῶς
3193 4334 3371 4395 ἐοικὸς
3399 4333 3577 4402 ὖνομα
3605 4335 3687 4402 τῷ
3711 4336 3825 4387 Μο-

543 4428 677 4479 Cum
727 4440 855 4479 vero
897 4426 1186 4478 absurdmn
1245 4427 1593 4483 vehementer
1643 4429 1733 4493 sit,
1783 4430 1835 4484 id
1890 4433 2126 4489 nominis

2233 4430 2432 4496 νογενεῖ
2450 4428 2510 4479 τὸ
2530 4425 2805 4495 Χριστὸς,
2828 4428 3096 4495 χωρείτω,
3117 4425 3301 4492 φασὶν,
3320 4425 3657 4493 ἀδιακρίτως
3687 4427 3834 4494 μετὰ

546 4516 690 4569 Patri
723 4524 777 4570 et
807 4515 1028 4584 Spiritui
1061 4526 1248 4571 sancto
1291 4518 1584 4583 ascribere,
1634 4533 1809 4588 neque
1843 4520 1940 4590 ipsi
1981 4524 2121 4577 veri-

545 4609 794 4663 similiter
839 4606 1125 4678 Uuigenito
1165 4609 1484 4676 conveniet;
1535 4609 1627 4664 sed
1675 4611 1851 4679 potius
1885 4627 1950 4667 ac
1995 4628 2122 4668 vere

544 4703 814 4757 tribuetur
841 4701 913 4756 illi
945 4702 1035 4772 qui
1072 4712 1156 4756 est
1191 4717 1255 4756 ex
1286 4703 1494 4757 semine
1521 4703 1707 4770 David,
1741 4705 1807 4759 de
1844 4720 1949 4774 quo
1978 4717 2124 4762 recte

540 4805 596 4848 et
625 4793 835 4848 censeri
866 4802 922 4849 et
951 4794 1054 4848 dici
1087 4803 1265 4860 potest
1292 4794 1434 4862 quod
1466 4804 1662 4848 unctus
1687 4796 1759 4848 sit
1787 4795 2012 4865 Spiritu.

2226 4518 2336 4572 τῶν
2364 4517 2538 4572 ἄλλων
2577 4517 2668 4569 καὶ
2699 4515 2786 4566 ἐπ’
2818 4513 2982 4566 αὑτοῦ
3009 4513 3103 4566 τοῦ
3131 4513 3345 4582 Πατρὸς
3386 4515 3484 4565 καὶ
3529 4513 3626 4566 τοῦ
3668 4515 3833 4584 ἁγίου

2229 4611 2562 4681 Πνεύματος.
2618 4607 2929 4678 Ἐπειδὴδὲ
2977 4609 3123 4661 ἐστιν
3174 4607 3437 4659 ἀπίθανον
3488 4609 3728 4678 κομιδῇ,
3773 4610 3841 4659 τὸ

2231 4703 2562 4773 ἐφαρμόζειν
2597 4701 2729 4754 αὐτὸ
2763 4700 2840 4768 τῷ
2881 4699 3055 4769 Πατρὶ
3095 4699 3187 4750 καὶ
3215 4698 3293 4767 τῷ
3337 4699 3478 4768 ἁγίῳ
3510 4700 3839 4769 Πνεύματι,

2231 4796 2338 4848 οὐδ’
2369 4795 2433 4848 ἂν
2476 4791 2643 4862 αὐτῷ,
2683 4792 2824 4844 κατὰ
2861 4791 2920 4843 τὸ
2955 4790 3122 4856 εἰκὸς,
3150 4790 3306 4842 ἔσται
3351 4788 3430 4859 τῷ
3479 4791 3836 4856 Μονογενεί⁴

542 4892 902 4963 ἑκνενέμηται
931 4890 988 4943 δὲ
1020 4891 1242 4960 μᾶλλον,
1278 4891 1353 4953 ὡς
1383 4889 1618 4959 ἀληθῶς,
1670 4892 1748 4961 τῷ
1812 4893 1877 4946 ἐκ
1924 4895 2238 4965 σπέρματος
2304 4891 2395 4943 τοῦ
2426 4889 2611 4952 Δαϐὶδ,
2652 4890 2736 4955 ἐφ’
2780 4881 2952 4958 οὗπερ
3024 4886 3091 4939 ἂν
3140 4887 3226 4956 εἴη
3259 4885 3350 4937 καὶ
3397 4885 3840 4954 ἀνεπίπληκτον

541 4985 737 5054 κομιδῇ
784 4983 844 5036 τὸ
892 4982 1177 5053 κεχρῖσθαι
1227 4981 1307 5053 τῷ
1357 4982 1637 5052 Πνεύματι
1683 4983 1776 5036 καὶ
1834 4986 1973 5038 νοεῖν
2027 4988 2120 5040 καὶ
2157 4987 2358 5054 λέγειν.

613 5076 679 5132 Α.
720 5075 1040 5131 Communia
1093 5077 1310 5144 quidem
1360 5092 1481 5132 esse
1531 5078 1764 5132 dicimus
1817 5081 1976 5134 etiam
2031 5096 2128 5135 nos

542 5167 687 5222 Patri
717 5177 772 5223 et
800 5167 936 5222 Filio
976 5177 1031 5222 et
1061 5167 1286 5235 Spirittti
1324 5177 1516 5223 sancto
1545 5169 1846 5229 divinarum
1898 5171 2126 5239 dignita-

543 5271 656 5314 tum
691 5259 932 5323 nomina,
969 5259 1192 5330 parique
1221 5259 1426 5315 honore
1452 5260 1715 5316 decorare
1741 5263 2125 5316 consuevimus

543 5367 649 5421 quo
695 5351 930 5415 Patrem,
969 5351 1162 5406 Filium
1210 5367 1425 5421 quoque
1473 5369 1542 5406 ex
1597 5354 1715 5422 ipso
1761 5355 2024 5423 genitum,
2058 5370 2122 5407 ac

544 5452 803 5509 praeterea
835 5443 1095 5512 Spiritum
1126 5454 1393 5498 sanctum.
1425 5444 1715 5510 Cznterum,
1759 5462 1790 5500 ο
1825 5446 1948 5500 boni
1995 5446 2118 5508 viri,

544 5530 775 5586 dixerim
815 5534 1088 5600 equidem,
1129 5551 1322 5590 nomen
1372 5537 1600 5602 Christi,
1644 5540 1696 5594 id
1727 5549 1832 5605 est,
1867 5540 2035 5603 ttncti,
2069 5548 2124 5592 et

619 5705 665 5738 7°
694 5709 840 5762 Psal.
870 5725 954 5764 CIV
1010 5713 1095 5767 l5.
1173 5716 1213 5746 ⁷¹
1260 5713 1463 5771 llabac.
1505 5733 1584 5788 ιιι,
1627 5719 1710 5776 15.

2308 5081 2371 5131 Α.
2411 5078 2578 5129 Κοινὰ
2610 5076 2706 5144 μὲν
2749 5069 2887 5127 εἶναί
2920 5090 3098 5143 φαμεν
3137 5073 3230 5126 καὶ¹
3258 5073 3420 5143 ἡμεῖς
3455 5073 3611 5124 αὐτοὶ
3641 5071 3838 5142 Ila-.91

2234 5172 2326 5226 καὶ
2353 5169 2466 5239 Υἱῷ
2491 5169 2584 5222 καὶ
2621 5167 2762 5235 ἁγίῳ
2800 5165 3098 5235 Πνεύματι,
3133 5166 3239 5218 τῶν
3291 5164 3618 5232 θεοπρεπῶν
3650 5165 3833 5228 ἀξιω-

2236 5264 2421 5334 μάτων
2445 5261 2512 5314 τὰ
2543 5259 2803 5329 ὀνόματα,
2837 5259 2932 5311 καὶ
2961 5257 3269 5326 ἰσομέτροις
3296 5256 3570 5318 εὐκλείαις
3611 5273 3832 5322 atat}:-

2229 5355 2354 5408 νοῦν
2401 5351 2707 5422 εἰθίσμεθα,
2744 5350 2878 5420 ὁμοῦ
2924 5348 3002 5418 τῷ
3041 5349 3360 5415 γεννήσαντι
3395 5348 3488 5398 τὸν
3534 5345 3598 5410 ἐξ
3646 5345 3832 5400 αὐτοῦ

2231 5444 2558 5515 γεννηθέντα
2588 5441 2734 5504 Υἱὸν,
2767 5441 2863 5492 καὶ
2903 5439 3128 5510 προσέτι
3155 5440 3214 5492 τὸ
3262 5438 3486 5505 Πνεῦμα
3521 5438 3583 5490 τὸ
3619 5438 3792 5503 ἅγιον
3815 5452 3831 5464 ’

2213 5537 2393 5606 πλὴν,
2423 5529 2466 5588 ὦ
2495 5533 2778 5604 βέλτιστοι,
2812 5532 2976 5601 φαίην
3004 5530 3088 5596 ἂν,
3123 5531 3182 5583 τὸ
3211 5528 3467 5596 Χριστὸς
3489 5528 3686 5596 ὄνομα,
3722 5527 3828 5579 καὶ
