4078 6264
293 308 422 367 1277

281 519 568 582 κενώσεως
591 519 810 589 τρόπων
845 519 1177 588 προσγέγονε
1210 518 1288 589 τῷ
1315 521 1628 586 Μονογενεῖ,
1651 519 1856 589 ὲναργῆ

285 613 376 684 τῆς
434 611 904 682 ὲνανθρωπήσεως
955 615 1069 675 τοῖς
1123 612 1494 683 ἀκροωμένοις
1544 610 1855 682 είσκομίζον

273 703 373 774 τὴν
422 703 678 772 δήλωσιν.
707 701 832 753 Ὀτι
865 702 974 771 γὰρ
1004 701 1288 771 κέχρισται
1325 701 1460 754 καθὸ
1493 701 1731 771 πέφηνεν
1759 700 1852 754 άν-

271 791 517 863 θρωπος,
553 789 996 859 κατασημήνειεν
1038 789 1104 842 ἂν
1131 787 1190 842 εὖ
1235 791 1399 860 μάλα.
1423 791 1486 843 Ei
1519 791 1618 859 μὲν
1659 784 1752 842 οὗν
1777 789 1851 859 μὴ

269 881 438 936 αὑτὸν
461 883 560 951 τῆς
596 880 732 951 μετά
763 879 968 951 σαρκὸς
988 879 1297 950 οἰκονομίας
1333 879 1725 948 ἐϐασανίζομεν
1751 879 1853 932 Λό-

269 990 386 1042 γον,
420 973 536 1028 ἀλλ’
574 973 680 1037 ἔξω
713 989 814 1025 που
846 971 984 1034 τέως
1012 971 1121 1024 τῶν
1156 971 1254 1042 τῆς
1289 969 1572 1034 κενώσεως
1599 971 1726 1024 ὄντα
1755 971 1851 1040 μέ-

268 1081 418 1132 τρων
449 1063 744 1136 προῦκειτο
781 1063 1000 1133 βλέπειν
1036 1062 1128 1117 τὸν
1167 1063 1427 1133 μονογενῆ
1455 1064 1550 1116 τοῦ
1581 1062 1716 1116 Θεοῦ
1748 1063 1848 1116 Λό-

267 1168 387 1224 γον,
421 1151 491 1226 ἦν
519 1157 584 1209 ἂν
607 1156 703 1210 καὶ
744 1156 888 1227 μάλα
919 1156 1143 1220 εἰκότως
1170 1154 1442 1224 ἀσύφηλον
1469 1153 1684 1224 κομιδῇ,
1709 1155 1847 1224 Χρι-

271 1250 398 1303 στὸν
451 1247 734 1320 ὀνομάζειν
780 1251 874 1302 τὸν
910 1249 985 1319 μὴ
1016 1248 1395 1320 κεχρισμένον.
1433 1247 1650 1318 Ἐπειδὴ
1689 1247 1746 1300 δὲ
1786 1247 1846 1301 τὸ

272 1341 418 1396 θεῖον
447 1342 540 1395 καὶ
572 1341 861 1412 ἱερώτατον
893 1341 1154 1412 Γράμμα,
1189 1341 1368 1412 σάρκα
1399 1339 1646 1408 γενέσθαι
1681 1339 1844 1409 φησὶν

269 1431 461 1494 αὐτὸν,
491 1431 692 1503 πρέποι
737 1431 784 1484 δ’
815 1430 883 1486 ἂν
928 1432 1030 1502 ήδη
1071 1431 1167 1485 atati.
1197 1432 1230 1502 ἡ
1262 1431 1442 1502 χρίσις
1489 1432 1659 1502 αύτῷ,
1691 1449 1843 1500 γενο-

272 1523 411 1593 μένη
450 1523 577 1592 περὶ
607 1523 708 1592 τὴν
740 1523 1034 1594 σάρκωσιν,
1073 1523 1194 1592 ἥτις
1239 1523 1384 1575 ἐστὶν
1413 1522 1593 1579 αὑτοῦ.
1635 1525 1840 1595 Γράφει

268 1613 402 1682 γοῦν
432 1615 460 1666 ό
491 1613 762 1682 πάνσοφος
799 1613 1006 1677 Παῦλος
1034 1631 1047 1644 ·
1083 1633 1100 1666 ι
1129 1615 1196 1668 Ὅ
1223 1632 1279 1667 τε
1307 1615 1414 1686 γὰρ
1458 1614 1720 1683 ἁγιάζων,
1748 1615 1841 1670 καὶ

269 1705 322 1759 oi
358 1706 732 1776 ἁγιαζόμενοι,
779 1705 840 1772 ἐξ
869 1707 986 1770 ἐνὸς
1042 1708 1270 1771 πάντες·
1307 1708 1374 1761 δι’
1425 1709 1493 1779 ἢν
1534 1709 1711 1762 αἰτίαν
1740 1709 1840 1762 οὐκ

271 1798 667 1868 ἐπαισχύνεται
688 1799 946 1868 ἀδελφοὺς
973 1799 1168 1863 αὐτοὺς
1199 1799 1403 1864 καλεῖν,
1431 1800 1620 1869 λέγων·
1640 1802 1844 1866 Ἀπαγ-

271 1892 420 1960 γελῶ
441 1891 502 1944 τὸ
529 1892 697 1962 ὄνομά
722 1909 812 1945 σου
839 1895 948 1956 τοῖς
969 1893 1218 1962 ἀδελφοῖς
1246 1910 1348 1963 μου
1369 1909 1381 1923 ·
1410 1911 1427 1944 ι
1454 1893 1708 1964 ἡγιάζετο
1733 1893 1842 1960 γὰρ

275 1984 399 2056 μεθ’
417 1985 596 2053 ἡμῶν,
617 1985 704 2038 ὅτε
725 1987 914 2054 γέγονε
939 1986 1057 2039 καθ’
1079 1986 1375 2056 ἡμᾶς.’¹υτι
1398 1985 1452 2038 δὲ
1473 1983 1689 2055 ἀληθῶς
1719 1985 1840 2048 Υἱὸς

267 2076 298 2128 ὁ
327 2076 618 2146 χριόμενος
667 2072 755 2146 ἦν,
805 2076 936 2130 καθὸ
974 2077 1162 2144 γέγονε
1213 2075 1369 2147 σὰρξ,
1420 2077 1589 2147 ἤγουν
1639 2078 1840 2139 τέλειος

260 2166 360 2220 ἄνθ
372 2184 574 2236 ρωπος,
601 2167 934 2221 πιστώσεται
962 2168 1136 2235 λέγων
1155 2171 1182 2222 ὁ
1199 2167 1486 2230 θεσπέσιος
1515 2167 1677 2221 Δαϐὶδ
1703 2169 1838 2238 πρὸς

259 2259 461 2311 αὐτόν·
511 2279 528 2310 ι
575 2260 631 2313 '0
663 2259 850 2330 θρόνος
882 2277 996 2322 σου,
1031 2262 1059 2314 ό
1101 2260 1253 2325 Θεὸς,
1295 2263 1375 2323 είς
1402 2261 1492 2313 τὸν
1523 2259 1693 2312 αἰῶνα
1743 2259 1836 2313 τοῦ

259 2347 496 2410 αἰῶνος·
549 2347 744 2418 ῥάϐδος
778 2349 1071 2420 εὐθύτητος
1103 2351 1138 2419 ἡ
1177 2349 1370 2421 ῥάϐδος
1423 2347 1522 2418 τῆς
1560 2348 1837 2418 βασιλείας

259 2455 385 2493 σου.
423 2439 746 2510 Ἡγάπησας
772 2441 1132 2511 δικαιοσύνην,
1165 2443 1258 2495 καὶ
1287 2442 1554 2511 ἐμίσησας
1583 2439 1832 2510 ἀνομίαν,

257 2529 349 2584 διὰ
369 2530 533 2584 τοῦτο
560 2529 746 2602 ἔχρισέ
779 2549 837 2584 σε
865 2534 892 2585 ὁ
924 2533 1072 2597 Θεὸς,
1103 2535 1130 2586 ὁ
1153 2533 1284 2596 Θεός
1323 2551 1436 2596 σου,
1463 2533 1638 2585 ἔλαιον
1664 2534 1832 2601 ἀγαλ-

255 2619 496 2684 λιάσεως
535 2623 686 2692 παρὰ
712 2623 838 2686 τοὺς
871 2624 1125 2694 μετόχους
1157 2641 1269 2676 σου.
1307 2643 1324 2675 ›
1361 2625 1526 2687 Σύνες
1553 2619 1666 2688 οὖν,
1689 2627 1834 2688 ὅπως

251 2714 351 2766 καὶ
384 2712 520 2766 Θεὸν
549 2714 740 2778 εἰπὼν,
769 2717 862 2770 καὶ
892 2716 1080 2786 θρόνον
1105 2717 1250 2787 αύτῷ
1273 2717 1363 2771 τὸν
1385 2720 1462 2782 εἰς
1486 2718 1657 2771 αἰῶνα
1687 2719 1830 2782 δοὺς,

246 2804 548 2874 κεχρῖσοαί
577 2823 710 2875 φησι
747 2807 898 2877 παρὰ
923 2807 1080 2872 Θεοῦ,
1104 2809 1259 2877 δῆλον
1282 2809 1338 2862 δὲ
1371 2811 1450 2862 ὅτι
1475 2809 1568 2862 τοῦ
1599 2809 1830 2879 Πατρὸς,

247 2893 524 2967 ἐξαιρέτῳ
565 2897 670 2950 τινὶ
709 2897 890 2968 χρίσει
926 2899 1076 2969 παρά
1114 2899 1240 2962 τοὺς
1280 2899 1606 2968 μετέχοντας
1643 2899 1828 2962 αὐτοῦ,

243 2987 532 3040 τουτέστιν
567 2989 736 3058 ἡμᾶς.
773 2991 834 3043 Ei
876 2990 984 3061 γὰρ
1025 2991 1246 3058 γέγονεν
1293 2991 1600 3062 ἄνθρωπος,
1651 2991 1830 3044 καίτοι

245 3074 387 3136 Θεὸς
411 3074 487 3126 ῶν
518 3077 546 3127 ὁ
573 3076 764 3143 Λόγος,
793 3077 908 3132 ἀλλ’
940 3073 1008 3147 ἦν
1038 3081 1130 3131 καὶ
1165 3078 1338 3142 οὕτως
1380 3080 1681 3150 ἀπροσδεὴς
1723 3080 1831 3132 τῶν

243 3165 350 3235 τῆς
393 3165 534 3228 ἰδίας
577 3166 791 3235 φύσεως
834 3168 1080 3236 ἀγαθῶν,
1124 3171 1418 3242 αὐτοτελής
1463 3189 1520 3223 τε
1572 3172 1831 3242 ὑπάρχων

242 3257 346 3310 καὶ
398 3258 620 3328 πλήρης
675 3259 896 3329 χάριτος
953 3261 1048 3315 καὶ
1102 3261 1380 3332 ἀληθείας,
1429 3264 1570 3317 κατά
1625 3282 1687 3332 γε
1734 3267 1831 3335 τὴν

255 3350 522 3404 Ἰωάννου
553 3353 764 3423 φωνήν·
795 3351 887 3406 καὶ
921 3352 1032 3425 ἔχει
1071 3354 1167 3424 μὲν
1196 3356 1356 3418 αὐτὸς
1383 3356 1584 3425 ἀρτίως
1621 3358 1700 3420 είς
1723 3361 1831 3410 πᾶν

238 3442 434 3495 ὁτιοῦν
461 3441 569 3495 τῶν
595 3443 930 3515 θεοπρεπῶν,
963 3447 1070 3500 ἀπὸ
1102 3447 1156 3499 δὲ
1194 3447 1285 3500 τοῦ
1329 3447 1691 3518 πληρώματος
1732 3453 1831 3503 αύ-

233 3533 340 3587 τοῦ
385 3533 590 3597 πάντες
628 3539 780 3610 ἡμεῖς
819 3537 1106 3608 ἐλάϐομεν,
1149 3539 1288 3592 κατὰ
1321 3539 1376 3591 τὸ
1424 3543 1827 3611 γεγραμμένον.

247 3621 432 3694 Ὁμοῦ
473 3627 762 3697 τοιγαροῦν
804 3631 916 3692 τοῖς
946 3631 1044 3700 τῆς
1102 3629 1234 3694 ἰδίας
1282 3631 1698 3702 ἀνθρωπότητος
1736 3635 1830 3704 μέ-

233 3730 395 3784 τροις
431 3717 534 3771 καὶ
571 3717 645 3770 τὰ
672 3717 836 3772 αὐτοῦ
872 3719 1260 3790 οἰκειούμενος,
1303 3723 1536 3794 Χριστὸς
1565 3724 1827 3794 ὀνομάζε-

229 3819 353 3872 ται,
385 3806 495 3860 κᾶν
521 3809 568 3860 εί
599 3808 671 3878 μὴ
700 3810 981 3880 κεχρῖσθαι
1022 3813 1212 3876 νοοῖτο,
1243 3815 1382 3868 κατά
1411 3830 1495 3882 γε,
1522 3817 1682 3886 φημὶ,
1707 3817 1823 3887 τὴν,

237 3907 348 3969 τῆς
385 3899 652 3970 Θεότητος
685 3901 862 3968 φύσιν,
899 3904 1064 3974 ἧγουν
1094 3904 1228 3957 καθὸ
1258 3909 1455 3960 νοεῖται
1482 3907 1633 3970 Θεός.
1679 3910 1828 3962 Ἐπεὶ

223 3991 474 4060 φράσον,
517 3991 634 4055 πῶς
651 3992 852 4064 ἑτέρως
885 3996 1044 4046 νοοῖτ’
1077 3994 1143 4048 ἂν
1163 3997 1418 4065 Χριστὸς,
1445 3997 1573 4059 Υἱὸς
1599 3998 1692 4050 καὶ
1712 3999 1827 4050 Κύ-

215 4099 368 4153 ριος,
415 4082 785 4150 ἀπαξιοῦντος
813 4083 910 4137 τοῦ
957 4087 1296 4154 Μονογενοῦς
1340 4088 1437 4158 τὴν
1483 4089 1686 4159 χρίσιν,
1731 4089 1825 4141 καὶ

210 4176 330 4230 τῶν
367 4177 478 4246 τῆς
515 4175 804 4240 κενώσεως
838 4176 1048 4248 μέτρων
1076 4179 1175 4231 οὐκ
1207 4180 1564 4249 ἀνεχομένου;

285 4353 352 4406 Β.
413 4349 740 4418 Ἑτέρανγέ
772 4352 944 4423 πωςῆ
981 4355 1101 4407 καθ’
1131 4356 1277 4427 ἡμᾶς
1321 4356 1492 4409 ἵενται
1522 4357 1732 4428 τρίϐον,
1766 4359 1824 4411 τὸ

1415 304 1604 373 QUOD
1641 305 1834 366 ΠΝυὸ
1875 305 1988 362 SIT
2028 307 2399 370 CHRISTUS.

285 428 412 484 τύτὸ
449 427 506 480 δὲ
537 427 600 480 τὸ
629 426 838 497 χρῆμα,
867 425 1142 480 τουτέστιν
1170 426 1204 496 ἡ
1233 425 1432 498 χρίσις,
1467 426 1604 497 μετά
1623 427 1730 482 τῶν
1757 426 1858 496 τῆς
1887 430 1934 487 Α

3407 333 3543 389 1278

1962 443 2048 482 res
2081 431 2214 498 ipsa,
2257 432 2360 487 hoc
2397 441 2502 498 est,
2539 437 2742 504 unctio,
2792 451 3070 511 postquam
3112 449 3538 506 exinanitionem

1957 521 2140 588 subiit,
2175 521 2461 593 Unigenito
2488 529 2738 594 accessit,
2769 534 3107 590 manifestam
3147 539 3539 597 incarnationis

1956 609 2068 664 sive
2109 610 2509 669 lmmanatiouis
2545 617 2994 687 significationem
3048 629 3383 687 auditoribus
3437 633 3538 685 im-

1957 699 2192 754 mittens.
2234 699 2388 767 Quod
2426 705 2571 758 enim
2618 718 2814 765 unctus
2849 713 2941 778 sit,
2973 725 3240 784 quatenus
3282 721 3534 790 apparuit

1953 787 2134 851 homo,
2171 790 2372 858 optime
2407 793 2666 849 declarat.
2697 797 2754 853 Si
2798 816 2925 873 ergo
2952 787 3366 866 consideremus
3397 811 3528 867 Ver-

1953 878 2099 946 bum,
2145 895 2250 935 non
2281 883 2441 952 quale
2476 899 2560 940 est
2600 901 2882 962 postquam
2914 898 3434 959 administrationem
3473 907 3526 961 in

1951 983 2112 1022 carne
2139 971 2323 1036 subiit,
2351 977 2444 1029 sed
2475 979 2632 1047 quale
2659 993 2777 1036 erat
2807 986 3140 1055 unigenitum
3169 991 3261 1047 Dei
3292 991 3525 1052 Verbum

1951 1069 2239 1128 antequam
2275 1065 2697 1125 exinanitionem
2721 1077 2979 1132 sustinuit
3013 1095 3027 1132 :
3064 1083 3357 1139 absurdum
3395 1103 3527 1142 sane

1953 1151 2115 1207 fuerit
2137 1153 2410 1210 Christum
2435 1173 2784 1225 vocare,eum
2812 1169 2900 1234 qui
2929 1181 3124 1226 unctus
3150 1189 3252 1228 non
3275 1177 3364 1232 sit.
3390 1177 3524 1234 Cum

1949 1256 2078 1295 vero
2111 1243 2286 1298 divina
2310 1256 2364 1299 et
2385 1250 2750 1306 sacratissima
2783 1255 3055 1326 Scriptura
3100 1277 3316 1319 carnem
3351 1268 3524 1336 ipsum

1945 1331 2146 1387 factum
2172 1348 2293 1390 esse
2308 1335 2409 1402 ait,
2428 1340 2608 1394 unctio
2625 1351 2772 1397 certe
2794 1343 2894 1413 ipsi
2923 1352 3207 1408 conveniat
3229 1331 3524 1414 facta-circa

1947 1423 2534 1498 iucaruationem,qute
2559 1431 2722 1500 ipsius
2755 1443 2858 1492 est.
2881 1437 3079 1494 Scribit
3115 1443 3294 1512 itaque
3323 1451 3526 1516 sapien-

1948 1516 2188 1578 tissimus
2231 1518 2465 1578 Paulus:
2507 1543 2524 1575 ι
2555 1523 2654 1590 Qui
2699 1528 2842 1582 enim
2895 1533 3523 1608 sanctificatetquisan-

1941 1612 2274 1675 etilicantur,
2314 1626 2380 1665 ex
2443 1629 2550 1668 uno
2595 1631 2803 1674 omnes.
2859 1621 3084 1692 Propter
3115 1643 3276 1696 quam
3307 1645 3523 1687 causam

1945 1714 2048 1752 non
2079 1701 2429 1755 confunditur
2462 1703 2660 1760 fratres
2694 1721 2787 1763 eos
2818 1725 3032 1780 vocare,
3072 1715 3257 1773 dicens
3307 1735 3319 1771 :
3377 1719 3516 1776 Nun-

1950 1790 2094 1844 tiabo
2123 1805 2315 1846 nomen
2371 1802 2522 1848 tuum
2561 1793 2822 1853 fratribus
2871 1803 3005 1856 meis
3035 1805 3104 1856 ⁷⁸.
3142 1825 3160 1857 ι
3205 1805 3520 1864 Sanctiﬁca-

1948 1889 2032 1932 tus
2071 1881 2214 1934 enim
2262 1892 2345 1936 est
2395 1885 2702 1951 nobiscum,
2753 1893 2966 1957 quando
3014 1895 3188 1950 factus
3233 1909 3317 1952 est
3353 1901 3520 1954 nostri

1943 1969 2156 2024 similis.
2194 1971 2344 2037 Quod
2380 1983 2556 2027 autem
2582 1991 2708 2032 vere
2733 1979 2901 2035 Filius
2925 1995 3040 2037 erat
3074 1987 3163 2054 qui
3197 1997 3392 2044 unctus
3418 2001 3520 2058 est,

1941 2072 2208 2129 quatenus
2233 2065 2404 2118 factus
2428 2075 2509 2120 est
2539 2082 2685 2136 caro,
2710 2072 2824 2127 sive
2854 2075 3126 2142 perfectus
3159 2080 3340 2145 homo,
3365 2083 3520 2138 fidem

1943 2152 2101 2207 faciet
2135 2154 2346 2209 divinus
2364 2157 2551 2223 David,
2575 2161 2648 2214 ita
2679 2163 2746 2216 ad
2778 2179 2898 2218 eum
2921 2167 3359 2243 loquens:728
3380 2192 3397 2224 ι
3433 2173 3534 2232 Se-

1943 2247 2036 2297 des
2071 2254 2181 2310 tua,
2207 2246 2370 2312 Deus,
2407 2250 2458 2302 in
2486 2251 2736 2306 smeulum
2764 2257 2940 2310 szeculi
2970 2277 2984 2310 :
3009 2260 3156 2330 virga
3187 2263 3517 2332 directiouis,

1939 2335 2088 2402 virga
2113 2339 2260 2407 regni
2298 2341 2393 2393 tui.
2427 2340 2668 2398 Dilexisti
2699 2345 2988 2413 justitiam,
3019 2358 3073 2405 et
3102 2353 3264 2407 odisti
3307 2355 3513 2424 iniqui-

1942 2434 2102 2479 tatem
2135 2445 2148 2481 :
2178 2441 2455 2500 propterea
2489 2435 2640 2489 unxit
2665 2443 2716 2490 te
2748 2437 2908 2508 Deus,
2937 2442 3077 2498 Dens
3111 2453 3233 2500 tuus
3269 2446 3388 2502 oleo
3425 2449 3518 2503 lae—

1941 2516 2068 2568 titia:
2091 2532 2202 2586 pra:
2239 2523 2581 2576 consortibus
2615 2525 2719 2579 tuis
2759 2527 2826 2577 ".
2859 2545 2878 2579 ›
2915 2530 3301 2589 Animadverte
3339 2539 3518 2606 itaque

1939 2623 2045 2676 quo
2077 2618 2232 2676 pacto
2263 2625 2382 2664 cum
2429 2623 2484 2666 et
2532 2613 2696 2669 Deum
2757 2619 3072 2685 nominarit,
3108 2632 3160 2676 et
3199 2625 3377 2678 sedem
3417 2627 3518 2695 ipsi

1939 2697 1990 2752 in
2027 2699 2222 2754 saecula
2253 2703 2582 2771 attribuerit,
2614 2718 2834 2762 unctum
2862 2723 2986 2764 esse
3016 2713 3147 2766 dicit
3176 2729 3204 2766 a
3241 2715 3367 2782 Deo,
3406 2733 3515 2771 ma-

1885 2793 1890 2796 ’
1939 2790 2194 2846 nifcstum
2237 2803 2416 2849 autem
2457 2806 2541 2852 est
2579 2801 2720 2867 quod
2763 2815 2791 2853 a
2835 2801 3014 2868 Patre,
3049 2805 3246 2859 eximia
3285 2809 3516 2876 quadam

1937 2885 2190 2939 unctione
2237 2901 2346 2955 pra:
2390 2893 2602 2944 caeteris
2649 2892 3004 2961 participibus
3051 2895 3238 2963 ipsius,
3282 2899 3384 2952 hoc
3415 2909 3515 2964 est,

1939 2975 2112 3030 nobis.
2142 2975 2379 3032 Tametsi
2410 2979 2554 3033 enim
2582 2981 2782 3036 factum
2818 2993 2900 3038 est
2936 2986 3119 3050 homo,
3153 2987 3292 3042 Deus
3319 2992 3515 3059 alioqui

1936 3071 2208 3124 exsistens
2251 3069 2516 3138 Verbum,
2555 3083 2673 3128 erat
2719 3083 2898 3130 tamen
2941 3077 3107 3131 etiam
3154 3078 3256 3133 hac
3309 3082 3515 3136 ratione

1937 3162 2164 3231 propriae
2203 3177 2313 3217 sua:
2358 3174 2564 3218 natu-rae
2598 3166 2861 3220 bonorum
2897 3181 3235 3238 nequaquam
3279 3171 3512 3241 indigus,

1935 3267 2029 3320 per
2050 3267 2109 3304 se
2140 3251 2410 3319 perfectus
2446 3255 2733 3321 exsistens,
2770 3265 2826 3311 et
2862 3273 2880 3308 t
2911 3257 3105 3326 plenus
3133 3259 3318 3329 gratia:
3346 3271 3400 3315 et
3423 3277 3515 3317 ve-

1933 3344 2110 3398 ritatis
2149 3343 2216 3409 ⁷⁸,
2251 3363 2270 3395 ι
2309 3353 2368 3398 ut
2408 3345 2584 3416 inquit
2630 3346 2889 3403 Joannes.
2917 3350 3092 3418 Atque
3137 3352 3512 3421 ipsiequidcm

1933 3437 2076 3488 omni
2108 3449 2304 3504 genere
2330 3437 2634 3491 divinorum
2667 3440 2930 3492 bonorum
2967 3441 3237 3495 abundat:
3273 3461 3290 3492 ι
3329 3444 3374 3496 Δ
3403 3445 3504 3512 ple-

1933 3529 2178 3582 nitudine
2201 3544 2328 3583 vero
2361 3531 2530 3598 ipsius
2556 3545 2744 3587 omnes
2769 3547 2865 3587 nos
2889 3535 3197 3603 accepimus
3215 3536 3281 3599 ",
3312 3555 3330 3588 ι
3360 3537 3512 3603 juxta

1933 3615 2289 3685 Scripturam.
2339 3617 2590 3674 Christus
2640 3619 2820 3690 itaque
2865 3631 3111 3690 vocatur,
3157 3624 3248 3693 qui
3284 3624 3350 3678 ad
3390 3639 3511 3694 pro-

1931 3706 2062 3774 pritl‘.
2091 3721 2201 3762 sua:
2235 3708 2586 3764 humanitatis
2609 3713 2972 3767 conditionem
3005 3715 3166 3768 etiam
3194 3731 3312 3784 qum
3343 3717 3512 3784 ipsius

1934 3812 2061 3856 sunt
2108 3803 2414 3872 eunjunxit,
2457 3807 2666 3861 tametsi
2715 3823 2819 3862 non
2873 3810 3202 3877 intelligatur
3248 3826 3367 3864 esse
3411 3829 3510 3865 un-

1928 3902 2066 3954 ctus,
2101 3893 2376 3956 nimirum,
2419 3896 2721 3948 secundum
2759 3904 3007 3950 naturam
3042 3899 3362 3960 divinitatis,
3395 3900 3508 3954 sive

1927 3993 2188 4051 quatenus
2237 3993 2486 4038 censetur
2535 3985 2696 4041 Deus.
2757 3986 3034 4055 Siquidem
3087 3990 3208 4052 die,
3242 3991 3503 4062 obsecro,

1926 4075 2192 4143 quomodo
2227 4074 2381 4127 aliter
2411 4075 2629 4145 intelligi
2659 4077 2826 4146 possit
2847 4078 3094 4132 Christus
3117 4079 3284 4134 Filius
3318 4091 3372 4134 et
3399 4081 3505 4136 Do-

1927 4167 2124 4232 minus,
2156 4166 2198 4221 si
2233 4165 2554 4237 Unigenitus
2589 4169 2900 4224 unctionem
2948 4171 3292 4240 dedignetur,
3338 4182 3502 4243 atque

1924 4257 2309 4312 exiuanitionis
2333 4259 2694 4314 conditionem
2728 4263 3026 4315 detrectet?

1994 4348 2057 4402 B.
2097 4349 2214 4403 Alia
2247 4350 2400 4420 longe
2431 4366 2590 4419 quam
2637 4365 2734 4405 nos
2777 4353 2860 4406 via
2907 4353 3183 4421 incedunt,
3226 4357 3503 4430 religionis

199 4449 312 4518 τῆς
351 4445 665 4508 εὐσεϐείας
712 4448 1006 4518 μυστήριον
1049 4449 1322 4512 ἀσυνέτως
1348 4451 1816 4521 διερμηνεύοντες.

1937 4442 2239 4512 mysteriqu
2272 4445 2518 4512 imperite
2544 4445 2901 4513 explicantes.
2944 4447 3111 4500 Aiunt
3157 4451 3324 4515 enim,
3361 4453 3502 4520 quod

193 4539 350 4590 Φασὶ
385 4537 506 4606 γὰρ
539 4535 621 4596 ὡς
647 4536 675 4586 ὁ
705 4533 836 4598 Θεὸς
860 4536 1030 4605 Λόγος
1059 4538 1348 4608 ἄνθρωπον
1377 4539 1567 4609 εἴληφε
1591 4541 1819 4605 τέλειον,

1937 4534 2066 4587 Deus
2103 4531 2336 4586 Verbum
2391 4534 2665 4588 hominem
2713 4537 2943 4604 sumpsit
2993 4538 3312 4604 perfectura,
3357 4543 3502 4596 exsi-

195 4628 268 4682 δκ
305 4629 658 4698 σπέρματος
691 4625 822 4681 ὄντα
853 4629 1107 4700 Ἀϐραὰμ
1163 4632 1257 4684 καὶ
1309 4633 1491 4699 Δαϐὶδ,
1546 4634 1691 4687 κατὰ
1721 4635 1820 4704 τὴν

1937 4633 2152 4677 stentem
2180 4637 2245 4676 ex
2282 4623 2489 4676 semine
2518 4624 2746 4678 Abraha:
2776 4633 2828 4677 et
2855 4625 3017 4676 David
3050 4627 3116 4690 ⁷⁸,
3149 4628 3217 4679 ita
3255 4638 3312 4679 ut
3339 4631 3500 4682 edixit

1927 4714 2229 4782 Scriptura,
2269 4715 2320 4767 id
2343 4715 2515 4781 ipsum
2555 4725 2745 4769 natura
2789 4717 3162 4782 cxsistculcm,
3204 4720 3346 4786 quod
3392 4719 3501 4772 fue—

1925 4815 2048 4860 rant
2081 4806 2152 4858 illi
2181 4820 2458 4874 equorum
2495 4807 2696 4861 semine
2723 4815 2839 4861 erat
2870 4809 2936 4871 ⁷⁷,
2977 4808 3246 4861 hominem
3292 4811 3498 4878 perfec-

1927 4908 2035 4952 tum
2061 4907 2276 4963 natura,
2302 4914 2366 4952 ex
2393 4899 2570 4951 anima
2604 4899 2933 4968 intelligente
2971 4910 3025 4953 et
3077 4914 3242 4955 carne
3267 4902 3500 4954 humana

1925 5000 2282 5056 constantem,
2308 5006 2462 5058 quem
2484 4991 2698 5058 quidem
2731 4992 3020 5053 hominem.
3048 5007 3168 5047 cum
3192 5007 3334 5048 esset
3361 4994 3499 5064 ejus-

1927 5085 2046 5136 dem
2093 5085 2378 5138 nobiscum
2433 5091 2658 5146 naturze,
2709 5083 2942 5152 Spiritus
2991 5086 3162 5138 sancti
3201 5087 3398 5140 virtute
3449 5086 3499 5137 iu

1931 5185 2084 5228 utero
2119 5174 2353 5242 Virginis
2398 5171 2708 5236 formatum,
2758 5174 2959 5227 factum
3002 5175 3102 5230 sub
3133 5176 3265 5245 lege,
3305 5185 3363 5229 ut
3404 5193 3498 5228 nos

1925 5281 2113 5318 oumcs
2143 5267 2432 5318 redimeret
2461 5280 2488 5316 a
2519 5265 2776 5318 servitute
2805 5265 2934 5335 legis
2957 5267 3023 5331 ⁷⁸,
3057 5267 3363 5320 filiationem
3385 5266 3496 5334 jam

1925 5358 2052 5409 olim
2083 5359 2513 5425 przrdcstinatam
2542 5357 2782 5423 adeptos,
2816 5372 2938 5410 cum
2963 5358 3260 5410 admirabili
3291 5360 3494 5411 ratione

1925 5448 2200 5516 conjunxit
2244 5457 2298 5499 et
2329 5447 2840 5515 conglutinavitsibi
2867 5488 2880 5511 ,
2928 5459 2982 5500 et
3017 5457 3238 5501 mortem
3281 5449 3492 5516 quidem

1927 5540 2160 5592 humano
2186 5553 2332 5591 more
2353 5539 2502 5591 obire
2531 5537 2729 5604 voluit;
2754 5540 3029 5592 suscitavit
3053 5555 3178 5593 vero
3194 5539 3437 5594 eumdem
3461 5557 3490 5594 a

2027 5649 2069 5678 ⁷³
2101 5647 2226 5701 ibid.
2270 5647 2347 5702 l6.
2427 5650 2468 5681 ⁷⁸
2495 5647 2650 5702 Joan.
2684 5665 2778 5714 vn,
2813 5651 2901 5707 Η.
2979 5653 3022 5682 ⁷⁷
3057 5652 3096 5704 ll
3129 5651 3251 5703 Cor.
3287 5665 3364 5714 XI,
3396 5651 3485 5706 '22.

200 4722 590 4791 ἳιαγὸρευσιν
616 4718 725 4771 τῶν
753 4720 1006 4790 Γραφῶν,
1039 4722 1198 4775 τοῦτο
1227 4721 1354 4776 ὂντα
1376 4724 1473 4794 τὴν
1497 4725 1658 4790 φύσιν
1683 4727 1820 4796 ὅπερ

190 4809 348 4881 ἦσαν
391 4813 639 4870 ἐκεῖνοι,
686 4799 872 4880 ὦνπερ
922 4812 989 4862 ἐκ
1035 4811 1347 4882 σπέρματος
1397 4809 1488 4882 ἦν,
1531 4813 1817 4883 ἄνθρωπον

187 4904 422 4956 τέλειον
460 4901 574 4972 τὴν
607 4900 791 4968 φύσιν,
819 4904 884 4953 ὲκ
915 4902 1096 4972 ψυχῆς
1147 4921 1207 4956 τε
1241 4907 1434 4974 νοερᾶς
1479 4907 1571 4958 καὶ
1615 4905 1817 4976 σαρκὸς

190 4993 550 5049 συνεστῶτα
576 4992 948 5064 ἀνθρωπίνης,
980 4995 1038 5047 ὃν
1069 4995 1354 5066 ἄνθρωπον
1373 4997 1502 5048 ὅντα
1528 4998 1646 5049 καθ’
1673 5000 1820 5068 ἡμᾶς

189 5090 296 5160 τὴν
325 5085 538 5156 φύσιν,
569 5083 890 5155 Πνεύματος
922 5087 1078 5153 ἁγίου
1109 5088 1334 5158 δυνάμει
1368 5090 1426 5140 ἐν
1447 5091 1512 5158 τῇ
1541 5089 1639 5158 τῆς
1669 5091 1814 5157 Παρ-

188 5181 359 5232 ῡένου
402 5177 616 5245 μήτρᾳ
654 5174 1074 5240 διαπλασθέντα,
1108 5178 1397 5246 γενόμενόν
1438 5195 1497 5230 τε
1529 5181 1591 5231 ὲκ
1635 5196 1823 5246 γυναι-

185 5268 312 5331 κὸς,
350 5265 676 5334 γενόμενον
716 5262 820 5314 ὑπό
846 5263 1032 5332 νόμον,
1070 5263 1155 5315 ἵνα
1206 5264 1412 5327 πάντας
1443 5266 1590 5334 ἡμᾶς
1621 5265 1814 5330 ἐξαγο-

184 5360 347 5430 ράσῃ
399 5356 516 5424 τῆς
551 5351 654 5403 τοῦ
697 5353 861 5423 νόμου
919 5353 1182 5418 δουλείας,
1225 5355 1323 5425 τὴν
1367 5355 1645 5425 πόρρωθεν
1684 5373 1817 5424 προ-

179 5444 540 5516 ωρισμένην
592 5439 865 5494 υἱοθεσίαν
899 5441 1293 5505 ἀπολαϐόντας,
1338 5445 1537 5505 καινῶς
1580 5443 1815 5511 συνῆψεν

175 5537 404 5606 ἐαυτῷ,
463 5530 715 5585 θανάτου
749 5534 847 5602 μὲν
901 5532 1083 5596 αὑτὸν,
1126 5535 1264 5586 κατὰ
1297 5537 1458 5602 νόμον
1491 5535 1812 5606 ἀνθρώπων,

258 5655 308 5686 ⁷³
348 5647 538 5702 ilcbr.
587 5643 769 5719 It,_19._.
845 5645 889 5719 ’2
926 5643 1068 5697 [δεδι.
1118 5661 1258 5709 xuv,
1291 5646 1338 5708 7,
1378 5646 1408 5696 8
1535 5647 1576 5678 "'
1603 5647 1758 5700 Joan.
1797 5666 1831 5713 l,
1869 5653 1947 5704 ιι.

175 5726 225 5754 ’⁸
261 5721 459 5776 Calui.
515 5728 596 5776 IV,
640 5712 690 5770 4,
730 5713 776 5763 5.

2427 5650 2468 5681 ⁷⁸
2495 5647 2650 5702 Joan.
2684 5665 2778 5714 vn,
2813 5651 2901 5707 Η.
