4078 6264
583 283 722 342 I279
1625 282 1680 337 S.
1724 280 1998 337 CYRILLI
2033 276 2500 343 ALEXANDBINI
2545 275 2864 332 ABCIIIEP.
3717 275 3865 332 l280

584 393 837 462 mortuis,
865 401 920 449 et
947 393 1124 448 evexit
1152 392 1203 446 iu
1235 392 1453 459 coelum,
1491 402 1545 447 et
1569 394 1854 448 collocavit
1898 408 1926 448 a
1964 393 2170 448 dextris

2277 391 2639 461 πειρασθῆναι
2669 390 3117 460 παρασκευάσας,
3160 389 3382 460 ἐγείρας
3422 388 3479 442 δὲ
3515 390 3580 441 ἐκ
3618 391 3859 459 νεκρῶν.

586 483 699 539 Dei.
727 481 880 537 Unde
908 490 964 536 et
994 495 1154 551 supra
1183 495 1398 535 omnem
1431 483 1701 537 cxsistens
1725 479 2091 550 Principatum
2115 489 2170 536 et

2272 482 2366 536 καὶ
2393 480 2686 550 ἀναγαγὼν
2726 483 2804 543 είς
2828 481 3077 550 οὐρανὸν,
3117 480 3212 532 καὶ
3265 480 3492 543 καθίσας
3545 483 3611 532 ὲκ
3657 480 3861 546 δεξιῶν

584 573 908 640 Potestates,
935 570 1179 628 Virtutes
1208 588 1271 627 ac
1294 574 1722 642 Dominationes,
1755 583 1986 645 etsupra
2009 590 2170 630 omne

2268 572 2364 626 τοῦ
2390 571 2719 626 Θεοῦ.”0οεν
2745 571 2809 642 δὴ
2845 571 3102 642 ὑπεράνω
3145 572 3325 640 πάσης
3355 571 3617 641 ὑπάρχων
3653 570 3860 642 Ἀρχῆς

585 681 780 720 nomen
823 664 966 736 quod
1006 665 1318 720 nominatur
1347 681 1450 720 non
1495 666 1668 721 solum
1714 668 1768 722 in
1802 668 1905 723 hoc
1949 667 2166 734 saeculo,

2269 681 2329 717 τε
2361 665 2455 718 καὶ
2486 663 2783 728 Ἐξουσίας,
2811 662 2906 716 καὶ
2936 662 3249 730 Δυνάμεως,
3267 661 3360 714 καὶ
3376 661 3737 730 Κυριότητος,
3759 661 3864 714 καὶ

583 772 770 812 verum
794 759 957 812 etiam
987 758 1040 812 in
1067 757 1246 813 l‘uturo
1264 758 1407 823 ",ab
1428 760 1573 813 omni
1603 768 1853 816 creatura
1878 761 2168 826 adorator;

2276 757 2470 820 παντὸς
2497 756 2755 825 ὀνόματος
2781 727 3184 824 ὀνομαζομένου
3214 753 3313 805 οὑκ
3339 754 3398 805 ὲν
3438 727 3516 822 τῷ
3539 752 3702 805 αἰῶνι
3735 727 3886 804 τοὺ-ί

585 857 770 918 utpote
797 847 1215 917 inseparabilem
1247 865 1370 905 cum
1407 850 1590 904 divina
1621 860 1814 906 natura
1844 851 2173 922 conjunctio-

2268 864 2346 917 τῳ
2375 848 2555 918 μόνον,
2581 846 2716 901 ἀλλὰ
2743 847 2837 899 καὶ
2873 847 2928 898 ἐν
2957 844 3036 914 τῷ
3073 844 3340 914 μέλλοντι,
3365 845 3464 914 τὴν
3494 844 3649 914 παρὰ
3676 843 3861 912 πάσης

584 957 708 997 nem
756 943 984 1008 habens,
1021 941 1271 1012 quodque
1303 941 1394 997 Dei
1425 952 1672 1012 respectu
1699 952 1866 1012 atque
1897 945 2170 999 intellectu

2269 940 2371 1011 τῆς
2423 941 2652 1003 κτίσεως
2696 939 2910 1010 δέχεται
2964 937 3365 1007 προσκύνησιν,
3418 937 3494 1000 ὡς
3548 935 3855 1006 ἀχώριστον

581 1033 760 1090 omnis
809 1043 1059 1090 creatura
1107 1035 1157 1090 ei
1208 1036 1583 1092 adorationem
1619 1035 1849 1090 deferat.
1899 1035 2064 1106 729
2105 1035 2172 1090 Et

2271 1034 2410 1103 πρὸς
2446 1032 2544 1103 τὴν
2587 1032 2738 1086 θείαν
2764 1031 2925 1102 φύσιν
2952 1029 3093 1101 ἔχων
3116 1031 3213 1101 τὴν
3261 1029 3580 1096 συνάφειαν,
3609 1027 3857 1097 ἀναφορᾷ

585 1141 760 1196 neque
801 1129 937 1183 duos
978 1128 1206 1183 dicimus
1253 1126 1415 1190 ﬁlios,
1483 1141 1658 1197 neque
1704 1127 1839 1183 duos
1897 1129 2168 1185 dominos.

2268 1127 2404 1181 Θεοῦ
2432 1127 2527 1180 καὶ
2565 1125 2745 1196 ἐννοίᾳ
2770 1125 2950 1195 πάσης
2977 1125 3127 1194 αὑτῷ
3164 1123 3264 1192 τῆς
3295 1123 3524 1183 κτίσεως
3563 1120 3662 1191 τὴν
3692 1137 3856 1189 προσ-

583 1219 717 1272 Cum
763 1228 942 1274 autem
996 1218 1164 1274 Filius
1215 1220 1286 1273 sit
1343 1219 1639 1274 secundum
1685 1219 1976 1273 essentiam
2028 1219 2171 1274 Deus

2269 1219 2496 1288 κύνησιν
2515 1217 2917 1287 άπονεμούσης,
2941 1218 3038 1270 καὶ
3059 1216 3182 1270 οὔτε
3213 1215 3308 1269 δύο
3330 1213 3511 1284 φαμὲν
3534 1214 3712 1274 υἱοὺς,
3736 1213 3853 1264 οὕτε

585 1307 845 1376 Verbum,
873 1309 1181 1378 unigenitus
1225 1307 1398 1363 Filius
1423 1307 1622 1374 Patris,
1661 1309 1747 1362 cui
1775 1309 1864 1365 hic
1887 1310 2170 1379 copulatus

2267 1310 2362 1364 δύο
2394 1309 2615 1380 κυρίους
2637 1327 2648 1337 ·
2671 1309 2858 1379 ἐπειδὴ
2877 1309 2933 1362 δὲ
2956 1309 3084 1371 Υἱὸς
3101 1309 3221 1362 κατ’
3243 1306 3429 1359 οὐσίαν
3455 1307 3483 1358 6
3504 1304 3640 1366 Θεὸς
3659 1305 3855 1372 Λόγος,

582 1411 671 1457 est
713 1411 769 1456 et
817 1401 1114 1472 particeps,
1159 1416 1501 1456 communem
1540 1402 1700 1455 etiam
1735 1417 1860 1456 cum
1890 1417 1954 1458 eo
1984 1403 2168 1470 appel-

2267 1407 2297 1458 6
2343 1402 2640 1474 μονογενὴς
2672 1403 2800 1465 Υἱὸς
2819 1400 2915 1454 τοῦ
2935 1401 3169 1470 Πατρὸς,
3207 1393 3362 1467 ᾧπερ
3391 1391 3546 1460 οὗτος
3571 1397 3865 1466 συνημμέ-

583 1493 839 1548 lationem
867 1493 1203 1563 gloriamque
1225 1493 1578 1547 nanciscitur.
1604 1491 1670 1545 Et
1698 1494 1956 1548 Dominus
1979 1509 2172 1550 secun-

2269 1514 2356 1560 νος
2381 1512 2440 1549 τε
2471 1497 2567 1548 καὶ
2596 1495 2858 1565 μετέχων,
2885 1494 3134 1546 κοινωνεῖ
3169 1493 3267 1562 τῆς
3309 1490 3441 1543 Υἱοῦ
3476 1490 3865 1560 προσηγορίας

585 1585 711 1639 dum
743 1584 1038 1640 essentiam
1073 1583 1212 1639 Deus
1237 1583 1496 1649 Verbum,
1520 1584 1606 1638 cui
1627 1585 1910 1654 capillatus
1938 1586 2047 1649 hic,
2077 1587 2172 1641 ho-

2269 1591 2364 1645 καὶ
2391 1590 2576 1659 τιμῆς,
2628 1587 2722 1640 καὶ
2757 1585 2962 1656 Κύριος
3001 1587 3122 1638 κατ’
3153 1584 3346 1637 οὐσίαν
3368 1584 3396 1636 6
3425 1583 3559 1645 Θεὸς
3583 1584 3787 1650 Λόγος,
3819 1576 3868 1649 ᾧ

586 1676 730 1730 noris
775 1677 938 1730 etiam
964 1675 1236 1746 particeps
1270 1676 1351 1741 ﬁt,
1381 1684 1543 1745 atque
1589 1677 1788 1732 idcirco
1815 1692 1988 1747 neque
2037 1678 2171 1732 duos

2272 1681 2617 1752 συνημμένος
2637 1673 2810 1742 οὗτος,
2841 1679 3092 1731 κοινωνεῖ
3109 1677 3204 1746 τῆς
3229 1675 3418 1745 τιμῆς.
3445 1676 3556 1728 Καὶ
3583 1661 3674 1727 διᾶ
3699 1674 3869 1726 τοῦτο

583 1767 815 1823 dicimus
849 1739 1007 1834 ﬁlios,
1060 1739 1237 1835 neque
1263 1739 1400 1823 duos
1425 1739 1690 1822 dominos.
1736 1739 2014 1837 Siquidem
2046 1783 2168 1822 cum

2269 1739 2521 1827 οὔτεηδὺο
2559 1739 2738 1841 φαμὲν
2771 1739 2946 1832 ⁷υἱοὺς
2968 1809 2982 1831 ,
3038 1739 3172 1820 οὕτε·
3207 1739 3301 1821 δύο
3351 1739 3598 1835 κυρίους.
3636 1764 3870 1834 Ἐπειδὴ

582 1859 900 1913 manifestus
935 1859 1005 1915 sit
1033 1858 1122 1926 qui
1158 1859 1396 1912 essentia
1444 1873 1539 1912 sua
1573 1868 1658 1913 est
1695 1859 1952 1913 Dominus
1994 1870 2048 1913 et
2078 1859 2167 1914 Fi-

2269 1863 2429 1932 δήλου
2457 1863 2551 1916 τοῦ
2575 1863 2694 1915 κατ’
2726 1861 2911 1913 οὐσίαν
2933 1859 3084 1922 ὄντος
3108 1857 3317 1927 Κυρίου
3344 1857 3438 1910 καὶ
3469 1856 3624 1918 Υἱοῦ,
3652 1856 3872 1926 ἀχώρι-

585 1946 720 2013 lius,
766 1947 1182 2016 inseparabilem
1217 1948 1424 2002 habens
1469 1963 1591 2002 cum
1629 1962 1694 2003 eo
1726 1948 2168 2017 coniunctionem

2271 1973 2396 2010 στον
2447 1955 2584 2025 ἔχων
2614 1954 2712 2024 τὴν
2749 1953 2883 2022 πρὸς
2929 1951 3093 2005 αὑτὸν
3127 1951 3426 2020 συνάφειαν
3456 1953 3486 2002 6
3525 1951 3627 2019 τῆς
3654 1950 3873 2019 ἡμετέ-

583 2037 631 2094 is
659 2039 749 2108 qui
777 2047 974 2094 nostrae
1002 2038 1190 2094 salutis
1221 2055 1387 2094 causa
1412 2051 1659 2108 sumptus
1691 2049 1793 2105 est,
1821 2040 1979 2094 simul
2004 2042 2168 2097 etiam

2275 2065 2373 2118 ρας
2408 2047 2681 2118 σωτηρίας
2708 2045 2936 2114 ληφθεὶς
2969 2044 3177 2105 ἕνεκεν,
3223 2042 3658 2112 συναναφέρεται
3692 2044 3765 2112 τῇ
3809 2056 3871 2093 τε

585 2129 814 2184 infertur
859 2139 1021 2199 atque
1064 2131 1382 2201 intelligitur
1423 2147 1548 2186 cum
1588 2131 1947 2202 appellatione
2006 2143 2170 2204 atque

2087 2148 2170 2204 [ue
2271 2137 2533 2208 ὀνομασίᾳ
2566 2136 2659 2189 καὶ
2686 2139 2750 2206 τῆ
2776 2137 2907 2206 τιμῇ
2931 2133 3022 2188 τοῦ
3061 2133 3187 2186 Υίοῦ
3220 2133 3313 2188 καὶ
3334 2132 3427 2186 τοῦ
3460 2133 3697 2203 Κυρίου.

584 2221 751 2289 gloria
779 2220 896 2275 Filii
922 2231 975 2276 et
1007 2222 1242 2277 Domini.

654 2317 721 2368 A.
759 2311 802 2368 Ο
833 2313 1114 2384 ingentem
1136 2313 1464 2382 imperitiam
1499 2323 1666 2386 atque
1693 2317 1959 2374 insaniam
1981 2335 2168 2375 eorum

2345 2316 2408 2366 Α.
2451 2313 2624 2365 Βαϐαῖ
2660 2315 2759 2381 τῆς
2809 2311 3098 2373 ἀσυνεσίας
3147 2309 3240 2361 καὶ
3292 2309 3610 2379 ἐμπλήκτου
3661 2309 3870 2378 φρενὸς

582 2405 674 2474 qui
706 2403 779 2459 ita
815 2418 938 2461 sese
971 2419 1085 2460 rem
1121 2405 1324 2460 habere
1362 2407 1466 2461 sibi
1506 2410 1868 2476 persuadent!
1919 2411 2172 2467 lncredu-

2275 2405 2380 2459 τῶν
2425 2399 2527 2458 ὧδε
2571 2403 2725 2456 ταῦτ’
2767 2403 2910 2472 ἔχειν
2953 2402 3054 2454 οὑκ
3102 2397 3197 2456 οἷδ’
3239 2403 3386 2465 ὅπως
3436 2399 3865 2470 ὑπειληφότωνῐ

586 2496 712 2553 iitas
735 2498 879 2552 enim
915 2511 1061 2552 mera
1087 2507 1172 2553 est
1199 2499 1313 2554 haec
1348 2514 1437 2554 res
1468 2501 1864 2571 impiarumque
1903 2503 2170 2559 inventio-

2273 2497 2500 2550 ἀπιστία
2525 2495 2635 2565 γὰρ
2660 2494 2720 2547 τὸ
2747 2494 2956 2566 χρῆμα,
2989 2494 3085 2547 καὶ
3124 2494 3310 2565 ἕτερον
3335 2494 3510 2558 οὐδὲν,
3543 2494 3643 2545 καὶ
3669 2493 3871 2544 δυσσε-

585 2605 714 2644 num
747 2589 982 2656 novitas,
1016 2598 1071 2643 et
1100 2591 1264 2644 totius
1295 2591 1493 2646 divina:
1516 2607 1794 2660 sacraeque
1825 2596 2169 2662 praedicatio.

2274 2588 2384 2640 ϐῶν
2419 2586 2738 2658 εὑρεμάτων
2766 2584 3045 2654 καινότης,
3089 2584 3185 2637 καὶ
3221 2583 3503 2653 ἀνατροπὴ
3541 2582 3658 2635 τῶν
3708 2582 3868 2634 θείων

586 2681 670 2735 nis
723 2681 1039 2744 subversio,
1089 2695 1210 2749 qua:
1257 2697 1424 2736 unum
1477 2697 1598 2738 esse
1649 2683 1936 2739 Dominum
1983 2687 2169 2742 Jesum

2272 2696 2333 2732 τε
2375 2679 2470 2733 καὶ
2517 2677 2676 2746 ἱερῶν
2704 2676 3094 2748 κηρυγμάτων,
3126 2675 3222 2728 ἕνα
3249 2675 3451 2744 Κύριον
3495 2672 3718 2743 Ἰησοῦν
3747 2674 3867 2742 Χρι-

583 2767 860 2822 Christutn
907 2767 1104 2822 Filium
1150 2768 1244 2824 Dei
1287 2771 1609 2839 proclamat,
1643 2773 1896 2828 nimirutu
1937 2775 2170 2831 Verbum

2277 2769 2420 2836 στὸν,
2452 2769 2544 2822 τὸν
2572 2769 2702 2825 Υίὸν
2727 2767 2820 2820 τοῦ
2856 2767 2990 2819 Θεοῦ
3023 2767 3485 2837 διακεκραγότων,
3523 2765 3619 2818 τὸν
3645 2766 3714 2818 ἐκ
3734 2764 3865 2818 Θεοῦ

583 2874 650 2913 ex
699 2859 805 2914 Deo
839 2860 997 2916 Patre
1033 2861 1308 2917 hominem
1354 2863 1557 2918 laetum
1607 2875 1771 2935 atque
1806 2868 2168 2934 incarnatum,

2276 2861 2487 2931 Πατρὸς
2518 2859 2758 2931 δηλονότι
2796 2859 2965 2926 Λόγον
3002 2857 3502 2928 ὲνανθρωπὴσαντα
3531 2858 3632 2909 καὶ
3667 2873 3861 2926 σεσαρ-

586 2954 661 3005 ita
697 2961 756 3003 ut
781 2951 853 3005 sit
883 2951 995 3020 ipse
1044 2949 1188 3007 Deus
1218 2952 1377 3006 simul
1404 2962 1457 3008 et
1481 2954 1676 3020 homo;
1709 2964 1765 3009 et
1795 2954 1954 3010 unius
1991 2957 2170 3011 omnia

2275 2953 2543 3022 κωμένον,
2586 2950 2726 3003 ὥστε
2772 2949 2910 3002 εἶναι
2938 2949 3030 3001 τὸν
3059 2948 3241 3011 αὑτὸν,
3281 2948 3412 3000 Θεὸν
3441 2947 3582 3016 ὁμοῦ
3630 2948 3738 3000 καὶ
3784 2950 3863 3001 ἄν·

585 3040 787 3106 diviua,
813 3055 877 3096 ac
912 3054 1171 3111 prmterea
1205 3043 1462 3099 humana.
1499 3045 1597 3100 Hic
1633 3048 1776 3101 enim
1801 3063 1927 3103 cum
1957 3065 2172 3115 semper

2278 3049 2512 3118 θρωπον,
2540 3048 2632 3101 καὶ
2657 3049 2774 3109 ἑνὸς
2794 3046 2861 3099 τὰ
2890 3045 3069 3099 πάντα
3091 3046 3160 3099 τὰ
3187 3045 3487 3113 θεοπρεπῆ,
3512 3045 3610 3096 καὶ
3643 3043 3864 3114 προσέτι

584 3134 814 3190 exsistat
855 3145 1123 3204 quatenus
1157 3145 1242 3190 est
1281 3136 1443 3200 Deus,
1495 3139 1828 3194 nativitatem
1873 3144 2169 3196 secundum

2276 3141 2346 3193 τὰ
2375 3137 2711 3209 ἀνθρώπινα.
2753 3132 2920 3200 Οὗτος
2950 3137 3059 3208 γὰρ
3085 3137 3346 3206 ὑπάρχων
3368 3135 3453 3188 ἀεὶ
3483 3135 3580 3188 καὶ
3632 3135 3866 3202 ὑφεστη-

585 3239 804 3278 carnem
837 3241 903 3280 ex
931 3227 1154 3281 muliere
1182 3229 1368 3282 subiit.
1406 3229 1577 3284 Unius
1609 3230 1792 3300 itaque
1837 3242 1997 3302 atque
2030 3233 2171 3302 ejus-

2277 3230 2386 3294 κὼς
2431 3231 2574 3284 κατά
2606 3248 2669 3298 γε
2706 3230 2766 3283 τὸ
2810 3227 2949 3282 εἶναι
2983 3229 3134 3292 Θεὸς,
3187 3227 3446 3298 ὑπέμεινε
3477 3229 3746 3298 γέννησιν

583 3318 703 3372 dem
741 3327 844 3382 est,
889 3329 945 3374 et
978 3320 1046 3375 ab
1087 3330 1292 3375 aeterno
1325 3336 1446 3376 esse
1482 3332 1645 3392 atque
1677 3324 1992 3391 subsistere,
2023 3337 2078 3380 et
2119 3329 2170 3380 iu

2277 3325 2415 3378 κατὰ
2461 3325 2637 3394 σάρκα
2689 3326 2753 3376 ὲκ
2805 3323 3082 3389 γυναικός.
3145 3321 3294 3383 Ἐνὸς
3338 3316 3431 3375 οὖν
3469 3321 3580 3390 ἄρα
3634 3323 3729 3374 καὶ
3776 3321 3865 3373 τοῦ

583 3409 788 3464 ultimis
826 3411 1158 3478 temporibus
1200 3413 1496 3467 secundum
1527 3428 1745 3468 carnem
1791 3424 1977 3468 natum
2023 3430 2164 3471 esse.

2274 3415 2439 3469 αὑτοῦ
2487 3417 2580 3468 καὶ
2614 3415 2673 3467 τὸ
2707 3415 2896 3476 ἀϊδίως
2951 3410 3092 3466 εἶναι
3128 3413 3222 3466 καὶ
3275 3413 3622 3481 ὑφεστάναι,
3662 3414 3758 3465 καὶ
3812 3415 3868 3466 ὲν

585 3499 685 3564 Qui
735 3515 857 3553 cum
911 3502 983 3555 sit
1027 3513 1249 3559 sanctus
1297 3506 1596 3559 secundum
1647 3516 1938 3569 naturam,
1988 3517 2174 3576 utpote

2275 3511 2524 3581 ἐσχάτοις
2558 3511 2768 3578 καιροῖς
2816 3507 2959 3561 κατὰ
2991 3507 3168 3574 σάρκα
3211 3507 3566 3574 γεννηθῆναι,
3617 3506 3682 3568 ὃς
3715 3507 3867 3574 haec;

587 3588 746 3654 Deus,
785 3591 1156 3647 sanctiﬁcatus
1178 3604 1260 3649 est
1286 3599 1599 3659 nobiscum,
1629 3607 1900 3665 quatenus
1923 3601 2172 3668 apparuit

2279 3599 2353 3653 ὣν
2399 3600 2539 3653 κατὰ
2583 3598 2744 3666 φύσιν
2775 3597 2850 3660 ὡς
2895 3596 3048 3659 Θεὸς,
3081 3595 3338 3666 ἡγιάζετο
3381 3595 3498 3666 μεθ’
3535 3597 3704 3664 ἡμων
3736 3596 3869 3648 καθὸ

587 3680 768 3743 homo,
801 3681 886 3733 cui
915 3685 1133 3749 proprie
1167 3687 1427 3739 com'enit
1469 3688 1820 3742 sanctiﬁcari.
1848 3690 2090 3760 Cumque
2118 3706 2175 3746 ut

2278 3693 2520 3761 πέφηνεν
2550 3691 2853 3760 ἅνθρωπος,
2890 3682 3043 3759 ᾧπερ
3078 3688 3144 3742 ἂν
3177 3688 3380 3758 πρέποι
3409 3687 3470 3740 τὸ
3499 3686 3871 3754 άγιάζεσθαι·

585 3781 782 3824 natura
820 3771 1080 3827 Dominus
1109 3791 1320 3829 summa
1347 3777 1611 3845 dignitate
1640 3780 1950 3843 excelleret,
1987 3783 2170 3836 servili

2276 3783 2368 3835 καὶ
2403 3783 2460 3836 ὲν
2489 3783 2838 3844 Δεσποτικοίς
2875 3781 3138 3850 ὑπάρχων
3180 3779 3474 3850 ἀξιώμασι,
3520 3781 3617 3833 καὶ
3650 3781 3755 3851 τὴν
3783 3781 3867 3834 τοῦ

586 3862 759 3916 forma
807 3872 866 3917 ut
915 3866 1133 3932 prepria
1185 3882 1484 3937 assumpta,
1527 3870 1740 3925 Putrem
1796 3887 1948 3926 suum
2004 3873 2170 3928 Deum

2274 3873 2460 3926 δούλου
2499 3874 2710 3943 μορφὴν
2744 3873 2817 3933 ὡς
2850 3871 2983 3924 ἰδίαν
3016 3872 3176 3941 ἔχων,
3207 3871 3344 3924 Θεὸν
3374 3871 3668 3942 ὠνόμαζεν
3704 3871 3869 3925 αὑτοῦ

585 3957 817 4021 vocavit,
842 3966 896 4011 et
928 3974 1051 4012 cum
1083 3959 1199 4028 ipse
1238 3963 1309 4015 sit
1349 3963 1459 4014 vita
1504 3972 1557 4017 et
1590 3963 1891 4029 viviﬁcans,
1921 3974 1974 4019 ut
2013 3965 2170 4033 Deus,

2275 3965 2365 4018 τὸν
2381 3964 2620 4034 Πατέρα⁶
2651 3963 2790 4034 [καὶ]
2811 3962 2922 4034 ζωὴ
2938 3963 3032 4016 καὶ
3051 3963 3313 4026 ζωοποιὸς
3331 3964 3599 4034 ὑπάρχων
3616 3964 3695 4027 ὼς
3713 3963 3866 4026 Θεὸς,

584 4052 887 4105 vivilicatus
920 4067 948 4104 a
991 4053 1151 4108 Patre
1179 4069 1300 4109 esse
1345 4056 1564 4122 dicitur,
1591 4070 1857 4126 quatenus
1900 4059 2060 4120 homo
2091 4059 2170 4112 fa-

2276 4053 2655 4119 ζωοποιεῖσθαι
2693 4054 2914 4121 λέγεται
2957 4053 3110 4124 παρὰ
3138 4055 3234 4107 τοῦ
3268 4056 3480 4124 Πατρὸς
3513 4055 3653 4108 καθὸ
3689 4055 3868 4124 πετεη-

581 4153 701 4197 ctus
727 4154 831 4198 est.
858 4143 1051 4198 Omnia
1075 4146 1258 4214 itaque
1281 4147 1452 4215 ipsius
1477 4159 1625 4212 sunt,
1648 4158 1704 4203 et
1725 4165 1829 4203 non
1856 4151 2172 4220 dedignatus

2275 4160 2364 4195 νεν
2387 4143 2690 4213 ἄνθρωπος.
2715 4143 2901 4195 Πάντα
2926 4144 3105 4196 τοίνυν
3131 4144 3294 4196 αὑτοῦ
3313 4183 3326 4206 ,
3356 4145 3448 4197 καὶ
3472 4146 3576 4197 οὑκ
3604 4144 3868 4213 ἀτιμάζει

579 4245 664 4288 est
696 4235 1219 4290 administrationem
1263 4238 1314 4291 in
1353 4253 1537 4304 carne,
1572 4255 1732 4308 quam
1767 4251 1819 4293 cl
1860 4242 2026 4297 Pater
2056 4245 2174 4313 ipse

2276 4237 2374 4307 τὴν
2400 4235 2810 4305 οἰκονομίαν,ἢν
2837 4236 2930 4287 καὶ
2952 4236 3116 4300 αὐτὸς
3140 4234 3402 4305 ἐπῄνεσεν
3419 4238 3447 4288 6
3471 4237 3685 4308 Πατὴρ,
3710 4238 3865 4306 εἴπερ

581 4327 955 4394 comprobavit
982 4345 995 4381 :
1030 4326 1298 4394 siquidem
1326 4343 1450 4381 vera
1486 4339 1612 4382 sunt
1644 4347 1765 4398 qua:
1795 4331 1992 4387 Paulus
2017 4335 2165 4388 dicit.

2277 4328 2424 4381 ἐστὶν
2472 4328 2645 4398 ἀληθῆ
2697 4326 2766 4380 τὰ
2810 4327 2898 4380 διὰ
2940 4327 3041 4396 τῆς
3087 4327 3182 4380 τοῦ
3217 4327 3430 4382 Παύλου
3482 4330 3692 4398 φωνῆς.
3729 4329 3864 4380 Ποτὲ

583 4415 719 4468 Alibi
748 4416 891 4470 enim
919 4418 991 4470 ita
1021 4418 1099 4472 ait
1127 4436 1141 4471 :
1178 4436 1195 4468 ι
1235 4417 1368 4471 Ευιιι
1388 4422 1478 4487 qui
1508 4437 1612 4474 non
1647 4433 1872 4475 noverat
1893 4435 2170 4491 peceatum

2278 4420 2376 4488 μὲν
2405 4419 2512 4489 γὰρ
2542 4418 2668 4489 ἔφη’
2694 4439 2712 4469 ‹
2738 4418 2842 4471 Τὸν
2866 4418 2940 4488 μὴ
2961 4418 3156 4486 γνόντα
3187 4419 3486 4488 ἁμαρτίαν,
3522 4419 3670 4488 ὑπὲρ
3710 4419 3869 4488 ἡμῶν

582 4523 678 4576 pro
715 4507 869 4561 nobis
897 4521 1182 4578 peccatum
1217 4511 1366 4574 fecit,
1398 4525 1454 4566 ut
1482 4528 1580 4566 nos
1606 4515 1794 4568 ﬁamus
1821 4514 2033 4582 justitia
2072 4517 2168 4573 Dei

2279 4511 2553 4580 ἁμαρτίαν
2585 4510 2862 4582 ἐποίησεν,
2904 4511 2991 4563 ἵνα
3023 4511 3182 4576 ἡμεῖς
3212 4510 3500 4579 γενώμεθα
3544 4510 3868 4577 δικαιοσύνη

581 4600 636 4654 in
661 4599 779 4668 ipso
801 4601 901 4667 ⁸ος»
923 4601 1191 4656 alibivero
1215 4619 1426 4657 rursum
1455 4619 1508 4658 ιι
1537 4604 1637 4670 Qui
1663 4605 1882 4675 proprio
1898 4607 2035 4662 Filio
2063 4623 2166 4664 non

2276 4601 2411 4655 Θεοῦ
2448 4603 2506 4654 ὲν
2533 4601 2710 4672 αὐτῷ’
2751 4619 2769 4652 ι
2801 4602 2930 4654 ποτὲ
2965 4601 3021 4654 δὲ
3053 4601 3214 4654 πάλιν
3239 4616 3252 4628 ·
3296 4619 3315 4652 ι
3359 4602 3456 4662 ’ος
3497 4617 3563 4668 γε
3597 4599 3697 4652 τοῦ
3737 4601 3868 4654 ἰδίου

580 4695 842 4762 pepercit,
878 4695 971 4750 sed
1008 4711 1106 4765 pro
1140 4697 1295 4751 nobis
1345 4697 1596 4751 omnibus
1643 4697 1862 4751 tradidit
1899 4699 2071 4763 illum,
2111 4711 2171 4753 ut

2279 4694 2408 4748 Υἱοῦ
2448 4695 2549 4747 οὑκ
2580 4694 2854 4764 ἐφείσατο,
2895 4692 3008 4746 ἀλλ’
3042 4693 3181 4762 ὑπὲρ
3206 4692 3364 4763 ἡμῶν
3399 4694 3666 4746 ἁπάντων
3721 4710 3871 4764 παρ-

580 4797 634 4838 et
677 4801 799 4840 cum
835 4789 954 4857 ipso
999 4789 1182 4843 omnia
1227 4789 1382 4844 nobis
1424 4788 1687 4859 largiatttr
1707 4790 1774 4843 °‘.
1808 4809 1828 4842 ι
1868 4791 2022 4844 Anne
2075 4792 2168 4845 tibi

2278 4784 2476 4838 ἐδωκεν
2494 4785 2676 4844 αὑτὸν,
2697 4785 2783 4837 ἵνα
2813 4784 2908 4837 καὶ
2939 4783 3036 4836 σὺν
3065 4783 3212 4854 αὑτῷ
3240 4782 3310 4836 τὰ
3339 4783 3517 4836 πάντα
3541 4785 3680 4852 ἡμῖν
3714 4782 3870 4852 χαρί-

579 4889 944 4935 cousentanea
989 4881 1160 4936 sacris
1203 4880 1424 4936 Litteris
1461 4882 1727 4936 sententia
1771 4899 1890 4939 mea
1918 4884 2170 4940 videtur?

2277 4891 2457 4944 σηται.
2495 4893 2512 4924 ι
2549 4871 2674 4945 Ἆρ’
2695 4869 2786 4927 οὖν
2824 4875 2924 4926 οὑκ
2956 4872 3084 4925 εὐθὺ
3120 4872 3325 4926 σκοποῦ
3353 4873 3462 4926 τῶν
3490 4871 3655 4924 ἰεοιῖιν
3679 4873 3866 4942 Γραμ-

2277 4969 2462 5036 μάτων
2499 4967 2528 5018 6
2557 4967 2692 5036 πρὸς
2720 4965 2879 5037 ἡμῶν
2913 4967 3028 5020 ἐστι
3058 4966 3248 5033 λόγος;

650 5061 707 5114 Β.
751 5060 1009 5116 Omnino.

2343 5059 2403 5112 B.
2449 5058 2570 5122 Πῶς
2597 5059 2705 5128 γὰρ
2737 5058 2833 5122 of);

650 5153 715 5206 A.
760 5152 817 5206 Si
852 5167 1001 5214 vero,
1039 5161 1099 5207 ut
1126 5151 1422 5207 adversarii
1469 5152 1656 5207 volunt
1685 5153 1896 5222 sibique
1937 5168 2161 5221 persua-

2340 5153 2404 5206 A.
2451 5153 2510 5205 Εἰ
2536 5152 2592 5205 δὲ
2623 5152 2705 5222 δὴ,
2741 5151 2884 5205 καθά
2913 5167 3078 5220 φασιν
3111 5151 3160 5204 σί
3193 5151 3256 5204 δι’
3302 5149 3552 5212 ἐναντίας
3589 5149 3687 5202 καὶ
3724 5165 3855 5218 φρο-

579 5244 730 5308 dent,
767 5245 1101 5314 unigenitum
1147 5244 1238 5298 Dei
1285 5245 1538 5308 Verbum,
1574 5255 1798 5312 accepto
1847 5246 2065 5299 homine
2093 5260 2158 5298 ex

2271 5245 2381 5297 νεῖν
2407 5243 2732 5312 ἐγνώκασιν,
2755 5247 2783 5296 6
2817 5244 3110 5316 μονογενὴς
3152 5245 3246 5297 τοῦ
3279 5242 3413 5297 Θεοῦ
3446 5243 3643 5310 Λόγος,
3676 5241 3855 5293 λαϐὼν

579 5336 788 5391 nmine
831 5335 1002 5391 David
1033 5345 1088 5391 et
1133 5336 1428 5403 Abraham,
1466 5337 1630 5407 730
1660 5337 1880 5390 formari
1926 5337 2073 5389 illum
2114 5337 2163 5388 iit

2265 5337 2551 5406 ἄνθρωπον
2604 5338 2667 5389 ἐκ
2717 5337 3034 5408 σπέρματος
3079 5337 3171 5389 τοῦ
3222 5335 3513 5388 θεσπεσίου
3562 5333 3731 5386 Δαϐὶὸ
3764 5332 3852 5385 καὶ

583 5440 771 5483 sancta
798 5429 1012 5499 Virgine
1033 5429 1262 5494 curavit,
1281 5439 1442 5498 atque
1459 5431 1602 5484 hunc
1621 5431 1719 5483 sibi
1747 5429 1846 5498 ipsi
1871 5429 2164 5498 copulavit,

2279 5428 2551 5500 Ἀϐραὰμ,
2588 5428 2887 5497 πλασθῆναι
2935 5429 3029 5500 μὲν
3067 5431 3126 5482 ὲν
3155 5433 3220 5499 τῇ
3254 5428 3384 5497 ἁγίᾳ
3418 5427 3684 5495 Παρθένῳ
3716 5442 3850 5493 παρ-

585 5529 926 5588 mortcmquc
974 5521 1210 5590 experiri
1265 5522 1453 5586 voluit,
1509 5536 1714 5575 necnon
1765 5522 2080 5576 suscitatam
2136 5535 2167 5574 c

2270 5519 2534 5572 εσκεὺασέ
2563 5538 2619 5573 τε
2661 5522 2752 5574 καὶ
2775 5521 2958 5574 τοῦτον
2989 5520 3165 5589 ἐαυτῷ
3215 5519 3439 5589 συνῆψε,
3474 5518 3568 5571 καὶ
3615 5515 3844 5569 θανάτου

659 5687 704 5721 ⁷³
733 5691 966 5757 ΕιιΙιοδ.ι
1022 5691 1112 5757 20,
1139 5693 1228 5746 21.
1307 5693 1351 5725 ³⁰
1381 5691 1424 5745 ll
1466 5694 1587 5748 (lor.
1633 5709 1681 5760 ν,
1711 5694 1796 5744 ill.
1881 5693 1921 5722 ’”
1967 5691 2120 5745 Ιὶοιιι.
2159 5708 2275 5757 vm,
2309 5689 2394 5744 52.
