4078 6264
236 367 370 422 1281

1369 368 1558 436 QUOD
1598 373 1790 434 UNUS
1830 377 1940 436 SIT
1977 379 2354 440 CHRISTUS.

3384 390 3522 445 ίεεε

238 477 540 545 πεποίηκεν
567 478 646 540 είς
676 479 873 548 πεῖραν
900 478 1095 542 ὲλθεῖν,
1126 478 1218 530 καὶ
1253 480 1357 552 μὴν
1387 483 1479 534 καὶ
1513 485 1736 556 ἐγείρας
1765 489 1811 541 ὲ)

1937 494 2165 548 mortuis
2199 495 2249 566 in
2282 494 2479 549 cmlum
2509 497 2752 568 sustulit,
2785 506 2838 554 et
2889 497 2956 554 ad
2987 498 3272 556 dexteram
3313 502 3406 558 Dei
3438 519 3520 558 se-

237 568 447 638 νεκρῶν
479 568 807 637 ἀνεκόμισεν
835 572 913 632 είς
943 572 1034 622 τὸν
1079 571 1328 640 οὐρανὸν,
1361 575 1454 625 καὶ
1482 575 1738 630 ἐκάθισεν
1770 579 1828 631 ἐν

232 660 384 730 δεξιᾷ
432 660 526 712 τοῦ
571 659 705 712 Θεοῦ
732 677 745 690 ·
783 661 1076 731 περιττῶς,
1129 661 1204 725 ὡς
1245 663 1408 731 ἔοικε,
1446 667 1582 738 πρός
1629 685 1684 722 τε
1722 669 1828 724 τῶν

235 751 409 818 ἁγίων
441 752 716 820 πατέρων,
749 753 843 806 καὶ
878 754 1014 824 πρός
1037 770 1100 822 γε
1137 753 1292 824 ἡμῶν
1321 757 1519 822 αὐτῶν,
1558 761 1652 814 καὶ
1681 762 1829 816 ἁπά-

233 859 335 912 σης
376 859 438 911 γε
471 843 570 912 τῆς
619 843 980 897 θεοπνεύστου
1017 846 1240 916 Γραφῆς
1273 848 1694 923 ὲνανθρωπῆσαι
1743 855 1828 910 λέ-

253 953 405 1003 γεται
433 951 445 963 ·
477 936 629 1006 δηλοῖ
675 937 804 1008 γὰρ,
849 933 1022 1006 οἶμαι,
1062 940 1231 1006 τουτὶ,
1267 943 1357 994 καὶ
1389 942 1574 1014 ἓτερον
1602 947 1773 1012 οὐδὲν,
1799 949 1828 1000 6

237 1029 512 1096 πάνσοφος
551 1028 824 1098 Ἰωάννης,
858 1029 1174 1098 γεγραφὼς,
1203 1031 1284 1084 ὅτι
1324 1051 1343 1084 ι
1395 1033 1454 1086 Ὀ
1481 1035 1655 1103 Λόγος
1689 1037 1827 1108 σάρξ

239 1119 473 1186 ἐγένετο.
507 1138 524 1170 ι
570 1119 998 1192 Ἀντέστραπται
1033 1121 1113 1186 δὲ,
1168 1124 1308 1176 κατὰ
1355 1125 1415 1177 τὸ
1467 1128 1636 1192 εἰκὸς,
1688 1129 1826 1196 πρὸς

236 1213 342 1262 πᾶν
372 1211 700 1272 τούναντίον.
736 1211 834 1282 τῆς
867 1214 1007 1282 μετὰ
1057 1216 1258 1285 σαρκὸς
1283 1219 1593 1288 οἰκονομίας
1622 1221 1682 1272 τὸ
1720 1239 1824 1291 μυ-

235 1302 478 1372 στήριον.
512 1303 583 1354 Οὐ
611 1304 718 1374 γάρ
750 1303 898 1358 ἔστιν
948 1305 1094 1369 ίδεῖν,
1138 1307 1212 1369 ὡς
1254 1309 1384 1373 Θεὸς
1411 1309 1487 1362 ὣν
1527 1313 1686 1380 φύσει
1731 1317 1826 1370 καὶ

233 1393 300 1444 ἐκ
349 1393 480 1445 Θεοῦ
529 1395 785 1465 πεφηνὼς
821 1398 848 1448 6
887 1397 1076 1465 Λόγος,
1125 1400 1367 1470 καθῆκεν
1401 1403 1589 1458 ἑαυτὸν
1623 1408 1702 1468 είς
1734 1410 1824 1462 κέ-

235 1502 430 1548 νωσιν,
488 1486 698 1558 μορφὴν
750 1487 936 1540 δούλου
989 1489 1205 1554 λαϐὼν,
1270 1495 1364 1546 καὶ
1421 1499 1822 1554 τεταπείνωκεν

231 1579 445 1642 ἑαυτὸν,
501 1581 613 1632 ἀλλ’
653 1581 716 1634 ἐκ
755 1599 816 1650 γε
865 1582 970 1636 τῶν
1015 1585 1294 1652 ἐναντίων,
1337 1589 1672 1662 ἀνεκομίσθη
1723 1595 1822 1666 μὲν

231 1669 518 1739 ἄνθρωπος
554 1672 632 1734 εἰς
661 1672 756 1742 τὴν
788 1675 884 1746 τῆς
927 1673 1177 1748 θεότητος
1217 1679 1393 1745 δόξαν,
1429 1685 1520 1736 καὶ
1551 1685 1650 1756 τὴν
1681 1687 1822 1740 κατὰ

239 1763 460 1816 πάντων
510 1763 801 1834 ὑπεροχὴν,
838 1766 996 1819 ἔλαϐε
1038 1768 1092 1820 δὲ
1128 1771 1220 1822 καὶ
1267 1770 1404 1824 Θεοῦ
1441 1778 1676 1845 μορφὴν,
1725 1779 1819 1831 καὶ

1930 583 2059 640 dere
2082 587 2266 654 jussit,
2322 602 2744 658 supervacanee,
2779 598 2836 646 ut
2867 591 3098 657 videtur,
3127 607 3158 646 a
3189 595 3392 648 sanctis
3423 594 3524 648 Pa-

1931 680 2124 748 trihus,
2151 691 2206 736 et
2241 699 2272 736 a
2300 683 2452 738 nobis
2481 685 2632 756 ipsis,
2667 696 2830 756 atque
2863 687 3000 744 adeo
3031 686 3100 744 ab
3130 689 3382 744 universa
3435 704 3524 742 sa-

1929 787 2022 827 cra
2067 783 2122 828 et
2159 774 2419 830 divinitus
2462 776 2726 846 inspirata
2771 777 3052 848 Scriptura
3097 779 3260 834 homo
3315 781 3522 834 factum

1930 878 2052 918 esse
2077 865 2296 920 dicitur.
2331 865 2444 922 lioc
2473 870 2642 932 enim,
2679 884 2856 939 neque
2889 871 3034 924 aliud
3067 871 3362 942 quidquam
3392 873 3523 926 mihi

1928 953 2238 1024 signiﬁcare
2273 956 2486 1012 videtur
2530 960 2972 1026 sapientissimus
3017 959 3256 1016 Joannes
3288 977 3410 1018 eum
3445 963 3525 1017 in-

1929 1044 2048 1112 quit
2077 1061 2090 1098 :
2125 1062 2143 1096 ι
2175 1043 2414 1102 Verbum
2459 1063 2588 1104 caro
2629 1049 2832 1106 factum
2880 1061 2983 1106 est.
3015 1071 3032 1106 ι
3070 1051 3175 1108 Sed
3206 1053 3521 1108 universum

1929 1135 2421 1194 administrationis
2458 1140 2510 1194 in
2543 1156 2708 1196 carne
2742 1145 3066 1212 mysterium
3109 1145 3266 1214 plane
3307 1146 3362 1200 in
3392 1159 3522 1200 cou-

1929 1227 2152 1280 trarium
2195 1229 2516 1284 mutabitur.
2565 1229 2754 1297 Neque
2788 1231 2932 1284 enim
2979 1231 3124 1286 Deus
3155 1243 3346 1290 natura
3377 1235 3520 1289 exsi-

1928 1326 2077 1371 stens
2110 1329 2274 1386 atque
2329 1333 2394 1374 ex
2435 1319 2546 1374 Deo
2592 1321 2856 1386 Verbum,
2903 1323 3140 1394 seipsum
3171 1327 3238 1380 ad
3266 1325 3518 1380 exinani-
3593 1395 3596 1400 ι

1927 1408 2126 1462 tionem
2167 1407 2454 1468 demisisse
2487 1411 2750 1479 cernitur,
2795 1429 2972 1484 neque
3030 1414 3400 1470 humiliaverit
3435 1430 3520 1472 se-

1927 1499 2102 1570 ipsum
2137 1523 2150 1558 :
2184 1504 2277 1558 sed
2309 1518 2338 1560 e
2367 1507 2640 1564 contrario
2669 1508 2872 1564 relatus
2911 1511 3127 1580 quidem
3167 1511 3328 1566 fuerit
3358 1512 3520 1566 homo
3573 1545 3576 1548 «

1928 1593 1980 1648 in
2017 1595 2234 1651 deitatis
2257 1596 2504 1666 gloriam,
2537 1601 2700 1669 inque
2725 1603 3110 1658 excellentiam
3143 1606 3384 1662 omnium
3419 1621 3512 1662 su-

1923 1702 2198 1755 premam;
2226 1694 2500 1760 acceperit
2525 1709 2650 1748 vero
2680 1703 2733 1750 et
2757 1697 2988 1752 formam
3017 1697 3132 1764 Dei,
3159 1709 3215 1754 et
3243 1701 3516 1758 exaltatus

1923 1774 2108 1842 fuerit,
2149 1794 2394 1840 assessor
2426 1782 2568 1840 Patri
2609 1784 2808 1840 iactus.
2851 1789 3006 1842 Anne
3038 1789 3132 1843 tibi
3167 1805 3294 1846 vere
3335 1792 3515 1848 dicere

240 1851 428 1921 ὑψώθη
455 1853 670 1923 μᾶλλον,
704 1855 986 1925 σύνθρονος
1017 1858 1257 1926 γεγονὼς
1287 1862 1362 1932 τῷ
1393 1864 1588 1934 Πατρί.
1621 1862 1696 1920 Ἦ
1721 1869 1820 1920 οὐκ
1857 1857 1896 1912 Β
1929 1868 2150 1924 videor?

234 1941 454 2010 ἀληθὲς,
486 1943 512 1994 ὅ
542 1959 682 2012 φημι
703 1961 716 2008 ;

305 2035 365 2084 Β.
409 2035 727 2086 Παντάπασι
764 2035 864 2104 μὲν
897 2031 1009 2090 οὖν.

299 2127 364 2178 Α.
407 2127 468 2177 Ei
521 2125 577 2178 δὲ
626 2127 848 2198 ἀληθὲς,
895 2130 1036 2184 καθά
1076 2148 1228 2200 φασι,
1279 2134 1373 2186 καὶ
1408 2134 1686 2205 ἀπηξίωσε
1721 2139 1816 2210 τὴν

228 2220 540 2290 οἰκονομίαν
576 2223 602 2274 6
629 2223 962 2293 Μονογενὴς,
999 2224 1156 2287 ποίας
1186 2224 1264 2277 ἔτι
1296 2228 1704 2298 κατεφρόνησεν
1733 2233 1816 2284 ati-

232 2305 469 2376 σχύνης;
511 2311 613 2360 ποῦ
664 2309 720 2360 δὲ
768 2312 988 2378 γέγονεν
1029 2313 1268 2382 ὑπήκοος
1306 2315 1382 2386 τῷ
1420 2319 1594 2390 Πατρὶ
1651 2321 1816 2392 μέχρι

231 2398 486 2464 θανάτου,
528 2399 756 2453 θανάτου
783 2401 840 2454 δὲ
872 2404 1130 2474 σταυροῦ;
1172 2405 1280 2459 Καὶ
1310 2409 1358 2460 εἰ
1394 2407 1572 2462 λαϐὼν
1601 2411 1813 2483 ἄνθρω-

233 2506 356 2556 πον,
389 2489 562 2559 ἤγαγε
596 2491 694 2560 μὲν
746 2493 842 2544 καὶ
875 2495 952 2556 είς
999 2497 1193 2564 πεῖραν
1221 2497 1384 2550 αὑτὸν
1415 2499 1508 2552 τοῦ
1556 2501 1810 2570 θανάτου,

230 2581 570 2652 ἀνακομίσας
619 2584 674 2636 δὲ
727 2583 823 2638 καὶ
862 2587 940 2647 εἰς
976 2586 1240 2655 οὐρανοὺς
1270 2589 1523 2663 σύνεδρον
1565 2594 1810 2664 ἀπέιρηνε

226 2675 306 2746 τῷ
341 2677 535 2746 Πατρὶ,
568 2679 660 2729 ποῖ
685 2676 748 2747 δὴ
777 2677 884 2748 ἄρα
913 2677 1096 2732 λοιπὸν
1132 2682 1160 2732 6
1191 2681 1356 2734 αὑτοῦ
1399 2690 1646 2751 φανεῖται
1679 2687 1806 2758 θρό-

225 2759 334 2833 νός,
372 2771 530 2839 εἴπερ
569 2769 628 2822 ού
675 2769 766 2821 δύο
807 2771 969 2838 φασὶν
1013 2773 1185 2838 υἱοὺς,
1234 2773 1328 2828 ἕνα
1357 2776 1413 2828 δὲ
1472 2778 1670 2847 μᾶλλον
1720 2780 1812 2833 τὸν

225 2858 636 2929 συνεδρεύοντα,
682 2859 774 2912 τὸν
813 2863 876 2914 ἐκ
914 2862 1228 2932 σπέρματος
1266 2865 1508 2936 δηλονότι
1557 2869 1719 2922 Δαδίδ
1751 2888 1810 2923 τε

225 2953 318 3005 καὶ
369 2953 655 3024 Ἀϐραάμ;
705 2953 822 3015 πῶς
853 2953 898 3006 δ’
929 2955 994 3008 ἂν
1027 2957 1121 3008 καὶ
1167 2958 1328 3020 αὐτὸς
1369 2961 1564 3032 Σωτὴρ
1601 2962 1811 3031 λέγοιτο

226 3043 478 3109 γενέσθαι
507 3043 600 3097 τοῦ
637 3045 868 3115 κόσμου,
909 3047 1002 3100 καὶ
1036 3049 1155 3120 οὐχὶ
1183 3050 1246 3120 δὴ
1284 3052 1485 3122 μᾶλλον
1518 3055 1806 3124 ἀνθρώπου

229 3135 508 3205 πρόξενος,
541 3137 658 3206 ἤτοι
685 3139 1122 3208 παρακομιστὴς,
1142 3140 1207 3192 δι’
1233 3136 1293 3194 οὗ
1328 3143 1420 3194 καὶ
1451 3143 1770 3214 σεσώσμεθα
1789 3161 1802 3174 ·

227 3229 323 3282 καὶ
369 3228 518 3290 τέλος
556 3229 720 3297 νόμου
755 3233 851 3282 καὶ
899 3230 1198 3300 προφητῶν
1237 3232 1458 3302 γέγονεν
1493 3233 1802 3306 ἄνθρωπος,

224 3323 414 3392 ἕτερος
457 3319 532 3373 ὢν
573 3321 700 3392 παρ’
754 3321 938 3374 αὐτόν.
972 3321 1140 3375 Λαλεῖ
1185 3323 1292 3395 γὰρ
1325 3328 1351 3378 6
1385 3326 1547 3395 νόμος
1579 3328 1640 3380 τὸ
1671 3331 1808 3400 Χρι-

226 3412 358 3467 στοῦ
390 3412 705 3482 μυστήριον,
742 3412 835 3464 καὶ
862 3413 988 3483 περὶ
1019 3414 1184 3466 αὑτοῦ
1212 3415 1485 3486 γέγραφεν
1526 3420 1552 3470 6
1579 3419 1806 3490 Μωσῆς,

259 3521 284 3566 ς
305 3505 398 3555 καὶ
418 3502 638 3570 γέγονεν
657 3505 784 3573 ἡμῖν
815 3504 1161 3573 παιδαγωγὸς
1192 3508 1280 3558 ἐπ’
1301 3510 1484 3563 αὐτόν.
1505 3511 1722 3582 Οἵχεται
1751 3515 1808 3568 δέ.

231 3613 334 3649 που
362 3594 496 3664 πρὸς
523 3593 582 3651 τὸ
606 3595 818 3666 μηδὲνὴ
838 3596 1036 3663 πίστις,
1059 3598 1207 3670 ἔρρει
1229 3601 1333 3670 γάρ
1353 3618 1364 3630 ·
1385 3602 1517 3654 ὅπου
1538 3602 1593 3656 δὲ
1613 3621 1808 3658 παντε-

231 3689 358 3752 λῶς,
373 3689 522 3742 οὐδὲν
539 3689 598 3740 τὸ
614 3689 808 3742 σεπτὸν
824 3690 977 3762 ἡμῶν
998 3693 1313 3764 μυστήριον.
1336 3695 1398 3747 Ὃ
1422 3695 1484 3767 δὴ
1505 3698 1597 3751 καλ⁴
1622 3697 1650 3746 6
1667 3715 1806 3752 παν-

233 3782 448 3852 άριστος
491 3782 699 3846 Παῦλος
733 3783 1026 3856 διατρανοῖ,
1058 3785 1228 3854 λέγων
1251 3803 1262 3814 ·
1305 3807 1322 3840 ι
1353 3789 1444 3859 Μὴ
1462 3791 1619 3862 εἴπῃς
1646 3792 1703 3844 ἐν
1738 3795 1802 3862 τῇ

231 3877 428 3948 καρδίᾳ
476 3893 602 3930 σου·
636 3877 729 3940 Τίς
772 3879 1101 3950 ἀναϐήσεται
1150 3882 1227 3944 είς
1271 3881 1361 3935 τὸν
1393 3885 1652 3955 ούρανόν;
1683 3903 1806 3937 του-

225 3967 376 4019 τέστι
405 3967 640 4038 Χριστὸν
671 3970 1024 4038 καταγαγεῖν,
1052 3969 1187 4040 ἢτίς
1207 3971 1578 4042 καταϐήσεται
1601 3977 1679 4037 είς
1707 3975 1805 4044 τὴν

223 4058 498 4125 ἄϐυσσον;
533 4061 779 4114 τουτέστι
827 4061 1062 4132 Χριστὸν
1113 4063 1406 4131 ἀναγαγεῖν
1454 4066 1519 4118 ἐκ
1574 4066 1800 4136 νεκρῶν.

237 4148 398 4202 Ἀλλὰ
427 4149 478 4200 τί
510 4148 657 4217 λέγει
684 4152 720 4220 ἡ
743 4151 972 4221 Γραφή;
1013 4152 1205 4220 Ἐγγύς
1238 4171 1328 4206 σου
1363 4154 1425 4208 τὸ
1457 4155 1607 4225 ῥῆμά
1632 4157 1802 4221 ἐστιν,

223 4245 285 4296 ἐν
327 4244 406 4312 τῷ
455 4243 686 4312 στόματί
719 4259 810 4296 σου
857 4247 951 4298 καὶ
984 4247 1042 4298 ἐν
1070 4249 1136 4317 τῇ
1184 4247 1378 4318 καρδίᾳ
1413 4266 1528 4310 σου,
1562 4249 1805 4302 τουτέστι

217 4335 282 4386 τὸ
313 4336 463 4404 ῥῆμα
493 4334 588 4404 τῆς
620 4333 875 4400 πίστεως,
909 4336 936 4390 ὃ
974 4341 1342 4410 κηρύσσομεν,
1376 4341 1456 4397 ὅτι
1505 4341 1597 4394 ἐὰν
1645 4343 1805 4414 εἴπῃς

221 4428 279 4478 ὲν
305 4427 382 4496 τῷ
413 4427 638 4496 στόματί
671 4444 786 4492 σου,
813 4428 1016 4500 Κύριος
1047 4431 1274 4500 Ἰησοῦς,
1301 4433 1394 4486 καὶ
1429 4433 1726 4506 πιστεύσῃς
1747 4436 1804 4486 ἐν

1993 2023 2056 2079 Β.
2099 2021 2352 2083 Omnino.

1988 2118 2053 2172 A.
2091 2118 2158 2173 At
2181 2125 2224 2175 si
2260 2137 2446 2178 verum
2473 2127 2724 2196 estquod
2755 2127 2964 2198 dicunt,
3001 2142 3055 2187 et
3081 2131 3403 2204 dedignatus
3430 2145 3514 2192 est

1925 2209 2246 2282 Unigenitus
2291 2216 2740 2284 incarnationem,
2794 2237 2954 2290 quam
3015 2225 3232 2279 tandem
3282 2227 3512 2297 ignmni-

1921 2293 2062 2355 niam
2098 2308 2465 2378 contempsit?
2493 2321 2586 2364 aut
2614 2326 2722 2380 quo
2745 2324 2904 2380 pacto
2931 2313 3108 2372 iactus
3138 2329 3220 2372 est
3253 2293 3510 2375 obediens

1915 2391 2062 2448 Patri
2111 2413 2278 2464 usque
2317 2400 2382 2452 ad
2415 2412 2667 2466 mortem,
2694 2415 2921 2458 mortem
2954 2417 3132 2461 autem
3156 2407 3508 2464 crucis?.iam

1917 2499 2046 2539 vero
2076 2490 2120 2542 si
2161 2500 2437 2561 acceptum
2469 2490 2618 2546 illum
2651 2493 2924 2550 hominem
2955 2507 3184 2554 mortem
3217 2501 3368 2554 obire
3393 2499 3510 2568 jus-

1915 2575 2004 2642 sit,
2043 2587 2096 2631 et
2126 2590 2372 2633 evectum
2419 2581 2472 2634 in
2513 2581 2711 2636 caelum
2752 2599 3085 2639 assessorem
3126 2585 3271 2640 Patri
3300 2589 3507 2644 consti-

1915 2669 2040 2734 tuit,
2075 2671 2291 2726 ubinam
2322 2673 2580 2742 deinceps
2617 2676 2722 2730 erit
2752 2676 2979 2732 thronus
3019 2677 3140 2734 Filii
3169 2719 3185 2746 ,
3240 2681 3506 2750 siquidem

1913 2777 2253 2833 nequaquam
2309 2769 2443 2822 duos
2505 2768 2642 2822 lilios
2703 2783 2824 2824 esse
2870 2781 3138 2838 statuunt,
3189 2773 3282 2827 sed
3331 2774 3510 2842 potius

1915 2871 2080 2909 unum
2129 2857 2457 2913 assidentem
2497 2903 2512 2925 ,
2571 2861 2825 2916 I'titnirum
2878 2877 2942 2916 ex
2996 2865 3202 2919 semine
3245 2865 3410 2920 David
3454 2878 3510 2922 et

1911 2949 2182 3004 Ahralnc?
2207 2960 2298 3004 aut
2321 2953 2592 3020 quomodo
2621 2954 2736 3021 ipse
2770 2956 2984 3010 dicatur
3028 2957 3203 3012 iactus
3234 2973 3355 3015 esse
3393 2957 3508 3013 Sal-
3571 2993 3575 2996 -

1911 3048 2068 3092 valor
2106 3042 2310 3106 nmndi,
2341 3052 2394 3096 ct
2429 3058 2532 3096 non
2568 3047 2748 3112 potius
2783 3046 3018 3100 hominis
3057 3061 3354 3116 proxeneta
3390 3053 3506 3106 sive

1911 3132 2159 3199 pararius
2203 3131 2388 3196 fuisse,
2421 3150 2516 3203 per
2541 3151 2698 3208 quem
2741 3138 2933 3192 salvati
2985 3140 3180 3196 simus?
3217 3143 3392 3214 Atque
3432 3145 3505 3199 ita

1920 3222 2043 3278 linis
2073 3225 2207 3295 legis
2233 3235 2286 3280 et
2310 3229 2696 3297 prophetarum
2725 3229 2905 3285 factus
2930 3241 3014 3286 est
3049 3233 3232 3302 homo,
3261 3236 3504 3292 diversus

1918 3318 1986 3370 ab
2021 3317 2136 3388 ipso
2164 3318 2456 3374 exsistens.
2483 3319 2752 3390 Loquitur
2785 3323 2929 3375 enim
2961 3323 3042 3375 lex
3076 3321 3278 3379 Christi
3306 3337 3503 3393 mystc-

1918 3411 2080 3476 rium,
2125 3411 2267 3468 etde
2304 3412 2422 3482 ipso
2463 3414 2685 3482 scripsit
2730 3412 2962 3484 Moyses,
2995 3417 3086 3485 qui
3131 3426 3184 3471 et
3223 3417 3398 3474 iactus
3425 3429 3503 3474 est

1918 3501 2074 3555 nobis
2110 3503 2434 3572 paedagogus
2461 3505 2526 3554 ad
2559 3504 2754 3571 ipsum.
2792 3504 2955 3559 Fides
2984 3521 3111 3561 vero
3137 3519 3320 3562 nostra
3355 3509 3503 3562 irrita

1917 3594 1987 3648 sit
2013 3605 2067 3648 et
2096 3595 2146 3648 in
2177 3595 2406 3648 nihilum
2435 3595 2734 3665 redigatur,
2767 3607 2819 3652 et
2857 3601 3223 3652 venerandum
3257 3611 3503 3654 nostrum

1916 3688 2230 3757 mysterium
2281 3687 2438 3756 plane
2497 3687 2874 3746 labefactetur.
2929 3689 3080 3757 Quod
3147 3703 3202 3746 et
3265 3695 3504 3764 Optimus

1914 3779 2116 3836 Paulus
2143 3781 2401 3846 declarat,
2437 3781 2664 3836 dicens:
2699 3801 2716 3834 ι
2749 3781 2828 3836 Ne
2859 3783 3064 3839 dixeris
3101 3785 3152 3838 in
3180 3789 3342 3840 corde
3369 3797 3459 3840 tuo
3487 3806 3501 3842 :

1914 3873 2046 3938 Quis
2069 3876 2324 3930 ascendet
2349 3874 2399 3926 in
2426 3875 2622 3927 caelum
2642 3875 2664 3925 ?
2688 3874 2738 3926 id
2768 3883 2871 3937 est,
2900 3875 3175 3927 Christum
3201 3878 3502 3945 deducere;

1915 3979 2010 4021 aut
2040 3967 2161 4034 quis
2198 3965 2490 4018 descendet
2515 3965 2566 4016 in
2614 3963 2918 4033 abyssum?
2963 3965 3066 4018 hoc
3097 3974 3180 4019 est
3225 3967 3501 4021 Chrisutut

1915 4076 1942 4113 a
1977 4058 2209 4113 mortuis
2232 4071 2512 4111 revocare.
2541 4056 2645 4109 Sed
2677 4056 2803 4124 quid
2829 4057 2956 4109 dicit
2984 4054 3304 4126 Scriptura?
3327 4057 3501 4130 Prope

1914 4164 1998 4208 est
2043 4151 2264 4205 verbum
2299 4151 2350 4204 in
2395 4163 2491 4203 ore
2524 4160 2634 4213 tuo,
2680 4157 2735 4202 et
2785 4148 2838 4202 in
2888 4149 3054 4203 corde
3104 4159 3214 4215 tuo,
3251 4151 3352 4206 hoc
3397 4163 3500 4216 cst,

1915 4246 2137 4299 verbum
2183 4241 2304 4296 ﬁdei
2337 4241 2479 4312 quod
2505 4241 2886 4311 praedicamus.
2928 4241 3067 4308 Quia
3111 4243 3152 4296 si
3191 4243 3500 4300 confitearis

1914 4337 2086 4391 inore
2119 4346 2209 4389 tuo
2241 4333 2528 4388 Dominum
2566 4329 2776 4398 Jesum,
2810 4341 2866 4387 et
2909 4333 2962 4387 in
2999 4333 3162 4388 corde
3204 4343 3296 4390 tuo
3325 4337 3502 4391 credi-

1913 4433 2058 4487 deris
2105 4429 2263 4500 73],
2315 4430 2456 4498 quod
2491 4426 2632 4480 Deus
2665 4425 2814 4479 illum
2861 4426 3144 4481 suscitavit
3179 4443 3206 4480 a
3247 4431 3500 4494 mortuis,

219 4522 288 4590 τῇ
325 4519 525 4590 καρδίᾳ
556 4536 670 4586 σου,
701 4521 783 4574 ὅτι
815 4522 842 4573 ὁ
870 4521 1001 4584 Θεὸς
1023 4523 1183 4576 αὐτὸν
1224 4527 1441 4595 ἤγειρεν
1475 4529 1538 4580 ἐκ
1571 4528 1800 4598 νεκρῶν,

1918 4529 2092 4584 salvus
2127 4525 2236 4579 eris
2265 4523 2332 4577 θ’.
2367 4541 2385 4574 ι
2420 4521 2536 4588 Quo
2565 4530 2724 4590 pacto
2754 4520 2916 4588 igitur
2951 4521 3055 4573 erit
3096 4519 3349 4589 deinceps
3388 4539 3501 4574 ma-

223 4610 468 4680 σωθήσῃ.
525 4629 542 4662 ι
595 4611 718 4674 Πῶς
758 4609 850 4666 οὖν
873 4613 951 4667 ἔτι
983 4616 1125 4684 μέγα
1168 4633 1226 4668 τε
1259 4620 1352 4672 καὶ
1381 4619 1599 4682 εὐκλεὲς
1627 4621 1720 4673 καὶ
1747 4623 1804 4672 ὲν

221 4703 516 4772 ὑπερτάτῳ
558 4701 798 4773 θαύματι
829 4706 888 4758 τὸ
919 4707 1016 4776 τῆς
1059 4709 1342 4772 εὐσεϐείας
1391 4712 1720 4781 μυστήριον,
1758 4713 1806 4763 εί

221 4794 329 4865 χρὴ
377 4793 671 4859 πιστεύειν,
718 4796 822 4862 ὅτι,
856 4798 1003 4852 καθὰ
1053 4817 1217 4867 φασιν
1269 4803 1317 4854 οἱ
1363 4802 1806 4873 διεστραμμένοι,

219 4885 318 4938 ἄνθ
331 4902 508 4952 ρωπος
554 4887 798 4956 ληφθεὶς,
833 4891 926 4942 καὶ
958 4891 1032 4960 τῷ
1067 4892 1185 4962 Θεῷ
1213 4894 1370 4962 Λόγῳ
1399 4893 1658 4962 σχετικῶς
1691 4911 1812 4946 συν-

214 4977 489 5046 ημμένος,
529 4979 768 5031 ἀπέθανέ
805 4998 861 5034 τε
915 4984 1008 5035 καὶ
1057 4984 1276 5047 ἀνεϐίω,
1331 4986 1424 5038 καὶ
1474 4985 1809 5055 ἀνεκομίσθη

221 5071 324 5138 μὲν
356 5071 433 5130 εἰς
460 5071 548 5123 τὸν
589 5072 854 5142 οὐρανόν;
908 5075 1169 5129 νΑπιστον
1198 5075 1254 5128 δὲ
1288 5077 1415 5138 ἴσως
1451 5077 1693 5144 φανεῖταί
1723 5095 1805 5128 τι-

218 5177 328 5221 σιν,
365 5161 412 5209 εί
439 5160 514 5230 μὴ
547 5161 676 5226 Θεὸς
705 5161 779 5216 ὢν
814 5163 974 5232 φύσει
1011 5167 1104 5218 καὶ
1138 5167 1370 5236 ἀληθῶς,
1404 5171 1516 5229 τοῖς
1564 5167 1661 5236 τῆς
1688 5168 1806 5221 θεό-

219 5267 382 5319 τητος
417 5252 770 5322 ἐναϐρύνεται
805 5255 1014 5320 θάκοις,
1046 5258 1372 5322 ἐξωσθέντος
1402 5260 1540 5328 τάχα
1574 5276 1672 5312 που
1709 5259 1804 5312 τοῦ

217 5344 363 5396 κατὰ
394 5344 554 5412 φύσιν
588 5347 742 5412 Υἰοῢ,
787 5351 879 5402 καὶ
911 5353 1288 5422 παρεστήκασι
1326 5352 1425 5420 μὲν
1459 5353 1608 5415 τάξιν
1655 5352 1807 5422 ἕχον-

215 5453 311 5498 τες
343 5437 440 5507 τὴν
483 5437 882 5512 λειτουργικὴν,
923 5443 1145 5509 ἄγγελοι
1185 5445 1276 5495 καὶ
1325 5444 1674 5512 ἁρχάγγελοι,
1711 5444 1805 5510 καὶ

213 5528 285 5580 τά
319 5527 399 5580 ἔτι
429 5529 633 5583 τούτων
677 5532 935 5586 ἐπέκεινα
969 5535 1240 5602 Σεραφὶμ,
1275 5536 1334 5586 ού
1369 5535 1444 5604 τῷ
1487 5536 1628 5589 κατὰ
1671 5535 1804 5605 ἀλή-

216 5617 370 5670 θειαν
424 5619 538 5690 Υἱῴ
588 5622 685 5672 καὶ
732 5622 872 5692 Θεῷ,
924 5623 1196 5693 ἀνθρώπῳ
1243 5625 1299 5677 δὲ
1351 5627 1568 5695 μᾶλλον,
1617 5627 1674 5678 τὸ
1706 5628 1804 5696 τῆς

294 5796 339 5825 ⁸³
367 5795 520 5862 iipm.
552 5814 608 5862 Χ,
669 5797 783 5850 6-9.

1908 4637 2070 4696 gnum
2117 4628 2170 4672 et
2216 4615 2507 4688 gloriosum
2566 4625 2730 4682 atque
2786 4612 3161 4665 admirandum
3220 4612 3500 4680 reiigiouis

1905 4710 2241 4783 mysterium,
2283 4704 2326 4758 si
2356 4703 2681 4758 credendum
2724 4711 2826 4762 est,
2873 4711 2931 4753 ut
2956 4700 3040 4753 isti
3073 4715 3102 4753 a
3134 4701 3363 4754 veritate
3390 4703 3501 4754 dis-
3537 4753 3545 4765 ,

1908 4803 2034 4858 torti
2082 4798 2288 4860 \‘ulunt,
2337 4797 2479 4864 quod
2508 4795 2669 4850 homo
2695 4801 2965 4860 sumptus,
2991 4802 3044 4847 et
3065 4792 3174 4847 Deo
3201 4792 3378 4847 Verbo
3412 4809 3499 4846 re-

1909 4895 2068 4950 lative
2108 4889 2408 4960 copulatus,
2454 4899 2702 4941 mortuus
2730 4897 2812 4941 est
2850 4897 2902 4940 et
2943 4887 3162 4950 revixit,
3197 4895 3248 4939 ct
3295 4886 3498 4939 relatus

1909 4999 1989 5043 est
2025 4989 2076 5040 in
2120 4981 2362 5039 etelum?
2403 4979 2722 5035 incredibile
2764 4993 2890 5032 vero
2924 4977 3198 5033 nonnullis
3232 4977 3498 5032 videbitur

1915 5080 2016 5134 nisi
2066 5086 2256 5132 natura
2311 5089 2374 5128 ac
2413 5087 2540 5126 vere
2583 5073 2722 5125 Deus
2755 5072 3060 5134 exsistens,
3101 5070 3319 5125 deitatls
3361 5070 3497 5125 solio

1915 5172 2196 5242 glorietur,
2230 5167 2452 5236 expulso
2493 5179 2558 5218 eo
2597 5162 2686 5233 qui
2726 5171 2921 5215 natura
2963 5177 3059 5216 sua
3089 5161 3258 5216 Filius
3282 5170 3382 5218 est.
3431 5161 3497 5217 Et

1915 5261 2344 5317 circumstahuut
2411 5257 2630 5326 quidem
2682 5253 2856 5324 angeli
2914 5261 3076 5322 atque
3144 5255 3494 5323 archangeli,

1914 5356 2106 5424 hisque
2137 5351 2497 5407 eminentiora
2527 5347 2835 5416 Seraphim,
2877 5361 2981 5400 non
3014 5357 3071 5400 ut
3102 5361 3230 5402 vero
3261 5346 3397 5401 Filio
3432 5362 3495 5403 ac

1913 5445 2025 5499 Deo
2056 5442 2366 5497 ministrent
2391 5451 2553 5509 atque
2593 5436 2911 5503 inserviant,
2939 5437 3031 5494 sed
3060 5441 3237 5509 potius
3267 5439 3492 5503 homini,

1913 5536 2003 5605 qui
2037 5532 2309 5586 ﬁliationis
2353 5547 2547 5586 nomen
2595 5545 2690 5599 per
2731 5528 3208 5599 participationem
3258 5530 3494 5586 insinua-

1915 5629 2242 5692 tionemquc,
2283 5639 2346 5679 ac
2378 5633 2564 5680 nostro
2594 5637 2743 5678 more
2771 5621 3017 5690 adeptus,
3044 5631 3096 5676 et
3123 5621 3190 5677 ad
3220 5621 3494 5679 divinissi-
