4078 6264
607 387 748 446 1283

1604 385 1659 438 S.
1704 385 1976 441 (JYRllJJ
2020 390 2486 450 ALEXANDRINI
2531 394 2827 449 ARCHIEP

3732 395 3855 449 ιεει

605 523 748 563 mam
776 506 912 559 hanc
936 503 1158 573 gloriam
1189 515 1407 558 evectus
1428 513 1530 557 cst.
1555 501 1740 573 Neque
1761 507 1904 559 enim
1933 520 2185 562 verentur

2293 516 2538 586 υἱότητος
2583 513 2772 583 δνομα,
2821 512 3098 582 μεθεκτῶς
3145 515 3238 564 καὶ
3275 512 3728 584 εἱσκεκριμένως,
3775 512 3857 564 καὶ

609 597 849 652 haeretici
881 597 1214 667 cjuscemodi
1245 595 1608 664 hlasphemias
1635 596 1994 652 deblaterare.
2037 600 2191 655 Anne

604 705 734 743 vero
769 691 931 744 etiam
989 690 1083 743 tibi
1139 703 1347 741 summa
1395 687 1679 756 impietate
1723 687 1922 742 referta
1973 689 2187 744 illorum

605 782 850 836 doctrina
879 781 1125 835 videtur?
1144 777 1274 832 Nam
1298 779 1441 847 quod
1468 780 1649 832 datum
1674 788 1836 848 atque
1860 780 2189 834 insinuatum

603 883 710 938 cst,
745 873 1098 941 rejiciendum
1135 871 1328 926 merito
1370 870 1556 934 fuerit,
1591 880 1643 924 et
1673 871 1814 938 quod
1848 871 2191 928 extrinsecus

605 964 820 1017 advenit
847 963 1249 1033 ascititiumquc
1280 974 1382 1026 05!,
1421 963 1602 1016 damni
1628 964 1938 1033 suspicione
1960 979 2064 1018 non
2097 980 2192 1019 ca-

605 1067 686 1109 ret
719 1075 732 1109 :
769 1067 825 1110 ut
856 1059 921 1111 de
953 1056 1288 1124 blasphemia
1318 1065 1372 1110 et
1398 1056 1734 1111 absurditate
1763 1057 2024 1113 doctrina:
2056 1058 2190 1112 nihil

602 1147 803 1212 dicam,
841 1160 963 1200 cum
1001 1147 1398 1200 incarnationis
1435 1147 1814 1202 excellentiam
1850 1150 1917 1202 ad
1952 1149 2190 1219 turpitu-

600 1242 782 1294 dinem
831 1241 1070 1307 rapiant,
1113 1249 1169 1293 et
1221 1240 1460 1292 divinum
1512 1241 2053 1310 sacratissimumque
2097 1257 2194 1296 no-

601 1344 776 1385 strqu
824 1332 1052 1394 cultum,
1101 1331 1608 1399 antbropolatriarn,
1659 1332 1762 1388 hoc
1813 1343 1916 1395 εει,
1957 1333 2192 1419 Ιιοηιίηἱέ

601 1423 824 1484 cultum,
856 1436 974 1475 esse
1005 1429 1268 1486 statuant,
1300 1429 1354 1475 et
1390 1435 1418 1475 a
1462 1421 1606 1476 cultu
1642 1423 1754 1478 veri
1806 1422 1927 1478 Filii
1974 1440 2070 1479 nos
2099 1426 2194 1479 ab-

602 1516 883 1580 ducentes,
929 1515 1256 1583 persuadere
1304 1512 1474 1566 vclint
1518 1522 1576 1568 ut
1619 1516 1908 1584 quemdam
1955 1516 2043 1584 qui
2085 1516 2188 1586 ipsi

486 1641 488 1643 ›
556 1603 564 1656 ι
603 1606 829 1660 relative
853 1608 1136 1675 copulatus
1162 1618 1244 1660 est
1271 1607 1580 1673 adoremus,
1615 1622 1773 1676 quem
1806 1622 1968 1677 supra
2004 1624 2194 1664 omnes

600 1696 942 1766 Principatus
973 1706 1027 1750 et
1059 1695 1359 1751 Polestates
1388 1711 1452 1751 ac
1489 1696 1897 1752 Dominationes
1925 1699 2190 1752 constitu-

604 1797 717 1840 tum
755 1788 1045 1850 volunt”;
1085 1803 1190 1840 non
1231 1788 1297 1840 iis
1339 1788 1512 1841 solum
1555 1787 1646 1857 qui
1683 1787 1735 1841 in
1775 1789 1934 1843 terris
1968 1787 2188 1855 degunt,

602 1880 697 1932 sed
734 1887 788 1932 et
832 1879 962 1947 ipsis
1001 1877 1317 1932 caelestibus
1358 1889 1411 1932 et
1452 1877 1804 1932 rationalibus
1838 1879 2193 1946 potestatibus

603 1973 808 2027 erroris
851 1971 1024 2025 labem
1056 1968 1381 2038 infligenles,
1408 1969 1454 2023 si
1500 1984 1604 2023 una
1632 1970 1910 2024 nobiscum
1943 1970 2193 2036 adorent,

604 2080 711 2118 non
745 2064 1086 2118 incarnatum
1129 2071 1326 2114 natura
1357 2077 1418 2114 ac
1446 2076 1575 2115 vere
1604 2060 1824 2126 Filium,
1857 2063 2107 2132 quodque
2127 2077 2194 2117 ex

604 2153 841 2208 essentia
892 2149 984 2205 Dei
1023 2167 1087 2206 ac
1133 2151 1310 2205 Patris
1355 2148 1555 2205 effulsit
1598 2147 1857 2215 Verbum,
1897 2149 1990 2204 sed
2029 2150 2194 2204 alium

604 2247 893 2319 quemdam
917 2244 1206 2300 hominem
1241 2246 1308 2300 ab
1339 2247 1456 2315 ipso
1488 2259 1554 2299 ex
1584 2243 1794 2300 semine
1833 2241 2073 2309 Davidis,
2104 2243 2195 2313 qui

605 2335 719 2394 sola
752 2336 1050 2402 voluntate,
1081 2344 1137 2390 et
1159 2337 1522 2392 exterioribus
1557 2335 1894 2391 ornamentis
1931 2333 2195 2389 formatus

607 2429 681 2484 sit
728 2426 893 2492 Deus,
930 2442 1119 2482 revera
1146 2435 1324 2481 autem
1356 2427 1408 2481 id
1453 2441 1556 2480 non
1586 2427 1677 2481 sit.

2294 607 2483 677 τρόπῳ
2524 605 2603 676 τῷ
2650 601 2770 658 καθ’
2819 604 2964 675 ἡμᾶς
3014 604 3396 675 πλουτήσαντι,
3450 605 3543 656 καὶ
3584 602 3684 672 τῆς
3732 601 3863 655 οὓτω

2295 699 2774 770 θεοπρεπεστάσης
2822 694 3104 760 ἀξιωθέντι
3164 695 3352 766 τιμῆς.
3411 697 3860 763 Καταπεφρίκασι

2293 787 2401 858 γὰρ
2426 788 2625 858 ἥκιστά
2641 804 2702 855 γε
2730 788 2824 840 καὶ
2846 786 3002 840 τοῦτο
3024 786 3274 855 λέγοντες
3307 787 3355 839 οἱ
3386 785 3454 839 δι’
3475 782 3860 857 ἐναντίαςῖΑᾷ

2293 879 2353 930 οὐ
2386 879 2486 949 τῆς
2506 879 2741 949 ἐσχάτης
2764 877 3109 947 ἀνοσιότητός
3135 896 3193 931 τε
3221 879 3317 932 καὶ
3345 878 3666 941 δυσσεϐείας
3697 879 3862 939 αύτοίς

2294 971 2355 1022 τὸ
2387 971 2564 1041 δόγμα
2601 972 2983 1041 μεμέστωται;
3025 971 3101 1024 Τὸ
3137 970 3245 1041 γάρ
3274 988 3356 1023 τοι
3388 967 3537 1023 δοτδν
3569 973 3665 1023 καὶ
3698 972 3832 1022 εἰσκε

2294 1063 2573 1133 κριμένον,
2621 1063 2928 1132 ἀπόϐλητον
2976 1063 3060 1131 εῐη
3092 1061 3179 1127 ἂν,
3221 1061 3316 1115 καὶ
3357 1056 3419 1114 τὸ
3449 1057 3687 1131 θύραθεν
3723 1075 3833 1126 πορι

2295 1154 2440 1219 σθὲν,
2473 1155 2572 1207 οὐκ
2603 1151 2912 1208 ἀνύποπτον
2934 1153 3043 1224 ἔχει
3072 1153 3171 1225 τὴν
3201 1153 3426 1225 ζημίαν.
3458 1151 3570 1208 Καὶ
3599 1154 3782 1207 σιωπῶ
3807 1154 3855 1205 τὸ

2293 1246 2574 1316 δύσφημον
2603 1246 2683 1300 ἔτι
2719 1247 2810 1299 καὶ
2851 1246 3064 1315 ἀπηχὲς
3091 1248 3172 1311 εἰς
3199 1247 3410 1312 λόγους,
3437 1245 3662 1300 ἀνθότου
3697 1246 3755 1314 δὴ
3778 1243 3856 1299 οὖν

2293 1337 2393 1409 τῆς
2439 1337 2752 1409 οἰκονομίας
2807 1338 2866 1391 τὸ
2912 1336 3192 1408 ἐξαίρετον
3240 1336 3648 1408 κατασύρουσιν
3693 1339 3767 1400 είς
3807 1337 3860 1388 τὸ

2295 1429 2547 1498 ἀκαλλὲς,
2590 1431 2682 1484 καὶ
2713 1432 2811 1500 τὴν
2843 1429 2994 1483 θείαν
3018 1443 3077 1483 τε
3107 1430 3200 1483 καὶ
3237 1430 3521 1500 ἱεροτάτην
3554 1426 3712 1500 ἡμῶν
3740 1428 3862 1500 θρη-

2296 1523 2503 1587 σκείαν,
2539 1521 3049 1592 ἁνθρωπολατρείαν
3079 1519 3180 1592 ἥδη
3225 1523 3319 1574 καὶ
3351 1521 3540 1592 ἕτερον
3577 1517 3742 1574 οὖσαν
3784 1523 3867 1573 ού-

2293 1613 2381 1666 δὲν
2416 1614 2794 1681 ἀποφαίνουσι,
2845 1613 3275 1682 ἀποκομίζοντες
3314 1613 3415 1682 μὲν
3455 1613 3547 1666 τοῦ
3593 1609 3863 1683 κατ’ἀλή-

2294 1699 2443 1752 θειαν
2503 1697 2671 1765 Υίοῦ,
2726 1699 3064 1768 συναφθέντα
3114 1699 3172 1753 δέ
3225 1719 3349 1755 τινα
3412 1701 3678 1770 σχετικῶς
3730 1702 3868 1771 αὐτῷ

2296 1791 2627 1857 προσκυνεῖν
2673 1789 3090 1854 ἀναπείθοντες,
3138 1791 3197 1843 ὃν
3249 1791 3346 1844 καὶ
3397 1792 3658 1864 ὑπεράνω
3702 1794 3869 1864 πάσης

2313 1878 2511 1950 Ἀρχῆς
2540 1897 2600 1932 τε
2649 1883 2742 1934 καὶ
2783 1881 3058 1947 Ἐξουσίας
3079 1928 3092 1946 ,
3127 1884 3221 1937 καὶ
3254 1885 3610 1954 Κυριοτήτων
3642 1885 3872 1942 διελάσαι

2225 1947 2269 2004 Β
2302 1947 2488 2038 φασλιν,
2529 1972 2650 2042 οὐχὶ
2686 1973 2869 2043 μόνοις
2915 1977 3028 2038 τοῖς
3065 1977 3156 2028 ἐπὶ
3193 1975 3319 2045 γῆς,
3345 1947 3496 2030 ’ἀλλά
3539 1979 3639 2030 καὶ
3689 1978 3870 2043 αὑταῖς

2299 2062 2419 2122 ταῖς
2472 2060 2584 2114 ἄνω
2631 2061 2878 2131 λογικαῖς
2927 2065 3186 2136 δυνάμεσι
3219 2068 3310 2121 τὸν
3355 2069 3449 2122 τοῦ
3502 2071 3870 2142 πεπλανῆσθαι

2299 2151 2488 2222 μῶμον
2527 2154 2844 2222 ἐπάγοντες,
2886 2158 2935 2210 εί
2970 2158 3338 2227 προσκυνοῦσι
3375 2162 3495 2231 μεθ’
3526 2159 3688 2233 ἡμῶν
3725 2165 3868 2218 sm-

2297 2242 2664 2314 θρωπήσαντα
2710 2246 2810 2317 μὲν
2838 2247 3088 2318 οὐδαμῶς
3120 2250 3211 2302 τὸν
3257 2250 3417 2320 φύσει
3448 2269 3508 2306 τε
3542 2254 3637 2308 καὶ
3666 2253 3870 2326 ἀληθῶς

2297 2333 2447 2399 Υίδν,
2477 2336 2571 2388 καὶ
2601 2337 2664 2390 ὲκ
2703 2339 2802 2410 τῆς
2831 2338 2925 2392 τοῦ
2978 2339 3112 2395 Θεοῦ
3142 2342 3237 2396 καὶ
3285 2344 3497 2414 Πατρὸς
3524 2346 3712 2410 ούσῖας
3743 2349 3868 2401 ἀνα·

2296 2424 2588 2496 λάμψαντα
2627 2429 2818 2498 Λόγον,
2867 2430 2942 2495 ὡς
2977 2431 3164 2504 ἕτερον
3206 2432 3262 2486 δέ
3293 2451 3415 2488 τινα
3457 2436 3588 2506 παρ’
3617 2437 3779 2489 αὑτὸν
3814 2439 3870 2491 ὲκ

605 2524 920 2595 σπέρματος
953 2523 1046 2576 τοῦ
1098 2521 1279 2587 Δαϐὶδ,
1317 2522 1531 2593 θελήσει
1585 2522 1726 2591 τάχα
1774 2539 1874 2574 που
1933 2521 2070 2595 μόνῃ
2114 2522 2246 2595 παρ’
2291 2520 2457 2574 αὐτοῦ
2503 2525 2597 2577 καὶ
2637 2527 2749 2590 τοῖς
2788 2525 3021 2598 θύραθεν
3066 2528 3428 2600 ὲξωραῖσμοῖς
3475 2529 3871 2602 εἰδοπο-ιηθέντα

602 2619 758 2684 Θεὸν,
795 2620 893 2672 οὐκ
922 2619 1050 2672 ὄντα
1096 2618 1152 2671 δὲ
1189 2617 1349 2670 τοῦτο
1375 2618 1516 2671 κατά
1563 2617 1844 2689 ἀλήθειαν,
1870 2617 2181 2689 ἄνθρωπον.

675 2706 734 2765 Β.
783 2710 949 2780 Atqui
1007 2706 1220 2764 tametsi
1265 2711 1426 2764 homo
1477 2709 1788 2779 Specialiter
1835 2709 2182 2777 intelligatur,

605 2801 880 2872 inquiunt,
931 2801 1152 2855 relative
1196 2810 1377 2856 tamen
1421 2811 1475 2856 et
1507 2810 1750 2871 respectu
1798 2800 1890 2854 Dei
1938 2799 2005 2853 ab
2037 2800 2185 2854 omni

604 2906 852 2952 creatura
876 2895 1150 2949 aduratur.

674 2992 742 3045 A.
785 2988 1030 3056 Quonam
1063 3002 1194 3042 vero
1220 2995 1399 3056 pacto,
1447 2987 1696 3053 obsecro,
1720 2987 1941 3059 intelligi
1973 3001 2002 3041 a
2030 2985 2187 3042 nobis

607 3093 700 3137 aut
730 3083 893 3138 statui
925 3091 1102 3152 potest
1127 3083 1243 3137 inec
1293 3081 1484 3135 relatio
1521 3096 1682 3150 quam
1728 3082 1802 3135 ita
1845 3079 2184 3152 prazdicaut?

612 3171 719 3229 Sed
743 3190 864 3243 age,
889 3175 1126 3228 divinam
1172 3188 1237 3228 ac
1275 3188 1486 3228 sacram
1535 3172 1873 3242 Scripturam
1917 3171 2187 3242 pervesti-

603 3277 815 3338 gantes,
847 3265 1341 3334 qtuestionisltujus
1390 3265 1653 3320 rationem
1701 3265 1768 3319 ab
1799 3277 1862 3318 ea
1909 3273 2183 3333 petamus.

607 3359 745 3430 Ergo
769 3372 889 3413 cum
917 3357 1077 3428 732
1109 3357 1235 3411 olim
1269 3355 1528 3411 Israelita:
1552 3365 1864 3426 contempto
1898 3365 2044 3411 metu
2066 3354 2183 3421 Dei,

603 3453 658 3507 in
689 3451 872 3506 Mosen
901 3463 954 3506 et
973 3452 1242 3505 Aaronem
1268 3449 1462 3505 acerbe
1489 3449 1897 3514 inveherentur,
1925 3446 2099 3504 Moses
2123 3457 2179 3503 et

604 3543 783 3596 Aaron
818 3545 887 3596 ita
922 3557 1016 3596 eos
1044 3541 1439 3611 compellarunt
1471 3559 1485 3596 :
1527 3559 1546 3592 ι
1585 3541 1718 3608 Quis
1740 3552 1821 3596 est
1854 3541 1995 3610 quod
2037 3556 2186 3595 mur-

606 3634 832 3688 muralis
846 3643 1030 3686 contra
1051 3648 1171 3687 eum
1191 3629 1212 3684 ?
1233 3631 1344 3683 Non
1363 3632 1509 3684 enim
1529 3643 1714 3685 contra
1740 3647 1857 3694 nos,
1878 3635 1969 3686 sed
1989 3645 2180 3687 contra

607 3723 771 3780 Deum
791 3734 873 3780 est
893 3728 1004 3780 haec
1024 3725 1296 3779 oblocutio
1317 3732 1495 3776 vestra
1516 3718 1614 3777 “.i
1643 3720 1942 3777 l’eccarant
1965 3724 2107 3777 enim
2134 3727 2185 3778 in

605 3819 785 3873 Mosen
806 3829 859 3873 et
881 3818 1174 3882 Aaronern,
1199 3817 1293 3870 sed
1319 3814 1520 3870 factum
1549 3815 1721 3884 ipsum
1748 3815 1813 3868 ad
1844 3815 1933 3868 Dei
1958 3815 2186 3884 gloriam

603 3911 885 3982 pertinuit,
911 3919 964 3963 et
988 3909 1052 3962 ad
1078 3924 1196 3963 eam
1229 3908 1570 3962 referebatur
1590 3922 1780 3962 eorum
1810 3909 1902 3977 qui
1935 3907 2185 3977 injuriam

602 4001 908 4058 inferebant
941 4001 1219 4070 cOgitatio.
1247 4001 1515 4056 Czeterum
1552 4015 1656 4054 non
1687 4008 1847 4054 erant
1887 3999 1959 4054 dii
2009 3999 2186 4054 Moses

600 4106 654 4153 et
682 4097 883 4159 Aaron,
918 4108 1097 4162 neque
1139 4091 1361 4146 relative
1405 4101 1460 4146 et
1490 4101 1738 4160 respectu
1792 4087 1884 4145 Dei
1937 4101 2184 4145 creatura

600 4204 694 4243 eos
719 4188 982 4242 adoravit.
1014 4183 1276 4256 Regnavit
1309 4185 1447 4238 Deus
1473 4198 1568 4252 per
1596 4181 1892 4253 prophetas
1945 4185 1996 4237 in
2024 4183 2185 4237 Israel

601 4281 897 4333 secundum
935 4291 1182 4333 carnem.
1219 4272 1574 4329 Postmodum
1608 4284 1959 4328 accesserunt
1994 4275 2059 4327 ad
2105 4274 2185 4327 di-

602 4373 785 4424 vinum
817 4367 1123 4424 Samuelem
1145 4369 1416 4422 dicentes:
1455 4382 1475 4415 ι
1514 4360 1624 4419 Fac
1647 4365 1801 4418 nobis
1820 4380 2020 4430 regem,
2044 4365 2185 4419 sicut

601 4471 656 4516 et
679 4461 899 4530 reliqua:
920 4469 1131 4530 gentes.
1172 4477 1191 4510 ι
1238 4457 1393 4525 Quod
1431 4455 1520 4512 ille
1569 4453 1778 4524 Spiritu
1829 4455 2037 4508 afﬂatus
2070 4471 2185 4510 mo-

601 4553 737 4610 leste
765 4563 819 4608 et
857 4553 1074 4622 quidem
1127 4551 1322 4605 merito
1378 4548 1503 4604 tulit
1553 4565 1567 4602 :
1611 4550 1706 4604 sed
1762 4547 1967 4602 audivit
2013 4548 2178 4603 Deum

602 4647 872 4702 dicentem
908 4663 921 4698 :
965 4662 982 4696 ι
1023 4643 1138 4699 Νοιι
1185 4653 1237 4696 te
1281 4647 1766 4710 contempserunt,
1825 4638 1921 4694 sed
1961 4654 2066 4704 me,
2108 4655 2177 4695 ne

601 4753 819 4808 regnem
852 4751 1013 4806 super
1033 4751 1127 4789 eos
1143 4735 1208 4788 ⁸⁸.
1245 4754 1263 4786 ι
1294 4735 1372 4789 Eu
1410 4749 1602 4788 rursus
1621 4742 1810 4802 aperte
1836 4739 2183 4799 contemptus

601 4829 866 4883 rationem
909 4830 973 4880 ad
1034 4826 1201 4880 Deum
1256 4825 1446 4880 referri
1507 4824 1602 4878 ait.
1671 4823 1810 4889 Quin
1846 4823 2006 4877 etiam
2069 4823 2183 4890 ipse

2365 2713 2426 2768 B.
2481 2711 2640 2767 Ἀλλὰ
2687 2712 2789 2768 κᾶν
2831 2715 3117 2787 ἄνθρωπος
3169 2715 3351 2780 ἰδικῶς
3400 2716 3625 2788 νοῆται,
3690 2717 3870 2785 φασιν,

2293 2807 2540 2876 ἀναφορᾷ
2569 2804 2701 2859 Θεοῦ
2740 2807 2834 2860 καὶ
2871 2807 3047 2878 ἐννοίᾳ
3093 2807 3189 2878 τὴν
3223 2807 3374 2879 παρὰ
3415 2809 3595 2879 πάσης
3627 2809 3730 2879 τῆς
3768 2808 3872 2860 κτί-

2292 2914 2431 2961 σεως
2456 2899 2824 2968 προσκύνησιν
2859 2898 2993 2969 ἔχει.

2360 2987 2424 3038 Α.
2467 2984 2598 3039 Εἶτα
2627 2988 2747 3040 τίνα
2786 2989 2988 3059 τρόπον
3041 2989 3240 3060 πρέποι
3289 2989 3375 3050 ἂν,
3423 2989 3544 3043 εἰπέ
3589 3007 3703 3060 μοι,
3742 2991 3868 3064 πρὸς

2290 3078 2447 3149 ἡμῶν
2491 3079 2728 3133 νοεῖσθαι
2770 3080 2864 3132 καὶ
2898 3079 3149 3148 λέγεσθαι
3182 3082 3281 3153 τῆς
3315 3083 3444 3154 παρ’
3482 3082 3665 3135 αὐτῶν
3719 3082 3875 3154 θρυλ-

2289 3171 2556 3243 λουμὲνης
2590 3173 2874 3242 ἀναφορᾶς
2901 3171 2962 3224 τὸ
3008 3173 3194 3243 χρῆμα
3222 3191 3236 3239 ;
3273 3174 3382 3226 Καὶ
3415 3174 3547 3243 φέρε
3593 3174 3696 3244 τὴν
3730 3173 3879 3227 θείαν

2293 3277 2353 3315 τε
2399 3263 2492 3316 καὶ
2534 3262 2682 3333 ἱερὰν
2714 3263 3294 3334 πολυπραγμονοῦντες
3323 3265 3569 3337 Γραφὴν,
3595 3265 3880 3338 καταθρή·

2297 3371 2479 3423 σωμεν
2524 3354 2620 3406 ἀπ’
2649 3354 2816 3424 αὐτῆς
2860 3353 2920 3406 τὸ
2949 3353 3300 3424 ζητούμενον.
3352 3356 3564 3409 Οὐκοῦν
3612 3356 3887 3427 ὀλιγωρή-

2297 3444 2487 3508 σαντές
2537 3456 2667 3496 ποτε
2716 3445 2814 3513 τῆς
2857 3444 2937 3507 εἰς
2987 3445 3120 3498 Θεὸν
3170 3445 3351 3510 αἰδοῦς
3402 3447 3452 3499 οἱ
3508 3446 3571 3510 ἐξ
3639 3447 3884 3518 Ἰσραὴλ,

2293 3539 2484 3591 Μωσεϊ
2509 3555 2567 3590 τε
2613 3538 2708 3590 καὶ
2748 3537 2958 3608 Ἀαρὼν
2990 3539 3288 3608 ἐπεφύοντο
3317 3539 3553 3611 πικρῶς,
3592 3534 3711 3593 εἶτα
3745 3557 3886 3611 προ-

2297 3629 2591 3699 πεφὼνηκε
2636 3630 2840 3699 Μωσῆς
2886 3646 2946 3682 τε
2992 3631 3086 3682 καὶ
3127 3629 3369 3702 Ἀαρών·
3417 3649 3436 3682 ι
3483 3631 3579 3694 Τίς
3622 3635 3776 3686 ἐστιν
3804 3633 3887 3685 ὅτι

2293 3723 2683 3791 διαγογγύζετε
2718 3723 2839 3774 κατ’
2880 3722 3078 3786 αὐτοῦς
3109 3724 3184 3776 Οὐ
3216 3723 3324 3794 γὰρ
3365 3723 3485 3776 καθ’
3517 3723 3700 3793 ἡμῶν,
3747 3725 3887 3778 ἀλλὰ

2293 3815 2435 3869 κατά
2463 3814 2598 3868 Θεοῦ
2627 3818 2654 3869 ὁ
2680 3818 2995 3888 γογγυσμὸς
3016 3818 3044 3869 ὑ
3055 3816 3170 3888 μῶν
3199 3812 3352 3880 οὗτός
3372 3819 3536 3870 ἐστιν.
3573 3840 3590 3868 ι
3637 3817 3889 3888 Ἐπλημ-

2297 3909 2492 3979 μέλουν
2529 3909 2626 3979 μὲν
2660 3911 2769 3981 γάρ
2820 3911 2900 3974 είς
2939 3910 3146 3964 Μωσέα
3192 3911 3284 3964 καὶ
3333 3908 3564 3981 Ἀαρὼν,
3596 3909 3736 3963 ἀλλά
3788 3911 3889 3980 τῆς

2294 4001 2445 4066 θείας
2471 4003 2674 4072 ἥπτετο
2703 4002 2860 4074 δόξης
2888 4003 2948 4056 τὸ
2975 4001 3272 4073 δρώμενον,
3314 4003 3408 4055 καὶ
3437 4003 3526 4054 ἐπ’
3552 4001 3726 4072 αὐτὴν
3770 3998 3886 4071 εἶχε

2291 4087 2389 4158 τὴν
2410 4090 2710 4161 ἀναφορὰν,
2737 4091 2838 4161 τῆς
2852 4089 2960 4144 τῶν
2979 4090 3304 4162 ὑϐριζόντων
3328 4090 3622 4154 ὑπονοίαςὸ
3657 4093 3887 4162 τρόπος.

2292 4181 2441 4252 Πλὴν
2488 4181 2586 4234 οὐκ
2635 4175 2775 4252 ἦσαν
2806 4181 2932 4234 Θεοὶ
2986 4181 3192 4252 Μωσῆς
3235 4199 3296 4235 τε
3349 4181 3443 4234 καὶ
3491 4181 3726 4252 Ἀαρὼν,
3759 4176 3891 4234 οὔτε

2294 4271 2402 4342 μὴν
2444 4271 2694 4341 ἀναφορᾷ
2738 4270 2897 4328 Θεοῦ.
2929 4307 2948 4327 .
2979 4309 2995 4324 .
3029 4313 3041 4325 .
3077 4314 3090 4327 .
3122 4310 3138 4326 .
3175 4313 3191 4329 .
3225 4312 3238 4326 .
3299 4272 3386 4325 διὰ
3431 4272 3752 4343 προφητῶν,
3787 4273 3888 4326 τοῦ

2291 4363 2434 4416 κατὰ
2483 4365 2663 4435 σάρκα
2706 4363 2940 4435 Ἰσραήλ.
2981 4359 3115 4418 Εἶτα
3146 4362 3460 4436 προσῄεσαν
3497 4365 3756 4434 λέγοντες
3810 4365 3895 4435 τῷ

2291 4455 2562 4528 θεσπεσίῳ
2608 4458 2901 4528 Σαμουὴλ·
2943 4477 2960 4510 ι
3015 4458 3246 4527 Ποίησον
3276 4460 3409 4529 ήμῖν
3454 4459 3707 4529 βασιλέα.
3741 4459 3894 4512 καθὰ

2293 4546 2388 4599 καὶ
2428 4545 2497 4598 τὰ.
2538 4547 2700 4601 λοιπά
2753 4548 2904 4620 ἔθνη.
2955 4567 2973 4601 ι
3016 4549 3160 4620 Πρὸς
3197 4549 3370 4603 ταῦτα
3417 4551 3896 4619 κατεπικ-ραίνετο

2292 4642 2386 4694 καὶ
2427 4641 2630 4713 σφόδρα
2680 4641 2905 4706 εἰκότως
2957 4642 2985 4694 ὁ
3035 4642 3505 4712 πνευματοφόρος,
3555 4639 3679 4694 ἀλλ’
3721 4643 3894 4712 ἤκουε

2284 4733 2380 4786 τοῦ
2405 4733 2540 4786 Θεοῦ
2580 4733 2852 4802 λέγοντος·
2892 4752 2911 4784 ι
2947 4733 3022 4786 Οὐ
3053 4733 3113 4785 σὲ
3145 4732 3585 4802 ὲξουθενήκασιν,
3613 4732 3740 4785 ἀλλ’
3766 4735 3894 4802 ἐμὲ,

2283 4824 2378 4878 τοῦ
2440 4826 2514 4895 μὴ
2569 4823 2874 4895 βασιλεύειν
2931 4825 3017 4877 ἐπ’
3063 4825 3280 4887 αὐτούς.
3324 4842 3342 4876 ι
3399 4823 3528 4877 Ἰδοὺ
3586 4824 3654 4896 δὴ
3701 4825 3900 4884 πάλιν,

2284 4879 2517 4969 κάνθάδε
2549 4879 2733 4984 σαφῶς
2765 4918 2793 4969 ὁ
2824 4917 2925 4986 τῆς
2955 4879 3349 4986 ἐξουθενήσεως
3388 4916 3592 4986 τρόπος
3634 4879 3728 4979 εἰς
3759 4879 3931 4992 Θεὸνέ

2287 5006 2400 5078 ἔχει
2443 5009 2540 5078 τὴν
2575 5008 2874 5080 ἀναφοράν.
2922 5009 3033 5062 Καὶ
3063 5009 3168 5080 μὴν
3212 5009 3306 5062 καὶ
3339 5008 3505 5072 αὐτὸς
3531 5010 3561 5060 ὁ
3603 5007 3722 5061 τῶν
3754 5007 3905 5060 ὅλων

2288 5100 2481 5172 Σωτὴρ
2519 5103 2612 5154 καὶ
2637 5101 2842 5172 Κύριος
2871 5102 3001 5172 περὶ
3039 5101 3148 5154 τῶν
3177 5102 3236 5155 ὲν
3266 5101 3443 5172 ἐνδείᾳ
3472 5101 3639 5171 φησίν
3658 5117 3676 5131 ⁸
3705 5117 3726 5151 ι
3773 5095 3904 5165 Ἐφ’

2287 5192 2754 5269 ὃσονοὲποιήσατε
2817 5192 2898 5246 ἐνὶ
2943 5191 3152 5244 τούτων
3197 5189 3305 5244 τῶν
3355 5189 3700 5259 ἐλαχίστων,
3766 5185 3905 5256 ἐμοὶ

2286 5284 2606 5354 ἐποιήσατε.
2654 5305 2674 5337 ι
2717 5280 2844 5354 'Ap’
2877 5278 2970 5337 οὖν
3003 5283 3146 5336 κατά
3192 5282 3382 5336 τοῦτον
3415 5280 3520 5335 ’τὸν
3558 5281 3802 5353 τρόπον,
3849 5277 3910 5330 εἴ

2286 5395 2369 5441 τις
2404 5377 2614 5446 λέγοιτο
2640 5379 2804 5448 τιμᾷν
2834 5376 2923 5430 τὸν
2953 5377 3017 5428 ὲκ
3059 5374 3376 5446 σπέρματος
3409 5375 3595 5436 Δαϐὶδ,
3629 5373 3718 5445 τῷ
3767 5371 3911 5441 Υῑῷ

2284 5469 2591 5538 πεποίηκε;
2639 5469 2743 5523 κᾶν
2794 5469 2842 5520 εί
2899 5469 2972 5539 μὴ
3022 5468 3368 5532 πιστεύσειε,
3421 5468 3906 5539 προσκέκρουκεν

2283 5563 2569 5632 ἀραρότως
2597 5561 2676 5632 τῷ
2706 5561 2848 5615 κατά
2884 5561 3044 5630 φύσιν
3093 5558 3226 5629 Υίῷ,
3273 5559 3536 5629 τιμᾶσθαι
3580 5560 3727 5630 τάχα
3774 5573 3902 5609 που

2285 5654 2378 5706 καὶ
2430 5653 2592 5708 αὐτόν
2649 5653 2921 5719 ἐθέλοντι,
2970 5653 3062 5707 καὶ
3104 5650 3459 5706 πιστεύεσθαι
3519 5651 3656 5722 πρὸς
3708 5649 3904 5720 ἡμῶν

598 4919 842 4973 omnium
871 4914 1122 4971 Salvator
1159 4931 1224 4972 ac
1272 4915 1534 4970 Dominus
1560 4954 1575 4980 ,
1631 4913 1781 4968 deiis
1811 4913 1902 4983 qui
1939 4922 2182 4981 egestate

597 5017 942 5080 premuntur,
975 5007 1094 5061 ait:
1154 5025 1172 5058 ι
1227 5006 1500 5076 Quidquid
1546 5005 1756 5060 fecistis
1812 5005 1903 5059 uni
1951 5017 2014 5057 ex
2062 5004 2181 5058 istis

598 5101 860 5166 minimis,
891 5097 1020 5154 mihi
1060 5098 1266 5155 fecistis
1321 5100 1386 5154 ⁸⁸.
1427 5119 1445 5152 ι
1482 5098 1594 5154 Hac
1651 5098 1819 5169 igitur
1874 5099 2084 5152 ratione
2131 5096 2179 5152 si

597 5198 721 5266 quis
750 5198 962 5253 dicatur
997 5191 1181 5251 colere
1211 5211 1332 5249 eum
1365 5194 1455 5264 qui
1502 5204 1585 5249 est
1615 5209 1681 5248 ex
1735 5194 1942 5249 semine
1986 5192 2177 5258 David,

599 5287 808 5344 Filione
829 5289 878 5343 id
900 5286 1189 5354 praastltit?
1212 5297 1263 5342 et
1287 5288 1395 5368 nisi
1423 5287 1544 5355 quis
1568 5285 1878 5351 crediderit,
1899 5284 2181 5340 offenderit

599 5377 844 5451 profecto
867 5396 991 5435 eum
1032 5382 1121 5450 qui
1159 5389 1349 5435 natura
1379 5389 1463 5434 est
1488 5378 1678 5442 Filius,
1725 5379 1816 5447 qui
1872 5393 1930 5432 se
1965 5393 2179 5448 quoque

597 5471 700 5526 coli
728 5471 859 5537 vult,
895 5483 948 5526 et
979 5473 1164 5526 eodem
1200 5471 1355 5540 plane
1391 5470 1549 5524 modo
1573 5484 1602 5523 a
1637 5469 1792 5524 nobis
1819 5470 1989 5525 credi.
2030 5468 2175 5534 Quo-

600 5561 762 5616 modo
789 5561 954 5626 igitur
985 5577 1090 5616 non
1144 5563 1215 5616 sit
1265 5563 1442 5617 factus
1468 5577 1566 5632 par
1609 5569 1772 5631 atque
1804 5560 2028 5628 aequalis
2076 5561 2176 5614 Im-

603 5664 732 5704 nore
779 5665 968 5706 servus
1021 5666 1141 5706 cum
1184 5651 1442 5718 domino,
1494 5663 1548 5708 et
1593 5653 1812 5708 deitatis
1851 5652 2174 5707 excellentia

677 5818 725 5852 ⁸³
755 5820 949 5888 Ephes.
991 5840 1030 5887 ι,
1058 5823 1148 5878 21.
1227 5827 1273 5857 ⁸³
1307 5827 1471 5882 Exod.
1504 5843 1615 5893 xvr,
1646 5828 1698 5881 8.
1776 5829 1821 5861 "
1857 5826 1877 5881 l
1908 5825 2038 5898 Reg.
2072 5844 2185 5895 vut,

2291 5830 2330 5884 5.
2407 5831 2452 5863 ⁸⁸
2486 5831 2674 5886 Matth.
2711 5847 2836 5899 xxv,
2871 5831 2962 5886 40.
