4078 6264
331 403 473 458 1285

1465 405 1654 472 QUOD
1693 403 1880 462 UNUS
1921 403 2028 460 SIT
2067 405 2434 466 CHRISTUS.

3453 417 3590 476 £286

325 521 466 574 κατά
513 521 604 576 τὸν
654 523 770 578 ἴσον
820 527 914 578 καὶ
963 526 1399 598 ἀπαραλλάκτως
1445 525 1639 596 ἔχοντα
1688 525 1882 594 τρόπον

2017 525 2211 591 polleat
2258 523 2310 580 id
2357 527 2500 597 quod
2531 537 2774 583 creatum
2816 537 2920 594 est,
2977 539 3034 587 et
3087 530 3228 587 Deus
3271 545 3460 588 recens
3486 540 3591 598 ,ιιι

325 612 456 668 Εἶτα
499 616 616 678 πῶς
663 618 722 669 οὑ
771 619 994 687 γέγονεν
1043 620 1283 690 ἰσότιμον
1319 619 1416 689 μὲν
1448 618 1525 688 τῷ
1561 617 1794 687 δεσπότῃ
1843 617 1905 668 τὸ

321 705 542 770 δοῦλον,
592 709 650 760 ἐν
686 708 984 779 ὑπεροχαῖς
1023 710 1079 762 δὲ
1116 710 1367 780 θεότητος
1407 709 1468 760 τὸ
1510 708 1902 778 πεποιημένον,

321 799 414 851 καὶ
445 798 576 861 Θεὸς
599 799 932 870 πρόσφατος,
962 801 1104 854 κατά
1127 801 1223 864 τὰς
1254 801 1506 872 Γραφάς;
1547 801 1904 869 ἐπενήνεκται

319 889 376 942 δὲ
406 890 471 958 τῇ
501 888 633 958 ἁγίᾳ.
671 891 764 942 καὶ
791 890 1064 959 όμοουσίῳ
1090 890 1282 960 Τριάδι
1335 889 1395 941 τὸ
1439 887 1723 956 ἀνισοφυὲς
1763 887 1900 956 αὑτῇ

319 981 412 1033 καὶ
463 981 560 1034 σὺν
590 981 726 1050 αὐτῇ
763 982 1237 1051 προσκυνούμενον
1267 1021 1281 1046 ,
1335 978 1428 1032 καὶ
1467 979 1566 1048 τῆς
1606 978 1726 1048 ἴσης
1764 977 1900 1048 αὑτῇ

319 1069 610 1125 κοινωνοῦν
635 1071 916 1138 εὑκλείας;

391 1164 450 1216 Β.
491 1165 627 1216 Φασὶ
658 1163 756 1236 τὴν
799 1164 1078 1235 ἀναφορὰν
1121 1163 1262 1218 κατά
1307 1162 1508 1216 τοιόνδε
1548 1160 1670 1213 τινὰ
1704 1159 1900 1230 χρῆναι

319 1253 696 1322 λαμϐάνεσθαι
749 1255 968 1325 τρόπον.
1037 1254 1376 1316 Ἐννοοῢντες
1418 1253 1526 1323 γάρ
1578 1251 1667 1305 τὸν
1712 1250 1790 1320 τῷ
1837 1251 1901 1304 ὲκ

322 1346 634 1416 σπέρματος
683 1345 848 1399 Δαϐ“ιδ
886 1347 1204 1418 ἀχωρίστως
1251 1346 1592 1415 συναφθέντα
1631 1345 1762 1398 Θεὸν
1799 1343 1900 1397 Λό-

319 1451 437 1502 γον,
471 1436 886 1508 προσκυνοῦμεν
910 1438 985 1500 ὡς
1015 1436 1167 1490 Θεόν.

389 1527 452 1580 Α.
497 1521 622 1596 Ἆρ’
668 1523 760 1580 οὖν
806 1529 1023 1598 ἀπόχρη
1076 1527 1210 1598 πρὸς
1243 1528 1304 1580 τὸ
1339 1527 1449 1580 δεῖν
1488 1526 1638 1598 αὐτῷ
1685 1526 1784 1596 τὴν
1821 1527 1899 1598 τῷ

317 1614 438 1685 Θεῷ
487 1616 800 1688 πρέπουσαν
851 1617 1010 1681 δόξαν
1057 1618 1218 1681 ἑλεῖν,
1253 1619 1346 1670 καὶ
1387 1618 1496 1670 τῶν
1538 1617 1638 1686 τῆς
1667 1618 1899 1680 κτίσεως

319 1706 726 1775 ὑπερφέρεσθαι
753 1708 984 1778 μέτρων,
1009 1707 1068 1760 τὸ
1102 1709 1368 1776 συνῆφθαι
1402 1709 1559 1778 μόνον
1592 1706 1770 1777 αὐτῷ,
1804 1707 1896 1761 καὶ

317 1797 477 1850 τοῦτο
505 1799 871 1869 προσκυνητὸν
922 1800 1012 1852 τὸν
1059 1801 1156 1852 οὑκ
1211 1801 1338 1854 ὅντα
1384 1801 1515 1852 Θεὸν
1564 1801 1889 1870 ἐργάσεται;

318 1888 436 1940 ἀλλ’
469 1890 706 1958 εὑρίσκω
738 1890 856 1943 τινά
875 1889 951 1960 τῷ
986 1889 1102 1962 Θεῴ
1134 1891 1359 1960 λέγοντα
1387 1892 1474 1944 διά
1503 1892 1598 1961 τῆς
1623 1891 1715 1943 τοῦ
1741 1893 1894 1945 Ψάλ-

317 1979 499 2042 λοντος
523 1981 690 2049 λύρας
712 1999 725 2011 ·
770 2001 790 2034 ‹
830 1983 1123 2054 Ἐκολλήθη
1157 1985 1188 2053 ἡ
1222 1983 1364 2054 ψυχή
1399 2001 1497 2054 μου
1523 1983 1696 2035 ὀπίσω
1726 2000 1837 2036 σου.
1868 2001 1886 2033 ι

315 2071 518 2140 Γράφει
553 2072 724 2125 δὲκαὶ
764 2075 792 2126 ό
828 2074 1095 2144 μακάριος
1125 2074 1364 2137 Παῦλος·
1399 2094 1416 2126 t
1463 2075 1518 2127 '0
1556 2073 1891 2144 κολλώμενος

312 2161 389 2232 τῷ
413 2163 618 2233 Κυρίῳ,
641 2163 698 2216 ἓν
727 2165 942 2236 πνεῦμά
971 2168 1135 2219 ἐστιν.
1179 2186 1196 2217 ι
1224 2161 1346 2237 Ἆρ’
1368 2161 1479 2231 οὗν,
1521 2166 1642 2218 εξπέ
1668 2183 1776 2236 μοι,
1797 2165 1891 2218 καὶ

311 2254 530 2317 τούτους
571 2257 818 2327 ἀναφορᾷ
856 2259 990 2312 Θεοῦ
1019 2262 1489 2331 προσκυνήσομεν,
1520 2259 1594 2322 ὡς
1633 2259 1891 2328 κεκολλη-

315 2349 508 2416 μένους
541 2348 726 2418 αὑτῷ;
779 2349 972 2404 Καίτοι
1009 2350 1102 2404 τοῦ
1149 2351 1418 2421 συνῆφθαι
1447 2351 1642 2420 λέγειν,
1684 2351 1744 2404 τὺ
1791 2353 1888 2422 τῆς

311 2437 618 2507 κολλήσεως
661 2437 848 2508 δνομα,
895 2439 1111 2510 μείζονά
1149 2458 1250 2494 που
1290 2441 1503 2504 πάντως
1535 2442 1629 2494 καὶ
1676 2440 1883 2504 ἀξιολο-

309 2529 559 2598 γωτέραν
589 2529 687 2598 τὴν
731 2529 966 2599 ἔμφασιν
1011 2529 1156 2601 ἔχει·
1189 2531 1346 2602 εἴπερ
1379 2532 1525 2584 ἐστὶν
1570 2532 1766 2602 ἀληθὲς
1808 2533 1885 2584 εί-

309 2623 454 2684 πεῖν,
489 2621 563 2683 ὼς
596 2623 654 2674 τό
681 2639 791 2674 τισι
823 2621 1177 2693 κολλώμενον,
1217 2625 1274 2679 ὲν
1313 2625 1558 2678 ἐπιτάσει
1590 2624 1753 2696 πολλῇ
1790 2626 1887 2696 τὴν

309 2712 606 2780 συνάφειαν
641 2711 774 2782 ἔχει.

381 2803 438 2855 Β.
487 2805 720 2857 Ἔοικεν.

377 2895 438 2952 Α.
495 2896 742 2948 Ἀνθότου
795 2895 850 2949 δὲ
900 2897 964 2970 δὴ
1011 2897 1276 2968 παρέντες
1310 2899 1408 2970 τὴν
1443 2900 1656 2963 ἕνωσιν,
1708 2899 1882 2952 καίτοι

307 2987 493 3056 φωνὴν
527 2983 692 3041 οὖσαν
736 2989 958 3060 εὑτριϐἦ
1007 2992 1136 3061 παρ’
1171 2993 1301 3060 ἡμῖν
1353 2992 1554 3054 αὑτοῖς,
1596 2991 1792 3060 μᾶλλον
1825 2991 1882 3042 δὲ

309 3076 406 3128 καὶ
436 3077 500 3129 ὲκ
523 3076 628 3129 τῶν
653 3078 824 3146 ἀγίων
853 3079 1111 3150 Πατέρων
1141 3081 1572 3134 καταϐαίνουσαν
1602 3083 1680 3142 είς
1714 3083 1879 3151 ἡμᾶς,

2011 615 2290 684 Scriptura
2347 627 2579 672 testatur
2617 619 2716 672 "?
2758 621 3055 677 Asciseitur
3079 637 3206 678 vero
3243 623 3295 677 in
3340 635 3588 680 sanctam

2007 718 2060 761 et
2089 709 2602 765 consubstantialem
2635 711 2960 768 Trinitatem
2994 715 3044 768 id
3073 715 3218 784 quod
3251 715 3483 770 diversae
3523 717 3590 772 all

2007 815 2066 853 ea
2099 812 2308 855 natura:
2335 810 2439 866 est,
2477 819 2695 872 unaque
2728 820 2850 860 cum
2872 821 2934 860 ea
2980 806 3240 861 adoratur
3267 847 3284 874 ,
3333 821 3584 863 commu-

2007 903 2240 960 nemque
2267 899 2320 946 ct
2346 906 2530 962 parem
2563 908 2686 949 cum
2717 909 2780 949 ea
2811 895 3038 966 gloriam
3067 895 3273 952 habet?

2074 1153 2135 1210 Β.
2178 1153 2508 1209 Aiunthane
2552 1155 2868 1211 relationem
2913 1157 3294 1227 hujuscemodi
3339 1162 3578 1231 quadam

2003 1245 2210 1301 ratione
2241 1247 2413 1316 accipi
2445 1247 2659 1302 debere.
2691 1247 3006 1304 Statuentes
3037 1253 3182 1305 enim
3211 1253 3337 1308 huic
3365 1255 3459 1324 qui
3495 1265 3581 1310 est

2001 1351 2068 1392 ex
2113 1339 2322 1393 semine
2365 1337 2534 1394 David
2591 1340 3027 1409 inseparabiliter
3077 1345 3388 1414 copulatum
3455 1361 3578 1403 esse

2001 1427 2170 1482 Deum
2209 1429 2468 1496 Verbum,
2505 1431 2798 1487 adoramus
2827 1442 2886 1487 ut
2931 1433 3121 1490 Deum.

2071 1522 2136 1574 A.
2157 1522 2317 1592 Atqui
2355 1521 2622 1579 suilicitne
2649 1525 2753 1581 hoc
2786 1526 2854 1580 ad
2877 1526 3222 1583 deferendam
3252 1528 3326 1583 illi
3347 1529 3572 1600 gloriam

1997 1625 2116 1682 qua:
2149 1615 2254 1668 Deo
2276 1617 2570 1680 convenit,
2629 1626 2686 1670 et
2728 1617 2794 1672 ad
2844 1631 2966 1672 eum
3015 1619 3152 1674 ultra
3199 1630 3574 1676 creaturarum

1997 1704 2361 1759 conditionem
2384 1705 2742 1771 evehendum,
2767 1706 2909 1777 quod
2944 1709 3266 1778 conjunclns
3285 1711 3335 1765 ci
3361 1721 3572 1766 tantum

1995 1795 2085 1859 sit,
2127 1795 2286 1863 idque
2316 1796 2642 1850 adorabilem
2677 1811 2800 1852 eum
2831 1797 2994 1852 faciet
3022 1799 3112 1868 qui
3145 1817 3250 1855 non
3277 1802 3350 1855 sit
3379 1801 3523 1856 Deus
3549 1801 3598 1856 Υ.

1925 1871 1966 1924 Β
1995 1885 2064 1937 At
2099 1885 2310 1952 reperio
2338 1885 2626 1952 quemdam
2667 1899 2768 1952 per
2817 1883 3120 1941 Psalmistae
3155 1887 3327 1958 lyram
3379 1890 3573 1944 dicen-

1997 1984 2102 2028 tem
2140 1991 2152 2026 :
2192 1994 2210 2026 ‹
2239 1974 2622 2043 Conglutiuata
2667 1984 2751 2030 est
2803 1980 2979 2030 anima
3025 1993 3142 2033 mea
3179 1989 3300 2049 post
3333 1989 3385 2035 te
3412 1981 3460 2014 ⁸⁸
3491 1997 3507 2048 ;
3548 2001 3567 2034 ι

1961 2077 2048 2121 -οι
2083 2068 2273 2122 beatus
2304 2067 2502 2121 Paulus
2549 2067 2620 2120 ita
2667 2069 2910 2125 scribit:
2954 2089 2972 2122 ι
3015 2069 3114 2138 Qui
3161 2071 3570 2139 conglutinatus

1994 2170 2075 2211 est
2109 2158 2338 2213 Domino
2367 2197 2382 2222 ,
2417 2173 2558 2212 unus
2595 2158 2820 2228 spiritus
2865 2171 2951 2215 est
2991 2161 3081 2218 ‘3'.
3131 2181 3152 2214 ι
3197 2165 3354 2220 Anne
3387 2165 3569 2236 igitur,

1991 2253 2238 2316 obsecro,
2265 2251 2426 2304 etiam
2459 2251 2560 2306 hos
2583 2250 2934 2306 adet-abimus
2960 2263 3206 2321 respectu
3244 2253 3358 2320 Dei,
3385 2266 3571 2325 utpote

1991 2342 2040 2398 ei
2094 2341 2538 2408 conglutinatos?
2594 2343 2756 2412 Atqui
2825 2345 3307 2416 conglutinationis
3373 2362 3566 2401 nomen

1991 2433 2252 2503 majorem
2287 2435 2394 2489 vim
2428 2435 2588 2506 733
2618 2445 2781 2506 atque
2847 2438 3150 2506 emphasim
3200 2437 3362 2492 habet
3405 2453 3566 2507 quam

1990 2524 2408 2592 conjunctionis.
2444 2525 2724 2593 Siquidem
2763 2541 2890 2581 vere
2922 2527 3141 2595 dicitur,
3177 2527 3222 2582 si
3251 2529 3381 2598 quid
3409 2529 3566 2582 alteri

1989 2619 2219 2686 cuipiam
2245 2617 2681 2686 conglutinatum
2705 2629 2810 2683 est,
2851 2620 3226 2674 vehementem
3257 2620 3305 2675 ei
3329 2631 3565 2676 arctam-

1987 2725 2092 2780 que
2117 2725 2241 2766 cum
2269 2709 2358 2764 illo
2383 2709 2820 2779 coojunetionem
2851 2711 3210 2768 intercedere.

2057 2802 2118 2854 B.
2150 2802 2226 2856 Ita
2263 2801 2499 2856 videtur.

2057 2895 2121 2946 A.
2152 2894 2262 2948 Cur
2283 2903 2488 2959 autem,
2519 2896 2721 2965 rcjecto
2750 2895 2970 2951 nomine
3008 2895 3252 2963 unitatis,
3282 2909 3402 2951 eum
3434 2895 3568 2952 alio-

1985 2985 2074 3052 qui
2104 2985 2172 3039 sit
2224 2985 2478 3038 ttsilatttttl
2530 2987 2684 3042 nobis
2717 2987 2870 3056 ipsis,
2918 2987 3028 3041 imo
3078 3002 3206 3042 vero
3281 3002 3310 3041 ιι
3365 2991 3566 3044 sanctis

1989 3077 2233 3129 Patribus
2273 3077 2338 3129 ad
2376 3092 2472 3132 nos
2495 3075 2732 3142 ﬂuxerit,
2763 3077 3204 3146 conjunctionem
3255 3079 3436 3148 potius
3472 3096 3568 3136 vo-

311 3165 604 3235 συνάφειαν
633 3167 991 3237 όνομάζουσι;
1027 3169 1218 3222 Καίτοι
1255 3174 1445 3240 συγχεῖ
1479 3173 1574 3239 μὲν
1614 3173 1646 3241 ὴ
1692 3171 1881 3234 ἓνωσις

1985 3167 2168 3220 cant?
2221 3168 2385 3236 Atqui
2433 3170 2613 3224 unitas
2670 3185 3007 3238 nequaquam
3052 3170 3334 3226 confundit
3377 3187 3442 3226 ea
3493 3174 3560 3230 de

302 3257 556 3327 οὐδαμῶς
589 3259 655 3312 τὰ
703 3261 823 3314 καθ’
851 3254 924 3314 ὧν
955 3262 1020 3314 ἂν
1053 3262 1281 3330 λέγοιτο,
1310 3263 1632 3317 διαδείκνυσι
1660 3263 1714 3315 δὲ
1743 3266 1879 3332 μᾶλ-

298 3349 391 3402 λον
426 3350 524 3420 τὴν
559 3353 637 3414 είς
680 3350 738 3404 ἓν
777 3369 829 3404 τι
879 3353 1183 3425 συνδρομὴν
1234 3354 1341 3406 τῶν
1377 3354 1615 3425 ἡνῶσθαι
1659 3355 1880 3424 νοουμέ-

300 3458 430 3495 νων.
461 3442 572 3495 Kal.
604 3443 723 3512 οὐχὶ
773 3443 945 3514 πάντη
995 3459 1054 3497 τε
1093 3446 1186 3497 καὶ
1229 3445 1446 3509 πάντως
1475 3445 1534 3499 ἒν
1570 3445 1636 3500 ἂν
1675 3445 1881 3515 λέγοιτο

303 3531 483 3602 μόνως
513 3531 574 3584 τὸ
603 3531 808 3584 ἁπλοῦν
839 3535 932 3586 καὶ
964 3534 1252 3604 μονοειδὲς,
1289 3534 1423 3588 ἀλλά
1455 3535 1563 3607 γάρ
1599 3538 1692 3590 καὶ
1721 3537 1787 3590 τὰ
1817 3538 1881 3592 ὲκ

298 3625 446 3676 δυοῖν
483 3623 514 3693 ἢ
548 3623 809 3677 πλειόνων
839 3623 918 3677 ἔτι
955 3625 1051 3678 καὶ
1089 3625 1148 3689 ἐξ
1180 3627 1491 3698 ἑτεροειδῶν
1529 3629 1876 3700 συγκείμενα.

299 3719 459 3768 Δοκεῖ
505 3715 611 3785 γὰρ
639 3716 811 3780 οὑτως
858 3713 918 3770 εὖ
971 3717 1114 3786 ἔχειν
1141 3722 1253 3782 τοῖς
1300 3718 1474 3774 ταῦτα
1507 3725 1707 3790 σοφοῖς.
1761 3723 1878 3774 Κα-

298 3808 639 3879 κουργότατα
677 3808 855 3861 τοίνυν
905 3809 997 3862 τὸν
1049 3811 1144 3863 ἕνα
1193 3811 1288 3864 καὶ
1325 3812 1483 3880 φύσει
1532 3814 1625 3866 καὶ
1662 3813 1878 3884 ἀληθῶς

301 3899 448 3964 Υίὸν,
483 3900 977 3970 ὲνανθρωπήσαντα
1008 3905 1104 3956 καὶ
1137 3905 1554 3975 σεσαρκωμένον
1579 3907 1874 3971 διιστάντες

295 3994 377 4054 εἰς
405 3993 515 4056 δύο,
552 3993 939 4064 παραιτοῦνται
974 3995 1071 4064 μὲν
1105 3996 1202 4066 τὴν
1234 3999 1447 4062 ἕνωσιν,
1482 4001 1776 4066 συνάφειαν
1818 4001 1876 4051 δὲ

296 4084 676 4153 ὀνομάζουσιν,
711 4085 776 4156 ἢν
808 4085 873 4141 ἂν
908 4085 1018 4156 ἔχοι
1049 4087 1212 4157 τυχὸν
1249 4088 1342 4140 καὶ
1381 4088 1567 4158 ἕτερός
1607 4107 1693 4151 τις
1738 4088 1874 4158 πρὸς

295 4175 452 4240 Θεὸν,
487 4176 560 4238 ὼς
586 4176 644 4239 ἐξ
671 4177 870 4248 ἀρετῆς
899 4179 992 4229 καὶ
1025 4177 1297 4248 ἀγιασμοῦ
1332 4181 1609 4249 μονονουχὶ
1659 4179 1875 4233 συνδού-

299 4283 482 4335 μενος,
514 4267 654 4320 κατά
689 4285 752 4336 γε
780 4269 840 4321 τὸ
872 4270 976 4322 ὑπό
1009 4287 1100 4324 του
1125 4269 1233 4322 τῶν
1265 4269 1559 4340 προφητῶν
1588 4270 1764 4340 ὀρθῶς
1795 4273 1874 4324 εί-

299 4359 556 4428 ρημένον,
587 4361 698 4422 τοῖς
738 4360 1128 4414 ἀναπίπτουσιν
1161 4363 1240 4422 είς
1281 4361 1341 4412 τὸ
1390 4361 1664 4431 ῥᾴθυμον·
1703 4363 1872 4414 (Συν-

293 4451 498 4521 άχθητε
544 4452 635 4505 καὶ
673 4453 981 4524 συνδέθητε,
1026 4453 1086 4506 τὸ
1119 4453 1267 4516 ἔθνος
1297 4451 1355 4504 τὸ
1391 4453 1730 4518 ἀπαίδευτον,
1767 4455 1874 4525 πρὸ

1990 3259 2188 3326 quibus
2217 3259 2564 3327 prmdicatur,
2595 3261 2688 3316 sed
2721 3262 2896 3331 potius
2921 3261 3192 3332 signiﬁcat
3235 3279 3559 3321 concursum

1991 3351 2041 3405 iu
2082 3367 2246 3404 unum
2271 3366 2618 3422 corum-qua:
2659 3354 2807 3406 unita
2855 3367 2978 3409 esse
3017 3355 3410 3426 intelliguntur.
3459 3357 3566 3413 Sed

1989 3455 2164 3512 neque
2202 3442 2255 3495 in
2290 3443 2602 3498 universum
2654 3443 2855 3498 dicitur
2896 3459 3064 3499 unum
3116 3444 3460 3500 solummodo
3509 3446 3563 3501 id

1987 3533 2126 3603 quod
2164 3533 2390 3601 simplex
2418 3543 2521 3596 est,
2549 3543 2710 3602 atque
2739 3535 2897 3590 unius
2927 3535 3150 3604 speciei,
3184 3551 3376 3591 verum
3397 3539 3564 3593 etiam

1987 3637 2050 3676 ea
2087 3637 2208 3691 quae
2247 3637 2312 3676 ex
2357 3623 2568 3676 duobus
2627 3631 2720 3677 aut
2768 3625 2932 3677 etiam
2996 3625 3244 3694 pluribus
3275 3626 3440 3682 etiam
3483 3629 3566 3683 di-

1985 3729 2267 3768 versarum
2307 3715 2612 3783 specierum
2644 3715 2940 3785 composita
2979 3725 3123 3770 sunt.
3167 3717 3244 3772 ita
3273 3717 3418 3772 enim
3447 3725 3563 3773 sta-

1988 3817 2144 3862 tuunt
2182 3808 2374 3861 harum
2403 3821 2582 3861 rerum
2608 3808 2806 3876 'periti.
2849 3808 3370 3865 Fratululentissime
3400 3811 3564 3880 igitur

1986 3913 2150 3951 unum
2183 3906 2237 3950 et
2273 3907 2464 3948 natura
2515 3904 2572 3949 et
2623 3910 2749 3948 vere
2797 3896 2992 3948 Filiqu
3036 3899 3307 3952 hominem
3351 3900 3557 3954 factum

1984 3994 2146 4051 atque
2187 3984 2524 4035 incarnatum
2567 3982 2964 4051 distinguentes
2999 3986 3052 4038 in
3096 3987 3223 4052 duo,
3287 3989 3553 4046 unitatem

1983 4075 2200 4142 quidem
2248 4073 2594 4138 detrectant,
2651 4075 3089 4144 conjunctionem
3132 4093 3263 4134 vero
3312 4091 3506 4137 vocant
3538 4123 3556 4150 ,

1983 4179 2144 4234 quam
2173 4165 2404 4219 fortasse
2430 4164 2592 4219 etiam
2621 4165 2757 4219 alius
2789 4167 3058 4236 quispiam
3087 4185 3207 4225 cum
3244 4172 3353 4227 Deo
3373 4172 3556 4242 habet,

1984 4265 2169 4326 utpote
2203 4255 2399 4310 virtute
2435 4271 2499 4312 ac
2527 4259 2960 4315 sanctiﬁcatione
3005 4269 3328 4318 tantumnon
3361 4266 3410 4319 ei
3443 4265 3557 4320 col-

1982 4350 2200 4418 ligatus,
2229 4349 2382 4418 juxta
2424 4347 2552 4404 illud
2583 4361 2733 4405 recte
2759 4366 2786 4405 a
2815 4351 3100 4422 prophetia
3129 4354 3332 4411 dictum
3367 4356 3432 4413 iis
3463 4360 3556 4427 qui

1981 4444 2045 4496 ad
2091 4442 2357 4510 ignaviam
2392 4442 2754 4497 devolvuntur
2781 4459 2846 4497 ι.‹
2887 4445 3322 4518 Congregamini,
3355 4459 3406 4505 et
3445 4450 3555 4505 col-

293 4544 389 4596 τοῦ
421 4544 670 4612 γενέσθαι
714 4546 857 4616 ὑμᾶς
903 4547 977 4608 ὡς
1010 4545 1168 4608 ἄνθος
1210 4546 1640 4616 παρερχόμενον.
1683 4565 1702 4597 ι
1742 4547 1871 4599 Συν-

1984 4534 2250 4602 ligamini,
2286 4551 2417 4604 gens
2449 4537 2722 4605 imperita,
2751 4547 3038 4608 antequam
3073 4537 3215 4594 ﬁalis
3249 4554 3344 4595 vos
3373 4551 3432 4596 ut
3456 4541 3554 4598 llos

293 4635 520 4688 άπτοιτο
547 4637 589 4688 δ’
631 4637 696 4690 ἂν
750 4639 843 4691 καὶ
893 4637 1139 4706 μαθητὴς
1186 4637 1489 4708 διδασκάλῳ
1537 4639 1676 4692 κατά
1707 4655 1771 4706 γε
1818 4639 1879 4692 τὸ

295 4727 611 4797 φιλομαθὲς,
646 4729 740 4781 καὶ
771 4731 932 4799 ἡμεῖς
965 4729 1232 4799 ἀλλήλοις,
1266 4730 1326 4781 οὑ
1372 4730 1494 4782 καθ’
1525 4729 1619 4782 ἕνα
1650 4730 1873 4800 τρόπον,

299 4818 426 4871 *ἱλλά
459 4819 705 4882 πολλοὺς.
746 4821 818 4872 Ἦ
849 4821 988 4889 τάχα
1018 4837 1120 4872 που
1159 4821 1252 4872 καὶ
1284 4822 1312 4872 6
1339 4819 1493 4873 τοῦδέ
1537 4837 1681 4883 τινος
1733 4822 1875 4892 πρά·

289 4926 495 4980 γματος
541 4911 833 4978 ὑπουργὸς,
870 4913 969 4964 οὑκ
1018 4910 1298 4981 ἀσυναφὴς
1350 4911 1490 4964 κατά
1530 4912 1587 4964 τὸ
1628 4913 1875 4966 ἑκούσιον

289 5001 446 5056 νοοῖτ’
477 5001 541 5055 ἂν
573 5002 798 5065 εἰκότως
829 5002 906 5072 τῷ
937 5002 1154 5055 λαϐόντι
1185 5003 1321 5073 πρὸς
1354 5003 1674 5074 ὑπουργίαν.
1716 5006 1780 5057 Ὃ
1811 5004 1868 5056 δὲ

263 5083 494 5160 ἷμᾶλλον
526 5091 702 5145 ἔοικεν
731 5095 764 5163 ὴ
789 5093 940 5164 παρὰ
960 5093 1067 5146 τῶν
1091 5095 1426 5165 καινοτόμων
1447 5097 1579 5166 ἡμῖν
1607 5097 1869 5165 συνάφεια

262 5183 500 5256 ίδηλοῦν.
554 5183 820 5237 Διεπύθου
873 5183 981 5254 γάρ
1031 5185 1445 5255 διατεινομένων
1497 5187 1742 5256 ἀμαθῶς,
1787 5188 1867 5240 ὅτι

285 5271 466 5327 λαϐὼν
500 5275 806 5345 ἄνθρωπον,
836 5275 910 5339 ὡς
936 5275 1119 5347 ἕτερόν
1148 5294 1270 5329 τινα
1301 5277 1430 5347 παρ’
1467 5277 1654 5330 ἑαυτὸν
1699 5279 1811 5330 υἱὸν
1842 5281 1870 5331 6

282 5361 417 5425 Θεὸς
457 5364 647 5432 Λόγος,
687 5365 956 5434 ὑπουργὸν
996 5365 1184 5435 ὥσπερ
1231 5368 1352 5420 τινὰ
1407 5367 1515 5418 τῶν
1561 5368 1752 5420 ἑαυτοῦ
1786 5369 1872 5422 θε-

283 5452 544 5522 λημάτων
583 5453 864 5522 ἀπέφηνεν
895 5455 1076 5516 αὑτὸν,
1109 5455 1248 5508 ὥστε
1293 5457 1386 5508 καὶ
1413 5457 1642 5510 θανάτου
1677 5460 1870 5526 πεῖραν

283 5542 446 5609 ἑλεῖν,
485 5543 781 5596 ἀναϐιῶναί
814 5561 894 5607 τε,
926 5543 1116 5603 καὶείς
1143 5545 1304 5597 αὑτὸν
1335 5545 1621 5598 ἀνελθόντα
1661 5547 1748 5599 τὸν
1779 5549 1869 5600 οὑ-

287 5633 470 5702 ρανὸν,
501 5636 612 5695 τοῖς
653 5633 750 5700 τῆς
783 5633 1020 5700 ἀρρήτου
1069 5632 1318 5702 θεότητος
1369 5635 1612 5705 ὲνιζῆσαι
1658 5636 1863 5700 θάκοις.

351 5809 402 5843 ⁵⁷
432 5811 578 5868 Psal.
609 5821 774 5872 uxx,
803 5805 889 5859 lO.
969 5807 1012 5837 ⁸⁸
1041 5803 1165 5861 Psal
1196 5823 1330 5873 Lxu,
1373 5809 1425 5865 9.

1505 5810 1571 5842 ‘3'
1599 5809 1618 5861 Ι
1647 5812 1769 5866 Cor.
1837 5827 1914 5880 vt,
1940 5811 2025 5866 l7.

1979 4628 2293 4696 praeteriens
2329 4627 2394 4681 ⁸⁸.
2472 4627 2830 4696 Coujungilnr
2879 4645 3006 4684 vero
3040 4633 3204 4685 etiam
3255 4633 3553 4702 discipulus

1977 4719 2241 4788 magistro
2277 4719 2486 4773 ratione
2514 4721 2802 4774 docilitatis
2828 4739 2841 4786 ;
2866 4729 2919 4774 ct
2948 4736 3047 4775 nos
3081 4722 3220 4805 alter
3245 4723 3405 4778 alteri
3441 4739 3545 4778 non
3593 4759 3598 4766 -

1975 4824 2080 4863 uno
2115 4811 2296 4875 modo,
2355 4811 2447 4865 sed
2497 4811 2764 4881 pluribus.
2824 4811 2889 4865 Et
2915 4812 3007 4882 qui
3067 4813 3295 4880 alicujus
3343 4817 3547 4885 negotii

1972 4902 2188 4972 adjutor
2217 4911 2328 4969 est,
2385 4917 2490 4956 non
2536 4913 2714 4972 potest
2753 4905 2946 4960 merito
2985 4905 3287 4974 disjunclus
3331 4907 3546 4963 censeri

1974 4995 2186 5050 ratione
2218 4997 2514 5051 voluntatis
2568 4997 2636 5051 ab
2682 5012 2748 5051 eo
2797 4997 2886 5066 qui
2933 4999 3108 5066 ipsum
3145 5000 3195 5053 iu
3234 4999 3542 5070 adjutorem

1976 5087 2202 5156 accepit.
2239 5086 2350 5142 [ioc
2372 5098 2552 5141 autem
2580 5089 2758 5157 potius
2785 5089 2998 5144 videtur
3019 5091 3132 5146 haec
3162 5091 3541 5148 innovatorum

1975 5179 2286 5248 conjunctio
2337 5179 2664 5249 significare.
2713 5179 2928 5235 Audisti
2975 5183 3118 5236 enim
3147 5197 3242 5238 eos
3296 5185 3546 5253 imperite

1976 5269 2364 5325 contendentes
2390 5309 2405 5334 ,
2439 5271 2578 5338 quod
2607 5271 2746 5325 Deus
2781 5269 3038 5338 Verbum,
3077 5284 3300 5342 accepto
3327 5275 3544 5330 homine

1975 5370 2229 5429 tanquam
2259 5360 2366 5416 alio
2405 5361 2636 5430 quodam
2671 5377 2735 5415 ac
2777 5361 2992 5416 diverso
3029 5377 3060 5417 a
3105 5377 3165 5418 se
3197 5363 3327 5430 filio,
3377 5363 3541 5420 veluti

1972 5453 2272 5522 adjutorem
2334 5453 2622 5522 quemdam
2679 5463 2842 5521 atque
2868 5463 3245 5510 exsecuwrem
3293 5471 3405 5510 suae
3448 5469 3541 5510 vo-

1968 5545 2192 5599 luntatis
2223 5545 2396 5615 ipsum
2427 5545 2733 5610 constituit,
2762 5545 2832 5599 ita
2867 5554 2926 5600 ut
2970 5557 3024 5599 et
3054 5557 3282 5601 mortem
3312 5547 3488 5622 obiret
3519 5584 3537 5611 ,

1969 5646 2023 5691 et
2057 5637 2426 5701 revivisceret,
2463 5645 2625 5704 atque
2656 5637 2709 5692 in
2745 5636 2940 5692 coelum
2985 5637 3210 5707 relatus,
3251 5625 3538 5694 ineﬂ‘abilis

2105 5813 2149 5847 ⁸³
2185 5813 2423 5884 Sephon.
2459 5829 2517 5881 lt,
2553 5814 2604 5880 l,
2633 5815 2686 5868 2.
