4078 6264
560 405 582 462 1
594 401 695 462 287

1579 394 1635 448 S.
1676 391 1949 450 CVBILLI
1992 392 2457 449 ALEXANDBINI
2499 393 2813 470 ABCHIEP.

3689 393 3824 451 £288

557 523 782 576 deitatis
809 519 949 576 solio
980 516 1261 576 insideret.
1309 510 1502 567 Nonne
1538 513 1682 568 enim
1717 528 1782 566 ex
1817 513 1902 566 his
1953 513 2134 566 verbis

2268 516 2313 567 Η
2339 514 2447 583 γὰρ
2477 514 2598 584 οὐχὶ
2642 515 2818 583 πάντη
2869 529 2926 565 τε
2962 512 3053 566 καὶ
3098 511 3314 575 πάντως
3357 510 3446 564 διὰ
3488 511 3693 564 τούτων
3721 512 3826 564 τῶν

557 617 806 668 diversus
840 612 999 680 plane
1027 607 1268 664 cernitur
1327 605 1392 658 ab
1451 616 1516 658 eo
1563 603 1653 672 qui
1715 613 1797 658 est
1830 612 2022 657 natura
2084 613 2140 656 et

557 719 685 759 vere
719 703 934 758 Filius?

627 796 690 849 Β.
720 795 975 851 Omnino.

631 885 698 941 Α.
733 887 800 938 At
831 898 952 938 cum
995 879 1164 938 semel
1208 893 1274 936 co
1323 876 1609 932 dementiae
1665 875 2028 942 devenerint,
2082 883 2142 930 ut

559 975 881 1029 existiment
941 983 1105 1046 atque
1136 978 1384 1023 asserunt
1414 981 1520 1020 non
1575 967 1750 1034 ipsum
1800 966 2137 1034 unigenitum

562 1068 654 1121 Dei
724 1066 958 1120 Verbum
1021 1061 1193 1116 nostri
1251 1059 1481 1115 similem
1541 1057 1742 1112 factum
1778 1057 1946 1111 fuisse
1980 1099 1994 1122 ,
2046 1059 2139 1110 sed

561 1157 835 1213 hominem
881 1154 1200 1221 sumpsisse,
1259 1166 1524 1220 quonam,
1566 1150 1816 1212 obsecro,
1855 1149 2015 1202 modo
2055 1163 2141 1202 as.

560 1249 923 1318 sumptionem
986 1248 1124 1299 hanc
1182 1260 1210 1297 a
1261 1243 1416 1297 nobis
1467 1241 1688 1308 intelligi
1733 1240 1960 1293 volunt?
1987 1241 2142 1294 Aune

559 1351 618 1395 ut
686 1342 941 1395 edoctum
994 1353 1058 1391 ac
1128 1336 1471 1404 designatum
1527 1334 1594 1387 ab
1675 1333 1792 1399 ipso
1850 1331 1916 1383 ad
1989 1341 2146 1384 etse-

559 1433 830 1501 queudum
864 1430 1066 1494 aliquid
1121 1427 1264 1496 quod
1306 1429 1404 1496 ipsi
1455 1425 1696 1493 placeret
1729 1440 1744 1476 :
1773 1423 1999 1492 perinde
2031 1421 2145 1475 fere

528 1537 724 1600 ratque
779 1538 871 1592 per
909 1521 1195 1590 quemdam
1263 1533 1328 1572 ex
1395 1516 1600 1572 sanctis
1679 1513 1959 1584 prophetis
2011 1514 2147 1566 dici-

528 1603 664 1677 ltur
700 1637 710 1670 :
760 1633 780 1666 ι
813 1615 879 1667 Ει
915 1614 1049 1667 dixit
1082 1610 1340 1666 Dominus
1371 1610 1437 1662 ad
1486 1622 1570 1662 me
1601 1624 1615 1660 :
1655 1605 1832 1669 Vade,
1885 1607 2143 1674 propheta

565 1707 727 1778 735
776 1706 840 1758 ad
889 1703 1140 1772 populum
1186 1716 1368 1755 meum
1407 1699 1572 1754 Israel
1602 1698 1686 1751 9°?
1718 1715 1736 1747 ι
1777 1697 1854 1751 Ex
1900 1698 2147 1766 capt-ario

564 1798 708 1850 enim
747 1795 1062 1863 prophetam
1117 1791 1337 1856 eﬂ‘ecit,
1387 1801 1444 1844 et
1497 1790 1881 1843 mandatorum
1920 1803 2143 1842 suorum

572 1896 948 1942 exsecutorem
989 1884 1314 1954 designavit.

639 1977 697 2029 Β.
753 1976 1001 2029 Dixerint
1047 1973 1280 2028 fortasse
1336 1986 1440 2026 non
1505 1972 1610 2026 hac
1662 1984 1886 2041 prorsus
1936 1969 2149 2024 ratione

567 2069 763 2123 factam
798 2081 918 2120 esse
953 2066 1405 2132 assumptionem,
1442 2064 1534 2118 sed
1589 2064 1662 2116 ita
1710 2072 1768 2115 ut
1819 2061 2157 2130 intelligitur-

569 2176 598 2214 a
633 2159 790 2213 nobis
817 2157 946 2211 illud
992 2171 1006 2210 :
1061 2175 1079 2208 ι
1115 2155 1368 2211 Formam
1395 2156 1536 2210 servi
1563 2154 1930 2223 accipiens“.
1971 2171 1989 2204 ι

640 2255 706 2308 Α.
765 2252 905 2321 Ergo
951 2251 1252 2304 secundum
1306 2248 1568 2302 unitatem
1624 2245 1974 2307 indivulsam,
2024 2258 2152 2310 pro-

569 2344 747 2412 prium
779 2340 982 2394 factum
1011 2354 1135 2394 esse
1169 2339 1221 2392 id
1255 2339 1398 2405 quod
1457 2345 1732 2404 sumptum
1781 2343 1864 2388 est
1903 2333 2022 2401 ejus
2062 2333 2153 2401 qui

572 2435 804 2503 accepit,
841 2433 1032 2487 merito
1064 2431 1372 2485 censebitur
1411 2445 1424 2480 :
1461 2430 1532 2483 ita
1575 2437 1632 2482 ut
1677 2437 1732 2481 et
1785 2428 1927 2480 Deus
1959 2426 2031 2479 sit
2065 2423 2154 2480 Je-

573 2543 685 2589 sus,
715 2536 772 2579 et
821 2524 931 2577 veri
967 2521 1058 2576 Dei
1102 2521 1292 2586 Filius,
1325 2533 1601 2588 unumque
1649 2532 1714 2572 ac
1743 2519 1919 2571 solum
1985 2525 2045 2570 ut
2087 2532 2155 2570 ex

579 2620 688 2673 Deo
715 2618 878 2683 Patre
910 2613 1184 2678 Verbum;
1235 2613 1449 2682 genitus
1486 2611 1703 2680 quidem
1740 2610 1999 2665 divinitus
2030 2618 2156 2662 ante

576 2709 756 2761 omnia
785 2705 981 2760 saecula
1014 2712 1068 2757 et
1099 2713 1364 2771 tempora,
1393 2700 1705 2755 novissimis
1731 2710 1912 2754 autem
1959 2697 2144 2753 saeculi

579 2799 909 2868 temporibus
943 2798 1080 2850 idem
1113 2795 1405 2849 secundum
1432 2808 1648 2847 carnem
1681 2808 1748 2847 ex
1780 2792 2026 2846 muliere.

652 2891 708 2944 Β.
739 2889 922 2958 Neque
949 2887 1095 2942 enim
1135 2893 1254 2941 erat
1278 2886 1502 2939 alterius
1529 2882 1831 2953 cuiuspiam
1858 2922 1874 2948 ,
1917 2885 2010 2938 sed
2068 2882 2154 2952 ip-

577 2983 690 3039 sius
719 2981 858 3034 facta
891 2988 974 3034 est
1009 2979 1150 3033 servi
1179 2976 1371 3031 forma.

647 3076 712 3129 A.
744 3072 1025 3140 Quomodo
1047 3069 1168 3126 ais?
1197 3072 1374 3134 Anne,
1408 3071 1660 3132 obsecro,
1725 3069 1775 3122 id
1814 3071 1953 3138 quod
1970 3077 2160 3123 natura

2241 608 2416 675 λόγων
2447 607 2633 677 ἕτερος
2673 605 2748 658 ὢν
2781 606 2972 676 ὁρᾶται
3008 603 3288 667 παντελῶς
3339 604 3490 674 παρὰ
3533 603 3625 658 τὸν
3671 601 3826 671 φύσει

2241 701 2336 752 καὶ
2372 699 2588 770 άληθῶς
2617 699 2742 752 Υῑόν
2763 715 2778 763 ;

2314 792 2373 842 Β.
2413 791 2580 860 Φημί.

2313 887 2376 942 Α.
2431 885 2647 955 Ἐπειδὴ
2689 885 2746 938 δὲ
2791 881 2936 948 ἅπαξ
2971 883 3052 945 είς
3098 880 3258 934 τοῦτο
3316 878 3655 934 κατώλισθον
3691 878 3828 949 ἀμα-

2243 973 2384 1038 Θίας,
2421 975 2495 1037 ὡς
2539 973 2744 1028 οἴεσθαί
2791 991 2848 1026 τε
2902 973 2998 1027 καὶ
3029 972 3211 1040 λέγειν
3253 972 3353 1025 οὐκ
3392 971 3554 1032 αὐτὸν
3583 970 3831 1038 γενέσθαι

2247 1067 2445 1136 μᾶλλον
2487 1066 2609 1119 καθ’
2653 1068 2803 1136 ἡμᾶς
2853 1066 2944 1119 τὸν
2997 1063 3260 1136 μονογενῆ
3307 1062 3400 1116 τοῦ
3443 1063 3581 1116 Θεοῦ
3640 1063 3830 1131 Λόγον,

2244 1157 2528 1227 ἄνθρωπον
2554 1157 2609 1210 δὲ
2639 1156 2820 1210 λαϐεῖν
2842 1173 2856 1187 ·
2881 1156 3025 1209 κατὰ
3049 1158 3202 1208 ποῖον
3229 1157 3336 1226 ἄρα
3369 1155 3612 1207 νοεῖσθαι
3633 1155 3832 1224 τρόπον

2244 1250 2489 1303 ἐθέλουσι
2528 1251 2662 1321 πρὸς
2712 1250 2868 1320 ἡμῶν
2912 1248 3012 1320 τὴν
3051 1248 3353 1318 ἀνάληψιη
3404 1243 3552 1318 *Αρα
3601 1247 3734 1316 γὰρ,
3765 1247 3831 1310 ὡς

2246 1341 2698 1413 προχειρισθέντα
2739 1343 2864 1412 παρ’
2914 1340 3079 1396 αὐτοῦ
3115 1339 3250 1412 πρὸς
3292 1357 3358 1408 γε
3393 1339 3455 1392 τὸ
3483 1340 3596 1392 δεῖν
3626 1341 3819 1392 ἀποπε·

2250 1434 2406 1506 ρᾶναί
2449 1451 2503 1487 τι
2547 1434 2654 1485 τῶν
2698 1431 2840 1486 κατὰ
2869 1433 3094 1503 γνώμην
3136 1432 3305 1501 αὐτῷ,
3339 1431 3592 1501 καθάπερ
3646 1430 3832 1499 ἀμέλει

2248 1526 2342 1578 καί
2379 1525 2497 1588 ἑνὸς
2534 1524 2640 1576 τῶν
2675 1525 2844 1591 ἁγίων
2888 1523 3218 1594 προφητῶνο
3259 1542 3278 1574 ι
3325 1523 3438 1574 Καὶ
3469 1516 3590 1572 εἷπε
3631 1520 3835 1589 Κύριος

2249 1615 2384 1685 πρός
2421 1631 2487 1683 με
2510 1629 2522 1642 ⁸
2559 1613 2769 1678 Βάδιζε,
2802 1613 3176 1683 προφήτευσον
3204 1610 3296 1662 ἐπὶ
3337 1612 3427 1661 τὸν
3456 1608 3583 1660 λαόν
3613 1624 3715 1675 μου
3747 1607 3834 1658 τὸν

2262 1707 2513 1778 Ἰσραήλς
2551 1726 2571 1759 ι
2615 1707 2846 1759 Αῐπόλον
2876 1705 2984 1777 γάρ
3012 1705 3160 1768 ὄντα,
3201 1703 3491 1774 προφήτην
3518 1694 3706 1765 ἐτίθει,
3743 1700 3834 1751 καὶ

2248 1798 2357 1851 τῶν
2391 1797 2586 1852 ἑαυτοῦ
2611 1796 2932 1867 θελημάτων
2961 1794 3232 1865 ὑπουργὸν
3262 1793 3584 1858 ἀπέστειλε;

2323 1979 2385 2031 Β.
2425 1979 2588 2030 Φαῖεν
2633 1975 2700 2029 ἂν
2733 1976 2862 2038 ἴσως
2902 1974 2991 2042 οὐχ
3037 1965 3137 2026 ὧδέ
3185 1987 3287 2025 που
3324 1970 3541 2033 πάντως
3583 1968 3835 2036 γενέσθαι

2253 2071 2350 2140 τὴν
2385 2069 2569 2138 λῆψιν,
2613 2069 2726 2121 ἀλλ’
2756 2067 2831 2130 ὡς
2860 2067 2924 2120 ἂν
2953 2067 3130 2120 νοοῖτο
3160 2064 3295 2135 πρὸς
3324 2062 3480 2134 ἡμῶν
3510 2063 3568 2116 τὸ
3589 2101 3606 2125 ,
3635 2081 3653 2112 ‹
3686 2063 3835 2130 hisp.

2256 2163 2360 2232 φὴν
2396 2160 2580 2214 δούλου
2611 2159 2810 2213 λαϐών.
2851 2177 2869 2210 ι

2325 2254 2390 2306 Α.
2435 2251 2643 2305 Οὐκοῦν
2693 2250 2813 2316 καθ’
2855 2249 3048 2302 ἕνωσιν
3084 2243 3473 2310 ἀδιάσπαστον,
3512 2241 3642 2298 ἴδιον
3680 2260 3834 2311 γεγο-

2256 2345 2345 2408 νὸς
2377 2343 2473 2396 τοῦ
2504 2343 2759 2406 λαϐόντος
2789 2343 2848 2395 τὸ
2895 2341 3119 2412 ληφθὲν,
3167 2341 3323 2393 νοοῖτ’
3357 2339 3422 2392 ἂν
3467 2338 3716 2401 εἰκότως,
3761 2338 3835 2400 ti);

2258 2437 2354 2490 καὶ
2383 2437 2512 2488 Θεὸν
2552 2432 2690 2488 εἶναι
2717 2435 2807 2488 τὸν
2847 2433 3074 2505 Ἰησοῦν,
3106 2432 3200 2485 καὶ
3238 2429 3373 2484 Θεοῦ
3418 2429 3513 2482 τοῦ
3541 2429 3681 2482 κατὰ
3712 2429 3838 2498 ἁλή-

2258 2525 2406 2580 θειαν
2448 2525 2593 2587 Υίὺν,
2638 2524 2734 2577 ἕνα
2775 2541 2834 2577 τε
2881 2523 2974 2577 καὶ
3023 2521 3200 2593 μόνον,
3237 2519 3312 2583 ὡς
3344 2521 3408 2574 ὲκ
3455 2519 3590 2572 Θεοῦ
3627 2519 3835 2588 Harp-bc

2257 2618 2449 2684 Λόγον,
2483 2616 2812 2686 γεννηθέντα
2863 2615 2963 2684 μὲν
3001 2612 3194 2675 θεῖκῶς
3244 2610 3350 2680 πρὸ
3397 2609 3597 2672 παντὸς
3645 2609 3836 2670 αἰῶνος

2260 2709 2353 2762 καὶ
2385 2709 2601 2780 χρόνου,
2639 2709 2696 2760 έν
2744 2706 2992 2776 ἐσχάτοις
3020 2704 3076 2756 δὲ
3107 2702 3200 2756 τοῦ
3241 2700 3438 2765 αἰῶνος
3480 2703 3715 2771 καιροῖς,
3750 2699 3838 2752 τὸν

2259 2799 2420 2853 αὑτὸν
2445 2797 2586 2852 κατὰ
2618 2798 2794 2869 σάρκα
2837 2799 2901 2850 ἐκ
2931 2795 3210 2865 γυναικός.

2333 2894 2393 2946 Β.
2436 2891 2509 2945 Οὐ
2541 2891 2650 2962 γὰρ
2675 2887 2742 2961 ἦν
2773 2891 2958 2960 ἐτέρου
2995 2889 3161 2951 τινὸς,
3202 2885 3317 2940 ἀλλ’
3348 2877 3512 2940 αὐτοῦ
3546 2884 3779 2955 γέγονεν
3806 2888 3841 2955 ὴ

2259 2984 2353 3037 τοῦ
2386 2982 2570 3035 δούλου
2605 2981 2807 3052 μορφή.

2331 3078 2396 3129 Λ.
2439 3073 2564 3135 Πῶς
2607 3073 2775 3142 ἑφης;
2818 3066 3127 3142 τΛραγὰρ,
3172 3074 3292 3127 εἰπέ
3330 3090 3440 3143 μοι,
3466 3071 3529 3124 τὸ
3567 3074 3634 3142 τῇ
3685 3071 3845 3140 φύσει

579 3181 792 3222 servum
844 3173 973 3229 est,
1032 3163 1245 3217 dicatur
1293 3177 1399 3214 non
1449 3161 1685 3215 absurde
1730 3161 1960 3214 formam
2013 3161 2158 3216 servi

2264 3164 2468 3225 δοῦλον,
2505 3161 2702 3230 λέγοιτ’
2733 3160 2800 3214 ἂν
2835 3161 2932 3214 οὐκ
2978 3161 3335 3224 ἀπεοικότως,
3387 3160 3604 3231 μορφὴν
3653 3159 3842 3212 δούλου

579 3258 892 3324 accepisse;
933 3271 1000 3309 an
1029 3269 1160 3308 vero
1211 3254 1264 3308 id
1306 3254 1451 3322 quod
1498 3267 1624 3307 vere
1659 3252 1892 3306 liberum
1921 3262 2006 3308 est
2035 3291 2050 3316 ,
2105 3262 2160 3308 et

2263 3257 2465 3321 λαϐεῖν,
2496 3255 2528 3326 ἢ
2560 3255 2621 3308 τὸ
2650 3252 2935 3322 ἐλεύθερον
2961 3251 3196 3323 ἀληθῶς,
3225 3253 3449 3306 καὶτῶν
3474 3251 3576 3321 τῆς
3601 3251 3846 3313 δουλείας

581 3347 765 3404 servili
795 3345 1106 3401 conditione
1128 3345 1498 3398 essentialiter
1540 3343 1791 3411 superius
1820 3344 1844 3396 ?

652 3438 716 3492 B.
747 3437 802 3492 Id
841 3438 984 3506 quod
1037 3437 1266 3490 liberum
1317 3443 1403 3490 est
1438 3435 1767 3489 censuerim.
1817 3435 1969 3501 Quod
2015 3435 2159 3494 enim

581 3538 702 3584 erat
727 3539 942 3592 natura,
968 3543 1076 3596 quo
1109 3537 1270 3597 pacto
1292 3525 1526 3596 amplius
1556 3526 1653 3580 ﬁat
1682 3526 1705 3579 ?

651 3619 718 3673 A.
746 3617 1131 3672 Animadverte
1151 3619 1330 3687 itaque
1349 3617 1512 3686 quod,
1534 3626 1748 3672 tametsi
1774 3618 1944 3672 nostri
1974 3618 2154 3671 simile

585 3712 787 3766 iactum
823 3719 908 3764 est
939 3709 1274 3777 unigenitum
1322 3709 1418 3762 Dei
1477 3709 1746 3774 Verbum,
1806 3718 1860 3763 et
1909 3711 2163 3764 servilem

583 3802 953 3858 conditionem
983 3799 1214 3854 subierit
1240 3799 1453 3854 ratione
1485 3799 1843 3853 humanitatis
1873 3837 1889 3863 ,
1944 3809 2166 3853 natura-

587 3894 692 3948 lem
725 3905 905 3948 tamen
926 3907 1079 3946 suam
1105 3891 1412 3946 libertatem
1445 3889 1768 3945 testiﬁcatus
1793 3901 1876 3946 est
1895 3891 1945 3944 in
1971 3891 2164 3946 drach-

592 4001 804 4042 marum
861 3985 1206 4049 collationes,
1251 3983 1438 4038 dicens
1493 4001 1507 4037 :

593 4079 688 4133 lilii
724 4079 796 4132 ”.

584 4169 947 4225 'exininationi
995 4183 1208 4223 annexa
1255 4178 1385 4224 sunt
1416 4168 1520 4222 sibi
1569 4169 1874 4234 asciscens,
1921 4179 1977 4224 et
2012 4170 2166 4226 simi-

589 4260 875 4316 litudinem
905 4259 1079 4312 nostri
1108 4273 1214 4312 non
1243 4267 1589 4327 aspernatus.
1637 4258 1823 4327 Neque
1869 4263 2014 4316 enim
2053 4261 2166 4315 fieri

591 4356 806 4420 poterat
849 4355 907 4401 ut
943 4347 1047 4400 alia
1083 4347 1295 4400 ratione
1337 4348 1571 4401 servitus
1603 4363 1725 4401 cum
1773 4349 1980 4406 honore
2014 4366 2167 4405 com-

593 4445 912 4502 mutaretur,
937 4437 1042 4491 nisi
1071 4437 1120 4490 id
1147 4438 1290 4506 quod
1324 4439 1575 4493 servituti
1601 4443 1859 4494 convenit
1885 4444 2166 4512 proprium

592 4529 765 4599 ipsius
811 4528 1018 4582 factum
1063 4527 1278 4594 fuisset,
1318 4537 1377 4582 ut
1421 4537 1476 4584 et
1507 4529 1680 4600 ipsius
1724 4532 1894 4602 gloria
1928 4533 2165 4590 illustra-
2197 4567 2246 4627 Β

591 4630 760 4676 retur.
794 4618 973 4674 Vincit
999 4620 1144 4674 enim
1174 4633 1390 4688 semper
1419 4620 1471 4675 id
1501 4623 1644 4690 quod
1682 4626 2029 4692 prmstantius
2051 4636 2157 4692 est,

592 4725 647 4768 et
677 4713 952 4778 turpitudo
981 4725 1048 4766 ex
1075 4712 1343 4766 servitute
1387 4719 1508 4767 orta
1560 4715 1612 4768 in
1650 4715 1806 4769 nobis
1833 4716 2031 4771 abolita
2061 4729 2164 4773 est.

587 4803 790 4864 Factus
825 4786 980 4861 enini
1001 4804 1173 4860 nostri
1202 4803 1421 4868 similis,
1472 4804 1563 4871 qui
1598 4806 1758 4861 nobis
1784 4809 2032 4876 superior
2062 4819 2168 4875 est,

593 4907 648 4952 et
671 4896 924 4952 servilem
954 4895 1322 4950 conditionem
1355 4895 1526 4950 subiit
1555 4897 1649 4965 qui
1677 4909 1865 4952 natura
1897 4901 2163 4957 estliber.

595 4988 804 5043 idcirco
832 4987 995 5043 etiam
1031 4988 1082 5041 in
1126 5001 1226 5042 nos
1249 4987 1487 5056 dignitas
1513 5001 1808 5061 prapagata
1839 5001 1944 5045 est.
1985 4991 2168 5046 Vocati

593 5081 739 5137 enim
775 5095 966 5137 sumus
986 5091 1042 5136 et
1068 5095 1172 5137 nos
1196 5080 1292 5136 ﬁlii
1326 5079 1446 5146 Dei,
1474 5091 1529 5134 et
1557 5080 1772 5136 Patrem
1805 5083 1963 5138 nobis
1994 5086 2168 5139 vindi-

595 5174 862 5236 cavimus,
881 5173 972 5242 qui
989 5173 1341 5243 peculiariter
1356 5172 1525 5241 ipsius
1545 5171 1819 5227 est.Facta
1839 5175 1982 5228 enim
2003 5177 2168 5228 etiam

598 5266 766 5336 ipsius
801 5281 922 5335 qua:
952 5266 1232 5320 hominum
1268 5265 1488 5334 propria
1539 5274 1715 5319 erant.
1778 5264 2012 5320 Proinde
2046 5281 2169 5320 cum

598 5358 829 5414 dicimus
859 5371 981 5412 eum
1019 5355 1246 5412 formam
1292 5356 1436 5411 servi
1490 5358 1806 5426 accepisse,
1853 5357 2165 5411 universum

599 5448 654 5503 in
687 5463 750 5504 eo
784 5447 1272 5502 administrationis
1324 5446 1376 5500 iu
1408 5462 1572 5502 carne
1623 5447 1942 5516 mysterium
1997 5447 2172 5502 conti-

600 5547 779 5592 netur.
822 5535 878 5592 Si
912 5551 1040 5591 vero
1068 5536 1263 5590 Filium
1294 5535 1632 5604 proﬁtentes,
1666 5551 1833 5590 unum
1887 5545 1943 5589 et
1984 5534 2171 5590 Domi-

1568 4000 1586 4034 t
1632 3981 1774 4054 Ergo
1832 3983 1988 4038 liberi
2040 3994 2168 4040 sunt

849 4096 868 4139 ι
924 4076 1165 4146 Suscipit
1214 4076 1399 4146 itaque
1447 4076 1587 4131 servi
1635 4075 1886 4143 formam,
1941 4092 2004 4132 ea
2048 4093 2168 4147 quae

2267 3342 2478 3413 μέτρων
2504 3339 2776 3401 οὐσιωδῶς
2804 3338 3060 3405 ἀνωτέρω
3090 3336 3374 3407 κείμενον;

2333 3435 2394 3488 Β.
2435 3432 2510 3486 Τὸ
2533 3431 2814 3502 ἐλεύθερον
2843 3427 2994 3501 οἶμαί
3023 3447 3148 3484 που.
3189 3432 3254 3482 Ὃ
3283 3430 3390 3499 γάρ
3418 3424 3485 3500 ἦν
3518 3428 3700 3498 φύσει,
3730 3430 3845 3488 πῶς

2265 3523 2330 3578 ἂν
2363 3524 2574 3592 γένοιτο
2604 3522 2682 3576 ἔτι
2708 3540 2723 3590 ;

2332 3620 2410 3684 Α..
2444 3614 2633 3685 ’Λθρει
2661 3614 2724 3684 δὴ
2749 3610 2863 3677 οὖν,
2907 3613 3013 3676 ὅτι,
3054 3615 3228 3668 καίτοι
3258 3611 3378 3667 καθ’
3404 3613 3553 3684 ἡμᾶς
3603 3611 3847 3680 γεγονὼς

2265 3707 2294 3760 ὁ
2330 3708 2623 3778 μονογενὴς
2665 3704 2761 3760 τοῦ
2799 3705 2935 3760 Θεοῦ
2977 3706 3168 3775 Λόγος,
3205 3709 3299 3761 καὶ
3326 3710 3440 3770 τοῖς
3475 3707 3571 3777 τῆς
3604 3705 3851 3768 δουλείας

2269 3797 2487 3867 μέτροις
2534 3796 2860 3867 ἐμϐεϐηκὼς
2904 3797 3046 3850 κατὰ
3084 3796 3144 3850 τὸ
3187 3796 3558 3867 ἀνθρώπινον,
3607 3813 3853 3867 προσμεε

2271 3885 2624 3958 μαρτύρηκεν
2672 3886 2822 3956 αὐτῷ
2852 3886 2913 3940 τὸ
2958 3886 3100 3940 κατὰ
3134 3887 3297 3954 φύσιν
3331 3887 3636 3958 ἐλεύθερον,
3681 3889 3740 3939 ὲν
3785 3889 3850 3957 τῇ

2267 3976 2374 4032 τῶν
2407 3977 2664 4049 δραχμῶν
2701 3979 3029 4049 συνεισφορᾷ
3075 3977 3280 4045 λέγων’
3343 3997 3361 4030 ι
3407 3980 3554 4049 ’Λρα
3597 3996 3665 4048 γε
3699 3978 3852 4032 ἐλεύ-

2269 4069 2417 4140 Θεροί
2451 4072 2584 4124 εἰσιν
2615 4071 2664 4122 οἱ
2693 4069 2797 4122 υἱοί
2808 4109 2819 4124 .
2864 4088 2882 4121 ι
2932 4067 3158 4140 Δέχεται
3181 4070 3361 4124 τοίνυν
3390 4070 3578 4123 δούλου
3613 4071 3854 4141 μορφὴν,

2269 4161 2337 4215 τὰ
2365 4163 2429 4214 ὲκ
2452 4162 2550 4232 τῆς
2577 4161 2857 4226 κενώσεως
2881 4163 3272 4234 οἰκειούμενος,
3298 4163 3393 4216 καὶ
3416 4162 3514 4233 τὴν
3547 4163 3683 4232 πρὸς
3706 4165 3854 4232 ἡμᾶς

2269 4254 2526 4323 ὁμοίωσιν
2569 4255 2670 4307 οὐκ
2693 4255 2989 4325 ἀτιμάσας·
3036 4256 3098 4309 οὐ
3133 4255 3241 4327 γὰρ
3271 4251 3339 4327 ἦν
3372 4256 3576 4327 ἑτέρως
3619 4257 3854 4327 τιμῆσαι

2269 4344 2330 4398 τὸ
2363 4345 2565 4408 δοῦλον,
2597 4346 2644 4398 εἰ
2675 4346 2749 4416 μὴ
2789 4346 3012 4415 γέγονεν
3044 4348 3210 4401 αὑτοῦ
3249 4348 3309 4401 τὸ
3341 4347 3728 4420 δουλοπρεπὲς.
3763 4349 3855 4402 ἵνα

2271 4437 2365 4488 καὶ
2401 4439 2467 4508 τῇ
2513 4437 2642 4507 παρ’
2670 4437 2835 4491 αὐτοῦ
2887 4439 3400 4510 καταλαμπρύνοιτο
3431 4439 3579 4510 δέξῃ,
3626 4443 3756 4513 νικᾲ
3802 4440 3862 4493 δὲ

2271 4528 2333 4582 τὸ
2359 4524 2594 4600 προῦχον
2624 4529 2731 4593 ἀεὶ,
2776 4530 2870 4583 καὶ
2914 4530 2974 4583 τὸ
3015 4533 3081 4585 ὲκ
3113 4531 3210 4602 τῆς
3255 4531 3498 4595 δουλείας
3539 4529 3731 4604 αἶσχος
3776 4532 3864 4603 ἐφ’

2272 4620 2432 4691 ἡμῶν
2480 4623 2793 4692 ἠφανίζετο.
2849 4621 2988 4676 Καθ’
3031 4626 3178 4693 ἡμᾶς
3230 4623 3340 4696 γὰρ
3387 4624 3614 4693 γέγονεν
3657 4629 3688 4680 ὁ
3721 4627 3865 4698 ὑπὲρ

2273 4711 2443 4780 ἡμᾶς,
2476 4711 2570 4764 καὶ
2593 4706 2662 4782 ἦν
2691 4713 2748 4765 ὲν
2787 4710 3004 4783 μέτροις
3037 4715 3151 4778 τοῖς
3179 4714 3473 4778 οἰκετικοῖς
3509 4717 3540 4768 ὁ
3571 4715 3866 4787 ὲλεύθερπ

2277 4801 2458 4870 φύσει.
2492 4802 2760 4873 Ταύτῃτοι
2795 4801 3082 4875 κεχώρηκε
3110 4805 3206 4857 καὶ
3235 4807 3316 4868 είς
3344 4807 3494 4874 ἡμᾶς
3529 4807 3592 4858 τὸ
3616 4784 3889 4876 ἀξίωμα.ἵ

2278 4893 2615 4964 Κεκλήμεοσ.
2637 4894 2740 4965 γὰρ
2773 4894 2867 4947 καὶ
2894 4897 3056 4965 ἡμεῖς
3089 4896 3196 4948 υἱοὶ
3231 4893 3389 4960 Θεοῦ,
3418 4897 3872 4968 ὲπεγραψάμεθά

2275 5001 2336 5036 τε
2364 4985 2583 5056 Πατέρα
2622 4985 2712 5039 τὸν
2755 4985 2938 5050 ἰδικῶς
2969 4985 3156 5043 αὑτοῦ.
3202 4987 3398 5055 Γέγονε
3425 4987 3535 5058 γὰρ
3562 4988 3657 5040 καὶ
3693 4971 3894 5046 αὑτοῦξ

2275 5077 2345 5130 τὰ
2373 5077 2705 5148 ἀνθρώπινα.
2741 5078 2949 5132 Οὐκοῦν
2976 5080 3032 5133 ὲν
3075 5078 3155 5149 τῷ
3191 5079 3443 5144 λέγεσθαι
3473 5079 3663 5134 λαϐεῖν
3695 5062 3897 5134 αὑτὸνΞ

2275 5166 2372 5236 τὴν
2415 5167 2600 5220 δούλου
2655 5169 2888 5239 μορφὴν,
2931 5169 3051 5224 ὅλον
3097 5171 3213 5224 ἐστὶ
3253 5171 3355 5240 τῆς
3403 5172 3718 5242 οἰκονομίας
3759 5168 3867 5238 τῆς

2282 5257 2420 5326 μετὰ
2451 5257 2652 5328 σαρκὸς
2680 5260 2740 5312 τὸ
2775 5261 3093 5330 μυστήριον.
3129 5261 3192 5314 Ei
3219 5261 3278 5314 δὲ
3313 5261 3440 5316 Υἱὸν
3465 5260 3868 5332 ὁμολογοῦντες

2277 5350 2374 5402 ἕνα
2408 5351 2504 5404 καὶ
2535 5351 2759 5417 Κύριον,
2794 5352 2886 5406 τὸν
2918 5353 2983 5405 ὲκ
3021 5352 3156 5406 Θεοῦ
3194 5353 3405 5425 Πατρὺς
3430 5355 3624 5420 Λόγον,
3663 5368 3867 5405 κοινω-

2279 5442 2367 5494 νὸν
2399 5442 2547 5512 αὐτῴ
2576 5442 2676 5513 τῆς
2710 5443 2973 5514 υἱότητος,
3015 5444 3109 5498 καὶ
3139 5444 3321 5514 μέντοι
3348 5445 3444 5513 τῆς
3465 5444 3622 5514 δόξης
3644 5443 3865 5514 ἄνθρω-

2283 5551 2380 5586 πον
2421 5534 2608 5598 ἀτελῶς
2659 5535 2926 5606 συνῆφθαί
2976 5553 3107 5604 φασι
3153 5536 3244 5589 τὸν
3288 5538 3353 5590 ὲκ
3404 5538 3718 5604 σπέρματος
3759 5534 3867 5587 τοῦ

602 5640 750 5691 ιιιιιιι,
786 5624 1015 5682 Verbum
1041 5641 1106 5681 ex
1141 5625 1252 5681 Deo
1299 5623 1480 5690 Patre,
1545 5625 1816 5680 hominem
1857 5624 2163 5694 simplicitel

2283 5622 2465 5690 Δαϐὶδ,
2502 5623 2620 5696 ὥρα
2649 5623 2827 5693 λέγειν
2856 5628 3000 5696 ἡμᾶς
3029 5630 3140 5691 τοῖς
3166 5621 3268 5681 ὦδε
3292 5630 3508 5696 φρονεῖν
3532 5623 3868 5696 ᾑρημένοις,

673 5797 718 5828 ’°
748 5795 950 5854 Jerem.
980 5815 1042 5864 ιι,
1076 5800 1132 5853 2.
1209 5803 1251 5832 ’ί
1277 5800 1505 5868 Philipp.
1540 5818 1597 5866 ιι,
1634 5803 1686 5857 7.
1764 5804 1808 5835 θ’
1844 5761 2032 5858 Matth.
2063 5818 2193 5868 xvii,
2226 5803 2314 5858 25.
