4078 6264
319 351 458 408 1289

1451 342 1642 415 QUOD
1684 343 1872 402 unus
1910 343 2020 399 srr
2060 345 2426 400 CHRISTUS.

3445 347 3577 403 {290

318 466 660 537 φιλαλλήλως
689 464 1181 534 ὲπιστυγνάξοντας
1203 482 1213 495 ·
1239 486 1258 518 ι
1297 467 1390 531 Τίς
1413 467 1572 520 δώσει
1594 471 1659 539 τῇ
1691 465 1898 537 κεφαλῇ

2013 480 2072 520 ex
2097 465 2306 521 semine
2341 465 2507 519 David
2533 463 2738 519 socium
2770 461 3047 518 liliatiouis
3090 471 3250 530 atque
3296 467 3430 518 adeo
3463 465 3578 535 glo-

321 575 420 630 μου
454 557 620 628 ὕδωρ,
656 557 752 610 καὶ
781 559 896 620 τοῖς
931 557 1228 628 ὀφθαλμοῖς
1268 576 1369 628 μου
1405 559 1588 630 πηγὴν
1619 557 1896 630 δακρύων,

317 649 413 704 καὶ
445 649 752 718 κλαύσομαι
776 648 868 701 τὸν
900 648 1028 702 λαόν
1059 666 1160 720 μου
1193 648 1382 703 τοῦτον
1419 651 1630 722 ἡμέρας
1654 650 1749 704 καὶ
1773 668 1900 704 νυκ-

317 741 442 805 τός;
481 739 980 811 Παρεκομίσθησαν
1028 740 1140 811 γὰρ
1189 742 1268 804 εἰς
1307 741 1566 813 ἀδόκιμον
1614 742 1758 810 νοῦν,
1810 743 1903 796 τὸν

319 835 670 904 ἀγοράσαντα
715 834 912 895 αὐτοὺς
944 833 1220 902 Δεσπότην
1277 833 1623 903 ἀρνούμενοι.
1682 853 1702 886 ι
1757 833 1902 899 Δυὰς

318 924 428 993 γὰρ
466 923 596 992 ἡμῖν
624 921 756 974 υίῶν
781 919 1078 992 ἀνισοφυὴς
1105 921 1481 989 ἀναφαίνεται,
1508 923 1604 977 καὶ
1631 923 1758 994 δόξῃ
1788 923 1905 979 Oso-

319 1017 525 1083 πρεπεῖ
592 1011 953 1082 στεφανοῦται
1034 1011 1097 1064 τὸ
1162 1011 1382 1078 δοῦλον,
1441 1014 1535 1067 καὶ
1592 1014 1904 1084 ἰσομέτροις

320 1106 615 1175 ὑπεροχαῖς
659 1102 1104 1174 ὲκλαμπρόνεται
1156 1101 1310 1167 νόθος
1359 1121 1443 1168 τις
1492 1105 1606 1169 υίὸς
1658 1104 1737 1174 τῷ
1767 1104 1905 1158 κατὰ

322 1196 484 1265 φύσιν
521 1196 616 1248 καὶ
656 1195 895 1264 ἀληθῶς.
940 1194 1121 1248 καίτοι
1161 1193 1299 1247 Θεοῦ
1336 1194 1586 1264 λέγοντος
1621 1196 1865 1267 ἐναργῶς
1887 1214 1902 1230 ο

329 1303 348 1338 ι
374 1287 484 1357 Τὴν
513 1287 672 1351 δόξαν
697 1303 799 1357 μου
829 1285 1001 1357 ἑτέρῳ
1027 1286 1093 1337 οὐ
1119 1285 1298 1340 δώσω.
1331 1305 1351 1338 ι
1385 1286 1510 1350 Πῶς
1532 1287 1644 1359 γὰρ
1667 1288 1766 1358 οὐχ
1787 1287 1906 1340 ἓτε-

327 1396 418 1449 ρος
464 1379 644 1442 ίδικῶς
675 1379 827 1450 παρὰ
857 1379 949 1432 τὸν
993 1377 1150 1446 φύσει
1191 1395 1250 1430 τε
1293 1380 1388 1431 καὶ
1434 1379 1649 1449 ἀληθῶς
1698 1379 1846 1446 Υἱὸν,
1876 1381 1906 1433 ό

322 1471 451 1542 ψιλῇ
497 1488 556 1524 τε
611 1473 704 1524 καὶ
767 1470 903 1541 μόνῃ
953 1469 1219 1542 συναφείᾳ
1269 1471 1653 1542 τετιμημένος,
1704 1475 1800 1526 καὶ
1847 1474 1905 1526 ὲν

324 1563 597 1634 ὑπηρέτου
622 1563 771 1627 τάξει
801 1561 1049 1630 ληφθεὶς,
1077 1564 1170 1618 καὶ
1191 1563 1443 1629 ἀξιωθεὶς
1472 1565 1740 1636 υίότητος,
1762 1564 1906 1620 καθὰ

323 1654 417 1706 καὶ
443 1656 604 1723 ἡμεῖς
630 1653 806 1714 αὐτοὶ.
829 1655 923 1707 καὶ
949 1654 1048 1723 τῆς
1075 1656 1206 1725 παρ’
1227 1655 1416 1726 ἐτέρου
1446 1655 1604 1726 δόξης
1639 1674 1904 1728 μετεσχη-

323 1743 458 1808 κὼς,
492 1744 636 1796 δόσει
681 1761 740 1796 τε
790 1746 881 1797 καὶ
935 1745 1116 1817 χάριτι
1168 1747 1305 1818 πρὸς
1335 1747 1494 1803 τοῦτο
1544 1749 1797 1819 ίγμένοςς
1826 1750 1902 1804 Οὐ

2007 559 2085 612 nia
2115 558 2166 613 ei
2194 557 2548 626 coniunctum
2577 571 2698 612 esse
2722 557 2940 618 dicunt,
2997 565 3361 625 opportunum
3418 555 3579 612 lucri"

2005 658 2064 702 ut
2093 665 2194 705 nos
2219 665 2408 704 eorum
2430 650 2520 719 qui
2557 649 2631 703 ita
2670 648 2912 704 sentiunt
2935 648 3131 713 vicem,
3167 665 3264 718 pro
3312 662 3375 703 ea
3429 665 3580 703 com-

2009 740 2368 798 miseratione
2395 755 2562 811 quam
2590 739 2746 795 alteri
2777 740 2964 796 alteris
2993 740 3274 806 debemus,
3314 739 3579 803 dolentes,

2004 833 2410 889 exclamemus:
2457 850 2475 884 ι
2508 833 2640 899 Quis
2682 833 2830 889 dabit
2884 833 3048 903 capiti
3098 846 3218 886 meo
3273 846 3492 901 aquam,
3528 838 3582 884 et

2003 927 2177 982 oculis
2205 927 2340 981 meis
2373 925 2536 996 735
2587 925 2790 982 fontem
2830 925 3218 996 lacrymarum,
3273 935 3330 980 et
3376 923 3582 979 deﬂebo

2005 1018 2261 1089 populum
2290 1033 2470 1073 meum
2501 1019 2644 1074 hunc
2677 1019 2792 1073 dies
2815 1027 2871 1073 et
2899 1019 3133 1073 noctes?
3173 1017 3403 1072 Adducti
3437 1017 3580 1070 enim

2009 1120 2134 1166 sunt
2163 1111 2217 1164 in
2247 1118 2484 1164 mentem
2513 1110 2826 1179 reprobam,
2865 1110 3151 1165 Dominum
3195 1109 3288 1178 qui
3319 1109 3462 1178 ipsos
3496 1122 3583 1162 re-

2009 1199 2177 1255 demit
2205 1208 2468 1270 negantes
2495 1200 2565 1253 ³³.
2605 1218 2624 1250 ι
2664 1199 2988 1254 Dualitatem
3043 1200 3191 1254 enim
3230 1199 3461 1253 ﬁliorum
3493 1199 3578 1254 in-

2005 1289 2230 1360 aequalis
2247 1299 2455 1344 natura:
2468 1288 2828 1354 constituunt,
2845 1299 2900 1343 et
2914 1289 3149 1351 divinam
3173 1289 3396 1358 gloriam
3414 1289 3582 1343 ascri-

2006 1385 2142 1439 bunt
2176 1398 2354 1449 servo,
2392 1381 2700 1453 aequalique
2754 1381 2978 1436 honoris
3021 1380 3343 1436 excellentia
3389 1389 3587 1435 ornant

2010 1476 2254 1546 spurium
2305 1475 2616 1544 quemdam,
2666 1489 2769 1544 qua
2803 1473 3102 1527 naturalem
3155 1487 3220 1526 ac
3257 1487 3447 1527 verum
3495 1470 3586 1526 Fi-

2007 1569 2161 1635 liam,
2194 1583 2320 1623 cum
2337 1567 2537 1637 alioqui
2572 1566 2715 1621 Deus
2738 1563 3034 1620 manifeste
3063 1563 3211 1619 dicat
3239 1581 3256 1619 :
3301 1581 3319 1615 ι
3347 1562 3582 1618 Gloriam

2007 1671 2186 1710 meam
2213 1656 2371 1710 alteri
2405 1672 2509 1710 non
2535 1655 2673 1711 dabo
2702 1655 2770 1708 ³⁸.
2827 1673 2846 1706 ι
2887 1654 3170 1720 Quomodo
3203 1653 3347 1709 enim
3378 1669 3482 1707 non
3518 1653 3589 1706 sit

2008 1746 2254 1801 diversus
2287 1746 2582 1814 separatim
2617 1761 2645 1798 a
2683 1744 2914 1799 naturali
2974 1760 3038 1800 ac
3095 1760 3222 1800 vero
3253 1745 3391 1799 Filio
3419 1784 3434 1810 ,
3493 1744 3585 1814 qui

323 1833 621 1903 διαιρετέον
653 1828 743 1886 οὖν
790 1835 866 1897 είς
896 1833 1180 1906 ἄνθρωπον
1207 1836 1390 1902 εδικῶς
1433 1838 1528 1892 καὶ
1565 1837 1699 1893 Θεὸν
1732 1838 1906 1906 Λόγον

2013 1836 2155 1891 tenui
2184 1851 2247 1890 ac
2275 1837 2390 1890 sola
2421 1835 2804 1905 conjunctione
2822 1837 3109 1890 decoratus
3139 1845 3245 1902 est,
3272 1845 3324 1890 et
3352 1835 3589 1889 ministri

325 1923 419 1975 τὸν
459 1921 827 1994 Ἐμμανουήλ.

2012 1926 2129 1982 loco
2177 1933 2510 1997 assumptus,
2545 1927 2768 1996 quique,
2800 1927 2871 1980 ita
2917 1937 2976 1980 ut
3003 1943 3101 1982 nos
3144 1928 3274 1996 ipsi,
3303 1929 3590 1996 adoptatus

327 2029 429 2085 est,
461 2032 515 2074 et
543 2021 611 2073 ah
646 2019 750 2074 alio
801 2018 982 2088 glorise
1024 2020 1301 2091 particeps
1339 2020 1538 2086 factus,
1583 2030 1638 2076 et
1680 2023 1822 2077 dono
1871 2030 1927 2075 et
1961 2020 2135 2090 gratia
2172 2021 2224 2075 id
2282 2028 2608 2076 consecutus
2632 2030 2714 2076 est
2738 2019 2901 2089 ?_Non
2937 2027 3020 2075 est
3050 2021 3232 2089 itaque
3264 2021 3589 2076 dividendus

327 2109 643 2165 Emmanuel
691 2110 743 2163 in
791 2111 1063 2166 hominem
1089 2111 1344 2178 seorsim,
1384 2121 1438 2166 et
1463 2111 1515 2167 in
1547 2112 1712 2168 Deum
1750 2111 2013 2168 Verbum-

395 2209 456 2263 B.
493 2207 735 2260 Ἷὶκιστά
765 2224 851 2276 γε.

395 2304 458 2352 Λ.
491 2300 703 2368 Χρῆναι
741 2299 799 2350 δέ
843 2317 1005 2370 φημι,
1049 2299 1183 2352 Θεὸν
1229 2300 1697 2371 ὲνηνθρωπηκότα
1723 2300 1903 2372 λέγειν

324 2392 507 2453 αὐτὸν,
544 2386 683 2444 εἷναί
713 2407 773 2444 τε
802 2391 944 2444 κατὰ
963 2391 1177 2453 ταυτὸν,
1209 2391 1366 2445 τοῦτό
1393 2409 1453 2446 τε
1495 2395 1736 2448 κάκεῖνο.
1765 2394 1902 2450 Οὔτε

325 2486 436 2556 γὰρ
475 2483 880 2553 ἀποπεφοίτηκε
909 2482 1001 2535 τοῦ
1044 2481 1181 2536 εἶναι
1211 2483 1344 2547 Θεὸς
1364 2485 1657 2555 γενόμενος
1697 2486 1904 2557 ἄνθρω-

326 2595 449 2642 πος,
481 2575 602 2629 οὔτε
636 2576 741 2645 μὴν
783 2575 1154 2644 ἀπαράδεκτον
1186 2575 1296 2646 ἔχει
1345 2577 1442 2648 τὴν
1481 2578 1812 2649 οίκονομίαν,
1844 2579 1906 2632 τὸ

325 2672 424 2740 τῆς
447 2665 729 2728 κενώσεως
757 2664 1028 2734 ἀτιμάσας
1055 2665 1272 2736 μέτρον.

397 2763 456 2814 Β.
481 2757 590 2814 Ἦν
633 2753 726 2811 οὖν
779 2757 907 2827 ἄρα,
966 2757 1150 2825 φασιν,
1187 2757 1469 2825 όμοούσιον
1507 2758 1586 2830 τῷ
1638 2761 1798 2831 Λόγῳ
1843 2760 1904 2814 τὸ

326 2854 488 2923 σῶμα
513 2849 701 2913 αὐτοῦ,
730 2848 947 2918 νοηθείη
971 2848 1077 2918 γάρ
1109 2847 1174 2901 ἂν
1199 2841 1300 2901 ὦδε
1327 2848 1420 2901 καὶ
1448 2849 1544 2918 οὐχ
1575 2849 1798 2918 ἑτέρως,
1825 2845 1907 2914 εἷς

327 2947 421 3000 καὶ
451 2945 607 3015 μόνος
639 2941 785 3004 Υἱός.

401 3039 463 3090 Λ.
491 3035 680 3087 Καίτοι
706 3033 824 3095 πῶς
853 3033 913 3084 οὐ
934 3032 1096 3103 λῆρος
1125 3033 1227 3102 ήδη
1251 3031 1444 3099 ταῦτα,
1478 3033 1572 3088 καὶ
1603 3032 1696 3087 νοῦ
1725 3050 1906 3104 παρα-

2086 2205 2148 2260 Β.
2189 2203 2564 2273 Nequaquam.
3483 2265 3502 2273 _

2090 2299 2156 2350 A.
2201 2294 2514 2350 Censuerim
2546 2307 2708 2358 vero,
2746 2292 3027 2348 dicendum
3063 2308 3184 2349 esse
3214 2293 3381 2348 Deum
3417 2292 3590 2348 bomi4

2015 2401 2136 2441 nem
2184 2386 2457 2451 indutum,
2495 2399 2724 2454 esseque
2776 2384 3023 2452 eumdem
3070 2385 3266 2454 ipsum,
3313 2397 3366 2441 et
3399 2387 3500 2441 hoc
3535 2397 3589 2438 ct

2012 2476 2162 2531 illud.
2212 2475 2396 2546 Neque
2442 2477 2588 2530 enim
2626 2476 2804 2532 factus
2840 2475 3003 2530 homo
3056 2477 3213 2535 desiit
3259 2463 3379 2534 esse
3424 2478 3587 2544 Deus,

2013 2582 2188 2638 neque
2219 2582 2408 2621 rursus
2440 2567 2965 2622 administrationem
3014 2567 3066 2622 in
3115 2582 3280 2623 carne
3322 2569 3590 2625 detrecta-

2015 2659 2110 2719 νίι.
2138 2657 2524 2713 exinanitionis
2553 2657 2916 2713 conditionem
2949 2659 3271 2728 despiciens.
3453 2723 3456 2725 Α

2088 2743 2150 2798 Β.
2193 2745 2323 2799 Erat
2371 2745 2573 2816 itaque,
2618 2748 2804 2813 aiunt,
2841 2747 3301 2804 consubstantiale
3338 2750 3591 2811 Triuilati

2014 2837 2183 2907 ipsius
2213 2852 2432 2906 corpus.
2472 2839 2544 2892 Ita
2577 2838 2744 2901 enim,
2781 2854 2956 2908 neque
2981 2840 3086 2895 alia
3122 2842 3331 2897 ratione
3363 2844 3591 2916 intelligi

2013 2941 2177 3003 queat
2200 2946 2338 2985 unus
2369 2946 2432 2985 ac
2477 2931 2627 2985 solus
2654 2930 2845 2987 Filius.
3535 3005 3537 3007 ι

2082 3023 2148 3077 Α.
2186 3024 2348 3092 Atqui
2398 3023 2670 3091 quomodo
2704 3037 2808 3076 non
2858 3023 2909 3077 id
2950 3039 3098 3080 mera
3143 3025 3213 3081 sit
3255 3027 3486 3096 insania,
3535 3043 3591 3084 et

334 3126 581 3188 πταίοντος
606 3123 875 3189 ἀπόδειξις
899 3125 1136 3194 ἐναργής
1156 3142 1171 3188 ;
1199 3124 1323 3188 Πῶς
1345 3124 1453 3195 γὰρ
1472 3126 1530 3178 ὲν
1553 3126 1742 3191 οὐσίας
1770 3141 1907 3179 ταυ-

2013 3126 2202 3170 ειῐιοιαι
2228 3114 2424 3169 mentis
2453 3113 2818 3168 certissimum
2843 3118 3263 3185 argumentum?
3290 3117 3407 3185 Quo
3434 3131 3591 3190 par-to

331 3218 514 3285 τότητι
540 3213 742 3267 κατίδοι
767 3229 849 3275 τις
879 3211 944 3266 ἂν
969 3211 1039 3264 τὰ
1063 3213 1162 3282 τῆς
1197 3212 1412 3282 φύσεως
1444 3212 1623 3281 λόγοις
1653 3211 1909 3267 τοσοῦτον

331 3307 576 3378 ἀλλήλων
628 3304 993 3375 διῳκισμένας
1035 3303 1260 3374 Ἕτερον
1307 3303 1414 3374 γάρ
1451 3321 1505 3358 τι
1562 3303 1774 3375 θεότης,
1815 3304 1911 3357 καὶ

326 3401 512 3470 ἕτερον
542 3397 924 3469 ἀνθρωπότηςο
976 3396 1101 3450 ἐπεὶ
1145 3397 1306 3450 τίνων
1339 3398 1416 3466 (a)
1453 3397 1633 3467 φαμὲν
1658 3397 1910 3466 γενέσθαι

326 3492 428 3563 τὴν
457 3491 672 3544 ἕνωσιν.
696 3489 770 3542 Οὐ
797 3488 902 3558 γὰρ
922 3487 981 3540 ἓν
1001 3485 1079 3557 τῷ
1095 3487 1315 3558 ἀριθμῷ
1331 3487 1465 3557 φαίη
1491 3505 1574 3550 τις
1593 3488 1660 3540 ἂν
1685 3483 1821 3541 εἶναι
1844 3487 1910 3541 τὰ

325 3583 614 3654 ἑνούμενα,
641 3580 779 3634 ἀλλὰ
808 3580 902 3633 δύο
931 3578 1116 3649 τυχὸν,
1156 3579 1250 3631 καὶ
1282 3576 1474 3631 τούτου
1500 3577 1664 3646 πέρα.

402 3762 460 3814 Β.
492 3759 800 3829 Διαιρετέον
830 3755 924 3811 οὖν
951 3756 1058 3828 ἄρα
1098 3757 1230 3825 φασὶ
1257 3755 1324 3809 τὰ
1351 3754 1738 3826 ὼνομασμένα.

398 3854 464 3906 Δ.
499 3853 574 3904 Οὐ
606 3849 921 3920 διαιρετέον,
951 3849 1029 3911 ὡς
1069 3847 1224 3918 ἔφην,
1259 3849 1338 3911 εἰς
1380 3846 1552 3920 ίδικὴν
1591 3847 1907 3919 ἑτερότητα,

328 3944 428 4013 τὴν
471 3940 614 3996 κατά
649 3956 712 4007 γε
763 3938 824 3992 τὸ
866 3939 958 3992 ἀπ’
1001 3938 1246 4007 ἀλλήλων
1290 3934 1427 3989 εἶναι
1461 3937 1555 3990 καὶ
1614 3937 1908 4006 ἀναμέρος.

330 4033 732 4104 Συγκομιστέον
761 4033 815 4084 δὲ
853 4032 1050 4102 μᾶλλον
1081 4033 1159 4093 είς
1184 4030 1377 4082 ἕνωσιν
1421 4029 1774 4097 ἁδιάτμητον.
1812 4026 1913 4078 Γέ-

331 4144 456 4196 γονε
501 4126 609 4198 γὰρ
649 4124 787 4194 σὰρξ
817 4125 844 4176 ὁ
873 4124 1062 4191 Λόγος,
1107 4121 1250 4175 κατὰ
1285 4120 1380 4192 τὴν
1421 4118 1668 4173 Ἰωάννου
1705 4119 1908 4188 φωνήν.

404 4303 465 4356 Β.
500 4301 620 4370 Ἀρ·
651 4296 744 4355 οὖν
770 4300 1152 4371 συγκέχυνται,
1185 4301 1278 4353 καὶ
1300 4300 1399 4371 μία
1427 4299 1714 4367 γεγόνασιν
1746 4300 1914 4368 ἄμφω

335 4409 524 4463 φυσις.

2012 3207 2156 3262 enim
2203 3207 2254 3260 in
2287 3222 2391 3260 una
2425 3215 2587 3274 atque
2623 3206 2812 3260 eadem
2857 3207 3093 3275 essentia
3125 3210 3423 3265 consistere
3467 3227 3593 3282 pos-

2013 3294 2145 3358 sint,
2176 3310 2295 3362 qu:e
2328 3295 2535 3347 ratione
2574 3304 2778 3348 naturae
2809 3302 3094 3365 tantopere
3145 3297 3283 3354 inter
3322 3315 3383 3354 se
3431 3302 3589 3356 dilic-

2015 3385 2174 3438 runt?
2201 3385 2359 3439 Aliud
2391 3386 2530 3440 enim
2566 3394 2648 3440 est
2701 3386 2863 3452 Deus,
2907 3387 3049 3442 aliud
3081 3393 3276 3456 homo;
3320 3392 3589 3461 siquidem

2012 3491 2199 3529 eurum
2233 3475 2465 3530 dicimus
2491 3475 2686 3531 factam
2727 3492 2846 3533 esse
2891 3479 3173 3542 unitatem.
3219 3479 3405 3553 Neque
3445 3488 3590 3540 enim

2012 3565 2279 3636 quispiam
2336 3569 2609 3622 censuerit
2659 3584 2824 3623 unum
2879 3585 3107 3626 numero
3159 3570 3302 3628 facta
3353 3588 3476 3630 esse
3525 3590 3589 3632 ea

2013 3673 2132 3727 qua:
2163 3658 2309 3712 unita
2341 3668 2488 3724 sunt,
2526 3660 2620 3714 sed
2655 3661 2780 3724 duo,
2817 3671 2910 3714 aut
2939 3661 3022 3715 his
3060 3662 3235 3731 plura.

2087 3750 2145 3803 Β.
2179 3749 2506 3806 Dividendas
2535 3751 2696 3822 igitur
2721 3767 2842 3808 esse
2877 3754 3025 3806 aiunt
3058 3755 3156 3808 bas
3181 3756 3589 3825 appellationes.

2084 3842 2151 3896 A.
2192 3841 2307 3896 Non
2341 3853 2468 3897 sunt
2495 3843 2811 3909 dividendae,
2857 3853 2914 3896 ut
2952 3844 3089 3909 dixi,
3128 3846 3178 3899 in
3222 3847 3488 3914 privatam
3530 3865 3594 3902 ac

2015 3931 2338 4000 peculiarem
2367 3929 2762 3995 diversitatem,
2804 3944 2923 3997 qua:
2955 3930 3148 3984 efﬁciat
3177 3942 3237 3986 ut
3269 3934 3527 4003 sejunctas
3563 3955 3591 3990 a

2014 4037 2072 4075 se
2103 4029 2291 4074 mutuo
2325 4029 2381 4073 et
2411 4019 2639 4073 seorsim
2667 4021 2963 4073 subsistant
3004 4037 3016 4071 :
3051 4023 3144 4074 sed
3190 4024 3368 4090 potius
3408 4028 3594 4082 conte-

2018 4112 2197 4168 renda:
2246 4120 2374 4167 sunt
2429 4111 2482 4164 in
2542 4109 2802 4164 unitatem
2861 4111 3309 4170 indissolubilem.
3357 4117 3589 4173 Verbum

2016 4204 2160 4257 enim
2195 4218 2324 4258 caro
2359 4203 2559 4258 factum
2591 4212 2707 4266 est,
2739 4213 2795 4257 ιιι
2823 4201 3056 4259 Joannes
3093 4215 3337 4264 testatur.

2089 4291 2148 4348 Β.
2191 4292 2436 4348 Confusa:
2477 4293 2660 4364 itaque
2685 4304 2813 4348 sunt
2858 4303 3095 4362 natura,
3129 4313 3342 4370 unaque
3379 4317 3409 4356 e
3455 4301 3590 4358 dua-

2020 4387 2118 4441 bus
2157 4382 2368 4441 eﬂ‘ecla.

406 4486 470 4536 Λ.
511 4477 639 4534 Εἶτα
676 4480 760 4543 τίς
786 4477 956 4542 οὕτως
985 4477 1348 4548 ὲμὸρόντητός
1376 4494 1435 4529 τε
1466 4478 1560 4530 καὶ
1586 4478 1803 4550 ἀμαθὴς
1824 4479 1909 4550 εἴη

2091 4482 2156 4535 Δ.
2197 4481 2263 4534 At
2289 4480 2413 4551 quis
2458 4480 2531 4532 ita
2575 4479 2777 4534 delirus
2816 4489 2909 4535 aut
2953 4482 3236 4550 imperitus
3278 4486 3382 4550 sit,
3415 4498 3472 4543 ut
3501 4502 3597 4544 ant

338 4577 403 4629 ἂν
426 4575 499 4637 ὡς
525 4574 556 4644 ἢ
596 4573 694 4644 τὴν
733 4571 884 4624 θείαν
917 4569 1125 4624 οἴεσθαι
1153 4569 1244 4623 τοῦ
1279 4571 1454 4638 Λόγου
1485 4571 1784 4642 τετράφθαι
1810 4573 1915 4638 (po-

339 4681 422 4716 σιν
445 4664 521 4726 εἰς
548 4663 684 4733 ὅπερ
709 4661 810 4713 οὐκ
840 4656 928 4731 ἦν,
958 4659 990 4729 ἢ
1014 4660 1397 4730 μεταχωρῆσαι
1423 4659 1521 4730 τὴν
1543 4660 1744 4731 σάρκα,
1775 4662 1918 4715 κατά

336 4772 400 4826 γε
444 4756 534 4808 τὸν
567 4755 664 4825 τῆς
710 4752 1046 4813 ἀλλοιώσεως
1088 4750 1311 4821 τρόπον,
1341 4753 1421 4814 εἰς
1465 4751 1565 4823 τὴν
1604 4751 1770 4805 αὐτοῦ
1817 4753 1914 4806 τοῦ

337 4849 514 4916 Λάγου
541 4863 555 4911 ;
606 4846 912 4916 Ἀμήχανον
953 4843 1090 4912 γάρ’
1131 4842 1231 4895 ⁹ένα
1259 4857 1322 4910 γε
1355 4841 1461 4912 μὴν
1489 4841 1638 4906 Υίὺν,
1662 4843 1756 4897 καὶ
1785 4844 1916 4914 μίαν

338 4937 505 4991 αὑτοῦ
543 4935 705 5006 φύσιν
747 4930 886 4988 εἷναί
925 4949 1129 5002 φαμεν,
1157 4931 1260 4985 κᾶν
1295 4933 1344 4985 εί
1377 4933 1435 4985 ἐν
1486 4932 1786 5002 προσλήψει
1820 4952 1914 5004 γε-

339 5027 528 5082 νέσθαι
581 5026 801 5097 σαρκὸς,
845 5023 1024 5095 ψυχὴν
1073 5023 1304 5093 ἐχούσης
1340 5020 1436 5093 τὴν
1478 5022 1688 5092 νοεράν.
1740 5023 1916 5078 Λὺτοῦ

339 5119 471 5190 γὰρ,
493 5118 569 5180 ὡς
596 5116 752 5186 ἔφην,
780 5115 971 5183 γέγονε
1004 5113 1068 5166 τὸ
1087 5111 1448 5184 ἀνθρώπινον,
1479 5113 1678 5165 νοεῖται
1699 5112 1754 5164 δὲ
1783 5114 1920 5184 πρὸς

340 5209 521 5278 ἡμῶν,
557 5207 654 5278 οὐχ
697 5207 918 5274 ἑτέρως,
955 5204 1093 5275 πλὴν
1135 5203 1215 5256 ὅτι
1251 5202 1392 5256 κατὰ
1428 5201 1614 5255 τοῦτον
1648 5203 1807 5257 αὑτὸν
1829 5205 1920 5258 τὸν

340 5299 562 5368 τρόπον,
593 5295 724 5360 Θεὸς
755 5294 889 5367 ὁμοῦ
922 5311 981 5347 τε
1011 5294 1106 5347 καὶ
1139 5292 1446 5362 ἄνθρωπος.

417 5388 474 5442 Β.
515 5387 638 5458 Ἆρ’
666 5384 780 5451 οὖν,
819 5387 882 5439 οὐ
911 5385 1005 5438 δύο
1043 5383 1235 5454 φύσεις
1269 5378 1377 5435 εἶεν
1411 5381 1500 5448 ἂν,
1533 5381 1668 5437 Θεοῦ
1701 5385 1795 5440 καὶ
1827 5385 1922 5440 ἀν-

343 5482 372 5535 θ
383 5481 564 5552 ρώπου
585 5518 600 5532 .

413 5618 460 5652 ⁸³
482 5617 679 5671 Jerem.
715 5629 790 5675 Ix,
821 5613 872 5678 l,
901 5613 955 5664 2.
1031 5613 1077 5645 ’⁸
1111 5613 1210 5666 lsa.
1246 5625 1376 5676 xui,
1406 5610 1460 5669 8.

415 5733 492 5802 (ί)
525 5731 664 5800 Lege
691 5725 918 5779 τούτων.
960 5725 1058 5781 En.

621 5823 894 5882 ΡΑϊιωι.
939 5818 1055 5878 Gn.
1098 5817 1327 5878 LXXV.

2020 4574 2258 4629 divinam
2312 4583 2559 4626 naturam
2613 4579 2876 4626 mutatam
2923 4588 3042 4628 esse
3097 4576 3148 4629 in
3195 4577 3246 4630 id
3294 4581 3436 4648 quod
3488 4599 3594 4635 non

2020 4675 2139 4722 erat
2168 4665 2461 4730 existimet,
2510 4671 2605 4718 aut
2661 4679 2880 4719 carnem
2920 4666 3128 4720 ratione
3171 4671 3486 4727 mutationis
3542 4674 3594 4727 in

2021 4767 2268 4812 naturam
2304 4755 2466 4810 Verbi
2511 4756 2829 4812 translatam
2875 4755 3089 4812 fuisse?
3131 4757 3315 4828 Neque
3361 4764 3505 4818 enim
3543 4764 3595 4818 id

2022 4848 2132 4904 ullo
2175 4847 2333 4903 modo
2386 4849 2502 4903 ﬁeri
2564 4857 2761 4917 potest.
2817 4845 2990 4902 Unum
3049 4864 3210 4919 porro
3259 4850 3476 4922 Filium,
3540 4867 3597 4911 et

2023 4956 2186 4996 unam
2224 4941 2393 5010 ipsius
2419 4949 2668 4994 naturam
2692 4955 2812 4996 esse
2835 4940 3085 5008 dicimus,
3123 4946 3332 5001 tametsi
3372 4961 3593 5003 carnem

2027 5033 2205 5087 anima
2258 5030 2590 5100 intelligente
2640 5031 2916 5098 praeditam
2982 5036 3359 5103 assumpserit.
3425 5036 3597 5107 Ipsius

2025 5122 2194 5186 enim,
2232 5131 2288 5174 ut
2346 5121 2476 5183 dixi.
2527 5119 2667 5175 facta
2711 5132 2794 5175 est
2848 5121 3174 5178 humanitas.
3205 5125 3369 5197 736
3422 5131 3597 5196 Αιιιυθ

2027 5215 2128 5268 hoc
2157 5213 2372 5282 quidem
2411 5221 2591 5281 pacto,
2628 5226 2801 5282 neque
2831 5212 2938 5268 alio
2968 5212 3077 5270 ullo
3107 5229 3357 5274 censetur
3380 5234 3409 5273 a
3442 5222 3597 5276 nobis

2029 5306 2168 5358 Deus
2194 5302 2350 5357 simul
2379 5311 2434 5356 et
2465 5301 2643 5357 homo.

2099 5393 2162 5449 Β.
2197 5392 2312 5450 Νοιι
2346 5401 2506 5451 erunt
2531 5393 2714 5462 itaque
2745 5393 2862 5448 duae
2892 5401 3118 5459 naturae,
3150 5393 3241 5451 Dei
3269 5408 3322 5451 et
3343 5397 3597 5455 hominis.

3235 5817 3301 5881 41
