4078 6264
306 365 331 415 ι
341 362 447 416 ’ὶθὸ

300 570 403 643 τὴν
432 568 664 638 δύναμιν
685 565 780 619 τοῦ
802 566 956 620 Θεοῦ.
984 584 1003 617 ι
1028 566 1103 618 Οὐ
1126 566 1235 637 γὰρ
1262 560 1329 637 ἦν
1355 566 1637 636 ἀμήχανον
1652 563 1731 635 τῷ
1756 565 1881 634 φιλο

304 658 585 730 ανθρώπῳ
611 656 752 727 Θεῷ,
771 656 951 711 οίστὸν
980 656 1173 710 ἑαυτὴν
1220 656 1500 727 ἀποφῆναι
1529 659 1641 720 τοῖς
1671 657 1771 727 τῆς
1789 657 1885 710 ἀν-

301 752 656 822 θρωπότητος
671 749 911 821 μέτροις,
927 748 1191 802 καὶτοῦτο
1207 750 1337 819 ἡμῖν
1349 752 1488 819 προῦ
1496 750 1733 820 πέφηνεν
1742 751 1887 803 αίνι-

299 841 608 913 γματωδῶς
626 840 828 894 Μωσέα
856 839 1255 909 μυσταγωγῶν,
1286 839 1381 892 καὶ
1405 837 1468 892 τὸ
1491 839 1592 908 τῆς
1617 839 1888 911 ὲνανθρωο

301 933 530 1004 πήσεως
587 931 888 1002 μυστήριον
939 929 1016 993 ὡς
1069 931 1128 983 ἐν
1180 929 1368 993 τύποις
1417 928 1498 982 ἔτι
1554 928 1883 999 ζωγραφῶν.

313 1022 676 1094 Ἐπεφοίτησε
709 1022 809 1093 μὲν
846 1021 957 1093 γὰρ
990 1022 1048 1074 ὲν
1076 1021 1208 1075 εῐδει
1249 1021 1424 1092 πυρὸς
1465 1019 1544 1091 τῷ
1575 1021 1721 1093 βάτῳ
1746 1020 1887 1075 κατὰ

300 1120 404 1194 τὴν
434 1119 644 1191 ἔρημον
672 1116 808 1190 (ll),
845 1116 941 1171 καὶ
970 1116 1309 1185 ὲνήστραπτε
1348 1115 1447 1184 μὲν
1482 1113 1561 1184 τῷ
1598 1114 1790 1185 θάμνῳ
1824 1115 1889 1169 τδ

306 1214 440 1284 πῦρ,
474 1211 618 1284 πλὴν
657 1211 721 1265 οὐ
750 1207 1094 1264 κατεκαίετο.
1121 1206 1449 1278 Τεθαύμακε
1472 1206 1529 1260 δὲ
1569 1205 1669 1277 τὴν
1695 1206 1888 1276 ὅρασιν

307 1310 336 1361 ὁ
366 1305 590 1376 Μωσῆς.
622 1303 819 1356 Καίτοι
848 1300 967 1366 πῶς
990 1300 1092 1354 οὐκ
1111 1297 1425 1368 ἁσύμὸατον
1451 1296 1537 1367 εἴη
1564 1296 1631 1351 ἂν
1653 1296 1732 1368 τῷ
1752 1297 1891 1378 πυρὶ

308 1397 371 1451 τὸ
404 1396 596 1464 ξύλον;
628 1392 795 1464 Οίστὴ
825 1393 885 1447 δὲ
920 1393 1070 1455 ὅπως
1112 1392 1232 1453 ταῖς
1261 1389 1360 1460 τῆς
1389 1388 1587 1459 φλογὸς
1627 1388 1889 1459 ἐμϐολαῖς

310 1491 343 1559 ἡ
376 1488 824 1558 εὐκατάπρηστος
854 1482 979 1553 ὕλη.
1021 1476 1162 1535 Ἀλλ’
1193 1476 1286 1554 ἦν,
1310 1480 1387 1545 ὡς
1426 1481 1553 1550 ἔφη,
1585 1480 1888 1552 μυστηρίου

308 1579 370 1634 τὸ
403 1581 589 1654 χρῆμα
632 1577 819 1642 τύπος,
845 1575 1031 1646 οίστὴν
1075 1574 1468 1644 ἀποφαίνοντος
1506 1575 1618 1637 τοίς
1639 1572 1741 1644 τῆς
1787 1574 1888 1627 ἀν-

309 1672 658 1744 θρωπότητος
683 1670 899 1740 μέτροις
920 1667 1020 1738 τὴν
1058 1665 1210 1720 θείαν
1232 1665 1326 1718 τοῦ
1357 1666 1532 1734 Λόγου
1572 1663 1757 1735 φύσιν,
1789 1664 1888 1718 αὐ-

309 1761 406 1815 τοῦ
462 1778 528 1830 γε
579 1760 881 1822 ἐθέλοντοςο
935 1758 1187 1811 ἀδυνατεῖ
1244 1757 1353 1828 γὰρ
1408 1754 1558 1826 αὐτῷ
1605 1754 1885 1821 παντελῶς

313 1853 487 1907 οὐδέν.

388 1944 446 1999 Β.
491 1945 578 2009 Ὠς
609 1940 666 1997 εὖ
711 1941 818 1996 ῐσθι
844 1960 948 2007 τοι,
991 1942 1066 2013 μὴ
1105 1941 1172 1996 ἂν
1204 1941 1421 1995 ἑλέσθαι
1454 1939 1522 1994 τὰ
1546 1939 1638 1992 ι’σα
1675 1942 1892 2011 φρονεῖν

311 2038 508 2099 αὐτοὺς
535 2037 728 2099 ἄλλως.

386 2131 448 2182 Λ.
494 2129 685 2180 Ἔσται
720 2128 898 2182 τοίνυν
923 2128 1017 2181 καὶ
1062 2126 1446 2198 ἀναμφιλόγως
1465 2129 1614 2192 υἱοὺς
1637 2129 1767 2199 ἡμῖν
1799 2126 1891 2181 δύο

307 2221 407 2276 καὶ
433 2221 689 2291 χριστοὺς
730 2222 758 2274 ὁ
805 2221 942 2291 πρὸς
980 2219 1161 2273 αὐτῶν
1201 2217 1519 2291 πρεσϐεύων
1549 2220 1727 2289 λόγος.

383 2310 444 2365 Β.
478 2308 582 2362 Δύο
618 2308 740 2380 μὲν,
787 2311 938 2379 οὐχί·
975 2310 1107 2379 φασὶ
1153 2310 1234 2373 δὲ,
1257 2309 1338 2362 ὅτι
1382 2303 1464 2372 εἷς
1513 2309 1614 2380 μέν
1664 2309 1814 2362 ἐστιν
1861 2306 1892 2359 6

306 2400 454 2453 κατὰ
491 2398 653 2468 φύσιν
690 2398 843 2462 Υἱὸς,
874 2401 902 2453 ό
952 2401 1017 2452 ἐκ
1060 2398 1196 2453 Θεοῦ
1243 2398 1457 2471 Πατρός
1504 2399 1707 2468 Λόγος·
1762 2399 1792 2452 δ
1833 2397 1891 2451 δὶ

307 2488 560 2560 ληφθεὶς,
601 2488 887 2558 ἄνθρωπος
920 2490 1020 2559 μέν
1045 2490 1159 2543 ἐστι
1218 2489 1377 2558 φύσει
1408 2489 1503 2543 τοῦ
1541 2489 1726 2554 Δαὸὶδ,
1764 2489 1893 2553 Υἱὸς

303 2579 367 2632 δὲ
407 2579 501 2632 τοῦ
535 2577 693 2645 Θεοῦ,
717 2580 806 2633 διὰ
834 2581 894 2633 τὸ
914 2580 1233 2652 ἀνειλῆφθαι
1274 2582 1381 2635 ὑπὸ
1409 2581 1502 2635 τοῦ
1529 2580 1663 2635 Θεοῦ
1689 2582 1888 2650 Λόγου,

304 2670 369 2736 ὃς
407 2671 498 2726 διὰ
524 2670 587 2725 τὸ
613 2672 992 2743 κατῳκηκέναι
1022 2675 1082 2726 ὲν
1115 2672 1264 2744 αὑτῷ
1293 2675 1387 2727 τὸν
1424 2673 1556 2727 Θεὸν
1579 2674 1771 2743 Λόγον,
1810 2677 1891 2738 είς

301 2762 518 2832 ταύτην
561 2758 695 2833 ἦλθε
739 2764 839 2832 τὴν
871 2763 1050 2830 ἀξίαν,
1102 2764 1195 2818 καὶ
1240 2765 1421 2834 χάριτι
1470 2764 1569 2837 τὴν
1620 2764 1892 2819 υίοθεσίαν

300 2855 447 2924 ἔχει.

374 2947 443 3000 Λ.
484 2941 618 3000 Εῐτα
652 2945 778 2999 ὅποι
807 2945 939 2999 ποτὲ
970 2946 1060 3000 νοῦ
1089 2947 1180 3001 καὶ
1211 2948 1407 3018 φρενὸς
1439 2948 1568 3002 ἴοιεν
1600 2947 1665 3002 ἂν
1689 2949 1738 3000 οί
1764 2947 1889 3017 τῇδε

297 3036 658 3104 δοξάζοντεςς
723 3038 795 3090 Ἢ
844 3037 962 3101 πῶς
1007 3040 1069 3095 οὐ
1122 3040 1286 3093 δυάδα
1326 3040 1490 3109 φασὶν
1552 3039 1704 3102 υἱῶν,
1758 3039 1892 3093 ἀπο-

293 3132 613 3195 διῖστόιντες
648 3131 895 3202 ἀλλήλων
936 3131 1222 3203 ἄνθρωπον
1256 3134 1349 3187 καὶ
1384 3134 1549 3198 Θεόνς
1578 3134 1751 3204 Εἴπερ
1775 3134 1891 3186 ἐστὶ

287 3227 416 3279 κατ’
448 3224 682 3290 αὐτοὺς,
704 3226 734 3278 ὁ
761 3224 860 3295 μὲν
887 3224 1046 3292 φύσει
1074 3226 1167 3278 καὶ
1195 3226 1430 3293 ἀληθῶς,
1462 3229 1490 3279 ὁ
1511 3225 1567 3278 δὲ
1584 3225 1767 3295 χάριτι
1790 3225 1889 3296 τὴν

281 3318 477 3374 υίοθεσ
501 3315 584 3370 ίαν
626 3316 786 3385 ἔχων,
816 3317 911 3371 καὶ
940 3319 1020 3380 εἰς
1054 3316 1260 3387 ταύτην
1289 3312 1418 3386 ἦλθε
1458 3318 1555 3387 τὴν
1603 3316 1780 3383 ἀξίαν,
1814 3317 1891 3379 ὡς

280 3409 647 3472 ἐνοικοῦντος
696 3409 846 3480 αὐτῷ
888 3407 983 3462 τοῦ
1035 3409 1242 3476 Λόγους
1284 3404 1409 3479 Ἆρ’
1448 3404 1540 3461 οὖν
1571 3408 1682 3478 ἔχει
1730 3425 1783 3461 τι
1830 3408 1891 3461 τὺ

288 3503 486 3575 μεῖζον
520 3505 555 3557 ό
598 3503 719 3555 καθ’
759 3503 924 3573 ἡμᾶς,
961 3502 1299 3565 ἐναυλίζεται
1344 3500 1453 3570 γὰρ
1487 3502 1582 3553 καὶ
1615 3503 1746 3571 ἡμῖν
1794 3502 1891 3554 αὺ-

283 3596 428 3659 τοῖς,
466 3594 574 3647 καὶ
603 3592 739 3660 πρός
765 3608 828 3659 γε
858 3588 1015 3642 τοῦτο
1044 3591 1191 3659 ἡμᾶς
1230 3590 1452 3661 ὲμπεδοί
1476 3589 1649 3657 λέγων
1673 3592 1701 3643 ό
1730 3590 1890 3660 ιερῶ-

284 3703 453 3750 τατος
497 3684 755 3746 Παῦλος·
797 3702 817 3736 ι
863 3681 1067 3735 Τούτου
1111 3682 1271 3753 χάριν
1298 3682 1535 3752 κάμπτω
1579 3680 1649 3734 τὰ
1688 3681 1891 3750 γόνατά

284 3795 393 3848 μου
426 3778 582 3848 πρὸς
616 3777 709 3827 τὸν
735 3775 955 3846 Πατέρα
984 3772 1077 3826 τοῦ
1102 3774 1307 3846 Κυρίου
1346 3774 1504 3846 ἡμῶν
1542 3774 1715 3844 Ἰησοῦ
1745 3774 1884 3845 Χρι..

283 3869 441 3934 στοῦ,
498 3868 567 3933 ἐξ
617 3859 677 3918 οὗ
721 3867 871 3920 πᾶσα
914 3864 1118 3936 πατριὰ
1158 3866 1216 3919 ἐν
1253 3866 1469 3937 οὐρανῷ
1505 3866 1601 3919 καὶ
1657 3868 1750 3922 ἐπὶ
1785 3867 1889 3936 γῆς

274 3960 661 4031 ὀνομάζεται,
690 3956 774 4009 ἵνα
808 3956 882 4026 δῷ
910 3957 1037 4027 ὑμῖν
1065 3957 1209 4011 κατὰ
1228 3959 1321 4009 τὸν
1342 3956 1569 4010 πλοῦτον
1606 3958 1705 4027 τῆς
1731 3957 1889 4027 δόξης

276 4046 482 4111 αὐτοῦ,
515 4045 754 4115 δυνάμει
791 4045 1194 4117 κραταιωθῆναι
1223 4046 1311 4099 διὰ
1338 4046 1433 4099 τοῦ
1456 4045 1771 4116 Πνεύματος
1796 4046 1888 4099 αὑ-

272 4139 404 4202 τοῦ,
444 4137 791 4206 κατοικῆσαι
807 4137 898 4190 τὸν
923 4138 1159 4209 Χριστὸν
1179 4138 1235 4189 ὲν
1258 4138 1379 4199 ταῖς
1409 4135 1655 4205 καρδίαις
1676 4134 1882 4206 ὑμῶν.»

289 4235 389 4287 Ἐν
423 4232 570 4301 ἡμῖν
605 4229 714 4298 γάρ
746 4229 861 4281 ἐστι
878 4228 966 4281 διὰ
987 4229 1081 4282 τοῦ
1102 4228 1440 4299 Πνεύματος,
1474 4246 1493 4279 ι
1516 4229 1575 4279 ὲν
1602 4222 1648 4295 ᾧ
1683 4228 1888 4299 κράζο-

275 4337 413 4398 μεν·
445 4317 638 4373 Ἀϐὅᾶ
664 4319 691 4370 ὁ
718 4318 1183 4389 Πατήρ.»οὐκοῦν
1215 4319 1335 4373 κατ’
1360 4319 1550 4372 οὐδένα
1576 4319 1777 4390 τρόπον
1802 4321 1885 4390 εῐη

269 4419 344 4469 ἂν
375 4413 454 4467 τὰ
490 4409 628 4464 καθ’
655 4410 800 4480 ἡμᾶς
826 4412 886 4462 ἓν
925 4409 1153 4480 μείοσιν,
1189 4411 1238 4462 εί
1279 4411 1385 4462 τῶν
1421 4411 1551 4463 τσων
1586 4409 1887 4481 ὴξιούμεθα

1432 352 1620 421 quon
1659 354 1847 410 suos
1886 352 1991 408 sn
2028 355 2394 414 cumsrus.

301 477 557 548 ἐροῦμεν
590 493 610 528 ι
656 474 963 535 Πλανᾶσθε,
1002 476 1076 546 μὴ
1102 472 1304 536 είδότες
1333 474 1431 537 τὰς
1457 473 1699 542 Γραφὰς,
1747 472 1883 543 μηδὲ

1993 474 2089 545 ipsi
2153 477 2372 544 volunt,
2432 480 2626 534 iterum
2696 481 3199 548 respondebimus:

3428 367 3565 423 1294

3280 501 3298 533 ι
3356 482 3566 541 Erratis

1991 566 2293 623 nescientes
2343 566 2676 636 Scripturas,
2728 583 2901 638 neque
2947 570 3241 637 potentiam
3304 569 3488 628 Dei“.
3537 594 3557 626 ι

1988 654 2172 727 Neque
2192 658 2339 715 enim
2379 669 2500 714 erat
2531 658 2746 717 diﬂicile
2774 660 3160 733 benignissimo
3184 660 3294 718 Deo
3326 665 3567 733 gestabi-

1987 746 2093 802 lem
2122 764 2185 805 ac
2216 750 2549 807 tolerabilem
2581 766 2640 808 se
2661 752 2907 821 prabere
2945 754 3197 810 humana:
3225 754 3562 821 conditioni;

1988 848 2150 910 atque
2212 842 2314 895 llOC
2360 843 2578 913 quidem
2642 845 2799 901 nobis
2859 845 3083 916 ﬁgurate
3127 847 3567 915 prmsignilicavit

1987 930 2171 987 Mosen
2201 932 2494 1001 instruens,
2523 945 2579 992 et
2606 936 2998 994 incarnationis
3042 940 3362 1009 mysterium
3401 938 3564 994 veluti

1988 1022 2043 1076 in
2086 1024 2229 1094 typis
2265 1026 2445 1082 adhuc
2497 1037 2660 1099 atque
2703 1032 2910 1087 umbris
2964 1031 3295 1087 describens.
3332 1030 3565 1087 immisit

1988 1115 2132 1171 enim
2160 1130 2221 1174 se
2244 1117 2299 1172 in
2330 1117 2506 1175 forma
2532 1120 2672 1189 ignis
2700 1122 2836 1178 rubo
2864 1122 2915 1176 in
2941 1124 3175 1179 deserto.
3224 1122 3403 1193 Atque
3427 1123 3567 1193 ignis

1988 1206 2209 1276 quidem
2243 1209 2300 1264 in
2353 1209 2491 1267 rubo
2515 1211 2805 1281 emicabat,
2839 1227 3016 1284 neque
3069 1225 3248 1269 tamen
3298 1215 3567 1270 adureba-

1990 1306 2100 1355 tur.
2143 1299 2422 1359 Attonitus
2477 1301 2580 1358 fuit
2615 1303 2735 1373 eius
2789 1304 2873 1360 rei
2924 1304 3234 1373 spectaculo
3262 1302 3563 1374 Moyses".

1988 1390 2152 1463 Atqui
2188 1406 2294 1463 quo
2322 1401 2480 1463 pacto
2501 1409 2609 1451 non
2640 1404 2767 1465 agat
2797 1395 2938 1464 ignis
2966 1394 3021 1449 in
3066 1394 3318 1466 lignum?
3344 1394 3568 1451 Materia

1991 1493 2169 1543 tamen
2202 1501 2323 1557 qua:
2347 1486 2505 1544 facile
2545 1487 2800 1544 succendi
2827 1495 3007 1558 potest
3032 1486 3265 1543 flamma
3301 1485 3411 1541 vim
3447 1500 3569 1556 per-

1991 1577 2131 1633 tulit.
2183 1577 2453 1635 Cteterum
2505 1589 2645 1647 erat,
2701 1591 2762 1635 ut
2817 1580 2963 1648 dixi,
3020 1595 3111 1636 res
3162 1580 3277 1635 haec
3325 1577 3566 1650 mysterii

1990 1669 2369 1736 adumbratio,
2416 1672 2701 1727 declarans
2752 1672 3088 1728 tolerabilem
3148 1672 3267 1728 fore
3318 1672 3570 1727 humana

1992 1758 2347 1816 imbecillitati
2393 1762 2628 1817 divinam
2678 1763 2837 1818 Verbi
2877 1766 3305 1835 naturam,ipso
3348 1764 3422 1819 ita
3468 1778 3566 1818 vo-

1921 1845 1964 1900 B
1993 1850 2161 1907 lente.
2199 1849 2347 1906 Nihil
2375 1854 2520 1907 enim
2557 1853 2660 1923 ipsi
2688 1865 2773 1909 est
2799 1855 3150 1924 impossibile.

2063 1939 2127 1994 Β.
2169 1939 2341 2008 Quam
2374 1952 2521 1998 recte
2550 1944 2691 1999 nosti
2719 1943 2837 1999 illos
2868 1944 2942 1998 ita
2969 1946 3175 2001 sentire
3210 1948 3390 2003 nollet

2065 2123 2130 2177 Α.
2191 2121 2336 2179 Duos
2386 2124 2568 2195 itaque
2621 2124 2807 2194 procul
2857 2126 3017 2181 dubio
3079 2124 3259 2196 ﬁlios,
3321 2137 3378 2185 et
3430 2127 3567 2185 duos
3620 2141 3625 2147 '

1993 2215 2229 2272 christos
2254 2215 2468 2271 illorum
2497 2229 2678 2271 sermo
2707 2218 2865 2272 nobis
2898 2218 3174 2289 praedicat.

2064 2306 2127 2360 Β.
2167 2306 2312 2362 Duos
2345 2306 2587 2376 quidem,
2630 2321 2997 2377 nequaquam.
3040 2308 3206 2363 Aiunt
3237 2322 3367 2364 vero
3403 2324 3568 2364 unum

1992 2396 2210 2467 quidem
2261 2410 2382 2452 esse
2420 2396 2714 2451 secundum
2754 2407 3003 2451 naturam
3048 2396 3283 2465 Filium,
3329 2396 3569 2456 Verbum

1993 2501 2059 2540 ex
2088 2488 2195 2541 Deo
2223 2485 2384 2541 Patre
2412 2506 2427 2543 :
2453 2502 2576 2542 eum
2604 2496 2782 2542 autem
2827 2490 2917 2558 qui
2961 2500 3270 2560 assumptus
3314 2501 3433 2557 est,
3468 2493 3566 2547 ho-

1992 2578 2195 2633 minem
2227 2578 2445 2648 quidem
2476 2592 2596 2633 esse
2621 2588 2814 2633 natura
2846 2580 3046 2647 David,
3079 2581 3171 2636 Dei
3215 2596 3343 2638 vero
3372 2581 3566 2638 Filium

1994 2668 2116 2724 ideo
2141 2669 2285 2740 quod
2316 2685 2343 2723 ιι
2373 2670 2554 2726 Verbo
2582 2670 2679 2726 Dei
2712 2682 3024 2743 assumptus
3046 2673 3137 2738 sit,
3169 2683 3225 2729 et
3258 2675 3382 2743 quia
3420 2675 3570 2730 iuba-

1992 2761 2180 2817 bitavit
2230 2762 2283 2815 in
2332 2762 2449 2830 ipso
2488 2761 2726 2818 Verbum
2772 2762 2899 2829 Dei,
2948 2764 3196 2819 eamdem
3249 2765 3567 2836 dignitatem

1993 2862 2319 2908 consecutus
2353 2861 2457 2915 est,
2486 2861 2543 2907 et
2574 2852 2740 2909 Filius
2764 2868 2864 2923 per
2893 2855 3121 2923 gratiam
3155 2865 3258 2911 est.

2063 2945 2128 2999 Λ.
2168 2944 2368 3013 Αιῳιο
2406 2953 2564 3013 pacto
2585 2959 2693 2998 non
2727 2946 2841 3000 sint
2892 2956 3086 3001 emotae
3141 2947 3336 3003 mentis
3364 2948 3455 3018 qui
3493 2949 3568 3003 ita

1992 3035 2277 3093 statuunt?
2304 3044 2398 3091 aut
2420 3036 2691 3105 quomodo
2720 3050 2827 3092 non
2859 3036 2995 3094 duos
3029 3038 3168 3094 ﬁlios
3202 3039 3445 3106 faciunt,
3485 3056 3570 3098 se-

1995 3139 2250 3200 parantes
2283 3128 2518 3183 inter'se
2556 3128 2828 3184 hominem
2853 3138 2907 3183 et
2934 3128 3139 3186 Deum?
3166 3130 3447 3202 Siquidem
3485 3142 3572 3189 est

1993 3233 2059 3272 ex
2110 3218 2351 3287 ipsorum
2404 3217 2672 3273 «nuntia
2714 3216 2802 3271 hic
2836 3218 3054 3288 quidem
3102 3228 3294 3275 natura
3334 3235 3399 3277 ac
3444 3235 3572 3278 vere

1995 3309 2186 3373 Filius,
2230 3309 2318 3364 hic
2352 3321 2483 3364 vero
2531 3323 2628 3379 per
2673 3308 3019 3379 adoptionem
3067 3311 3259 3368 eadem
3309 3315 3571 3384 dignitate

1994 3402 2250 3471 pmditus
2301 3408 2417 3467 est',
2485 3410 2670 3472 utpote
2720 3402 3061 3459 inbabitante
3114 3404 3289 3476 ipsum
3352 3404 3572 3464 Verbo?

1994 3491 2167 3547 liabet
2191 3491 2379 3564 itaque
2404 3491 2610 3561 aliquid
2635 3493 2869 3563 amplius
2898 3494 3070 3550 nostri
3098 3495 3314 3552 similis.
3348 3496 3569 3554 lubebi-

1995 3593 2073 3639 tat
2119 3584 2263 3640 enim
2299 3583 2466 3639 etiam
2507 3584 2563 3638 in
2620 3585 2937 3656 nobisipsis.
2987 3585 3141 3652 Quod
3183 3596 3242 3643 et
3283 3588 3572 3646 conﬁrmat

1992 3674 2392 3731 sacratissimus
2417 3672 2618 3731 Paulus
2638 3673 2823 3731 dicens
2847 3690 2860 3725 :
2886 3674 3053 3746 738
3074 3694 3091 3728 ι
3106 3676 3277 3747 Hujus
3295 3679 3373 3733 rei
3394 3684 3568 3749 gratia

1991 3768 2149 3823 ﬂecto
2211 3781 2384 3838 genus
2442 3782 2563 3821 mea
2591 3766 2658 3820 ad
2704 3764 2921 3821 Patrem
2978 3766 3192 3822 Domini
3241 3772 3408 3825 nostri
3442 3769 3569 3825 Jesu

1989 3858 2215 3922 Christi,
2262 3873 2327 3913 ex
2373 3872 2481 3925 quo
2507 3858 2685 3911 omnis
2740 3857 3042 3925 paternitas
3093 3858 3147 3911 in
3204 3860 3359 3914 ctelis
3403 3872 3456 3915 et
3512 3862 3567 3915 in

1993 3960 2137 4004 terra
2182 3949 2509 4012 nominatur,
2554 3954 2612 3999 ut
2656 3946 2747 4000 det
2799 3946 2952 4001 vobis
3004 3948 3301 4004 secundum
3350 3951 3568 4007 divitias

1991 4040 2175 4111 gloriae
2201 4054 2334 4101 suae,
2367 4036 2564 4090 virtute
2609 4036 2949 4092 corroborari
2974 4052 3071 4107 per
3115 4038 3378 4111 Spiritum
3423 4045 3566 4115 ejus,

1993 4130 2239 4184 habitare
2264 4126 2542 4181 Christum
2576 4126 2631 4179 in
2672 4126 2928 4183 cordibus
2953 4131 3154 4186 nostris
3186 4132 3227 4186 ί.
3268 4152 3287 4186 ι
3314 4132 3372 4190 ιιι
3411 4136 3567 4191 nobis

1990 4222 2133 4274 enim
2167 4229 2249 4275 est
2284 4233 2380 4289 per
2406 4216 2722 4287 Spiritum,¢
2760 4216 2813 4273 in
2868 4234 2976 4290 quo
3013 4221 3354 4282 clamamus:
3389 4228 3564 4292 Abba,

1990 4312 2154 4365 Pater
2177 4312 2219 4363 ³.
2267 4328 2285 4361 ι
2333 4306 2486 4362 Nulla
2536 4307 2720 4377 itaque
2769 4309 2982 4366 ratione
3029 4311 3235 4370 erimus
3282 4315 3569 4373 inferiores

1991 4407 2153 4461 etiam
2186 4420 2316 4469 nos,
2341 4403 2609 4473 siquidem
2652 4403 2791 4460 Deus
2817 4420 2881 4458 ac
2910 4402 3075 4459 Pater
3108 4422 3206 4462 nos
3256 4409 3446 4464 iisdem
3478 4427 3565 4466 re—

266 4503 438 4575 παρὰ
475 4499 585 4555 τοῦ
622 4499 757 4553 Θεοῦ
801 4499 894 4553 καὶ
944 4500 1174 4571 Πατρός.
1215 4501 1412 4570 Χάριτι
1442 4501 1549 4572 γὰρ
1591 4502 1683 4554 καὶ
1726 4503 1887 4573 ἡμεῖς

1993 4500 2093 4554 bus
2124 4499 2380 4567 dignatus
2422 4504 2525 4551 est.
2569 4494 2702 4549 Nam
2743 4506 2799 4551 et
2831 4511 2934 4553 nos
2967 4510 3062 4563 per
3093 4500 3324 4565 gratiam
3378 4517 3564 4556 sumus

270 4596 392 4649 olei.
435 4593 543 4647 καὶ
599 4590 734 4645 θεοί.
781 4591 1148 4663 Ἐνηνέγμεθα
1179 4592 1235 4645 δὲ
1289 4591 1507 4654 πάντως
1551 4593 1631 4655 εἰς
1686 4592 1887 4661 ταύτην

267 4688 381 4756 τὴν
419 4683 704 4754 ὑπερφυᾶ
733 4683 828 4736 καὶ
856 4682 1313 4755 τεθαυμασμένην
1340 4682 1518 4749 ἀξίαν,
1562 4683 1635 4747 ὡς
1663 4683 1887 4737 ἔναυλον

266 4776 513 4848 ἔχοντες
556 4774 659 4829 τὸν
701 4776 965 4845 μονογενῆ
1008 4775 1102 4829 τοῦ
1140 4774 1273 4828 Θεοῦ
1308 4774 1500 4843 Λόγον.
1548 4776 1785 4830 ’Δνόσιον
1830 4776 1886 4829 δὲ

267 4865 372 4920 καὶ
408 4862 789 4934 ἀπόπληκτον
822 4865 1120 4928 παντελῶς,
1149 4865 1209 4918 τὸ
1258 4864 1521 4935 ἠξιῶσθαι
1568 4866 1745 4934 λέγειν
1786 4869 1884 4920 αὑ-

263 4956 406 5018 τοὺς
444 4957 557 5024 τῆς
614 4952 885 5017 υίοθεσίας
915 4955 1007 5009 τὸν
1056 4954 1284 5021 Ἰησοῦν,
1334 4954 1427 5007 καὶ¹
1474 4954 1551 5017 ὡς
1577 4957 1633 5009 ὲν
1665 4959 1883 5029 χάριτος

264 5046 455 5119 μοίρᾳ
482 5043 598 5114 τὴν
630 5044 723 5097 ἐπὶ
752 5045 890 5115 τῷδε
907 5045 1064 5109 δόξαν
1088 5046 1246 5099 ἑλεῖν.

340 5142 409 5194 Β.
445 5138 715 5208 Φράσαις
743 5138 810 5194 ἂν
836 5140 1005 5203 ὅπως.

334 5235 407 5285 Α.
461 5230 586 5282 Καὶ
621 5227 787 5296 μάλα.
830 5229 1050 5300 Πρῶτον
1082 5232 1180 5301 μὲν
1228 5233 1358 5303 γὰρ,
1390 5232 1464 5293 ὡς
1508 5231 1664 5299 ἔφην,
1700 5231 1884 5300 ἔτερος

330 5412 381 5443 ’⁸
422 5405 644 5463 Matth.
703 5420 839 5467 l\|l,
874 5405 961 5458 9.9.
1038 5407 1082 5437 "
1129 5410 1292 5462 Exod.
1331 5424 1411 5471 ιιι,
1446 5411 1480 5460 9.
1516 5424 1668 5475 seqq.

1748 5410 1759 5436 ‘
1796 5408 1990 5473 lipiies.
2045 5423 2121 5466 ιιι,
2165 5407 2351 5462 14-16.

1994 4589 2087 4644 lilii
2128 4588 2299 4644 etdii.
2326 4585 2598 4641 Trausiati
2628 4602 2794 4658 porro
2825 4602 3015 4643 sumus
3052 4592 3276 4645 omnino
3320 4592 3385 4646 ad
3416 4607 3565 4647 eam-

1993 4684 2117 4738 dem
2192 4681 2337 4736 illam
2398 4681 2893 4750 snpereminentem
2959 4691 3122 4752 atque
3192 4685 3562 4741 admirandam

1992 4774 2331 4844 dignitatem,
2370 4781 2556 4843 utpote
2605 4773 2940 4829 inbabitante
2991 4774 3046 4829 in
3102 4775 3256 4830 nobis
3290 4777 3565 4846 unigenito

1992 4866 2086 4920 Dei
2120 4866 2312 4919 Verbo.
2352 4864 2576 4935 impium
2611 4880 2738 4920 vero
2771 4875 2825 4921 et
2867 4866 3161 4921 absurdum
3205 4880 3429 4936 prorsus
3456 4868 3564 4923 fue’

1993 4956 2064 5011 rit
2094 4956 2277 5010 dicere
2315 4955 2564 5025 dignatus
2607 4969 2730 5011 esse
2781 4970 2878 5011 nos
2920 4955 3105 5011 Jesum
3155 4955 3451 5023 ﬁliatione,
3498 4972 3564 5013 ac

1996 5048 2155 5102 veluti
2183 5061 2278 5115 per
2297 5046 2525 5118 gratiam
2568 5048 2710 5103 hunc
2739 5047 2996 5102 honorem
3025 5049 3320 5119 accepisse.

2062 5141 2122 5194 Β.
2168 5139 2266 5196 Dic
2303 5138 2595 5209 quomodo.
2616 5176 2617 5179 η

2064 5230 2128 5282 Α.
2173 5227 2376 5285 Dicam.
2401 5228 2641 5283 Primum
2674 5231 2843 5297 enim,
2881 5241 2938 5284 ut
2980 5232 3113 5296 dixi,
3146 5232 3390 5287 diversus
3423 5233 3563 5285 essi-

2431 5410 2449 5439 '
2481 5406 2657 5460 Galat.
2691 5421 2764 5469 tr,
2797 5404 2851 5461 υ,

1541 5584 1688 5638 ΒΟΝ.
1736 5584 2054 5640 VUl.CANli
2098 5586 2326 5641 NOTE.

332 5761 459 5831 (ll)
503 5749 764 5826 Cyrinus
792 5749 1070 5821 Glaphyris
1115 5758 1168 5810 in
1205 5756 1443 5809 Exedunt
1478 5770 1595 5825 cap.
1627 5760 1683 5820 3,
1716 5760 1765 5812 id
1797 5760 1884 5811 latl

1993 5761 2231 5830 explicat.
