4078 6264
595 330 733 388 ηυγ,
1621 324 1676 377 S.
1715 322 1992 379 CYRILLI
2034 318 2506 379 ALEXANDR-INI
2544 316 2869 381 ARCHIEP.
3650 333 3752 391 im

592 460 745 506 stens
804 447 1099 515 scparatim
1152 446 1320 500 Filius
1368 454 1420 499 et
1468 444 1720 500 Christus
1776 454 1831 501 et
1876 443 2165 511 Dominus,

2289 446 2345 499 ὒν
2387 444 2569 509 ίδικῶς
2622 445 2747 507 Υίδς
2778 446 2871 498 καὶ
2896 443 3127 515 Χριστὸς
3169 443 3259 496 καὶ
3287 442 3495 515 Κύριος,
3529 452 3655 519 παρὰ
3688 453 3757 505 τὸν

593 549 789 610 [περιει-
818 538 966 593 illum
1006 540 1098 608 qui
1140 553 1265 591 vere
1296 547 1349 591 et
1390 537 1684 591 secundum
1728 545 2011 601 naturam,
2040 536 2166 591 hinc

2289 534 2445 604 ἰληθῆ
2479 551 2538 586 τε
2568 534 2663 589 καὶ
2704 534 2843 587 κατὰ
2871 533 3051 603 φύσιν,
3099 533 3254 586 νοοῖτ⁹
3287 533 3349 587 ἂν
3392 533 3628 592 ἐντεῦθεν.
3660 536 3759 595 Εῐτσ

597 635 945 704 intelligatur.
986 630 1254 686 Prmterea
1281 629 1421 683 aliud
1451 628 1614 683 etiam
1650 627 1942 682 absurdum
1974 640 2169 684 conse-

594 728 801 798 quitur,
831 724 1104 793 rectisque
1130 720 1634 776 ratiocinationibus
1662 732 1986 789 repugnans.

668 905 727 958 Β.
769 899 1082 969 Quidnam?

664 993 732 1048 Δ.
776 990 1219 1061 Sapientissimus
1264 985 1504 1042 Joannes
1564 984 1632 1041 de
1681 982 1898 1040 Christo
1944 981 2166 1052 inquit:

602 1102 621 1137 ι
656 1084 712 1139 In
763 1084 980 1154 propria
1020 1082 1207 1145 venit,
1260 1091 1314 1133 et
1369 1078 1452 1132 sui
1496 1091 1619 1132 eum
1669 1090 1776 1130 non
1827 1080 2167 1142 receperunt.

598 1178 877 1247 Quotquot
910 1183 1087 1228 autem
1124 1178 1444 1241 receperunt
1469 1183 1613 1233 eum,
1643 1166 1791 1221 dedit
1819 1165 1899 1219 eis
1932 1172 2170 1234 potesta-

600 1279 705 1324 tem
733 1266 879 1321 ﬁlios
927 1264 1018 1317 Dei
1052 1262 1170 1315 ﬁeri
1203 1261 1243 1315 ³.
1290 1279 1309 1312 ι
1341 1258 1443 1324 Qui
1484 1272 1614 1327 ergo
1641 1271 1734 1324 per
1768 1254 1996 1324 gratiam
2036 1253 2172 1307 ﬁlia-

599 1363 800 1416 tionem
860 1364 1183 1413 consecutus
1235 1360 1353 1416 est,
1405 1358 1460 1404 et
1514 1348 1803 1403 ascititiam
1859 1345 2173 1415 dignitatem

600 1451 825 1518 adeptus
853 1454 942 1501 est
988 1442 1199 1499 esse'id
1246 1439 1390 1512 quod
1443 1448 1544 1505 est,
1594 1438 1852 1509 largietur
1877 1435 1997 1489 aliis
2029 1433 2173 1505 quod

603 1540 718 1610 ipse
752 1552 895 1608 aegre
923 1546 1117 1592 nactus
1164 1542 1267 1590 est.
1299 1533 1493 1586 Annon
1542 1529 1636 1585 tibi
1684 1529 1738 1584 id
1772 1528 2174 1584 dissentaneum

598 1645 728 1686 vero
761 1627 1043 1684 videatur?

670 1724 731 1779 Β.
762 1723 1017 1778 Omnino.

2273 623 2409 691 πρὸς
2453 621 2649 692 τούτῳ,
2680 622 2773 675 καὶ
2802 621 2987 693 ἔτερόν
3024 638 3076 673 τι
3115 619 3222 673 τῶν
3252 622 3529 691 ἀμηχάνων
3556 628 3762 698 είσκρίνι-

2271 732 2381 779 ται,
2414 716 2509 769 καὶ
2532 718 2645 778 τοῖς
2663 718 2745 779 είς
2773 715 3042 787 ὀρθότητα
3068 715 3343 787 λογισμοῖς
3369 719 3463 774 οῦκ
3492 721 3764 789 ἀπεοικότως

2271 806 2746 877 ἀντανιστάμενον.

2345 898 2405 953 Β.
2444 898 2518 952 Τὸ
2546 901 2697 952 ποῖόν
2722 918 2773 953 τι
2808 902 2950 971 φής;

2344 990 2409 1044 Α.
2463 989 2521 1042 '0
2570 990 2843 1059 πάνσοφος
2899 990 3152 1060 Ἰωάννης
3197 991 3322 1060 περὶ
3371 991 3585 1063 Χριστοῦ
3629 1010 3771 1066 φησιν’

2278 1099 2299 1133 ι
2340 1082 2435 1146 Et;
2455 1082 2522 1137 τὰ
2552 1083 2662 1137 ῐδια
2689 1078 2843 1153 ἦλθε,
2870 1082 2968 1136 καί¹
2997 1084 3047 1136 oi
3078 1082 3200 1136 ἴδιοι
3223 1083 3380 1137 αὑτὸν
3416 1084 3473 1137 οὐ
3505 1087 3772 1157 παρέλαϐον.

2274 1173 2431 1227 Ὅσοι
2458 1173 2515 1227 δὲ
2545 1172 2736 1228 ελαδον
2760 1172 2944 1238 αὐτόν,
2980 1173 3179 1228 ἔδωκεν
3200 1174 3381 1237 αὐτοῖς
3409 1175 3633 1238 ἐξουσίαν
3647 1179 3777 1230 τέκνα

2272 1265 2407 1319 Θεοῦ
2466 1266 2740 1334 γενέσθαι.
2774 1285 2792 1318 ι
2830 1262 2960 1337 τΔρ*
3002 1261 3096 1319 οὖν
3134 1269 3163 1319 ὁ
3213 1266 3393 1337 χάριτι
3425 1267 3518 1338 τὴν
3561 1268 3779 1322 υἱοθεσίαν

2274 1357 2444 1427 ἔχων,
2494 1361 2588 1411 καὶ
2634 1357 3049 1429 εἰσκεκριμένον
3095 1357 3239 1411 ἑλεῖν
3284 1358 3491 1428 ἀξίωμα
3536 1359 3589 1411 τὺ
3616 1355 3782 1411 εἶναιό

2274 1453 2413 1517 ἔστι,
2449 1451 2724 1522 χαρίσαιτ⁹
2760 1450 2827 1506 ἂν
2876 1450 2971 1505 καὶ
3002 1451 3211 1523 ἑτέροις
3242 1452 3271 1505 ὃ
3297 1453 3616 1522 πεπλούτηκε
3645 1451 3777 1521 μόλις.

2276 1543 2390 1597 Οὐκ
2411 1543 2673 1599 ἀπίθανον
2696 1539 2835 1598 είναί
2869 1560 2951 1597 σοι
2975 1543 3037 1597 τδ
3058 1544 3249 1615 χρῆμα
3274 1544 3453 1609 δοκεί;

2348 1727 2411 1779 Β.
2444 1725 2554 1779 Καὶ
2587 1724 2755 1795 μάλα.

667 1816 733 1871 Δ.
772 1814 925 1882 Quod
952 1827 1078 1867 vero
1134 1826 1237 1867 non
1278 1808 1608 1864 naturaliter
1651 1805 1811 1869 inest,
1854 1808 1950 1860 sed
1998 1803 2174 1873 potius

2349 1820 2413 1871 Α.
2451 1819 2524 1870 Τὸ
2548 1789 2605 1871 δὲ
2633 1818 2707 1889 μὴ
2746 1817 2904 1885 φύσει
2936 1814 3158 1886 προσὸν,
3187 1813 3387 1882 ἔξωθεν
3421 1816 3475 1870 δὲ
3499 1814 3672 1887 μᾶλλον
3706 1815 3789 1867 τίσι

602 1910 953 1965 adventitiam
982 1914 1082 1972 est,
1136 1918 1312 1960 nonne
1344 1901 1508 1957 etiam
1548 1898 1665 1954 iieri
1692 1904 1877 1968 potest
1910 1905 1966 1950 ut
2018 1895 2177 1950 amit-

604 2003 785 2059 tatur?

671 2095 734 2149 Β.
774 2092 1005 2161 Quidni?

673 2191 740 2244 A.
782 2187 926 2242 Fieri
957 2187 1137 2253 itaque
1160 2181 1361 2252 poterit
1381 2187 1519 2234 ιιι-οι
1540 2176 1711 2233 Filius
1733 2170 2021 2242 aliquando
2047 2167 2177 2221 lilia-

605 2280 750 2336 tione
798 2292 894 2332 sua
948 2275 1185 2331 excidat.
1242 2269 1430 2340 Neque
1489 2268 1636 2323 enim
1683 2275 1837 2322 extra
1896 2257 2175 2317 amittendi

602 2373 772 2428 aleam
805 2370 1039 2441 positum
1067 2376 1149 2422 est
1177 2364 1318 2435 quod
1348 2372 1539 2417 natura
1568 2357 1866 2415 stabilitqu
1915 2368 2020 2407 non
2071 2359 2173 2404 est.

672 2547 735 2602 Β.
776 2547 856 2601 lta
877 2544 1112 2599 videtur.

672 2640 738 2695 Δ.
786 2637 891 2693 Sed
919 2647 972 2692 et
999 2635 1104 2689 alia
1136 2632 1343 2687 ratione
1369 2628 1599 2701 perspici
1618 2634 1804 2698 potest
1832 2634 2037 2695 quanta
2065 2632 2179 2678 tur-

604 2731 848 2804 pitudine
878 2726 1319 2794 absurditateque
1350 2722 1561 2776 iilorum
1586 2719 1831 2774 doctrina
1858 2718 1929 2773 sit
1953 2716 2175 2772 referta.

604 2823 737 2878 Nam
768 2824 811 2876 si
836 2833 1022 2875 verum
1064 2828 1166 2883 est,
1196 2814 1249 2869 id
1278 2814 1423 2883 quod
1474 2826 1569 2881 per
1604 2809 1946 2879 adoptionem
1970 2815 2027 2862 et
2050 2820 2177 2876 gra-

604 2919 734 2972 tiam
760 2924 844 2970 est
898 2909 1307 2968 similitudinem
1345 2902 1553 2961 referre
1583 2902 1701 2973 ejus
1732 2901 1874 2972 quod
1916 2897 2179 2955 naturali-

606 3021 687 3066 ter
720 3021 783 3064 ac
817 3020 943 3061 vere
974 3011 1056 3059 est
1085 3021 1098 3058 :
1127 3014 1235 3071 quo
1264 3007 1422 3071 pacto
1452 2997 1625 3053 simus
1666 3009 1765 3049 nos
1803 3008 1902 3063 per
1938 2990 2181 3059 adoptio-

603 3119 726 3159 nem
764 3100 880 3164 filii,
913 3096 1228 3153 relationem
1278 3091 1347 3145 ad
1393 3091 1571 3158 ipsum
1623 3088 1887 3142 habentes
1942 3096 1999 3138 ut
2055 3094 2180 3137 vere

605 3196 832 3257 Filium,
889 3192 934 3246 si
989 3189 1155 3244 etiam
1205 3188 1317 3257 ipse
1376 3183 1657 3238 nobiscum
1706 3180 1849 3234 inter
1888 3174 2178 3244 adoptitios

604 3284 899 3341 censetur?
927 3297 1035 3352 quo
1089 3287 1246 3349 pacto
1289 3289 1468 3331 autem
1528 3273 1584 3328 in
1637 3268 1968 3340 evangelicis
2005 3280 2179 3338 para-

600 3378 744 3434 bolis
797 3386 1053 3444 tanquam
1091 3370 1236 3426 ﬁlius
1295 3367 1526 3422 mittitur
1579 3371 1702 3435 post
1748 3360 1975 3418 servos?
2017 3372 2177 3429 quem

606 3483 727 3523 cum
785 3464 1126 3532 aspexissent
1159 3468 1439 3515 curatores
1484 3456 1678 3518 vinea,
1704 3452 1960 3507 dixerunt
1988 3467 2001 3502 :
2037 3468 2054 3501 t
2082 3448 2179 3503 ilic

606 3565 689 3612 est
735 3557 927 3619 haeres,
970 3552 1173 3614 venite,
1221 3547 1610 3602 interﬁciamus
1653 3558 1776 3598 eum
1796 3542 1838 3597 ⁸.
1869 3560 1887 3594 ι
1929 3540 2024 3595 Est
2076 3539 2178 3609 igi-

607 3658 699 3704 tur
754 3648 801 3702 is
856 3643 945 3714 qui
999 3643 1052 3697 iu
1096 3650 1264 3695 carne
1328 3635 1493 3707 739
1546 3634 1814 3703 apparuit,
1860 3642 1914 3687 et
1964 3631 2182 3686 Judaeu-

611 3755 729 3798 rnnt
780 3737 1038 3794 saevitiam
1091 3737 1349 3802 expertus
1398 3737 1505 3795 est,
1555 3741 1683 3781 vere
1707 3724 1876 3781 Filius
1913 3732 1968 3779 et
2012 3723 2177 3789 liber,

609 3840 793 3903 utpote
843 3846 909 3886 ex
961 3829 1131 3883 libera
1188 3833 1379 3878 natura
1407 3820 1637 3891 genitus,
1662 3824 1719 3872 et
1763 3831 1868 3871 non
1899 3831 1967 3870 ex
1995 3815 2061 3871 iis
2089 3814 2180 3885 qui

608 3927 710 3983 sub
736 3925 867 3993 jugo
892 3930 1041 3985 sunt,
1073 3926 1345 3988 quatenus
1379 3918 1634 3967 censetur
1666 3908 1830 3975 Deus,
1854 3906 2066 3962 tametsi
2102 3906 2183 3960 la-

607 4026 730 4073 etus
759 4016 829 4071 sit
853 4011 1046 4070 similis
1073 4009 1229 4065 nobis
1253 4007 1346 4076 qui
1378 4005 1478 4061 sub
1508 4004 1638 4074 jugo
1675 4013 1988 4065 versamur;
2042 3997 2183 4053 ﬁlius

610 4106 888 4165 servitutis
911 4103 1001 4174 qui
1027 4110 1219 4157 natura
1241 4113 1304 4154 ac
1332 4111 1461 4152 vere
1494 4094 1664 4150 Filius
1687 4098 1793 4156 est,
1814 4092 2011 4161 quique
2028 4097 2180 4144 extra

610 4214 771 4255 omne
795 4202 979 4267 iugum
1010 4192 1157 4247 omni
1197 4198 1445 4244 creatura
1480 4176 1729 4255 superior
1766 4192 1885 4238 est:
1917 4182 1987 4236 ad
2022 4195 2179 4250 quem

612 4306 709 4346 nos
742 4304 837 4358 per
865 4285 1208 4354 adOptionem
1233 4290 1288 4335 et
1315 4279 1542 4350 gratiam
1574 4276 1666 4329 iilii
1696 4272 1909 4329 formati
1935 4287 2143 4329 sumus.

683 4379 743 4429 B.
786 4375 901 4430 Non
933 4373 1183 4435 dicimus,
1224 4369 1493 4438 inquiunt,
1523 4365 1796 4421 hominem
1832 4378 1952 4419 esse
1986 4362 2180 4417 Filium

2280 1908 2661 1979 πεποιημένον
2684 1948 2697 1973 ,
2729 1909 2831 1960 οὐκ
2855 1906 3164 1977 ἀπόϐλητον
3194 1905 3395 1975 γένοιτ’
3422 1906 3506 1972 ἂν,
3534 1908 3657 1961 κατά
3680 1905 3787 1973 γετὸ

2277 1998 2555 2070 ἐγχωροῦν
2571 2016 2585 2063 ;

2350 2090 2411 2143 Β.
2444 2088 2567 2151 Πῶς
2591 2090 2698 2162 γὰρ
2729 2089 2821 2157 οὓς

2352 2178 2415 2232 Α.
2452 2180 2660 2233 Οὐκοῦν
2719 2180 2804 2249 εἴη
2853 2180 2919 2235 ἂν
2960 2181 3071 2235 τῶν
3106 2181 3473 2252 ἐνδεχομένων
3518 2180 3604 2233 καὶ
3650 2178 3793 2232 ἀπολι-

2280 2272 2428 2326 σθεῖν
2455 2290 2588 2325 ποτε
2634 2272 2891 2328 δύνασθαι
2930 2277 3030 2343 τῆς
3072 2275 3323 2347 υίότητος
3360 2274 3449 2327 τὸν
3475 2273 3607 2326 Υίόν.
3630 2270 3793 2339 οὐγὰρ

2278 2362 2590 2418 ἀνύποπτον
2636 2365 2714 2425 είς
2753 2365 3045 2436 ἀποθολὴν,
3084 2366 3115 2420 ὃ
3147 2367 3225 2436 μὴ
3271 2368 3516 2436 φυσικοῖς
3544 2366 3795 2436 ἐρήρεισται

2278 2456 2488 2526 νόμοις.

2352 2545 2412 2600 Β.
2442 2542 2570 2600 Ἶλδε
2611 2547 2746 2617 ἔχει.

2348 2640 2414 2694 Α.
2447 2641 2557 2693 Καὶ
2585 2641 2708 2693 καθ’
2738 2642 2925 2711 ἕτερον
2976 2642 3035 2694 δὲ
3077 2642 3288 2713 τρόπον
3323 2640 3621 2711 καταθεῷτό
3648 2654 3718 2701 τις
3736 2636 3796 2701 ἀνι

2278 2730 2354 2793 ὡς
2387 2730 2621 2795 ἀκαλλὲς
2670 2732 2728 2785 τέ
2768 2734 2905 2797 ἐστι,
2942 2733 3039 2787 καὶ
3086 2734 3189 2805 τῆς
3236 2735 3497 2789 ἀνωτάτω
3543 2728 3802 2789 δυσϐουλίας

2280 2825 2572 2894 ἐπίμεστον
2610 2824 2823 2896 ἀληθῶς
2868 2825 2929 2877 τὸ
2977 2826 3154 2897 δόγμα
3205 2829 3413 2889 αὐτοῖς.
3451 2827 3511 2879 Εί
3554 2825 3650 2894 γάρ
3694 2823 3801 2874 ἐστιν

2279 2915 2496 2985 ἀληθὲς,
2521 2915 2597 2979 ὡς
2622 2917 2682 2970 τὸ
2720 2918 2861 2971 κατὰ
2883 2916 3032 2970 θέσιν
3061 2919 3156 2972 καὶ
3190 2920 3359 2991 χάριν
3390 2918 3474 2973 ἀεί
3499 2936 3606 2981 πως
3630 2916 3751 2970 ἐστὶν
3767 2915 3805 2965 ὲν

2279 3008 2538 3079 ὁμοιώσει
2582 3008 2677 3062 τοῦ
2710 3010 2852 3063 κατὰ
2896 3010 3061 3081 φύσιν
3090 3013 3186 3066 καὶ
3241 3013 3518 3084 ἀλήθειαν,
3546 3009 3651 3071 πῶς
3688 3006 3807 3076 ἡμεῖς

2281 3099 2423 3153 κατὰ
2448 3099 2597 3154 θέσιν
2630 3101 2754 3164 υἱοὶ,
2798 3101 2936 3172 πρὸς
2965 3103 3127 3156 αὐτὸν
3178 3103 3403 3176 ἔχοντες
3449 3103 3544 3175 τὴν
3586 3094 3807 3167 ἀναφορὰν

2283 3188 2361 3252 ὼς
2393 3190 2528 3260 πρὸς
2553 3189 2681 3244 Υίὸν
2708 3190 2944 3262 ἀληθῶς,
2972 3194 3019 3247 εί
3047 3195 3137 3247 καὶ
3158 3196 3332 3259 αὐτὸς
3363 3194 3479 3266 μεθ’
3500 3192 3644 3264 ἡμῶν
3667 3188 3806 3245 ἐντοῖς

2287 3279 2429 3334 κατὰ
2462 3282 2621 3352 χάριν
2669 3282 2783 3335 ὲστί
2803 3300 2818 3341 :
2849 3284 2965 3346 πῶς
3010 3283 3067 3337 δὲ
3101 3284 3195 3338 καὶ
3227 3287 3288 3339 ὲν
3330 3288 3454 3347 ταῖς
3493 3278 3809 3350 εὐαγγελικαῖς

2288 3373 2646 3444 παραϐολαῖς,
2680 3375 2756 3439 ὡς
2790 3376 2903 3440 υίὸς
2944 3376 3224 3447 πέμπεται
3274 3382 3416 3450 μετὰ
3449 3378 3572 3440 τοὺς
3615 3372 3808 3431 abduc;

2287 3464 2345 3517 ὃν
2375 3466 2677 3537 ἑωρακότες
2705 3467 2754 3518 οἱ
2795 3466 2889 3519 τοῦ
2926 3467 3256 3538 ἀμπελῶνος
3301 3466 3603 3538 μελεὼνοί·
3641 3484 3657 3516 t
3688 3454 3812 3519 οὗτός

2288 3555 2438 3609 ἐστιν
2482 3558 2510 3609 ό
2558 3557 2915 3629 κληρονόμος
2948 3558 3122 3626 δεῦτε,
3166 3561 3582 3629 ἀποκτείνωμεν
3627 3552 3810 3607 αὐτόν.»

2293 3647 2449 3700 Ἐστι
2482 3648 2659 3701 τοίνυν
2685 3650 2714 3703 ό
2746 3650 2805 3703 ὲν
2835 3650 2999 3721 σαρκὶ
3028 3651 3316 3722 πεφηνὼς,
3349 3653 3445 3706 καὶ
3473 3651 3565 3720 τῆς
3600 3643 3816 3701 Ἰουδαίων

2290 3733 2610 3804 σκαιότητος
2636 3737 2715 3799 είς
2741 3740 2932 3807 πεῖραν
2959 3737 3151 3808 ἐλθὼν,
3184 3740 3320 3805 Υίδς
3353 3740 3580 3812 ἀληθῶς,
3608 3737 3687 3790 καὶ
3705 3729 3818 3785 ἐλεό-

2290 3824 2467 3896 θερος,
2492 3827 2569 3901 ᾡς
2603 3828 2819 3896 φύσεως
2859 3830 3101 3901 δηλονότι
3141 3836 3248 3905 τῆς
3302 3833 3587 3903 ἐλευθέρας
3629 3829 3819 3890 ἐκπεφυ-

2290 3917 2421 3983 κὼς,
2467 3921 2561 3973 καὶ
2605 3921 2707 3973 οὐκ
2739 3921 2796 3974 ἐν
2844 3939 2908 3990 γε
2956 3926 3069 3988 τοῖς
3112 3925 3243 3977 ὑπὸη
3274 3925 3466 3994 ζυγὸν,
3497 3921 3622 3976 καθὸ
3662 3918 3818 3971 νοεῖται

2289 4009 2442 4074 Θεὸς,
2484 4012 2577 4064 καὶ
2611 4014 2659 4065 εί
2693 4014 2882 4082 γέγονε
2913 4014 3036 4069 καθ’
3070 4017 3220 4087 ἡμᾶς
3250 4012 3383 4082 τοῦς
3406 4016 3509 4069 ὑπὸ
3540 4012 3705 4080 ζυγὸν,
3725 4008 3817 4061 δου-

2289 4104 2438 4168 λείας
2472 4106 2604 4169 υίὸς,
2636 4107 2664 4158 ό
2694 4106 2840 4172 Υίὸς,
2872 4108 2948 4171 ὼς
2974 4108 3133 4179 ἔφην,
3167 4109 3337 4179 φύσει
3373 4126 3435 4162 τε
3465 4108 3555 4162 καὶ
3583 4097 3819 4172 smmi

2291 4196 2435 4267 πέρα
2460 4196 2628 4265 ζυγοῦ
2664 4199 2758 4251 καὶ
2787 4199 2925 4270 ὑπὲρ
2956 4199 3057 4272 τὴν
3089 4201 3271 4255 κτίσιν
3292 4217 3307 4231 ·
3340 4202 3478 4273 πρὸς
3505 4199 3561 4251 ὅν
3590 4197 3673 4250 καὶ
3696 4189 3819 4263 ἡμεῖς

2288 4290 2338 4341 οἱ
2364 4290 2501 4343 κατὰ
2533 4289 2681 4342 θέσιν
2706 4291 2799 4342 καὶ
2836 4291 2997 4363 χάριν
3028 4292 3135 4345 υίοὶ
3166 4290 3600 4364 μεμορφώμεθα.

2360 4381 2421 4434 Β.
2462 4381 2537 4433 Οὐ
2591 4380 2844 4453 λέγομεν,
2887 4383 3044 4451 φασὶ,
3098 4383 3190 4437 τὸν
3227 4385 3545 4455 ἄνθρωπον,
3576 4378 3691 4432 Υἱδν
3718 4367 3819 4426 εἶναι

615 4470 730 4537 Dei,
763 4482 829 4522 ne
865 4467 999 4522 duos
1032 4472 1227 4519 natura
1278 4461 1417 4515 ﬁlios
1466 4466 1787 4514 statuamus.
1825 4454 2177 4521 Quemadmo-

2289 4468 2381 4521 τοῦ
2412 4469 2569 4537 Θεοῦ,
2617 4471 2704 4523 ἵνα
2742 4470 2819 4542 μὴ
2852 4470 2946 4524 δύο
2982 4472 3143 4541 φύσει
3175 4454 3346 4536 υἱοὺς
3377 4476 3634 4539 εἴπωμεν.
3657 4466 3822 4527 Ὠσπερ

613 4562 739 4616 dum
788 4558 931 4614 enim
982 4554 1218 4611 Verbum
1262 4552 1404 4621 quod
1448 4565 1517 4603 ex
1558 4547 1714 4603 ccelis
1747 4545 2029 4602 descendit
2076 4559 2177 4599 non

2289 4560 2398 4652 γᾴρ
2420 4563 2448 4614 ὁ
2485 4562 2546 4625 ἐξ
2576 4563 2823 4633 οὐρανῶν
2860 4563 3139 4619 κατελθὼν
3181 4566 3383 4634 Λόγος,
3420 4565 3521 4618 οὐκ
3566 4562 3672 4613 ἐστι
3715 4551 3824 4608 κατὰ

613 4664 697 4707 est
725 4648 1023 4706 secundum
1078 4653 1329 4699 naturam
1375 4641 1514 4695 ﬁlius
1560 4636 1766 4692 David:
1816 4636 1889 4691 ita
1923 4650 2099 4706 neque
2141 4636 2177 4692 is

2290 4651 2454 4720 φύσιν
2486 4653 2601 4716 υίὸς
2649 4653 2743 4707 τοῦ
2794 4655 2980 4719 Δαὸὶδ,
3028 4654 3201 4719 οὕτως
3233 4655 3365 4709 οὐδὲ
3401 4658 3432 4708 ὁ
3463 4656 3525 4707 ἐκ
3562 4650 3826 4721 σπέρματος

612 4744 813 4814 quiest
848 4756 916 4797 ex
942 4737 1148 4795 semine
1198 4734 1366 4789 David
1412 4740 1496 4787 est
1538 4728 1706 4786 Filius
1754 4727 1846 4784 Dei
1888 4728 2184 4783 secundum

615 4847 889 4892 naturam.

682 4929 748 4982 A.
790 4924 1103 4980 Dividentur
1133 4919 1318 4989 itaque
1347 4917 1401 4972 in
1445 4915 1580 4971 duos
1606 4913 1781 4980 ﬁlios,
1819 4920 1984 4982 atque
2025 4912 2186 4965 ambo

614 5020 753 5076 falso
806 5019 879 5075 ita
931 5013 1188 5088 appellari
1225 5006 1736 5081 deprchendemur?
1789 5004 2000 5059 Dixerit
2059 5016 2186 5058 vero

614 5114 808 5183 aliquis
843 5110 1054 5164 inanem
1087 5120 1152 5160 ac
1186 5117 1378 5158 vanam
1415 5100 1772 5171 imposturam
1816 5109 1936 5154 esse
1981 5092 2185 5151 Christi

610 5203 951 5280 mysterium.
981 5202 1027 5256 si
1063 5202 1135 5254 lta
1168 5211 1230 5253 se
1257 5210 1343 5251 res
1363 5194 1529 5250 habet
1557 5202 1719 5261 atque
1748 5189 1903 5246 deliri
1945 5187 2185 5244 haeretici

613 5298 821 5351 volunt.
869 5298 1125 5362 Quaenam
1168 5290 1332 5360 igitur
1377 5288 1483 5343 erit
1540 5285 1767 5341 unitas?
1815 5292 1910 5339 aut
1966 5298 2072 5353 qua
2119 5284 2187 5337 de

614 5404 774 5444 causa
797 5387 991 5442 laetam
1012 5385 1157 5440 illam
1185 5380 1401 5439 dicent?
1418 5378 1728 5445 Quinetiam
1755 5376 1949 5431 falsum
1971 5390 2187 5446 quoque

618 5474 799 5540 fuerit,
825 5478 965 5544 quod
996 5472 1173 5528 iactus
1196 5471 1266 5527 sit
1288 5484 1442 5532 Caro,
1467 5477 1522 5523 et
1550 5480 2010 5537 supervacaneum
2036 5480 2186 5521 com-

619 5575 858 5620 mentum
886 5567 1009 5633 erit,
1046 5566 1090 5620 si
1119 5579 1226 5619 non
1266 5571 1492 5617 vocatus
1533 5561 1604 5615 sit
1647 5560 1793 5616 iilius
1838 5557 2006 5614 David
2046 5556 2182 5615 Ver-

690 5726 710 5756 ³
735 5730 891 5792 Juan.
923 5748 959 5798 |,
995 5736 1080 5799 li,
1117 5734 1204 5789 12.
1280 5735 1300 5766 ’⁵
1332 5734 1523 5789 Matth.
1564 5750 1672 5799 rm,
1704 5733 1793 5788 '58.

2286 4743 2381 4797 τοῦ
2412 4744 2595 4810 Δασὶδ,
2636 4746 2763 4809 Υἱός
2800 4748 2918 4800 ἐστι
2947 4747 3090 4803 κατὰ
3117 4748 3283 4819 φύσιν
3310 4746 3413 4800 τοῦ
3434 4744 3588 4799 Θεοῦ.

2358 4924 2423 4977 Δ.
2466 4924 2927 4995 Διατετμήσονται
2953 4924 3016 4996 δὴ
3046 4920 3138 4980 οὖν
3157 4927 3237 4990 είς
3266 4924 3423 4986 υίοὺς
3452 4922 3564 4986 δύο,
3588 4919 3675 4972 καὶ
3699 4916 3828 4984 ἄμφω

2288 5012 2632 5084 ψευδώνυμοι
2664 5017 3108 5087 καταφωραθεῖεν
3137 5017 3222 5084 iv;
3255 5016 3401 5084 Φαίη
3422 5016 3468 5068 δ’
3484 5014 3573 5077 ἂν,
3586 5007 3742 5079 οἶμαι,
3770 5001 3828 5058 τὶς

2287 5105 2492 5157 είκαίον
2549 5099 2687 5159 εἶναι
2733 5106 3086 5177 φενακισμὸν,
3146 5107 3203 5160 τὸ
3254 5103 3500 5177 Χριστοῦ
3554 5099 3826 5171 μυστήριον,

2289 5194 2447 5265 ειπερ
2474 5187 2578 5249 ὦδε
2614 5196 2729 5267 ἔχει
2759 5196 2903 5252 καθὰ
2936 5197 3231 5267 ληροῦντές
3262 5213 3437 5266 φασιν
3468 5196 3521 5248 oi
3552 5189 3824 5247 διεναντίας·

2290 5286 2401 5339 Ποῦ
2427 5287 2719 5358 τοιγαροῦν
2741 5290 2775 5359 ἠ
2813 5288 3029 5354 ἓνωσις,
3059 5290 3154 5344 καὶ
3181 5288 3270 5356 ἐφ’
3294 5287 3407 5358 ὅτῳ
3439 5281 3730 5355 πεπρᾶχθαι
3750 5288 3828 5341 φφ

2293 5377 2375 5431 σὶν
2403 5378 2607 5452 αὐτήν;
2648 5380 2717 5433 Ἦ
2747 5381 2891 5451 τάχα.
2919 5398 3044 5446 που,
3074 5382 3169 5436 καὶ
3195 5378 3259 5433 τὸ
3287 5377 3551 5448 γενέσθαι
3580 5374 3741 5443 σάρκα
3760 5362 3832 5417 τὸν

2290 5469 2484 5537 Λόγον,
2524 5471 2625 5523 οὐκ
2658 5470 2859 5543 ἀληθὲς
2887 5472 2946 5525 ὃν
2975 5471 3317 5541 ἑκφαίνιται,
3342 5470 3439 5524 καὶ
3470 5459 3724 5536 περιττῶς
3742 5455 3833 5543 ﬂ?“

2290 5562 2713 5631 κεκομισμένον,
2736 5541 2783 5616 εί
2833 5564 2909 5636 μὴ
2960 5563 3375 5635 κεχρημάτικεν
3405 5558 3535 5622 Tib;
3566 5552 3655 5611 τοῦ
3676 5541 3833 5604 Δαὸἧν

3938 2136 3941 2357 4
