4078 6264
349 284 487 342 1107

1479 285 1670 354 QUOD
1715 291 1896 351 UNUS
1934 295 2040 372 SIT
2081 298 2448 366 CHRISTUS.

3476 330 3610 389 ιεοε

346 404 376 454 6
405 401 471 457 ἔκ
508 399 646 457 Θεοῦ
675 399 890 472 Πατρδς
916 401 1108 470 Λόγος,
1135 401 1306 458 διὰτὸ
1338 405 1402 460 ὲκ
1427 409 1739 482 σπέρματος
1768 415 1911 470 αὐτοὶ

2040 419 2163 477 bum
2193 439 2259 480 ex
2297 424 2411 484 Deo
2457 427 2637 488 Patre.
2680 432 2842 504 Atqui
2893 441 3197 493 censuerim
3240 441 3358 500 Illos
3389 460 3420 500 ι
3456 449 3610 507 nobis

347 492 604 564 γενέσθαι
627 491 770 562 κο,τὰ
799 491 899 564 τὴν
933 495 1132 566 σάρκα.
1162 495 1375 567 Χρῆναι
1403 499 1459 552 δὲ
1481 495 1635 572 οἶμαι
1666 505 1760 558 καὶ
1797 507 1911 577 πρὸ.

2038 512 2267 582 idipsum
2305 519 2495 574 audire
2523 520 2742 588 debere,
2769 491 2914 595 quod

349 587 506 659 ἡμῶν
540 585 762 641 ἀκούειν
809 586 1040 650 αὐτοὺς,
1085 586 1145 640 τὸ
1195 592 1323 661 παρ’
1355 591 1522 645 αὑτοῦ
1569 593 1662 648 τοῦ
1696 597 1932 668 Χριστοῦ

353 682 459 743 τοῖς
487 679 754 732 Ἰουδαίων
786 676 1127 748 καθηγηταῖς
1154 680 1463 752 είρημένοψ
1501 705 1518 736 ι
1545 687 1608 739 Τί
1639 689 1765 758 ὑμῖν
1789 690 1934 745 δοκεῖ

349 769 479 842 περὶ
502 769 595 822 τοῦ
623 767 896 840 Χριστοῦ;
925 769 1068 832 τίνος
1084 769 1198 835 υἱός
1225 774 1374 839 ὲστις
1401 793 1418 824 ι
1443 777 1562 830 Κᾶν
1586 780 1634 831 εί
1668 784 1824 849 φαῖεν
1849 784 1931 838 ὅτι

346 861 437 915 τοῦ
469 861 653 927 Δαὸὶδ,
696 860 1020 915 ἀκούσονται
1055 862 1192 933 πρὸς
1232 864 1409 935 ἡμῶν
1444 885 1461 917 ι
1484 868 1610 933 Πῶς
1641 867 1733 925 οὖν
1765 874 1930 929 Δαϐὶδ

344 959 404 1008 ὲν
434 955 712 1026 Πνεύματι
742 953 949 1027 Κύριον
995 955 1160 1008 αὑτὸν
1195 957 1367 1022 καλεῖ,
1418 959 1613 1029 λέγων’
1651 981 1670 1014 ι
1705 960 1871 1019 Εἶπεν
1900 968 1928 1020 6

342 1045 547 1119 Κύριος
577 1045 656 1116 τῷ
684 1045 876 1118 Κυρίῳ
909 1063 1030 1117 μου·
1061 1047 1244 1102 Κάθου
1269 1053 1333 1103 ὲκ
1356 1051 1546 1118 δεξιῶν
1578 1074 1701 1126 μου,
1732 1059 1836 1122 ἕως
1861 1059 1928 1114 ἂν

345 1133 424 1186 θῶ
465 1135 601 1197 τοὺς
629 1133 859 1205 ἐχθρούς
909 1152 1002 1188 σου
1061 1137 1357 1192 ὑποπόδιον
1401 1141 1510 1194 τῶν
1575 1145 1753 1200 ποδῶν
1796 1165 1923 1215 σου;

342 1227 409 1279 El
437 1222 530 1280 οῦν
558 1227 733 1281 Δασὶδ·
754 1229 815 1282 ἐν
843 1228 1126 1300 Πνεύματι
1162 1232 1319 1286 καλεῖ
1346 1234 1510 1290 αὑτὸν
1544 1238 1770 1310 Κύριον,
1809 1243 1924 1308 πῶς

344 1317 470 1382 Υἱὸς
494 1317 656 1372 αὐτοῦ
677 1320 878 1384 ἐστιν,›
907 1322 935 1374 6
967 1320 1042 1392 μὴ
1074 1323 1213 1376 κατά
1236 1325 1394 1392 φύσιν
1425 1327 1520 1381 καὶ
1537 1329 1751 1402 άληθῶς
1774 1334 1918 1403 Υίὸς,

343 1411 486 1463 καθά
518 1428 682 1480 φασιν
731 1413 781 1464 οἱ
815 1412 1118 1478 διεναντίας
1140 1455 1154 1478 ,
1191 1418 1500 1489 συνεδρεύει
1530 1439 1590 1476 τε
1618 1417 1713 1496 ’τῷ
1769 1426 1917 1499 Θεῷ,

340 1501 432 1554 καὶ
459 1502 772 1573 ὀμόθρονος,
804 1503 928 1557 είπέ
973 1522 1086 1575 μοι,
1116 1507 1194 1579 τῷ
1245 1511 1466 1567 πάντων
1502 1517 1793 1586 κρατοῦντι
1835 1520 1920 1590 γί-

336 1610 522 1659 νεταις
580 1595 804 1659 Καίτοι,
857 1596 1002 1650 καθά
1068 1615 1234 1667 φησιν
1283 1601 1311 1654 ὁ
1358 1603 1633 1675 πάνσοφος
1685 1610 1916 1677 Παῦλος,

336 1684 514 1737 οὐδενὶ
584 1684 802 1740 πώποτε
870 1688 979 1740 τῶν
1031 1689 1280 1759 ἀγγέλων
1336 1693 1561 1766 εἴρηκεν
1619 1701 1649 1753 6
1699 1701 1912 1774 Πατήρ·

2036 617 2153 656 rum
2192 605 2524 676 principibus
2573 614 2751 672 dixit:
2811 634 2831 668 ι
2889 617 3027 684 Quid
3079 623 3231 678 vobis
3280 625 3494 682 videtur
3542 631 3609 686 de

2033 693 2294 751 Christo?
2326 701 2479 770 cujus
2515 702 2662 760 ﬁlius.
2682 716 2768 762 est
2798 709 2864 763 ⁸2
2903 729 2923 761 ι
2956 709 3109 778 Quod
3141 714 3186 769 si
3212 716 3470 781 dixerint.
3508 722 3609 775 Da-

2033 785 2191 852 vidis,
2241 791 2461 848 audient
2507 810 2536 848 a
2593 797 2792 854 nobis:
2845 818 2866 852 ι
2898 801 3177 869 Quomodo
3230 808 3394 879 igitur
3441 809 3608 868 David

2033 875 2316 934 Dominum
2367 884 2541 953 ipsum
2590 887 2646 944 in
2697 889 2900 961 Spiritu
2959 907 3138 963 vocat,
3188 875 3418 958 dicens:
3464 903 3608 959 Dixit

2029 967 2292 1025 Dominus
2320 970 2548 1032 Domino
2576 993 2696 1034 meo
2729 999 2742 1036 :
2775 981 2914 1038 Sede
2946 998 2985 1039 ai
3005 987 3209 1044 dextris
3242 991 3398 1058 meis,
3430 992 3606 1048 donec

2029 1075 2220 1129 ponam
2257 1063 2506 1122 inimicos
2536 1078 2654 1126 tuos
2676 1073 2972 1131 scabellum
3020 1081 3213 1149 pedum
3248 1086 3508 1140 tuorum?
3547 1087 3602 1142 Si

2025 1165 2156 1223 ergo
2182 1152 2345 1208 David
2379 1156 2440 1210 in
2464 1157 2666 1228 Spiritu
2696 1173 2854 1219 vocat
2887 1166 3061 1235 ipsum
3111 1171 3396 1229 Dominum
3419 1216 3434 1243 ,
3469 1192 3598 1248 quo-

2027 1244 2185 1297 modo
2207 1243 2358 1302 titius.
2377 1247 2493 1316 ejus
2517 1258 2653 1316 est,»
2682 1254 2772 1324 qui
2801 1269 2907 1310 non
2931 1267 3014 1313 est
3043 1262 3364 1320 naturaliter
3380 1281 3443 1320 ac
3474 1243 3600 1324 vere

2025 1330 2192 1389 Filius
2229 1334 2269 1401 ⁸,
2321 1348 2377 1392 ιιι
2440 1340 2676 1397 haeretici
2716 1347 2980 1402 censent?
3008 1360 3100 1404 aut
3127 1367 3234 1419 quo
3269 1365 3427 1421 pacto
3461 1359 3595 1411 assio

2022 1425 2109 1480 det
2145 1427 2253 1483 Deo
2294 1431 2458 1487 totius
2499 1437 2737 1492 universi
2792 1436 3060 1495 Domino?
3102 1443 3286 1512 Atqui,
3338 1448 3598 1515 quemad-

2021 1519 2238 1574 modum
2283 1523 2718 1593 sapientissimus
2770 1526 2970 1584 Paulus
3021 1530 3219 1602 inquit,
3254 1535 3455 1589 nemini
3491 1551 3595 1590 un-

2017 1623 2179 1678 quam
2229 1614 2541 1684 angelorum
2596 1618 2734 1673 dixit
2781 1620 2986 1677 Pater:
3045 1641 3064 1675 ι
3123 1623 3292 1681 Filius
3347 1642 3496 1682 meus
3537 1644 3596 1684 es

2022 1710 2076 1754 tu
2101 1702 2145 1756 τ.
2188 1721 2206 1754 ›
2251 1704 2355 1758 Sed
2389 1722 2602 1776 neque:
2642 1728 2661 1761 ι
2699 1709 2836 1766 Sede
2869 1728 2897 1765 a
2937 1712 3142 1768 dextris
3165 1716 3299 1770 meis
3320 1716 3362 1770 ⁸.
3400 1736 3419 1770 ι
3452 1715 3593 1772 Prte-

345 1795 365 1828 ι
397 1776 526 1840 Υίός
570 1795 670 1847 μου
705 1777 755 1832 si
789 1779 872 1834 σύ.
908 1799 928 1832 ι
968 1782 1110 1836 Ἀλλ’
1139 1784 1282 1838 οὐδέ·
1328 1805 1346 1838 t
1381 1789 1564 1844 Κάθου
1619 1793 1684 1846 ἐκ
1725 1793 1911 1860 δεξιῶν

2018 1799 2166 1848 terea
2194 1799 2462 1864 quomodo
2487 1801 2536 1853 in
2573 1816 2826 1870 suprema
2857 1804 2943 1857 illa
2971 1807 3234 1876 dignitate
3286 1817 3344 1862 et
3370 1808 3422 1862 in
3459 1811 3596 1866 solio

342 1885 465 1938 μου.
503 1887 520 1918 ι
556 1867 706 1934 Εἶτα,
746 1871 862 1936 πῶς
891 1874 950 1927 ὲν
977 1877 1092 1939 τοῖς
1132 1876 1460 1948 ὑπερτάτοις
1498 1881 1794 1956 ἀξιώμασι,
1823 1890 1916 1942 καὶ

336 1965 395 2016 ἑν
429 1967 540 2027 τοῖς
564 1966 662 2036 τῆς
689 1965 943 2039 θεότητος
976 1969 1166 2036 θάκοις
1191 1973 1220 2024 6
1250 1974 1315 2026 ὲκ
1337 1977 1620 2042 γυναικὸς,
1647 1979 1741 2032 καὶ
1771 1981 1915 2053 πέρα

333 2053 517 2124 πάσης
548 2056 746 2127 Ἀρχῆς
779 2060 872 2112 καὶ
892 2061 1250 2133 κυριότητος,
1281 2064 1497 2136 Θρὸνων
1522 2085 1580 2122 τε
1607 2071 1702 2123 καὶ
1729 2072 1916 2138 Ἑξου-

335 2145 475 2212 σίας,
530 2149 624 2202 καὶ
673 2152 876 2216 παντὸς
921 2153 1186 2225 ὀνόματος
1236 2157 1675 2230 ὀνομαζομένου;
1724 2165 1915 2237 Ἀθρει

329 2239 409 2304 δὲ,
427 2241 574 2305 ὅπως
593 2244 621 2295 6
652 2243 854 2316 Κύριος
883 2245 1076 2314 λέγων’
1101 2266 1119 2299 ι
1147 2249 1207 2302 Ei
1235 2245 1329 2304 οῦν
1357 2251 1522 2306 Δασὶδ
1551 2255 1608 2307 ὲν
1637 2256 1914 2327 Πνεύματι

331 2329 538 2400 Κύριον
591 2331 880 2404 ὀνομάζει,
927 2337 1045 2403 πῶς
1096 2341 1210 2404 υίὸς
1258 2340 1423 2396 αὑτοῦ
1461 2344 1609 2412 tam;
1650 2365 1668 2398 ι
1699 2351 1915 2419 φρονεῖν

333 2420 623 2474 ἀναπείθει
648 2424 776 2487 τοὺς
803 2426 960 2498 οἵπερ
980 2428 1046 2482 ἂν
1075 2425 1183 2484 εἶεν
1204 2431 1302 2502 τῆς
1323 2431 1577 2506 ἀληθείας
1601 2437 1911 2508 ὲρευνηταὶ,

331 2508 408 2599 (Et;
441 2513 499 2564 ἑν
534 2513 749 2583 μεθέξει
783 2517 984 2588 σαρκὸς
1009 2519 1103 2573 καὶ
1131 2520 1364 2591 αἵματος
1390 2526 1630 2594 γεγονὼς
1657 2529 1686 2581 6
1717 2529 1911 2599 Λόγος,

333 2596 412 2664 εἷς
447 2604 727 2676 μεμένηκε
759 2607 854 2661 καὶ
874 2607 1046 2674 οὕτως
1085 2612 1234 2680 Υίδς,
1265 2616 1346 2668 ἔτι
1388 2619 1487 2688 μέν
1521 2619 1636 2674 ἐστι
1663 2596 1817 2687 Θεὸς,
1849 2625 1914 2677 ὲκ

330 2691 666 2766 θεοπρεποῦς
687 2700 959 2771 ὑπεροχῆς
984 2704 1080 2757 καὶ
1105 2706 1426 2778 κυριότητος
1445 2713 1909 2784 μαρτυρούμενος·

327 2785 410 2839 δτι
441 2785 498 2840 δὲ
531 2787 770 2861 πέφηνεν
813 2791 1121 2864 ἄνθρωπος,
1153 2795 1248 2850 τοῦ
1285 2799 1378 2852 καὶ
1417 2800 1546 2854 Υίοῦ
1569 2806 1911 2875 χρηματίσαι

330 2877 494 2931 Δασὶδ
514 2875 573 2934 εὖ
613 2881 760 2951 μάλα
786 2885 1311 2957 κατασημαίνοντος.

405 2972 461 3026 Β.
503 2975 664 3028 Φαῖεν
708 2978 772 3031 ἂν
816 2979 947 3044 ἴσως
987 2983 1081 3036 καὶ
1109 2984 1246 3054 πρός
1277 3003 1340 3053 γε
1366 2987 1560 3053 ταῦτα,
1589 2991 1911 3063 διατεκμαί-

332 3081 496 3136 ρομαι
523 3069 648 3140 γάρ·
673 3066 799 3140 'Ap’
825 3075 888 3126 ἐκ
917 3075 1017 3144 τῆς
1049 3076 1236 3140 οὐσίας
1261 3078 1356 3132 τοῦ
1387 3079 1521 3134 Θεοῦ
1557 3085 1648 3135 καὶ
1679 3085 1909 3156 Πατρὸς,

2020 1885 2322 1942 divinitatis
2349 1889 2554 1945 sedebit
2579 1893 2673 1962 qui
2705 1907 2770 1948 ex
2805 1894 3030 1950 muliere
3070 1907 3231 1954 natus
3269 1908 3374 1963 est,
3403 1915 3598 1970 supra-

2019 1991 2123 2045 que
2148 1992 2338 2032 omnes
2363 1978 2707 2048 Principatus
2739 1993 2794 2040 et
2827 1987 3233 2045 nominationes
3259 2005 3324 2045 ac
3349 1989 3599 2050 Turonos

2018 2080 2072 2125 et
2098 2069 2437 2138 Potestates,
2483 2091 2756 2146 supraque
2805 2093 2967 2136 omne
3011 2095 3205 2138 nomen
3254 2085 3398 2153 quod
3437 2100 3600 2143 voca-

2019 2163 2192 2217 tur’?
2257 2164 2645 2224 Animadverte
2725 2184 2852 2226 vero
2931 2187 3041 2242 quo
3110 2183 3271 2244 pacto
3331 2174 3596 2234 Dominus

2015 2254 2240 2312 dicens:
2277 2276 2295 2308 ι
2334 2257 2390 2312 Si
2416 2274 2546 2330 ergo
2579 2259 2748 2316 David
2777 2262 2831 2316 in
2858 2261 3064 2333 Spiritu
3097 2267 3386 2323 Dominum
3415 2280 3594 2338 vocat,

2017 2348 2291 2413 quomodo
2310 2347 2481 2404 Filius
2512 2349 2628 2417 ejus
2653 2354 2770 2407 est?
2799 2373 2818 2406 ι
2843 2356 3090 2413 veritatis
3122 2358 3596 2430 investigatoribus

2017 2437 2346 2506 persuadere
2381 2441 2492 2494 vult
2514 2442 2655 2510 quod
2688 2443 2926 2500 Verbum
2959 2445 3054 2502 Dei
3080 2450 3264 2506 carnis
3291 2462 3346 2507 et
3371 2455 3596 2525 sangui—

2018 2529 2101 2583 nis
2144 2534 2414 2603 particeps
2447 2534 2670 2602 factum,
2702 2537 2866 2592 etiam
2906 2540 3010 2596 hoc
3041 2552 3200 2610 pacto
3232 2546 3432 2600 mansit
3457 2562 3596 2603 unus

2018 2622 2182 2696 750
2203 2625 2390 2692 Filius,
2431 2629 2593 2684 Deum
2642 2631 2858 2700 quidem
2900 2647 3021 2688 esse
3065 2648 3132 2688 ex
3167 2633 3348 2688 divina
3403 2651 3594 2705 super.

2013 2719 2304 2773 eminentia
2335 2730 2387 2774 et
2416 2721 2786 2778 dominatione
2818 2721 3137 2790 declarans;
3161 2726 3434 2782 hominem
3467 2742 3597 2782 vero

2017 2807 2238 2873 fartum,
2275 2825 2370 2880 per
2398 2811 2449 2866 id
2486 2814 2629 2882 quod
2665 2825 2820 2870 vocet
2854 2814 3050 2871 Filium
3081 2817 3270 2872 David.

2088 2986 2147 3039 Β.
2191 2988 2436 3044 Dixerint
2463 2990 2529 3045 ad
2561 2991 2676 3045 haec
2702 2991 2955 3058 fortasse,
2988 3004 3251 3063 quantum
3277 2996 3592 3068 conjectura

2013 3080 2272 3148 consequi
2310 3095 2529 3150 possum
2563 3098 2579 3135 :
2613 3081 2755 3152 Ergo
2797 3100 2864 3139 ex
2903 3088 3134 3142 essentia
3183 3087 3276 3142 Dei
3313 3104 3375 3145 ac
3415 3090 3594 3146 Patria

329 3160 426 3213 καὶ
478 3161 638 3216 αὐτὸν
689 3160 829 3219 εἶναι
889 3142 1134 3239 δώσομεν
1182 3171 1276 3224 τὸν
1319 3173 1384 3225 ὲκ
1439 3175 1755 3246 σπέρματος
1799 3142 1908 3233 ’τοῦ

2015 3171 2294 3226 fatendum
2328 3173 2488 3228 fuerit
2518 3191 2638 3231 esse
2667 3177 2831 3232 etiam
2879 3193 3002 3234 eum
3043 3181 3134 3250 qui
3171 3191 3349 3237 estex
3387 3185 3594 3241 semine

325 3253 493 3308 Δασίδ
511 3271 525 3321 ;

399 3349 465 3403 Λ.
498 3349 692 3404 Καίτοι
726 3351 843 3415 πῶς
899 3354 930 3423 ὴ
964 3354 1142 3408 τοιάδε
1176 3355 1371 3420 πεῦσις
1419 3359 1480 3410 οὺ
1522 3359 1655 3412 πολὺ
1688 3361 1751 3430 δὴ
1787 3362 1908 3416 λίαν

322 3437 387 3492 τὸ
430 3439 707 3511 ἀσύφηλον
753 3441 906 3512 ἕχει;
952 3445 1064 3498 Καὶ
1107 3447 1420 3518 ἀπᾳδόντως
1470 3447 1537 3502 ἂν
1585 3451 1794 3518 γένοιτο
1840 3456 1905 3525 τῇ

323 3526 421 3580 τοῦ
461 3531 760 3601 μυστηρίου
796 3533 1022 3604 δυνάμει
1053 3535 1147 3588 καὶ
1195 3539 1307 3601 τοῖς
1338 3538 1436 3609 τῆς
1475 3539 1731 3610 ἀληθείας
1759 3543 1908 3612 φιλο-

327 3617 586 3688 θεάμοσιν
607 3638 621 3685 ;

394 3713 454 3766 B.
495 3713 707 3785 Φράσον
745 3715 914 3779 ὅπως.

396 3806 461 3859 Α.
503 3805 594 3876 Μὴ
621 3805 731 3876 γάρ
761 3824 852 3876 μοι
870 3807 1160 3880 διέλῃς,ὼς
1191 3811 1379 3884 ἔτερόν
1407 3831 1529 3869 τινα
1561 3816 1733 3885 λέγων
1756 3819 1905 3890 παρά

320 3897 414 3952 τὸν
445 3897 542 3950 ἕνα
571 3897 808 3968 Χριστὸν
835 3899 928 3953 καὶ
945 3900 1072 3955 Υίδν
1109 3903 1334 3976 Κύριον,
1375 3907 1465 3962 τὸν
1495 3909 1559 3961 ἐκ
1592 3911 1904 3980 σπέρματος

324 3989 420 4042 τοῦ
451 3989 634 4044 Δασίδ.
671 3991 731 4044 '0
767 3991 874 4064 γάρ
913 4010 995 4046 τοι
1034 3994 1135 4063 τῆς
1170 3995 1464 4067 ὀρθότητος
1495 3998 1672 4066 λόγος,
1718 4001 1808 4054 τὸν
1839 4004 1904 4056 ἐκ

317 4081 456 4134 Θεοῦ
503 4082 714 4154 Πατρός
750 4083 923 4152 φύντα
961 4084 1095 4138 Υίὸν
1139 4088 1425 4158 μονογενῆ,
1475 4090 1636 4145 αὐτὸν
1679 4093 1774 4146 καὶ
1805 4093 1904 4164 οὐχ

321 4172 514 4244 ἕτερον
544 4168 682 4227 εἶναι
715 4173 964 4245 βούλεται
992 4178 1084 4231 τὸν
1114 4180 1187 4231 ὲκ
1209 4178 1372 4233 Δαόὶδ
1408 4184 1550 4235 κατά
1584 4183 1781 4256 σάρκα.
1809 4184 1903 4255 Μὴ

320 4265 505 4317 τοίνυν
554 4265 612 4330 ἐξ
665 4266 977 4339 ἀμετρήτου
1037 4269 1305 4339 λεγόντων
1338 4272 1768 4346 ὲμδροντηοίας,
1819 4277 1902 4331 ὄτι

321 4355 512 4428 ὥσπερ
541 4359 568 4412 6
597 4357 654 4426 ἐξ
682 4360 913 4431 οὐρανοῦ
949 4361 1228 4416 κατελθὼν
1259 4363 1452 4430 Λόγος,
1487 4366 1587 4419 οὐκ
1616 4367 1730 4421 ἔστι
1761 4369 1904 4424 κατά

2013 3264 2225 3318 David?

2081 3355 2149 3408 A.
2190 3355 2260 3409 At
2292 3372 2420 3412 vero
2455 3359 2726 3428 quomodo
2750 3337 2855 3415 non
2888 3362 3003 3418 hare
3041 3363 3394 3437 interrogatio
3436 3368 3590 3424 stoli-

2009 3446 2198 3502 ditatis
2226 3448 2380 3516 plena
2417 3459 2727 3517 censeatur,
2760 3461 2813 3506 et
2846 3468 2874 3506 a
2911 3453 3171 3510 studiosis
3201 3457 3450 3514 veritatis
3479 3458 3591 3513 vir-

2011 3538 2110 3593 tuti
2144 3540 2383 3613 mysterii
2415 3541 2572 3611 plane
2612 3557 2911 3616 repugnare
2937 3545 3248 3616 iudicetur?

2084 3724 2140 3780 Β,
2191 3724 2286 3780 Dic
2315 3735 2637 3798 quopacto.

2070 3817 2136 3872 Α.
2191 3816 2270 3872 Ne
2328 3819 2456 3872 mihi
2521 3821 2638 3874 haec
2698 3820 2948 3883 dividas.
2999 3829 3252 3890 tanquam
3317 3823 3587 3878 diversum

2012 3907 2302 3974 quemdam
2333 3917 2580 3962 statuens
2607 3908 2810 3964 abeuno
2839 3909 3059 3966 Christo
3093 3923 3148 3965 et
3177 3911 3313 3966 Filio
3335 3913 3585 3980 Domino,

2004 4012 2127 4051 eum
2155 3998 2246 4065 qui
2285 4007 2460 4052 estex
2491 4001 2697 4054 semine
2734 4002 2925 4056 David.
2963 4001 3218 4059 Veritatis
3267 4007 3413 4060 enim
3448 4009 3586 4063 ratio

2007 4085 2110 4139 hoc
2139 4084 2254 4139 vult
2284 4098 2342 4140 ut
2375 4088 2687 4154 unigenitus
2718 4087 2884 4144 Filius
2911 4105 2986 4145 ιιι.
3013 4090 3122 4146 Deo
3155 4093 3317 4149 Patre
3343 4097 3583 4165 genitus,

2005 4176 2122 4245 ipse
2151 4184 2336 4232 etnon
2381 4178 2518 4234 alius
2570 4179 2642 4235 sit
2685 4194 2750 4235 ex
2784 4180 2952 4235 David
3001 4187 3582 4242 secundumcaruem.

2005 4267 2270 4324 Audiendi
2308 4269 2486 4340 itaque
2520 4287 2624 4327 non
2653 4284 2803 4338 sunt,
2842 4274 2932 4343 qui
2965 4289 3032 4329 ex
3059 4276 3320 4332 immensa
3347 4280 3582 4348 quadam

2006 4357 2213 4414 insania
2251 4361 2458 4428 volunt,
2508 4363 2649 4432 quod
2701 4364 2844 4420 sicut
2895 4364 3125 4422 Verbum
3179 4370 3321 4438 quod
3381 4385 3411 4424 e
3443 4371 3585 4428 οωίο

322 4449 486 4522 φύσιν
522 4450 647 4514 Υἱὸς
686 4451 780 4504 τοῦ
817 4452 998 4506 Δαϐίδ.
1049 4453 1236 4519 Οὕτως
1262 4457 1382 4510 οὐδὲ
1419 4459 1447 4510 6
1494 4459 1558 4511 ὲκ
1589 4459 1903 4531 σπέρματος

2015 4451 2288 4508 descendit
2318 4463 2544 4509 nonest
2572 4459 2866 4512 secundum
2917 4468 3162 4514 naturam
3203 4462 3342 4517 Iilius
3378 4462 3581 4528 David,

319 4540 414 4593 τοῦ
445 4542 626 4605 Δαόὶδ,
658 4544 785 4607 Υἱός
807 4546 923 4598 ἐστι
951 4545 1093 4599 κατὰ
1116 4547 1278 4614 φύσιν
1305 4547 1399 4601 τοῦ
1417 4549 1573 4604 Θεοῦ.
1609 4551 1668 4604 '0
1692 4552 1805 4624 γάρ
1817 4570 1898 4606 τοι

321 4631 484 4702 φύσει
514 4633 608 4687 καὶ
640 4635 854 4706 ἀληθῶς
882 4635 947 4689 ἐκ
979 4635 1072 4690 τοῦ
1111 4638 1321 4710 [ἰατρὸς
1351 4641 1673 4712 ἀναλάμψας
1705 4643 1897 4711 Λόγος,

321 4726 380 4776 ὲν
413 4724 717 4797 προσλήψει
747 4726 982 4796 γεγονὼς
1015 4729 1217 4799 σαρκὸς
1243 4731 1336 4783 καὶ
1368 4731 1616 4801 αἵματος,
1649 4732 1900 4804 καθάπερ

319 4815 458 4886 ἔφην
497 4817 719 4888 ἀρτίως,
753 4821 1060 4890 μεμένηκεν
1089 4822 1117 4873 6
1148 4820 1331 4885 αὐτὸς,
1364 4824 1630 4890 τουτέστι,
1657 4824 1816 4893 φύσει
1841 4841 1900 4878 τε

317 4909 414 4962 καὶ
445 4908 663 4980 ἀληθῶς
683 4911 812 4975 Υἱὸς
846 4910 941 4964 τοῦ
980 4912 1215 4983 Πατρὺς,
1253 4907 1333 4977 εἷς
1362 4914 1436 4966 ὣν
1467 4915 1558 4967 καὶ
1594 4915 1778 4984 μόνος,
1807 4919 1906 4970 καὶ

315 4999 419 5069 οὐχ
450 5000 524 5064 ὠς
559 4999 746 5072 ἕτερος
783 5000 903 5071 μεθ’
935 5003 1146 5074 ἑτέρου,
1177 5003 1268 5058 ἴνα
1304 5003 1400 5056 καὶ
1425 5002 1486 5056 ἓν
1517 5004 1683 5058 αὑτοῦ
1712 5007 1902 5077 νοῆται

318 5090 632 5161 πρόσωπον.
678 5094 1103 5164 Συναγείροντες
1152 5096 1261 5168 γὰρ
1311 5094 1483 5160 οὕτως
1525 5097 1664 5169 πρὸς
1708 5097 1901 5153 ἕνωσιν

318 5185 519 5256 ἀληθῆ,
551 5187 649 5240 καὶ·
666 5188 766 5260 τὴν
794 5188 938 5260 ὑπὲρ
959 5187 1084 5241 νοῦν
1119 5187 1211 5240 καὶ
1261 5187 1420 5255 Λόγον
1443 5188 1512 5240 τά
1532 5189 1646 5249 τοῖς
1668 5188 1770 5258 τῆς
1795 5187 1899 5258 φύς

319 5289 460 5336 σεως
500 5275 681 5341 λόγοις
731 5277 867 5347 πρὸς
897 5278 1265 5349 ἀνομοιότητα
1314 5277 1766 5348 διεσχοινισμένα,
1800 5280 1899 5349 τὴν

317 5365 532 5439 ἁπλανῆ
553 5367 650 5438 τῆς
669 5369 908 5432 πίστεως
934 5369 1264 5442 βαδιούμεθα
1279 5369 1486 5440 τρίϐον.
1503 5370 1640 5422 Ἕνα
1663 5369 1771 5442 γὰρ
1799 5371 1895 5424 καὶ

314 5455 410 5508 τὸν
443 5457 604 5510 αὐτὸν
636 5455 776 5510 εἷναί
817 5477 998 5529 φαμεν
1015 5462 1250 5532 Χριστὸν
1282 5459 1509 5530 Ἰησοῦν.
1540 5462 1602 5514 ὲκ
1630 5459 1765 5514 Θεοῦ
1800 5462 1899 5532 μὲν

319 5546 435 5599 ﬂat
445 5547 556 5617 ρὺς,
586 5550 661 5611 ὡς
688 5548 821 5600 Θεὸν
837 5551 1030 5619 Λόγον,
1050 5551 1454 5623 ἐκσπέρματος
1474 5550 1533 5606 δὲ
1560 5551 1702 5605 κατὰ
1720 5551 1897 5622 σάρκα

2007 4544 2082 4600 ita
2117 4561 2291 4616 neque
2316 4547 2360 4602 is
2380 4547 2470 4617 qui
2499 4556 2584 4603 est
2615 4563 2680 4603 ex
2719 4551 2927 4604 semine
2967 4549 3134 4606 David
3172 4562 3255 4607 est
3285 4551 3450 4609 Filius
3493 4572 3583 4612 se-

2009 4638 2244 4692 cundum
2279 4648 2522 4693 naturam
2555 4640 2668 4694 Dei.
2704 4641 2852 4695 Nam.
2879 4642 3114 4698 Verbum
3139 4647 3280 4713 quod
3315 4648 3581 4702 naturali-

2011 4736 2092 4782 ter
2121 4743 2183 4781 ac
2217 4743 2345 4783 vere
2377 4743 2443 4784 ex
2476 4729 2637 4786 Patre
2667 4730 2899 4796 eﬁ‘ulsit.
2930 4747 3052 4787 cum
3101 4749 3323 4790 carnem
3366 4745 3420 4790 et
3459 4752 3584 4792 san-

2009 4820 2224 4889 guinem
2261 4824 2571 4893 assumpsit,
2602 4824 3052 4893 quemadmodum
3081 4825 3241 4881 modo
3268 4826 3398 4891 dixi,
3424 4843 3582 4882 man-

2006 4913 2080 4967 sit
2116 4913 2278 4977 idem,
2327 4915 2429 4969 hoc
2481 4925 2585 4980 est,
2638 4927 2827 4971 natura
2859 4926 2924 4971 et
2962 4933 3088 4972 vere
3139 4917 3307 4972 Filius
3358 4917 3578 4976 Patris:

2009 5021 2150 5061 unus
2175 5006 2444 5063 exsiatens
2471 5021 2536 5062 ac
2578 5009 2747 5073 solus,
2782 5019 2838 5064 et
2871 5024 2973 5062 non
3019 5021 3078 5064 ut
3117 5011 3253 5064 alius
3291 5026 3412 5065 cum
3453 5013 3581 5079 alio,

2007 5104 2067 5151 ut
2087 5107 2140 5151 et
2169 5112 2274 5151 una
2303 5098 2470 5167 ipsius
2499 5109 2783 5154 censeatur
2809 5114 3062 5168 persona.
3102 5100 3214 5155 l-loc
3244 5104 3390 5157 enim
3429 5117 3585 5171 pacto

2008 5190 2326 5244 reducentes
2377 5189 2444 5244 ad
2481 5204 2664 5244 veram
2702 5192 2986 5257 unitatem,
3025 5202 3079 5247 et
3133 5192 3468 5248 intellectum
3520 5210 3584 5249 ac

2007 5290 2241 5334 mentem
2277 5289 2514 5336 nostram
2563 5293 2907 5351 superantem
2947 5301 3068 5354 quae
3115 5287 3325 5341 ratione
3378 5296 3583 5342 natura:

2007 5370 2288 5426 dissim-ilia
2325 5373 2467 5427 inter
2497 5387 2554 5428 se
2594 5384 2739 5440 sunt,
2787 5382 2988 5429 rectam
3018 5376 3142 5432 ﬁdei
3192 5379 3332 5432 viam
3379 5379 3580 5434 insisti-

2007 5478 2147 5518 mus.
2181 5462 2360 5518 Unum
2400 5464 2543 5520 enim
2572 5466 2736 5520 etiam
2763 5467 2939 5536 ipsum
2976 5483 3098 5524 esse
3127 5469 3358 5525 dicimus
3391 5468 3584 5526 Jesum

2004 5555 2278 5610 Christum
2312 5571 2325 5607 :
2359 5570 2427 5610 ex
2451 5555 2560 5612 Deo
2587 5557 2804 5628 quidem
2833 5556 2997 5616 Patre
3027 5568 3085 5616 ut
3112 5561 3282 5616 Deum
3307 5561 3576 5631 Verbum;

390 5729 414 5758 ⁵
441 5726 627 5781 Matth.
666 5737 798 5787 χχιι,
833 5722 920 5776 4‘2.
995 5727 1014 5757 ‘
1051 5727 1179 5782 ibid.
1211 5725 1395 5782 43-63.
1474 5728 1492 5760 ⁷
1529 5728 1688 5784 llebr.
1741 5743 1780 5794 ι,
1835 5730 1890 5784 5.

2034 5729 2164 5787 ibid.
2206 5730 2290 5786 15.
2326 5800 2330 5804 ι
2374 5731 2395 5764 ⁸
2429 5731 2628 5802 Ephes.
2652 5748 2693 5803 ι,
2723 5732 2814 5788 21.
