4078 6264
554 342 686 396 ἰῖθθ

1544 342 1601 396 S.
1643 340 1922 396 CYBILLI
1962 338 2426 396 ALEXANDRINI
2465 336 2785 395 ARCHIEP.

3666 332 3795 387 θεοῦ

551 470 615 511 ex
674 454 882 509 semine
944 464 1144 519 autem,
1200 456 1496 511 secundum
1558 469 1813 521 carnem,
1880 455 2119 513 Davidis.

2233 460 2321 515 τοῦ
2347 447 2638 515 θεσπεσίου
2668 455 2853 510 Δαϐίδ.
2900 455 2970 506 Ἦ
3011 453 3109 506 οὐκ
3146 451 3345 522 ἄριστά
3395 466 3479 503 σοι
3521 448 3688 502 ταῦτα
3715 451 3794 503 δι-

551 548 703 600 Αηηε
727 544 822 597 tibi
849 552 994 598 recte
1015 544 1081 598 de
1112 544 1195 598 his
1219 546 1395 614 egisse
1428 544 1657 599 videor?

617 636 677 688 Β.
715 631 975 690 Omnino.

621 728 689 781 Α.
731 726 1003 783 Caeterum
1049 725 1252 795 aliquid
1298 735 1560 795 praeterea
1606 728 1939 783 adversariis
1988 725 2125 796 adji-

553 820 712 873 ciam.

622 912 683 965 Β.
724 912 1035 977 Quidnam?

624 1004 688 1058 Α.
732 1002 918 1073 Neque
964 1004 1109 1060 enim
1166 1004 1512 1075 Unigenitum
1556 1005 1725 1061 Deum
1766 1004 1998 1062 Verbum
2042 1021 2129 1062 es-

555 1094 781 1149 sentiam
806 1110 872 1150 ex
914 1096 1021 1151 Deo
1064 1096 1224 1153 Patre
1254 1098 1455 1155 habere
1505 1099 1766 1169 credunt;
1816 1099 1911 1156 sed
1960 1099 2131 1156 homi-

557 1200 677 1239 nem
713 1188 889 1255 illum,
921 1188 1012 1259 qui
1062 1204 1159 1256 per
1202 1190 1659 1258 coniunctionem,
1691 1202 1751 1247 ut
1788 1192 1889 1262 ipsi
1920 1194 2127 1261 volunt,

555 1290 865 1348 assumptus
890 1291 996 1346 est,
1036 1297 1103 1337 ex
1146 1283 1355 1337 semine
1387 1281 1554 1338 David
1606 1284 1806 1339 factum
1852 1297 1973 1340 esse
2000 1298 2131 1339 con-

558 1375 808 1428 tendunt.

628 1462 690 1516 Β.
728 1463 805 1518 Ita
836 1465 1008 1519 aiunt.

627 1554 693 1606 A.
738 1553 1025 1625 Superabit
1059 1557 1242 1628 itaque
1285 1558 1506 1613 omnino
1560 1555 1796 1614 Verbum
1850 1558 1993 1629 quod
2033 1573 2129 1613 na-

556 1653 673 1699 tura
710 1660 773 1703 ac
797 1662 923 1703 vere
963 1648 1102 1704 Deus
1130 1660 1234 1715 est,
1260 1665 1383 1706 eum
1428 1652 1522 1720 qui
1558 1661 1641 1708 est
1675 1667 1742 1707 ex
1789 1654 1997 1708 semine
2031 1651 2133 1706 Da-

558 1738 690 1791 vid:
737 1747 794 1794 et
851 1748 1005 1795 tanto
1058 1742 1275 1813 quidem
1324 1743 1586 1809 excellet,
1641 1754 1904 1815 quantum
1956 1755 2038 1801 est
2075 1743 2128 1799 in

2229 552 2492 621 εσκέφθαι
2521 548 2664 604 δοκῶ
2685 564 2699 612 ;

2298 646 2359 696 Β.
2401 642 2554 697 Πάνυ
2586 641 2685 710 μὲν
2710 634 2824 693 οὖν.

2300 738 2363 789 Α.
2408 733 2832 804 Προσερὴσομαι
2880 730 2938 784 δέ
2967 747 3019 781 τι
3073 728 3164 780 καὶ
3207 727 3392 798 ἕτερον
3440 726 3565 788 τοὺς
3599 724 3797 778 διεναν-

2228 829 2367 890 τὶας.

2300 921 2363 975 Β.
2395 919 2470 972 Τὸ
2501 918 2555 972 τί
2585 916 2649 988 δὴ
2679 918 2816 987 φήςὶ

2298 1014 2364 1066 Δ.
2406 1012 2481 1065 Οὐ
2509 1010 2618 1081 γὰρ
2644 1010 2710 1063 ὲκ
2727 1005 2820 1061 τοῦ
2851 1003 3067 1075 Πατρὸς
3091 1003 3189 1073 τὴν
3216 998 3451 1071 ὓπαρξιν
3474 998 3623 1070 ἔχειν
3648 1014 3803 1052 πεπι-

2233 1105 2492 1160 στεύκασι
2525 1102 2620 1157 τὸν
2664 1100 2928 1173 μονογενῆ
2959 1096 3092 1150 Θεὸν
3120 1095 3317 1163 Λόγον,
3355 1092 3445 1146 τόν
3472 1108 3534 1160 γε
3577 1091 3705 1162 μὴν,
3732 1090 3803 1154 ὡς

2232 1197 2385 1254 αὐτοί
2418 1213 2550 1266 φασι
2578 1192 2855 1267 ληφθέντα
2892 1189 3035 1246 κατὰ
3068 1187 3365 1256 συνάφειαν
3410 1185 3717 1254 ἄνθρωπον,
3741 1184 3803 1237 ἐκ

2234 1289 2549 1358 σπέρματος
2592 1282 2847 1356 γενέσθαι
2907 1281 3003 1335 τοῦ
3057 1278 3345 1333 θεσπεσίου
3399 1276 3567 1332 Δαϐὶδ
3615 1276 3801 1330 διατείι

2233 1398 2434 1434 νονται.

2304 1472 2365 1525 Β.
2406 1471 2563 1525 Οὖτω
2595 1468 2749 1539 φασξ.

2302 1568 2365 1618 Α.
2408 1561 2795 1629 Πλεονεκτήσει
2825 1558 2891 1630 δὴ
2941 1551 3034 1611 οὖν
3080 1557 3258 1626 πάντη
3302 1571 3361 1608 τε
3420 1553 3515 1607 καὶ
3568 1551 3802 1615 πάντως,

2234 1658 2392 1730 φύσει
2416 1674 2472 1711 τε
2495 1656 2589 1711 καὶ
2604 1653 2728 1725 δόξῃ
2753 1653 2885 1713 Θεὸς
2908 1650 3005 1715 ὣν,
3031 1652 3061 1705 6
3080 1649 3272 1717 Λόγος.
3297 1648 3390 1701 τὸν
3415 1648 3481 1700 ἐκ
3500 1645 3807 1714 σπέρματος

2234 1750 2326 1805 τοῦ
2350 1749 2533 1804 Δαϐίδ.
2572 1746 2682 1801 Καὶ
2717 1742 3068 1816 ὑπεραλεῖται
3115 1739 3387 1803 τοσοῦτον,
3422 1740 3548 1792 ὅσον
3588 1736 3655 1789 ἂν
3699 1735 3805 1804 ἔχοι

556 1839 870 1886 naturarum
910 1832 1210 1889 differentia
1254 1834 1542 1890 intervalli.
1598 1836 1706 1891 Ant
1752 1836 1797 1892 si
1839 1838 1909 1891 ita
1954 1851 2013 1893 se
2044 1851 2128 1891 res

2233 1839 2292 1894 τὸ
2322 1836 2655 1911 μεσολαϐοῦν
2686 1835 2796 1889 τῶν
2824 1833 3038 1904 φύσεων
3065 1834 3098 1901 ὴ
3139 1829 3393 1900 διαφορά.
3425 1829 3493 1881 Ἦ
3524 1827 3684 1898 εἴπερ
3712 1826 3808 1878 οὐκ

558 1935 663 1975 non
695 1921 857 1977 habet
890 1938 953 1977 ac
994 1926 1137 1990 dico,
1172 1940 1270 1979 cur
1308 1926 1490 1996 itaque
1538 1927 1921 1997 distinguunt?
1957 1929 2132 1998 Atque

557 2011 685 2068 huic
708 2014 927 2083 quidem
959 2016 1206 2072 tribuunt
1235 2017 1422 2088 gloriae
1454 2018 1761 2075 facultatem
1783 2060 1798 2086 ,
1829 2021 1974 2076 hunc
2002 2036 2131 2077 vero

555 2113 809 2173 tanquam
843 2108 1506 2178 acceperitintroducunt,
1541 2120 1705 2181 atque
1745 2112 1797 2166 id
1836 2113 1977 2181 quod
2027 2121 2127 2179 est,

556 2195 729 2250 instar
744 2196 891 2264 doni,
910 2209 1071 2269 atque
1090 2200 1246 2272 74],
1273 2202 1515 2256 beneficii
1535 2202 1885 2259 lncrifecisse.
1905 2203 2133 2259 Inferior

555 2294 735 2339 autem
767 2294 823 2339 et
852 2288 1121 2355 p05terior
1162 2298 1246 2343 est
1280 2290 1371 2359 qui
1404 2291 1623 2362 accipit,
1663 2307 1823 2360 quam
1869 2292 1959 2361 qui
2002 2293 2127 2358 dat;

553 2384 608 2427 et
644 2374 688 2430 is
713 2375 804 2446 qui
834 2376 902 2431 ab
927 2377 1033 2432 alio
1060 2377 1241 2448 gloriae
1276 2382 1546 2450 particeps
1604 2381 1855 2449 eﬂicitur,
1892 2397 2055 2453 quam
2085 2383 2132 2438 is

556 2464 647 2532 qui
685 2465 911 2537 gloriam
945 2467 1276 2537 impertitur.

624 2555 685 2612 Β.
708 2557 1017 2626 Maximam,
1037 2562 1295 2629 arbitror,
1321 2565 1484 2618 etiam
1506 2565 1605 2634 ipsi
1631 2564 1987 2621 diﬂ'et‘enliam
2016 2574 2131 2621 sta-

554 2658 715 2704 tuunt
745 2652 891 2705 inter
913 2651 1075 2707 Deum
1105 2663 1161 2708 et
1200 2654 1467 2712 homines.

624 2738 693 2795 Δ.
720 2740 883 2810 Atqui
915 2742 1187 2810 quomodo
1217 2744 1654 2814 sapientissimus
1684 2744 1887 2801 Paulus
1922 2745 2131 2800 divino-

555 2845 675 2911 rum
708 2832 1087 2901 mysteriorum
1125 2834 1379 2891 minister
1415 2837 1588 2908 ipsum
1626 2838 1773 2894 illum
1822 2839 1914 2908 qui
1937 2839 2129 2909 praedi-

554 2932 714 2976 catur
746 2922 1138 2980 inhabitantem
1172 2926 1227 2981 in
1255 2942 1314 2983 se
1336 2927 1568 2995 habens,
1597 2942 1651 2985 et
1679 2930 1905 3001 loquens
1927 2931 1979 2986 in
2003 2930 2129 3002 Spi-

554 3013 1001 3077 ritu,secundum
1030 3030 1250 3073 carnem
1282 3033 1349 3074 ex
1373 3020 1574 3075 Judaeis
1603 3030 1659 3076 et
1688 3020 1855 3075 Deum
1875 3021 2129 3092 appellat,

549 3116 607 3162 et
639 3109 981 3166 benedictum
1015 3126 1140 3168 esse
1165 3113 1293 3167 dicit
1321 3115 1374 3169 in
1421 3116 1618 3170 saecula
1643 3134 1656 3171 :
1682 3130 1838 3170 amen
1875 3115 1962 3169 "1'
1989 3114 2128 3182 Quid

551 3203 806 3270 superius
859 3210 944 3259 est
1020 3202 1134 3260 Deo
1193 3205 1286 3274 qui
1336 3220 1500 3275 supra
1558 3218 1749 3259 onlnes
1808 3204 1932 3260 est?
1996 3177 2199 3275 quidc

552 3304 735 3347 autem
778 3293 956 3364 majus
1004 3294 1057 3351 in
1095 3294 1268 3351 Verbo
1299 3298 1444 3366 quod
1473 3312 1540 3353 ex
1581 3295 1742 3352 Patre
1772 3297 2011 3366 genitum
2043 3305 2129 3352 est

550 3384 673 3453 quis
694 3385 1085 3455 deprehendat,
1105 3401 1266 3457 quam
1292 3387 1345 3441 in
1375 3402 1441 3443 eo
1460 3388 1550 3458 qui
1578 3390 1874 3444 secundum
1910 3398 2126 3444 carnem

550 3488 617 3527 ex
646 3473 892 3531 Iudaeis?
930 3478 1197 3547 siquidem
1228 3490 1313 3534 est
1345 3480 1483 3535 alius
1518 3481 1586 3535 ab
1628 3482 1745 3552 ipso
1788 3489 1841 3536 et
1885 3478 2128 3553 peculia—

551 3564 685 3617 riter
711 3564 878 3621 Filius
904 3576 1065 3635 atque
1091 3569 1189 3623 hoc
1222 3586 1326 3623 non
1367 3585 1511 3626 vere.

623 3650 685 3704 Β.
716 3652 821 3707 Sed
849 3654 1118 3708 admissus
1146 3666 1250 3719 est,
1283 3658 1557 3726 inquiunt,
1583 3662 1880 3716 secundum
1905 3663 2127 3733 conjun-

550 3742 786 3797 ctionem
817 3744 863 3798 is
889 3744 977 3813 qui
1004 3754 1086 3798 est
1119 3761 1182 3798 ex
1213 3748 1419 3802 semine
1444 3748 1634 3813 David,
1668 3759 1721 3803 et
1754 3766 1875 3806 cum
1906 3753 2125 3809 inhabi-

550 3833 678 3887 tarit
722 3832 778 3887 in
809 3833 924 3904 ipso
975 3832 1113 3888 Dens
1162 3836 1431 3891 exsistens
1483 3837 1742 3907 Verbum,
1780 3856 2125 3899 communem

545 3944 670 3984 eum
718 3927 811 3982 illo
843 3928 1164 3999 dignitatem
1202 3939 1255 3983 et
1294 3930 1518 3999 gloriam
1556 3937 1938 4005 consequitur;
1981 3937 2125 4005 quod

545 4029 598 4074 ct
651 4020 1054 4077 sacratissimus
1096 4018 1293 4075 Paulus
1337 4021 1404 4076 de
1451 4023 1570 4094 ipso
1628 4026 1876 4082 scribens
1924 4030 2122 4087 docet:

551 4132 574 4165 α
606 4111 742 4180 Quia
779 4115 948 4168 iactus
973 4123 1055 4169 est
1093 4114 1352 4169 obediens
1383 4114 1531 4169 Patri
1575 4131 1744 4185 usque
1773 4118 1839 4172 ad
1871 4132 2122 4189 mortem,

546 4214 775 4258 mortem
821 4214 1000 4258 autem
1050 4204 1250 4258 crucis.
1285 4205 1408 4258 Ideo
1436 4213 1490 4259 et
1526 4204 1666 4259 Deus
1693 4210 2127 4276 superexaltavit

545 4314 694 4359 cum.
725 4308 779 4352 et
816 4299 965 4352 dedit
997 4298 1046 4350 ei
1089 4312 1286 4351 nomen
1317 4298 1461 4364 quod
1494 4308 1577 4352 est
1625 4312 1791 4366 super
1816 4314 1978 4356 omne
2026 4317 2125 4357 no-

548 4404 673 4441 men
705 4387 773 4449 ¹¹,
814 4405 832 4438 ι
872 4388 974 4442 hoc
1005 4395 1107 4453 est,
1140 4385 1301 4442 Deus.

614 4481 676 4532 Α.
708 4478 1068 4535 Peculiariter
1102 4481 1306 4552 itaque,
1334 4489 1391 4534 et
1433 4487 1494 4534 ut
1521 4479 1735 4537 diverso
1764 4485 1991 4540 seorsim
2027 4486 2117 4542 Fi-
2154 4517 2197 4572 ο

546 4571 621 4628 lio
646 4572 734 4642 qni
769 4581 853 4626 est
884 4587 951 4626 ex
984 4572 1191 4627 semine
1225 4573 1415 4638 David,
1447 4573 1633 4629 datum
1664 4573 1832 4630 (uisse
1861 4576 2048 4633 dicunt
2089 4595 2119 4633 a

544 4663 655 4719 Deo
684 4679 882 4720 nomen
914 4667 1055 4734 quod
1087 4674 1170 4719 est
1198 4680 1363 4735 super
1388 4678 1549 4720 omne
1584 4681 1800 4721 nomen.

610 4755 669 4810 Β.
700 4755 776 4810 ita
800 4756 970 4810 aiunt.
991 4755 1126 4811 Cum
1157 4758 1300 4811 enim
1352 4755 1677 4827 Unigenitus
1703 4760 1776 4813 sit
1810 4758 1949 4816 Deus
1978 4771 2033 4817 et
2053 4777 2120 4819 ex

541 4850 651 4905 Deo
677 4849 978 4904 secundum
1015 4856 1287 4911 naturam,
1325 4850 1597 4917 quomodo
1631 4850 1706 4905 illi
1735 4852 1919 4907 datum
1953 4853 2120 4911 fuerit

539 4944 588 4996 id
618 4941 763 5013 quod
796 4955 859 4996 ex
883 4955 940 4995 se
962 4939 1122 4994 habet
1145 4941 1171 4993 ἵ

608 5033 672 5086 Α.
717 5031 858 5103 Ergo
888 5031 931 5086 si
959 5031 1028 5086 de
1054 5032 1171 5100 ipso
1197 5030 1402 5086 dictum
1442 5046 1546 5086 non
1591 5042 1675 5088 est
1714 5035 1857 5103 quod
1887 5049 2115 5105 accepe-

538 5120 630 5183 rit,
658 5119 998 5189 inquiramus
1029 5129 1284 5175 accurate
1334 5123 1690 5191 quamobrem
1725 5124 1941 5179 divinus
1971 5109 2112 5180 Pau~

536 5212 619 5264 ins
651 5212 971 5281 scripserit:
1006 5231 1025 5263 ι
1068 5211 1179 5266 Hoc
1216 5213 1359 5266 enim
1397 5215 1596 5268 sentite
1628 5215 1680 5268 in
1718 5215 1868 5270 vobis
1896 5219 2113 5285 quodet

535 5304 586 5355 in
615 5302 834 5358 Christo
866 5301 994 5358 Jesu
1022 5321 1037 5358 :
1075 5304 1165 5373 qui
1212 5318 1335 5357 cum
1385 5304 1438 5358 in
1467 5305 1636 5360 forma
1662 5305 1756 5361 Dei
1803 5319 1969 5371 esset,
2002 5324 2107 5363 non

535 5398 783 5465 rapinam
823 5397 1122 5452 arbitratus
1170 5405 1253 5452 est
1285 5412 1344 5452 se
1369 5412 1491 5454 esse
1534 5399 1797 5470 aequalem
1840 5400 1970 5465 Deo,
2010 5402 2107 5456 sed

534 5489 891 5559 semetipsum
927 5489 1247 5557 exinanivit,
1282 5490 1512 5546 formam
1545 5491 1691 5549 servi
1736 5494 2032 5563 accipiens,
2058 5494 2109 5549 in

534 5578 940 5635 similitudinem
981 5579 1258 5636 hominum
1292 5582 1469 5640 factus
1524 5593 1579 5638 et
1622 5586 1807 5640 habitu
1855 5587 2111 5642 inventus

604 5754 645 5785 ιο
677 5752 833 5806 Rom.
871 5774 943 5819 lx,
988 5760 1040 5810 5.
1119 5760 1158 5791 “
1206 5760 1429 5827 Philipp.
1468 5776 1522 5823 ll,
1559 5763 1609 5825 8,
1644 5760 1696 5815 9-

2233 1930 2379 1983 ἐστιν
2415 1926 2613 1999 ἀληθὲς
2651 1927 2679 1979 ὃ
2722 1941 2889 1995 φημι,
2916 1921 3220 1993 διαιροῦσιν
3262 1919 3379 1974 ἀνθ’
3412 1920 3562 1979 ὅτου,
3608 1918 3702 1970 καὶ
3734 1916 3809 1985 τῷ

2236 2021 2334 2092 μὲν
2362 2019 2584 2089 νέμουσι
2635 2015 2735 2086 τῆς
2761 2014 2921 2084 δόξης
2950 2012 3048 2083 τὴν
3080 2010 3351 2077 ἐξουσίαν,
3378 2008 3469 2062 τὸν
3490 2008 3546 2061 δὲ
3584 2006 3810 2061 λαϐόντα

2234 2110 2692 2184 παρακομίζουσι,
2714 2109 2809 2162 καὶ
2829 2105 2975 2161 τοῦθ’
3000 2107 3137 2175 ὅπερ
3167 2103 3335 2167 ἐστὶν,
3364 2102 3421 2153 ὲν
3438 2100 3593 2165 τάξει
3613 2099 3807 2169 γερῶν,

2234 2205 2327 2259 καὶ
2350 2206 2407 2257 ὲν
2436 2202 2777 2275 χαρίσματος
2800 2198 2967 2271 μοίρᾳ
2998 2195 3371 2269 κερδαίνοντα.
3399 2194 3575 2250 Μεῖον
3599 2193 3656 2245 δὲ
3689 2192 3813 2246 πάν-

2231 2313 2340 2359 τως
2375 2294 2471 2348 καὶ
2525 2295 2583 2347 ὲν
2612 2292 2885 2358 δευτέροις
2937 2287 3034 2342 τοῦ
3081 2287 3354 2350 διδόντος.
3400 2284 3462 2338 τὸ
3505 2283 3807 2355 δεχόμενον,

2230 2389 2328 2444 καὶ⁵
2363 2386 2457 2442 τοῦ
2490 2384 2825 2451 δοξάζοντος,
2865 2381 2928 2435 τὸ
2973 2382 3074 2451 τῆς
3121 2378 3252 2450 παρ’
3294 2376 3459 2432 αὑτοῦ
3497 2376 3656 2447 δόξης
3687 2391 3812 2444 μετ-

2234 2479 2488 2550 εσχηκός.

2303 2571 2364 2623 Β.
2406 2567 2694 2637 Πλείστην,
2717 2559 2893 2635 οἶμαι,
2927 2561 3022 2616 καὶ
3051 2558 3207 2614 αὐτοὶ
3232 2560 3387 2629 φαῖεν
3412 2556 3481 2612 ἂν
3501 2554 3601 2627 τὴν
3629 2554 3812 2624 διαφο-

2236 2656 2334 2727 ρὰν
2362 2653 2498 2709 Θεοῦ
2529 2671 2588 2707 τε
2614 2652 2709 2706 καὶ
2747 2648 3070 2721 ἀνθρώπων.

2300 2753 2366 2803 Α.
2404 2744 2537 2801 Εἶτα
2566 2745 2683 2810 πῶς
2709 2745 2737 2797 6
2768 2738 3308 2810 πάνσοφοςοΠαῦλος,
3336 2740 3365 2791 6
3398 2736 3509 2791 τῶν
3530 2734 3694 2789 θείων
3728 2751 3818 2803 μυ-

2236 2842 2475 2914 στηρίων
2510 2837 2825 2910 ἱερουργὸς,
2866 2835 2896 2887 ὁ
2950 2831 3117 2886 αὐτὸν
3163 2830 3369 2885 ἑνοικον
3397 2827 3539 2899 ἔχων
3588 2827 3685 2880 τὸν
3727 2842 3820 2894 κη-

2235 2933 2579 3006 ρυττόμενον,
2609 2930 2701 2983 καὶ
2722 2928 2902 2982 λαλῶν
2927 2927 2985 2981 ἐν
3012 2922 3315 2994 Πνεῦματι,
3342 2921 3433 2974 τὸν
3454 2918 3604 2983 ’κατὰ
3643 2917 3822 3006 σάρκα

2232 3005 2294 3092 ἐξ
2324 3023 2615 3086 Ἰουδαίων,
2647 3020 2741 3075 καὶ
2763 3018 2895 3073 Θεὸν
2926 3014 3320 3087 ὁνομάζει,καὶ
3352 3010 3649 3082 εὐλογητὸν
3683 3005 3823 3063 εῖναί

2235 3135 2398 3190 φησιν
2429 3118 2508 3180 είς
2550 3114 2678 3177 τοὺς
2714 3111 2940 3176 αἰῶνας,
2996 3109 3178 3180 ἁμήνς
3213 3106 3277 3159 Τί
3313 3104 3374 3158 τὸ
3428 3103 3695 3156 ἐπέκεινα
3726 3098 3821 3154 τοῦ

2232 3212 2324 3266 ἐπὶ
2355 3206 2556 3273 παντὸς
2592 3205 2728 3261 Θεοῦ
2755 3222 2769 3271 ;
2816 3204 2871 3257 τί
2899 3203 2955 3257 δὲ
2984 3202 3045 3256 τὸ
3082 3200 3267 3272 μεῖζον
3305 3200 3363 3251 ὲν
3393 3196 3470 3267 τῷ
3499 3197 3565 3249 ὲκ
3609 3194 3821 3265 Πατρὸς

2232 3303 2575 3375 φύντιΔόγῳ
2612 3297 2952 3368 καταθρήσαι
2982 3312 3066 3358 τις
3114 3292 3180 3346 ἂν
3232 3290 3387 3362 παρά
3438 3305 3503 3357 γε
3554 3287 3649 3340 τὸν
3681 3285 3819 3340 κατὰ

2233 3395 2412 3467 σάρκα
2444 3392 2503 3458 ἐξ
2540 3390 2828 3455 Ἰουδαίων,
2857 3388 3014 3458 είπερ
3058 3386 3208 3438 ἐστὶν
3251 3383 3438 3453 ἕτερος
3472 3380 3607 3451 παρ’
3637 3376 3822 3443 αὐτὸν,

2232 3487 2326 3541 καὶ
2357 3485 2541 3548 ἱδικῶς
2568 3483 2697 3548 Υἱός
2718 3499 2731 3514 ο
2747 3482 2843 3535 καὶ
2877 3478 3031 3533 τοῦτο
3055 3478 3155 3530 οὐκ
3176 3474 3427 3547 ἀληθῶς;

2301 3662 2365 3716 Β.
2420 3659 2558 3713 Ἀλλ’
2600 3657 2880 3727 εἰσεδέχθη
2928 3655 3072 3709 κατὰ
3105 3653 3422 3722 συνάφειαν,
3458 3650 3641 3719 φασὶν,
3695 3650 3728 3703 6
3761 3648 3823 3701 ὲκ

2233 3752 2549 3823 σπέρματος
2568 3748 2665 3802 τοῦ
2695 3747 2879 3812 Δαϐὶδ,
2904 3748 2996 3800 καὶ
3028 3744 3328 3816 ἐπειδήπερ
3356 3742 3632 3814 ἐνῴκησεν
3668 3740 3829 3809 αὐτῷ

2229 3842 2365 3906 Θεὸς
2390 3841 2465 3896 ὢν
2489 3842 2518 3895 6
2564 3840 2760 3909 Λόγος,
2786 3842 3031 3897 κοινωνεῖ
3057 3837 3157 3908 τῆς
3201 3836 3357 3901 ἀξίας
3397 3832 3546 3905 αὺτῷ
3574 3833 3671 3887 καὶ
3718 3832 3827 3900 τῆς

2228 3936 2415 4008 τιμῆς.
2448 3934 2560 3988 Καὶ
2595 3931 2755 3988 τοῦτο
2784 3931 2986 3999 διδάξει
3022 3930 3253 4002 γράφων
3284 3928 3314 3980 6
3348 3927 3643 4000 ἱερώτατος
3664 3923 3823 3979 Παῦ-

2227 4028 2318 4093 λος
2347 4026 2477 4097 accpi.
2514 4024 2703 4080 αὐτοῦ’
2743 4043 2763 4077 ι
2796 4024 2917 4077 Ὅτι
2941 4021 3165 4092 γέγονεν
3217 4019 3460 4090 ὑπήκοος
3510 4015 3590 4086 τῷ
3644 4015 3825 4083 Ilath

2232 4117 2394 4190 μέχρι
2426 4116 2680 4184 Θανάτου,
2715 4114 2951 4171 θανάτου
2980 4114 3039 4169 δὲ
3077 4112 3349 4185 σταυροῦ·
3374 4110 3454 4163 διὸ
3493 4108 3593 4163 καὶ
3625 4109 3653 4160 6
3685 4105 3824 4166 Θεὸς

2226 4210 2389 4266 αὐτὸν
2460 4209 2813 4281 ὗπερύψωσε,
2866 4208 2962 4262 καὶ
3009 4205 3303 4278 ἐχαρίσατο
3353 4199 3507 4271 αὐτῷ
3545 4199 3719 4270 ἤνομα
3760 4195 3823 4249 τὸ

2227 4302 2369 4375 ὑπὲρ
2402 4305 2510 4358 πᾶν
2536 4303 2728 4373 ὄνομα,
2755 4320 2773 4353 ι
2802 4300 2960 4355 τοῦτο
2988 4300 3047 4353 δέ
3071 4301 3187 4355 ἐστι
3212 4297 3296 4364 τὸ,
3319 4296 3476 4360 Θεός.

2296 4483 2361 4534 Α.
2402 4481 2529 4553 'Ap‘
2571 4474 2665 4533 οὖν
2706 4477 2889 4541 ίδικῶς
2937 4494 2998 4531 τε
3046 4474 3141 4529 καὶ
3181 4474 3255 4539 ὡς
3283 4472 3456 4545 ἑτέρῳ
3499 4471 3829 4542 καταμόνας

2228 4572 2344 4644 Υἱῷ
2371 4572 2447 4643 τῷ
2481 4574 2546 4625 ὲκ
2579 4570 2894 4641 σπέρματος
2914 4568 3077 4623 Δαϐὶδ
3108 4565 3354 4622 δεδόσθαι
3377 4565 3514 4636 φασὶ
3540 4564 3695 4636 παρὰ
3724 4561 3830 4616 τοῦ

2223 4666 2361 4723 Θεοῦ
2390 4666 2452 4718 τὸ
2477 4664 2650 4734 ὄνομα
2673 4664 2735 4717 τὸ
2764 4662 2904 4734 ὑπὲρ
2930 4662 3037 4716 πᾶν
3072 4660 3275 4731 δνομα;

2293 4760 2354 4814 Β.
2395 4757 2505 4812 Nai.
2563 4755 2717 4827 φασί.
2751 4754 2870 4825 Θεῷ
2921 4753 3032 4826 γὰρ
3076 4752 3190 4807 ὄντι
3254 4750 3349 4805 καὶ
3386 4750 3451 4803 ἐκ
3483 4747 3624 4802 Θεοῦ
3673 4746 3832 4803 κατὰ

2223 4848 2387 4917 φύσιν
2447 4844 2525 4918 τῷ
2576 4846 2906 4913 Μονογενεῖ,
2949 4843 3066 4906 πῶς
3111 4840 3176 4895 ἂν
3220 4840 3431 4911 γένοιτο
3464 4838 3641 4905 δοτὸν,
3677 4840 3830 4908 ὅπερ

2222 4941 2375 5007 ἔχει,

2288 4960 2335 4993 ει
2360 4960 2372 4969 ·

2252 4960 2375 5087 XA.’
2401 5031 2612 5087 Οὐκοῦν
2645 5032 2695 5084 εί
2747 5028 2825 5101 μὴ
2874 5030 2960 5082 ἐπ’
2991 5027 3154 5083 αὐτοῦ
3199 5026 3441 5081 τέθειται
3480 5026 3544 5081 τὸ
3600 5026 3823 5089 λαϐεῖν,

2221 5123 2598 5195 βασανιζέσθω
2640 5121 2874 5184 λεπτῶς.
2911 5119 2967 5186 ἑξ
3010 5112 3085 5173 ὧν
3128 5119 3405 5191 γέγραφεν
3449 5117 3615 5181 αὐτὸς
3659 5118 3688 5170 6
3720 5116 3823 5169 θε-

2220 5218 2444 5281 σπέσιος
2473 5214 2708 5281 Παῦλος,
2736 5233 2754 5266 ι
2784 5211 2956 5267 Τοῦτο
2976 5212 3083 5282 γὰρ
3114 5213 3360 5283 φρονεῖτε
3390 5211 3623 5275 ἕκαστος
3652 5209 3823 5280 ὑμῶν

2220 5309 2419 5376 αὐτῶν,
2444 5309 2475 5363 6
2515 5308 2610 5363 καὶ
2646 5309 2704 5362 ὲν
2755 5305 2976 5377 Χριστῷ
3013 5302 3183 5372 Ἰησοῦ
3208 5320 3223 5335 ο
3247 5303 3305 5366 ὃς
3343 5305 3399 5355 ὲν
3445 5305 3631 5374 μορφῇ
3670 5298 3820 5355 Θεοῦ

2219 5404 2503 5475 ὑπάρχων,
2534 5404 2633 5473 οὐχ
2665 5400 2959 5472 ἁρπαγμὸν
3004 5399 3250 5468 ἡγήσατο
3279 5396 3338 5449 τὸ
3371 5389 3515 5450 εἶναι
3538 5396 3629 5449 ῑσα
3659 5392 3819 5462 Θεῷ,

2217 5495 2332 5549 ἀλλ’
2360 5495 2555 5549 ἑαυτὸν
2585 5494 2840 5557 ὲκένωσε,
2875 5490 3087 5563 μορφὴν
3118 5488 3305 5543 δούλου
3331 5486 3531 5552 λαϐὼν,
3560 5490 3619 5542 ὲν
3645 5490 3816 5555 ὁμοι-

2216 5585 2399 5658 ώματι
2446 5587 2734 5658 ἀνθρώπου
2764 5584 3071 5655 γενόμενος,
3124 5582 3218 5636 καὶ
3258 5580 3499 5651 σχήματι
3553 5574 3817 5649 εὑρεθεὶς
