4078 6264
317 308 450 367 ιωι

1446 305 1634 373 QUOD
1679 305 1866 362 UNCS
1907 307 2011 362 SlT
2050 307 2416 367 CHRISTUS.

3446 308 3466 363 ί
3479 307 3584 364 30!

315 427 394 487 ὡς
447 421 768 494 ἄνθρωπος’
818 421 1182 477 ἐταπείνωσεν
1227 421 1418 477 ἐαυτὸν
1465 423 1757 496 γενόμενος
1792 425 1893 477 ὐπ-

2001 434 2058 479 ut
2113 427 2295 482 homo.
2342 427 2655 484 Humiliavit
2695 428 3048 498 semetipsum
3102 426 3277 481 factus
3321 423 3583 481 obedteus

319 517 483 579 ήκοος
506 513 670 584 μέχρι
705 511 960 580 θανάτου,
993 512 1222 568 θανάτου
1248 514 1306 570 δὲ
1341 514 1602 583 σταυροῦ·
1634 515 1715 568 διὸ
1747 516 1838 568 καὶ
1873 517 1900 568 ὁ

317 607 452 672 Θεὸς
476 605 638 660 αὐτὸν
670 603 1022 676 ὑπερύψωσε,
1055 606 1149 660 καὶ
1184 607 1480 678 ἐχαρίσατο
1513 605 1662 678 αὐτῷ
1690 607 1750 661 τὸ
1781 608 1899 660 ὅνο-

323 717 420 768 μα,
447 697 508 752 τὸ
533 698 674 770 ὑπὲρ
696 697 804 752 πᾶν
833 695 1023 769 ὄνομα.
1047 715 1066 750 ι
1091 698 1264 770 Εἴπερ
1289 693 1382 753 οὖν
1412 701 1527 752 ἐστι
1559 700 1680 753 κατ’
1705 700 1901 762 αὐτοὺς

320 793 348 846 ὁ
379 793 445 845 ἐκ
483 791 801 861 σπέρματος
839 789 935 844 τοῦ
965 789 1128 844 Δαὸὶδ
1172 790 1356 854 ίδικῶς
1384 808 1443 846 τε
1467 792 1559 846 καὶ
1589 792 1902 862 καταμόνας

321 881 608 954 νοούμενος
634 881 942 954 ἄνθρωπος,
965 882 1027 935 τὸ
1047 882 1187 954 ὑπὲρ
1209 885 1317 938 πᾶν
1346 881 1516 952 ὄνομα
1539 881 1740 947 λαϐὼν,
1763 885 1899 937 ἀπο-

322 974 625 1041 φαινόντων
674 973 837 1028 αὐτὸν
879 974 1307 1047 προϋπάρχοντα
1346 975 1444 1046 μὲν
1473 976 1532 1028 ἐν
1567 979 1750 1046 μορφῇ
1805 976 1900 1029 τοῦ

318 1065 481 1133 Θεοῦ,
505 1067 602 1138 οὐχ
631 1067 988 1139 ἡγησάμενον
1015 1066 1074 1121 δὲ
1094 1067 1390 1138 ἁρπαγμὸν
1410 1067 1471 1120 τὸ
1492 1062 1630 1120 εἷναι
1650 1068 1740 1121 ίσα
1760 1067 1898 1138 Θεῷ,

323 1159 416 1213 καὶ
435 1159 568 1231 πρός
591 1175 654 1228 γε
669 1158 1113 1231 τού·τῳ,λαϐόντα
1129 1159 1230 1232 τὴν
1248 1159 1437 1213 δούλου
1461 1160 1696 1233 μορφὴν,
1711 1159 1787 1223 ὡς
1802 1159 1907 1214 οὐκ

325 1249 512 1320 ξχοντα
537 1249 802 1322 δηλονότι,
831 1251 924 1305 κα)⁸
949 1252 1050 1306 οὐκ
1081 1251 1210 1305 ὄντα
1235 1251 1393 1306 τοῦτο
1426 1253 1554 1320 πρὶν
1581 1251 1742 1324 λάϐῃ.
1764 1251 1902 1306 Καί-

325 1361 426 1409 τοι,
450 1343 596 1398 καθά
618 1361 782 1415 φασιν
811 1345 987 1408 αὐτοὶ,
1011 1344 1105 1398 καὶ
1139 1347 1356 1417 φρονεῖν
1384 1343 1710 1414 ἐγνώκασιν,
1742 1344 1901 1410 αὐτός

327 1440 473 1490 ἐστιν
502 1439 534 1509 ἡ
589 1436 684 1491 τοῦ
715 1435 903 1491 δούλου
950 1438 1158 1510 μορφή.
1207 1433 1343 1494 Εἶτα
1380 1439 1495 1504 πῶς
1527 1438 1593 1492 ἂν
1625 1438 1794 1511 αὐτὴν
1826 1438 1901 1504 ὡς

325 1531 424 1582 οὐκ
444 1527 581 1600 ἔχων
610 1529 800 1597 λάσοι;
836 1528 953 1594 πῶς
989 1531 1034 1584 δῗ
1069 1529 1136 1584 ἂν
1165 1530 1258 1585 καὶ
1301 1530 1586 1605 ἄνθρωπος
1621 1534 1678 1587 ἐν
1706 1530 1903 1604 ὁμοιὼ-

329 1633 460 1686 ματι
490 1616 791 1688 ἀνθρώπων
829 1619 1086 1688 γενέσθαι
1124 1623 1331 1687 νοοῖτο;
1368 1623 1675 1694 εὑρίσκοιτο
1716 1623 1772 1677 δὲ
1807 1621 1901 1677 καὶ

2006 533 2175 588 usque
2206 520 2271 574 ad
2309 531 2562 586 mortem,
2597 532 2825 576 mortem
2877 528 3057 574 autem
3094 517 3297 574 crucis.
3347 517 3581 589 Pr0pter

2004 609 2148 676 quod
2185 619 2242 664 et
2267 607 2410 665 Deus
2433 610 2693 666 exallavit
2727 610 2906 673 illum,
2938 619 2994 664 et
3021 609 3242 664 donavit
3277 609 3353 663 illi
3384 623 3582 663 nomen

2002 698 2144 766 quod
2176 709 2262 755 est
2300 716 2468 771 super
2504 718 2665 758 omne
2707 717 2902 757 nomen
2935 700 3002 755 ¹⁸.
3043 719 3061 753 ι
3101 700 3157 756 Si
3199 713 3354 771 ergo,
3391 709 3449 753 ut
3481 699 3583 769 ipsi

2004 790 2209 857 volunt,
2237 792 2283 848 is
2315 794 2518 865 quiest
2553 807 2622 851 ex
2658 795 2864 851 semine
2909 792 3075 849 David
3123 793 3475 864 peculiariter
3518 807 3584 846 ac

2003 880 2177 936 solum
2221 892 2476 940 censetur
2513 885 2677 942 homo
2704 926 2720 953 ,
2764 894 2989 955 accepto
3038 885 3258 940 nomine
3307 883 3449 954 quod
3501 892 3585 938 est

2003 987 2168 1042 super
2199 991 2363 1032 omne
2388 992 2756 1047 nomen,,eum
2799 979 2900 1049 ipsi
2933 985 3178 1032 statuant
3225 976 3402 1047 ipsum
3433 974 3585 1044 prius

2002 1070 2283 1127 exstitisse
2315 1071 2534 1140 quidem
2587 1071 2640 1127 in
2680 1071 2854 1127 forma
2898 1071 3022 1138 Dei,
3052 1085 3158 1126 non
3191 1082 3321 1124 vero
3347 1068 3583 1123 arbitra-

2002 1165 2118 1218 lum
2150 1176 2273 1218 esse
2303 1163 2548 1233 rapinam
2581 1177 2704 1219 esse
2729 1164 2993 1235 aequalem
3047 1165 3175 1228 Deo,
3208 1176 3273 1217 ac
3323 1169 3585 1233 praeterea

2003 1252 2538 1326 aceepisseformam
2571 1256 2739 1319 servi,
2768 1256 3031 1310 nimirum
3067 1263 3130 1308 ut-
3153 1268 3216 1310 ea
3249 1267 3353 1308 non
3391 1251 3588 1322 praedi-

2007 1356 2141 1413 tum,
2187 1361 2367 1418 neque
2420 1347 2775 1403 exsistentem
2824 1345 2876 1403 id
2940 1355 3231 1416 antequam
3290 1344 3584 1413 acciperet.

2001 1439 2270 1510 Cumque,
2309 1448 2368 1496 ut
2401 1439 2504 1511 ipsi
2545 1440 2734 1496 dicunt
2778 1449 2836 1496 et
2877 1440 3100 1497 sentire
3133 1438 3334 1503 solent,
3365 1437 3483 1506 ipse
3516 1435 3590 1492 sit

2004 1530 2166 1604 742
2188 1530 2330 1587 servi
2363 1530 2579 1586 forma:
2611 1544 2848 1602 quonam
2893 1538 3052 1602 pacto
3085 1543 3207 1584 eam
3261 1536 3319 1582 ut
3347 1541 3456 1582 non
3491 1526 3589 1581 lia-

2005 1625 2137 1682 bens
2169 1624 2567 1695 accipiatiaut
2588 1625 2861 1696 quomodo
2891 1624 3058 1681 etiam
3095 1627 3258 1678 homo
3291 1622 3343 1677 in
3395 1619 3588 1676 simili-

326 1704 402 1768 ὡς
448 1706 733 1778 ἄνθρωπος
782 1709 1060 1781 σχήματι;
1111 1710 1201 1783 ἄρ’
1250 1709 1346 1767 οὖν
1409 1714 1789 1787 περιτρέψειεν
1834 1714 1901 1769 ἂν

2006 1719 2250 1775 tudinem
2289 1717 2573 1774 hominum
2597 1716 2779 1773 factus
2808 1715 3192 1788 intelligatur?
3225 1721 3318 1770 aut
3341 1711 3588 1769 invenia-

329 1795 527 1860 αὐτοὺς
559 1797 651 1850 καὶ
683 1799 780 1869 οὐχ
809 1799 1055 1866 ἑκόντας,
1086 1802 1186 1875 ήδη
1223 1821 1338 1868 πως
1370 1783 1724 1861 τῶννέννοιῶν
1749 1809 1788 1880 ἠ
1815 1806 1901 1861 δύ-

2009 1820 2097 1864 tur
2127 1811 2294 1865 etiam
2324 1808 2511 1865 habitu
2541 1816 2600 1862 ut
2626 1808 2790 1864 homo
2803 1807 2837 1861 ἳ·
2868 1783 3017 1878 Ipsa'
3041 1809 3224 1875 itaque
3254 1805 3588 1875 contempla-

334 1901 511 1956 ναμις,
547 1886 639 1940 ἐπί
672 1904 732 1959 γε
761 1888 820 1945 τὸ
840 1888 950 1943 δεῖεν
978 1889 1189 1950 εἰδέναι,
1208 1892 1268 1945 τὸ
1292 1892 1511 1966 ἀληθές.

400 2071 458 2128 Β.
499 2070 570 2123 Τὸ
602 2071 751 2125 ποῖον
770 2087 785 2136 ;

395 2155 463 2220 A.
508 2162 566 2218 Ὀ
592 2163 703 2236 γὰρ
737 2164 1002 2237 ὑπάρχων
1031 2167 1095 2220 ἐν
1128 2169 1311 2239 μορφῇ
1346 2167 1440 2222 τοῦ
1479 2167 1615 2223 Θεοῦ
1659 2169 1754 2224 καὶ
1789 2171 1903 2225 Πα-

327 2255 452 2324 τρδς
479 2255 610 2318 Θεὸς
635 2255 829 2326 Λόγος,
862 2256 890 2310 ό
918 2256 1018 2328 τῆς
1041 2258 1392 2323 ὑποστάσεως
1415 2259 1579 2314 αὐτοῦ
1601 2261 1902 2335 χαρακτὴρ.

326 2351 352 2401 ὁ
387 2347 528 2402 κατὰ
557 2349 667 2402 πᾶν
712 2348 892 2403 ὁτιοῦν
930 2349 1198 2424 ίσομερῶς
1236 2350 1376 2423 ἔχων
1406 2353 1486 2422 τῷ
1519 2352 1772 2423 φύσαντι,
1816 2372 1905 2408 κε-

329 2438 570 2494 κένωκεν
595 2439 809 2496 ἑαυτόν.

401 2532 460 2586 Β.
504 2533 611 2587 Καὶ
633 2533 762 2588 ποία
784 2535 867 2600 τίς
889 2535 1034 2589 ἐστιν
1059 2537 1091 2609 ἠ
1124 2537 1384 2604 κένωσις;

398 2624 461 2679 Α.
502 2623 574 2678 Τὸ
604 2626 662 2678 ἐν
696 2627 995 2700 προσλήψει
1024 2629 1277 2698 γενέσθαι
1310 2629 1534 2702 σαρκὸς,
1569 2629 1745 2684 καὶέν
1785 2630 1905 2685 δού-

323 2712 417 2765 λου
452 2717 658 2787 μορφῇ,
687 2717 719 2787 ἡ
747 2715 880 2789 πρὸς
909 2718 1057 2789 ἡμᾶς
1090 2719 1353 2791 ὁμοίωσις
1381 2720 1472 2774 τοῦ
1503 2721 1577 2794 μὴ
1603 2721 1724 2776 καθ’
1755 2723 1904 2793 ἡμᾶς

326 2803 448 2858 κατ’
478 2803 617 2860 ἰδίαν
657 2806 842 2877 φύσιν,
875 2807 990 2862 ἀλλ’
1020 2809 1159 2881 ὑπὲρ
1191 2811 1374 2865 πᾶσαν
1401 2810 1554 2875 ὄντος
1579 2810 1678 2883 τὴν
1704 2811 1900 2865 κτίσιν.

323 2895 480 2951 Οὕτω
517 2899 918 2954 τεταπείνωκεν
959 2901 1174 2969 ἐαυτὸν,
1217 2903 1406 2967 καθεὶς
1444 2903 1803 2974 οἰκονομικῶς
1846 2905 1906 2956 ἐν

2009 1900 2216 1955 tionu-m
2253 1901 2335 1955 vis
2359 1914 2454 1956 eos
2483 1899 2649 1956 etiam
2680 1899 2884 1955 invitos
2924 1899 2992 1954 ad
3027 1897 3281 1955 veritatis
3317 1896 3586 1969 cognitio-

2007 2005 2128 2046 nem
2155 1989 2464 2060 compellat.

2076 2082 2136 2140 Β.
2172 2082 2514 2153 Cuiusnam?

2077 2176 2143 2227 A.
2179 2171 2321 2230 Deus
2362 2173 2506 2229 enim
2547 2169 2781 2228 Verbum
2828 2171 2882 2230 in
2933 2171 3112 2228 forma
3157 2171 3251 2227 Dei
3297 2185 3368 2228 ac
3409 2169 3588 2228 Patris

2005 2265 2381 2335 exsistens,et
2423 2264 2711 2320 character
2755 2264 3008 2320 essentia;
3057 2265 3249 2334 ipsius,
3277 2265 3370 2337 qui
3407 2263 3589 2320 omni-

2007 2355 2164 2410 moda
2217 2355 2574 2412 similitudine
2621 2353 2769 2412 Patri
2817 2355 3046 2428 aequalis
3106 2365 3234 2422 est,
3285 2355 3587 2412 exinauivit

2005 2446 2379 2518 semetipsum.

2080 2534 2142 2592 Β.
2170 2535 2430 2604 Quaenam
2462 2550 2592 2593 vero
2620 2545 2704 2592 est
2726 2534 2812 2592 illa
2842 2535 3172 2592 exinanitto?

2078 2626 2144 2683 A.
2169 2625 2490 2696 Assumptio
2517 2626 2704 2683 carnis
2732 2635 2788 2682 et
2818 2625 3007 2682 forma:
3043 2625 3288 2694 servilis,
3308 2635 3362 2683 et
3391 2625 3587 2684 simili-

2006 2718 2136 2774 tudo
2167 2718 2363 2785 nostri,
2395 2717 2511 2787 ejus
2540 2719 2630 2789 qui
2651 2718 2804 2790 juxla
2831 2732 2983 2775 suam
3017 2727 3265 2774 naturam
3299 2719 3456 2776 nobis
3489 2733 3587 2774 ne-

2006 2826 2274 2883 quaquam
2311 2811 2508 2867 similis
2550 2821 2654 2878 est,
2684 2811 2779 2868 sed
2827 2827 3044 2868 omnem
3081 2821 3385 2869 creaturam
3428 2811 3594 2882 longe

2005 2912 2242 2975 superat.
2265 2902 2340 2957 Ita
2364 2901 2670 2958 humiliavit
2691 2904 2953 2974 seipsum,
2975 2903 3269 2960 demittens
3289 2918 3348 2959 se
3372 2919 3468 2974 per
3490 2904 3588 2959 ad-

324 2990 435 3049 τοῖς
465 2988 566 3060 τῆς
604 2989 1026 3062 ἀνθρωπότητος
1075 2993 1316 3064 μέτροις.
1363 2993 1504 3047 Ἀλλ’
1532 2989 1602 3066 ἧν
1626 2995 1719 3049 καὶ
1760 2994 1901 3050 οὕτω

2008 2995 2464 3051 ministrationem
2499 2995 2551 3049 in
2593 3010 2761 3051 carne
2784 2996 2853 3050 ad
2890 2996 3139 3051 humanae
3165 3006 3372 3052 natura:
3404 2998 3590 3053 condi-

325 3079 479 3146 Θεὸς,
525 3079 600 3144 ὡς
651 3081 728 3153 μὴ
780 3081 932 3136 δοτὸν
978 3082 1117 3155 ἔχων
1163 3084 1226 3137 τὸ
1256 3084 1416 3154 φύσει
1479 3087 1682 3157 προσὸν
1730 3087 1898 3157 αὐτῷ.

2011 3085 2236 3142 tionem.
2268 3086 2539 3144 Caeterum
2571 3096 2691 3143 erat
2711 3087 2873 3143 etiam
2911 3089 3014 3143 hoc
3039 3098 3196 3159 pacto
3220 3088 3382 3155 Deus,
3403 3099 3592 3158 utpote

326 3172 614 3246 Τοιγάρτοι
675 3173 770 3227 καὶ
806 3173 1014 3245 ἔφασκε
1069 3176 1205 3249 πρὸς
1236 3176 1330 3231 τὸν
1379 3179 1440 3231 ἐν
1488 3179 1601 3242 τοῖς
1656 3177 1903 3249 οὐρανοῖς

325 3265 544 3338 Πατέρα
579 3267 670 3322 καὶ
699 3268 852 3325 Θεόν“
889 3287 907 3320 ι
943 3270 1146 3342 Πάτερ,
1190 3270 1413 3338 δόξασόν
1453 3289 1521 3342 με
1569 3273 1637 3344 τῇ
1687 3271 1837 3343 δόξῃ,
1870 3266 1904 3347 ᾖ

319 3349 488 3426 εἶχον,
525 3357 630 3430 πρὸ
664 3357 759 3411 τοῦ
785 3357 875 3411 τὸν
906 3358 1110 3428 κόσμον
1141 3356 1300 3427 εἶναι,
1336 3360 1486 3434 παρὰ
1511 3362 1616 3416 σοί,
1639 3379 1656 3414 ι
1687 3362 1761 3414 Οὐ
1797 3360 1905 3432 γάρ

319 3462 402 3498 τοι
435 3449 590 3514 φαῖεν
610 3445 698 3513 ἂν,
722 3445 876 3519 οἶμαί
907 3466 1031 3516 που,
1057 3449 1398 3522 προκόσμιον
1446 3451 1604 3518 δόξαν
1646 3451 1722 3516 ὡς
1767 3453 1905 3506 ἰδίαν

321 3539 516 3605 αἰτεῖν,
544 3537 638 3592 τὸν
674 3540 738 3592 ἐκ
777 3539 1095 3612 σπέρματος
1127 3541 1221 3594 τοῦ
1257 3541 1422 3597 Δαϐὶδ
1448 3543 1506 3595 ἐν
1531 3542 1782 3614 ἐσχάτοις
1809 3542 1902 3598 τοῦ

320 3630 514 3695 αἰῶνος
540 3630 804 3702 τεχθέντα
847 3635 1078 3704 καιροῖς,
1120 3631 1279 3705 εἴπερ
1312 3633 1460 3689 ἐστὶν
1500 3636 1688 3708 ἔτερος
1721 3635 1904 3699 ίδικῶς

325 3721 451 3786 Υἱὸς
483 3724 635 3794 παρὰ
662 3723 754 3777 τὸν
781 3723 939 3794 φύσει
966 3741 1026 3778 τε
1057 3726 1151 3780 καὶ
1179 3725 1417 3794 ἀληθῶς,
1454 3727 1900 3800 θεοπρεπεστάτη

315 3813 372 3869 δὲ
415 3813 618 3885 μᾶλλον
647 3813 736 3886 εἴη
752 3814 817 3868 ἂν
847 3816 882 3886 ἡ
911 3815 1090 3870 τοιάδε
1127 3817 1303 3888 φωνή.
1332 3816 1483 3872 Ἔδει
1513 3817 1775 3891 γὰρ,,ἐδει
1808 3821 1903 3874 καὶ

318 3907 434 3966 τοῖς
469 3906 572 3976 τῆς
628 3903 1052 3978 άνθρωπότητος
1094 3909 1262 3962 αὐτὸν
1304 3909 1754 3980 συμπλάττεσθαι
1801 3910 1902 3980 μέ-

318 4013 490 4068 τροις,
523 3996 619 4050 Ital
661 3997 1032 4070 άπαράσημον
1067 3999 1212 4070 ἔχειν
1240 3999 1341 4070 τῆς
1371 4000 1711 4070 Θεοπρεποῦς
1745 4001 1902 4067 ἀξίας

319 4087 418 4157 τὴν
448 4088 724 4160 ὑπεροχὴν
743 4089 1018 4154 οὑσιωδῶς
1041 4090 1266 4144 ἐνοῦσαν
1290 4089 1459 4160 αὐτῷ,
1481 4089 1733 4159 καθάπερ
1763 4091 1902 4160 ἁμέ-

321 4180 403 4232 iter.
437 4181 530 4234 καὶ
544 4180 622 4251 τῷ
658 4183 851 4254 Πατρί.
873 4183 1025 4236 Ἐπεὶ
1054 4184 1181 4238 τίνα
1201 4182 1402 4254 τρόπον
1422 4181 1620 4254 ἀληθὲς
1649 4182 1763 4249 τὸ,‹
1788 4181 1903 4236 Οὐκ

321 4271 476 4326 ἔσται
508 4273 565 4326 ἐν
598 4274 682 4327 σοὶ
702 4274 833 4339 Θεὸς
865 4277 1232 4345 πρόσφατος,›
1261 4274 1315 4328 ετ
1333 4292 1396 4345 γε
1429 4274 1755 4329 θεοποιεῖται
1778 4278 1900 4330 κατ’

321 4363 521 4427 αὐτοὺς
542 4364 826 4438 ἄνθρωπος
862 4367 1128 4437 συναφείᾳ
1161 4370 1227 4438 τῇ
1264 4367 1400 4440 πρὸς
1426 4367 1518 4422 τὸν
1551 4366 1742 4437 Λόγον,
1777 4369 1904 4420 σύν-

2009 3177 2102 3246 qui
2153 3177 2205 3233 id
2255 3177 2398 3249 quod
2444 3193 2512 3233 ex
2562 3187 2755 3234 natura
2798 3192 2896 3233 sua
2922 3178 3108 3244 habet,
3147 3193 3252 3234 non
3293 3180 3587 3249 acceperit.

2007 3268 2242 3327 Proinde
2290 3279 2346 3325 et
2400 3269 2466 3324 ad
2508 3271 2791 3326 cmlestem
2834 3269 3052 3326 Patrem
3104 3285 3169 3326 ac
3216 3271 3383 3326 Deum
3427 3271 3596 3335 dixit.

2012 3379 2030 3412 ι
2065 3360 2249 3428 Pater,
2297 3359 2543 3431 gloriﬁca
2584 3375 2671 3415 me
2699 3377 2764 3416 ea
2809 3360 2979 3429 gloria
3011 3376 3172 3430 quam
3220 3361 3383 3416 habui
3428 3371 3587 3418 ante-

2008 3467 2170 3521 quam
2225 3452 2460 3508 mundus
2516 3460 2694 3520 esset,
2739 3453 2882 3522 apud
2921 3463 2973 3508 te
3022 3453 3087 3508 ¹⁸.
3143 3473 3162 3505 ο
3209 3450 3395 3522 Neque
3443 3454 3600 3509 enim.

2006 3543 2266 3606 dixerint.
2295 3544 2554 3611 arbitror,
2587 3544 2815 3616 gloriam
2839 3559 2959 3614 qua
2991 3553 3116 3599 ante
3141 3545 3587 3602 constitutionem

2007 3634 2194 3690 mundi
2235 3635 2360 3703 fuit,
2397 3645 2656 3706 tanquam
2689 3635 2968 3704 propriam
3006 3643 3192 3705 petere
3223 3651 3345 3690 eum
3376 3636 3468 3706 qui
3513 3649 3591 3690 ex

2004 3729 2214 3783 semine
2253 3726 2424 3783 David
2454 3728 2770 3786 novissimis
2811 3727 2998 3783 saeculi
3051 3727 3394 3798 temporibus
3421 3735 3600 3784 natus.

2005 3818 2127 3886 fuit,
2157 3818 2201 3874 si
2235 3829 2322 3873 est
2345 3818 2484 3874 alius
2515 3819 2748 3874 seorsim
2779 3817 2820 3872 F
2826 3818 2951 3875 ilius
2981 3819 3051 3874 ab
3083 3833 3150 3873 eo
3192 3818 3282 3886 qui
3319 3817 3598 3874 naturali-.

2007 3919 2088 3964 ter
2117 3924 2182 3963 ac
2218 3909 2436 3974 vereid
2463 3917 2570 3973 est,
2601 3910 2697 3964 sed
2729 3909 2910 3978 potius
2933 3923 2996 3963 ea
3025 3922 3125 3963 vox
3152 3907 3428 3962 divinitati
3455 3922 3587 3963 eou-

2004 3999 2276 4054 veniebat.
2310 3998 2568 4066 Oportuit
2600 3999 2745 4053 enim
2787 3999 2938 4054 illum
2990 4008 3046 4053 et
3091 4000 3344 4055 humana:
3378 4009 3588 4054 natura:

2005 4088 2223 4143 modulo
2257 4087 2612 4154 conformari,
2650 4098 2815 4158 atque
2868 4090 3132 4160 integram
3179 4090 3377 4146 divina:
3410 4090 3588 4160 digni-

2005 4177 2136 4233 tatis
2195 4177 2571 4233 excellentiam
2626 4177 2903 4245 retinere,
2943 4175 3331 4232 essentialiter
3365 4177 3418 4231 in
3469 4175 3588 4245 ipso

2003 4268 2385 4334 exsistentem,
2420 4268 2562 4322 sicut
2595 4278 2650 4323 et
2689 4267 2744 4322 in
2774 4265 2960 4323 Patre.
2997 4265 3277 4337 Siquidem
3309 4267 3586 4338 quomodo

2004 4373 2189 4415 verum
2217 4357 2322 4415 erit
2353 4357 2483 4413 illud
2512 4375 2527 4413 :
2568 4376 2589 4410 ι
2614 4355 2730 4413 Non
2749 4357 2853 4412 erit
2881 4357 2932 4412 in
2971 4368 3024 4412 te
3052 4350 3196 4413 Deus
3228 4372 3425 4416 recens
3445 4357 3511 4425 “,
3560 4377 3581 4410 ι

319 4455 513 4525 θρονός
545 4475 602 4511 τε
650 4459 744 4511 καὶ
775 4459 1030 4523 κοινωνὸς
1064 4459 1140 4530 τῷ
1172 4461 1347 4530 Πατρὶ
1385 4460 1484 4532 τῆς
1527 4459 1684 4528 ἀξίας
1705 4459 1900 4515 ἀναδε-

2005 4452 2049 4508 si
2103 4450 2259 4522 juxta
2309 4450 2525 4507 illorum
2581 4449 2891 4522 opinionem
2948 4451 3112 4507 homo
3161 4450 3396 4508 edicitur
3445 4450 3588 4509 Deus

316 4545 438 4616 δειγ
486 4545 604 4614 ένος
625 4566 648 4616 ;;

393 4728 453 4782 Β.
490 4724 566 4785 Εὖ
602 4727 760 4802 ἔφης.

391 4823 455 4876 Δ.
491 4821 619 4888 Πῶς
643 4823 687 4876 δ’
717 4823 783 4877 ἂν
806 4825 998 4892 νοῆσαι
1027 4823 1227 4894 πρέποι
1253 4823 1313 4877 τὸ
1339 4823 1425 4877 διὰ
1441 4822 1540 4894 τῆς
1565 4820 1658 4875 τοῦ
1687 4820 1900 4875 Παύλου

313 4917 506 4988 φωνῆς
559 4918 738 4988 σοφῶς
780 4917 1100 4990 εἰρημένον·
1154 4937 1172 4968 ι
1211 4916 1272 4970 El
1308 4917 1416 4988 γάρ
1475 4917 1570 4970 καὶ
1626 4915 1732 4968 sici.
1787 4915 1900 4968 θεοὶ

317 5009 507 5063 πολλοὶ
529 5008 586 5064 ἐν
609 5027 670 5062 τε
706 5010 920 5082 οὐρανῷ
958 5011 1052 5064 καὶ
1076 5009 1171 5062 ἐπὶ
1198 5009 1322 5079 γῆς,
1350 5007 1465 5063 ἀλλ’
1489 5010 1620 5078 ἡμῖν
1648 5002 1728 5071 εἷς
1767 5008 1899 5071 Θεὸς

317 5102 346 5153 ό
373 5100 584 5172 Πατὴρ,
621 5099 678 5166 ἐξ
716 5092 777 5152 οὗ
810 5099 878 5152 τὰ
918 5100 1115 5160 πάντα,
1151 5099 1245 5151 καὶ
1285 5099 1446 5168 ἡμεῖς
1485 5094 1544 5160 ἐξ
1581 5095 1766 5159 αὐτοῦ,
1802 5094 1898 5147 καὶ⁹

319 5187 400 5254 εἷς
443 5191 649 5262 Κύριος
691 5191 900 5260 Ἰησοῦς
954 5191 1207 5262 Χριστὸς,
1251 5188 1320 5241 δι’
1369 5183 1429 5242 οῦ
1470 5189 1537 5240 τὰ
1574 5187 1770 5252 πάντα,
1804 5188 1898 5240 καὶ

318 5286 480 5353 ἡμεῖς
510 5285 575 5337 δι’
602 5284 788 5338 αὑτοῦ.
818 5303 835 5334 ι
867 5285 1013 5346 Ἐνὺς
1048 5284 1102 5336 δὲ
1134 5283 1286 5344 ὄντος
1316 5280 1522 5350 Κυρίου
1564 5279 1736 5348 Ἰησοῦ
1767 5281 1899 5348 Χρι-

321 5373 472 5438 στοῦ,
499 5377 591 5428 καὶ
616 5376 682 5428 δι’
708 5374 873 5428 αὑτοῦ
897 5376 965 5428 τά
999 5377 1177 5430 πάντα
1208 5373 1484 5444 παρῆχοαι
1523 5373 1657 5444 πρὸς
1687 5373 1899 5440 γένεσιν

317 5463 377 5517 εὖ
423 5465 568 5535 μάλα
597 5466 952 5536 διειρηκότος,
979 5467 1029 5520 τί
1064 5467 1355 5538 δράσομεν,
1384 5459 1427 5517 ὦ
1454 5469 1710 5532 γενναῖοι,
1736 5464 1902 5535 διοριο

317 5559 524 5623 ἰόντων
574 5559 730 5627 ὑμῶν
784 5559 875 5610 τοῦ
931 5559 1332 5628 ἀναληφθέντος
1387 5558 1699 5628 ἀνθρώπου,
1759 5560 1902 5613 καθά

394 5734 439 5764 ⁸⁸
477 5731 712 5797 Philipp.
743 5744 800 5786 ιι.
837 5730 948 5782 34-9.
1034 5731 1252 5785 "Jonn.
1295 5746 1424 5790 xvn,

2001 4559 2100 4615 per
2135 4542 2579 4613 coniunctionem
2615 4557 2738 4596 cum
2772 4540 2976 4609 Verbo,
3012 4558 3261 4600 assessor
3311 4552 3368 4600 et
3413 4546 3586 4616 parti-

2002 4651 2130 4708 ceps
2164 4636 2353 4708 gloriae
2378 4650 2500 4691 cum
2532 4632 2696 4690 Patre
2725 4634 3082 4691 declaratus?

2075 4731 2136 4784 Β.
2175 4731 2342 4785 Recte
2372 4729 2528 4785 dicis.

2073 4823 2151 4880 Α..
2171 4821 2454 4890 Quomodo
2492 4831 2675 4879 autem
2717 4820 2942 4893 intelligi
2981 4821 3156 4892 possit
3193 4820 3323 4877 illud
3359 4836 3387 4875 a
3419 4819 3596 4876 Paulo

2006 4917 2280 4985 sapienter
2326 4915 2550 4980 dictum,
2591 4933 2610 4966 ι
2650 4913 2710 4969 Si
2744 4913 2890 4969 enim
2945 4913 3107 4969 etiam
3155 4921 3284 4967 sunt
3329 4912 3400 4966 dii
3435 4911 3588 4966 multi

2009 5009 2061 5062 in
2096 5005 2238 5063 ccelo
2272 5016 2327 5062 et
2352 5006 2407 5061 in
2437 5016 2590 5061 terra.
2619 5023 2632 5060 :
2683 5014 2740 5060 at
2769 5004 2926 5060 nobis
2957 5019 3095 5059 unus
3129 5005 3274 5060 Deus
3293 5001 3475 5069 Pater,
3518 5018 3588 5058 ex

2007 5114 2117 5170 quo
2152 5098 2359 5165 omnia,
2400 5105 2456 5151 et
2475 5111 2575 5152 nos
2597 5109 2664 5151 ex
2697 5097 2815 5166 ipso
2841 5112 2856 5161 ;
2880 5103 2936 5150 et
2965 5109 3108 5150 unus
3137 5093 3399 5150 Dominus
3428 5092 3588 5149 Jesus

2009 5190 2277 5254 Christus,
2313 5203 2410 5259 per
2431 5202 2594 5258 quem
2624 5189 2830 5251 omnia,
2869 5195 2924 5242 et
2967 5201 3066 5240 nos
3094 5201 3191 5256 per
3225 5187 3400 5253 ipsum
3435 5184 3520 5239 "1'
3555 5206 3576 5236 ι

2006 5279 2140 5336 Cum
2183 5295 2310 5335 vero
2354 5293 2494 5333 unus
2552 5278 2625 5333 sit
2677 5279 2940 5335 Dominus
2985 5275 3140 5332 Jcsus
3196 5275 3478 5339 Christus,
3530 5285 3591 5330 et

2008 5388 2103 5444 per
2144 5374 2318 5441 ipsum
2360 5369 2539 5425 omnia
2581 5370 2648 5424 ad
2693 5380 2871 5424 ortum
2929 5369 3160 5423 adducta
3212 5382 3335 5423 esse
3382 5365 3584 5420 Paulus

2013 5469 2312 5526 rectissime
2342 5468 2526 5522 dicat:
2565 5466 2692 5538 quid
2731 5480 2972 5536 agemus,
3014 5463 3138 5519 boni
3176 5463 3299 5528 viri,
3335 5476 3454 5517 cum
3487 5473 3588 5514 vos

2011 5567 2345 5626 assumptum
2404 5555 2576 5619 illum,
2627 5565 2688 5609 ut
2741 5555 2944 5618 dicitis,
2996 5553 3272 5608 hominem
3323 5570 3352 5606 a
3406 5548 3592 5606 Verbo.

1613 5731 1654 5762 "
1681 5731 1847 5782 lixml.
1899 5748 1989 5795 ut,
2015 5731 2083 5796 3;
2115 5730 2256 5781 Psal.
2288 5745 2451 5792 Lux,
2488 5731 2569 5780 ltl.
2654 5729 2737 5782 "l
2775 5729 2901 5782 Cor.
2938 5743 3068 5790 vm,
3098 5725 3228 5798 5.6.
