4078 6264
512 303 648 364 1503

1537 305 1596 360 8.
1637 305 1914 362 CY-RILLI
1956 304 2421 360 ALEXANDRINI
2462 303 2784 360 ARCHIEP.

3634 299 3770 356 1506

513 430 655 497 quod
686 444 750 484 ex
775 425 936 482 Patre
964 437 1202 497 genitum
1244 435 1349 493 est,
1380 427 1768 498 distinguatis?
1795 436 1883 480 aut
1919 442 2078 496 quem

2215 445 2346 492 ›ατε,
2367 429 2459 481 τὸν
2491 431 2556 482 ἐκ
2575 427 2711 482 Θεοῦ
2741 425 2950 497 Πατρδς
2981 425 3190 494 Λόγον;
3225 423 3346 477 τίνα
3377 422 3630 492 γενέσθαι
3659 441 3767 493 φα·

513 535 634 576 csse
667 519 911 575 dicemus
941 521 1181 574 oumium
1213 529 1364 574 ortus
1390 521 1716 576 auctorem?

587 611 650 665 Β.
681 611 814 666 Eum
861 613 953 682 qui
1003 622 1088 666 est
1135 611 1226 666 Dei
1282 611 1462 667 Patris
1500 614 1798 668 secundum
1839 623 2086 668 naturam

515 701 708 767 Filius,
744 703 846 758 huc
879 711 994 766 est,
1033 701 1372 774 Unigeuitus.

587 795 655 853 Α.
714 795 877 865 Atqui
928 811 1158 864 magnus
1218 796 1307 850 ille
1348 795 1651 850 divinorum
1707 795 2088 868 mysteriorum

2195 521 2295 590 μὲν
2335 519 2721 589 γενεσιουργδν
2755 519 2894 573 ὅλων
2918 537 2931 582 ;

2263 612 2325 665 Β.
2366 611 2471 664 Τὸν
2518 612 2584 664 ἐκ
2617 609 2753 664 Θεοῦ
2788 610 2999 682 Πατρὸς
3044 609 3187 664 κατὰ
3229 608 3388 678 φύσιν
3434 606 3582 671 Υίδν,
3615 623 3776 660 τουτ-

2193 705 2308 760 έστι
2341 706 2432 759 τὸν
2456 705 2754 776 Μονογενῆ.

2263 801 2330 856 Α.
2383 798 2522 851 Ἀλλ’
2554 799 2648 867 ὅγε
2685 797 2795 851 τῶν
2829 795 2988 850 θείων
3021 797 3153 866 ἡμῖν
3199 795 3517 866 μυστηρίων
3559 796 3777 866 ἱερουρ-

519 885 840 940 administer
883 900 979 954 per
1001 885 1182 941 Jesum
1215 885 1490 942 Christum
1521 887 1703 942 omnia
1740 887 1806 940 ad
1834 901 1957 941 esse
1981 899 2092 939 tra-

2215 891 2308 955 νὸς,
2346 890 2436 944 διὰ
2489 889 2665 962 Ἰησοῦ
2707 887 2944 960 Χριστοῦ
2984 887 3052 940 τὰ
3091 888 3272 941 πάντα
3313 887 3449 957 φησὶ
3493 885 3778 957 παρῆχθαι

521 978 680 1030 ducta
724 975 886 1048 743
921 993 1043 1034 esse
1078 979 1293 1044 asserit,
1331 994 1605 1049 unumque
1656 979 1829 1048 ipsum
1871 993 1991 1034 esse
2027 993 2092 1032 ac

517 1068 714 1125 solum.
750 1069 1005 1139 Repetam
1043 1086 1170 1126 vero
1202 1071 1252 1124 id
1278 1072 1421 1141 quod
1465 1070 1667 1128 Christi
1703 1085 1899 1125 nomen
1934 1070 2090 1132 inve-3

517 1160 779 1231 stigautes
805 1161 1064 1229 diximus,
1097 1162 1238 1232 quod
1283 1163 1537 1216 nimirum
1573 1163 1885 1216 unctionem
1923 1160 2095 1230 signi-

519 1248 664 1303 ﬂcet.
697 1251 831 1316 Quia
863 1252 1008 1306 enim
1052 1262 1247 1308 unctus
1276 1261 1380 1316 est,
1414 1251 1674 1307 Christus
1707 1251 1903 1322 aliquis
1935 1266 2095 1308 voca-

519 1350 627 1395 tur.
663 1342 772 1395 Aut
814 1342 977 1412 igitur
1023 1343 1204 1398 dicant
1234 1343 1465 1399 Verbum
1504 1359 1570 1398 ex
1618 1343 1731 1398 Deo
1768 1344 1822 1399 in
1861 1344 2078 1414 propria

518 1444 615 1483 sua
645 1441 844 1485 natura
885 1441 1106 1514 unctum
1137 1447 1276 1494 esse.
1307 1441 1362 1486 et
1397 1431 1828 1486 sanctiﬁcatione
1853 1445 1950 1499 per
1972 1429 2096 1499 Spi-

521 1521 684 1575 ritum
722 1533 966 1576 sanctum
997 1523 1314 1594 indiguisse,
1342 1525 1721 1595 particepsque
1744 1524 1862 1593 ejus
1883 1524 1950 1577 ab
1977 1523 2097 1592 ipso

521 1611 721 1666 factum
756 1611 956 1681 fuisse;
1005 1625 1098 1670 aut
1133 1616 1366 1670 doceant
1413 1630 1522 1685 quo
1559 1626 1717 1687 pacto
1765 1614 2098 1685 intelligatur

520 1702 770 1760 Christus
810 1706 900 1774 qui
937 1721 1044 1761 non
1083 1706 1155 1762 sit
1180 1707 1419 1762 unctus?
1456 1707 1726 1776 quomodo
1757 1722 1888 1763 vero
1930 1721 2096 1760 voce—

2194 981 2332 1052 πρδς
2356 981 2611 1051 ὕπαρξιν,
2639 981 2734 1034 ἕνα
2756 997 2815 1032 τε
2846 979 3010 1032 αὑτὸν
3042 976 3181 1031 εἶναι
3215 979 3308 1032 καὶ
3337 979 3514 1048 μόνον.
3552 978 3777 1048 Μεμνὴο

2195 1089 2360 1144 σομαι
2405 1073 2483 1136 δὲ,
2511 1073 2590 1126 ὅτι
2637 1071 2699 1125 τὸ
2752 1069 2984 1140 Χριστὸς
3026 1070 3198 1141 ὄνομα
3236 1067 3616 1139 βασανίζοντες
3659 1066 3779 1121 ἐλέ-

2195 1182 2386 1236 γομεν,
2430 1165 2512 1217 ὅτι
2570 1163 2806 1236 χρίσεως
2846 1163 2977 1233 ἡμῖν
3026 1161 3328 1231 εἰσκομίζει
3381 1160 3633 1230 δήλωσιν.
3682 1157 3782 1212 Διὰ

2195 1258 2402 1329 γάρτοι
2424 1256 2484 1310 τὸ
2512 1257 2819 1328 κεχρῖσθαι,
2845 1255 3068 1326 χριστὸς
3093 1253 3412 1324 όνομὰζοιτό
3442 1268 3543 1315 τις.
3568 1253 3639 1304 Ἦ
3672 1251 3779 1304 τοίο

2195 1369 2290 1406 νυν
2323 1349 2633 1420 λεγέτωσαν
2669 1349 2760 1402 τὸν
2792 1352 2856 1403 ἐκ
2888 1345 3024 1401 Θεοῦ
3056 1346 3272 1418 Πατρὸς
3300 1345 3491 1414 Λόγον,
3527 1346 3607 1408 εἰς
3644 1343 3782 1397 ἰδίαν

2197 1441 2485 1512 κεχρῖσθαι
2536 1441 2728 1509 φύσιν,
2783 1440 2879 1493 καὶ
2921 1441 2980 1492 ἐν
3029 1437 3207 1509 ἐνδείᾳ
3253 1434 3506 1505 γενέσθαι
3559 1433 3654 1488 τοῦ
3691 1433 3784 1488 διὰ

2199 1531 2516 1603 Πνεῦματος
2558 1530 2829 1602 ἁγιασμοῦ
2884 1531 2978 1584 καὶ
3019 1533 3120 1600 τῆς
3167 1530 3260 1582 ἀπ’
3312 1527 3476 1582 αὐτοῦ
3523 1529 3776 1599 μετοχῆς·

2198 1621 2367 1693 ἧγουν
2410 1622 2833 1685 διδασκέτωσαν,
2880 1620 2996 1685 πῶς
3037 1619 3102 1674 ἂν
3136 1621 3310 1674 νοοῖτο
3346 1619 3602 1691 Χριστὸς,
3637 1619 3667 1670 6
3704 1617 3781 1688 μὴ

2201 1713 2598 1784 κεχρισμένος;
2650 1712 2767 1775 πῶς
2816 1711 2861 1764 δ’
2918 1711 2984 1764 ἂν
3033 1712 3350 1780 καταμόνας
3413 1710 3628 1763 καλοῖτο
3685 1709 3783 1762 καὶ

525 1804 612 1846 tur
651 1773 1005 1864 peculiariter
1039 1796 1203 1850 etiam
1237 1795 1418 1861 Iesus,
1455 1773 1796 1867 unigenitum
1834 1795 1928 1851 Dei
1960 1795 2098 1850 Ver-

2215 1773 2422 1876 Ἰησοῦς
2467 1807 2495 1858 6
2544 1773 2839 1876 μονογενὴς
2882 1801 2976 1857 τοῦ
3034 1773 3193 1855 Θεοῦ,
3224 1802 3430 1870 Λόγος,
3468 1801 3644 1856 καίτοι
3688 1801 3784 1854 τοῦ

523 1886 672 1950 bum,
720 1901 840 1940 cum
900 1886 1090 1942 beatus
1130 1885 1350 1942 Gabriel
1395 1897 1599 1942 sancta:
1649 1887 1852 1956 Virgini
1903 1889 2095 1943 dicat:

527 1994 545 2026 ι
581 1975 662 2028 Ne
691 1976 906 2041 timeas,
948 1975 1116 2031 Maria
1144 1995 1159 2044 ;
1187 1991 1315 2032 ecce
1350 1977 1495 2032 enim
1525 1979 1803 2048 concipies
1834 1978 1886 2032 iu
1919 1987 2096 2042 utero,

523 2075 579 2117 et
629 2067 808 2135 paries
845 2066 1037 2130 tilium,
1071 2075 1127 2122 et
1157 2067 1377 2124 vocabis
1411 2083 1607 2124 nomen
1659 2069 1778 2139 ejus
1811 2068 2000 2124 Jesum
2030 2070 2096 2123 ¹⁶.

521 2150 640 2219 Ipse
687 2154 832 2208 enim
881 2155 1115 2211 salvabit
1149 2156 1410 2228 populum
1451 2172 1608 2212 suum
1654 2173 1684 2211 a
1725 2157 1966 2228 peccatis
2011 2171 2102 2212 eo-

523 2259 642 2298 rum
673 2244 734 2299 ".
775 2261 797 2296 ι

595 2335 655 2389 Β.
687 2335 826 2407 Ergo
851 2351 946 2406 per
976 2336 1250 2392 hominem
1284 2347 1480 2393 cuncta
1509 2337 1651 2394 facta
1675 2353 1799 2396 esse
1828 2339 2099 2406 dicemus,

524 2439 579 2481 et
611 2429 702 2496 qui
747 2428 800 2482 in
834 2429 1148 2484 novissimis
1179 2430 1359 2485 saaculi
1391 2431 1726 2500 temporibus
1764 2446 1829 2486 ex
1880 2430 2104 2486 muliere

527 2516 686 2571 iiatus
715 2526 818 2583 est,
845 2518 1077 2574 Creator
1125 2528 1209 2574 est
1248 2519 1372 2576 cmli
1417 2529 1474 2576 et
1533 2530 1716 2584 terrae,
1757 2536 1818 2575 ac
1866 2521 2104 2576 breviter

527 2609 765 2663 omnium
790 2624 911 2678 qua:
937 2610 989 2664 in
1022 2610 1101 2664 eis
1136 2621 1283 2666 sunt.

603 2701 670 2754 A.
724 2701 797 2755 Ita
828 2703 1031 2758 sentias
1058 2711 1291 2773 oportet.
1339 2705 1529 2759 Annon
1557 2705 1725 2772 enim,
1761 2703 1990 2761 obsecro
2031 2714 2102 2770 te,

535 2811 555 2844 ε
592 2790 824 2847 Verbum
873 2808 1006 2848 caro
1053 2793 1256 2849 factum
1312 2805 1394 2850 est
1423 2793 1506 2850 “'2'
1547 2815 1566 2850 ι
1599 2811 1776 2852 nonne
1809 2797 2108 2866 appellatur

534 2882 708 2938 Filius
743 2883 1020 2937 hominis?
1044 2899 1184 2938 anne
1215 2885 1441 2938 formam
1471 2887 1614 2940 servi
1655 2886 1904 2956 accepit?
1929 2901 2107 2941 nonne

532 2977 822 3030 evacuavit
855 2978 1230 3046 semetipsum,
1274 2979 1327 3031 iu
1367 2978 1777 3033 similitudinem
1829 2980 2104 3034 hominum

2207 1896 2480 1968 μακαρίου
2515 1895 2759 1968 Γαϐριὴλ
2791 1897 2857 1964 τῇ
2892 1894 3022 1965 ἁγίᾳ
3058 1893 3320 1962 Παρθένῳ
3350 1893 3616 1962 λέγοντος·
3649 1913 3666 1943 ι
3692 1893 3784 1963 Μὴ

2201 1988 2387 2058 φοϐοῦ,
2411 1989 2662 2059 Μαριάμ·
2683 1989 2790 2041 ἰδοὺ
2818 1989 2927 2058 γὰρ
2950 1986 3195 2058 συλλήψῃ
3224 1989 3282 2038 ἐν
3307 1985 3634 2057 γαστρὶ,καὶ
3656 1985 3784 2054 τέξῃ

2204 2081 2342 2145 υἱὸν,
2377 2081 2472 2134 καὶ
2522 2080 2775 2143 καλέσεις
2804 2079 2866 2132 τὸ
2909 2080 3080 2150 ὄνομα
3117 2078 3284 2133 αὐτοῦ
3351 2077 3582 2147 Ἰησοῦν.
3614 2077 3785 2139 Αὐτὸς

2203 2173 2312 2244 γὰρ
2347 2170 2508 2225 σώσει
2547 2173 2639 2227 τὸν
2673 2172 2802 2228 λαὸν
2851 2172 3013 2226 αὑτοῦ
3051 2171 3161 2226 ἀπὸ
3203 2171 3313 2226 τῶν
3361 2170 3649 2243 ἁμαρτιῶν
3689 2169 3783 2223 αὕ-

2204 2265 2333 2318 τῶν.
2374 2283 2392 2316 ι

2277 2357 2336 2408 Β.
2381 2357 2504 2426 Ἆρ’
2535 2350 2649 2418 οῦν,
2685 2355 2752 2408 δι’
2787 2354 2952 2410 αὐτοῦ
2981 2355 3314 2425 πεποιῆσοαί
3345 2371 3525 2426 φαμεν
3553 2352 3620 2406 τὰ
3655 2353 3788 2406 πᾶν·

2204 2465 2295 2516 τα,
2334 2449 2429 2504 καὶ
2471 2451 2500 2502 6
2539 2449 2596 2502 ἐν
2645 2449 2894 2520 ἐσχάτοις
2938 2447 3028 2503 τοῦ
3080 2447 3275 2511 αἰῶνος
3322 2449 3533 2520 καιροῖς
3584 2447 3687 2516 τὴν
3730 2446 3790 2498 ἐκ

2207 2541 2464 2610 γυναικὸς
2493 2541 2749 2608 ἀπότεειν
2781 2541 2939 2612 ἔχων,
2970 2541 3303 2612 δημιουργός
3333 2541 3480 2592 ἐστιν
3503 2533 3596 2593 οῦν
3629 2539 3791 2608 οὐρα-

2207 2629 2300 2684 νοῦ
2333 2631 2428 2684 καὶ
2454 2631 2578 2701 γῆς,
2617 2631 2922 2701 συλλήϐδην
2959 2631 3215 2687 ἁπάντων
3249 2629 3357 2684 τῶν
3383 2630 3442 2683 ὲν
3476 2629 3682 2689 αὐτοῖς.

2277 2721 2343 2774 Α.
2371 2721 2547 2790 Φράζε
2567 2721 2630 2791 δὴ
2648 2717 2739 2775 οὖν
2767 2722 2860 2774 καὶ
2886 2721 3068 2784 αὐτὸς,
3101 2721 3372 2792 ἐρήσομαι
3400 2719 3508 2790 γάρ
3528 2737 3541 2750 ο
3579 2739 3594 2771 ι
3621 2714 3712 2789 ἄρ’
3733 2719 3792 2770 οὔ

2214 2827 2233 2860 ι
2260 2810 2452 2879 γέγονε
2476 2810 2611 2881 σὰρξ
2651 2813 2678 2863 6
2719 2810 2925 2878 Λόγος;
2951 2828 2968 2860 ι
3007 2805 3096 2881 ἆρ’
3131 2809 3193 2862 οὐ
3228 2809 3638 2881 κεχρημάτικεν
3672 2808 3796 2872 Υἱὸς

2209 2897 2499 2969 ἀνθρώπου
2526 2917 2540 2964 ;
2568 2901 2667 2952 οὐκ
2695 2898 2851 2952 ἔλαϐε
2880 2899 3066 2952 δούλου
3099 2900 3349 2976 μορφήν;
3387 2899 3489 2952 οὐκ
3522 2898 3797 2951 ἐκένωσεν

2212 2987 2428 3053 ἐαυτὸν,
2455 2989 2513 3040 ὲν
2541 2987 2848 3060 ὁμοιώματι
2875 2988 2972 3041 ἀνθ
2983 2987 3180 3060 ρώπων
3206 2988 3519 3058 γενόμενος,
3547 2987 3642 3038 καὶ
3674 2987 3799 3056 σχή-

534 3067 732 3132 factus,
761 3077 927 3137 atque
966 3069 1155 3123 habitu
1187 3070 1442 3125 iuventus
1478 3079 1536 3124 ut
1569 3071 1729 3125 homo
1755 3072 1840 3126 "'2
1872 3073 1941 3125 At
1978 3087 2107 3128 vero

2215 3097 2348 3154 ματι
2393 3080 2638 3152 εὑρεθεὶς
2676 3080 2750 3145 ὡς
2781 3079 3098 3151 ἄνθρωπος;
3130 3079 3192 3132 El
3233 3078 3333 3149 μὲν
3375 3073 3468 3131 οὖν
3508 3077 3798 3148 ἀρνοῦνται

532 3160 578 3214 si
617 3159 1048 3215 incarnationem
1084 3171 1306 3231 negent,
1340 3163 1514 3218 sancti
1547 3162 1793 3232 discipuli
1821 3162 2110 3232 obsistent,

535 3253 778 3307 dicentes
809 3269 826 3308 :
860 3269 880 3304 ι
917 3253 984 3308 Ει
1017 3267 1116 3308 nos
1143 3253 1383 3308 vidimus
1423 3264 1480 3308 et
1513 3263 1799 3322 testamur,
1831 3257 1978 3324 quod
2010 3256 2112 3311 Pa-

535 3352 618 3399 ter
647 3345 795 3400 misit
821 3345 1014 3400 Filium
1040 3345 1378 3402 Salvatorem
1409 3347 1617 3402 mundi.
1650 3346 1968 3418 Quicunque
1991 3364 2115 3404 cou-

537 3437 784 3494 ﬁtebitur
817 3441 961 3508 quod
1004 3439 1163 3496 Iesus
1201 3449 1284 3495 est
1331 3439 1500 3495 Filius
1543 3441 1660 3505 Dei,
1705 3441 1847 3498 Deus
1893 3443 1944 3497 in
1998 3444 2115 3512 ipso

538 3540 744 3594 manet,
779 3542 835 3585 et
879 3533 996 3602 ipse
1041 3533 1094 3586 in
1138 3533 1248 3589 Deo
1282 3535 1349 3588 '°.
1383 3553 1401 3585 ι
1445 3533 1509 3588 Et
1547 3550 1736 3590 rursus
1777 3553 1790 3590 :
1834 3553 1854 3587 ι
1904 3534 1962 3590 In
2012 3537 2117 3592 hoc

537 3624 891 3694 cognoscitur
919 3623 1157 3694 Spiritus
1186 3624 1282 3680 Dei
1307 3641 1320 3676 :
1357 3623 1546 3679 Omnis
1572 3626 1798 3694 spiritus
1821 3628 1914 3696 qui
1945 3628 2116 3683 conﬁ-

541 3723 690 3769 tetur
708 3713 892 3770 Iesum
914 3714 1191 3770 Christum
1216 3715 1268 3769 in
1287 3729 1452 3770 carne
1477 3715 1704 3779 venisse,
1724 3731 1791 3771 ex
1817 3717 1924 3771 Deo
1947 3725 2120 3784 est;et

541 3808 721 3864 omnis
744 3809 988 3879 spiritus.
1017 3808 1109 3878 qui
1128 3823 1233 3864 non
1255 3807 1543 3864 confitetur
1558 3807 1765 3875 Jesum,
1785 3824 1850 3864 ex
1877 3810 1986 3866 Deo
2013 3826 2118 3865 non

539 3902 699 3957 est”.
741 3919 759 3953 ι
797 3899 1019 3967 Deinde,
1052 3915 1300 3971 quaenam
1332 3901 1471 3955 ratio
1513 3901 1578 3956 sit
1611 3901 1790 3956 dicere
1811 3902 1876 3956 de
1904 3902 2121 3957 homine

545 3995 694 4063 quod
726 3995 1087 4064 assumpserit
1110 3993 1378 4049 carnem?
1402 3993 1667 4049 Convenit
1701 4009 1830 4048 vero
1866 3995 2044 4064 potius
2072 3995 2119 4049 ei

540 4087 635 4157 qui
660 4097 815 4146 extra
849 4103 1069 4143 carnem
1109 4097 1215 4152 est,
1247 4102 1422 4157 neque
1449 4096 1649 4143 nostra!
1690 4097 1900 4142 natura;
1928 4087 2123 4144 similis

540 4187 646 4244 est,
682 4194 904 4235 carnem
949 4193 1252 4242 assumere,
1299 4188 1354 4234 et
1393 4193 1516 4233 cum
1565 4191 1628 4230 ea
1660 4178 1848 4232 venire
1880 4178 1932 4232 in
1979 4178 2123 4232 hunc

539 4274 826 4336 mundum,
881 4272 952 4324 ita
1013 4282 1076 4329 ut
1126 4279 1341 4326 maneat
1388 4270 1442 4324 id
1487 4271 1631 4340 quod
1674 4279 1816 4326 erat.
1861 4270 2121 4336 Proinde,

543 4363 760 4417 tametsi
815 4361 992 4420 factus
1037 4372 1122 4418 est
1163 4365 1361 4429 homo,
1424 4363 1556 4418 nihil
1601 4363 1782 4419 obstat
1821 4365 2120 4438 quominus

2215 3172 2314 3244 τὴν
2343 3171 2677 3242 οἰκονομίαν,
2709 3173 3206 3242 ἁνταναστήσονται
3235 3170 3490 3238 λέγοντες
3522 3171 3572 3223 οἱ
3604 3168 3796 3222 θεσπὲο

2217 3281 2320 3320 σιοι
2359 3263 2617 3335 μαθηταί·
2657 3284 2676 3314 ι
2717 3263 2826 3317 Καὶ
2866 3265 3026 3334 ἡμεῖς
3064 3262 3408 3330 ἐθεασάμεθα
3456 3263 3549 3314 καὶ
3589 3278 3795 3332 μαρτυ-

2221 3360 2443 3432 ροῦμεν,
2473 3358 2556 3410 ὃτι
2587 3358 2616 3410 6
2657 3356 2845 3426 Πατὴρ
2895 3354 3204 3408 ἀπέσταλκε
3239 3354 3329 3406 τὸν
3375 3353 3523 3418 Υίὺν,
3572 3353 3797 3422 Σωτῆρα

2217 3451 2314 3506 τοῦ
2342 3450 2585 3521 κόσμου’
2634 3449 2692 3511 ὃς
2732 3447 2796 3501 ἂν
2844 3447 3174 3518 ὁμολογήσῃ,
3214 3447 3295 3500 ὃτι
3345 3446 3554 3518 Ἰησοῦς
3599 3447 3742 3498 ἐστιν
3769 3444 3799 3498 6

2221 3545 2350 3608 Υἱός
2374 3541 2466 3596 τοῦ
2497 3540 2658 3603 Θεοῦ,
2690 3542 2718 3593 6
2759 3539 2890 3602 Θεὸς
2920 3539 2976 3592 ἐν
3018 3539 3166 3609 αὐτῷ
3222 3538 3397 3609 μένει,
3432 3539 3527 3591 καὶ
3548 3537 3711 3600 αὐτὸς
3744 3539 3800 3588 ἐν

2219 3636 2297 3708 τῷ
2338 3634 2478 3705 Θεῷ.
2513 3654 2532 3685 ι
2566 3631 2673 3686 Kal.
2715 3630 2896 3684 πάλιν·
2938 3649 2956 3682 ι
3006 3631 3093 3684 Ἐν
3137 3629 3312 3700 τούτῳ
3351 3629 3675 3698 γινώσκεται
3742 3627 3803 3680 τδ

2223 3727 2446 3798 Πνεῦμα
2492 3726 2587 3779 τοῦ
2621 3723 2784 3777 Θεοῦ”
2821 3725 2934 3776 Πᾶν
2967 3722 3205 3793 πνεῦμα,
3246 3722 3274 3774 6
3303 3721 3554 3792 ὁμολογεῖ
3591 3718 3804 3789 Ἰησοῦν

2223 3818 2455 3890 Χριστὸν
2490 3818 2546 3869 ἐν
2580 3817 2744 3888 σαρκὶ
2770 3813 3107 3886 ἐληλυθέναι,
3143 3814 3207 3866 ἐκ
3241 3812 3334 3866 τοῦ
3363 3811 3500 3866 Θεοῦ
3529 3813 3664 3864 ἐστι·
3711 3810 3803 3862 καὶ

2224 3910 2332 3962 πᾶν
2354 3905 2590 3976 πνεῦμα,
2627 3904 2656 3958 6
2691 3904 2764 3975 μὴ
2800 3903 3053 3974 ὁμολογεῖ
3072 3904 3164 3955 τὸν
3200 3900 3431 3972 Ἰησοῦν,
3459 3902 3524 3953 ἐκ
3551 3898 3645 3952 τοῦ
3667 3895 3800 3952 θεοῦ

2225 4003 2325 4056 οὐκ
2351 4003 2516 4053 ἐστιν.
2557 4018 2575 4051 ι
2618 3992 2772 4063 Εἶτα,
2817 3999 2965 4050 ποῖον
2991 3993 3057 4047 ἂν
3108 3993 3219 4064 ἔχοι
3248 3992 3435 4059 λόγον,
3471 3990 3534 4043 τὸ
3586 3989 3674 4041 ἐπ’
3708 3990 3797 4039 avo

2227 4093 2446 4167 θρώπου
2491 4092 2632 4146 νοεῖν
2682 4089 2756 4151 ὡς
2809 4085 3184 4158 παραγέγονεν
3237 4086 3294 4137 ἐν
3347 4082 3548 4155 σαρκί;
3598 4079 3798 4150 Πρέποι

2225 4185 2270 4239 δ’
2300 4183 2365 4237 ἂν
2397 4181 2595 4253 μᾶλλον
2617 4178 2695 4250 τῷ
2729 4176 2834 4242 ἔξω
2870 4176 3065 4246 σαρκὸς
3099 4176 3192 4229 καὶ
3215 4174 3428 4244 φύσεως
3451 4173 3554 4225 οὐκ
3574 4171 3682 4224 δντι
3706 4169 3801 4237 τῆς

2229 4276 2350 4330 καθ’
2381 4274 2548 4345 ἡμᾶς,
2572 4271 2633 4324 τὸ
2658 4271 2752 4323 καὶ
2797 4271 2854 4322 ἐν
2884 4268 3050 4340 σαρκὶ
3081 4267 3358 4336 γενέσθαι,
3386 4265 3481 4318 καὶ
3510 4263 3648 4336 μετὰ
3672 4259 3803 4314 ταύ-

2229 4387 2328 4440 της
2355 4366 2529 4421 ἐλθεῖν
2552 4366 2632 4428 εἰς
2655 4362 2803 4416 τόνδε
2827 4360 2918 4415 τὸν
2944 4360 3150 4430 κόσμον
3177 4357 3314 4428 μετὰ
3343 4355 3440 4410 τοῦ
3475 4360 3656 4427 μεῖναι
3672 4354 3701 4407 6
3717 4350 3802 4424 ἦν.

543 4451 728 4506 omnia
779 4466 877 4522 per
925 4451 1100 4522 ipsum
1146 4452 1213 4511 ad
1249 4461 1429 4525 ortum
1463 4453 1710 4508 traducta
1745 4467 1867 4508 esse
1898 4468 2110 4509 censea-

2229 4460 2438 4518 Οὐκοῦν
2473 4460 2521 4512 εἰ
2561 4457 2657 4510 καὶ
2683 4456 2909 4523 γέγονεν
2936 4453 3241 4524 ἄνθρωπος,
3265 4449 3328 4503 τὸ
3364 4449 3630 4518 ἀπεῖργον
3656 4446 3806 4500 οὐδὲν

545 4561 688 4613 mus,
725 4555 997 4616 quatenus
1027 4555 1109 4601 est
1139 4547 1282 4602 Deus
1312 4555 1366 4602 et
1395 4556 1700 4602 coaeternus
1733 4546 1905 4602 Patri.
1935 4545 2110 4616 Neque

2226 4557 2448 4617 ἐννοεῖν,
2479 4553 2545 4606 δι’
2574 4549 2738 4605 αὑτοῦ
2761 4548 3043 4620 παρῆχθαι
3071 4547 3140 4599 τὰ
3174 4546 3373 4612 πάντα,
3404 4544 3527 4596 καθ’
3557 4543 3586 4596 6
3609 4544 3812 4594 νοεῖται

543 4637 688 4691 enim
714 4635 856 4693 Deus
892 4637 1166 4692 exsisteus
1189 4635 1430 4693 Verbum
1467 4638 1810 4694 immutatum
1845 4646 1952 4705 cst,
1983 4645 2110 4692 tam-

2226 4647 2358 4710 Θεὸς
2409 4645 2502 4698 καὶ
2563 4643 2831 4704 συναῒδιος
2881 4639 2960 4711 τῷ
2993 4638 3188 4710 Πατρί.
3232 4637 3306 4692 Οὐ
3351 4635 3460 4707 γὰρ
3519 4633 3815 4706 ἠλλοίωται

545 4731 649 4788 etsi
719 4747 942 4787 carnem
1028 4731 1207 4787 anima
1289 4731 1626 4802 intelligente
1691 4733 1970 4802 praeditam
2031 4746 2110 4786 as-

2227 4736 2359 4800 Θεὸς
2385 4733 2460 4788 ὢν
2488 4733 2517 4786 6
2535 4734 2728 4802 Λόγος,
2751 4731 2802 4783 εί
2831 4731 2929 4784 καὶ
2944 4728 3168 4798 γέγονεν
3197 4729 3256 4782 ἐν
3277 4726 3579 4800 προσλήψει
3609 4724 3816 4802 σαρκὸς

548 4826 962 4894 sumpserit:et
985 4839 1090 4880 non
1115 4825 1389 4880 hominem
1431 4824 1534 4880 sibi
1563 4825 1660 4893 ipsi
1701 4825 2052 4895 coniungens,
2074 4833 2132 4878 ut

550 4915 636 4970 isti
674 4916 1025 4972 innovatores
1061 4914 1182 4970 fidei
1216 4925 1490 4976 statuunt.
1527 4917 1622 4968 sed
1663 4914 1777 4984 ipse
1803 4915 2004 4969 factum
2030 4931 2123 4970 ca-

550 5023 635 5072 ro,
662 5016 722 5062 ut
749 5007 881 5072 dixi,
915 5007 1018 5065 hoc
1041 5016 1144 5074 est,
1186 5008 1370 5062 homo.
1404 5005 1569 5084 744
1600 5005 1713 5062 Hac
1738 5007 1881 5061 enim
1919 5009 2128 5063 ratione

551 5101 652 5171 ipsi
693 5101 880 5157 unctio
911 5103 1077 5156 etiam
1116 5101 1427 5166 conveniat,
1459 5103 1594 5156 citra
1638 5101 1986 5158 calumniam.
2022 5101 2129 5156 Vo-

551 5195 768 5250 cabitur
794 5205 972 5250 autem
1005 5205 1059 5249 et
1086 5192 1265 5256 Jesus,
1297 5204 1355 5249 ut
1382 5195 1496 5264 ipse
1533 5210 1722 5249 revera
1746 5195 2014 5250 exsistens
2035 5198 2127 5262 qui

552 5287 849 5343 secundum
898 5302 1121 5342 carnem
1169 5304 1234 5343 ex
1275 5286 1494 5360 Virgine
1544 5297 1701 5342 natus
1741 5296 1844 5344 est.
1891 5286 2132 5343 Salvavit

551 5378 692 5431 enim
724 5380 826 5433 hoc
851 5387 1011 5450 pacto
1038 5393 1194 5432 suum
1233 5377 1402 5445 ipsius
1434 5375 1713 5446 populum,
1737 5391 1842 5431 non
1876 5384 1934 5431 ut
1961 5377 2129 5434 homo

555 5468 663 5524 Deo
692 5470 1034 5538 coniunctus,
1063 5469 1157 5525 sed
1195 5479 1251 5522 ut
1285 5469 1423 5524 Deus
1462 5469 1659 5525 similis
1707 5467 1884 5524 factus
1926 5468 1993 5526 iis
2031 5469 2124 5538 qui

668 5664 710 5694 "
741 5663 849 5718 Luc
878 5682 915 5729 ι,
943 5668 1031 5730 50,
1100 5668 1187 5722 5|.

1307 5668 1348 5698 θ’
1381 5667 1576 5722 Matth.
1612 5683 1650 5734 I,
1690 5667 1779 5722 21.

565 5731 606 5762 ⁸³
632 5731 760 5787 ibid.
793 5736 849 5795 ‘1,
884 5735 935 5786 3.

1897 5669 1938 5700 ¹⁸
1983 5666 2136 5723 Joau.
2170 5683 2206 5734 ι,
2249 5667 2333 5724 14.

2230 4827 2590 4899 ἐψυχωμένης
2632 4823 2972 4897 νοερῶς,κα“ι
3019 4820 3430 4891 οὑκίᾶνθρωπον
3476 4818 3657 4889 ἑαυτῷ
3689 4835 3815 4870 συν⁶

2230 4923 2392 4992 ἅψας,
2436 4919 2578 4973 καθά
2626 4934 2791 4988 φασιν
2839 4917 2890 4970 οἱ
2939 4914 3391 4986 καινοτομοῦντες
3443 4913 3545 4982 τὴν
3600 4911 3806 4973 ⁴πίστιν,

2231 5014 2345 5068 ἀλλ’
2375 5012 2538 5075 αὐτὸς
2563 5011 2856 5082 γενόμενος
2889 5007 3047 5079 σὰρξ,
3081 5008 3156 5070 ὼς
3191 5007 3355 5078 ἔφην,
3390 5005 3672 5059 τουτέστιν
3716 5005 3812 5058 dv-

2231 5105 2465 5176 θρωπος.
2494 5102 2687 5159 Ἔσται
2725 5099 2835 5170 γὰρ
2875 5097 3049 5160 οὕτως
3094 5096 3244 5167 αὐτῷ
3293 5097 3388 5150 καὶ
3419 5095 3480 5148 τὸ
3513 5093 3810 5164 κεχρῖσθαι

2235 5195 2446 5265 πρέπον
2479 5195 2574 5248 καὶ
2618 5191 2874 5260 διαϐολῆς
2921 5187 3208 5259 ἀμοιροῦν.
3245 5186 3591 5257 Κεκλήσεται
3630 5185 3686 5238 δὲ
3719 5181 3818 5235 καὶ

2248 5285 2475 5356 Ἰησοῦς,
2507 5284 2582 5348 ὡς
2632 5283 2795 5347 αὐτὸς
2851 5281 3113 5352 ὑπάρχων
3161 5280 3303 5333 κατὰ
3341 5278 3618 5349 ἀλήθειαν,
3660 5277 3688 5328 6
3713 5275 3819 5341 τὴν

2238 5376 2378 5429 κατά
2405 5376 2584 5446 σάρκα
2608 5376 2671 5427 ἐκ
2701 5373 2955 5442 γυναικὸς
2985 5371 3286 5442 ὑπομείνας
3309 5369 3582 5440 γέννησιν.
3598 5366 3820 5418 Σέσωκε

2237 5466 2345 5538 γὰρ
2373 5467 2515 5520 οὕτω
2559 5465 2649 5519 τὸν
2691 5463 2887 5518 ἐαυτοῦ
2931 5463 3079 5528 λαὸν,
3118 5462 3219 5533 οὐχ
3255 5460 3334 5525 ὡς
3374 5459 3661 5530 ἄνθρωπος
3693 5453 3822 5524 Θεῷ

2451 5669 2491 5701 ι’
2538 5663 2769 5735 Philipp.
2805 5678 2863 5729 ll,
2905 5662 2956 5730 ϐ,
2985 5664 3038 5720 7.
3153 5661 3239 5720 ¹⁶Ι
3296 5661 3448 5723 loau.
3486 5675 3556 5724 IV,
3602 5658 3688 5722 Η.
3723 5659 3816 5711 l5.
