4078 6264
402 320 539 382 1305

1530 320 1717 388 QUOD
1759 320 1944 379 UNUS
1983 322 2089 378 SIT
2129 313 2493 383 CHRISTUS.

3527 336 3662 393 I300

404 436 718 507 συναφθεὶς,
743 436 857 489 ἀλλ’
906 435 982 499 ὡς
1027 433 1159 497 Θεὸς
1188 431 1427 501 γεγονὼς
1481 434 1539 487 ὲν
1576 435 1829 505 ὁμοιώσει
1872 436 1980 488 τῶν

2086 437 2583 506 periclitabantur:
2615 452 2672 496 ιιι
2706 443 2757 496 in
2796 444 2913 513 ipso
2952 454 3005 499 et
3032 447 3250 515 quidem
3294 449 3468 519 primo
3491 465 3661 520 genus

401 526 917 591 κεκινδυνευκότων,
948 526 1013 578 ἵν’
1045 526 1104 577 ὲν
1135 526 1281 595 αὐτῷ
1314 525 1409 579 καὶ
1441 526 1645 598 πρώτῳ
1672 527 1736 580 τὸ
1767 524 1979 597 ἀνθρώ-

403 640 557 678 πινον
589 621 748 689 γένος
777 618 1187 688 ἀναπλάττηται
1218 617 1352 690 πρὸς
1380 619 1441 671 τὸ
1470 620 1530 672 ὲν
1556 619 1773 690 ἀρχαῖς.
1796 618 1983 673 Πάντα

402 714 510 783 γὰρ
543 708 611 782 ἦν
634 712 692 764 ὲν
724 710 875 779 αὑτῷ
902 707 1084 761 καινά.

473 804 533 857 Β.
576 798 787 855 Οὐκοῦν
825 797 1243 867 διαϐεϐλήσεται
1287 797 1423 868 πρὸς
1444 797 1634 868 ἡμῶν,
1672 797 1735 850 τὸ
1784 797 1982 868 χρῆναι

403 895 622 964 φρονεῖν
647 892 680 962 ἢ
705 892 906 959 λέγειν,
940 887 1225 958 ἄνθρωπον
1254 886 1520 957 συνῆφθαι
1546 887 1625 958 τῷ
1649 887 1769 957 Θεῷ
1794 888 1977 957 Λόγῳ,

405 986 498 1038 καὶ
535 982 791 1037 κοινωνὸν
825 979 1079 1049 γενέσθαι
1108 979 1207 1049 τῆς
1236 978 1392 1043 ἀξίας
1426 979 1709 1050 αὐτῷ,καὶ
1736 981 1793 1032 ὲν
1827 980 1979 1044 τάξει

404 1078 625 1150 χάριτος
655 1076 754 1145 τὴν
783 1072 1057 1127 υἱοθεσίαν
1090 1070 1253 1141 ἔχειν.

475 1171 541 1220 Α.
579 1167 905 1220 Παντάπασι
958 1164 1054 1235 μὲν
1107 1159 1219 1215 οὖν.
1255 1164 1330 1216 Οὐ
1372 1162 1480 1234 γὰρ
1518 1162 1626 1216 οἶδε
1668 1162 1828 1216 τοῦτο
1874 1161 1981 1217 τῶν

408 1254 565 1325 ίερῶν
586 1254 935 1323 Γραμμάτων
957 1253 989 1321 ἡ
1013 1250 1262 1320 δύναμις,
1291 1249 1501 1321 εὕρεμα
1528 1251 1585 1305 δὲ
1614 1252 1813 1322 μᾶλλόν
1841 1254 1978 1319 ἐστι,

408 1344 690 1413 φιλοκένου
725 1360 784 1397 τε
822 1342 914 1396 καὶ
945 1341 1226 1412 ἀδρανοῦς,
1260 1342 1355 1394 καὶ
1389 1343 1731 1415 παρειμένης
1760 1344 1976 1415 φρενὸς,

410 1439 503 1493 καὶ
530 1438 628 1491 οὑκ
669 1437 900 1507 ἐχούσης
938 1436 1069 1505 ὁρᾷν
1096 1432 1189 1486 τοῦ
1220 1434 1518 1505 μυστηρίου
1558 1435 1621 1488 τὸ
1651 1433 1833 1505 βάθος.
1867 1435 1979 1490 Ποῦ

408 1524 519 1595 γάρ
546 1541 628 1577 τοι
665 1523 908 1576 τοιοῦτον
948 1522 1099 1591 παρά
1124 1521 1224 1590 τῆς
1271 1523 1433 1590 ἁγίας
1474 1523 1690 1594 εἴρηται
1719 1525 1977 1596 Γραφῆςῖ

421 1613 478 1666 Ὅ
520 1612 619 1682 μὲν
647 1613 755 1684 γὰρ
802 1612 1086 1675 θεσπέσιος
1122 1612 1333 1677 Παῦλος
1375 1613 1476 1683 τῆς
1508 1616 1979 1687 ὲνανθρωπήσεως

407 1702 503 1757 τοῦ
536 1702 1199 1773 Μονογενοῦς.διατρανῶν
1238 1700 1297 1757 εὖ
1358 1705 1503 1774 μάλα
1550 1706 1611 1758 τὸ
1649 1708 1970 1777 μυστήριον·

2084 527 2377 583 humanum
2398 534 2464 584 ad
2492 534 2784 602 pristinum
2802 546 3002 590 statum
3027 537 3441 595 instauraretur.
3464 538 3659 596 Omnia

2081 620 2225 673 enim
2252 631 2408 676 erant
2443 620 2494 676 in
2528 626 2647 693 ipso
2677 640 2814 681 nova
2841 628 2908 683 “.

2162 794 2222 850 Β.
2255 795 2583 864 Rejiciemus
2629 803 2813 869 itaque
2857 803 2995 858 hanc
3045 804 3354 872 Opinionem
3406 816 3657 875 tanquam

2081 898 2389 950 erronearn,
2437 890 2580 956 quod
2631 892 2793 946 homo
2834 894 2905 947 sit
2946 895 3274 962 coniunctus
3316 894 3427 951 Deo
3462 895 3655 963 Verbo,

2081 986 2135 1031 et
2164 979 2433 1047 particeps
2465 981 2652 1049 glorise
2692 999 2812 1037 cum
2843 985 2960 1052 ipso
2988 985 3236 1050 effectus,
3264 989 3523 1059 quodque
3563 1004 3659 1059 per

2081 1068 2309 1136 gratiam
2334 1071 2622 1138 adoptatus
2653 1073 2725 1127 sit
2755 1076 2806 1127 in
2833 1074 3053 1129 Filium.
3160 1100 3165 1105 -

2146 1159 2213 1213 Α.
2246 1159 2497 1215 Omnino.
2530 1163 2716 1233 Neque
2759 1166 2907 1219 enim
2957 1183 3026 1221 ex
3074 1170 3247 1223 sacris
3285 1168 3506 1224 Litteris
3533 1185 3659 1240 pro-

2080 1251 2194 1304 bari
2222 1262 2434 1319 potest:
2465 1256 2558 1309 sed
2584 1256 2765 1325 potius
2801 1269 3169 1312 commentum
3205 1272 3288 1313 est
3322 1260 3525 1330 ingenii
3559 1263 3659 1316 im-

2080 1341 2310 1409 becillis,
2349 1345 2561 1400 remissi
2617 1356 2674 1401 et
2712 1347 2973 1402 novitatis
3014 1350 3285 1412 studiosi,
3342 1365 3405 1405 ac
3461 1353 3658 1406 mentis

2079 1448 2198 1502 quae
2244 1436 2483 1505 mysterii
2525 1437 2869 1493 altitudinem
2918 1440 3230 1509 perspicere
3269 1450 3522 1509 nequeat.
3553 1441 3657 1497 Ubi

2080 1528 2220 1580 enim
2272 1528 2378 1581 tale
2421 1530 2700 1600 quidpiam
2748 1533 2799 1584 in
2852 1546 3011 1585 sacra
3059 1532 3341 1600 Scriptura
3386 1530 3660 1602 reperias?

2077 1614 2213 1671 Nam
2239 1618 2457 1675 divinus
2491 1620 2691 1675 Paulus
2724 1623 3044 1693 mysterium
3101 1622 3494 1677 incarnationis
3524 1621 3659 1677 Uni-

2079 1711 2241 1777 geniti
2273 1713 2475 1779 optime
2502 1713 2856 1768 dillucidans:
2884 1732 2899 1763 ι
2923 1714 3056 1780 Quia
3091 1729 3218 1785 ergo
3247 1717 3421 1783 pueri,
3458 1715 3652 1783 inquit.

415 1813 435 1846 ο
471 1794 691 1865 Ἐπειδὴ
713 1796 817 1867 γὰρ
846 1795 912 1847 τά
940 1794 1149 1860 παιδία,
1181 1795 1336 1865 φησὶ,
1379 1795 1773 1868 κεκοινώνηκεν
1810 1799 1979 1869 α’ίμα-

2083 1806 2613 1856 cOmmunicaverunt
2637 1806 2789 1858 carni
2832 1813 2886 1859 et
2925 1806 3197 1875 sanguini,
3226 1814 3281 1859 et
3310 1808 3427 1873 ipse
3459 1806 3654 1860 simili-

408 1903 499 1950 τος
522 1887 617 1941 καὶ
648 1887 868 1957 σαρκὸς,
892 1886 991 1941 καὶ
1010 1887 1173 1950 αὐτὸς
1200 1888 1597 1959 παραπλησίως
1620 1890 1848 1960 μετέσχε
1871 1891 1979 1944 τῶν

406 1980 603 2044 αὐτῶν,
629 1980 716 2033 ἵνα
743 1979 827 2032 διὰ
847 1977 938 2033 τοῦ
968 1978 1199 2034 θανάτου
1233 1982 1556 2052 καταργήσῃ
1580 1981 1670 2034 τὸν
1701 1982 1760 2034 τὸ
1781 1983 1980 2053 κράτος

405 2068 598 2139 ἔχοντα
637 2068 732 2123 τοῦ
773 2069 1027 2135 Θανάτου,
1075 2070 1343 2134 τουτέστι,
1388 2072 1479 2124 τὸν
1514 2071 1776 2127 διάϐολον.
1815 2091 1833 2124 ι
1871 2074 1980 2127 Καὶ

406 2161 515 2232 μὴν
545 2162 639 2214 καὶ
690 2161 918 2232 ἑτέρωθί
949 2178 1052 2216 που
1080 2178 1093 2194 ·
1132 2179 1151 2212 ι
1184 2163 1258 2214 Τὸ
1305 2163 1414 2234 γὰρ
1458 2163 1721 2217 ἀδύνατον
1766 2164 1859 2218 τοῦ
1894 2164 1981 2218 νό-

409 2268 534 2321 μου,
558 2253 616 2304 ὲν
642 2245 686 2319 ᾧ
718 2251 932 2321 ἠσθένει
958 2252 1045 2308 διά
1071 2252 1169 2321 τῆς
1197 2253 1419 2322 σαρκὸς,
1451 2256 1479 2306 ό
1510 2252 1641 2317 Θεὸς
1669 2254 1759 2307 τὸν
1784 2255 1977 2309 ἑαυτοῦ

408 2340 536 2394 Υίὸν
568 2340 812 2412 πέμψας,
863 2343 919 2393 ἐν
954 2341 1258 2413 ὁμοιώματι
1305 2342 1506 2415 σαρκὸς
1538 2345 1832 2415 ἁμαρτίας,
1885 2345 1979 2398 καὶ

410 2430 540 2502 περὶ
589 2432 864 2503 ἁμαρτίας
938 2432 1225 2503 κατέκρινε
1292 2432 1392 2503 τὴν
1466 2434 1741 2505 ἁμαρτίαν
1801 2435 1860 2486 ὲν
1911 2436 1976 2506 τῇ

412 2524 595 2594 σαρκὶ,
630 2525 717 2578 ἵνα
751 2524 811 2577 τὸ
834 2525 1111 2592 δικαίωμα
1140 2525 1234 2582 τοῦ
1268 2525 1433 2595 νόμου
1466 2526 1729 2597 πληρωθῇ
1758 2528 1814 2579 ἑν
1849 2529 1979 2597 ἡμῖν

406 2620 518 2679 τοῖς
548 2618 621 2687 μὴ
654 2617 793 2672 κατὰ
826 2618 1001 2687 σάρκα
1033 2616 1451 2688 περιπατοῦσιν,
1477 2618 1613 2671 ἀλλά
1641 2620 1784 2673 κατὰ
1816 2619 1979 2672 πνεῦ-

407 2727 504 2779 μα.
544 2728 562 2761 ι
601 2711 1071 2780 Κεκοινωνηκέναι
1093 2711 1149 2765 δέ
1175 2728 1355 2781 φαμεν
1380 2711 1609 2782 αἵματος
1637 2714 1729 2765 καὶ
1756 2712 1976 2784 σαρκὸς,

404 2800 550 2854 κατά
579 2817 640 2867 γε
670 2800 759 2854 τὸν
795 2804 905 2865 τοῖς
944 2802 1273 2875 θεωρήμοσιν
1298 2805 1512 2857 ἐοικότα
1540 2802 1687 2869 νοῦν,
1720 2806 1780 2858 οὐ
1804 2807 1892 2858 τὸν
1922 2808 1980 2859 ἐν

407 2892 571 2961 σαρκὶ
610 2894 702 2945 καὶ
732 2894 925 2964 αἵματι
956 2898 1075 2947 κατ’
1115 2896 1249 2948 ἰδίαν
1281 2896 1462 2966 φύσιν,
1486 2898 1579 2949 καὶ
1609 2899 1808 2968 ἑτέρως
1840 2895 1979 2952 εἶναι

410 2985 483 3054 μὴ
506 2983 818 3055 δυνάμενον,
866 2986 1000 3039 ἀλλά
1039 2989 1129 3040 τὸν
1175 2990 1276 3041 οὐκ
1326 2989 1453 3042 ὄντα
1482 2989 1639 3042 τοῦτό
1670 3006 1834 3058 ποτε,
1885 2991 1979 3044 καὶ

407 3074 617 3143 φύσεως
658 3078 849 3147 ἑτέρας
888 3078 920 3148 ἢ
981 3079 1102 3132 καθ’
1151 3081 1317 3150 ἡμᾶς·
1366 3081 1646 3149 γεγονέναι
1675 3082 1731 3135 δὲ
1778 3085 1869 3136 καὶ
1912 3085 1978 3137 ὲκ

2085 1896 2168 1942 ter
2197 1890 2538 1960 participavit
2578 1893 2808 1957 eisdem,
2844 1902 2903 1945 ut
2948 1909 3044 1961 per
3079 1905 3305 1949 mortem
3354 1897 3656 1950 destrueret

2082 1992 2205 2032 eum
2237 1981 2331 2049 qui
2376 1981 2608 2036 habebat
2636 1984 2826 2038 mortis
2850 1984 3160 2053 imperium,
3192 1985 3293 2038 hoc
3328 1994 3432 2050 est,
3471 1986 3657 2039 diabo-

2085 2062 2196 2117 lum
2230 2065 2299 2120 ²³.
2339 2084 2357 2118 ι
2389 2066 2453 2120 Ει
2481 2067 2587 2121 alio
2619 2070 2673 2123 in
2704 2070 2824 2125 loco
2857 2089 2871 2125 :
2906 2090 2923 2122 ι
2963 2072 3116 2138 Quod
3145 2073 3289 2126 enim
3323 2074 3656 2141 impossibile

2080 2164 2202 2207 erat
2247 2155 2351 2225 legi
2397 2157 2449 2211 in
2490 2173 2599 2228 quo
2638 2160 3019 2217 inﬁrmabatur
3059 2177 3158 2230 per
3205 2178 3471 2218 carnem:
3515 2166 3657 2219 Deus

2080 2244 2274 2301 Filium
2313 2263 2471 2303 suum
2507 2252 2730 2307 mittens
2758 2253 2810 2306 in
2843 2254 3268 2322 lsitnilitudinem
3311 2256 3494 2310 carnis
3527 2271 3653 2325 pec—

2081 2336 2210 2401 cati,
2238 2348 2295 2391 et
2338 2338 2405 2394 de
2448 2351 2672 2408 peccato
2716 2343 2994 2399 damnavit
3024 2356 3302 2414 peccatum
3351 2348 3404 2401 in
3446 2363 3653 2404 carne:

2082 2438 2137 2481 ut
2159 2430 2480 2498 justilicatio
2507 2434 2639 2504 legis
2668 2435 2984 2504 impleretur
3009 2438 3063 2492 in
3100 2440 3274 2504 nobis,
3308 2442 3398 2508 qui
3431 2457 3535 2494 nun
3565 2456 3653 2497 se-

2080 2520 2313 2574 cundum
2348 2538 2569 2578 carnem
2601 2526 2968 2593 ambulamus,
3000 2530 3096 2583 sed
3147 2531 3446 2584 secundum
3492 2532 3655 2599 spiri-

2082 2622 2191 2666 tum
2232 2616 2299 2665 “.
2342 2633 2361 2666 ι
2405 2615 2852 2674 Communicasse
2911 2629 3092 2675 autem
3133 2621 3365 2676 dicimus
3394 2625 3545 2677 carni
3599 2630 3655 2677 et

2080 2706 2335 2775 sanguini
2383 2708 2538 2776 juxta
2575 2711 2792 2764 modum
2835 2712 3034 2767 divinis
3073 2713 3304 2783 eloquiis
3329 2718 3655 2769 convenien-

2083 2805 2191 2849 tem
2239 2812 2343 2850 non
2376 2812 2499 2851 eum
2525 2801 2617 2868 qui
2648 2801 2701 2854 in
2738 2815 2907 2856 carne
2948 2813 3003 2857 et
3052 2804 3317 2874 sanguine
3356 2805 3651 2858 secundum

2080 2888 2353 2955 propriam
2398 2900 2649 2944 naturam
2712 2893 3068 2959 versabatur,
3118 2910 3292 2965 neque
3340 2896 3497 2950 aliter
3535 2911 3657 2951 esse

2081 2990 2326 3049 paterat;
2350 2982 2443 3035 sed
2464 2983 2555 3051 qui
2594 2984 2645 3036 id
2676 2998 2956 3052 nunquam
2990 2986 3184 3050 fuerat,
3216 2996 3271 3040 et
3303 2994 3509 3040 natura:
3538 2997 3656 3041 erat

2086 3071 2310 3126 diversae
2348 3088 2378 3126 a
2411 3083 2593 3127 nostra
2632 3091 2647 3127 :
2688 3075 2889 3129 factum
2922 3091 3051 3131 vero
3079 3093 3201 3132 esse
3240 3078 3404 3131 etiam
3441 3094 3507 3132 ex
3538 3094 3657 3133 mu-

408 3123 681 3234 γυναικὸς,
718 3123 920 3222 καῖενΙ
958 3123 1511 3242 ὁμοιώμὸῗτιῖσαρδέὸς
1549 3174 1843 3244 ἁμαρτίας,
1890 3175 1980 3229 τὸν

2084 3163 2219 3218 lierc
2252 3164 2319 3231 ³⁸,
2349 3175 2404 3218 et
2436 3165 2487 3218 in
2520 3166 2928 3221 similitudinem
2954 3170 3133 3223 carnis
3168 3171 3373 3238 peccati
3407 3171 3496 3239 qui
3529 3186 3657 3240 pro-

404 3257 471 3315 δι’
502 3260 669 3328 ἡμᾶς,
702 3260 824 3312 καθ’
857 3262 1028 3330 ἡμᾶς,
1064 3262 1202 3331 μετὰ
1231 3262 1326 3315 τοῦ
1349 3263 1442 3316 καὶ
1472 3264 1614 3329 ὑπὲρ
1647 3267 1816 3336 ἡμᾶς,
1847 3268 1982 3321 καθὸ

405 3353 602 3405 νοεῖται
634 3350 783 3415 Θεός.
815 3352 1008 3422 Γέγονε
1036 3355 1134 3424 μὲν
1162 3354 1253 3408 καὶ
1286 3355 1424 3425 σὰρξ
1447 3358 1474 3408 ὁ
1521 3356 1717 3426 Λόγος,
1747 3358 1886 3429 πλὴν
1918 3360 1981 3413 οὐ

405 3440 541 3513 σὰρξ
579 3444 891 3514 ἁμαρτίας,
932 3446 1047 3499 ἀλλ’
1097 3449 1154 3500 ὲν
1205 3445 1512 3518 ὁμοιώματι
1560 3449 1759 3519 σαρκὸς
1796 3452 1980 3523 ἁμαρ..

404 3533 544 3600 τίας,
581 3537 994 3607 συνανεστράφη
1020 3538 1118 3607 μὲν
1148 3541 1261 3601 τοῖς
1282 3540 1375 3592 ἐπὶ
1399 3538 1500 3609 τῆς
1520 3541 1643 3611 γῆς,
1667 3540 1743 3604 ὼς
1770 3542 1980 3614 ἀνθρω-

405 3642 524 3689 πος,
562 3627 655 3679 καὶ
705 3627 761 3679 ὲν
792 3626 1099 3697 ὁμοιώματι
1130 3629 1323 3697 γέγονε
1367 3630 1446 3701 τῷ
1475 3630 1597 3683 καθ’
1639 3632 1807 3701 ἡμᾶς,
1841 3634 1981 3704 πλὴν

403 3717 467 3770 οὐ
500 3718 618 3788 μεθ’
647 3719 803 3789 ημῶν
835 3720 924 3788 ὑφ’
962 3720 1261 3792 ἁμαρτίαν,
1294 3722 1410 3776 ἀλλ’
1435 3723 1693 3777 ἐπέκεινα
1720 3724 1814 3778 τοῦ
1846 3727 1982 3780 εἰδέ-

405 3826 495 3861 ναι
535 3809 897 3879 πλημμελεῖν.
937 3808 1046 3864 Ἦν
1078 3812 1187 3883 γὰρ
1215 3814 1244 3865 ὁ
1281 3813 1444 3878 αὐτὸς
1475 3814 1606 3878 Θεός
1634 3832 1693 3868 τε
1720 3817 1855 3887 ὁμοῦ
1887 3817 1982 3871 καὶ

407 3897 712 3968 ἄνθρωπος.
738 3900 802 3956 Οἱ
831 3899 888 3951 δὲ
918 3901 1016 3971 τὴν
1056 3900 1200 3956 οὕτω
1227 3903 1431 3972 σεπτὴν
1470 3903 1564 3956 καὶ
1602 3905 1985 3975 τεθαυμασμέ·

406 4006 507 4058 νην
540 3990 851 4059 οἰκονομίαν
908 3992 1277 4063 ἀποφέροντες
1308 3994 1407 4045 οὐκ
1437 3990 1532 4046 οἶδ’
1556 3994 1704 4058 ὅπως
1732 3996 1826 4048 τοῦ
1866 3997 1981 4049 Μο-

404 4080 675 4149 νογενοῦς,
705 4082 988 4153 ἄνθρωπον
1025 4082 1175 4153 αὐτῷ
1200 4084 1534 4141 συνάπτουσι
1572 4086 1860 4155 σχετικῶς,
1898 4105 1984 4139 τι-

411 4174 538 4241 μαῖς
568 4175 690 4235 ταῖς
718 4173 951 4243 θύραθεν
986 4175 1410 4246 ἐξωραῖσμένον,
1445 4176 1539 4228 καὶ
1564 4177 1824 4249 ἀλλοτρίᾳ
1856 4177 1984 4251 δόξῃ

406 4262 915 4336 λελαμπρυσμένον,
967 4268 1059 4319 καὶ
1104 4268 1167 4319 οὐ
1221 4266 1352 4319 Θεὸν
1402 4266 1641 4337 ἀληθῶς,
1680 4268 1816 4322 ἀλλά
1848 4269 1982 4323 Θεοῦ

406 4356 663 4409 κοινωνὸν
710 4358 804 4410 καὶ
841 4359 1089 4428 μέτοχον,
1141 4358 1237 4411 κα)⁸
1284 4358 1413 4412 Υίὸν
1468 4359 1838 4432 ψευδώνυμον,
1890 4363 1984 4417 καὶ

2082 3265 2199 3324 pter
2231 3272 2330 3311 nos
2350 3257 2519 3311 nostri
2545 3258 2738 3312 similis
2769 3269 2853 3313 est
2879 3257 3136 3314 effectus:
3168 3261 3238 3313 ita
3269 3271 3446 3314 tamen
3477 3273 3534 3314 ut
3558 3276 3656 3316 no-

2079 3348 2165 3403 bis
2194 3350 2444 3418 superior
2465 3360 2630 3415 esset,
2660 3360 2923 3421 quatenus
2951 3361 3031 3407 est
3066 3352 3222 3407 Deus.
3252 3351 3489 3407 Verbum
3510 3354 3657 3407 enim

2081 3452 2208 3492 caro
2245 3439 2447 3494 factum
2482 3450 2608 3508 est;
2643 3451 2895 3497 caeterum
2927 3458 3033 3496 non
3059 3457 3188 3497 caro
3222 3444 3450 3512 peccati,
3478 3444 3570 3498 sed
3599 3443 3657 3497 in

2081 3530 2488 3587 similitudinem
2535 3534 2718 3588 carnis
2771 3534 2999 3603 peccati.
3051 3534 3119 3588 Et
3160 3543 3411 3590 versatus
3442 3535 3659 3602 quidem

2081 3634 2163 3677 est
2197 3639 2319 3678 cum
2353 3625 2686 3687 hominibus,
2717 3635 2775 3678 ut
2808 3627 2991 3691 homo,
3037 3627 3318 3695 nostrique
3351 3625 3549 3681 similis
3582 3624 3660 3680 fa-

2081 3725 2222 3782 ctus,
2250 3717 2345 3772 sed
2378 3732 2484 3772 non
2515 3734 2620 3772 una
2655 3718 2939 3772 nobiscum
2971 3727 3193 3787 peccato
3226 3718 3515 3784 obnoxius,
3559 3717 3657 3771 sed

2083 3823 2112 3861 a
2143 3818 2367 3877 peccato
2403 3809 2562 3877 plane
2594 3810 2750 3863 liber.
2792 3811 2922 3864 Erat
2963 3811 3108 3864 enim
3156 3811 3271 3878 ipse
3318 3808 3460 3864 Deus
3495 3807 3660 3863 simul

2080 3910 2136 3953 et
2164 3901 2343 3953 homo.
2389 3899 2450 3951 lli
2501 3914 2632 3953 vero
2680 3900 3044 3954 venerabilem
3095 3902 3233 3953 hanc
3295 3907 3459 3967 atque
3502 3897 3664 3954 admi-

2089 3992 2308 4043 randam
2362 3990 2795 4044 incarnationem
2858 3994 2927 4044 ab
2988 3989 3280 4060 Uuigettilo
3324 3993 3512 4045 nescio
3557 4007 3665 4059 quo

2086 4088 2244 4147 pacto
2277 4080 2593 4143 avellentes,
2635 4078 2797 4150 ’145
2849 4081 3119 4134 hominem
3162 4081 3259 4149 ipsi
3304 4081 3494 4135 stricte
3526 4096 3664 4135 con-

2079 4168 2335 4239 juugunt,
2375 4172 2619 4226 externis
2668 4171 3028 4239 ascititiisque
3064 4170 3361 4224 honoribus
3390 4181 3660 4236 ornatum,

2088 4272 2250 4330 atque
2279 4261 2454 4314 aliena
2492 4262 2664 4332 gloria
2699 4262 3065 4333 splendidum,
3108 4275 3281 4331 neque
3306 4276 3435 4314 vere
3471 4261 3663 4327 Deum,

2086 4355 2178 4409 sed
2225 4354 2317 4408 Dei
2382 4355 2723 4425 participem,
2764 4365 2817 4411 et
2861 4353 2978 4409 falsi
3035 4353 3269 4407 nominis
3317 4353 3516 4407 Filium
3547 4393 3563 4420 ,
3610 4362 3666 4408 et

404 4449 635 4520 Σωτῆρα
684 4450 1031 4520 σωζόμενον,
1085 4453 1178 4504 καὶ
1246 4451 1615 4524 λυτρούμενον
1661 4456 1979 4527 Λυτρωτήψ

2095 4444 2436 4499 Salvatorem
2464 4459 2587 4499 eum
2620 4448 2711 4515 qui
2745 4447 2983 4501 salvatus
3015 4445 3122 4512 sit,
3154 4454 3320 4515 atque
3363 4447 3663 4513 redempto-

404 4540 583 4594 καίτοι
615 4543 957 4613 γεγραφότος
977 4543 1075 4596 ὡδὶ
1104 4543 1199 4596 τοῦ
1226 4546 1495 4616 μακαρίου
1520 4546 1756 4600 Παύλοψ
1785 4568 1802 4600 ι
1835 4549 1987 4602 Ἐπέ·

404 4649 537 4699 φανε
565 4633 674 4705 γὰρ
711 4635 931 4705 ήχάρις
979 4635 1071 4687 τοῦ
1121 4636 1313 4708 Θεοῦὴ
1359 4641 1627 4710 σωτήριος
1677 4642 1844 4695 πᾶσιν
1888 4642 1984 4693 ἀν-

403 4722 666 4795 θρώποις,
727 4726 814 4778 ἵνα
854 4726 1228 4796 ἀρνησάμενοι
1276 4728 1374 4799 τὴν
1426 4729 1708 4794 ἀσέϐειαν,
1745 4731 1840 4784 καὶ
1889 4730 1987 4793 τάς

404 4816 676 4885 κοσμικὰς
709 4818 1027 4886 ἐπιθυμίας,
1057 4819 1352 4888 σωφρόνως
1395 4821 1490 4874 καὶ
1520 4822 1777 4885 ἐπιεικῶς
1804 4822 1985 4892 ζήσωο

409 4925 507 4977 μεν
542 4911 599 4962 ὲν
636 4909 718 4980 τῷ
768 4910 863 4964 νῦν
910 4910 1087 4973 αἰῶνι,
1117 4911 1537 4982 προσδεχόμενοι
1565 4913 1664 4984 τὴν
1704 4916 1983 4986 μακαρίαν

406 4998 615 5065 ἐλπίδα,
649 5001 742 5053 καὶ
774 5001 1096 5068 ἐπιφάνειαν
1128 5005 1227 5073 τῆς
1260 5001 1421 5072 δόξης
1448 5001 1542 5055 τοῦ
1586 5003 1822 5072 μεγάλου
1846 5005 1981 5058 Θεοῦ

407 5090 500 5141 καὶ
538 5092 788 5162 Σωτῆρος
811 5092 967 5163 ἡμῶν
1013 5093 1189 5165 Ἰησοῦ
1219 5094 1476 5165 Χριστοῦ.
1513 5114 1530 5147 ι

477 5182 534 5235 Β.
566 5183 695 5248 Ναὶ,
724 5184 909 5252 φασίν.
927 5184 1146 5255 Ἐπειδὴ
1175 5186 1282 5258 γὰρ
1295 5187 1430 5251 ὅλως
1456 5185 1662 5258 ἠξιώθη
1685 5189 1980 5258 συναφείας

405 5271 502 5339 τῆς
526 5273 660 5343 πρὸς
685 5273 775 5327 τὸν
806 5274 936 5328 Θεὸν
970 5276 1158 5345 Λόγον,
1189 5278 1361 5347 μέγας
1386 5278 1480 5331 καὶ
1504 5278 1665 5342 αὐτὸς
1686 5280 1978 5353 ὠνομάσθη

406 5359 556 5424 Θεὸς,
598 5362 773 5414 καίτοι
802 5364 1040 5431 γεγονὼς
1073 5365 1137 5417 ὲκ
1172 5367 1485 5436 σπέρματος
1509 5368 1603 5419 τοῦ
1631 5368 1813 5422 Δαϐίδ.

418 5556 423 5561 '
477 5538 539 5588 Δ.
602 5535 773 5588 Βαὸαὶ
821 5536 921 5606 τῆς
972 5540 1350 5612 ἀποπληξίαςί
1424 5543 1773 5609 «Φάσκοντες
1842 5539 1980 5599 εἶναι

2090 4552 2203 4591 rem
2240 4552 2362 4592 eum
2410 4536 2501 4605 qui
2547 4538 2854 4606 redemptus
2888 4547 2990 4603 est,
3042 4553 3165 4591 cum
3218 4538 3422 4606 alioqui
3475 4540 3664 4592 beatus

2090 4620 2288 4682 Paulus
2319 4628 2602 4683 manifeste
2628 4629 2699 4682 ita
2719 4628 2959 4683 scribat:
2991 4647 3009 4679 ι
3038 4628 3460 4697 Apparuitenim
3489 4629 3662 4697 gratia

2096 4720 2191 4773 Dei
2230 4719 2530 4775 Salvatoris
2562 4720 2731 4774 nostri
2762 4720 3014 4773 omnibus
3044 4718 3375 4780 hominibus,
3409 4719 3664 4772 erudiens

2089 4826 2186 4866 nos
2204 4821 2262 4865 ut
2282 4812 2614 4882 abnegantes
2638 4813 2967 4882 impietatem
2989 4819 3044 4864 et
3067 4810 3349 4865 saecularia
3373 4809 3663 4875 desideria,

2088 4904 2270 4959 sobrie
2297 4912 2352 4958 et
2386 4904 2532 4972 juste
2570 4914 2624 4959 et
2674 4905 2762 4974 pie
2793 4903 3039 4956 vivamus
3076 4901 3129 4956 in
3174 4901 3278 4955 hoc
3308 4899 3529 4963 sacculo,
3561 4914 3662 4954 ex-

2087 5004 2391 5064 Speetantes
2422 4996 2638 5051 beatam
2660 5010 2813 5061 spem
2860 5005 2913 5048 et
2946 4994 3234 5048 adventum
3262 4992 3445 5061 gloriae
3486 4992 3662 5061 magni

2088 5086 2180 5142 Dei
2205 5097 2260 5142 et
2299 5086 2600 5143 Salvatoris
2625 5085 2795 5141 nostri
2825 5084 2951 5140 Jesu
2992 5085 3192 5140 Christi
3217 5084 3284 5139 ³⁸.
3319 5102 3338 5137 ι

2163 5178 2224 5232 Β.
2265 5179 2342 5233 lta
2380 5179 2550 5231 aiunt.
2576 5176 2870 5247 Postquam
2899 5176 3043 5231 enim
3074 5175 3243 5231 semel
3271 5174 3547 5229 admissus
3577 5182 3664 5227 est

2086 5271 2151 5324 ad
2191 5270 2622 5336 coniunctionem
2669 5284 2791 5323 cum
2834 5267 2943 5323 Deo
2983 5265 3180 5330 Verbo,
3223 5280 3449 5336 magnus
3498 5268 3660 5319 etiam

2086 5362 2201 5431 ipse
2246 5363 2388 5417 Deus
2439 5370 2662 5417 vocatus
2698 5370 2801 5425 est,
2857 5358 3073 5414 tametsi
3129 5373 3195 5413 ex
3240 5358 3447 5413 semine
3494 5354 3662 5411 David

2086 5463 2258 5509 ortus.

2156 5544 2223 5599 Α.
2264 5544 2308 5601 Ο
2335 5544 2660 5600 immensum
2701 5543 3011 5615 stuporem!
3050 5559 3069 5595 ι
3095 5540 3232 5598 Cum
3266 5554 3326 5597 se
3355 5539 3536 5596 dicant
3566 5551 3659 5593 sa-

478 5718 521 5753 "
553 5715 591 5769 ll
617 5714 739 5768 Cor.
784 5729 833 5776 v,
869 5716 950 5773 17.
1032 5720 1074 5751 ³³
1099 5718 1260 5773 Hebr.
1300 5735 1360 5783 tt,
1392 5721 1474 5776 14.
1548 5722 1593 5755 ’³
1623 5722 1780 5779 Rom.
1818 5741 1935 5788 vttt,
1967 5726 1980 5782 ἓ

2084 5765 2099 5781 .
2169 5728 2212 5761 ’³
2246 5727 2427 5783 Galat.
2452 5739 2527 5783 tv.
2571 5724 2621 5778 4.
2700 5725 2746 5765 ι’
2776 5723 2884 5780 Tit.
2914 5738 2975 5784 ιι.
3006 5720 3196 5777 11-15.
