4078 6264
509 288 645 345 1307

1546 293 1603 348 S.
1634 290 1911 350 οῐειιιιι
1951 284 2423 351 ΑιΕΧΑΝῡιιίλιι
2466 300 2791 355 ARCHIEP.

3610 306 3720 363 i308

508 404 739 473 pientes,
796 406 944 462 stulti
1006 407 1132 462 facti
1187 418 1333 476 sunt,
1373 429 1391 461 ι
1436 412 1586 479 juxta
1641 410 2078 480 Scripturam".

2193 416 2367 482 σοφοὶ,
2410 419 2832 491 ἐμωράνθησαν.
2868 441 2886 473 ι
2922 420 3064 475 κατὰ
3090 420 3152 475 τὸ
3171 420 3559 492 γεγραμμένον.
3606 423 3720 477 Μεθ-

511 496 825 554 1‘raducunt
868 498 1034 566 enim,
1078 508 1137 553 ut
1168 498 1304 565 dixi,
1338 515 1553 556 omnem
1586 502 1836 571 mysterii
1874 500 2081 557 Christi

510 590 616 642 vim
646 605 709 644 ac
740 591 990 645 virtutem
1037 592 1088 645 in
1121 593 1476 646 contrarium.
1516 592 1583 647 Et
1616 596 1759 664 quod
1799 592 1974 660 ipsum
2008 592 2087 644 di-

506 690 642 737 cunt
676 681 894 752 dignum
928 698 992 737 eo
1024 682 1228 738 honore
1253 684 1552 753 judicatum
1592 699 1733 748 esse,
1778 683 1905 737 nihil
1944 682 2087 736 aliud

510 783 597 829 est
627 790 788 844 quam
830 790 1172 830 communem
1215 776 1451 846 aliquem
1493 777 1769 831 hominem
1828 786 2085 840 statuere,

510 877 565 920 et
602 868 968 923 diversitatem
1011 869 1301 936 quamdam
1350 871 1623 940 imperite,
1664 886 1730 925 ac
1770 870 2089 924 dualitatent

513 957 746 1010 filiorum
796 958 1128 1013 adorandam
1178 975 1503 1030 proponere,
1559 975 1792 1030 quorum
1838 958 1978 1014 alter
2020 959 2091 1014 sit

511 1058 705 1102 natura
756 1063 819 1102 ac
864 1063 993 1103 vere
1023 1050 1215 1117 Filius,
1251 1054 1390 1106 alter
1435 1053 1704 1107 ascititius
1751 1060 1806 1105 et
1851 1050 2088 1120 spurius,

511 1138 753 1208 nihilque
788 1142 994 1196 habens
1036 1142 1177 1210 quod
1222 1159 1377 1197 suum
1411 1145 1519 1206 sit;
1557 1144 1630 1197 ita
1675 1153 1733 1197 ιιι
1768 1143 1843 1196 illi
1873 1140 2093 1210 perinde

511 1244 575 1285 ac
616 1231 772 1285 nobis
801 1232 909 1287 dici
946 1234 1160 1299 possit:
1193 1252 1212 1286 ι
1246 1233 1384 1299 Quid
1421 1234 1588 1289 habes
1611 1234 1755 1303 quod
1791 1248 1894 1288 non
1938 1246 2094 1286 acce-

510 1321 656 1390 peris
678 1322 758 1376 πῖ
793 1340 812 1375 ι
859 1320 1129 1377 Praeterea
1182 1323 1311 1393 quid
1362 1324 1427 1377 de
1479 1324 1882 1393 sapientissimo
1927 1320 2095 1376 Paulo

510 1423 835 1478 Statuemns,
895 1414 966 1468 ita
1021 1417 1235 1471 dicente
1272 1435 1287 1470 :
1321 1435 1338 1468 ι
1372 1415 1464 1471 Dei
1520 1417 1664 1471 enim
1718 1416 1889 1471 Filius
1936 1414 2094 1470 Jesus

512 1502 790 1568 Christus,
824 1506 914 1572 qui
954 1507 1005 1558 in
1045 1506 1199 1560 vobis
1244 1522 1337 1575 per
1375 1522 1475 1562 nos
1507 1506 1832 1577 [medicatus
1862 1516 1968 1572 cst,
1999 1519 2094 1574 per

514 1611 598 1648 me
629 1606 683 1649 et
715 1594 992 1650 Silvanum
1027 1609 1081 1652 et
1108 1596 1477 1663 Timotheum,
1516 1614 1619 1654 non
1651 1598 1753 1653 fuit
1786 1600 1837 1654 in
1874 1601 1967 1655 illo
1993 1617 2092 1659 IS'I'

511 1696 564 1738 et
598 1701 725 1751 NON,
762 1689 854 1743 sed
886 1703 983 1744 ss'r
1013 1690 1064 1743 in
1095 1690 1187 1744 illo
1221 1689 1323 1745 fuit
1346 1691 1413 1745 ”.
1445 1710 1464 1743 ι
1500 1690 1781 1757 Quomodo
1808 1693 1953 1746 enim
1986 1710 2091 1748 non

511 1776 674 1832 fuerit
714 1794 811 1834 εει·
855 1791 907 1834 et
936 1796 1039 1835 nos
1064 1821 1078 1846 ,
1111 1782 1155 1836 si
1189 1782 1331 1837 Deus
1372 1798 1491 1837 esse
1527 1784 1747 1849 dicitur,
1780 1795 1832 1839 et
1871 1801 1975 1839 non
2011 1797 2092 1842 est

513 1865 695 1925 Deus?
727 1871 773 1925 si
802 1869 939 1926 falso
966 1874 1033 1927 de
1062 1874 1178 1943 ipso
1218 1874 1416 1928 dicitur
1448 1874 1597 1940 illud,
1633 1874 1805 1931 Filius
1831 1888 1885 1931 et
1913 1877 2096 1932 Domi-

512 1961 653 2015 nus?
687 1962 744 2016 Si
784 1977 912 2017 vero
942 1964 1012 2017 ita
1057 1979 1116 2019 se
1147 1980 1237 2020 res
1273 1965 1455 2030 habet,
1488 1977 1541 2020 ut
1576 1967 1663 2022 isti
1698 1969 1908 2035 volunt,
1935 1985 2095 2039 opor-

512 2056 678 2110 tuerit
702 2056 889 2122 etiam,
920 2066 981 2111 ut
1018 2058 1282 2123 arbitror,
1316 2061 1541 2116 dicere:
1579 2078 1598 2111 ι
1624 2061 1813 2116 Gratia
1849 2062 1942 2116 Dei
1974 2078 2092 2117 sum

512 2141 567 2197 id
597 2143 738 2214 quod
768 2160 884 2200 sum
910 2145 979 2204 ".
1011 2165 1030 2198 ι
1063 2147 1216 2215 Quod
1248 2151 1392 2207 enim
1424 2153 1752 2207 naturaliter
1791 2167 1898 2206 non
1930 2153 2094 2218 inest,

509 2236 605 2288 sed
632 2236 978 2293 extrinsecus
1018 2241 1252 2296 ascitum
1282 2250 1386 2304 est.
1419 2253 1473 2298 et
1502 2244 1570 2297 ab
1607 2243 1714 2297 alio
1744 2245 1949 2310 datum,
1988 2260 2098 2299 non

510 2335 597 2380 est
640 2328 926 2383 dicendum
973 2330 1091 2399 ejus
1118 2334 1216 2403 qui
1262 2334 1492 2402 accepit,
1542 2335 1637 2389 sed
1672 2334 1792 2404 ejus
1820 2335 1913 2404 qui
1950 2337 2099 2391 dedit

477 2491 481 2495 ἴ
512 2424 674 2482 atque
710 2416 936 2487 largitus
975 2430 1080 2475 est.
1127 2423 1246 2489 Quo
1286 2433 1446 2493 pacto
1490 2435 1669 2480 autem
1714 2426 1898 2479 dixit:
1935 2445 1952 2478 ι
1987 2426 2098 2491 Ego

510 2520 630 2560 sum
666 2506 881 2564 Veritas
903 2512 970 2576 ³⁸,
1003 2532 1022 2564 δ
1063 2515 1107 2568 si
1152 2515 1284 2570 nihil
1335 2518 1389 2571 iu
1432 2518 1549 2585 ipso
1587 2526 1673 2573 est
1721 2519 1874 2572 veri?
1930 2518 2095 2589 Atqui

512 2599 1028 2668 cetnprehenderiut
1070 2606 1233 2660 etiam
1278 2608 1451 2676 ipsum
1500 2611 1760 2677 tenebrae,
1806 2612 1852 2665 si
1908 2612 2097 2665 menti-

515 2701 621 2745 tur.
650 2691 916 2749 Caaternm
944 2713 962 2747 ι
991 2712 1096 2751 non
1127 2698 1257 2754 fecit
1283 2710 1584 2769 peccatum,
1616 2718 1795 2773 neque
1842 2702 2095 2759 iuventus

511 2792 596 2837 est
624 2783 676 2836 in
704 2799 799 2837 ore
828 2786 997 2855 ipsius
1028 2789 1206 2858 dolus,
1238 2808 1258 2843 ι
1289 2800 1349 2846 ιιι
1381 2794 1646 2863 scriptum
1677 2805 1761 2851 est
1780 2797 1848 2850 “.

578 2870 639 2926 Β.
680 2872 796 2928 Non
818 2890 970 2932 sane.

588 2965 652 3020 Α.
693 2965 951 3033 Quaenam
992 2986 1122 3026 vero
1156 2971 1320 3030 fuerit
1363 2976 1699 3047 exinanitio;
1739 2991 1832 3038 aut
1879 2983 1966 3039 cui
2004 2999 2096 3040 ac-

513 3058 747 3127 ciderit]!
781 3058 966 3130 Neque
998 3062 1146 3119 enim
1173 3081 1503 3139 quemquam
1537 3072 1874 3129 exinanitum
1908 3077 2094 3131 videre

512 3160 621 3214 est,
655 3151 820 3224 746
840 3154 934 3209 sed
967 3157 1145 3225 potius
1179 3170 1372 3215 contra
1399 3162 1701 3232 impletum,
1734 3181 1859 3220 cum
1892 3166 2093 3237 alioqui

515 3238 902 3309 plenitudinem
952 3260 1021 3299 ex
1064 3262 1160 3301 sua
1212 3260 1405 3306 natura
1447 3253 1664 3311 habeat.
1717 3255 1903 3326 Neque
1948 3259 2096 3313 enim

514 3327 693 3384 aliena
734 3346 836 3401 ope
874 3336 1049 3402 eguit;
1107 3345 1162 3391 et
1211 3353 1676 3410 supervacaneum
1722 3346 1774 3399 in
1826 3362 1891 3401 eo
1935 3346 2099 3402 fuerit

515 3422 784 3490 accipere,
822 3441 946 3480 cum
970 3442 1035 3482 ex
1074 3444 1172 3484 sua
1199 3442 1393 3487 natura
1429 3434 1500 3489 sit
1529 3436 1980 3505 perfectissimus,
2009 3440 2096 3493 ni-

515 3513 697 3583 hilque
732 3518 781 3569 ei
825 3518 999 3584 desit;
1032 3521 1129 3576 sed
1176 3538 1242 3577 ex
1278 3525 1614 3593 plenitudine
1652 3529 1859 3583 Christi
1908 3546 2097 3586 omnes

515 3619 616 3658 nos
676 3608 984 3676 accepimus
1007 3610 1092 3676 ³³,
1146 3627 1324 3681 neque
1397 3615 1703 3670 divinorum
1757 3620 2095 3688 eloquiorum

517 3710 796 3761 praecones
852 3700 1065 3755 mentiti
1112 3700 1335 3759 fuerint.
1372 3704 1573 3760 Plenus
1620 3709 1767 3762 enim
1809 3720 1893 3764 est
1934 3712 2097 3765 ειπερ

516 3800 653 3856 stus,
687 3805 863 3859 neque
885 3792 1178 3864 quidquam
1221 3798 1447 3853 omnino
1478 3803 1532 3855 iu
1568 3799 1688 3870 ipso
1718 3811 1825 3866 est,
1854 3803 1998 3871 quod
2030 3802 2099 3857 ab

514 3879 622 3935 alio
649 3885 941 3953 acceperit,
965 3895 1234 3956 quatenus
1263 3899 1517 3945 censetur
1545 3901 1600 3946 et
1627 3902 1707 3948 est
1739 3894 1877 3948 Deus
1910 3912 1924 3950 :
1959 3904 2099 3949 tam-

513 3975 618 4029 etsi
683 3979 959 4047 proprium
1031 3983 1196 4038 etiam
1269 3983 1319 4039 ei
1373 3984 1576 4040 factum
1627 3995 1748 4052 est,
1822 3987 2095 4058 accipere,

517 4075 739 4136 propter
772 4070 1021 4127 humanm
1067 4082 1275 4131 natura:
1314 4077 1715 4144 conditionem;
1747 4085 1799 4132 et
1829 4089 2098 4148 quatenus

518 4161 770 4228 apparuit
823 4165 999 4218 nostri
1049 4166 1267 4222 similis.
1325 4167 1493 4223 Nobis
1540 4170 1717 4237 enim,
1775 4181 1829 4226 et
1880 4173 2097 4240 quidem

517 4260 666 4305 recte
714 4254 972 4310 dicatur:
1012 4274 1033 4309 ι
1064 4257 1204 4324 Quid
1239 4260 1386 4314 enim
1438 4260 1626 4327 habes,
1661 4261 1806 4329 quod
1853 4277 1959 4317 non
2004 4278 2097 4318 ac-

515 4341 747 4407 cepisti?
779 4362 796 4392 ι

587 4430 646 4484 Β.
686 4431 844 4487 Certe
887 4434 991 4489 hoc
1028 4447 1302 4502 asserunt,
1333 4455 1497 4495 unum
1542 4456 1663 4498 esse
1693 4441 1994 4508 Christum,
2032 4453 2084 4498 et
2117 4454 2161 4509 ι)

517 4524 736 4592 Filium,
760 4541 816 4584 et
844 4528 1154 4597 Dominum,
1185 4530 1420 4587 Verbum
1453 4549 1519 4589 ex
1555 4533 1663 4589 Deo
1698 4534 1860 4591 Patre
1876 4535 1945 4601 “,
1971 4550 2098 4590 con-

512 4618 705 4689 juncta
741 4619 956 4675 interim
991 4622 1091 4690 ipsi
1126 4637 1193 4678 eo
1229 4624 1318 4693 qui
1350 4632 1437 4680 est
1467 4639 1533 4680 ex
1558 4626 1766 4682 semine
1796 4626 1982 4680 David.

596 4709 661 4765 Α.
707 4710 774 4765 At
834 4713 980 4767 dicat
1024 4714 1225 4785 aliquis
1272 4714 1549 4783 illis:Qui
1602 4717 1951 4783 coniunctum
1991 4716 2093 4771 sibi

517 4801 683 4857 habet
726 4802 916 4870 alium,
956 4819 1061 4858 non
1109 4816 1290 4874 potest
1345 4808 1558 4863 censeri
1606 4824 1765 4875 unus,
1809 4810 1905 4864 sed
1954 4822 2096 4862 unus

514 4909 638 4948 eum
668 4909 798 4959 uno,
826 4895 931 4950 hoc
961 4906 1068 4961 est,
1115 4897 1260 4953 alio:
1286 4898 1394 4955 duo
1419 4907 1601 4956 autem
1644 4900 1697 4956 hi
1734 4915 1956 4970 prorsus
1995 4900 2106 4955 sint

518 5000 742 5043 necesse
777 4997 883 5044 est.
914 4988 1066 5045 Unus
1092 5004 1223 5044 vero
1261 4991 1591 5063 intelligetur
1622 5008 1809 5049 revera
1853 5008 1976 5050 esse
2013 4992 2103 5047 Fi-

517 5079 644 5146 lius,
676 5080 721 5135 si
748 5082 996 5137 eumdem
1039 5083 1285 5141 dicamus
1314 5101 1438 5142 esse
1477 5103 1546 5144 ex
1579 5087 1689 5145 Deo
1714 5089 1933 5159 quidem
1966 5086 2106 5141 divi-

516 5173 665 5229 nitus
704 5176 948 5245 genitum
976 5175 1144 5231 Deum
1176 5175 1454 5246 Verbum;
1486 5181 1883 5237 admirabiliter
1919 5188 2102 5235 autem

518 5264 792 5321 hominem
827 5275 883 5322 et
912 5269 1210 5323 secundum
1244 5285 1464 5325 carnem
1510 5270 1709 5326 factum
1745 5285 1811 5329 ex
1848 5273 2087 5330 muliere.

519 5354 576 5408 Si
608 5370 738 5411 vero
764 5374 885 5413 eum
913 5360 1004 5430 qui
1050 5372 1135 5416 est
1163 5374 1229 5417 ex
1268 5362 1484 5419 semine
1517 5363 1681 5419 David
1726 5365 1953 5421 scorsim
1986 5375 2098 5423 sta-

519 5456 733 5504 tuentes
780 5467 844 5507 ac
890 5453 1290 5524 distinguentes
1329 5470 1518 5511 verum
1570 5455 1738 5513 Deum
1797 5469 1852 5514 et
1898 5458 2095 5516 Filium

594 5661 639 5693 ’τ
671 5658 826 5711 Rom.
860 5675 897 5717 ι,
928 5662 1017 5713 22.
1094 5663 1140 5693 ’⁸
1169 5664 1183 5714 Ι
1210 5666 1334 5715 Cor.
1371 5681 1443 5727 tv,
1476 5666 1528 5718 7.

521 5726 716 5782 lPetr.
748 5742 808 5791 ll,
839 5727 928 5780 32.
1005 5729 1049 5760 ⁸³
1096 5730 1242 5783 toan.
1274 5749 1311 5794 ι,
1340 5726 1438 5785 ‘16.
1510 5735 1550 5765 “
1584 5734 1750 5791 ICor.
1786 5752 1900 5798 vm,
1944 5739 1993 5792 6.

1618 5668 1663 5739 ’ἲ
1705 5668 1742 5720 ll
1777 5666 1896 5720 Cor.
1937 5685 1972 5726 ι.
2014 5674 2092 5729 l9.
2173 5675 2217 5707 ι·
2248 5674 2266 5731 ι
2298 5676 2421 5731 Cor.
2461 5691 2549 5739 xv,
2591 5673 2673 5729 ιο.

2193 512 2371 564 ιστᾶσι
2421 514 2549 583 γὰρ,
2589 514 2666 578 ὼς
2682 515 2842 583 ἔφην,
2874 512 2969 567 τοῦ
3009 512 3151 568 κατά
3189 513 3421 584 Χριστὸν
3469 516 3723 584 μυστηρίου

2189 602 2288 673 τὴν
2317 603 2566 674 δύναμιν,
2616 608 2697 669 είς
2734 607 2843 659 πᾶν
2884 604 3214 669 τούναντίον,
3251 604 3344 657 καὶ
3373 604 3467 673 μὲν
3504 604 3727 673 ἠξιῶσθαι

2190 693 2370 761 λέγειν
2410 694 2594 762 αὐτὸν,
2634 695 2718 767 εἴη
2750 694 2817 750 ἂν
2867 695 3056 767 ἕτερον
3090 694 3262 757 οὐδὲν,
3297 693 3434 764 πλὴν
3465 694 3541 746 ὅτι
3583 695 3728 748 κοινὸν

2192 784 2483 857 ἄνθρωπον
2504 787 2854 854 ἀποφαίνειν,
2885 788 2980 840 καὶ
3003 788 3085 850 είς
3114 786 3406 857 ἑτερότητα
3422 786 3514 855 τὴν
3535 786 3731 843 είσάπαν

2194 878 2564 950 ἀποτειχίζειν
2634 880 2899 944 ἀϐούλως,
2976 879 3053 942 ὡς
3125 878 3258 931 υἱῶν
3319 877 3544 932 νοεῖσθαι
3593 877 3726 932 δυάδα

2192 972 2602 1044 προσκυνητὴν,
2658 966 2735 1027 ὧν
2791 974 2821 1025 ὁ
2868 974 2968 1043 μέν
3014 972 3134 1025 ἐστι
3179 969 3339 1038 φύσει
3386 968 3476 1022 καὶ
3528 968 3728 1037 ἀληθῶς,

2195 1060 2422 1133 θάτερός
2445 1081 2508 1132 γε
2550 1063 2677 1135 μὴν,
2713 1064 3023 1133 εἰσποιητός
3055 1080 3113 1116 τε
3155 1063 3251 1116 καὶ
3278 1061 3443 1123 νόθος.
3489 1061 3575 1113 καὶ
3608 1059 3731 1112 οὐδὲν

2194 1150 2334 1221 ἔχων
2386 1154 2413 1206 ὅ
2456 1155 2604 1206 ἐστιν
2657 1154 2847 1218 αὐτοῦ,
2900 1154 2988 1206 ἶνα
3043 1154 3137 1206 καὶ
3194 1152 3347 1222 αὑτῷ
3383 1151 3595 1219 λέγηται
3636 1149 3733 1220 μεθ’

2194 1242 2383 1312 ἡμῶν·
2435 1262 2453 1295 t
2483 1244 2547 1296 Τί
2580 1244 2691 1313 γὰρ
2737 1244 2904 1314 ἔχεις,
2950 1244 2979 1296 ὃ
3008 1244 3110 1297 οὐκ
3157 1240 3380 1306 ἔλαϐες
3434 1261 3454 1291 ι
3480 1236 3599 1294 Εἶτα
3634 1241 3733 1293 ὅποι

2195 1336 2328 1388 ποτὲ
2364 1335 2628 1405 βαδιεῖται
2672 1337 2848 1405 λέγων
2886 1338 2915 1389 ὁ
2961 1335 3241 1403 πάνσοφος
3275 1332 3500 1394 Παῦλος,
3525 1351 3541 1383 ι
3582 1331 3633 1384 ’0
3654 1328 3735 1383 τοῦ

2194 1425 2333 1479 Θεοῦ
2354 1427 2462 1497 γὰρ
2492 1426 2619 1490 Υἱὸς
2649 1427 2883 1498 Χριστὸς
2921 1426 3150 1499 Ἰησοῦς,
3181 1428 3209 1479 ὁ
3242 1428 3300 1478 ὲν
3325 1426 3450 1495 ὑμῖν
3482 1423 3735 1494 κηρυχθείς

2194 1518 2262 1572 δι’
2304 1518 2440 1588 ἐμοῦ
2479 1520 2573 1574 καὶ
2612 1519 2901 1574 Σιλουανοῦ
2940 1519 3037 1573 καὶ
3084 1516 3377 1589 Τιμοθέου,
3430 1515 3524 1568 οὐκ
3557 1514 3733 1582 ἐγένετο

2196 1611 2304 1666 Ναί
2334 1612 2429 1665 καὶ
2463 1612 2560 1676 Οὔ,
2599 1612 2737 1666 ἀλλὰ
2764 1613 2870 1666 Ναί
2908 1615 2968 1665 ὲν
3000 1610 3153 1683 αὐτῷ
3187 1610 3399 1679 γέγονε.
3433 1626 3450 1659 ι
3501 1606 3612 1671 Πῶς
3646 1606 3732 1676 γὰρ

2196 1704 2258 1759 οὐ
2284 1705 2475 1774 γέγονε
2506 1704 2609 1759 Ναί
2637 1706 2733 1758 καὶ
2772 1703 2847 1758 Οὔ
2866 1745 2880 1769 ,
2909 1707 2957 1758 εί
2990 1704 3123 1768 Θεὸς
3145 1699 3289 1756 εἶναι
3319 1701 3530 1770 λέγεται
3556 1702 3638 1753 κα).
3655 1699 3735 1753 οὐκ

2123 1770 2165 1826 Β
2194 1770 2310 1851 ἐστι
2347 1770 2515 1862 Θεόςς
2565 1799 2614 1850 εί
2640 1795 3082 1867 κατεψευσμένον
3110 1797 3197 1849 ἐπ’
3230 1793 3396 1848 αὐτοῦ
3422 1794 3499 1857 τὸ,
3529 1792 3641 1854 Υἱός
3660 1790 3736 1844 καὶ

2194 1891 2435 1961 Κύριο;;
2478 1892 2696 1961 Ἔχοντι
2727 1890 2784 1943 δὲ
2812 1884 2940 1954 ὧδε,
2981 1888 3127 1943 καθά
3156 1904 3323 1957 φασιν
3366 1886 3531 1948 αὐτοὶ,
3573 1883 3734 1954 πρέποι

2193 1980 2280 2049 ἂν,
2319 1978 2472 2052 οἶμαί
2510 1999 2636 2049 που,
2678 1984 2769 2036 καὶ
2808 1982 2869 2036 τὸ
2904 1982 3102 2053 χρῆναι.
3142 1980 3365 2049 λέγειν·
3429 1998 3448 2029 ι
3474 1978 3648 2046 Χάριτι
3692 1974 3737 2027 δὲ

2194 2070 2328 2125 Θεοῦ
2360 2074 2476 2143 ειμι
2510 2073 2538 2126 ὃ
2576 2075 2710 2143 εἰμι.
2744 2091 2763 2125 ι
2815 2072 2890 2126 Τὸ
2921 2071 3031 2141 γὰρ
3078 2071 3153 2141 μὴ
3200 2068 3365 2139 φύσει
3409 2065 3613 2138 προσὸν,
3645 2062 3735 2116 ἀλλ’

2195 2164 2396 2229 ἔξωθεν
2450 2158 2545 2219 καὶ
2592 2164 3029 2236 είσκεκριμένον,
3067 2162 3161 2216 καὶ
3215 2162 3349 2231 παρ’
3379 2159 3556 2230 ἑτέρου
3595 2155 3739 2219 δοτὸν,

2194 2256 2316 2327 οὐχὶ
2343 2257 2437 2309 τοῦ
2468 2257 2726 2322 λαϐόντος
2756 2258 2842 2328 εἴη
2870 2258 2939 2311 ἂν
2962 2255 3185 2328 μᾶλλον,
3217 2254 3357 2309 ἀλλὰ
3383 2252 3472 2306 τοῦ
3498 2250 3739 2319 νείμαντος

2196 2350 2289 2402 καὶ
2316 2350 2708 2420 χαρισαμένου.
2743 2349 2867 2412 Πῶς
2893 2349 2952 2402 δὲ
2983 2348 3076 2401 καὶ
3112 2347 3380 2415 ἔφασκεν,
3426 2364 3443 2396 ι
3483 2341 3610 2410 Ἐγώ
3646 2341 3738 2407 siut

2194 2444 2228 2513 ἡ
2265 2443 2511 2513 ἀλήθεια,
2554 2462 2572 2495 ι
2617 2444 2665 2496 εί
2697 2444 2865 2514 μηδὲν
2890 2442 3084 2513 ἀληθὲς
3106 2442 3203 2495 ἐπ*
3226 2440 3423 2502 αὐτοῦς
3456 2430 3737 2501 Κατελήφθη

2196 2536 2338 2606 τάχα
2381 2553 2484 2589 που
2523 2538 2617 2590 καὶ
2648 2536 2751 2589 ὑπὸ
2795 2538 2895 2608 τῆς
2936 2533 3181 2597 σκοτίας,
3238 2535 3295 2587 el—
3325 2530 3585 2602 ψεύδεται.
3626 2522 3738 2579 Ἀλλ’

2203 2648 2223 2681 r
2252 2629 2353 2682 οὐκ
2384 2628 2641 2699 ἐποίησεν
2691 2626 3141 2700 ἁμαρτίανμούδὲ
3178 2623 3384 2698 εὑρέθη
3410 2623 3549 2685 δόλος
3590 2623 3640 2673 ἐν
3678 2614 3742 2686 τῷ

2198 2717 2426 2789 στόματι
2448 2718 2637 2781 αὐτοῦ,
2668 2738 2685 2770 ι
2722 2718 2868 2773 καθὰ
2897 2719 3237 2791 γέγραπται.

2266 2896 2327 2948 Β.
2362 2896 2437 2949 Οὐ
2464 2895 2572 2966 γὰρ
2603 2880 2716 2949 οὖν.

2267 2989 2331 3042 Α.
2365 2988 2476 3043 Ποῦ
2515 2988 2573 3041 δὲ
2605 2991 2637 3059 ἠ
2687 2989 2954 3056 κένωσις-ς
3013 2990 3112 3043 καὶ
3150 2990 3301 3056 τίνος
3334 2990 3399 3045 ἂν
3428 2988 3588 3041 νοοῖτο
3613 2976 3739 3049 γενέ-

2118 3115 2167 3174 c
2199 3081 2323 3135 σθαι
2359 3081 2575 3148 λοιπόνς
2624 3082 2699 3135 Οὐ
2743 3080 2852 3152 γὰρ
2886 3082 3037 3135 ἐστιν
3090 3081 3223 3135 ίδεῖν
3258 3077 3610 3150 κεκενωμένον
3644 3067 3744 3174 sm

2203 3175 2420 3247 μᾶλλον,
2448 3174 2561 3229 ἀλλ’
2588 3174 2655 3227 ἐκ
2676 3192 2737 3243 γε
2764 3174 2873 3227 τῶν
2901 3174 3160 3227 ἐναντίων
3182 3172 3570 3245 πληρούμενον,
3593 3163 3741 3219 καίτοι

2196 3267 2258 3320 τὸ
2286 3267 2492 3338 πλῆρες
2518 3266 2709 3337 ἔχοντα
2740 3269 2862 3320 κατ’
2894 3267 3030 3322 ίδίαν
3059 3269 3247 3337 φύσιν.
3281 3267 3353 3321 Οὐ
3374 3266 3480 3335 γὰρ
3499 3264 3557 3317 ἂν
3580 3254 3740 3325 ἐδεήθη

2197 3359 2306 3413 τῶν
2340 3360 2470 3430 παρ’
2499 3359 2708 3430 ἑτέρου,
2744 3358 2838 3412 καὶ
2888 3359 3140 3429 περιττὸν
3172 3355 3246 3430 ἦν
3295 3357 3441 3427 αὐτῷ
3476 3355 3534 3407 τὸ
3570 3349 3743 3446 λαϐεῖν,

2196 3444 2407 3498 οἴκοθεν
2438 3445 2614 3516 ἔχοντι
2646 3446 2703 3499 τὸ
2729 3447 3035 3512 αὐτοτελὲς,
3083 3448 3179 3501 καὶ
3203 3449 3268 3503 τὸ
3294 3447 3429 3519 πρὸς
3460 3445 3560 3498 πᾶν
3593 3442 3746 3493 ὁτιοῧ*

2198 3536 2565 3608 ἀποχρώντως
2587 3538 2727 3607 ἕχον,
2768 3539 2884 3592 ἀλλ’
2913 3541 2980 3593 ἐκ
3013 3539 3389 3612 πληρώματος
3420 3538 3510 3592 τοῦ
3540 3526 3741 3605 Χριστοῦ

2199 3629 2399 3693 πάντες
2436 3631 2597 3701 ἡμεῖς
2642 3630 2930 3702 ἐλάϐομεν,
2976 3633 3072 3686 καὶ
3115 3633 3223 3687 οὐκ
3257 3632 3324 3687 ἂν
3349 3627 3663 3701 διαψεύσαιτο
3688 3617 3740 3671 τὸ

2196 3716 2305 3771 τῶν
2327 3717 2606 3789 θεηγόρων
2633 3722 2701 3789 κή
2713 3737 2917 3791 ρυγμα.
2952 3723 3174 3794 Πλήρης
3218 3723 3329 3795 γὰρ
3357 3725 3385 3776 ὁ
3413 3717 3642 3793 Χριστὸς,
3663 3710 3743 3765 καὶ

2197 3807 2348 3862 δοτὸν
2374 3809 2524 3879 αὑτῷ
2555 3811 2839 3875 παντελῶς
2866 3812 3042 3877 οὐδὲν,
3090 3812 3237 3867 καθὰ
3281 3816 3481 3866 νοεῖται
3525 3806 3609 3860 καὶ
3646 3801 3741 3854 ἔστι

2198 3902 2351 3970 Θεὸς,
2387 3905 2435 3957 εί
2488 3903 2584 3957 καὶ
2630 3905 2855 3973 γέγονεν
2904 3905 3070 3960 αὑτοῦ
3105 3906 3166 3958 τὸ
3207 3905 3413 3970 λαϐεῖν,
3452 3901 3535 3954 διὰ
3576 3898 3629 3949 τὸ
3662 3893 3739 3959 τῆς

2199 3996 2615 4068 ἁνθρωπότητος
2660 3996 2880 4068 μέτρον,
2929 3998 3024 4051 καὶ
3052 3997 3190 4051 καθὸ
3220 3997 3429 4067 πέφηνε
3458 3990 3571 4046 καθ’
3600 3985 3735 4058 ἡμᾶς.

2197 4083 2280 4154 οἷς
2309 4088 2375 4143 ἂν
2402 4088 2615 4158 λέγοιτο
2651 4089 2745 4144 καὶ
2796 4088 2947 4161 μάλα
2991 4089 3189 4164 ὀρθῶς·
3240 4109 3258 4143 ι
3287 4089 3354 4143 Τί
3396 4086 3499 4158 γὰρ
3545 4082 3686 4152 ἔχεις»
3716 4073 3746 4127 δι

2198 4182 2298 4236 οὐκ
2325 4181 2549 4248 ἔλασεςς
2574 4200 2597 4234 ι

2262 4455 2323 4507 Β.
2353 4453 2481 4520 Ναὶ,
2518 4452 2704 4522 φησὶν,
2758 4446 2840 4516 εἷς
2892 4452 3010 4505 ἐστι
3049 4450 3306 4520 Χριστὸς,
3362 4445 3453 4500 καὶ
3499 4440 3630 4501 Υἱὸς,
3665 4431 3739 4486 καὶ

2203 4546 2428 4618 Κύριος,
2482 4547 2513 4598 ὁ
2560 4546 2625 4597 ὲκ
2678 4543 2813 4597 Θεοῦ
2873 4543 3088 4614 Πατρὸς
3154 4540 3356 4609 Λόγος,
3421 4528 3738 4600 συναφθέντος

2201 4638 2349 4711 αὐτῷ
2386 4638 2479 4693 τοῦ
2515 4641 2581 4692 ὲκ
2616 4637 2935 4708 σπέρματος
2964 4635 3151 4690 Δαϐίδ.

2275 4706 2340 4786 Δ,
2405 4731 2565 4797 Ἀλλ’,
2597 4725 2645 4785 ὧ
2695 4706 2982 4801 βέλτιστοι,
3043 4726 3177 4798 φαίη
3229 4740 3310 4788 τις
3366 4723 3430 4775 ἂν
3486 4714 3668 4801 αὐτοῖς,
3714 4706 3738 4757 ὁ

2205 4824 2549 4895 συνημμένον
2581 4823 2721 4893 ἔχων
2763 4821 2973 4892 ἕτερον,
3007 4814 3091 4881 εἷς
3118 4817 3221 4870 οὐκ
3242 4814 3310 4908 ᾃν
3335 4812 3518 4908 νοοῖτο,

2216 4917 2353 4970 Ἄλλη
2382 4912 2463 4979 εἷς
2494 4914 2614 4986 μεθ’
2642 4913 2781 4978 ἐνὸς,
2810 4914 2979 4985 ἤγουν
3011 4909 3134 4981 μεθ’
3173 4907 3382 4977 ἑτέρου,
3425 4901 3515 4953 δύο
3537 4894 3590 4948 δὲ
3616 4894 3737 4986 οῦτοι

2204 5012 2381 5082 πάντη
2410 5027 2470 5063 τε
2494 4980 2595 5063 ’καὶ
2629 4980 2866 5071 πάντωξ.
2918 4980 3023 5068 Εἷςί
3052 5004 3098 5057 δ’
3135 5001 3203 5055 ἂν
3246 5000 3415 5053 νοοῖτο
3453 4988 3585 5047 κατὰ
3628 4980 3738 5082 αλιι·

2204 5074 2649 5172 θειανΙὺπάρχων
2679 5099 2826 5167 Υἱὸς,
2861 5099 2912 5151 si.
2947 5098 3041 5151 τὸν
3083 5094 3248 5149 αὑτὸν
3293 5088 3432 5146 εἷναί
3461 5074 3736 5181 φαμεγζρὲξ

2203 5191 2339 5246 Θεοῦ
2375 5193 2474 5261 μὲν
2725 5165 3055 5258 γεννηθέντα
3084 5184 3217 5239 Θεὸν
3245 5181 3434 5250 Λόγον
3459 5165 3733 5261 παραδᾷξίξδξ

2202 5284 2260 5338 δὲ
2287 5253 2594 5355 ἄνθρωπον,
2627 5282 2721 5336 καὶ
2739 5253 2891 5335 ’κατα
2919 5281 3098 5351 σάρκα
3125 5279 3193 5331 ὲκ
3227 5269 3493 5369 γυναικός.
3526 5253 3733 5369 Etsi-fil

2202 5374 2296 5427 τὸν
2331 5347 2405 5428 ἐκ.
2427 5374 2747 5446 σπέρματος
2771 5372 2868 5425 τοῦ
2900 5347 3065 5425 Δαῦὶδ
3097 5369 3204 5440 ἰδίᾳ
3230 5364 3465 5424 τιθέντες
3519 5354 3603 5409 καί

2207 5466 2469 5539 ρεξοντες,
2522 5436 2616 5519 ’έδῦ
2670 5436 2810 5519 κατὰ
2842 5464 3102 5535 ἀλήθειαν
3139 5436 3276 5516 εἶναι
3323 5454 3452 5510 Θεὸν
3491 5448 3577 5503 καὶ
3628 5436 3730 5493 Υῑδν

2777 5672 2819 5705 ³⁸
2860 5670 3015 5728 Joan.
3044 5686 3153 5734 xw,
3196 5668 3247 5724 6.
3357 5664 3398 5695 "
3425 5658 3519 5712 lsa.
3550 5664 3653 5712 LIII,
3678 5642 3720 5702 9;
