4078 6264
406 265 428 320 1
439 262 543 318 509

1537 269 1726 338 quon
1766 269 1954 327 unus
1994 269 2102 326 Str
2139 272 2510 356 CHRISTUS.

3529 273 3664 334 1310

399 385 774 456 ἐκπέμπουσι,
827 387 1080 440 κοινωνὸν
1111 387 1168 442 δὲ
1206 389 1404 459 μᾶλλον
1441 389 1690 460 υίότητος
1734 389 1830 448 καὶ
1885 389 1982 461 μέ-

2090 406 2209 448 esse
2238 395 2448 462 nolunt,
2475 395 2566 451 sed
2603 394 2783 466 potius
2809 391 3128 465 participem
3160 392 3431 450 tiliationis
3461 407 3518 451 et
3549 394 3660 467 glo-

403 489 552 544 τοχον
583 471 742 543 δόξης
771 473 984 539 ὀθνείοις
1013 471 1153 530 εἷναί
1179 495 1363 547 φασιν,
1394 481 1456 534 οὐ
1485 480 1684 552 μάτην,
1716 481 1791 545 ὡς
1809 477 1983 552 οἴμαι,

396 564 499 628 τὰς
541 565 695 637 παρὰ
740 565 849 618 τῶν
906 567 1176 622 Ἰουδαίων
1214 569 1485 634 διαϐολὰς,
1531 573 1617 624 ἐπ’
1650 573 1801 643 αὑτῷ
1833 589 1986 642 γενο-

402 655 572 727 μένας
603 657 932 728 εῦρήσομεν.
971 659 1248 728 Ἔφασκον
1286 663 1412 733 γὰρ,
1463 664 1543 716 ότι
1584 684 1602 716 ι
1638 666 1774 737 Περὶ
1819 663 1986 718 καλοῦ

398 745 558 816 ἔργου
593 746 654 799 οὐ
689 745 979 819 λιθάζομέν
1015 766 1095 813 σε,
1139 749 1274 804 ἀλλὰ
1312 753 1440 823 περὶ
1489 753 1859 827 βλασφημίας,
1906 758 1988 810 ὅτι

400 839 464 890 σὺ
492 838 778 908 ἄνθρωπος
807 840 904 908 ὢν,
936 846 1110 907 ποιείς
1141 846 1333 900 ἑαυτὸν
1365 847 1520 904 Θεὸν.

470 925 531 979 Β.
567 928 680 982 Καὶ
715 929 823 1001 μὴν
852 931 944 985 καὶ
975 931 1107 986 Θεὸν
1136 935 1229 990 καὶ
1257 935 1383 991 Υίὸν
1409 938 1660 1011 ἀληθινὸν
1682 936 1823 997 εἷναί
1854 960 1986 1014 φασι

402 1018 492 1071 τὸν
521 1019 617 1073 ἕνα
644 1021 900 1092 Χριστόν.

471 1109 538 1164 Α.
592 1112 761 1182 Δῆλον
813 1113 870 1167 δὲ
927 1115 1010 1170 ὅτι
1052 1117 1144 1170 τὸν
1193 1119 1257 1172 ἐκ
1309 1119 1442 1175 Θεοῦ
1496 1125 1689 1192 Λόγον,
1751 1126 1988 1183 λαϐόντα

402 1201 545 1257 κατὰ
572 1205 871 1275 συνάφειαν
900 1208 990 1263 τὸν
1016 1211 1080 1264 ἐκ
1110 1211 1424 1282 σπέρματος
1459 1215 1555 1269 τοῦ
1586 1217 1769 1271 Δαϐίδ.

472 1295 534 1354 Β.
575 1297 714 1351 Ἀλλ’
755 1301 804 1352 εἰ
846 1301 920 1372 μή
951 1301 1102 1356 ἐστιν
1130 1304 1292 1367 αὐτὸς
1319 1307 1347 1359 6
1382 1307 1447 1362 ἐκ
1475 1307 1610 1364 Θεοῦ
1641 1311 1855 1384 Πατρός
1886 1312 1987 1368 Λό-

403 1403 517 1456 γος,
565 1390 594 1442 6
640 1391 734 1444 καὶ
781 1391 927 1445 κατὰ
971 1393 1155 1465 σάρκα
1197 1397 1262 1450 ὲκ
1315 1399 1591 1468 γυναικὸς,
1640 1401 1754 1457 ἀλλ’
1801 1404 1988 1474 ἔτερος

405 1480 523 1550 μεθ’
557 1481 768 1554 ἑτέρου,
805 1483 922 1548 πῶς
952 1484 1020 1538 ἂν
1049 1485 1260 1556 λέγοιτο
1299 1491 1564 1562 Χριστὸς,
1598 1494 1627 1548 6
1669 1494 1745 1566 μὴ
1800 1513 1986 1569 κεχρι-

404 1569 620 1641 σμένος,
647 1571 794 1628 καθὰ
824 1574 918 1628 καὶ
950 1575 1252 1645 φθάσαντες
1276 1580 1542 1654 εἴπομεν;

472 1663 537 1715 Α.
570 1661 798 1730 Οὐκοῦν,
831 1666 879 1718 εί
909 1667 982 1736 μή
1025 1667 1173 1722 ἐστιν
1200 1667 1386 1741 ἕτερος
1431 1671 1582 1742 παρὰ
1617 1671 1708 1726 τὸν
1745 1674 1807 1726 ἐκ
1848 1672 1983 1727 Θεοῦ

405 1755 618 1827 Ila-:96;
655 1756 848 1826 Λόγον,
872 1759 900 1812 6
927 1761 991 1812 ὲκ
1022 1759 1338 1832 σπέρματος
1383 1762 1478 1817 τοῦ
1517 1762 1700 1830 Δαϐὶδ,
1740 1764 1982 1834 λεγέσθω
2015 1749 2060 1806 Β

404 1847 500 1901 καὶ
527 1845 870 1918 προαιὼνιος.

471 1940 532 1991 Β.
569 1934 703 1993 Εἶτα
754 1939 872 2003 πῶς
910 1941 939 1994 6
973 1941 1248 2012 πάνσοφος
1294 1943 1526 2008 Παῦλος,
1570 1945 1848 2000 ἐκϐάλλων
1884 1947 1983 2020 τήν

398 2030 575 2098 δόξαν,
610 2032 686 2096 ὡς
724 2033 780 2086 ὲν
822 2034 1158 2105 ἐρωτήσεσιν
1203 2039 1352 2090 ἐστιν
1382 2039 1628 2093 ἀπαιτῶν
1659 2041 1752 2094 καὶ
1786 2040 1981 2110 λέγων,

401 2141 420 2175 ι
463 2124 668 2196 Ἰησοῦς
693 2126 928 2196 Χριστὸς
965 2127 1090 2198 χθὲς
1112 2129 1204 2181 καὶ
1234 2131 1474 2200 σήμερον
1496 2133 1524 2185 6
1554 2132 1738 2199 αὐτὸς,
1772 2134 1865 2190 καὶ
1898 2135 1980 2199 είς

398 2218 519 2281 τοὺς
546 2217 768 2282 αἰῶνας.
796 2238 814 2270 ι
849 2219 910 2272 Εἰ
954 2219 1084 2289 γοῦν
1117 2220 1210 2275 καὶ
1252 2221 1457 2294 ἕτερος,
1495 2229 1524 2283 ὁ
1567 2224 1678 2295 γὰρ
1716 2226 1843 2296 χθὲς
1890 2229 1984 2282 καὶ

399 2309 658 2380 σήμερον,
689 2310 875 2382 φησὶν,
914 2310 1140 2384 Ἰησοῦς,
1176 2314 1204 2366 6
1233 2313 1396 2378 αὐτὸς
1427 2315 1578 2369 ἔσται
1619 2319 1713 2372 καὶ
1747 2321 1828 2382 είς
1857 2321 1984 2386 τοὺς

400 2400 626 2464 αίῶνας,
665 2403 977 2474 πρόσφατος
1011 2403 1276 2474 δηλονότι,
1311 2405 1408 2460 καὶ
1441 2408 1567 2477 χθὲς
1594 2412 1687 2462 καὶ
1719 2412 1981 2482 σήμερον,

403 2493 578 2548 καίτοι
617 2494 709 2548 τοῦ
755 2494 892 2550 Θεοῦ
928 2496 1101 2566 Λόγου
1149 2496 1228 2570 τῷ
1278 2498 1391 2570 ίδίῳ
1443 2500 1619 2572 Πατρὶ
1649 2518 1982 2576 συνυφεστη-

403 2586 580 2652 κότος.

469 2677 534 2733 Δ.
571 2676 824 2732 Μάλιστα
884 2679 985 2747 μὲν
1035 2679 1302 2745 ἀδικοῦσι,
1359 2683 1820 2754 παροχετεύοντες
1885 2688 1983 2760 τὴν

400 2767 686 2840 ἀλήθειαν,
720 2769 812 2823 ἐπὶ
852 2771 914 2825 τό
943 2788 1007 2840 γε
1043 2773 1224 2842 σφίσιν
1254 2775 1437 2837 αὐτοῖς
1466 2775 1742 2840 ἀσυνέτως
1769 2773 1982 2844 δοκοῦν,

398 2855 496 2912 καὶ
545 2857 656 2911 τῶν
710 2858 872 2930 ίερῶν
920 2860 1270 2932 Γραμμάτων
1310 2863 1371 2916 τὸ
1405 2864 1629 2935 ἀκριϐὲς
1681 2869 1979 2940 παραφθεί-

404 2966 607 3021 ροντες.
645 2950 706 3003 Ei
750 2951 808 3003 δὲ
836 2950 900 3022 δή
933 2969 1018 3015 τις
1072 2952 1218 3022 λέγοι
1265 2955 1360 3008 καὶ
1388 2957 1715 3027 προαιὼνιον
1748 2960 1984 3032 Χριστὸν

417 3039 641 3152 Ιησοῦν,
681 3041 782 3144 οὐκ
825 3041 892 3095 ἂν
935 3042 1169 3114 ἁμάρτοι
1197 3043 1486 3115 τάληθοῦς,
1534 3048 1694 3120 εἴπερ
1723 3052 1871 3105 ἐστὶν
1902 3048 1983 3117 εἷς
2008 3091 2054 3152 c

403 3129 529 3191 Υἱὸς
563 3131 657 3184 καὶ
689 3129 913 3200 Κύριος,
941 3132 970 3184 6
1012 3131 1339 3204 προαιώνιος
1366 3137 1558 3205 Λόγος,
1592 3139 1690 3212 τὴν
1729 3143 1788 3194 ἐν
1821 3144 1982 3214 ἐσχά-

399 3239 511 3286 τοις
554 3221 649 3276 τοῦ
683 3223 880 3286 αἰῶνος
927 3225 1141 3296 καιροῖς
1187 3225 1330 3279 κατὰ
1385 3227 1564 3297 σάρκα
1610 3230 1674 3283 ἐκ
1723 3231 1982 3298 γυναικὸς

400 3313 702 3381 ὑπομείνας
730 3312 1004 3384 γέννησιν.
1040 3314 1164 3368 Ὅτι
1202 3314 1258 3368 δὲ
1282 3316 1382 3370 οὐκ
1414 3317 1704 3387 ἠλλοίωται
1741 3322 1982 3390 γεγονὼς

398 3403 681 3475 ἄνθρωπος
711 3405 834 3458 καθ’
861 3407 1010 3476 ἡμᾶς
1043 3408 1070 3460 6
1106 3406 1298 3475 Λόγος,
1345 3409 1722 3481 διαμεμήνυκε
1751 3412 1925 3482 λέγων
1953 3416 1982 3470 6

399 3497 867 3566 Πνευματοφόροςο
907 3515 924 3547 ι
960 3496 1164 3566 Ἰησοῦς
1193 3497 1426 3569 Χριστὸς
1460 3499 1587 3570 χθὲς
1614 3502 1707 3555 καὶ
1739 3504 1981 3575 σήμερον

398 3589 427 3642 6
456 3588 638 3651 αὐτὸς,
666 3588 763 3641 καὶ
789 3588 869 3649 είς
895 3588 1022 3651 τοὺς
1055 3589 1279 3653 αἰῶνας.
1311 3609 1330 3642 ι
1370 3591 1480 3646 Καὶ
1511 3594 1844 3664 σημαντικὸν
1881 3597 1980 3666 μὲν

397 3679 492 3734 τοῦ
531 3680 927 3751 παρῳχηκότος
962 3679 1154 3750 χρόνου
1203 3684 1458 3748 ποιεῖται,
1498 3684 1555 3738 τὸ
1581 3685 1744 3755 χθές,
1780 3686 1875 3740 τοῦ
1916 3705 1981 3757 γε

402 3771 510 3846 μὴν
551 3772 864 3837 ἐνεστῶτος,
907 3771 970 3825 τὸ
1005 3771 1293 3844 σήμερον,
1320 3774 1416 3829 τοῦ
1460 3777 1518 3832 δὲ
1562 3778 1855 3845 ἐνεστῶτος
1888 3781 1983 3836 καὶ

404 3861 709 3933 μέλλοντος,
737 3862 818 3925 τὸ,
853 3862 931 3925 είς
951 3864 1078 3928 τοὺς
1099 3865 1324 3930 αἰῶνας.
1352 3869 1416 3921 Ei
1445 3868 1503 3922 δὲ
1524 3870 1726 3924 οῐονταί
1749 3888 1800 3925 τι
1819 3872 1981 3942 σοφὸν

400 3954 793 4025 ἐννενοηκέναι,
820 3955 881 4008 τὸ
908 3956 1051 4026 χθές
1093 3959 1188 4011 καὶ
1225 3960 1497 4028 σήμερον
1529 3961 1650 4014 ἀντὶ
1683 3962 1777 4016 τοῦ
1813 3980 1986 4034 προσ-

402 4049 572 4119 φάτου
600 4045 900 4117 δεχόμενοι,
940 4046 1330 4118 διατεινόμενοί
1369 4065 1429 4101 τε
1478 4050 1571 4102 καὶ
1610 4051 1880 4117 λέγοντες,
1920 4051 1984 4110 '0

403 4138 527 4210 χθὲς
560 4138 652 4191 καὶ
691 4139 946 4210 σήμερον.
983 4137 1100 4200 πῶς
1145 4137 1209 4190 ἂν
1231 4141 1318 4209 εἴη
1358 4140 1451 4193 καὶ
1479 4143 1559 4205 εἰς
1595 4144 1721 4207 τοὺς
1749 4144 1980 4214 αἰῶνας,

409 4230 816 4300 μεταστήσομεν
837 4229 930 4284 καὶ
955 4230 1114 4299 ἡμεῖς
1141 4229 1239 4300 τὴν
1261 4231 1356 4301 τῆς
1382 4232 1702 4304 ἐρωτήσεως
1731 4234 1980 4308 δύναμιν,

406 4322 486 4386 εἰς
535 4320 596 4374 τὸ
650 4320 772 4392 ἕχον
814 4321 1095 4384 ἐναντίως.
1141 4321 1198 4375 'O
1236 4319 1346 4394 γὰρ
1384 4325 1464 4388 είς
1502 4324 1630 4390 τοὺς
1668 4327 1870 4394 αἰῶνας
1907 4327 1983 4384 ὢν

2097 487 2190 540 riae
2217 487 2406 542 aliena:
2445 502 2569 543 esse
2603 493 2861 554 statuunt,
2909 501 3013 541 non
3046 485 3271 551 frustra,
3305 493 3364 540 ut
3402 485 3662 550 arbitror,

2092 578 2263 635 Judaei
2306 579 2455 634 illum
2514 580 2829 636 calumniati
2885 581 3103 644 fuerint,
3152 579 3434 634 dicentes:
3470 597 3489 631 ι
3523 577 3665 646 Quia

2093 673 2164 726 ob
2201 673 2400 727 bonum
2441 687 2577 741 opus
2609 689 2711 727 non
2749 672 3048 744 Iapidanms
3084 683 3160 736 te,
3192 671 3287 725 sed
3323 671 3391 724 ob
3423 667 3667 737 blasphe-

2095 764 2302 828 miam,
2361 764 2504 832 quod
2566 779 2690 819 cum
2759 766 2836 820 sis
2913 766 3116 828 homo,
3197 762 3370 817 facias
3433 760 3661 830 teipsum

2095 854 2260 912 Deum
2283 854 2348 909 ³⁸.
2380 873 2402 908 ι

2159 943 2222 1000 Β.
2257 944 2420 1014 Atqui
2459 952 2514 1000 et
2556 944 2722 1001 Deum
2770 954 2826 1001 et
2871 944 3068 1002 Filium
3113 961 3231 1004 esse
3265 946 3454 1002 dicunt
3497 963 3662 1003 unum

2091 1036 2391 1092 Christum.
2829 1101 2831 1108 1

2162 1130 2229 1184 Δ.
2271 1128 2504 1186 Verbum
2548 1130 2760 1186 scilicet
2793 1145 2858 1186 ex
2903 1130 3036 1198 Deo,
3067 1131 3210 1202 quod
3244 1130 3539 1200 assumpsit
3582 1145 3668 1184 ra-

2095 1224 2242 1280 tione
2271 1222 2675 1295 coniunctionis
2707 1238 2830 1278 eum
2866 1223 2958 1294 qui
3009 1233 3096 1280 est
3139 1239 3206 1278 ex
3242 1224 3450 1279 semine
3477 1223 3666 1278 David.

2163 1313 2226 1370 Β.
2269 1313 2560 1381 Caeterum,
2584 1313 2630 1369 si
2665 1329 2772 1369 non
2798 1323 2881 1368 est
2907 1315 3085 1385 ipsum
3115 1327 3181 1368 ex
3210 1312 3321 1368 Deo
3345 1313 3508 1368 Patre
3531 1311 3669 1368 Ver-

2093 1405 2243 1468 bum,
2268 1407 2414 1477 quod
2437 1414 2492 1460 et
2520 1405 2819 1461 secundum
2848 1419 3068 1462 carnem
3094 1411 3176 1460 est
3203 1419 3269 1458 ex
3301 1403 3548 1467 muliere,
3575 1405 3670 1458 sed

2091 1498 2228 1555 alius
2252 1514 2375 1554 cum
2414 1498 2554 1564 alio;
2589 1499 2860 1569 quomodo
2892 1497 3104 1552 dicatur
3142 1496 3389 1553 Christus
3429 1495 3522 1566 qui
3562 1511 3668 1550 non

2090 1601 2172 1647 est
2197 1599 2413 1658 unctus,
2441 1599 2504 1646 ut
2533 1599 2590 1646 et
2613 1600 2741 1646 ante
2772 1589 3054 1644 diximus?

2161 1681 2228 1737 Δ.
2265 1682 2408 1753 Ergo
2439 1683 2490 1737 si
2536 1683 2584 1737 is
2619 1681 2713 1749 qui
2749 1687 2833 1736 est
2866 1695 2933 1737 ex
2974 1681 3182 1737 semine
3214 1679 3386 1736 David
3431 1695 3538 1736 non
3583 1688 3670 1737 est

2085 1773 2224 1828 alius
2270 1789 2300 1827 a
2347 1773 2523 1829 Verbo
2577 1787 2648 1828 ex
2682 1772 2794 1828 Deo
2844 1771 3027 1836 Patre,
3076 1771 3292 1828 dicatur
3322 1773 3488 1828 etiam
3539 1780 3670 1829 ante

2084 1864 2280 1920 stecula
2315 1865 2616 1920 exstitisse.

2154 1958 2217 2012 Β.
2257 1959 2330 2014 At
2382 1974 2493 2030 quo
2537 1967 2698 2028 pacto
2739 1957 3173 2029 sapientissimus
3201 1957 3401 2014 Paulus
3451 1958 3664 2029 inquit:

2093 2066 2114 2103 ι
2147 2048 2309 2105 Iesus
2360 2049 2610 2106 Christus
2653 2049 2770 2106 heri
2823 2059 2880 2105 et
2933 2048 3094 2104 hodie
3136 2067 3154 2105 ι
3202 2049 3320 2120 ipse
3358 2059 3413 2106 et
3459 2049 3514 2106 in
3565 2065 3670 2106 sa:-

2087 2145 2208 2200 cula
2234 2143 2280 2176 ³⁶
2305 2143 2328 2198 1’
2356 2161 2376 2196 ι
2424 2143 2481 2198 Si
2529 2157 2660 2214 ergo
2690 2142 2856 2200 etiam
2905 2142 3048 2197 alius
3081 2152 3163 2198 est
3189 2141 3368 2211 (Jesus
3393 2143 3558 2209 enim,
3586 2142 3671 2198 in-

2086 2239 2225 2307 quit,
2254 2247 2340 2291 est
2377 2236 2495 2292 heri
2526 2244 2582 2290 et
2610 2234 2814 2309 hodie),
2839 2235 2982 2291 idem
3029 2236 3134 2290 erit
3168 2236 3331 2292 etiam
3363 2237 3415 2291 in
3446 2235 3666 2303 secula,

2086 2341 2280 2382 recens
2328 2325 2614 2391 nimirum,
2660 2333 2716 2381 et
2771 2325 2936 2380 hodie
2983 2333 3150 2394 atque
3188 2324 3503 2382 herizlicet
3534 2325 3667 2382 Ver-

2086 2416 2211 2474 bum
2243 2432 2366 2472 cum
2398 2416 2563 2473 Patre
2591 2417 2911 2474 coexsistat.

2159 2676 2228 2736 A.
2274 2678 2564 2748 Perperam
2607 2687 2758 2733 certe
2799 2677 3023 2744 faciunt,
3063 2678 3373 2734 derivantes
3401 2677 3564 2750 747
3601 2691 3666 2734 ac

2086 2773 2492 2842 distorquentes
2517 2770 2804 2826 veritatem
2848 2770 2915 2826 ad
2963 2785 3114 2825 suam
3155 2770 3457 2840 imperitam
3488 2768 3668 2825 libidi-

2087 2879 2245 2928 nem,
2296 2873 2352 2918 et
2395 2877 2674 2917 sacrarum
2727 2861 3054 2917 Litterarum
3111 2876 3293 2917 veram
3343 2861 3666 2918 sententiam

2085 2964 2522 3024 corrumpentes.
2561 2953 2618 3007 Si
2665 2968 2795 3008 vero
2840 2955 2964 3022 quis
3000 2953 3352 3010 aﬂirmaverit
3389 2953 3666 3010 Christum

2086 3043 2270 3102 Jesum
2319 3054 2444 3099 ante
2493 3043 2693 3098 saecula
2745 3045 3045 3110 exstitisse,
3093 3059 3122 3098 a
3159 3060 3290 3100 vero
3325 3057 3666 3113 nequaquam

2088 3137 2443 3194 aberraverit.
2476 3137 2757 3208 Siquidem
2806 3146 2892 3192 est
2934 3151 3073 3192 unus
3102 3134 3272 3191 Filius
3301 3147 3355 3192 et
3383 3135 3666 3201 Dominus,

2087 3229 2324 3286 Verbum
2375 3241 2502 3287 ante
2545 3229 2766 3296 saecula,
2817 3229 2960 3300 quod
3014 3229 3070 3283 in
3124 3227 3434 3285 novissimis
3481 3227 3666 3284 saeculi

2089 3323 2420 3392 temporibus
2454 3321 2788 3376 nativitatem
2839 3320 3135 3376 secundum
3188 3335 3407 3374 carnem
3452 3334 3518 3374 ex
3555 3335 3666 3374 mu-

2088 3414 2221 3469 liere
2248 3402 2434 3469 subiit.
2466 3413 2618 3481 Quod
2667 3421 2846 3468 autem
2887 3413 3122 3468 Verbum
3164 3411 3324 3467 homo
3372 3413 3540 3466 nostri
3575 3409 3667 3464 si-

2089 3505 2232 3560 milis
2259 3505 2456 3560 factum
2487 3507 2828 3560 immutatum
2862 3520 2966 3560 non
2991 3507 3080 3572 sit,
3102 3505 3441 3578 signiﬁcavit
3467 3505 3667 3561 Paulus

2091 3595 2296 3666 Spiritu
2343 3595 2555 3653 aﬂlatus
2600 3597 2829 3652 dicens:
2866 3615 2883 3648 ι
2914 3594 3076 3654 Jestts
3117 3596 3370 3652 Christus
3419 3597 3575 3651 hodie
3612 3605 3667 3652 et

2091 3689 2227 3754 heri,
2264 3688 2380 3757 ipse
2421 3697 2476 3742 et
2506 3688 2559 3743 in
2597 3687 2833 3757 sacula;
2867 3707 2886 3741 ι
2925 3703 2990 3745 ac
3018 3703 3112 3758 per
3153 3688 3286 3754 heri,
3331 3687 3665 3759 praeteritum

2089 3791 2299 3851 tempus
2345 3780 2581 3846 indicat;
2633 3796 2730 3849 per
2769 3781 2963 3844 hodie,
3013 3795 3292 3850 praesens;
3340 3794 3438 3849 per
3470 3779 3665 3834 saecula

2088 3888 2238 3937 vero,
2271 3885 2512 3940 praisens
2540 3879 2596 3924 et
2628 3870 2888 3924 futurum.
2929 3869 3062 3923 Atsi
3103 3877 3292 3937 putant
3322 3882 3382 3923 se
3409 3883 3664 3938 magnum

2087 3965 2290 4035 aliquid
2321 3963 2685 4031 excogitasse,
2725 3962 2868 4029 quod
2912 3975 3010 4027 per
3039 3959 3152 4014 heri
3182 3969 3238 4015 et
3267 3958 3444 4026 hodie,
3475 3973 3658 4016 recen-

2089 4067 2197 4114 tem
2230 4053 2555 4124 intelligant,
2581 4050 2652 4106 ita
2675 4052 3064 4108 contendentes
3095 4069 3110 4108 :
3141 4051 3242 4120 Qui
3280 4050 3398 4106 beri
3420 4061 3476 4106 et
3503 4050 3665 4108 hodie

2087 4160 2190 4216 est,
2223 4146 2498 4219 quomodo
2530 4145 2604 4201 sit
2627 4146 2792 4200 etiam
2835 4143 2887 4198 in
2917 4143 3152 4198 saecula?
3194 4141 3584 4199 transferemus
3611 4151 3664 4199 et

2091 4258 2188 4300 nos
2238 4238 2686 4309 interrogationis
2739 4235 2848 4290 vim
2899 4236 2951 4290 in
2999 4235 3334 4291 contrarium
3372 4253 3386 4291 :
3426 4233 3662 4290 Verbum

2087 4335 2230 4390 enim
2260 4332 2530 4388 exsistens
2577 4328 2631 4384 in
2678 4327 2898 4391 saecula,
2932 4343 3040 4399 quo
3076 4337 3231 4397 pacto
3264 4327 3484 4397 recipiat
3519 4326 3572 4381 in
3604 4339 3664 4382 se

404 4412 600 4480 Λόγος,
636 4412 752 4475 πῶς
783 4411 848 4501 {iv
869 4411 1021 4465 λάϐοι
1047 4413 1110 4466 τὸ
1138 4411 1265 4484 χθὲς
1286 4415 1378 4468 καὶ
1402 4415 1642 4490 σήμερον
1668 4420 1756 4490 ἐφ’
1784 4421 1979 4492 ἐαυτῷ,

2088 4426 2200 4481 heri
2225 4434 2280 4480 et
2320 4422 2522 4477 hodie?
2562 4419 2838 4490 Siquidem
2877 4428 2963 4482 est
2993 4434 3133 4474 unus
3156 4418 3426 4484 Christus,
3459 4429 3516 4475 et
3552 4433 3663 4474 non

403 4503 559 4575 εἴπερ
583 4504 730 4557 ἐστὶν
762 4498 842 4568 εἷς
890 4505 917 4558 6
964 4506 1222 4577 Χριστὸς,
1255 4508 1353 4562 καὶ
1385 4510 1445 4562 οὐ
1479 4511 1809 4582 μεμέρισται
1839 4512 1978 4568 κατὰ

405 4597 501 4668 τὴν
529 4597 626 4650 τοῦ
661 4596 950 4652 θεσπεσίου
994 4599 1209 4655 Παύλου
1257 4603 1460 4673 φωνήν.
1503 4603 1626 4656 Ὅτι
1689 4604 1797 4676 γὰρ
1837 4603 1981 4660 οὕτω

407 4687 541 4761 πρὸς
573 4689 732 4760 ήμῶν
766 4689 940 4743 ἐθέλει
972 4692 1358 4763 γνωρίζεσθαι,
1396 4693 1689 4747 κάντεῦθεν
1722 4695 1844 4768 εἴσῃ
1875 4713 1976 4750 τοι.

405 4782 602 4836 Καίτοι
639 4782 750 4852 γὰρ
782 4781 1060 4852 ὁρώμενος
1086 4783 1143 4836 ὲν
1177 4783 1362 4852 σαρκὶ,
1391 4785 1485 4837 καὶ
1510 4786 1620 4848 τοῖς
1644 4785 1744 4856 τῆς
1771 4788 1982 4858 ἀνθρω-

405 4874 638 4944 πότητος
663 4876 881 4947 μέτροις
905 4873 1252 4945 ἐμϐεϐηκὼς,
1273 4875 1372 4946 τὴν
1400 4877 1726 4946 προαιὼνιον
1749 4877 1980 4950 ὓπαρξιν

405 4965 584 5038 ἑαυτῷ
644 4964 1183 5038 προσμεμαρτύρηκε
1237 4965 1412 5034 λέγων
1444 4983 1458 4997 ·
1535 4985 1554 5018 ι
1597 4967 1787 5040 Ἀμὴν,
1833 4972 1980 5043 ἀμὴν

406 5054 548 5125 λέγω
577 5057 727 5127 ὑμῖν,
756 5057 890 5127 πρὶν
930 5057 1180 5128 Ἀϐραὰμ
1206 5058 1481 5124 γενέσθαι,
1521 5058 1630 5128 ἐγώ
1652 5063 1785 5131 εἰμι.
1816 5081 1833 5113 ι
1871 5064 1981 5118 Καὶ

408 5148 590 5202 πάλιν·
623 5167 640 5199 ι
671 5149 733 5201 El
762 5149 830 5203 τὰ
855 5149 1072 5216 ἐπίγεια
1093 5144 1245 5201 εἷπον
1278 5150 1427 5218 ὑμῖν,
1456 5153 1550 5204 καὶ
1579 5151 1639 5204 οὐ
1669 5154 1978 5223 πιστεύετε,

407 5237 546 5303 πῶς,
578 5238 673 5292 ἐὰν
739 5241 878 5292 εἴπω
921 5239 1048 5308 ὑμῖν
1091 5238 1159 5291 τὰ
1211 5239 1532 5310 ἐπουράνια,
1576 5242 1974 5310 artat-566515;:

409 5328 535 5381 Καί·
575 5348 593 5380 ι
625 5329 814 5393 Οὐδεὶς
836 5329 1176 5399 ἀναϐέϐηκεν
1199 5331 1279 5392 είς
1303 5329 1392 5382 τὸν
1418 5331 1666 5402 οὐρανὸν,
1686 5335 1733 5385 εἰ
1767 5332 1840 5404 μὴ
1867 5336 1895 5388 ό
1919 5336 1984 5388 ἐκ

407 5417 500 5472 τοῦ
539 5419 773 5492 οὐρανοῦ
805 5419 1069 5484 καταϐὰς,
1111 5421 1140 5471 6
1190 5419 1314 5484 Υἱὸς
1361 5420 1457 5475 τοῦ
1487 5421 1837 5493 ἀνθρώπου.»
1898 5428 1984 5489 Ὠς

413 5515 516 5580 γὰρ
556 5511 817 5578 ὑπάρχων
835 5510 924 5564 ἀεὶ
952 5511 1042 5564 καὶ
1070 5510 1395 5582 προαιὼνιος
1432 5513 1624 5582 Λόγος,
1657 5515 1984 5588 καθιγμένος

480 5691 522 5722 ⁸³
554 5687 709 5740 Joan.
741 5703 789 5743 ς,
823 5685 909 5734 33.
988 5687 1028 5716 ⁸⁸
1061 5688 1201 5743 Hebr
1252 5705 1367 5753 xm,
1404 5689 1453 5742 8.

2084 4528 2168 4574 est
2199 4515 2427 4579 divisus,
2469 4511 2624 4582 juxta
2659 4511 2827 4566 divini
2873 4509 3016 4566 illius
3058 4509 3209 4564 Pauli
3255 4526 3464 4566 vocem.
3510 4509 3664 4578 Quod

2083 4609 2229 4664 enim
2274 4605 2346 4660 ita
2389 4621 2418 4658 ο
2464 4603 2619 4659 nobis
2663 4601 2921 4672 cognosci
2969 4600 3224 4664 voluerit,
3265 4601 3390 4655 inde
3436 4601 3662 4672 intelligi

2085 4708 2281 4770 potest.
2310 4694 2569 4765 Quamvis
2613 4694 2761 4752 enim
2792 4694 2847 4749 in
2886 4707 3052 4748 carne
3092 4694 3424 4764 apparuerit,
3462 4702 3519 4748 et
3560 4694 3663 4748 bu-

2086 4805 2258 4846 mana
2290 4797 2498 4844 natura:
2525 4786 2889 4844 conditionem
2934 4785 3182 4850 subierit,
3226 4801 3285 4841 se
3326 4795 3504 4840 tamen
3540 4794 3665 4840 ante

2085 4879 2283 4936 saecula
2340 4877 2618 4935 exstitisse
2662 4885 2910 4941 testatur,
2958 4876 3185 4932 dicens:
3217 4893 3236 4928 ι
3264 4874 3458 4942 Amen,
3505 4890 3661 4930 amen

2086 4973 2208 5028 dico
2237 4971 2412 5038 vobis,
2443 4979 2730 5039 antequam
2757 4967 3034 5024 Abraham
3076 4969 3232 5022 ﬁeret
3263 4981 3363 5037 ego
3393 4983 3510 5022 sum
3535 4966 3603 5023 ".
3636 4985 3658 5021 ι

2090 5064 2153 5118 Ει
2198 5076 2414 5117 rursum
2449 5081 2460 5116 :
2495 5079 2513 5112 ι
2543 5058 2599 5114 Si
2645 5069 2857 5114 terrena
2898 5059 3010 5113 dixi
3053 5059 3227 5126 vobis,
3273 5069 3327 5114 et
3360 5076 3464 5114 non
3492 5060 3660 5114 credi-

2079 5156 2174 5220 tis,
2204 5155 2499 5224 quomodo,
2523 5152 2568 5207 si
2597 5151 2846 5208 coelestia
2876 5151 3066 5206 dixero
3086 5153 3261 5218 vobis,
3284 5153 3519 5208 credetis
3537 5150 3617 5206 ³⁸2
3636 5172 3657 5205 ι

2083 5248 2188 5302 Ειι
2229 5265 2248 5298 ι
2277 5245 2446 5300 Nemo
2488 5246 2732 5300 ascendit
2781 5245 2834 5299 in
2887 5243 3088 5300 coelum
3133 5243 3238 5298 nisi
3292 5244 3382 5312 qui
3416 5259 3482 5298 ex
3524 5243 3659 5298 cmlo

2083 5338 2379 5404 descendit,
2427 5335 2594 5391 Filius
2639 5335 2872 5391 hominis
2899 5335 2963 5390 ”.
2997 5353 3017 5388 ι
3067 5334 3199 5389 Nam
3240 5342 3297 5387 ut
3348 5348 3560 5403 semper
3608 5342 3658 5388 et

2085 5442 2210 5484 ante
2249 5429 2446 5484 saecula
2491 5429 2756 5484 cxsistcns
2805 5425 3036 5482 Verbum
3094 5426 3430 5482 descendite
3463 5426 3655 5482 ratiis:

2085 5520 2278 5576 deinde
2311 5519 2450 5574 idem
2479 5518 2728 5588 apparuit
2755 5517 2916 5572 homo
2947 5515 3115 5572 nostri
3149 5517 3362 5583 similis,
3402 5526 3656 5593 tanquam

1534 5694 1572 5722 ⁸⁷
1607 5690 1760 5746 lnam.
1793 5710 1904 5757 vm,
1950 5696 2034 5750 58.
2111 5699 2154 5729 ³⁸
2180 5697 2333 5752 Joan.
2370 5713 2450 5763 ιιι,
2485 5697 2566 5751 1'2.
2645 5697 2687 5728 ”
2721 5697 2848 5752 ibid.
2886 5695 2971 5750 13.
