4078 6264
513 311 644 368 1511

1535 307 1593 364 S.
1631 305 1910 364 CYRILLI
1951 302 2422 359 ALEXANDRINI
2464 300 2787 359 ABCHIEP.

3599 301 3710 359 ιτιι

515 445 653 486 unus
690 429 940 486 Christus
981 439 1034 483 et
1086 427 1366 494 Dominus,
1411 435 1467 482 et
1515 427 1734 497 quando
1781 427 1956 481 factus
2007 433 2089 479 est

2204 423 2252 488 ἐξ
2283 425 2551 496 οὐρανῶν,
2587 419 2706 478 εἶτα
2740 418 2998 493 πεφηνὼς
3037 419 3065 471 6
3103 416 3263 482 αὐτὸς
3321 417 3439 473 καθ’
3481 419 3628 491 ἡμᾶς,
3652 424 3713 488 ὡς

512 523 666 589 caro,
701 521 1005 591 hujustnodi
1042 521 1254 577 locutus
1280 529 1384 576 est.

585 695 648 752 Β.
703 697 875 751 Aliam
933 713 1145 767 quoque
1219 697 1480 750 rationem
1541 696 1945 764 excogitarunt.
2012 697 2089 747 Ita

514 791 681 852 enim,
701 791 870 854 aiunt,
888 791 1190 843 censendus
1207 799 1288 844 est
1315 789 1359 844 is
1378 790 1466 859 qui
1493 799 1659 844 estex
1678 789 1883 843 semine
1904 787 2090 852 David,

514 895 634 935 esse
668 881 834 935 Filius
861 881 977 944 Dei,
1012 881 1153 934 sicut
1181 890 1236 934 et
1267 879 1443 950 ipsum
1491 878 1720 933 Verbum
1751 895 1815 933 ex
1852 879 1958 934 Deo
1993 877 2093 931 Pa-

518 981 598 1026 tre
643 973 842 1025 dicitur
893 985 1015 1026 esse
1061 969 1226 1025 Filius
1274 971 1460 1026 David.
1521 970 1724 1026 Natura
1781 970 1944 1035 enim,
1987 985 2090 1024 non

513 1060 668 1116 alius.

586 1153 654 1205 A.
696 1152 848 1208 Vera:
884 1154 1066 1223 itaque
1091 1153 1269 1209 laudis
1291 1153 1434 1208 ratio
1467 1153 1757 1222 recipiatur
1786 1161 1843 1205 ttt
1871 1152 1943 1206 ita
1973 1165 2095 1206 cre-

514 1243 673 1297 datur
713 1244 946 1298 Verbum
976 1261 1105 1299 caro
1147 1246 1371 1310 factum,
1411 1245 1510 1300 hoc
1550 1254 1632 1300 est
1688 1246 1848 1299 homo
1882 1263 1895 1297 :
1932 1253 2096 1314 atque

515 1333 718 1389 idcirco
751 1335 917 1391 Filius
956 1335 1121 1389 David
1171 1350 1275 1390 non
1321 1337 1560 1401 lictitius,
1599 1336 1693 1390 sed
1743 1347 1998 1405 tanquam
2027 1351 2093 1389 ex

517 1427 633 1494 ipso
681 1427 990 1497 apparuerit
1042 1429 1338 1481 secundum
1371 1441 1613 1489 carnem,
1643 1435 1697 1479 et
1745 1427 2002 1480 manserit
2043 1426 2094 1480 id

516 1518 656 1586 quod
695 1527 832 1581 erat,
864 1517 1116 1571 nimirum
1159 1517 1298 1570 Deus
1342 1531 1370 1570 a
1420 1516 1547 1570 Deo.
1587 1515 1794 1571 Idcirco
1827 1525 1886 1569 el
1922 1520 2093 1570 sancti

519 1609 865 1680 evangelista:
914 1611 1148 1664 scientes
1194 1610 1366 1678 ipsum
1406 1608 1572 1662 Deum
1625 1608 1786 1662 simul
1829 1619 1881 1662 et
1918 1611 2093 1664 homi-

520 1717 640 1756 nem
693 1716 850 1764 esse,
905 1701 977 1754 ita
1027 1701 1090 1754 ad
1145 1715 1242 1754 nos
1288 1701 1353 1753 de
1399 1703 1515 1768 ipso
1550 1699 1715 1772 748
1739 1701 1898 1755 locuti
1948 1711 2094 1756 sunt.

2194 510 2274 579 εἷς
2318 514 2554 584 Χριστὸς
2598 515 2693 568 καὶ
2733 512 2962 584 Κύριος,
3010 511 3106 564 καὶ
3147 509 3236 563 ὅτε
3273 507 3458 577 γέγονε
3495 506 3632 579 σὰρξ,
3659 511 3714 565 τὰ

2192 607 2370 662 τοιάδε
2398 606 2585 678 φησίν.

2265 699 2325 752 Β.
2373 697 2694 769 Ἐξεύρηταί
2718 714 2803 760 τις
2839 697 3021 759 αὐτοῖς
3059 693 3151 748 καὶ
3187 694 3370 765 ἔτερος
3398 691 3560 760 λόγος.
3591 693 3718 748 Ἔστι

2193 791 2252 844 δὲ
2306 785 2484 856 οὗτος,
2548 788 2693 842 οὕτω
2735 789 2845 860 γὰρ
2881 787 3077 858 χρῆναί
3131 802 3293 854 φασιν
3349 784 3470 837 Υίδν
3520 784 3720 840 νοεῖσθαι

2195 882 2331 938 Θεοῦ
2369 882 2461 936 τόν
2498 883 2564 935 ὲκ
2604 881 2920 952 σπέρματος
2946 878 3040 932 τοῦ
3069 877 3251 940 Δαϐὶδ,
3293 875 3366 939 ὡς
3391 875 3452 929 ἂν
3479 875 3564 928 καὶ
3589 877 3723 940 αὐτὸς

2193 979 2223 1030 6
2246 977 2312 1030 ὲκ
2349 975 2484 1029 Θεοῦ
2525 975 2738 1043 Πατρὸς
2760 974 2929 1040 Λόγος
2963 971 3093 1035 Υἱὸς
3132 965 3268 1024 εἶναι
3295 968 3498 1037 λέγοιτο
3525 966 3610 1020 τοῦ
3639 970 3721 1022 Δα-

2197 1069 2300 1123 6ίδ.
2328 1068 2489 1122 Φύσει
2519 1067 2650 1138 γὰρ,
2685 1066 2798 1120 οὐδ’
2825 1065 3032 1136 ἕτερος.

2265 1160 2331 1211 Α.
2372 1157 2602 1222 Οὐκοῦν,
2636 1159 2665 1209 6
2704 1156 2803 1228 τῆς
2844 1153 3080 1226 ἀληθοῦς
3111 1152 3376 1213 αἰνέσεως
3415 1150 3586 1203 εἰσίτω
3620 1149 3724 1219 τρό-

2197 1267 2318 1314 πος,
2355 1249 2424 1302 ἶν’
2473 1247 2617 1301 οὕτω
2667 1245 2994 1317 πιστεύηται
3042 1242 3179 1314 σὰρξ
3221 1239 3457 1311 γεγονὼς
3497 1241 3522 1293 ὁ
3564 1240 3724 1306 Λόγος,

2196 1341 2473 1395 τουτέστιν
2526 1338 2832 1410 ἄνθρωπος,
2860 1337 2958 1391 καὶ
2989 1335 3077 1389 διὰ
3111 1333 3292 1395 τοῦτο,
3323 1331 3446 1394 Υἱὸς
3482 1330 3566 1384 τοῦ
3594 1329 3728 1382 Δαϐιδ

2197 1435 2256 1488 οὐ
2284 1431 2749 1502 κατεψευσμένος.
2796 1428 2936 1482 Ἀλλ’
2965 1428 3041 1491 ὼς
3065 1425 3124 1491 ἐξ
3149 1423 3316 1479 αὐτοῦ
3347 1420 3586 1493 πεφηνὼς
3613 1421 3730 1474 κατὰ

2201 1525 2402 1596 σάρκα,
2435 1523 2531 1576 καὶ
2561 1519 2887 1593 μεμενηκὼς
2921 1521 3062 1588 ὅπερ
3104 1514 3193 1589 ἦν,
3228 1515 3386 1587 δῆλον
3417 1514 3470 1567 δὲ
3513 1515 3585 1567 ὅτι
3622 1512 3729 1576 Θεὸς

2201 1619 2265 1671 ὲκ
2298 1615 2454 1669 Θεοῦ.
2509 1615 2622 1669 Καὶ
2661 1611 2789 1682 γοῦν
2821 1612 2870 1664 οἰ
2909 1609 3018 1664 τῶν
3049 1607 3288 1678 γενικῶν
3338 1605 3458 1679 [γρ.
3492 1605 3725 1673 εὐαγγελια

2201 1706 2346 1779 κῶν]
2377 1705 2746 1778 κηρυγμάτων
2777 1704 3070 1774 ἱερουργοὶ,
3113 1701 3203 1754 τὸν
3232 1701 3398 1754 αὐτὸν
3423 1696 3729 1764 γινώσκοντες

521 1791 797 1861 Scriptum
839 1793 983 1847 enim
1021 1803 1104 1846 est
1138 1797 1201 1847 de
1245 1793 1402 1846 lteulo
1442 1791 1704 1860 Baptista,
1736 1796 1877 1860 quod
1913 1814 1928 1846 ι
1975 1794 2098 1848 Pos-

2204 1800 2332 1853 Θεόν
2365 1816 2425 1850 τε
2469 1798 2604 1866 ὁμοῦ
2649 1797 2736 1850 καὶ
2769 1794 3074 1866 ἄνθρωπον,
3110 1793 3238 1855 τοὺς
3285 1790 3412 1861 περὶ
3447 1787 3596 1842 αὑτοῦ
3623 1788 3732 1856 πρὸς

525 1882 690 1935 tridie
718 1882 860 1935 videt
887 1880 1073 1936 Jesum
1106 1883 1409 1935 venientem
1443 1883 1506 1934 ad
1531 1897 1609 1948 se,
1637 1893 1690 1935 et
1719 1884 1847 1938 dicit
1898 1905 1908 1938 :
1963 1887 2101 1940 Ecce

519 1971 704 2041 Agnus
742 1973 859 2032 Dei.
903 1973 993 2042 qui
1029 1973 1163 2026 tollit
1211 1983 1493 2041 peccatum
1543 1975 1750 2028 mundi.
1789 1975 1889 2029 Hie
1924 1988 2006 2030 est
2035 1977 2100 2031 de

520 2077 628 2133 quo
675 2064 830 2117 dixi:
865 2063 990 2117 Post
1033 2081 1118 2117 me
1165 2066 1312 2117 venit
1360 2065 1463 2130 vir,
1505 2067 1594 2134 qui
1641 2075 1766 2120 ante
1813 2082 1896 2121 me
1928 2068 2099 2123 factus

520 2164 627 2219 est,
673 2154 800 2224 quia
845 2156 993 2224 prior
1042 2171 1126 2209 me
1179 2164 1315 2220 erat,
1367 2165 1422 2210 et
1470 2167 1569 2225 ego
1601 2157 1906 2211 nesciebam
1949 2173 2097 2222 eum,

523 2249 618 2303 sed
651 2259 713 2303 ut
760 2247 1142 2302 manifestetttr
1191 2249 1243 2302 in
1291 2248 1478 2314 Israel,
1510 2261 1793 2317 propterea
1843 2249 1960 2304 veni
2001 2265 2100 2319 ego

523 2338 578 2394 in
627 2353 768 2409 aqua
821 2340 1106 2409 baptizaus
1128 2339 1195 2396 δ’.
1235 2359 1255 2393 ›
1287 2338 1548 2411 lntelligis
1606 2342 1790 2412 itaque
1829 2345 2100 2412 quomodo

521 2434 696 2486 virum
769 2447 984 2492 vocans.
1043 2447 1349 2501 aguumque
1409 2435 1583 2503 ipsum
1637 2431 1935 2504 appellans,
1992 2449 2099 2490 non

522 2521 686 2574 alium
727 2535 849 2574 esse
899 2520 1028 2574 dicit
1062 2521 1152 2586 qtti
1203 2521 1341 2574 tollit
1373 2536 1594 2590 peccata
1643 2523 1848 2588 mundi,
1895 2533 1949 2577 et
1995 2539 2103 2576 nta-

519 2626 680 2683 gnam
721 2611 860 2664 hanc
901 2620 1065 2678 atque
1111 2611 1432 2666 immensam
1479 2614 1828 2682 divinatuque
1870 2614 2102 2685 dignita-

523 2711 629 2758 tem
655 2701 706 2757 ei
730 2703 940 2755 tribuit.
980 2704 1118 2757 Ante
1152 2718 1278 2758 vero
1318 2719 1381 2756 ac
1413 2705 1644 2771 priorem
1674 2720 1731 2759 se
1774 2704 1975 2761 factum
2004 2708 2100 2774 ait,

522 2794 647 2849 licet
693 2791 960 2863 posterior
1021 2793 1219 2856 fuerit,
1273 2795 1482 2850 ratione
1532 2795 1785 2850 nimirum
1843 2799 2102 2868 temporis

522 2898 632 2954 quo
678 2886 972 2938 secundum
1026 2899 1245 2938 carnem
1298 2894 1456 2940 natus
1502 2896 1604 2940 est.
1664 2887 1924 2954 Quamvis
1954 2891 2100 2944 enim

526 2977 844 3031 Emmanuel
889 2987 1155 3046 quatenus
1205 2979 1363 3032 homo
1409 2988 1532 3048 post
1583 2978 1729 3034 illum
1777 2992 1936 3036 natus
1978 2981 2099 3048 fuit,

2199 1892 2350 1960 ἡμᾶς
2383 1888 2705 1958 πεποίηνται
2741 1885 2954 1955 λόγους.
2999 1883 3320 1953 Γέγραπται
3359 1880 3485 1948 γοῦν
3526 1875 3734 1948 περὶτοῦ

2205 1981 2475 2051 μακαρίου
2509 1977 2840 2044 Βαπτιστοῦ,
2879 1976 2960 2030 ὅτι
2995 1993 3015 2027 ι
3042 1976 3122 2046 Τῇ
3151 1973 3415 2045 ἐπαύριον
3459 1969 3628 2042 βλέπει
3661 1966 3734 2020 τὸν

2213 2073 2417 2145 Ἰησοῦν
2471 2073 2768 2143 ἐρχόμενον
2828 2067 2967 2139 πρὸς
3013 2065 3196 2133 αὑτὸν,
3234 2065 3337 2118 καὶ
3390 2062 3548 2131 λέγει·
3592 2059 3734 2113 Ἰδεὸ

2217 2165 2413 2237 Ἀμνὸς
2447 2163 2539 2219 τοῦ
2573 2161 2732 2226 Θεοῦ,
2773 2164 2802 2216 6
2846 2163 3016 2232 αῐρων
3071 2157 3355 2230 ἁμαρτίαν
3398 2154 3490 2208 τοῦ
3542 2153 3736 2222 κόσμου,

2201 2252 2354 2321 οὗτός
2397 2262 2513 2311 ἐστι
2557 2256 2686 2327 περὶ
2729 2247 2791 2308 οῦ
2841 2251 2951 2321 ἐγὼ
2984 2246 3157 2305 εἷπονο
3195 2249 3407 2303 Ὀπίσω
3439 2263 3533 2318 μου
3560 2244 3736 2315 ἔρχεται

2201 2353 2364 2422 ἀνὴρ,
2415 2351 2474 2414 ὃς
2520 2347 2831 2421 ἔμπροσθέν
2869 2364 2971 2417 μου
3013 2345 3270 2412 γέγονεν,
3308 2344 3391 2397 ὅτι
3432 2337 3626 2408 πρῶτός
3659 2333 3740 2406 μού

2202 2447 2342 2508 ἐστι,
2371 2440 2527 2511 κάγὼ
2556 2443 2658 2495 οὐκ
2701 2437 2840 2493 εἶδον
2887 2438 3071 2502 αὐτὸν,
3109 2435 3224 2490 ἀλλ’
3287 2435 3372 2488 ἵνα
3399 2430 3656 2503 φανερωθῇ
3680 2427 3743 2498 τῷ

2216 2533 2454 2604 Ἰσραὴλ,
2489 2532 2577 2586 διὰ
2611 2531 2766 2586 τοῦτο
2812 2525 2976 2601 ἦλθον
3009 2527 3119 2598 ἐγὼ
3153 2527 3210 2580 ὲν
3251 2526 3410 2580 ὕδατι
3444 2520 3735 2594 βαπτίζων.»

2203 2623 2371 2686 Σύνες
2398 2617 2490 2677 οῦν
2529 2623 2675 2684 ὅπως
2704 2619 2874 2690 ἄνδρα
2911 2618 3105 2687 λέγων,
3155 2616 3254 2670 καὶ
3307 2615 3474 2686 ἀμνὸν
3508 2607 3744 2681 ὀνομάζων

2204 2713 2388 2779 αὐτὸν,
2418 2714 2517 2783 ούχ
2549 2712 2737 2782 ἕτερον
2767 2705 2906 2764 εἷναί
2936 2726 3070 2780 φησι
3097 2708 3187 2761 τὸν
3219 2707 3454 2779 αἴροντα
3478 2703 3567 2774 τὴν
3593 2703 3740 2770 ἀμαρ-

2202 2808 2324 2861 τίαν
2364 2807 2457 2860 τοῦ
2510 2805 2739 2875 κόσμου,
2781 2803 2876 2856 καὶ
2922 2802 2982 2854 τὸ
3029 2801 3172 2871 μέγα
3215 2798 3387 2853 τοῦτο
3437 2797 3523 2850 καὶ
3551 2793 3744 2861 ἐξαίσιον

2203 2898 2422 2970 ἀληθῶς
2489 2897 2582 2950 καὶ
2670 2895 2971 2965 θεοπρεπὲς
3046 2891 3278 2962 ἀξίωμα
3359 2887 3745 2961 προσνενέμηκεν

2204 2989 2371 3060 αὐτῷ.
2415 2987 2767 3059 Ἐμπροσθεν
2805 2986 2863 3039 δὲ
2905 2985 3001 3039 καὶ
3044 2983 3274 3056 πρῶτον
3320 2980 3560 3052 γενέσθαι
3609 2976 3744 3046 φησὶν

523 3079 639 3126 erat
670 3080 845 3124 tamen
892 3079 1016 3123 ante
1057 3070 1236 3124 omnia
1269 3072 1488 3140 saecula,
1535 3085 1592 3126 ut
1643 3073 1802 3128 Deus.
1843 3075 2097 3142 Ejusdem

2204 3080 2390 3145 αὑτοῦ,
2424 3079 2599 3133 καίτοι
2629 3077 2861 3132 κατόπιν
2897 3077 3214 3147 γενόμενον,
3249 3075 3392 3130 κατά
3421 3072 3482 3142 γέ
3519 3085 3644 3140 φημι
3669 3065 3743 3118 τὸν.

525 3161 708 3230 itaque
754 3173 834 3214 est
875 3170 928 3213 et
977 3169 1249 3215 recentem
1299 3176 1422 3218 esse
1469 3163 1676 3217 ratione
1718 3163 1966 3219 humanae
2006 3179 2100 3219 na-

526 3262 685 3313 turae,
721 3264 777 3305 et
802 3262 1088 3315 mternum,
1121 3253 1334 3308 ratione
1369 3256 1582 3308 divinae.
1628 3254 1836 3311 Idcirco
1873 3265 1928 3311 et
1970 3272 2105 3324 prae-

526 3344 896 3398 stantissimus
954 3343 1042 3398 ille
1097 3342 1328 3411 Petrus,
1377 3359 1484 3399 non
1541 3345 1743 3400 nudum
1792 3354 1847 3401 et
1901 3348 2103 3416 absque

526 3450 692 3490 carne
737 3435 1038 3505 reSpicieus
1098 3435 1356 3501 Verbum,
1407 3435 1500 3491 sed
1550 3435 1692 3506 quod
1743 3437 1797 3491 in
1835 3452 1999 3493 carne
2048 3448 2104 3494 et

528 3527 791 3596 sanguine
830 3538 1194 3596 apparuerat,
1243 3529 1582 3585 manifestam
1642 3537 1698 3585 et
1741 3529 2102 3586 certissimam

528 3618 655 3674 fidei
692 3619 746 3674 in
791 3620 964 3689 ipsum
1009 3619 1401 3690 professionem
1449 3622 1584 3684 edit,
1617 3622 1844 3676 dicens:
1879 3641 1900 3675 ί
1933 3621 2012 3676 Tn
2043 3638 2105 3679 es

527 3710 786 3766 Christus
816 3710 985 3766 Filius
1016 3709 1112 3766 Dei
1143 3711 1271 3765 vivi.
1305 3727 1324 3763 ι
1361 3710 1458 3766 Cui
1490 3710 1740 3767 Christus
1778 3714 2054 3782 respondit
2085 3729 2100 3768 :

535 3803 761 3859 «Beatus
783 3819 862 3868 es,
879 3804 1089 3868 Simon,
1114 3803 1185 3857 fili
1206 3802 1375 3869 Jonas,
1391 3803 1516 3873 quia
1537 3817 1666 3859 caro
1686 3813 1740 3860 et
1755 3807 1974 3874 sanguis
1999 3821 2103 3860 non

531 3898 789 3954 revelavit
816 3896 934 3960 tibi,
969 3896 1061 3952 sed
1094 3895 1255 3952 Pater
1284 3911 1438 3950 meus
1472 3896 1562 3965 qui
1596 3903 1681 3951 est
1717 3895 1768 3951 in
1801 3897 1956 3953 caelis
1977 3897 2046 3952 δ’.
2080 3915 2098 3950 ι

529 3985 595 4043 At
633 3989 734 4043 nisi
773 3988 940 4042 altum
992 4002 1178 4043 revera
1226 3997 1309 4042 est
1347 3987 1689 4058 mysterium,
1719 3997 1774 4042 et
1813 3987 1954 4043 Deus
1986 3999 2106 4044 erat

532 4081 587 4136 in
637 4096 803 4136 carne
833 4099 846 4135 :
879 4081 1042 4134 homo
1075 4088 1275 4144 autem,
1329 4087 1387 4131 ut
1419 4078 1518 4148 ipsi
1553 4077 1758 4142 volunt,
1792 4079 2104 4135 filiationem

529 4183 629 4240 per
676 4171 904 4240 gratiam
963 4179 1315 4234 consecutus,
1358 4169 1629 4237 quomodo
1675 4168 1904 4238 indiguit
1958 4180 2108 4225 tanto

531 4263 775 4331 mysterii
818 4262 1069 4324 doctore,
1107 4262 1243 4313 adeo
1288 4269 1348 4313 ut
1399 4275 1560 4313 nemo
1593 4260 1902 4313 mortalium
1936 4261 2098 4316 disci-

2201 3176 2302 3245 τῆς
2345 3172 2487 3227 κατὰ
2539 3172 2720 3241 σάρκα
2754 3170 3061 3240 γεννήσεως
3107 3168 3325 3238 χρόνον.
3385 3167 3444 3219 Εἰ
3489 3163 3586 3234 γάρ
3622 3162 3748 3212 ἐστιν⁴

2203 3263 2460 3335 όψιγενὴς
2491 3263 2627 3316 καθὸ
2656 3261 2941 3331 ἄνθρωπος
2965 3261 2993 3314 6
3036 3255 3409 3329 Ἐμμανουὴλ,
3446 3254 3551 3309 ἀλλ’
3575 3247 3633 3323 ἦν
3657 3245 3740 3318 πρὸ

2206 3355 2406 3419 παντὸς
2464 3353 2655 3417 αἰῶνος
2713 3354 2787 3417 ὡς
2835 3353 2987 3414 Θεός.
3023 3350 3202 3402 Αὑτοῦ
3256 3347 3534 3418 τοιγαροῦν
3577 3343 3657 3397 καὶ
3693 3339 3742 3391 τδ

2206 3448 2518 3520 πρόσφατον
2551 3443 2929 3518 ἀνθρωπίνως,
2962 3443 3056 3498 καὶ
3095 3441 3155 3495 τδ
3193 3443 3371 3496 ἀΐδιον
3401 3439 3601 3502 θεῖκῶς,
3633 3429 3742 3486 ταύ-

2203 3557 2274 3615 τῃ
2303 3559 2385 3596 τοι
2412 3541 2506 3595 καὶ
2545 3543 2573 3594 6
2602 3539 2936 3610 πανάριστος
2988 3536 3230 3607 Πέτρος,
3283 3537 3344 3589 οὐ
3393 3533 3603 3605 γυμνὸν,
3641 3525 3742 3580 οὐδὲ

2205 3633 2446 3703 ἄσαρκον
2475 3628 2894 3699 καταθεώμενον
2917 3628 3007 3681 τὸν
3029 3628 3222 3696 Λόγον,
3260 3627 3376 3680 ἀλλ’
3404 3627 3462 3679 ἐν
3491 3623 3632 3694 σαρκὶ
3664 3615 3744 3671 καὶ

2205 3724 2398 3793 αἵματι
2455 3721 2754 3792 πεφηνότα,
2795 3719 2983 3789 σαφῶς
3020 3736 3081 3772 τε
3122 3719 3217 3772 καὶ
3268 3716 3517 3779 ἀπλανῶς
3555 3713 3640 3782 τῆς
3680 3709 3746 3770 εἰς

2206 3810 2369 3864 αὐτὸν
2412 3809 2650 3872 πίστεως
2694 3808 2796 3880 τὴν
2840 3808 3099 3862 ἀπόδοσιν
3147 3808 3408 3869 ἐποιεῖτο,
3440 3804 3618 3874 λέγων.
3650 3796 3747 3850 (Σῦ

2207 3898 2258 3955 εἳ
2282 3904 2310 3956 6
2333 3901 2588 3973 Χριστὸς,
2624 3903 2652 3955 6
2679 3901 2810 3964 Υἱὸς
2837 3899 2930 3954 τοῦ
2955 3898 3089 3953 Θεοῦ
3123 3898 3219 3952 τοῦ
3247 3899 3464 3964 ζῶντος.
3489 3916 3506 3948 ι
3550 3891 3744 3958 Ἀκήκοι

2205 3995 2262 4048 δὲ
2293 3994 2430 4065 πρὸς
2456 3992 2632 4046 τοῦτο·
2673 3992 2990 4063 «Μακάριος
3021 3985 3092 4056 εἴ,
3126 3991 3333 4060 Σίμων,
3363 3989 3474 4058 Βὰρ
3507 3984 3662 4046 Ἰωνᾶ,
3682 3980 3748 4032 ὅτι

2209 4084 2347 4157 σὰρξ
2377 4083 2472 4138 καὶ
2517 4077 2656 4153 αἷμα
2698 4084 2798 4136 οὐκ
2841 4081 3158 4152 ἀπεκάλυψέ
3204 4098 3311 4144 σοι,
3359 4079 3470 4134 ἀλλ’
3515 4080 3542 4131 6
3589 4070 3747 4140 Πατήρ

2211 4195 2336 4248 μου,
2395 4179 2424 4231 6
2469 4180 2527 4231 ἐν
2578 4179 2692 4240 τοῖς
2751 4177 3022 4246 οὐρανοῖς.
3050 4195 3069 4227 ι
3145 4174 3287 4228 Ἀλλ’
3326 4176 3375 4227 et
3436 4171 3509 4242 μὴ
3552 4165 3669 4240 βαθὺ
3699 4159 3746 4213 τὸ

2211 4271 2534 4343 μυστήριον,
2562 4270 2657 4322 καὶ
2689 4268 2820 4332 Θεὸς
2849 4265 2918 4339 ἦν
2958 4269 3015 4320 ὲν
3046 4266 3234 4338 σαρκὶ,
3275 4265 3552 4335 ἅνθρωπος
3573 4258 3622 4312 δὲ
3651 4250 3747 4343 κατ’

529 4355 656 4426 pulo
680 4353 950 4414 revelarit,
985 4353 1076 4407 sed
1109 4369 1138 4406 a
1167 4352 1326 4406 Patre
1357 4352 1472 4420 ipso
1494 4352 1545 4406 id
1569 4353 1795 4407 edoctus
1825 4353 1935 4407 sit?
1963 4354 2100 4422 Quin

2209 4342 2426 4429 αὐτοὺς,
2472 4361 2654 4435 χάριτι
2686 4362 2786 4432 τὴν
2823 4359 3096 4414 υἱοθεσίαν
3139 4359 3301 4429 ἔχων,
3345 4357 3458 4418 πῶς
3488 4354 3550 4408 ἂν
3587 4342 3748 4417 ἐδεήθη

530 4455 586 4503 et
615 4443 862 4513 discipuli
894 4458 1016 4497 cum
1056 4443 1204 4496 illum
1241 4441 1534 4511 aliquando
1563 4443 1616 4496 in
1660 4443 1795 4497 mari
1841 4446 2100 4499 obambu-

2207 4455 2463 4510 τοσούτου
2495 4451 2878 4525 μυσταγωγοῦ,
2923 4452 3000 4515 ὡς
3036 4451 3240 4522 μηδένα
3275 4450 3374 4521 μὲν
3411 4446 3516 4499 τῶν
3555 4441 3638 4496 ἐπὶ
3669 4436 3750 4504 τῆς

529 4537 733 4593 iantem
770 4533 1066 4603 conspicati
1103 4543 1309 4598 essent,
1342 4533 1558 4588 attoniti
1603 4535 1866 4589 miraculo
1891 4535 2100 4606 profes-

2207 4549 2313 4619 γῆς
2371 4544 2720 4616 ἀποκαλύψαι
2776 4545 2856 4614 τῷ
2913 4543 3154 4614 μαθητῇ,
3205 4540 3496 4611 παιδευτὴν
3538 4535 3591 4588 δὲ
3638 4527 3749 4600 πρὸς

531 4628 737 4684 sionem
773 4625 894 4681 ﬁdei
931 4641 1043 4680 sua:
1067 4626 1376 4689 ediderunt,
1401 4624 1643 4680 dicentes
1674 4643 1687 4680 :
1723 4643 1742 4677 ι
1770 4625 1910 4682 Vere
1934 4625 2100 4683 Filius

2207 4640 2366 4694 τοῦτο
2413 4639 2598 4709 λαχεῖν
2653 4637 2814 4692 αὑτὸν
2867 4636 2956 4691 τὸν
3001 4637 3252 4708 Πατέρα;
3292 4634 3402 4688 Kal"
3445 4630 3545 4702 μὴν
3591 4625 3675 4678 καὶ
3712 4621 3750 4673 oi

529 4720 623 4776 Dei
653 4735 710 4775 es
731 4720 797 4773 “.
835 4737 853 4772 ι
896 4719 965 4774 At
998 4720 1043 4775 si
1070 4720 1268 4774 nothus
1296 4727 1350 4774 et
1379 4718 1498 4774 falsi
1535 4719 1890 4785 nominisest,
1915 4731 1971 4776 et
1993 4721 2104 4776 ad-

529 4809 816 4865 ventitium
865 4808 917 4865 ei
967 4818 1050 4864 est
1099 4807 1243 4878 quod
1297 4808 1371 4864 sit
1423 4806 1615 4876 Filius,
1672 4811 1936 4865 mendacii
1986 4811 2106 4868 illos

531 4912 783 4971 arguant,
820 4900 960 4970 quod
985 4910 1039 4955 et
1058 4899 1416 4970 jurejurando
1441 4900 1851 4957 conﬁrmarunt.
1879 4904 2106 4972 Adjece-

531 5000 657 5044 runt
684 4992 850 5057 enim,
889 5010 908 5042 ‹
940 5005 1086 5056 vere,
1116 5008 1135 5041 ι
1159 4999 1534 5047 asseverantes
1568 4990 1743 5061 ipsum
1766 5006 1888 5048 esse
1911 4994 2107 5048 Filium

533 5079 629 5136 Dei
655 5097 718 5136 ac
751 5081 948 5138 Patris.

2210 4729 2488 4786 θεσπέσιοι
2518 4728 2784 4800 μαθηταὶ,
2819 4727 3104 4782 διαθέοντα
3136 4726 3264 4779 ποτὲ
3290 4725 3387 4795 τῆς
3422 4719 3671 4784 θαλάττης
3695 4710 3752 4763 τὰ

2205 4823 2352 4877 νῶτα
2380 4821 2687 4893 βλέποντες,
2717 4821 3168 4892 κατατεθῆπεσαν
3205 4817 3304 4890 μὲν
3338 4815 3434 4886 τὴν
3467 4806 3750 4902 θεοσημςανρ

2205 4913 2517 4986 ὡμολόγουν
2551 4913 2607 4967 δὲ
2634 4915 2736 4984 τὴν
2778 4912 2986 4975 πίστιν,
3018 4911 3287 4981 λέγοντες*
3331 4926 3352 4960 ι
3387 4902 3612 4974 ’Δληθῶς
3637 4897 3750 4986 Θεοῦ

2209 4984 2336 5070 Tib;
2380 5001 2449 5058 εἴ.
2477 5025 2496 5057 ι
2558 5004 2699 5058 Ἀλλ’
2743 5005 2791 5057 εί
2833 5003 2989 5067 νόθος
3023 5002 3140 5055 ἐστὶ
3171 5001 3262 5055 καὶ
3289 4994 3640 5068 ψευδώνυμος,
3674 4984 3751 5038 καὶ

2210 5096 2520 5167 εἰσποιητὸν
2567 5095 2680 5167 ἔχει
2721 5096 2782 5150 τὸ
2813 5091 2951 5149 εἶναι
2983 5093 3132 5160 Υίδς,
3169 5091 3564 5162 ἐγκαλείτωσαν
3597 5079 3752 5136 αὑτοίῖ⁹

531 5173 629 5246 τὴν
654 5173 1036 5245 ψευδηγορίαν,
1073 5175 1169 5228 καὶ
1198 5173 1358 5228 τοῦτο
1398 5173 1743 5247 ὀμωμοκόσι.
1790 5179 2222 5251 Προστεθείκασι
2289 5188 2398 5258 γὰρ
2441 5188 2522 5255 τὸ,
2555 5189 2792 5260 ἀληθῶς,
2857 5189 2986 5243 Υίὸν
3059 5187 3223 5242 αὐτὸν
3266 5179 3407 5240 εἶναι
3452 5169 3750 5236 διαϐεϐαιού·

533 5289 686 5345 μενοι
711 5272 805 5327 τοῦ
836 5271 973 5326 Θεοῦ
1004 5273 1098 5325 καὶ
1125 5272 1361 5345 Πατρός.

604 5366 663 5420 Β.
707 5363 922 5435 Optime
957 5366 1162 5421 dixisti.

608 5459 674 5513 Α.
709 5459 827 5526 Quo
854 5469 1013 5530 pacto
1053 5470 1233 5515 autem
1271 5461 1436 5516 etiam
1469 5463 1719 5533 preprios
1747 5465 1912 5521 habet
1948 5482 2113 5538 ange-

537 5549 620 5607 los
651 5551 822 5607 Filius
855 5552 1111 5617 hominis,
1159 5561 1214 5607 et
1259 5552 1504 5622 splendet
1537 5553 1589 5609 in
1625 5554 1794 5626 gloria
1823 5555 2000 5613 Patris
2025 5545 2112 5614 sui

2289 5375 2350 5428 B.
2390 5375 2625 5445 Ἀριστα
2660 5374 2817 5446 ἔφης.

2291 5467 2355 5520 Α.
2385 5464 2510 5530 Πῶς
2538 5467 2596 5520 δὲ
2640 5468 2732 5520 καὶ
2775 5466 2937 5530 ίδίους
2970 5464 3082 5537 ἔχει
3125 5463 3256 5526 τοὺς
3300 5458 3550 5550 ἀγγέλους
3650 5447 3752 5550 Tibi

2220 5556 2313 5611 τοῦ
2361 5557 2679 5629 ἀνθρώπου,
2735 5553 3027 5631 διαπρέπει
3071 5555 3126 5610 δὲ
3179 5553 3280 5611 καὶ
3325 5552 3384 5606 ἐν
3421 5552 3483 5621 τῇ
3531 5545 3640 5619 δόξῃ
3678 5545 3753 5594 τοῦ

615 5728 660 5760 ⁵⁸
700 5726 853 5781 Joan.
882 5741 899 5781 t
925 5767 941 5795 ,
974 5728 1166 5783 29-51.
1245 5729 1284 5762 “
1315 5729 1499 5788 Matth.
1543 5749 1655 5801 xw,
1692 5735 1776 5802 16,
1812 5736 1895 5793 17.
1978 5737 2021 5770 υ
2050 5736 2097 5792 Μ

2204 5754 2239 5792 t.
2273 5751 2382 5804 xiv,
2426 5737 2515 5793 '55.
