4078 6264
420 278 558 335 1515

1548 277 1736 371 013ῼο
1776 279 1965 337 υΝΗδ
2000 280 2105 336 SIT
2145 281 2510 340 CHRISTUS.

3547 285 3681 342 εδει

419 392 635 464 Πατρδς
658 393 825 448 αὐτοῦ
848 394 987 465 μετὰ
1017 395 1126 449 τῶν
1152 396 1403 466 ἀγγέλων
1432 396 1598 451 αὑτοῦ
1616 416 1636 463 Δ;
1678 399 1784 452 Καὶ
1808 398 1974 452 πάλιν

2079 450 2083 458 .
2115 414 2238 454 eum
2291 402 2500 471 angelis
2540 402 2653 457 suis
2680 400 2763 453 "2
2807 399 2872 454 Et
2922 414 3109 453 rursus
3145 416 3156 451 :
3210 416 3228 448 ι
3266 396 3332 452 Et
3382 401 3561 456 mittet
3590 400 3677 455 Fi-

424 503 444 535 l
464 485 575 538 Καὶ
607 485 895 538 ἀποστελεί
930 488 959 539 6
988 487 1115 550 Υἰδς
1143 487 1237 541 τοῦ
1269 488 1557 560 ἀνθρώπου
1589 492 1714 553 τοὺς
1737 490 2006 559 ἀγγέλους

418 576 603 629 αὐτοῦ.
632 595 650 626 ι
704 576 766 629 Εἰ
794 576 852 629 δὲ
879 579 972 631 καὶ
1000 579 1321 633 ἀπιστοῦσιν
1344 581 1447 647 ἔτι,
1487 582 1582 635 καὶ
1626 583 1753 656 δόξῃ
1780 582 2007 655 θεοπρε-

419 668 514 718 πεῐ
552 665 647 718 καὶ
691 668 803 731 τοῖς
842 665 987 720 οὕτω
1026 668 1300 741 λαμπροῖς
1341 671 1436 724 καὶ
1484 671 1811 743 ὑπερτάτοις
1844 673 2006 740 ἀξιώ-

421 771 585 827 μασιν
611 756 848 827 δρῶντες
878 760 1342 831 κατεστεμμένον,
1392 763 1719 818 ἀκούσονται
1756 764 2004 833 λέγοντος

419 848 603 901 αὑτοῦ·
670 850 780 904 «Εἰ
829 850 955 920 ἐμοὶ
1008 850 1070 903 οὐ
1128 852 1431 917 πιστεύετε,
1490 857 1603 919 τοῖς
1658 856 1838 929 ἔργοις
1897 874 2000 927 μου

419 939 723 995 πιστεύετε.
751 960 770 993 ι
815 941 923 995 Kal
972 942 1135 995 πάλιν
1160 959 1174 974 ο
1210 964 1228 996 ¢
1256 946 1317 998 Εἰ
1357 946 1420 999 οὐ
1464 946 1603 999 ποιῶ
1646 947 1714 1001 τὰ
1744 948 1883 1019 ἔργα
1904 946 1999 1001 τοῦ

418 1028 631 1099 Πατρός
684 1046 807 1100 μου,
862 1029 936 1100 μὴ
983 1033 1268 1086 πιστεύετέ
1324 1052 1432 1105 μοι.
1476 1036 1540 1088 Εἰ
1585 1035 1642 1087 δὲ
1693 1036 1850 1101 ποιῶ,
1900 1036 2002 1090 κᾶν

419 1120 543 1190 ιμοὶ
582 1121 656 1192 μὴ
693 1122 1009 1193 πιστεύητε,
1036 1126 1150 1187 τοῖς
1180 1124 1362 1196 ἔργοις
1391 1145 1491 1199 μου
1532 1128 1832 1182 πιστεύετε.
1864 1147 1883 1181 ι
1928 1128 2001 1181 Τὸ

418 1211 526 1283 γὰρ
559 1214 616 1264 ὲν
656 1212 929 1286 ἀνθρώπῳ
974 1214 1194 1285 βλέπειν
1241 1218 1341 1289 τῆς
1375 1219 1655 1291 ἀφράστου
1698 1220 1857 1292 δόξης
1900 1221 1999 1293 τὴν

419 1303 714 1375 ὑπεροχὴν,
757 1306 856 1376 οὐχ
885 1307 961 1371 ὡς
989 1308 1277 1380 ἀλλοτρίαν
1319 1311 1518 1382 μᾶλλον
1547 1314 1715 1385 ἤγουν
1748 1316 1806 1369 ὲν
1834 1315 1995 1387 χάρις

418 1411 511 1457 τος
540 1394 696 1465 μέρει
737 1402 1315 1473 προσπεπορισμένην,
1355 1403 1470 1457 ἀλλ’
1499 1406 1635 1460 ἰδίαν
1662 1408 1844 1475 αὐτοῦ,
1880 1409 1999 1475 πῶς

420 1483 520 1537 οὐκ
547 1486 851 1550 ἀναπείσει,
886 1488 968 1542 ὃτι
1004 1489 1137 1554 Θεὸς
1166 1487 1236 1560 ἦν
1271 1496 1331 1547 ὲν
1366 1495 1496 1549 εἴδει
1540 1497 1618 1569 τῷ
1655 1499 1778 1553 καθ’
1824 1502 1993 1573 ἡμᾶς,

421 1576 517 1628 καὶ
541 1577 666 1641 Υιδς
703 1578 918 1648 ἀληθῶς
949 1580 1044 1633 τοῦ
1079 1583 1171 1636 ἐπὶ
1200 1585 1409 1650 πάντας
1431 1587 1567 1641 Θεοῦ
1592 1607 1606 1656 ;

493 1665 554 1719 Β.
606 1666 832 1721 Ἑαυτοῦ
852 1707 867 1734 ,
895 1670 1023 1740 φησί
1043 1711 1059 1737 ,
1101 1674 1227 1737 τοὺς
1264 1675 1531 1744 ἀγγέλους
1560 1678 1700 1733 εἶναι
1730 1680 1993 1753 διῖσχυρί-

2108 490 2212 547 lins
2238 493 2473 549 hominis
2500 493 2719 564 angelos
2752 507 2879 549 suos
2898 492 2965 545 “.
2999 511 3017 544 ›
3056 490 3111 544 Si
3142 505 3271 545 vero
3301 492 3478 547 adhuc
3520 491 3679 548 (idem

2113 586 2373 657 derogant
2422 596 2475 640 et
2507 587 2767 641 increduli
2802 596 2949 651 sunt,
2981 601 3104 641 cum
3135 598 3257 640 eum
3293 587 3471 640 divina
3507 586 3678 656 gloria

2105 679 2346 747 adeoque
2377 678 2656 747 Splendida
2705 688 2868 750 atque
2899 678 3095 733 eximia
3137 676 3401 748 dignitate
3429 687 3679 732 ornatum

2102 769 2338 831 videant,
2406 770 2626 825 audient
2672 770 2965 841 ipsummet
3026 769 3340 825 dicentem:
3376 786 3395 819 ι
3436 767 3492 822 Si
3549 769 3679 824 mihi

2103 858 2269 931 7‘9
2292 875 2396 914 non
2442 862 2682 928 creditis,
2737 863 2994 932 operibus
3041 862 3177 917 meis
3229 861 3435 915 credite
3456 861 3523 918 ".
3561 879 3579 911 ι
3616 860 3678 914 Et

2101 961 2291 1003 rursus
2319 964 2333 1002 :
2370 965 2389 999 ‹
2424 948 2481 1003 Si
2520 964 2626 1005 non
2655 949 2799 1007 facio
2834 964 2998 1021 opera
3026 950 3206 1005 Patris
3231 949 3356 1010 mei,
3388 964 3454 1003 ne
3484 951 3676 1004 creda-

2103 1037 2172 1092 tis
2204 1039 2359 1092 mihi.
2396 1039 2503 1095 Sed
2538 1042 2583 1095 si
2621 1039 2784 1109 facio,
2816 1052 2868 1097 et
2894 1043 2939 1098 si
2976 1043 3106 1098 mihi
3136 1058 3243 1099 non
3270 1043 3517 1106 creditis,
3547 1055 3677 1110 ope-

2098 1127 2249 1183 ribus
2279 1130 2412 1183 meis
2446 1130 2651 1185 credite
2674 1131 2740 1185 “.
2771 1149 2790 1182 ι
2822 1130 2955 1185 Cum
2978 1133 3140 1187 enim
3169 1131 3457 1187 inell‘abilis
3488 1132 3675 1201 gloria

2096 1221 2414 1278 excellentia
2449 1223 2502 1277 in
2550 1224 2773 1278 homine
2818 1233 3097 1290 cernatur,
3141 1240 3245 1279 non
3292 1234 3350 1277 ut
3393 1224 3563 1279 aliena
3609 1224 3676 1276 ab

2099 1311 2218 1382 ipso
2265 1321 2359 1366 aut
2393 1328 2492 1381 per
2526 1313 2759 1383 gratiam
2804 1313 3022 1378 collata,
3078 1315 3171 1369 sed
3209 1315 3428 1384 propria
3477 1314 3674 1384 ipsius.

2095 1402 2367 1471 quomodo
2405 1418 2512 1458 non
2552 1404 2878 1472 persuadeat
2927 1403 3083 1458 nobis
3110 1404 3255 1474 quod
3298 1403 3438 1457 Deus
3472 1413 3592 1458 erat
3618 1403 3673 1457 ia

2095 1494 2270 1551 forma
2306 1504 2510 1552 nostrae
2542 1496 2705 1553 simili
2738 1504 2792 1551 et
2818 1494 2991 1551 Filius
3020 1510 3146 1553 vere
3173 1498 3409 1567 supremi
3441 1495 3572 1551 Dei?

2166 1673 2227 1729 Β.
2262 1673 2423 1741 Suos,
2450 1676 2717 1746 inquiunt,
2752 1676 2970 1746 angelos
2997 1689 3121 1732 esse
3150 1674 3306 1742 dixit,
3336 1682 3391 1730 et
3414 1673 3672 1730 miracula

426 1774 576 1824 σατο,
602 1759 696 1812 καὶ
719 1759 893 1815 τῶνδε.
924 1760 1034 1815 τῶν
1064 1764 1306 1834 σημείων
1350 1768 1572 1836 γέγονεν
1600 1771 1980 1845 ἀποτελεστὴς,

2090 1764 2284 1832 edidit,
2318 1767 2389 1821 ob
2434 1768 2745 1824 inhabitans
2780 1769 2833 1823 in
2867 1783 2927 1824 se
2959 1764 3191 1822 Ve'rbum
3212 1806 3228 1832 ,
3259 1767 3481 1837 gloriam
3516 1781 3669 1820 suam

421 1848 754 1914 ἐνοικοῦντος
800 1852 949 1923 αὐτῷ
991 1853 1086 1907 τοῦ
1132 1855 1338 1925 Λόγου,
1383 1859 1541 1926 δόξαν
1589 1864 1647 1917 δὲ
1694 1863 1794 1935 τὴν
1853 1866 1990 1920 ἰδίαν

417 1938 566 2010 αὐτῷ
598 1941 691 1993 καὶ
718 1941 777 2031 to
800 1943 1023 2014 ὲνεργὲς
1045 1946 1490 2019 ὲκνενεμηκότος.
1512 1953 1826 2025 Γέγραπται
1857 1958 1986 2031 γὰρ,

419 2031 500 2083 ὅτι
533 2049 551 2081 ι
599 2030 806 2101 Ἰησοῦν
842 2034 933 2087 τὸν
965 2036 1075 2090 ἀπὸ
1103 2038 1356 2111 Ναζαρὲτ
1403 2041 1479 2106 ὡς
1518 2042 1733 2116 ἔχρισεν
1762 2030 1987 2102 αὐτὸνό

412 2121 543 2213 Θεὸς
574 2124 853 2197 Πνεύματι
878 2129 1018 2199 ἁγίῳ
1046 2130 1139 2185 καὶ
1166 2131 1412 2204 δυνάμει,
1443 2136 1499 2198 ὃς
1530 2137 1741 2209 διῆλθεν
1766 2143 1986 2213 εὐεργε-

411 2211 542 2275 τῶν,
569 2216 665 2267 καὶ
694 2215 922 2288 ἰώμενος
949 2220 1160 2284 πάντας
1197 2225 1322 2287 τοὺς
1350 2226 1985 2303 καταδυναστευομένους

414 2302 520 2356 ὑπὸ
564 2304 658 2358 τοῦ
710 2307 977 2362 διαϐόλου.
1013 2328 1030 2361 ι
1085 2313 1463 2386 Κεχρισμένος
1500 2314 1592 2372 οὖν
1632 2322 1728 2374 καὶ
1754 2302 1983 2394 δυνάμει

416 2394 511 2445 καὶ
540 2394 840 2464 Πνεύματι,
871 2403 1232 2473 τερατουργὸς
1260 2400 1347 2476 ἦν.

483 2485 548 2538 Α.
592 2485 818 2553 Οὐκοῦν,
852 2490 1148 2563 ἐπειδήπερ
1174 2493 1304 2558 Θεὸς
1332 2494 1407 2549 ὢν
1440 2498 1468 2549 6
1497 2498 1669 2567 Λόγος
1690 2541 1705 2565 ,
1734 2500 1888 2571 ἅγιός
1922 2519 1982 2556 τε

413 2576 508 2628 καὶ
553 2578 690 2631 κατὰ
737 2579 914 2648 φύσιν,
969 2584 1061 2635 καὶ
1094 2584 1348 2650 οὐσιῶδες
1395 2588 1534 2659 ἔχων
1569 2589 1631 2642 τὸ
1678 2592 1980 2657 παναλκὲς,

411 2667 569 2722 δέοιτ’
609 2669 674 2723 ἂν
716 2672 964 2742 οὐδαμῶς
991 2714 1005 2736 ,
1051 2676 1083 2746 ἢ
1134 2678 1230 2747 τῆς
1270 2683 1400 2749 παρ’
1439 2682 1626 2752 ἑτέρου
1669 2684 1979 2755 δυνάμεως,

406 2758 579 2827 ἤγουν
605 2758 680 2823 ὡς
710 2761 1122 2833 εἰσκεκριμένου
1164 2766 1256 2821 τοῦ
1305 2770 1602 2841 ἁγίασμοῦ,
1636 2773 1720 2837 τίς
1760 2774 1825 2848 δὴ
1872 2776 1980 2847 ἄρα

407 2850 554 2903 ἐστὶν
579 2853 606 2904 6
640 2853 997 2922 κεχρισμένος
1022 2855 1249 2928 δυνάμει
1277 2862 1369 2914 καί
1403 2863 1543 2935 ἁγίῳ
1581 2865 1892 2938 Πνεύματι;

477 3046 538 3101 Β.
576 3047 736 3101 Φαῖεν
768 3047 834 3100 ἂν
877 3050 1008 3114 ἴσως
1052 3054 1142 3108 τὸν

407 3130 709 3205 ἄνθρωπον.

473 3228 539 3314 _A.
577 3228 749 3293 Αὐτὸς
772 3226 865 3286 οὖν
892 3233 999 3304 ἄρα
1025 3235 1171 3287 ἐστὶν
1210 3237 1415 3307 Ἰησοῦς
1440 3243 1675 3314 Χριστὸς
1708 3247 1891 3313 ἰδικῶς
1914 3269 1973 3305 τε

402 3310 493 3365 καὶ
555 3318 909 3387 καταμόνας,
959 3323 1053 3375 καὶ
1107 3325 1235 3395 περὶ
1286 3319 1346 3379 οὗ
1392 3347 1557 3400 φησιν
1616 3334 1645 3385 ὁ
1701 3337 1975 3409 πάνσοφος

402 3402 646 3498 Παῦλος*
687 3429 705 3462 ι
749 3412 888 3465 Ἀλλ’
919 3416 1050 3484 ἡμῖν
1087 3412 1168 3479 εἷς
1197 3418 1329 3483 Θεὸς
1371 3422 1399 3473 6
1442 3424 1662 3498 Πατὴρ,
1702 3430 1761 3495 ἐξ
1805 3427 1865 3487 οὗ
1888 3402 1974 3490 ’τὰ

400 3495 597 3594 Ξάντα,
624 3501 717 3554 καὶ
749 3504 909 3594 ήμεξς
933 3506 1000 3558 δι’
1029 3507 1216 3573 αὐτοῦ,
1268 3511 1361 3565 καὶ
1403 3509 1483 3577 εἷς
1527 3495 1731 3587 Κύριος
1766 3524 1973 3594 Ἰησοῦς

397 3584 668 3656 Χριστὸς,
715 3590 781 3643 δι’
828 3582 889 3643 οὗ
924 3593 991 3647 τὰ
1020 3594 1218 3661 πάντα,
1254 3599 1345 3651 καὶ
1394 3601 1555 3671 ἡμεῖς
1600 3582 1668 3659 δι’
1710 3582 1902 3669 αὑτοῦ.

399 3675 524 3740 Πῶς
552 3674 665 3745 οὖν,
690 3682 811 3735 εἰπέ
845 3700 956 3753 μοι,
989 3684 1055 3737 δι’
1086 3688 1373 3759 ἀνθρώπου
1402 3694 1471 3746 τὰ
1502 3696 1712 3767 πάντα;
1744 3703 1967 3760 ἀνθότου

394 3768 581 3866 tie-mi.
606 3773 829 3842 ἀμέσως
862 3775 936 3839 ὡς
966 3778 1093 3843 Υἱὸς
1130 3782 1307 3852 Πατρὶ
1336 3789 1708 3858 συντάττεται,
1739 3798 1970 3866 μεσολα-

396 3860 620 3925 ϐοῢντος
648 3864 888 3961 οὐδενός
918 3866 1050 3924 Εἶτα
1081 3872 1202 3926 ὅποι
1254 3877 1385 3929 ποτὲ
1417 3879 1507 3934 τὸν
1553 3860 1829 3958 Μονογενῆ
1870 3891 1969 3961 θή-

395 3965 562 4018 σομεν
615 3953 695 4015 εἰς
729 3953 818 4007 τὸν
864 3957 1027 4011 αὐτοῦ
1062 3961 1225 4016 τόπον
1264 3965 1686 4035 ἀναϐιϐάζοντες
1736 3953 1829 4029 τὸν
1870 3953 1967 4033 ἄν·

394 4038 613 4142 θρωπον
632 4082 646 4108 ,
682 4046 775 4098 καὶ
800 4049 975 4111 τοῦτο,
1010 4052 1156 4105 καθά
1197 4070 1381 4124 φησιν,
1412 4059 1804 4133 ὲνεργούμενον
1833 4074 1968 4142 παρ’

394 4132 602 4230 αύτοῦκ
630 4137 725 4188 καὶ
749 4138 815 4189 δι’
844 4141 1004 4195 αὐτὸν
1033 4142 1369 4214 τιμώμενον;
1402 4143 1529 4220 Ἆρ’
1556 4132 1657 4208 οὐκ
1696 4132 1964 4230 ἐκϐέϐηκε

392 4220 453 4271 τὸ
501 4221 647 4285 εἰκὸς
680 4227 707 4277 6
744 4225 899 4295 λόγος
948 4231 1161 4298 αὐτοῑς;
1193 4234 1291 4287 οὐκ
1340 4235 1445 4300 ἔξω
1480 4239 1704 4310 φέρεται
1735 4220 1960 4319 σκοποῦ,

394 4313 487 4411 καὶ
519 4313 593 4376 ὼς
622 4316 718 4387 τῆς
751 4318 1009 4390 ἀληθείας
1038 4324 1345 4395 ὁλοτρόπως
1373 4330 1731 4403 ἡμαρτηκὼς,
1757 4313 1962 4411 γελῷτο

391 4404 456 4458 ἂν
488 4407 709 4473 ἐνδίκως
730 4428 743 4478 ;

388 4588 527 4685 κατὰ
567 4591 765 4644 τοιόνδε
796 4595 919 4649 τινὰ
950 4598 1170 4668 τρόπον.
1201 4603 1411 4676 Ὥσπερ
1438 4608 1546 4680 γὰρ
1576 4613 1604 4664 ὀ
1636 4588 1771 4685 amp“
1795 4617 1957 4671 αὐτοῦ

641 4684 964 4779 ἄνθρωπος,
1013 4691 1269 4765 ἐγεννήθη
1323 4698 1420 4766 μὲν
1468 4677 1529 4752 ὲν
1576 4677 1825 4776 Βηθλεὲμ
1860 4708 1959 4779 τῆς

394 4772 673 4840 Ἰουδαίας,
722 4777 936 4848 εἴρηται
967 4779 1022 4832 δὲ
1051 4781 1388 4856 Ναζωραῖος,
1410 4790 1498 4844 διὰ
1521 4792 1581 4845 τὸ
1606 4772 1827 4866 οἰκῆσαι
1859 4772 1957 4871 την

380 4864 659 4961 Ιῖἰαζαρὲτ,
692 4870 835 4925 οὕτω
863 4871 958 4925 καὶ
986 4874 1014 4926 6
1037 4873 1168 4938 Θεὸς
1207 4879 1397 4947 Λόγος,
1442 4864 1729 4955 ἄνθρωπος
1753 4864 1953 4961 ὀνομά-

380 4951 554 5019 ζεται,
584 4956 673 5010 διὰ
708 4960 768 5013 τὸ
790 4962 1113 5032 κατοικῆσαι
1145 4966 1203 5018 ὲν
1231 4967 1522 5041 ἀνθρώπῳ.

448 5048 513 5141 Δ.
552 5048 615 5100 Ὢ
663 5052 861 5121 φρενὸς
888 5057 1307 5123 γραοπρεποῦς,
1344 5061 1437 5113 καὶ
1462 5063 1554 5118 νοῦ
1592 5071 1950 5141 παρειμένον,

379 5140 474 5192 καὶ
488 5139 833 5213 βατταρίζειν
855 5146 1076 5210 εἰδότος,
1095 5150 1187 5201 καὶ
1203 5149 1388 5221 ἕτερον
1414 5153 1589 5209 οὐδέν.
1614 5139 1944 5233 Ἐκνηψατε,

376 5231 426 5284 οἰ
478 5232 788 5302 μεθύοντες,
826 5234 887 5301 ἐξ
912 5235 1056 5290 οἴνου
1089 5240 1265 5293 αὐτῶν
1286 5284 1301 5308 ,
1335 5243 1675 5313 ἐπιφωνείτω
1717 5231 1802 5317 τις
1835 5260 1951 5322 τοῖς

374 5322 696 5392 διεναντίας,
730 5326 781 5379 τί
816 5328 1224 5398 παραϐιάζεσθε
1252 5334 1503 5404 τάληθὲς,
1529 5341 1625 5393 καὶ
1654 5345 1763 5398 τῶν
1788 5346 1947 5404 θείων

375 5414 658 5485 δογμάτων
693 5418 789 5489 τὴν
820 5420 1049 5490 δύναμιν
1091 5425 1538 5500 παρευθύνοντες,
1572 5432 1676 5499 ἔξω
1714 5438 1945 5511 φέρεσθε

449 5611 848 5707 δὲξςξιξιίι-..κχῃ
1119 5621 1307 5707 Matth.
1344 5641 1458 5689 xm,
1493 5632 1576 5685 Η,
1652 5638 1696 5667 ⁵³
1721 5637 1873 5694 ιοοη,
1903 5657 1955 5707 κ,
1994 5645 2082 5699 δε,

378 5682 424 5713 δ’
465 5681 651 5737 Matth.
683 5699 739 5748 ll,
770 5685 824 5738 ὕ.
878 5687 922 5717 ⁵ο
955 5686 1084 5742 Luc.
1122 5707 1179 5756 ll,
1216 5692 1302 5745 5|.

2089 1863 2145 1911 et
2180 1857 2287 1912 vim
2318 1868 2480 1927 atque
2506 1858 2799 1914 emcaciam
2832 1860 2937 1929 ipsi
2969 1862 3235 1915 tribuens.
3288 1860 3561 1929 Scriptum
3590 1869 3671 1913 est

2088 1949 2278 2003 enim:
2336 1968 2355 2002 ι
2416 1949 2601 2006 Jesum
2658 1950 3029 2017 Nazarenam,
3089 1953 3243 2007 unxit
3307 1953 3480 2020 ipsum
3532 1950 3670 2006 Deus

2089 2038 2294 2110 Spiritu
2314 2052 2500 2097 sancto
2516 2052 2570 2097 et
2590 2043 2809 2107 virtute,
2834 2053 2888 2098 et
2911 2044 3370 2112 transivitjuvans
3391 2053 3446 2099 et
3471 2059 3670 2099 sanans

2086 2146 2276 2188 omnes
2328 2136 2579 2190 obsessos
2611 2151 2640 2189 a
2676 2134 2889 2190 diabolo
2916 2135 2982 2191 ".
3019 2154 3038 2187 ι
3077 2136 3281 2193 Unctus
3339 2137 3518 2205 itaque
3561 2136 3670 2189 vir-

2089 2232 2203 2279 tute
2232 2233 2287 2279 et
2315 2224 2541 2295 Spiritu,
2574 2226 2831 2281 miracula
2869 2225 3078 2281 edebat.

2153 2534 2220 2587 A.
2253 2530 2427 2601 Ergo,
2462 2547 2582 2588 cum
2633 2534 2774 2589 Deus
2827 2534 3097 2590 exsistens
3145 2532 3378 2589 Verbum
3419 2543 3661 2588 sanctum

2082 2624 2154 2680 sit
2177 2640 2240 2679 ex
2272 2640 2365 2679 sua
2389 2635 2601 2691 natura,
2636 2634 2796 2695 atque
2826 2626 3184 2681 essentialiter
3206 2626 3652 2694 omnipotentiam

2084 2715 2135 2770 in
2190 2729 2251 2769 se
2298 2715 2528 2779 habeat,
2582 2714 2835 2785 nullaque
2882 2716 3091 2770 ratione
3152 2716 3393 2785 indigere
3450 2716 3658 2770 censeri

2080 2807 2273 2863 debeat
2312 2818 2407 2863 aut
2462 2809 2659 2864 virtute
2702 2808 2915 2875 aliena,
2956 2817 3048 2863 aut
3084 2810 3316 2865 ascititia
3359 2807 3664 2864 sanctifica-

2082 2900 2229 2955 tione
2278 2917 2292 2965 ;
2336 2900 2583 2969 quisnam
2638 2908 2720 2956 est
2781 2900 2825 2956 is
2868 2902 2958 2970 qui
2992 2909 3184 2957 unctus
3226 2910 3308 2956 est
3354 2900 3552 2955 virtute
3609 2906 3664 2953 et

2082 2988 2287 3059 Spiritu
2319 3001 2508 3046 sancto
2534 2992 2558 3045 τ

1188 3056 1460 3128 ληφθέντα
1497 3064 1640 3120 κατὰ
1682 3069 1979 3140 συνάφειαν

2154 3081 2214 3135 Β.
2254 3082 2492 3137 Dixerint
2522 3083 2788 3151 fortasse,
2820 3099 2943 3139 eum
2986 3085 3258 3140 hominem
3292 3083 3381 3153 qui
3415 3096 3509 3151 per
3539 3096 3663 3137 con-

2071 3173 2404 3243 junctionem
2445 3184 2754 3244 assumptus
2782 3185 2879 3230 est.

2145 3266 2210 3317 Α.
2265 3265 2382 3331 Ipse
2418 3265 2579 3335 igitur
2610 3277 2690 3320 est
2738 3266 2894 3320 Jesus
2919 3265 3166 3321 Christus
3208 3267 3552 3337 singulariter
3594 3286 3658 3326 ac

2074 3355 2239 3420 solus,
2266 3366 2320 3410 et
2341 3356 2406 3409 de
2427 3371 2532 3425 quo
2560 3357 2732 3425 inquit
2761 3357 3188 3428 sapientissimus
3222 3358 3416 3415 Paulus
3448 3380 3460 3417 :
3493 3382 3511 3415 ι
3551 3364 3655 3417 Sed

2076 3450 2228 3504 nobis
2260 3466 2396 3503 llllltS
2441 3450 2581 3505 Deus
2631 3449 2827 3517 Pater,
2858 3466 2923 3506 ex
2966 3468 3072 3522 quo
3123 3454 3302 3507 omnia
3325 3496 3340 3519 ,
3376 3466 3429 3509 et
3458 3463 3557 3511 I105
3587 3470 3652 3510 ex

2074 3540 2192 3609 ipso
2239 3560 2252 3595 :
2295 3550 2347 3595 et
2379 3557 2515 3598 unus
2566 3542 2824 3598 Dominus
2858 3541 3012 3600 Jesus
3046 3544 3314 3615 Christus,
3349 3565 3444 3617 per
3493 3566 3652 3619 quem

2071 3631 2290 3696 omnia,
2331 3640 2384 3684 et
2423 3647 2519 3686 nos
2571 3647 2666 3701 per
2727 3632 2897 3702 ipsum
2941 3633 3007 3688 ⁸⁸.
3059 3653 3077 3688 ι
3133 3636 3411 3703 Quomodo
3467 3640 3649 3715 igitur.

2069 3724 2325 3788 obsecro,
2364 3738 2458 3793 per
2505 3724 2774 3780 hominem
2812 3735 2933 3779 sunt
2968 3728 3145 3781 omnia
3186 3728 3396 3797 ?quam
3432 3747 3555 3786 vero
3583 3733 3651 3787 ob

2069 3829 2290 3870 causam
2338 3816 2647 3871 immediate
2680 3827 2736 3869 ut
2766 3817 2933 3871 Filius
2982 3819 3124 3871 Patri
3188 3822 3527 3889 adjungitur,
3557 3841 3651 3878 ne-

2071 3907 2214 3959 mine
2251 3905 2685 3958 interveniente?
2714 3907 2905 3960 deinde
2935 3909 3149 3961 ubinam
3185 3914 3396 3965 tandem
3446 3913 3647 3982 Unige-

2069 3993 2240 4044 nitum
2291 3991 2707 4059 collocabimus,
2744 3994 2787 4047 si
2839 3996 3111 4050 hominem
3168 3998 3218 4052 in
3256 4000 3424 4069 ipsius
3474 4003 3644 4058 locum

2068 4081 2347 4135 evehimus
2382 4097 2397 4146 ;
2433 4091 2485 4136 et
2513 4083 2765 4152 quidem,
2802 4095 2858 4139 ut
2889 4086 2987 4155 ipsi
3018 4089 3237 4154 volunt,
3271 4092 3320 4145 vi
3361 4108 3423 4146 ac
3448 4095 3645 4151 virtute

2066 4174 2135 4227 ab
2160 4173 2277 4242 ipso
2305 4173 2650 4244 insignitum,
2677 4176 2953 4247 gloriaque
3004 4194 3099 4248 per
3146 4181 3317 4251 ipsum
3347 4184 3595 4241 aﬂectum
3622 4190 3645 4243 3

2067 4263 2222 4318 Anne
2248 4263 2340 4319 tibi
2372 4264 2582 4320 illorum
2611 4269 2846 4323 rationes
2879 4270 3124 4327 absurda:
3151 4283 3203 4328 et
3229 4290 3257 4327 a
3287 4290 3450 4345 scopo
3482 4282 3641 4334 aber-

2066 4362 2276 4418 rantes,
2316 4364 2477 4424 atque
2514 4356 2648 4411 adeo
2686 4374 2713 4411 a
2751 4361 2983 4415 veritate
3024 4378 3248 4432 prorsus
3286 4368 3501 4437 alieme,
3531 4372 3637 4427 risu

1991 4444 2038 4501 D
2068 4447 2261 4502 merito
2298 4448 2630 4518 excipiendae
2666 4450 2951 4506 videntur?

2128 4538 2188 4594 Β.
2223 4538 2455 4593 Verbum
2488 4540 2616 4605 Dei,
2651 4542 2931 4612 inquiunt,
2969 4557 3192 4604 vocatur
3227 4550 3419 4616 homo,
3454 4554 3635 4622 hujus-

2056 4630 2260 4684 cemodi
2284 4631 2517 4699 quadam
2548 4631 2773 4687 ratione.
2804 4632 3266 4699 Quemadmodum
3294 4643 3437 4694 enim
3473 4643 3632 4697 hmno

2054 4720 2142 4788 qni
2204 4720 2272 4775 ab
2335 4722 2450 4790 ipso
2487 4735 2794 4793 assumptus
2834 4735 2919 4781 est
2961 4737 3119 4784 natus
3182 4733 3395 4800 quidem
3440 4744 3521 4787 cst
3580 4736 3632 4789 in

2055 4812 2367 4868 Bethlehem
2396 4813 2593 4871 Judaaae
2633 4816 2679 4849 δ’
2718 4836 2732 4872 :
2780 4818 2956 4876 dictus
2984 4832 3162 4878 autem
3206 4834 3290 4878 est
3322 4823 3628 4892 Nazarazns,

2059 4905 2197 4973 quod
2226 4904 2279 4958 in
2318 4904 2588 4964 Nazareth
2631 4909 2899 4967 habitaret
2924 4914 2971 4946 ³⁸
3002 4930 3017 4981 ;
3055 4915 3127 4969 ita
3154 4927 3208 4969 et
3235 4915 3373 4972 Deus
3396 4916 3631 4975 Verbum

2058 5004 2280 5049 vocatur
2307 4995 2488 5063 homo,
2521 5001 2646 5069 quia
2684 5001 2951 5057 inhabitat
2974 5004 3026 5058 in
3058 5006 3293 5061 homine.

2110 5085 2227 5142 A.0
2241 5090 2400 5144 anilia
2415 5100 2741 5159 commenta,
2760 5109 3044 5164 merasque
3058 5113 3248 5168 nugas,
3266 5101 3453 5167 verba,
3468 5116 3630 5157 voces

2058 5189 2429 5250 praetereaque
2455 5182 2621 5237 nihil!
2652 5183 2933 5257 Evigilate,
2964 5192 3260 5255 temulenti,
3289 5207 3353 5247 ex
3385 5196 3506 5248 vino
3531 5211 3627 5253 ve—

2060 5277 2193 5333 stro,
2216 5272 2543 5342 meritoquis
2565 5273 3123 5336 haereticisocclamet.
3142 5282 3277 5349 Quid
3297 5284 3460 5354 750
3480 5288 3628 5341 veri-

2060 5359 2155 5413 tati
2184 5361 2292 5415 vim
2323 5361 2531 5418 inlertis
2556 5365 2580 5418 ?
2620 5376 2676 5421 et
2705 5367 3008 5424 divinorum
3032 5373 3340 5441 dogmatqu
3374 5377 3625 5431 virtutem

2055 5448 2446 5518 subvertentes,
2476 5467 2509 5507 a
2530 5454 2613 5509 via
2641 5457 2789 5524 regia
2806 5457 3088 5516 deﬂectitis
3113 5462 3135 5514 ?
3156 5461 3338 5532 Neque
3376 5466 3543 5530 enim,
3569 5476 3627 5522 nt

2189 5648 2235 5677 ⁸³
2267 5649 2392 5705 ibid.
2428 5650 2517 5706 57.
2615 5654 2658 5687 ⁸⁷
2683 5656 2804 5713 Act.
2840 5671 2895 5722 Χ,
2929 5657 3017 5713 38.
3127 5658 3171 5692 ⁸⁸
3205 5662 3221 5718 l
3251 5660 3374 5720 Cor.
3403 5681 3520 5730 vnn,
3563 5665 3617 5722 6.
