4078 6264
524 273 665 334 131ξί

1549 273 1607 327 S.
1648 270 1923 324 CYRILLI
1967 269 2434 326 ALEXANDRINI
2475 270 2797 326 ARCHIEP.

3610 283 3716 341 Hi6

520 384 756 449 videtur,
774 379 1009 437 Verbum
1028 381 1372 438 rarefactum
1386 390 1488 444 est,
1506 383 1597 435 sed
1626 380 1803 449 potius
1821 378 2107 450 ἀνθρωπο-

2212 382 2399 449 τρίόου
2437 385 2536 450 τῆς
2577 380 2899 451 βασιλικῆς;
2945 380 3137 448 Γέγονε
3165 382 3270 453 γὰρ
3294 423 3308 447 ,
3342 384 3413 448 ὡς
3436 385 3611 453 ιοιιων,
3638 394 3722 451 οὐκ

520 473 771 545 πολίτης,
790 474 889 527 hoc
916 484 1019 539 est,
1041 473 1277 527 hominis
1301 470 1498 535 incola,
1514 481 1571 525 et
1596 471 1924 526 conveniens
1943 469 2103 525 fuerit

522 565 672 621 illum
696 580 802 620 non
829 565 1102 619 hominem
1123 565 1216 618 sed
1253 564 1548 617 humanum
1573 576 1763 616 vocare
1797 580 1809 614 :
1848 561 2105 629 quemad-

527 655 750 712 modum
764 664 819 710 et
838 656 930 725 qui
946 653 1217 708 Nazaretlt
1237 653 1561 708 iuhabitnvit
1587 651 1901 708 Nazarenus
1929 652 2105 708 dictus

523 757 629 811 est,
666 761 770 800 non
799 744 1090 800 Nazaretlt.
1120 742 1374 811 Quinimo
1392 741 1524 796 nihil
1556 756 1776 811 prorsus
1805 742 2101 805 obstiterit,

525 839 573 894 si
613 847 975 893 commentum
1010 836 1221 889 illorum
1254 850 1439 889 verum
1468 844 1583 898 est,
1622 834 1894 887 hominem
1922 833 2104 888 vocari

526 946 629 983 una
662 945 782 983 cum
802 928 937 982 Filio
952 928 1113 981 etiam
1138 924 1351 980 Patrem
1373 934 1425 978 et
1447 923 1708 994 Spiritum
1726 924 2106 978 sanctumJla-

522 1020 658 1075 bitat
686 1020 828 1075 enim
862 1020 914 1072 in
944 1017 1100 1073 nobis
1130 1032 1226 1087 per
1256 1015 1540 1085 Spiritum,
1568 1026 1771 1069 sancta:
1799 1024 1855 1068 ct
1876 1017 2108 1069 consub-

521 1114 787 1168 stantialis
805 1110 1088 1165 Trinitatis
1109 1105 1569 1178 plenitudo.Unde
1591 1116 1645 1161 et
1671 1105 1867 1161 Paulus
1889 1106 2063 1176 inquit
2091 1122 2105 1160 :

526 1224 547 1257 ι
584 1206 665 1260 An
714 1204 938 1261 nescitis
972 1203 1113 1272 quod
1150 1201 1405 1269 templum
1437 1200 1534 1255 Dei
1589 1201 1748 1268 estis,
1788 1209 1842 1255 et
1876 1199 2110 1270 Spiritus

520 1298 618 1353 Dei
653 1298 913 1353 inhabitat
941 1296 995 1351 in
1025 1296 1179 1351 vobis
1212 1295 1252 1327 '"
1287 1294 1310 1348 ?
1338 1311 1359 1345 ι
1403 1292 1541 1359 Quin
1570 1301 1627 1348 et
1682 1293 1917 1363 ipsemet
1949 1291 2108 1347 Chri-

520 1399 639 1446 stus
667 1403 683 1442 :
718 1406 737 1440 ι
771 1387 829 1443 Si
862 1388 980 1457 quis
1000 1397 1147 1442 amat
1177 1401 1282 1451 me,
1314 1400 1624 1441 sermonem
1654 1399 1831 1439 meum
1853 1385 2106 1447 servabit,

521 1486 575 1533 et
592 1478 753 1532 Pater
790 1492 939 1531 meus
962 1476 1145 1546 diliget
1173 1491 1294 1530 eum
1317 1516 1333 1541 ,
1358 1484 1413 1532 et
1433 1476 1738 1541 veniemus,
1768 1490 1835 1531 ac
1873 1477 2110 1531 mansio-

525 1584 648 1625 nem
687 1569 826 1639 apud
852 1584 973 1622 eum
1005 1567 1267 1623 faciemus
1311 1568 1379 1621 δ’.
1420 1586 1438 1620 ι
1481 1568 1746 1624 Caeterum
1778 1567 1939 1622 Pater
1968 1568 2111 1623 nulla

524 1660 735 1715 ratione
776 1661 954 1715 dictus
991 1670 1079 1715 est
1128 1661 1324 1727 horno,
1369 1668 1557 1715 utnec
1599 1659 1834 1729 Spiritus
1867 1667 2109 1725 sanctus,

2208 472 2288 525 ἔτι
2323 472 2426 540 μὲν
2460 471 2597 544 σὰρξ
2626 474 2654 525 6
2685 472 2855 541 Λόγος
2887 472 3027 526 κατὰ
3047 472 3143 536 τὰς
3187 474 3400 544 Γραφάς
3424 519 3439 541 ,
3479 479 3720 552 ἀνθρωπο.

2206 562 2432 632 πολίτης
2463 562 2521 616 δὲ
2559 562 2781 634 μᾶλλον,
2818 564 2913 618 καὶ
2939 558 3009 635 ἧν
3044 564 3332 618 ἀκόλουθον
3365 568 3516 622 αὑτὸν
3553 571 3724 643 ἀνθρωο

2206 657 2365 708 παϊον
2413 654 2633 725 μᾶλλον,
2676 656 2776 709 οὐκ
2802 656 3085 728 ἄνθρωπον
3109 656 3484 727 ὀνομάζεσθαι,
3516 662 3727 739 καθάπερ

2206 748 2403 818 ἀμέλει
2441 750 2536 803 καὶ
2565 750 2595 802 ό
2627 750 2964 820 κατοικήσας
2999 749 3100 821 τὴν
3144 750 3424 821 Ναζαρὲτ,
3455 753 3730 827 Ναζωραῖος

2207 840 2521 911 ὠνόμασται
2539 883 2555 907 ,
2584 841 2681 896 καὶ
2703 842 2762 895 οὐ
2804 842 3077 912 Ναζαρέτ.
3118 842 3306 914 Εῐργει
3335 845 3410 910 δὲ,
3437 842 3596 917 οἶμαι,
3624 866 3733 903 παν·

2208 932 2381 995 τελῶς
2413 932 2586 998 οὐδὲν,
2609 931 2771 1004 εἴπερ
2801 928 2859 986 εὖ
2894 932 3038 1003 ἔχειν
3068 932 3270 986 οἴονται
3299 934 3361 987 τὸ
3390 935 3560 1004 σφίσιν
3583 938 3733 1003 αὐτοῖς

2208 1019 2486 1082 ἀσυνέτως
2528 1018 2913 1091 ἐξευρημένον,
2948 1021 3238 1092 ἄνθρωπον
3284 1022 3622 1093 ὀνομάζεσθαι
3658 1029 3735 1079 σὺν

2209 1110 2326 1180 Υίῷ
2365 1110 2458 1165 τὸν
2504 1112 2729 1183 Πατέρα
2768 1113 2866 1167 καὶ
2892 1114 3114 1184 προσέτι
3162 1113 3223 1168 τὸ
3261 1115 3477 1186 Πνεῦμα
3512 1117 3567 1169 τὸ
3594 1118 3737 1183 ἅγιον.

2210 1204 2474 1257 Κατοικεῐ
2500 1204 2607 1276 γὰρ
2633 1205 2693 1259 ἐν
2721 1206 2854 1276 ἡμῖν
2891 1205 2979 1258 διὰ
3004 1204 3101 1259 τοῦ
3130 1205 3464 1275 Πνεύματος,
3498 1208 3588 1278 τῆς
3608 1210 3739 1277 ἁγίας

2209 1312 2271 1349 τε
2305 1296 2399 1350 καὶ
2436 1297 2723 1367 ὁμοουσίου
2755 1299 2986 1368 Τριάδος
3031 1299 3094 1352 τὸ
3123 1299 3416 1370 πλήρωμα.
3449 1300 3551 1354 Καὶ
3578 1300 3688 1368 γοῦν
3718 1303 3738 1353 6

2212 1388 2423 1452 Παῦλός
2453 1406 2640 1461 φησιν·
2677 1408 2695 1442 t
2728 1392 2843 1445 Οὐκ
2869 1392 3047 1446 οἴδατε
3075 1393 3158 1446 ὅτι
3192 1393 3322 1457 ναὸς
3351 1392 3481 1446 Θεοῦ
3507 1395 3634 1457 ἐστε,
3659 1394 3734 1448 καὶ

2210 1480 2272 1534 τὸ
2320 1480 2545 1552 Πνεῦμα
2588 1482 2683 1536 τοῦ
2722 1482 2861 1537 Θεοῦ
2886 1486 3133 1538 κατοικεῖ
3172 1486 3236 1538 ἐν
3276 1484 3434 1553 ὑμϊν;
3470 1502 3486 1535 ι
3526 1485 3625 1539 Καὶ
3657 1485 3739 1556 μὴν

2211 1574 2307 1627 καὶ
2337 1574 2499 1638 αὐτὸς
2517 1577 2544 1629 6
2567 1576 2802 1646 Χριστὸς
2820 1619 2834 1643 ,
2863 1596 2879 1627 ι
2906 1577 3033 1633 Ἐάν
3058 1594 3144 1641 τις
3174 1578 3366 1649 ἀγαπᾷ
3396 1595 3481 1648 με,
3512 1578 3740 1647 τὸνλόγον

2218 1683 2319 1737 μου
2347 1669 2601 1739 τηρήσει,
2633 1670 2727 1724 καὶ
2752 1669 2780 1721 6
2809 1671 3001 1743 Πατήρ
3042 1688 3143 1742 μου
3177 1672 3456 1741 ἀγαπήσει
3482 1672 3641 1736 αὑτὸν,
3668 1672 3742 1725 καὶ

443 1799 453 1807 .
522 1749 650 1820 quia
678 1749 730 1804 in
777 1749 934 1806 nobis
967 1749 1299 1805 habitarunt.
1352 1749 1457 1804 Sed
1489 1750 1720 1804 irrident
1750 1751 1835 1805 isti
1864 1751 2115 1805 incarna-

2217 1759 2569 1831 ἐλευσόμεθα,
2620 1763 2717 1816 καί⁵
2765 1763 2933 1835 μονήν
2996 1764 3128 1835 παρ’
3166 1764 3320 1836 αὐτῷ
3371 1763 3738 1836 ποιησόμεθα.»

522 1844 686 1898 tionis
718 1843 1031 1914 mysterium
1058 1844 1194 1897 adeo
1230 1851 1375 1897 recta
1397 1852 1559 1912 atque
1585 1842 1887 1897 veneranda
1931 1840 2116 1897 Eccle-

525 1935 621 1989 siae
663 1934 914 2003 dogmata
959 1933 1028 1988 ad
1060 1933 1356 1987 absurdum
1388 1932 1792 2003 detorquentes.
1831 1933 1899 1988 At
1933 1943 2113 1987 nostra

528 2042 743 2082 rursum
792 2026 1048 2094 procedat
1093 2025 1302 2092 oratio,
1341 2026 1560 2081 omissis
1610 2025 1821 2080 illorum
1880 2027 2111 2081 deliriis.

527 2117 587 2173 Si
609 2118 754 2173 enim
790 2117 1198 2173 ideomiraeula
1227 2117 1432 2182 edidit,
1460 2117 1585 2187 quia
1614 2116 1848 2173 Verbum
1889 2118 1944 2171 in
1994 2119 2111 2186 ipso

526 2219 683 2277 erat,
714 2225 877 2263 unum
912 2209 1142 2278 aliquem
1184 2216 1493 2264 sanctorum
1522 2209 1904 2277 prophetarum
1934 2209 2111 2277 ipsum

528 2316 647 2357 esse
677 2309 940 2357 statuunt.
988 2299 1122 2353 Nam
1150 2310 1205 2354 et
1232 2299 1490 2354 miracula
1518 2314 1617 2368 per
1656 2315 1847 2354 manus
1884 2301 2118 2369 prophe-

532 2403 707 2447 tarum
736 2392 925 2447 edidit.
981 2391 1037 2445 Si
1067 2406 1196 2445 vero
1234 2392 1286 2445 in
1323 2391 1408 2445 his
1442 2390 1635 2445 Filium
1683 2399 1954 2452 statuunt,
1988 2406 2115 2458 pro-

528 2487 757 2559 phetica:
809 2487 925 2542 sive
977 2484 1284 2556 apostolicae
1321 2483 1644 2538 conditionis
1674 2482 1850 2552 ipsum
1889 2482 2114 2537 faciunt.

2237 1850 2372 1902 Ἀλλ’
2403 1852 2615 1922 εἴρηται
2648 1853 2748 1924 μὲν
2780 1854 3033 1926 οὐδαμῶς
3062 1854 3353 1927 ἄνθρωπος
3379 1858 3407 1909 6
3440 1856 3627 1926 Πατήρ,
3648 1853 3743 1908 οὔτε

2224 1938 2332 2008 μὴν
2360 1938 2421 1992 τὸ
2447 1940 2671 2011 Πνεῦμα
2700 1943 2761 1996 τὸ
2786 1942 2964 2012 ἀγιον,
3006 1944 3094 1999 διά
3120 1944 3184 1997 τδ
3216 1946 3493 1998 κατοικεῖν
3533 1945 3585 1997 ἐν
3622 1945 3741 2014 ἡμῖν.

2221 2030 2261 2081 Γ
2263 2029 2426 2083 ελῶσι
2465 2031 2524 2084 δὲ
2550 2025 2698 2087 οὗτοι
2723 2035 2824 2105 τῆς
2856 2035 3331 2107 ἐνανθρωπήσεως
3373 2036 3433 2088 1:6
3476 2037 3743 2106 μυστήριον.

2224 2122 2645 2192 περιτρέποντες
2690 2127 2770 2187 είς
2816 2125 2879 2178 τὸ
2922 2125 3136 2195 ἀπηχὲς
3197 2124 3268 2178 τὰ
3314 2123 3483 2187 οὕτως
3519 2122 3637 2195 ὀρθὰ
3672 2121 3745 2173 καὶ

2216 2212 2552 2278 ἀξιάκουστα
2580 2214 3023 2289 τῆςἘκκλησίας
3049 2216 3321 2287 δόγματα.
3348 2215 3487 2287 Πλὴν
3509 2216 3598 2268 ίτω
3622 2212 3745 2266 πάλιν

2218 2306 2349 2376 ἡμῖν
2399 2305 2541 2358 κατά
2585 2305 2714 2378 ῥοῦν
2754 2309 2783 2360 6
2824 2307 3016 2377 λόγος,
3068 2310 3183 2370 τοῖς
3227 2307 3449 2360 ἐκείνων
3480 2306 3669 2376 ἐμετοῖς
3702 2299 3747 2354 τὸ

2219 2398 2433 2464 χαιρεῖν
2462 2394 2652 2449 εἰπών.
2686 2397 2752 2451 Εί
2780 2397 2910 2468 γὰρ,
2934 2396 3167 2466 ἐπείπερ
3195 2392 3267 2468 ἦν
3296 2398 3325 2449 6
3349 2396 3514 2463 Λόγος
3539 2396 3591 2447 ἐν
3615 2389 3746 2461 αὐτῷ,

2225 2485 2470 2556 σημείων
2516 2487 2741 2556 γέγονεν
2774 2489 3164 2560 ἀποτελεστὴς,
3216 2489 3313 2541 ἱνα
3362 2504 3460 2541 που
3500 2484 3625 2555 τάχα
3667 2480 3748 2535 τῶν

530 2581 701 2650 ἁγίων
739 2578 1033 2651 προφητῶν
1087 2595 1253 2647 φασιν
1302 2576 1483 2630 αὐτόν.
1535 2576 1841 2648 Ἐνήργηκε
1881 2576 1991 2647 γὰρ
2028 2575 2117 2631 διὰ
2158 2579 2339 2650 χειρὸς
2385 2581 2556 2650 ἁγίων
2624 2583 2723 2646 τάς
2757 2582 3076 2653 θεοσημίας.
3127 2580 3190 2635 Εἰ
3224 2581 3282 2635 δὲ
3310 2582 3367 2633 ἐν
3428 2578 3617 2641 τούτοις
3643 2570 3748 2628 εἶναι

532 2695 666 2749 φασι
709 2676 800 2733 τὸν
832 2676 983 2742 Υίὺν,
1030 2677 1090 2728 ἐν
1143 2674 1502 2745 προφητικοῖς
1552 2672 1716 2727 αὑτὸν
1764 2673 1931 2743 ήγουν
1980 2674 2356 2740 ἀπωτολικοίς
2386 2679 2815 2750 κατακομίζουσι
2844 2680 3085 2750 μέτροις.

601 2776 663 2829 Β.
690 2771 880 2827 Nonne
912 2771 1080 2835 enim,
1114 2770 1400 2838 inquiunt,
1435 2768 1614 2824 dictus
1643 2777 1727 2824 est
1772 2768 2032 2840 propheta
2064 2780 2118 2825 et

530 2864 806 2937 apostolus
831 2864 855 2917 ἲ
884 2861 1067 2932 Neque
1105 2861 1253 2917 enim
1289 2860 1513 2916 falleris.

603 2958 671 3011 Δ.
703 2954 912 3026 Moyses
943 2953 1159 3023 quidem
1188 2951 1324 3008 dixit
1347 2953 1411 3009 iis
1439 2953 1529 3024 qui
1560 2962 1716 3007 erant
1757 2967 1824 3008 ex
1857 2953 2119 3023 sanguine

2301 2773 2356 2825 Β.
2375 2774 2448 2825 Οὐ
2475 2774 2583 2844 γὰρ
2614 2773 2850 2845 εἴρηται,
2870 2774 3022 2844 φασὶ,
3051 2773 3344 2844 προφήτης
3364 2770 3452 2823 καὶ
3480 2762 3747 2827 ἀπόστολος

2225 2864 2325 2918 οὒκ
2351 2866 2416 2918 ἂν
2439 2864 2779 2935 διαψεύσαιο.

2297 2962 2361 3011 Α.
2414 2958 2474 3011 '0
2505 2958 2707 3028 Μωσῆς
2756 2958 2854 3027 μὲν
2888 2957 2990 3027 ἔφη
3038 2959 3151 3019 τοῖς
3204 2957 3265 3022 ἐξ
3299 2956 3522 3024 αἵματος
3558 2946 3747 3019 Ἰσραήλ·

532 3048 699 3107 Israel
732 3065 746 3101 :
781 3066 799 3100 t
838 3047 1163 3117 Prophetam
1191 3047 1343 3101 vobis
1379 3046 1664 3101 suscitabit
1692 3044 1950 3099 Dominus
1982 3045 2115 3099 Deus

2230 3070 2252 3104 ί
2290 3052 2581 3125 Προφήτην
2613 3050 2743 3121 ὑμῖν
2780 3050 3080 3120 ἀναστήσει
3124 3048 3334 3119 Κύριος
3359 3047 3387 3099 6
3411 3044 3534 3107 Θεὸς
3554 3040 3683 3113 ὑμῶν
3706 3039 3751 3090 ὲκ

533 3152 714 3196 vester
745 3154 808 3194 ex
847 3138 1106 3193 fratribus
1149 3139 1379 3207 vestris,
1413 3139 1553 3194 sicut
1594 3153 1678 3192 me
1721 3137 1789 3190 ⁸³.
1828 3155 1846 3188 ι
1902 3136 2039 3204 Quin
2071 3149 2115 3193 et

2228 3144 2336 3197 τῶν
2376 3142 2618 3213 ἀδελφῶν
2664 3142 2850 3213 ὑμῶν,
2898 3142 2971 3205 ὡς
3011 3142 3132 3215 ἐμέ.
3170 3161 3189 3192 ι
3236 3141 3480 3211 Γέγραφε
3523 3137 3574 3189 δὲ
3620 3133 3751 3186 καὶό

535 3233 747 3287 divinus
817 3230 1014 3285 Paulus
1075 3230 1307 3286 scribit:
1349 3248 1367 3279 ι
1418 3229 1607 3295 Unde,
1666 3229 1862 3283 fratres
1928 3230 2123 3295 sancti,

534 3321 834 3377 vocationis
849 3320 1085 3377 celestis
1106 3319 1420 3389 participes,
1446 3319 1788 3375 considerate
1826 3320 2124 3389 apostolum

2229 3238 2517 3301 θεσπέσιος
2548 3236 2761 3298 Παῦλος
2788 3254 2802 3266 ν
2832 3256 2848 3286 ι
2890 3236 3071 3297 Ὥστε,
3104 3234 3331 3303 ἀδελφοὶ
3363 3232 3521 3300 ἆγιοι,
3554 3225 3751 3296 κλήσεως

2227 3329 2552 3399 ἐπουρανίου
2594 3328 2833 3398 μέτοχοι,
2861 3327 3243 3395 κατανοήσατε
3268 3326 3356 3378 τὸν
3389 3319 3655 3377 ἀπόστολον
3682 3313 3751 3367 καὶ

535 3421 591 3469 et
619 3413 925 3483 pontiﬁcem
954 3412 1310 3468 confessionis
1349 3421 1548 3467 nostra:
1576 3409 1757 3466 Jesum
1781 3410 1850 3465 ".
1889 3429 1906 3461 ι
1940 3410 2115 3465 Dicant

2228 3422 2489 3493 ἀρχιερέα
2526 3420 2627 3490 τῆς
2652 3419 2941 3490 ὁμολογίας
2967 3420 2999 3487 ή
3010 3416 3127 3487 μῶν
3164 3416 3402 3490 Ἰησοῦν.
3436 3435 3452 3467 ι
3485 3409 3751 3483 Φραζόντων

537 3505 756 3573 itaque,
797 3505 1138 3573 interrogabo
1164 3504 1333 3568 enim,
1372 3519 1501 3557 num
1536 3503 1712 3558 cuivis
1742 3503 1946 3558 homini
1982 3502 2123 3556 laudi

537 3594 632 3658 sit,
671 3592 965 3663 pr0phetite
1012 3593 1205 3659 gratia,
1236 3591 1352 3644 sive
1381 3591 1678 3657 apostolico
1712 3606 1936 3645 munere
1964 3592 2126 3645 deco—

538 3685 672 3750 rari,
726 3682 910 3738 vocari
951 3697 1080 3737 vero
1104 3682 1269 3735 etiam
1296 3680 1604 3750 pontiﬁcem
1631 3682 1654 3733 ?

608 3882 672 3941 B.
723 3882 800 3938 Ita
827 3895 1045 3938 censeo.

608 3974 677 4031 Δ.
713 3974 874 4043 Atqui
923 3974 1039 4029 haec
1092 3974 1286 4041 exigua
1335 3983 1499 4043 atque
1560 3972 1775 4043 indigna
1817 3972 2126 4043 iudicentur

538 4082 659 4121 esse
687 4067 926 4130 Christo,
951 4075 1223 4136 quatenus
1254 4076 1343 4119 est
1372 4066 1533 4120 Deus.
1590 4065 1833 4121 Tametsi
1884 4080 1981 4135 per
2010 4066 2125 4122 htec

456 4171 469 4183 ‘
540 4160 654 4229 ipse
707 4168 965 4212 cernatur
1031 4159 1377 4221 exiuanitus,
1430 4167 1487 4214 et
1532 4172 1639 4213 una
1708 4174 1831 4212 cum
1890 4159 2124 4214 humans

539 4257 731 4305 natura
781 4262 842 4301 ea
871 4246 1169 4315 accepisse.
1213 4245 1683 4311 Quemadmodum
1722 4262 1851 4301 vero
1889 4264 2011 4302 cum
2054 4249 2125 4303 sit

540 4350 732 4394 natura
750 4336 911 4399 Deus,
934 4346 987 4391 et
1005 4352 1130 4390 vere
1153 4338 1426 4402 Dominus,
1448 4338 1673 4392 fortnam
1702 4338 1860 4409 751
1875 4340 2015 4394 servi
2037 4356 2126 4396 ac-

2226 3516 2291 3587 δὴ
2318 3511 2434 3579 οὖν,
2470 3513 2740 3584 ἐρήσομαι
2766 3512 2896 3582 γὰρ,
2925 3507 3015 3579 ἆρ’
3050 3509 3118 3563 ἂν
3145 3509 3359 3578 γένοιτο
3390 3504 3518 3577 πρὸς
3548 3497 3751 3556 εὐκλείας

2225 3605 2501 3676 ἀνθρώπῳ
2552 3604 2715 3656 παντὶ
2760 3603 2859 3672 τῆς
2911 3600 3254 3672 προφητείας
3308 3600 3341 3670 ή
3395 3598 3575 3667 χάρις,
3619 3589 3752 3660 ήγουν

2227 3697 2602 3751 ἀποστολικῶν
2645 3695 2943 3765 ἀξιωθῆναι
2988 3694 3199 3765 γερῶν,
3251 3689 3575 3764 χρηματίσαι
3603 3684 3649 3736 δὲ
3679 3678 3753 3732 καὶ

2230 3789 2542 3862 ίερουργόνς

2299 3881 2359 3934 Β.
2397 3882 2475 3951 Φη
2484 3880 2563 3951 μί.

2296 3972 2360 4024 Α.
2405 3969 2567 4022 Ἀλλά
2594 3968 2756 4021 ταυτὶ
2774 3968 2839 4039 δὴ
2880 3968 3052 4038 μικρά
3082 3966 3175 4020 καὶ
3200 3966 3302 4019 οὐκ
3326 3962 3608 4032 ἀξιόληπτα
3627 3952 3749 4023 φαῖεν

2227 4062 2296 4116 ἀν
2326 4058 2466 4115 εἶναι
2501 4060 2744 4133 Χριστῷ,
2778 4060 2916 4114 καθὸ
2942 4061 3143 4112 νοεῖται
3169 4058 3324 4123 Θεὸς,
3358 4056 3455 4110 κᾶν
3480 4050 3562 4107 διὰ
3584 4046 3749 4101 τούτων

2225 4153 2409 4208 αὐτῶν
2433 4155 2625 4226 ὁρᾶται
2659 4152 3036 4222 κεκενωμένος
3068 4192 3083 4215 ,
3113 4151 3207 4204 καὶ
3236 4149 3375 4221 μετά
3402 4148 3495 4217 τῆς
3519 4133 3749 4226 ἅνθρωπός

2224 4264 2386 4318 τητος
2435 4220 2616 4298 λαϐὼν
2670 4244 2829 4299 αὐτὰ.
2877 4220 3094 4313 Ὥσπερ
3125 4244 3182 4296 δὲ
3226 4220 3358 4304 Θεὸς
3388 4237 3461 4292 ὣν
3499 4238 3642 4305 φύσει
3680 4220 3750 4318 καί

2226 4315 2434 4410 Κῦριος
2457 4337 2713 4408 ἀληθῶς,
2763 4335 2921 4389 ιλασε
2950 4336 3140 4389 δούλου
3184 4334 3419 4405 μορφὴν,
3453 4326 3539 4383 και
3565 4325 3615 4376 ἐν
3639 4315 3748 4385 αὐτῇ

538 4430 702 4499 cepit,
736 4436 921 4496 utpote
949 4428 1003 4481 ln
1034 4441 1097 4480 ea
1129 4438 1320 4495 natus,
1353 4440 1405 4483 et
1437 4440 1622 4484 nostra
1657 4434 1946 4501 assumpsit
1985 4449 2001 4487 :
2048 4435 2115 4487 ita

2227 4430 2469 4501 γεγονὼς
2496 4473 2512 4496 ,
2544 4432 2640 4484 καὶ
2684 4433 2742 4482 ὲν
2792 4429 3097 4501 προσλήψει
3142 4427 3252 4481 τῶν
3283 4424 3405 4479 καθ’
3438 4421 3600 4492 ἡμᾶς,
3638 4410 3750 4503 οὗτοι

539 4535 754 4589 quoque
803 4529 857 4573 et
905 4518 1201 4590 prOphetite
1240 4521 1486 4594 spiritum
1537 4523 1720 4587 dedit,
1749 4534 1803 4578 et
1846 4526 2121 4594 apostolos

538 4614 914 4678 constituens,
966 4619 1022 4667 et
1070 4611 1349 4681 pontiﬁces
1392 4627 1623 4679 creatis,
1670 4614 1845 4670 factus
1897 4626 1982 4673 est
2029 4632 2124 4686 per

538 4706 720 4762 omnia
768 4705 964 4761 similis
1022 4703 1301 4762 fratribus.
1363 4704 1442 4760 Ita
1477 4708 1625 4761 enim
1666 4720 1887 4764 vocatus
1928 4719 2013 4765 est
2069 4719 2124 4765 et

538 4799 820 4870 prapheta,
847 4807 903 4851 et
926 4795 1224 4866 apostolus,
1251 4805 1308 4853 et
1339 4798 1601 4867 pontifex.

611 4884 671 4939 Β.
703 4888 996 4953 Ceterum,
1016 4888 1257 4947 utetiam
1281 4887 1411 4947 deut
1440 4889 1613 4959 ipsum
1631 4906 1752 4945 esse
1778 4891 2120 4961 prophetam,

539 4996 648 5037 non
682 4992 937 5049 tanquam
970 4997 1136 5039 unum
1179 4997 1248 5041 ex
1306 4983 1584 5053 prophetis
1636 4982 1845 5038 factum
1911 4984 2119 5048 dicunt,

2351 4524 2450 4593 τῆς
2477 4521 2817 4595 προφητείας
2838 4498 2917 4573 ’τὸ
2946 4498 3172 4589 Πνεῦμα
3199 4518 3371 4579 διδοὺς
3389 4555 3403 4580 ,
3436 4511 3524 4566 καὶ
3560 4498 3750 4595 amo}-

2226 4614 2351 4677 λους
2382 4589 2725 4677 ἀναδεικνῦς,
2755 4612 2850 4665 καὶ
2882 4609 3150 4673 καθιστὰς
3179 4604 3509 4677 ἱερουργοὺς,
3535 4589 3749 4667 ὡμοιώθη

2228 4705 2373 4759 κατά
2403 4705 2582 4759 πάντα
2606 4707 2721 4769 τοῖς
2754 4702 3005 4772 ἀδελφοῖς
3024 4719 3036 4733 ·
3068 4698 3360 4772 ὠνομάσθη
3388 4695 3491 4764 γὰρ
3514 4689 3657 4750 οὕτω,
3677 4678 3751 4733 καὶ

2229 4800 2536 4870 προφήτης,
2572 4798 2665 4852 καὶ
2692 4796 2992 4859 ἀπόστολος
3012 4836 3027 4861 ,
3063 4796 3159 4849 καὶ
3188 4789 3490 4866 ἀρχιερεύς.

2299 4891 2359 4946 Β.
2416 4890 2553 4944 Ἀλλ’
2585 4892 2634 4944 εί
2674 4891 2768 4943 καὶ
2810 4890 2953 4943 δοῖεν
2981 4888 3145 4943 αὑτὸν
3173 4884 3310 4940 εἶναι
3350 4883 3645 4955 προφήτην,
3674 4870 3751 4940 οὐκ

2228 4985 2304 5048 ὡς
2333 4985 2430 5038 ἕνα
2458 4982 2567 5036 τῶν
2599 4983 2897 5054 προφητῶν
2927 4981 3181 5053 γενέσθαι
3212 4980 3392 5050 φασιν,
3439 4963 3750 5043 ὑπερκεῖσθαι

540 5074 635 5131 sed
661 5074 837 5145 potius
860 5074 1017 5145 longe
1043 5073 1459 5143 illossuperare.
1491 5072 1556 5128 lii
1618 5075 1762 5129 enim
1812 5086 2014 5130 certam
2063 5090 2115 5129 at

2220 5074 2277 5128 δέ
2322 5074 2525 5145 μᾶλλον
2563 5073 2699 5128 πολὺ
2740 5074 2810 5128 τά
2856 5074 3101 5128 ἐκείνων.
3135 5073 3198 5125 Ol
3228 5072 3326 5142 μὲν
3352 5066 3476 5138 γὰρ,
3513 5071 3749 5145 μεμετρηῖ

540 5166 817 5222 deﬁnitam
865 5180 962 5237 pro
985 5183 1049 5221 eo
1079 5179 1143 5220 ac
1188 5166 1363 5223 visum
1416 5164 1521 5220 fuit
1546 5165 1655 5224 Deo
1674 5168 1902 5236 gratiam
1932 5180 2123 5221 conse-

540 5264 648 5314 cuti
683 5270 831 5330 sunt,
856 5270 912 5316 et
948 5276 1068 5332 qua:
1094 5262 1147 5316 in
1174 5261 1571 5331 temporeips-is
1608 5263 1852 5316 accidit:
1887 5261 1973 5314 hic
1996 5274 2126 5313 vero

541 5352 732 5421 plenus
748 5365 871 5408 erat
907 5352 1133 5409 Deitatis
1158 5356 1325 5409 etiam
1360 5369 1428 5408 ex
1461 5355 1572 5423 ipsa
1602 5353 1786 5409 statim
1822 5338 2124 5408 nativitate.

541 5441 738 5496 Aderat
766 5443 911 5498 enim
944 5444 1042 5511 ipsi
1073 5444 1210 5499 Deus
1228 5446 1499 5501 assistens
1527 5444 1779 5500 Verbum.

610 5535 677 5586 Λ.
711 5534 846 5603 Ergo
865 5534 1167 5602 quantitate
1191 5536 1398 5604 gratim,
1416 5546 1469 5589 et
1505 5536 1894 5606 longinquitate
1912 5543 2118 5601 tempo-

2227 5144 2394 5237 μένην
2435 5165 2580 5219 κατὰ
2603 5166 2665 5218 τὺ
2692 5164 2770 5237 τῷ
2808 5164 2929 5236 Θεῷ
2960 5165 3154 5220 δοκοῦν
3198 5162 3461 5234 ἐσχήκασι
3488 5156 3648 5227 χάριν,
3674 5144 3748 5210 καὶ

2226 5236 2283 5312 ἐν
2304 5260 2482 5329 χρόνῳ
2514 5258 2960 5329 προσγενομένην
2984 5259 3167 5320 αὐτοῖς
3190 5273 3204 5287 ·
3226 5257 3255 5309 6
3276 5254 3331 5307 δὲ
3363 5252 3561 5321 πλήρης
3589 5240 3648 5313 ἦν
3671 5236 3750 5303 τῆξ

2226 5328 2499 5422 θεότητος,
2532 5328 2627 5404 καὶ
2655 5350 2713 5417 ἐξ
2742 5328 2921 5421 αῦτῆς
2948 5351 3111 5415 εὐθὺς
3136 5350 3235 5420 τῆς
3265 5345 3587 5416 γεννήσεως³
3616 5328 3747 5394 συνῆν

2225 5443 2334 5514 γὰρ
2359 5442 2507 5513 αὑτῷ
2534 5442 2667 5506 Θεὸς
2696 5442 2771 5495 ὢν
2798 5444 2827 5496 6
2862 5443 3053 5511 Λόγος.

2298 5513 2362 5589 Λ.
2404 5533 2614 5589 Οὐκοῦν
2660 5537 2717 5588 ἐν
2771 5533 3033 5604 ποσότητι
3086 5533 3344 5603 χάριτος,
3387 5527 3473 5579 καὶ
3524 5523 3579 5575 ἐν
3613 5513 3743 5584 μήκει

612 5705 652 5737 ⁸⁸
686 5705 854 5759 ltlor.
887 5720 969 5767 ιιι,
1036 5708 1121 5761 16.
1202 5710 1245 5741 ³³
1285 5708 1438 5764 Joan.
1468 5725 1575 5775 ιιιν,
1606 5709 1696 5761 23.
1776 5710 1819 5740 ⁸³
1860 5711 2015 5764 Deut.
2052 5726 2115 5765 xv

2241 5712 2326 5764 i5.
2399 5712 2453 5783 ,⁵⁸
2491 5709 2655 5764 ιιειιι.
2692 5725 2773 5773 ιιι,
2805 5712 2855 5766 ι.
