4078 6264
390 310 524 369 i311

1528 314 1717 381 QUOD
1759 313 1941 372 υἷ’(υὸ
1979 315 2087 371 SIT
2126 316 2487 373 CHRISTUS.

3520 327 3655 381 1318

386 422 584 497 καιροῦ
627 423 1100 497 πεπλεονέκτηκεν
1131 427 1160 481 ὁ
1186 426 1443 500 Χριστος,
1494 430 1622 493 τοὺς
1654 430 1764 501 πρὸ
1797 432 1962 485 αὐτοῦ

2072 434 2144 489 ris
2172 437 2443 503 superavit
2471 434 2723 489 Christus
2761 450 2855 491 eos
2889 438 2979 506 qui
3016 448 3141 493 ante
3192 440 3367 509 ipsum
3428 448 3653 499 exstite-

385 517 682 589 γεγονότας
739 516 928 586 ἁγίους
978 519 1263 589 προφήτας
1289 561 1305 585 ,
1354 522 1448 577 καὶ
1503 522 1664 579 τοῦτό
1702 526 1851 579 ἐστιν
1908 526 1967 579 ὲν

384 608 539 679 αὐτῷ
574 608 636 662 τὸ
668 606 970 677 ἐξαίρετον.
1018 610 1314 680 Πρόκειται
1360 612 1418 666 δὲ
1464 614 1966 687 πολυπραγμονεῖν,

384 704 436 757 εί
480 701 771 771 προφήτης
815 699 956 763 ὅλως
974 737 989 763 ,
1040 700 1135 754 καὶ
1180 702 1299 756 οὔτι
1344 721 1448 758 που
1492 707 1555 760 τὸ
1598 707 1864 781 μᾶλλονῆ
1907 709 1969 763 τὸ

390 796 541 866 μεῖον
567 792 727 864 ἔχων,
752 792 787 863 ἢ
829 792 924 846 καὶ
957 792 1390 864 ὑπιρκείμενος,
1420 797 1497 862 ὡς
1526 798 1586 851 έν
1624 816 1689 868 γε
1720 800 1801 873 τῷ
1828 796 1968 857 εῖναι

387 889 694 959 προφήτην,
743 886 838 942 καὶ
878 884 959 957 τῷ
991 885 1067 957 μὴ
1093 888 1239 959 πέρα
1276 889 1476 961 μέτρου
1504 892 1601 947 τοῦ
1631 893 1755 948 καθ’
1780 896 1965 967 ἡμᾶς,

387 982 449 1033 τὸ
482 977 900 1050 σμικροπρεπὲς
924 979 1075 1032 ἐστιν
1096 978 1268 1051 αὐτῷ,
1293 981 1398 1036 κᾶν
1426 985 1476 1037 εί
1507 985 1766 1056 ἀπαρχῆς
1794 990 1967 1042 νοοῖτο

387 1068 548 1123 τοῦτο
591 1069 876 1140 ὑπάρχων,
920 1069 1172 1142 καθάπερ
1219 1073 1414 1144 ἀμέλει
1453 1077 1549 1130 καὶ
1593 1079 1622 1130 ό
1664 1079 1970 1149 θαυμάσιος

389 1161 701 1235 Βαπτιστὴς
751 1164 879 1235 περὶ
903 1157 964 1218 οὗ
990 1182 1156 1237 φησιν
1178 1168 1207 1220 ό
1238 1169 1509 1239 μακάριος
1538 1169 1787 1239 ἄγγελος·
1813 1191 1831 1224 t
1857 1172 1967 1226 Καὶ

390 1254 709 1325 Πνεύματος
738 1256 895 1324 ἁγίου
927 1256 1302 1329 πλησθήσεται
1324 1258 1406 1312 ἔτι
1436 1262 1500 1314 ὲκ
1522 1261 1729 1327 κοιλίας
1762 1264 1969 1336 μητρὸς

391 1348 577 1403 αὑτοῦ.
612 1367 632 1401 ι
667 1344 802 1402 Εῐτα
836 1348 956 1412 πῶς
998 1351 1027 1403 ό
1071 1349 1170 1420 μὲν
1197 1346 1267 1422 ἧν
1292 1352 1530 1423 οίκέτης,
1572 1354 1602 1406 ό
1640 1353 1699 1407 δὲ
1732 1357 1843 1419 τοῖς
1882 1356 1969 1409 δε-

393 1444 671 1506 σποτικαῖς
698 1440 1006 1513 ἀξιώμασιν
1035 1443 1423 1515 ὲναϐρύνεται;
1473 1448 1585 1501 Καὶ
1632 1448 1828 1502 ἑαυτοῦ
1868 1449 1966 1518 μὲν

391 1532 538 1607 πέρι,
571 1533 735 1605 φησιν
778 1534 808 1587 ὁ
837 1533 1109 1605 μακάριος
1159 1536 1447 1609 Ἰωάννης·
1488 1558 1506 1591 ι
1548 1538 1607 1592 ’0
1645 1537 1722 1593 ὢν
1759 1541 1825 1594 ὲκ
1865 1540 1966 1609 τῆς

390 1626 513 1696 γῆς,
534 1626 601 1680 ἐκ
622 1626 723 1697 τῆς
750 1627 855 1697 γῆς
884 1626 1048 1680 λαλεῖ.
1086 1647 1103 1679 ι
1139 1630 1272 1699 Περὶ
1296 1629 1353 1683 δέ
1372 1647 1436 1698 γε
1460 1630 1556 1684 τοῦ
1593 1632 1962 1703 Ἐμμανουήλ.

396 1736 415 1769 ι
438 1718 496 1770 '0
527 1717 731 1772 ἄνωθεν
755 1719 1070 1790 ἐρχόμενος,
1102 1721 1287 1774 ἐπάνω
1322 1722 1540 1778 πάντων
1575 1724 1709 1778 ὲστί.
1750 1745 1768 1777 ι

2073 535 2200 582 runt
2224 538 2442 583 sanctos
2466 529 2755 598 prophetas
2787 548 2802 585 :
2836 539 2998 599 atque
3040 531 3141 586 hoc
3170 543 3255 588 est
3304 534 3354 587 in
3390 533 3506 605 ipso
3530 537 3649 592 exi-

2072 618 2260 673 mium.
2287 618 2630 689 Propositum
2663 635 2794 676 vero
2826 631 2908 677 est
2929 622 3227 693 inquirere,
3259 640 3387 679 num
3414 629 3652 696 pr0phe-

2070 719 2123 765 ta
2147 711 2369 767 omnino
2393 711 2573 777 fuerit,
2606 729 2713 768 non
2757 723 2935 768 autem
2966 730 3033 769 an
3094 714 3268 783 major
3312 727 3406 770 aut
3452 721 3653 785 minor,

2077 812 2173 857 aut
2215 804 2466 873 superior
2492 818 2510 855 :
2540 804 2614 860 ita
2646 813 2705 859 ut
2737 805 2792 861 in
2826 821 2897 862 eo
2922 809 3069 877 quod
3128 808 3200 862 sit
3247 811 3513 879 propheta
3541 852 3553 875 ,
3604 822 3659 866 et

2071 894 2215 964 quod
2247 908 2351 948 non
2385 895 2875 952 excedatnostram
2933 898 3331 963 conditionem,
3382 901 3656 956 humilitas

2070 982 2188 1052 ejus
2213 985 2494 1049 consistat,
2534 987 2749 1042 tametsi
2804 987 2857 1043 ill
2899 988 2967 1044 ab
3021 989 3181 1045 initio
3227 990 3503 1047 exstitisse
3529 1007 3657 1048 cen-

2070 1085 2277 1142 scatur,
2301 1077 2439 1132 sicut
2468 1087 2523 1133 et
2544 1078 2761 1135 divinus
2793 1079 3052 1151 Baptista,
3077 1082 3265 1154 dequo
3292 1084 3426 1139 dicit
3456 1083 3647 1139 beatus

2071 1169 2329 1240 angelus:
2368 1189 2387 1222 ι
2417 1169 2485 1224 Ει
2540 1170 2747 1239 Spiritu
2789 1181 2977 1228 sancto
3035 1173 3333 1243 replebitur
3386 1176 3561 1231 adhuc
3599 1176 3653 1231 in

2071 1270 2226 1315 utero
2257 1264 2446 1316 matris
2471 1278 2582 1316 sua:
2616 1263 2683 1315 ⁵⁵.
2733 1281 2753 1313 ι
2780 1263 2983 1319 Deinde
3006 1266 3280 1335 quomodo
3311 1266 3399 1320 hic
3420 1267 3641 1336 quidem

2070 1357 2423 1417 eratservus,
2456 1350 2545 1406 ille
2571 1366 2699 1406 vero
2744 1351 3024 1406 Dominica
3068 1353 3331 1422 dignitate
3387 1355 3652 1410 illustris?

2069 1440 2148 1495 Ac
2176 1442 2243 1496 de
2264 1442 2444 1513 seipso
2472 1442 2664 1498 beatus
2701 1442 2939 1499 Joannes
2966 1444 3039 1498 ita
3064 1445 3140 1499 ait
3167 1461 3182 1497 :
3219 1462 3238 1496 ι
3273 1445 3375 1512 Qui
3407 1461 3475 1501 ex
3506 1458 3651 1503 terra

2069 1542 2172 1597 est,
2214 1543 2426 1590 terrena
2458 1535 2722 1605 loquitur;
2758 1554 2777 1588 ι
2808 1536 2875 1592 de
2899 1535 3251 1592 Emmanuele
3284 1552 3415 1595 vero
3445 1557 3459 1595 :
3497 1558 3517 1593 t
3544 1538 3649 1607 Qui

2069 1639 2101 1680 ο
2124 1628 2373 1696 supernis
2396 1628 2561 1693 venit,
2598 1643 2762 1697 supra
2798 1644 2990 1685 omnes
3020 1639 3105 1685 est
3141 1630 3207 1684 ".
3252 1651 3270 1685 ι

463 1810 523 1864 Β.
554 1809 742 1864 Καίτοι
765 1788 921 1880 ιραῖεν
951 1811 1017 1865 ἂν
1053 1810 1205 1878 ἴσως,
1232 1812 1440 1867 ἄνωθέν
1466 1831 1528 1867 τε
1555 1813 1718 1881 εἶναι,
1741 1817 1834 1870 καὶ
1860 1816 1967 1887 μὴν

2140 1799 2201 1855 Β.
2234 1799 2399 1873 Atqui
2458 1804 2696 1859 dixerint
2739 1804 2975 1861 fortasse
3024 1820 3056 1862 ε
3090 1809 3361 1877 supernis,
3393 1819 3447 1865 et
3491 1826 3653 1879 supra

393 1902 487 1955 καὶ
530 1900 716 1955 ἐπάνω
748 1899 985 1966 πάντων,
1020 1900 1113 1953 τὸν
1162 1903 1229 1955 ὲκ
1269 1902 1405 1956 Θεοῦ
1446 1906 1658 1976 Πατρὸς
1687 1908 1968 1978 πεφηνότα

392 1992 598 2058 Λόγον,
638 1991 840 2045 δεδίασι
887 1991 944 2045 δὲ
979 1993 1308 2064 προσνέμειν
1343 1995 1494 2066 αὑτῷ
1529 1996 1597 2050 τὰ
1630 1996 1965 2068 ἀνθρώπινα,

391 2083 467 2155 μὴ
492 2084 601 2154 ἄρα
636 2101 753 2145 πως
797 2083 1035 2137 ἀδικοῖτο
1073 2084 1144 2138 δι’
1177 2085 1380 2150 αὐτῶν,
1422 2089 1516 2142 καὶ
1545 2090 1969 2161 κατακομίζοιτο

388 2175 525 2248 πρὸς
570 2174 634 2227 τὸ
674 2174 954 2238 δυσκλεές.
1001 2175 1186 2250 Ταύτῃ
1234 2194 1318 2230 τοι
1361 2178 1718 2234 διατείνονται
1778 2182 1967 2236 λαϐεῖν

388 2266 554 2321 αὐτὸν
585 2265 872 2336 ἄνθρωπον
891 2306 906 2332 ,
938 2267 1116 2338 ἑαυτῷ
1146 2285 1205 2321 τε
1238 2268 1427 2324 τοῦτον
1457 2272 1723 2343 συνάψαι,
1756 2276 1883 2345 περὶ
1907 2276 1967 2329 ὃν

392 2355 461 2412 ἂν
485 2357 699 2427 γένοιτό
729 2374 790 2411 τε
835 2357 931 2412 καὶ
970 2358 1179 2429 λέγοιτο
1204 2359 1276 2415 τὰ
1302 2361 1637 2432 ἀνθρώπινα.
1676 2366 1871 2420 Ἔσται
1910 2368 1968 2422 δὲ

392 2448 531 2512 ὅλως
569 2450 649 2512 είς
689 2448 788 2521 τὴν
834 2449 998 2505 αὑτοῦ
1045 2451 1141 2507 τοῦ
1183 2452 1359 2521 Λόγου
1415 2452 1607 2523 φύσιν,
1660 2455 1723 2509 τὸ
1770 2456 1967 2527 βλάϐος

390 2538 570 2594 οὐδέν.

463 2630 528 2683 Δ.
569 2627 798 2695 Οὐκοῦν,
832 2630 1031 2702 ἕτερος
1065 2632 1163 2702 μὲν
1209 2631 1658 2703 ὁμολογουμένως
1700 2636 1860 2689 νοοῖ-ι’
1901 2636 1967 2690 ἂν

391 2723 489 2777 καὶ
520 2722 727 2791 λέγοιτο
777 2725 908 2795 παρ’
954 2723 1138 2789 αὐτὸν,
1180 2724 1210 2776 ό
1257 2722 1520 2794 ληφθείς·
1554 2723 1691 2796 πλὴν
1738 2727 1797 2778 οὐ
1850 2730 1969 2789 ταῖς

393 2811 618 2866 ἐκείνων
640 2811 993 2883 άϐελτηρίαις
1037 2812 1298 2883 ἑψόμεθα,
1324 2812 1448 2866 οὔτε
1486 2814 1591 2884 μὴν
1618 2815 1838 2885 ὁριστὰς
1866 2817 1967 2870 αὑ-

391 2904 518 2969 τοὺς
563 2904 657 2959 καὶ
691 2905 1046 2975 καινοτόμους
1085 2904 1183 2975 τῆς
1227 2905 1437 2958 ἑαυτῶν
1485 2908 1825 2978 ποιησόμεθα
1872 2910 1966 2963 πί-

396 3013 588 3061 στεως,
619 2996 715 3067 τὴν
743 2996 895 3066 ἱερὰν
926 2996 1191 3067 παρέντες
1224 2997 1476 3069 Γραφὴν,
1514 3002 1607 3053 καὶ
1638 3000 1734 3071 τὴν
1764 3004 1828 3055 ἐκ
1859 3003 1968 3056 τῶν

399 3088 567 3157 ἁγίων
591 3087 927 3153 ἀποστόλων,
960 3088 1054 3142 καὶ
1086 3089 1490 3158 εὐαγγελιστῶν
1529 3091 1827 3163 παράδοσιν
1852 3093 1968 3146 ἀτι-

402 3179 703 3249 μάσαντες’
758 3178 881 3231 οὐδὲ
933 3178 1165 3249 ἐπείπερ
1221 3180 1409 3243 αὐτοῖς
1465 3181 1702 3252 ἀδρανής
1753 3199 1811 3236 τε
1876 3185 1972 3237 καὶ

394 3269 770 3339 ἀμαθέστατος
808 3268 1106 3340 ὲνῲκισται
1136 3269 1261 3335 νοῦς
1280 3311 1294 3337 ,
1324 3273 1420 3325 κα)⁸
1447 3272 1510 3325 τὸ
1543 3272 1635 3326 τοῦ
1669 3276 1970 3346 μυστηρίου

399 3360 561 3431 βάθος
605 3361 845 3415 κατιδεῖν
884 3362 982 3432 οὐχ
1030 3357 1142 3422 οἷός
1188 3379 1273 3426 τε,
1323 3362 1495 3436 ταύτῃ
1530 3382 1614 3417 τοι
1664 3366 1759 3419 καὶ
1811 3369 1974 3437 ἡμεῖς

394 3452 749 3524 πλανώμεθα,
799 3452 1295 3522 συναμαθαίνοντες
1325 3454 1540 3518 αὐτοῖς,
1574 3455 1664 3507 καὶ
1713 3456 1773 3509 τὸ
1817 3456 1972 3520 εὑθὲς

394 3545 494 3616 τῆς
530 3544 787 3615 ἀληθείας
821 3545 958 3597 ἰέναι
986 3545 1434 3615 παραιτούμενοι.
1460 3548 1649 3617 ἰσμεν
1681 3546 1736 3600 δὲ
1763 3565 1971 3620 γεγρα-

395 3638 536 3707 φότα
565 3636 655 3690 τὸν
706 3635 1000 3708 ίερώτατον
1044 3635 1279 3703 Παῦλον,
1329 3638 1413 3690 ὃτι
1446 3636 1552 3709 χρὴ
1607 3658 1625 3691 ι
1679 3642 1971 3710 λογισμοὺς

394 3729 694 3800 καθαιρεῖν,
738 3729 833 3782 καὶ
884 3729 993 3782 πᾶν
1039 3727 1239 3799 ὕψωμα
1286 3728 1649 3800 ἐπαιρόμενον
1694 3732 1833 3786 κατὰ
1870 3732 1973 3804 τῆς

394 3820 654 3890 γνώσεως
685 3820 780 3873 τοῦ
825 3819 993 3886 Θεοῦ,
1038 3820 1134 3873 καὶ
1166 3820 1594 3891 αίχμαλωτίζειν
1623 3824 1732 3876 πᾶν
1769 3822 1971 3895 νόημα,

397 3911 477 3972 είς
522 3910 621 3979 τὴν
664 3908 910 3978 ὑπακοὴν
955 3906 1050 3961 τοῦ
1102 3907 1365 3977 Χριστοῦ.
1408 3926 1426 3957 ι
1481 3909 1625 3979 Πλὴν
1683 3906 1812 3974 οὖν,
1863 3904 1973 3979 ἄρα

397 4001 541 4073 ἔχοις
570 4001 744 4053 είπεῖν
768 3999 836 4051 τὰ
860 3998 944 4067 ἐφ’
974 3993 1055 4062 οἷς
1094 3999 1576 4062 σκανδαλίζονται,
1607 4000 1702 4051 καὶ
1728 3999 1807 4069 τῷ
1837 3999 1973 4070 λίθῳ

395 4093 491 4147 τοῦ
522 4090 947 4164 προσκόμματος
978 4091 1398 4161 περιπταίουσιν
1433 4089 1778 4155 Ἰουδαῖκῶςς

469 4184 529 4237 Β.
563 4182 777 4252 ΙΈχοιμ’
812 4180 898 4243 ἂν,
932 4181 1048 4243 πῶς
1080 4180 1187 4252 γὰρ
1214 4179 1273 4233 οὔ
1298 4199 1314 4247 ;
1343 4181 1437 4234 καὶ
1476 4180 1703 4234 πλεῖστα
1744 4182 1842 4252 μὲν
1872 4182 1974 4237 ὅσα

397 4274 590 4335 ταυτί·
642 4272 914 4336 λελέξεται
965 4271 1021 4323 δὲ
1075 4271 1347 4341 ἀναμέρος
1398 4270 1626 4324 ἕκαστα.
1678 4272 1814 4325 Φασὶ
1858 4289 1974 4326 τοι-

397 4364 621 4437 γαροῦν,
650 4365 881 4437 Χριστὸν
910 4364 1169 4436 ήγιάσθαι
1200 4364 1349 4435 παρά
1376 4362 1471 4416 τοῦ
1504 4363 1748 4435 Πατρός·⁹
1778 4364 1974 4436 γέγρα-

2070 1911 2261 1952 omnes
2291 1910 2413 1951 esse
2448 1896 2680 1950 Verbum
2711 1909 2777 1951 ex
2809 1897 2921 1951 Deo
2943 1896 3105 1953 Patre
3136 1902 3376 1969 genitum
3406 1920 3420 1967 ;
3459 1919 3655 1958 veren-

2072 1995 2161 2041 tur
2199 1998 2377 2041 autem
2420 1987 2496 2042 illi
2552 1988 2793 2043 tribuere
2831 1984 3091 2057 liumana,
3125 2006 3191 2046 ne
3238 1992 3412 2063 ipsum
3455 1993 3653 2063 injuria

2070 2077 2303 2144 aﬂieere,
2354 2078 2690 2149 gloriamque
2735 2080 2904 2150 ipsius
2958 2080 3283 2138 imminuere
3336 2084 3641 2141 videantur.

2071 2171 2277 2226 idcirco
2303 2171 2633 2226 contendunt
2666 2172 2840 2241 ipsum
2877 2187 3158 2229 assumere
3173 2174 3474 2241 hominem,
3505 2190 3653 2231 eum-

2070 2276 2174 2331 que
2202 2261 2663 2331 sibiconjungere,
2686 2264 2737 2317 in
2788 2277 2949 2332 quem
3009 2266 3205 2319 cadant
3237 2277 3290 2319 et
3315 2270 3381 2323 de
3416 2284 3525 2339 quo
3573 2270 3650 2323 di-

2070 2360 2265 2406 cantur
2308 2351 2541 2406 hominis
2574 2353 2983 2422 proprietates;
3018 2355 3089 2409 ita
3158 2366 3216 2410 ut
3266 2355 3424 2414 Verbi
3488 2361 3654 2432 ipsius

2070 2449 2263 2496 natura
2300 2440 2502 2495 nullum
2531 2442 2754 2497 omnino
2786 2443 3171 2501 detrimentum
3219 2449 3473 2521 accipiat.

2138 2617 2207 2672 Α.
2263 2618 2517 2675 Diversus
2551 2619 2732 2689 itaque
2772 2623 2823 2677 in
2875 2623 3187 2682 universum
3222 2638 3277 2684 et
3304 2631 3413 2687 erit
3433 2642 3487 2688 et
3510 2634 3655 2690 dice-

2072 2716 2159 2764 tur
2193 2713 2261 2768 ab
2314 2712 2452 2780 ipso,
2497 2713 2542 2766 is
2584 2714 2674 2782 qui
2704 2727 3015 2788 assumptus
3073 2729 3176 2776 est.
3230 2721 3496 2779 Caeterum
3554 2741 3655 2783 nos

2072 2802 2284 2857 illorum
2317 2805 2646 2877 imperitiam
2700 2808 2845 2863 nullo
2896 2810 3056 2867 modo
3084 2813 3435 2881 sectabimur,
3498 2832 3652 2873 sacra

2074 2893 2353 2966 Scriptura
2425 2900 2722 2968 praeterita,
2782 2909 2837 2955 et
2889 2913 3201 2959 sanctorum
3287 2908 3652 2976 apostolorum

2071 3001 2232 3059 atque
2263 2990 2715 3061 evangelistarum
2778 2992 3070 3049 traditione
3126 3007 3436 3067 contempta
3470 3016 3647 3073 neque

1996 3116 2039 3177 ο
2074 3081 2123 3137 si
2154 3081 2367 3137 illorum
2394 3094 2632 3137 mentem
2661 3092 2807 3139 tanta
2859 3085 3204 3142 imbecillitas
3257 3097 3423 3157 atque
3480 3092 3652 3160 impe-

2075 3173 2200 3229 ritia
2220 3178 2522 3244 occupavit,
2555 3184 2614 3229 ut
2643 3177 2887 3247 mysterii
2921 3179 3341 3248 magnitudinem
3365 3186 3669 3250 concipere

2072 3274 2366 3333 nequeant,
2402 3265 2611 3321 idcirco
2660 3269 2823 3321 etiam
2854 3282 2953 3322 nos
2995 3267 3205 3323 illorum
3240 3273 3412 3326 errori
3465 3274 3656 3342 adjun-

2073 3371 2282 3426 gcmus,
2324 3357 2549 3426 parique
2591 3373 2713 3413 cum
2743 3359 2875 3428 ipsis
2911 3359 3216 3429 ignorantia
3264 3362 3653 3432 laborabimus,

2072 3448 2319 3503 veritatis
2372 3450 2692 3505 rectitudine
2752 3452 3018 3523 neglecta.
3068 3454 3229 3526 752
3276 3455 3459 3526 Neque
3509 3461 3652 3513 enim

2073 3539 2387 3610 ignoramus
2434 3541 2563 3611 quid
2621 3544 3027 3599 sacratissimus
3074 3545 3278 3602 Paulus
3336 3548 3652 3619 scripserit,

2072 3632 2274 3699 debere
2301 3646 2402 3687 nos
2431 3651 2450 3685 ι
2490 3634 2718 3690 consilia
2759 3634 3065 3699 destruere,
3097 3647 3152 3691 et
3195 3651 3412 3692 omnem
3462 3640 3650 3694 altitu-

2071 3722 2255 3781 dinem
2275 3726 2621 3781 extollentem
2656 3740 2719 3781 se
2745 3728 3003 3782 adversus
3052 3729 3335 3785 scientiam
3371 3729 3495 3796 Dei,
3517 3742 3571 3787 et
3599 3734 3651 3788 in

2071 3819 2442 3888 captivitatem
2479 3818 2724 3888 redigere
2752 3833 2968 3872 omnem
3019 3818 3351 3873 intellectum
3404 3824 3454 3875 in
3489 3824 3648 3878 obse-

2072 3911 2259 3978 quium
2295 3908 2492 3960 Christi
2522 3908 2588 3960 ⁸⁷.
2630 3926 2649 3958 ι
2689 3906 2956 3959 Caeterum
2987 3907 3226 3961 Italiesne
3266 3909 3367 3960 alia
3416 3925 3653 3967 comme-

2073 3998 2330 4052 moranda
2348 3997 2542 4064 quibus
2562 3996 2663 4064 ipsi
2685 3995 3053 4061 offenduntur,
3075 4007 3128 4051 et
3145 3999 3211 4052 ad
3231 4000 3459 4068 lapidem
3485 4001 3653 4057 uli‘en-

2072 4090 2235 4145 diculi
2265 4087 2487 4143 iudaice
2522 4088 2867 4158 impingunt?

2143 4181 2205 4234 Β.
2264 4179 2451 4235 Habeo
2475 4181 2713 4260 .quidem
2745 4178 3025 4250 complura
3074 4197 3194 4251 qna:
3241 4184 3519 4253 sigillatim
3568 4188 3653 4241 di-

2072 4274 2244 4329 cendo
2267 4285 2587 4344 persequar.
2643 4272 2809 4325 Aiunt
2852 4274 3033 4340 itaque
3078 4273 3353 4329 Christum
3409 4279 3652 4333 sanctiu-

2074 4374 2253 4420 catum
2290 4380 2320 4418 a
2357 4363 2539 4419 Patre.
2575 4362 2851 4433 Scriptum
2882 4374 2963 4419 est
2987 4366 3131 4421 enim
3163 4384 3176 4422 :
3217 4384 3235 4418 ι
3292 4365 3360 4422 Ει
3414 4370 3656 4423 ιεειίιιιοο

397 4474 532 4511 πται
561 4458 690 4528 γὰρ,
716 4459 795 4510 ὅτι
820 4458 913 4510 καὶ
945 4476 964 4507 ι
1006 4456 1421 4527 Ἐμαρτύρησεν
1461 4455 1715 4526 Ἰωάννης
1757 4456 1966 4526 λέγων,

2077 4457 2223 4513 nium
2282 4456 2530 4526 perhibet
2580 4453 2850 4522 Joannes,
2914 4456 3102 4511 dicens
3159 4476 3173 4512 :
3224 4455 3345 4511 Vidi
3393 4458 3654 4529 Spiritum

396 4551 479 4606 ὅτι
506 4549 784 4619 Τεθέαμαι
810 4548 872 4601 τὸ
903 4547 1127 4617 Πνεῦμα
1156 4546 1485 4600 καταϐαῖνον
1513 4546 1573 4610 ἐξ
1590 4547 1844 4618 οὐρανοῦ,
1876 4550 1971 4602 καὶ

394 4643 610 4715 ἔμεινεν
655 4644 741 4695 ἐπ’
787 4641 971 4704 αὑτὸν,
1023 4640 1178 4708 κάγὼ
1221 4640 1322 4692 οὐκ
1365 4634 1508 4693 εἶδον
1553 4639 1737 4703 αὐτὸν,
1791 4639 1905 4693 ἀλλ’
1942 4641 1972 4694 ὁ

395 4736 620 4804 πέμψας
655 4752 720 4805 με
754 4732 1039 4805 βαπτίζειν
1086 4735 1144 4786 ὲν
1191 4731 1363 4798 ῦδατι,
1400 4731 1605 4794 ὲκεῖνός
1658 4747 1746 4801 μοι
1797 4730 1970 4786 εἶπενο

409 4828 525 4896 Ἐφ’
553 4828 612 4879 ὃν
644 4826 710 4879 ἂν
742 4827 856 4898 ἴδῃς
887 4826 948 4877 τὸ
978 4823 1203 4894 Πνεῦμα
1232 4822 1561 4877 καταϐαῖνον
1586 4823 1679 4875 καὶ
1709 4823 1868 4893 μένον
1886 4826 1986 4877 ἐπ’

398 4918 582 4980 αὐτὸν,
614 4908 769 4979 οὗτός
804 4919 954 4969 ἐστιν
993 4916 1022 4967 ό
1052 4912 1331 4984 βαπτίζων
1366 4914 1424 4965 ὲν
1451 4912 1531 4983 τῷ
1577 4912 1855 4982 Πνεύματι
1894 4913 1974 4984 τῷ

401 5012 559 5079 ἁγίῳ.
601 5008 772 5077 Κάγὼ
803 5008 1028 5078 ἑώρακα
1060 5006 1156 5061 καὶ
1204 5005 1648 5077 μεμαρτύρηκα,
1700 5007 1780 5059 ὅτι
1819 5001 1973 5070 οὗτός

398 5104 547 5153 ἐστιν
574 5102 603 5151 ό
630 5100 755 5163 Υίὸς
784 5099 881 5152 τοῦ
928 5098 1082 5152 Θεοῦ.
1121 5117 1140 5149 ι
1178 5098 1429 5169 Γέγραφε
1472 5097 1529 5149 δὲ
1557 5098 1652 5149 καὶ
1691 5098 1719 5149 ὁ
1758 5096 1971 5161 Παῦλος

400 5194 526 5261 περὶ
556 5190 741 5244 αὑτοῦ·
776 5192 876 5243 ιὈ
906 5207 966 5244 τε
996 5190 1105 5258 γὰρ
1133 5190 1375 5257 ἁγιάζων
1414 5189 1507 5241 καὶ
1536 5190 1584 5241 οἰ
1620 5190 1971 5261 ἁγιαζόμενοι

400 5283 460 5346 ὲξ
486 5284 599 5345 ἑνὸς
627 5283 847 5344 πάντες.
884 5301 903 5333 ι
945 5280 1264 5350 Ἀγνιασθείη
1290 5282 1397 5352 γὰρ
1424 5281 1626 5350 ἥκιστά
1648 5298 1711 5349 γε
1741 5281 1874 5345 Θεὸς
1898 5282 1975 5335 ὢν

399 5377 429 5427 ό
469 5375 638 5440 Λόγος
690 5375 783 5425 καὶ
834 5373 986 5441 ἅγιος
1042 5374 1183 5425 κατά
1233 5375 1411 5441 φύσιν.
1464 5373 1723 5425 Λείπεται
1769 5372 1833 5444 δὴ
1880 5371 1975 5429 οὖν

400 5464 662 5534 ὴγιάσθαι
716 5466 894 5532 λέγειν
948 5465 1038 5517 τὸν
1095 5464 1367 5535 ληφθέντα
1424 5465 1555 5535 παρ’
1611 5463 1778 5517 αὐτοῦ
1833 5466 1973 5520 κατά

404 5555 698 5623 συνάφειαν
734 5554 1038 5622 ἄνθρωπον.

478 5731 521 5760 ⁸³
555 5728 662 5781 Luc
698 5743 737 5791 ι,
780 5727 861 5779 15.

2077 4549 2491 4605 descendentem
2523 4546 2676 4616 quasi
2723 4548 3030 4602 columbam
3071 4550 3137 4604 de
3177 4552 3333 4613 caelo,
3375 4562 3426 4604 et
3460 4556 3657 4609 mansit

2077 4655 2239 4710 super
2270 4655 2416 4703 eum,
2448 4648 2501 4693 et
2533 4653 2633 4709 ego
2680 4640 2987 4694 nesciebam
3033 4654 3156 4694 eum
3196 4642 3330 4695 :sed
3363 4645 3457 4710 qui
3509 4645 3656 4698 misit

2080 4746 2166 4785 me
2195 4730 2466 4801 baptizare
2498 4730 2550 4783 in
2581 4746 2741 4798 aqua,
2775 4730 2859 4783 ille
2888 4731 3017 4784 mihi
3053 4732 3187 4784 dixit
3217 4750 3230 4786 :
3272 4730 3448 4800 Super
3493 4750 3653 4803 quem

2080 4823 2279 4878 videris
2301 4820 2565 4892 Spiritum
2595 4811 3038 4887 descendentem:
3062 4832 3116 4876 et
3148 4834 3454 4879 manentem
3491 4840 3656 4895 super

2075 4928 2220 4976 eum,
2259 4912 2347 4967 hic
2375 4924 2460 4967 est
2489 4912 2578 4981 qui
2617 4913 2855 4981 baptizat
2885 4912 2937 4966 in
2974 4912 3182 4982 Spiritu
3211 4926 3422 4968 saneto.
3457 4913 3520 4968 Et
3551 4932 3651 4983 ego

2079 5004 2208 5063 vidi,
2242 5013 2293 5057 et
2335 5004 2702 5057 tesﬁmoninm
2766 5003 3012 5072 perhibui
3068 5007 3189 5074 quia
3239 5004 3327 5058 hic
3377 5020 3455 5060 est
3490 5006 3657 5063 Filius

2080 5095 2171 5148 Dei
2204 5092 2270 5147 ⁸⁸.
2307 5114 2324 5146 ι
2361 5095 2499 5161 Quin
2528 5103 2580 5149 et
2618 5093 2816 5147 Paulus
2850 5098 2916 5149 de
2952 5097 3066 5164 ipso
3090 5097 3345 5165 scripsit:
3378 5114 3399 5147 ι
3434 5098 3658 5152 Sacriﬁ-

2081 5202 2211 5241 cans
2244 5187 2386 5239 enim
2419 5195 2475 5239 et
2514 5184 2836 5241 sanctiﬁcati
2899 5202 2965 5242 ex
3021 5204 3127 5243 uno
3170 5205 3359 5242 omnes
3391 5189 3457 5243 η.
3504 5211 3521 5241 ι
3552 5190 3661 5243 Νεο-

2083 5294 2188 5348 que
2217 5280 2359 5332 enim
2394 5276 2654 5344 Verbum,
2696 5294 2816 5333 cum
2846 5279 2917 5333 sit
2951 5280 3109 5346 Deus,
3144 5289 3203 5334 ct
3238 5295 3304 5335 ex
3343 5296 3438 5334 sua
3466 5290 3657 5335 natura

2082 5379 2322 5434 sanctus,
2364 5369 2763 5425 sanctificatum
2815 5369 2937 5428 fuit.
3003 5372 3263 5442 Superest
3318 5373 3482 5441 igitur
3534 5388 3659 5426 san-

2081 5462 2376 5517 ctificatum
2419 5461 2588 5517 fuisse
2621 5463 2893 5518 hominem
2949 5481 3109 5534 quem
3168 5481 3261 5534 per
3315 5464 3653 5535 canjunctio-

2082 5568 2203 5608 nem
2230 5556 2543 5624 assumpsit.

934 5727 978 5757 "
1011 5726 1164 5782 Joau.
1193 5744 1273 5795 ιιι,
1298 5729 1386 5783 5i.
1460 5730 1502 5761 ⁸⁷
1528 5731 1568 5784 ιι
1593 5731 1716 5788 Cor.
1752 5747 1802 5797 x,
1836 5733 1956 5793 4,5.

2071 5736 2076 5764 '
2107 5732 2263 5787 Joan.
2299 5749 2338 5798 ι,
2376 5732 2447 5787 52
2472 5731 2561 5786 54.
2638 5734 2682 5765 ⁵⁸
2714 5732 2877 5788 Hebr.
2916 5749 2976 5797 ιι,
3011 5734 3095 5790 ii.
