4078 6264
553 276 690 330 1319

548 491 710 548 quem
742 473 981 544 Spiritus
1000 470 1283 527 manifeste
1315 472 1615 538 descendit,
1673 473 1726 527 in
1773 483 1965 529 sancto
2010 471 2135 543 Spi-

552 569 657 624 ritu
690 565 928 635 baptiaat
957 603 979 631 ,
1016 577 1190 632 eaque
1244 572 1471 633 praestat
1517 578 1637 633 quae
1669 562 1767 618 soli
1798 563 1995 620 divinae
2032 581 2132 620 na-

552 669 690 714 tura:
715 666 846 710 sunt
873 654 1092 725 propria
1119 652 1660 709 ?Sanctiﬁcationem
1712 655 1859 710 enim
1907 655 2135 726 largitur

552 758 715 818 atque
732 746 1057 817 suppeditat.
1082 743 1233 812 Quod
1257 744 1472 813 quidem
1492 744 1878 803 demonstrans
1897 746 2134 803 Verbum

552 841 831 911 proprium
900 853 1055 893 suum
1131 836 1336 891 bonum
1395 852 1537 904 esse,
1598 838 1879 907 inspiravit
1933 840 2137 895 sanctis

554 931 835 1001 apostolis,
890 929 1079 985 dicens
1125 944 1140 982 :
1187 928 1489 999 «Accipite
1531 928 1793 999 Spiritum
1842 940 2133 987 sanctum:

552 1034 999 1094 quorumcunque
1053 1020 1373 1075 remiseritis
1434 1030 1654 1090 peccata
1675 1061 1691 1088 ,
1724 1022 2084 1078 remittuntur
2116 1041 2131 1081 :

552 1127 998 1187 quorumcunque
1017 1111 1379 1176 retinueritis,
1426 1120 1639 1167 retenta
1701 1122 1826 1167 sunt
1865 1114 1931 1168 “.
1964 1133 1983 1167 ι
2022 1115 2139 1180 Quo

553 1214 710 1276 pacto
734 1215 921 1259 autem
957 1203 1355 1259 sanctiﬁcatum
1382 1202 1823 1259 manifestissime
1850 1207 2140 1260 ostendens

555 1300 767 1353 divinus
825 1297 1089 1365 Baptista,
1154 1300 1384 1348 testatus
1436 1302 1541 1356 est,
1573 1294 1715 1362 quod
1745 1294 1835 1349 hic
1879 1296 1948 1349 sit
1973 1294 2140 1351 Filius

556 1389 671 1453 Dei,
727 1386 1076 1457 singulariter
1107 1401 1170 1439 ac
1205 1383 1354 1438 solus
1384 1384 1406 1437 ?
1440 1382 1745 1453 Oportebat
1805 1387 1947 1440 enim
1997 1387 2141 1442 hunc

554 1478 707 1533 orbis
763 1486 1030 1530 terrarum
1096 1475 1391 1534 doctorem,
1423 1472 1467 1525 si
1521 1474 1679 1527 modo
1711 1474 1877 1528 alium
1933 1490 1962 1527 a
2014 1490 2140 1530 vero

555 1569 691 1623 Filio
714 1565 1092 1637 cognoscebat,
1126 1563 1201 1617 rei
1240 1565 1524 1618 veritatem
1565 1564 1861 1632 explicare,
1914 1574 2139 1633 aperte-

556 1675 663 1729 que
689 1658 909 1711 dicere:
939 1654 1040 1711 Hic
1066 1665 1152 1710 est
1196 1655 1289 1724 qui
1325 1654 1533 1710 ratione
1579 1655 1977 1723 coniunctionis
2014 1673 2137 1713 cum

1541 269 1600 324 S.
1639 264 1914 323 CYRILLI
1953 264 2423 323 ALEXANDRINI
2462 266 2779 323 ARCHIEP.

620 389 688 439 A.
715 380 877 450 Atqui
917 379 1186 448 quomodo
1238 379 1283 434 is
1345 378 1436 449 qui
1493 380 1799 448 baptizatus
1835 390 1941 446 est,
1970 392 2029 437 et
2071 382 2123 436 in

2299 385 2363 441 Λ.
2408 380 2541 440 Εἶτα
2574 385 2691 449 πῶς
2722 386 2751 438 ό
2798 383 3233 454 βεδαπτισμένος

3610 268 3727 333 1590

3263 424 3275 447 ,
3322 384 3409 435 καὶ
3442 386 3530 456 τὴν
3559 388 3733 464 ἐμφανῆ

2236 472 2333 526 τοῦ
2367 472 2686 544 Πνεὺματος
2708 473 2886 528 λαϐὼν
2910 472 3316 542 καταφοίτησιν,
3339 474 3393 526 ὲν
3419 474 3547 545 ἁγίῳ
3576 477 3732 545 βαπτί.

2236 564 2321 627 ζει
2357 565 2657 635 Πνεύματι,
2689 566 2784 620 καὶ
2804 565 2871 619 τά
2898 564 3032 635 μόνῃ
3064 562 3339 633 πρέποντα
3367 565 3454 618 καὶ
3482 566 3664 621 ἐοικότα
3682 574 3734 642 τῇ

2235 657 2356 728 θείᾳ
2392 658 2551 725 φύσει
2597 658 2823 728 πληροῖς
2871 656 3120 727 Χορηγὸς
3150 657 3256 727 γάρ
3304 657 3442 710 ἔστιν
3480 658 3736 731 άγιασμοῦ,

2235 748 2329 801 καὶ
2358 748 2517 802 τοῦτο
2543 748 2776 814 δεικνὺς,
2807 748 2883 811 ὼς
2914 748 3045 800 ἴδιον
3094 746 3294 815 ἀγαθὸν
3319 748 3347 799 ό
3376 747 3740 819 ὲνανθρωπήσας

2234 839 2429 908 Λόγος,
2459 840 2810 911 σωματικῶς,
2837 840 3141 909 ὲνέφυσησε
3158 841 3268 903 τοῖς
3298 840 3463 907 ἁγίοις
3478 841 3742 905 ἀποστόλοις

2236 931 2431 1001 λέγων·
2466 952 2482 983 ι
2504 933 2711 987 Λάϐετε
2745 932 2971 1003 Πνεῦμα
3001 931 3180 1001 ἆγιον·
3221 933 3285 986 ἀν
3315 948 3468 985 τινων
3492 932 3645 1002 ἀφῆτε
3667 934 3743 997 τὰς

2238 1022 2533 1095 ἁμαρτίας,
2553 1022 2821 1091 ἀφίενται·
2842 1022 2907 1077 άν
2930 1041 3092 1078 τινων
3113 1023 3367 1092 κρατῆτε,
3382 1026 3741 1093 usurpat-avrata

2238 1113 2364 1176 Πῶς
2392 1114 2448 1167 δὲ
2473 1114 2565 1167 τὸν
2612 1116 2944 1185 ἡγιασμένον
2974 1114 3342 1185 ἐναργέστατα
3386 1115 3697 1178 καταδεικνὺς
3726 1117 3747 1168 ό

2240 1203 2524 1266 θεσπέσιος
2548 1205 2879 1277 Βαπτιστὴς,
2906 1205 3349 1276 μεμαρτύρηκεν,
3369 1206 3447 1259 ὅτι
3465 1200 3612 1268 Οὗτός
3632 1208 3747 1257 ἐστιν

2238 1295 2266 1346 ό
2301 1293 2428 1356 Υίὸς
2471 1294 2565 1348 τοῦ
2604 1294 2775 1362 Θεοῦ,
2814 1295 3117 1366 μοναδικῶς
3152 1296 3249 1349 καὶ
3298 1295 3591 1367 ἐνάρθρωςς
3632 1297 3746 1349 Ἔδει

2244 1381 2347 1453 γὰρ
2377 1382 2506 1437 ὄντα
2537 1384 2636 1455 τῆς
2677 1384 2765 1452 ὑφ’
2812 1385 2945 1455 ἡλίῳ
2992 1386 3372 1454 μυσταγωγὸν,
3417 1387 3465 1439 εῐ
3503 1403 3579 1438 πω
3603 1386 3748 1456 ἕτερον

2239 1472 2370 1526 ὄντα
2424 1476 2578 1546 παρά
2618 1492 2684 1543 γε
2734 1476 2825 1529 τὸν
2872 1475 3087 1546 ἀληθῶς
3132 1477 3262 1529 Υίὸν
3307 1476 3573 1547 ⁴ίγπίστατο,
3616 1493 3747 1529 κατα-

2242 1567 2479 1635 σημᾶναι
2504 1566 2565 1619 τὸ
2590 1566 2808 1638 ἀληθὲς,
2843 1568 3069 1637 λέγοντα
3098 1570 3286 1637 σαφῶς
3308 1608 3323 1632 ,
3357 1562 3516 1633 Οὗτός
3556 1572 3693 1625 ἐστιν.
3727 1570 3748 1621 ό

2242 1655 2384 1708 κατά
2436 1656 2734 1724 συνάφειαν
2776 1657 2876 1728 τὴν
2937 1657 3073 1727 πρὸς
3116 1658 3208 1711 τὸν
3252 1660 3409 1727 φύσει
3454 1660 3541 1711 καὶ
3580 1658 3747 1725 ἀληθῶς

557 1766 623 1807 eo
654 1750 745 1819 qui
788 1757 977 1802 natura
1002 1761 1068 1801 ac
1108 1761 1235 1802 vere
1262 1746 1435 1801 Filius
1463 1756 1568 1812 est,
1624 1747 1887 1803 beneﬁcio
1924 1758 1979 1803 et
2018 1762 2134 1819 gra-

2244 1746 2391 1809 Υίδν,
2419 1746 2562 1801 δόσει
2599 1765 2660 1800 τε
2691 1748 2784 1801 καὶ
2810 1747 2994 1819 χάριτι
3028 1748 3270 1817 γεγονὼς
3302 1749 3428 1812 Υίός
3452 1766 3464 1782 ·
3493 1748 3596 1802 ἀλλ’
3634 1748 3748 1801 οὐδὲν

561 1839 632 1892 tia
696 1839 869 1891 factus
929 1845 1016 1891 est
1076 1834 1265 1891 Filius.
1334 1834 1607 1890 Caeterum
1656 1836 1787 1891 nihil
1833 1837 2139 1906 huiusmodi

561 1931 697 1983 dixit
733 1928 870 1982 :sed
912 1943 1076 1982 unum
1114 1936 1275 1997 atqtte
1307 1929 1557 1982 eumdem
1589 1942 1713 1981 esse
1745 1927 1946 1993 sciens,
1991 1938 2047 1983 et
2071 1945 2139 1984 ex

560 2024 672 2079 Deo
707 2023 865 2078 Patre
918 2021 1176 2085 Verbum,
1223 2029 1279 2075 et
1309 2036 1375 2077 ex
1404 2022 1613 2077 semine
1644 2020 1813 2076 David
1842 2022 2137 2078 secundum

559 2130 806 2180 carnem,
860 2113 1260 2169 sanctiﬁcatum
1290 2112 1504 2181 quidem
1533 2112 1630 2178 ait,
1684 2122 1952 2181 quatenus
1978 2113 2140 2167 homo

559 2212 683 2271 est;
709 2219 771 2258 ac
798 2218 985 2257 rursus
1006 2201 1369 2268 sanctiﬁcare,
1392 2210 1656 2270 quatenus
1686 2212 1769 2256 est
1804 2201 1965 2257 Deus.
2012 2202 2133 2256 Erat

563 2292 731 2356 enim,
781 2299 838 2345 ut
892 2292 1027 2350 dixi.
1090 2290 1277 2347 ethoc
1324 2299 1377 2344 et
1428 2288 1579 2343 illud.
1619 2290 1676 2343 Si
1733 2304 1862 2358 ergo
1903 2305 2010 2345 non
2057 2300 2142 2345 est

560 2383 735 2438 Iactus
765 2383 947 2445 homo,
975 2381 1018 2435 si
1057 2396 1161 2434 non
1193 2391 1350 2435 natus
1384 2389 1553 2435 estex
1584 2381 1809 2435 muliere
1840 2381 2138 2438 secundum

560 2491 802 2539 carnem,
839 2473 1000 2544 753
1035 2474 1316 2528 avellimus
1349 2473 1417 2526 ab
1459 2475 1578 2541 ipso
1632 2473 1878 2528 humanae
1933 2484 2141 2529 natura:

564 2568 952 2639 proprietates.
983 2567 1051 2619 At
1083 2568 1128 2620 si
1157 2580 1340 2619 verum
1378 2572 1459 2619 est
1484 2564 1626 2634 quod
1667 2580 1727 2620 se
1756 2565 2037 2620 demiserit
2074 2567 2139 2619 ad

561 2657 1011 2721 eximmitimicm,
1045 2667 1100 2710 ct
1147 2655 1324 2711 factus
1361 2656 1432 2710 sit
1485 2655 1654 2710 nostri
1694 2654 1906 2721 similis,
1952 2670 2139 2725 quam-

562 2749 748 2803 obrem
776 2763 837 2802 ca
872 2762 967 2816 per
1003 2762 1121 2815 qua:
1157 2746 1579 2802 cxinanitionem
1618 2746 1805 2811 subiit,
1835 2746 1936 2817 ipsi
1962 2748 2143 2803 detra-

564 2838 699 2892 hunt
734 2837 1226 2892 administrationis
1273 2837 1323 2892 in
1354 2852 1522 2893 carne
1578 2836 1868 2893 artiﬁcium
1923 2837 2142 2908 imperi-

567 2929 775 2984 tissime
820 2928 1186 2984 convellcntes
1210 2928 1232 2983 ‘I

631 3043 691 3099 Β.
723 3042 780 3097 Si
816 3057 948 3111 ergo
994 3042 1206 3098 dicatur
1252 3043 1419 3097 etiam
1476 3042 1703 3114 gloriam
1759 3046 2053 3116 accepisse,
2082 3054 2138 3101 et

557 3132 729 3189 factus
755 3142 840 3189 est
866 3132 1147 3197 Dominus,
1204 3141 1369 3202 atque
1419 3132 1685 3188 exaltatus
1730 3149 1855 3188 esse
1888 3151 1917 3187 a
1948 3135 2130 3201 Patre,

558 3221 970 3291 declaratusque
1001 3237 1123 3278 esse
1151 3236 1268 3286 rex,
1304 3222 1617 3277 ascribesne
1669 3226 1832 3277 etiam
1879 3226 1993 3279 haec
2026 3224 2137 3279 Deo

560 3312 740 3372 Verbo
765 3316 899 3369 citra
934 3313 1095 3367 ullam
1125 3313 1309 3384 gloria:
1340 3313 1509 3384 ipsius
1542 3314 1973 3370 imminutionem
2007 3317 2029 3370 ?

628 3494 693 3545 A.
724 3492 874 3559 Quod
902 3492 1119 3562 quidem
1146 3490 1240 3547 Dei
1272 3490 1431 3547 Verbi
1468 3500 1659 3546 natura
1691 3491 1837 3546 omni
1868 3493 2039 3562 gloria
2078 3502 2134 3549 et

560 3598 726 3654 regno
760 3592 924 3650 atque
948 3582 1319 3636 dominatione
1341 3597 1467 3637 vera
1508 3582 1709 3637 referta
1765 3584 1856 3648 sit,
1899 3599 2132 3653 quonam

559 3682 717 3745 pacto
756 3672 989 3742 cuipiam
1031 3672 1251 3727 dubium
1285 3686 1405 3726 esse
1455 3682 1638 3741 queat,
1665 3677 1919 3744 quodque
1950 3676 2130 3748 divina

560 3765 793 3836 dignitas
819 3764 1203 3819 convenienter
1229 3764 1276 3817 ei
1309 3764 1617 3818 tribuatur?
1653 3764 1787 3820 Cum
1812 3781 1939 3820 vero
1962 3766 2136 3823 factus

558 3866 642 3911 est
670 3858 851 3921 homo,
900 3857 984 3911 cui
1007 3857 1189 3910 omnia
1217 3867 1343 3911 sunt
1381 3856 1508 3910 data
1557 3867 1719 3926 atque
1766 3858 2026 3923 ascititia,
2070 3874 2135 3913 ea

558 3950 771 4005 ratione
818 3950 1030 4003 tametsi
1087 3950 1342 4005 omnibus
1389 3949 1646 4014 abundet,
1683 3959 1740 4005 et
1784 3966 1853 4005 ex
1889 3967 1984 4006 sua
2018 3952 2132 4021 ple-

560 4040 802 4093 nitudine
835 4038 1086 4093 omnibus
1114 4038 1479 4108 impartiatur,
1520 4040 1755 4095 humano
1791 4056 1939 4098 more
1986 4044 2133 4098 acci-

559 4130 653 4199 pit,
706 4144 1011 4199 novutnque
1038 4138 1123 4184 est
1171 4138 1226 4185 et
1261 4129 1560 4185 inauditum
1620 4132 1670 4185 in
1719 4130 1937 4187 Christo
1967 4135 2134 4189 mira~

557 4220 759 4285 culum,
810 4221 862 4272 in
934 4220 1113 4274 servili
1167 4218 1364 4284 forma,
1419 4207 1841 4283 dominatio’;in
1902 4224 2134 4277 humana

559 4309 842 4384 tenuitate,
877 4306 1045 4375 gloria
1081 4305 1282 4371 divina,
1326 4318 1379 4360 et
1422 4308 1568 4374 regia
1607 4308 1842 4376 dignitas
1870 4311 1922 4362 in
1964 4314 2133 4364 servi-

2244 1839 2343 1907 μὲν
2387 1838 2490 1907 ἔφη
2535 1837 2796 1899 τοιοῦτον.
2849 1839 2945 1892 ἕνα
2974 1838 3032 1892 δὲ
3066 1841 3156 1892 καὶ⁵
3183 1839 3276 1893 τὸν
3304 1840 3461 1893 αὑτὸν
3486 1840 3601 1892 ὄντα
3627 1838 3749 1906 γινώ-

2243 1944 2408 1991 σκων,
2440 1929 2532 1980 καὶ
2561 1929 2626 1980 ὲκ
2647 1928 2783 1981 Θεοῦ
2824 1928 3038 2000 Πατρὸς
3062 1928 3257 1998 Λόγον,
3290 1929 3381 1982 καὶ
3411 1931 3471 1982 ὲκ
3494 1929 3750 1999 σπέρματος

2239 2017 2332 2070 τοῦ
2362 2016 2526 2071 Δαῦὶδ
2572 2017 2715 2071 κατά
2749 2018 2948 2089 σάρκα,
2978 2019 3309 2089 ἀγιασθῆναι
3347 2018 3442 2088 μέν
3471 2034 3610 2088 φησι.
3650 2015 3750 2069 καθὸ

2240 2109 2545 2180 ἄνθρωπος,
2581 2107 2830 2177 ἀγιάζειν
2872 2108 2928 2161 δὲ
2966 2105 3056 2175 αὖ,
3102 2108 3242 2163 καθὸ
3289 2110 3485 2162 νοεῖται
3512 2107 3643 2169 Θεός.
3671 2101 3751 2157 Ἦν

2241 2201 2371 2270 γὰρ,
2403 2200 2477 2263 ὠς
2509 2200 2667 2269 ἔφην,
2694 2201 2752 2252 ὲν
2781 2200 2927 2270 αὑτῷ
2955 2200 3109 2254 τοῦτο
3136 2202 3380 2255 κάκεῖνο.
3408 2201 3467 2253 El
3498 2199 3587 2269 μὲν
3610 2193 3685 2251 οὖν
3705 2196 3750 2248 οὐ

2242 2289 2467 2356 γέγονεν
2497 2287 2804 2360 ἄνθρωπος,
2832 2289 2880 2341 εί
2910 2290 2984 2359 μὴ
3021 2290 3348 2361 γεγέννηται
3374 2288 3508 2343 κατὰ
3533 2288 3684 2358 σάρκα
3704 2287 3750 2339 ἐκ

2241 2380 2501 2449 γυναικὸς
2528 2420 2542 2444 ,
2576 2378 2955 2451 ἀποσοϐοῦμεν
2992 2380 3157 2434 αὑτοῦ
3194 2385 3265 2435 τὰ
3296 2380 3607 2451 ἀνθρώπινα.
3643 2378 3753 2431 Elii

2241 2470 2457 2542 ἀληθὲς,
2499 2472 2581 2523 ὅτι
2609 2468 2795 2532 καθεὶς
2831 2470 3022 2522 ἑαυτὸν
3056 2473 3135 2533 εἰς
3184 2471 3415 2523 κένωσιν
3456 2470 3624 2538 γέγονε
3663 2467 3750 2521 καθ’

2242 2565 2408 2635 ἡμᾶς,
2454 2562 2678 2616 ἁνθότου
2728 2563 2795 2615 τὰ
2840 2562 2906 2614 δι’
2955 2556 3029 2616 ὧν
3077 2562 3141 2616 ἂν
3190 2566 3362 2616 νοοῖτο
3411 2561 3750 2630 κεκενωμένος.

2242 2655 2534 2723 ἀφιστᾶσιν
2576 2654 2739 2706 αὑτοῦ
2766 2695 2781 2717 ,
2811 2654 2909 2723 τῆς
2957 2653 3095 2722 μετά
3146 2654 3355 2725 σαρκὸς
3396 2655 3669 2724 οἰκονομίας
3710 2650 3753 2701 τὸ

2242 2745 2491 2812 εὑτεχνὲς
2520 2744 2858 2798 ἀϐουλότατα
2889 2743 3300 2814 παραλῦοντες;

2312 3022 2373 3074 Β.
2422 3022 2544 3075 Ἐὰν
2578 3017 2668 3074 οῦν
2698 3021 2951 3091 λέγηται,
2984 3024 3076 3076 καὶ
3106 3024 3270 3091 δόξαν
3300 3025 3496 3091 λαϐεῖν,
3528 3026 3611 3079 καὶ
3638 3022 3755 3093 γινέ-

2240 3115 2361 3167 σθαι
2402 3115 2623 3185 Κὺριος,
2652 3115 2929 3185 ὑψωθῆναί
2963 3133 3022 3167 τε
3064 3119 3221 3187 παρὰ
3255 3119 3347 3172 τοῦ
3389 3120 3600 3190 Πατρός,
3624 3133 3754 3171 κατο-

2239 3206 2428 3276 στῆναι
2455 3206 2511 3258 δὲ
2548 3207 2639 3259 καὶ
2672 3207 2923 3276 βασιλεὺς
2942 3244 2957 3270 ,
2998 3208 3232 3277 ἀνάψεις
3262 3210 3369 3281 ἄρα
3414 3211 3501 3264 καὶ
3528 3209 3676 3263 ταῦτα

2237 3296 2355 3367 Θεῷ
2393 3298 2570 3367 Λόγῳ,
2617 3300 2711 3351 καὶ
2738 3299 2798 3351 οὑ
2846 3298 3022 3369 πάντη
3056 3316 3115 3352 τε
3158 3304 3258 3355 καὶ
3300 3303 3509 3364 πάντως
3533 3300 3755 3370 ἀδικήσεις

2238 3386 2402 3439 αὑτοῦ
2432 3388 2529 3456 τὴν
2566 3386 2721 3451 δόξαν
2739 3405 2753 3453 ;

2310 3481 2375 3530 Λ.
2408 3480 2527 3531 Ὅτι
2574 3479 2672 3547 μὲν
2717 3475 2831 3542 οὖν,
2859 3481 3016 3551 δόξης
3048 3498 3104 3534 τε
3140 3482 3239 3534 καὶ
3280 3481 3543 3552 βασιλείας
3585 3482 3662 3534 καὶ
3685 3496 3757 3532 κν-

2241 3567 2484 3639 ριότητος
2510 3569 2763 3639 ἀληθοῦς,
2789 3572 2823 3640 ἡ
2853 3570 2947 3623 τοῦ
2977 3571 3110 3625 Θεοῦ
3138 3574 3317 3643 Λόγου
3352 3576 3659 3646 μεμέστωται
3680 3569 3757 3639 φύε

2239 3676 2348 3723 σις,
2400 3659 2516 3722 πῶς
2548 3660 2613 3713 ἂν
2643 3661 2931 3715 ὲνδοιάσειέ
2962 3680 3077 3729 τις;
3113 3665 3399 3736 ἀραρότως
3430 3666 3483 3718 δὲ
3509 3667 3581 3719 ὅτι
3609 3664 3687 3718 καὶ
3712 3667 3758 3716 ἐν

2238 3749 2492 3819 ὑψώμασι
2535 3753 2735 3803 νοεῖται
2789 3754 2902 3814 τοῖς
2958 3751 3481 3823 οεοπρεπεστάτοις;
3515 3754 3673 3827 ἐπειδὴ
3715 3750 3757 3803 ἃ

2236 3843 2475 3913 πέφηνεν
2509 3842 2813 3913 ἄνθρωπος,
2841 3837 3089 3921 πάντα
3120 3847 3240 3899 ἐστὶ
3270 3846 3401 3900 δοτά
3426 3849 3511 3901 καὶ
3535 3850 3756 3912 εἰσκεκριι

2239 3936 2406 4005 μένα,
2438 3934 2608 4005 ταύτῃ
2635 3952 2715 3988 τοι
2754 3935 2966 4007 πλήρης
2999 3936 3263 4007 ὑπάρχων
3293 3940 3387 3991 καὶ
3421 3939 3477 4003 ἐξ
3498 3939 3616 3991 ἰδίου
3648 3935 3755 4003 πληο

2239 4024 2488 4095 ρώματος
2515 4026 2647 4078 πᾶσι
2669 4025 2864 4090 διδοὺς,
2887 4026 3248 4096 ἀνθρωπίνως
3274 4029 3502 4099 δέχεται,
3526 4030 3614 4099 τὴν
3635 4026 3757 4097 ἡμῶν

2237 4116 2511 4186 πτωχείαν
2539 4116 2923 4186 οἰκειούμενος,
2946 4118 3038 4170 καὶ
3067 4113 3134 4189 ἦν
3159 4120 3327 4189 ἄηθες
3359 4137 3415 4173 τε
3450 4122 3537 4173 καὶ
3566 4120 3693 4197 ξένον
3714 4118 3757 4168 ὲν

2234 4208 2454 4280 Χριστῷ
2483 4208 2543 4262 τὸ
2571 4208 2890 4280 παράδοξον,
2918 4210 2975 4262 ὲν
2999 4212 3241 4283 οἰκετικῇ
3292 4216 3490 4284 μορφῇ,
3528 4212 3753 4282 κυριότης.

2235 4300 2293 4352 ὲν
2326 4299 2641 4371 ἀνθρωπίνῃ
2681 4301 3153 4371 σμικροπρεπείᾳ,
3188 4302 3317 4367 δόξα
3357 4304 3662 4374 θεοπρεπὴς,
3687 4298 3756 4353 καὶ

558 4405 692 4457 tute,
753 4402 1011 4461 quantum
1067 4396 1133 4447 ad
1186 4394 1433 4448 humanae
1495 4407 1701 4451 naturae
1767 4398 2128 4453 conditionem

2238 4390 2503 4462 βασιλείας
2547 4390 2860 4461 αὐχήμασιν
2892 4394 3355 4463 ἐστεφανωμένον,
3399 4395 3458 4448 τὸ
3488 4394 3583 4447 ὑπὸ
3609 4392 3755 4459 ζυγὸν,

557 4486 880 4547 att‘inet;et
941 4481 1214 4537 humilitas
1275 4499 1485 4538 summa
1542 4487 1834 4541 eminentia
1884 4490 2126 4557 praedita.

558 4573 754 4627 Factus
778 4582 861 4627 est
893 4572 1037 4627 enim
1076 4572 1236 4628 homo
1271 4572 1616 4645 Unigenitus,
1642 4592 1750 4631 non
1782 4588 1840 4630 ut
1870 4579 1921 4632 in
1942 4579 2129 4633 exina-

559 4666 763 4719 nitione
815 4672 1148 4734 permaneat,
1210 4666 1308 4721 sed
1348 4675 1408 4720 ut
1448 4668 1720 4737 accipiens
1772 4684 1892 4723 cum
1924 4683 1989 4723 ea
2013 4669 2132 4739 ejus

559 4756 919 4827 proprietates
951 4774 965 4823 ;
999 4756 1140 4813 Deus
1172 4766 1377 4813 utatnen
1437 4760 1756 4815 naturaliter
1794 4776 1913 4818 esse
1967 4764 2129 4819 etiam

557 4848 661 4903 hoc
678 4854 833 4917 pacto
852 4847 1203 4920 intelligatur,
1228 4850 1570 4921 hominisque
1593 4859 1835 4906 naturam
1866 4852 1920 4907 in
1951 4854 2133 4924 seipso

557 4939 811 5005 illustret,
841 4954 1120 4995 sacrarum
1155 4958 1218 4996 ac
1244 4943 1547 4998 divinarum
1592 4943 1919 5014 dignitatum
1957 4944 2129 5014 parti-

557 5032 728 5103 cipem
789 5031 960 5102 ipsam
1010 5032 1314 5090 declarans.
1383 5035 1516 5090 Nam
1574 5045 1631 5091 et
1691 5037 1863 5092 sancti
1910 5036 2129 5102 Filium,

557 5126 721 5177 etiam
772 5131 1055 5193 postquam
1102 5122 1279 5180 factus
1332 5136 1417 5180 est
1455 5127 1638 5191 homo,
1675 5127 1897 5198 gloriam
1929 5128 2022 5183 Dei
2065 5144 2128 5185 ac

557 5214 758 5279 Patris,
820 5223 876 5271 et
930 5230 1112 5287 regem
1173 5232 1238 5271 ac
1287 5217 1571 5271 Dominum
1624 5219 1920 5290 appellant.
1964 5219 2131 5276 Isaias

559 5310 702 5360 enim
736 5306 807 5360 ita
843 5307 958 5362 ait:
996 5326 1015 5359 ι
1067 5307 1219 5363 Sicut
1273 5307 1431 5363 homo
1479 5309 1774 5365 vindemiat
1808 5311 2005 5377 oleam,
2056 5312 2130 5365 ita

561 5395 965 5450 vindemiabunt
994 5411 1106 5463 eos,
1134 5407 1190 5451 et
1221 5399 1434 5465 quando
1483 5403 1781 5455 cessaverit
1838 5402 2127 5468 vindemia,

564 5485 650 5539 isti
678 5502 809 5540 voce
844 5486 1172 5543 clamabunt.
1220 5486 1320 5555 Qui
1351 5505 1477 5546 vero
1506 5492 1679 5548 relicti
1714 5492 1916 5549 fuerint
1965 5508 2128 5563 super

630 5656 673 5686 “
699 5652 857 5707 Joan.
887 5671 976 5721 xx,
1012 5658 1206 5717 22-23.

2234 4484 2293 4534 τό
2326 4499 2389 4550 γε
2414 4476 2542 4553 ἧκον
2571 4484 2650 4543 είς
2676 4482 3093 4551 ἀνθρωπότητος
3124 4485 3345 4554 μέτρον,
3375 4485 3465 4537 καὶ
3488 4487 3541 4536 ὲν
3571 4478 3763 4550 ὑπερτά-

2236 4592 2355 4637 ταις
2386 4574 2713 4644 ὑπεροχαῖς,
2746 4572 2808 4625 τὸ
2832 4574 3101 4627 ταπεινόν.
3128 4575 3323 4642 Γέγονε
3350 4575 3456 4645 γὰρ
3475 4568 3758 4645 ἀνθρωποςὸ

2236 4665 2565 4736 Μονογενὴς,
2607 4666 2705 4735 οὑχ
2736 4665 2822 4717 ἵνα
2851 4667 2962 4729 τοῖς
3008 4668 3105 4737 τῆς
3154 4664 3430 4729 κενώσεως
3476 4660 3759 4732 ὲναπομείνῃ

2241 4756 2480 4828 μέτροις,
2506 4755 2620 4809 ἀλλ’
2645 4756 2731 4808 ἵνα
2755 4754 2935 4809 λαϐὼν
2964 4756 3059 4809 σὺν
3089 4757 3223 4829 αὑτῇ
3254 4757 3321 4811 τὰ
3353 4756 3535 4826 αὑτῆς,
3564 4752 3678 4815 Θεὸς
3699 4748 3758 4804 ὣν

2237 4849 2417 4918 φύσει,
2450 4847 2545 4901 καὶ
2577 4846 2718 4900 οὑτω
2751 4847 3104 4920 γνωρίζηται,
3141 4851 3234 4903 καὶ
3263 4850 3360 4921 τὴν
3395 4847 3487 4901 τοῦ
3512 4842 3756 4917 ἀνθρώπου

2233 4938 2615 5010 κατασεμνὺνῃ
2663 4938 2827 5007 φύσιν
2867 4938 2955 5007 ἐφ’
2995 4939 3188 5009 ἑαυτῷ,
3223 4940 3443 5010 μέτοχον
3466 4937 3621 5008 αὐτὴν
3647 4935 3755 4988 om

2234 5031 2400 5102 φήνας
2461 5028 2622 5101 ἱερῶν
2666 5030 2760 5085 καὶ
2808 5028 2969 5084 θείων
3013 5028 3368 5111 ἀξιωμάτων·
3410 5029 3687 5098 εὑρήσομεν
3712 5021 3755 5074 δὲ

2232 5124 2327 5177 καὶ
2350 5123 2544 5186 αὑτοὺς
2571 5123 2697 5185 τοὺς
2726 5120 2937 5191 ἁγίους,
2968 5121 3126 5186 δόξαν
3152 5121 3503 5190 ὀνομάζοντας
3537 5118 3621 5172 τοῦ
3647 5111 3753 5168 Θεοῦ
3790 5168 3795 5177 ,

2231 5214 2325 5268 καὶ
2373 5214 2582 5287 Πατρὺς
2601 5254 2616 5279 ,
2661 5214 2755 5268 καὶ
2794 5215 2975 5283 μέντοι
3020 5214 3117 5268 καὶ
3161 5212 3399 5282 βασιλέα,
3441 5212 3530 5265 καὶ
3571 5205 3754 5278 προσέτι

2231 5307 2456 5379 Κύριον,
2484 5306 2575 5360 τὸν
2602 5306 2747 5371 Υἱὸν,
2772 5305 2865 5358 κα)⁹
2884 5306 2972 5358 ὅτε
2994 5306 3211 5374 γέγονεν
3249 5303 3541 5376 ἄνθρωπος.
3570 5297 3751 5353 Ἡσαΐας

2234 5399 2331 5469 μὲν
2364 5400 2472 5470 γὰρ
2516 5389 2618 5453 ὧδέ
2651 5415 2725 5468 πη
2772 5397 2957 5467 φησίν·
2993 5415 3012 5448 ι
3049 5399 3145 5449 Ὃν
3164 5395 3362 5467 τρόπον
3392 5395 3481 5446 ἐὰν
3515 5390 3749 5460 ἄνθρωπος

2232 5491 2542 5561 καλαμᾶται
2589 5489 2795 5557 ἐλαίαν,
2822 5486 2966 5542 οὕτω
3016 5486 3418 5559 καλαμήσονται
3448 5482 3653 5542 αὐτοὺς,
3677 5472 3747 5529 καὶ
