4078 6264
308 304 435 365 1521

1433 297 1626 367 QUOD
1664 294 1854 353 UNUS
1893 293 1999 351 SIT
2037 291 2403 352 CHRISTUS.

3436 292 3579 345 1521
3616 286 3627 296 ’

304 425 398 480 ἐὰν
439 422 717 493 παύσηται
755 422 784 475 6
812 423 1102 495 τρυγητδς,
1130 414 1276 477 οὗτοι
1305 424 1455 494 φωνῇ
1497 421 1801 493 βοήσονται·
1836 419 1885 473 οἱ

2006 431 2218 481 Lerram,
2270 412 2625 472 exsultabant
2675 425 2799 469 cum
2846 408 3018 481 gloria
3068 406 3371 465 Domini“.
3425 424 3449 463 ι
3509 404 3577 462 Et

305 519 357 572 δὲ
386 516 838 586 καταλειφθέντες
863 517 957 570 ἐπὶ
987 520 1087 588 τῆς
1110 517 1232 587 γῆς,
1263 515 1731 587 εὐφρανθήσονται
1769 512 1887 584 ἅμα

307 614 367 682 τῇ
417 611 541 682 δόξῃ
595 609 873 681 Κυρίου.»
930 610 1041 663 Καὶ
1105 609 1269 663 πάλιν
1305 609 1493 681 ἔτερος
1539 607 1649 662 τῶν
1697 606 1912 675 ἀγίων,·

312 720 329 753 ι
353 703 613 767 Φωτίζου,
638 703 827 772 φησὶν,
859 701 1237 772 Ἰερουσαλήμ·
1262 702 1386 772 ἥκει
1413 702 1521 772 γάρ
1549 718 1643 754 σου
1663 700 1723 753 τὸ
1752 698 1887 768 φῶς,

282 796 455 866 ,καὶὴ
488 795 616 859 δόξα
653 794 863 865 Κυρίου
904 794 995 847 ἐπὶ
1028 793 1088 847 σὲ
1118 793 1504 847 ἀνατέταλκεν.
1538 793 1669 846 Ἰδοὺ
1701 792 1890 855 σκότος

288 886 399 938 ’καὶ
425 885 621 954 γνόφος
643 884 877 952 καλύψει
907 883 1030 954 γῆν,
1068 885 1162 938 ἐπὶ
1180 883 1236 938 δὲ
1257 883 1317 938 σὲ
1338 886 1638 955 φανήσεται
1666 883 1886 955 Κύριος,

310 977 401 1029 καὶ
441 976 568 1043 δόξα
631 977 839 1047 Κυρίου
888 975 980 1029 ἐπὶ
1030 975 1090 1029 σὲ
1134 974 1452 1047 ὀφθήσεται.
1478 994 1497 1027 ι
1536 973 1792 1038 Ἰάκωϐός
1827 991 1890 1043 γε

312 1067 416 1136 μὴν
446 1068 473 1119 ὀ
501 1065 666 1119 αὑτοῦ
705 1065 973 1137 μαθητὴς,
1003 1084 1021 1117 ι
1053 1065 1316 1135 Ἀδελφοὶ,
1347 1066 1500 1137 φησι,
1536 1064 1606 1137 μὴ
1632 1066 1691 1118 ὲν
1727 1080 1893 1136 προσ-

309 1158 645 1229 ωποληψίαις
679 1158 831 1229 ἔχετε
871 1158 972 1228 τὴν
1012 1158 1197 1212 πίστιν
1241 1156 1339 1210 τοῦ
1369 1157 1575 1227 Κυρίου
1602 1155 1755 1227 ἡμῶν
1790 1156 1893 1226 ’11]-

312 1252 401 1305 σοῦ
438 1252 674 1323 Χριστοῦ
702 1252 798 1321 τῆς
824 1250 1000 1323 δόξης.
1031 1270 1050 1302 ι
1088 1252 1296 1322 Πέτρος
1342 1251 1398 1304 δὲ
1424 1247 1491 1305 αὖ
1517 1253 1545 1304 6
1582 1250 1888 1314 θεσπέσιος,

318 1365 335 1397 ι
369 1346 430 1399 Εἰ
462 1345 783 1411 ὀνειδίζεσθε
823 1348 881 1399 ὲν
929 1344 1171 1416 Χριστῷ,
1213 1345 1473 1417 μακάριοί
1515 1348 1639 1399 ἐστε
1671 1344 1769 1416 τῆς
1803 1345 1889 1399 δό-

313 1436 429 1508 ξης,
471 1439 565 1491 καὶ
594 1438 656 1491 τὸ
686 1434 779 1491 τοῦ
820 1436 955 1491 Θεοῦ
986 1436 1213 1509 Πνεῦμα
1244 1438 1327 1506 ἐφ’
1375 1437 1519 1508 ὑμᾶς
1569 1436 1892 1491 ἀναπέπαυ-

311 1545 419 1583 ται.
446 1548 465 1580 ὶ

383 1619 443 1672 Β.
476 1619 655 1689 Φρὰζε
684 1620 740 1673 δὲ
769 1621 916 1683 ὅπως
947 1621 1083 1691 πρὸς
1123 1619 1281 1690 ἡμῶν
1318 1621 1553 1674 νοεῖσθαι
1587 1619 1789 1693 πρέπει
1833 1620 1895 1673 τὸ

313 1712 442 1783 περὶ
472 1711 710 1782 Χριστοῦ
743 1713 1148 1784 γεγραμμένον,
1192 1732 1210 1764 ι
1247 1714 1343 1778 Ὃς
1386 1715 1444 1767 ὲν
1493 1716 1614 1777 ταῖς
1658 1715 1895 1785 ἡμέραις

312 1802 414 1870 τῆς
451 1802 650 1874 σαρκὸς
697 1803 898 1868 αὑτοῦ,
944 1803 1159 1872 δεήσεις
1196 1819 1254 1857 τε
1295 1805 1387 1858 καὶ
1427 1805 1709 1875 ἱκετηρίας
1757 1803 1894 1875 πρὸς

2006 1797 2215 1855 Christo
2272 1798 2537 1867 scriptum
2588 1814 2605 1852 :

313 1893 407 1946 τὸν
434 1894 729 1965 δυνάμενον
759 1895 951 1960 σώζειν
986 1896 1147 1949 αὑτὸν
1178 1897 1243 1949 ἐκ
1274 1895 1527 1959 θανάτου,
1562 1896 1701 1966 μετὰ
1729 1913 1899 1966 κραυη

314 1985 419 2053 γῆς
451 1984 677 2056 ἰσχυρᾶς
701 1985 794 2039 καλ⁵
817 1984 1072 2056 δακρύων
1101 1986 1495 2057 προσενέγκας,
1529 1987 1622 2039 καὶ
1647 1986 1901 2039 εἰσακου-

315 2076 462 2140 σθεὶς
507 2076 615 2130 ἀπὸ
656 2076 758 2148 τῆς
788 2078 1110 2144 εὐλαϐείας,
1136 2078 1335 2148 καίπερ
1374 2076 1452 2130 ὣν
1484 2076 1629 2141 Υἱὸς,
1672 2076 1894 2148 ἔμαθεν,

313 2168 405 2238 ἀφ’
430 2162 505 2222 ὧν
544 2168 734 2235 ἔπαθε,
767 2169 867 2242 τὴν
899 2170 1168 2242 ὑπακοὴν,
1200 2170 1296 2223 καὶ
1319 2168 1647 2233 τελειωθεὶς,
1682 2169 1901 2238 ἐγένετο

313 2264 425 2326 τοῖς
479 2262 844 2317 ὑπακούουσιν
891 2261 1040 2334 αὺτῷ
1080 2261 1255 2326 αἴτιος
1309 2261 1583 2333 σωτηρίας
1628 2261 1903 2316 ἀκαταλύευ

313 2370 441 2405 τουσ
471 2372 489 2403 ι
528 2354 877 2425 προσεποίσω
917 2356 973 2408 δὲ
1027 2356 1250 2409 κάκεῖνο
1288 2349 1370 2418 οἷς
1416 2355 1576 2427 ἔφην,
1613 2354 1702 2421 τὸ,
1746 2373 1766 2406 ι
1799 2354 1901 2408 Θεέ

321 2461 443 2515 μου,
483 2444 584 2498 Θεέ
630 2462 752 2516 μου,
785 2446 871 2500 ἵνα
903 2446 956 2498 τί
992 2462 1058 2516 με
1098 2445 1489 2515 ὲγκατέλιπες;
1518 2463 1536 2497 ι
1581 2442 1902 2498 ’Λπεοικότα

316 2539 428 2610 γὰρ
467 2532 606 2592 εἶναί
642 2556 777 2607 φασι
808 2539 876 2592 τὰ
907 2539 1085 2594 τοιάδε
1132 2539 1210 2611 τῷ
1244 2538 1363 2609 Θεῷ
1405 2538 1583 2609 Λόγῳ,
1614 2536 1708 2591 καὶ
1741 2537 1903 2608 ἡττῆ-

317 2626 444 2681 σθαι
469 2628 604 2681 πολὺ
631 2626 735 2697 τῆς
762 2628 985 2701 ἐνούσης
1009 2628 1288 2700 ὑπεροχῆς
1316 2627 1463 2699 αὐτῷ
1490 2627 1656 2698 φαίην
1685 2627 1770 2680 ἄν.

386 2893 451 2947 Δ.
495 2893 683 2963 Ἰσημι
730 2894 824 2947 καὶ
854 2894 1017 2958 αὐτὸς
1060 2894 1194 2963 ἐγὼ,
1228 2875 1232 2880 ’
1260 2895 1333 2965 μὴ
1372 2894 1436 2948 ἂν
1469 2895 1714 2966 ἁρμόσαι
1748 2895 1910 2950 ταυτὶ

316 2984 395 3056 τῷ
438 2986 502 3037 ὲκ
534 2984 668 3038 Θεοῦ
716 2986 961 3058 Πατρὸς.
1009 3027 1024 3041 .
1067 3030 1079 3041 .
1125 3029 1139 3043 .
1184 3029 1197 3041 .
1240 2988 1421 3058 Λόγῳ,
1453 2986 1779 3052 ὲξωσθέντος
1810 2986 1904 3041 τοῦ

317 3075 522 3143 τρόπον
559 3076 657 3145 τῆς
691 3077 1034 3148 οἰκονομίας,
1083 3078 1178 3130 καὶ
1228 3078 1328 3130 οὐκ
1370 3076 1737 3147 εἰσδεχθέντος
1770 3077 1906 3149 πρὸς

320 3167 480 3240 ἡμῶν
545 3168 670 3236 τοῦ,
722 3171 802 3223 ὅτι
854 3146 1050 3239 γέγονε
1108 3168 1246 3242 σὰρξ
1295 3170 1439 3223 κατὰ
1658 3171 1697 3223 Γ
1705 3146 1901 3242 ραφέις.
1933 3146 1977 3204 C

334 3262 553 3335 Ἐπειδὴ
582 3264 639 3316 δὲ
674 3264 810 3335 πρὸς
838 3264 997 3317 τοῦτο
1025 3263 1471 3335 διερηρείσμεθα,
1502 3263 1597 3316 καὶ
1623 3263 1685 3317 τὸ
1710 3263 1911 3317 ἐνδοιά-

318 3356 437 3433 ζειν
467 3356 604 3420 ὅλως
628 3357 951 3421 δυσσεϐείας
1012 3358 1128 3427 ἔχει
1179 3356 1422 3427 γραφὴν,
1463 3356 1596 3428 φέρε
1633 3357 1735 3426 τῆς
1769 3358 1912 3409 οἱκο-

319 3451 515 3521 νομίας
537 3451 597 3503 τὸ
632 3450 814 3521 βάθος,
838 3452 913 3514 ὡς
940 3451 1038 3515 ἔνι,
1070 3448 1602 3519 κατασκεπτώμεθα.
1641 3449 1909 3517 Ἐπέφανε

319 3541 503 3593 τοίνυν
555 3542 688 3612 ἡμῖν
741 3542 799 3593 ἐν
838 3540 970 3593 εῖδει
1020 3539 1099 3610 τῷ
1150 3540 1273 3594 καθ’
1320 3541 1469 3611 ἡμᾶς
1520 3541 1549 3593 6
1580 3540 1645 3592 ὲκ
1702 3538 1909 3609 Κυρίου

324 3632 535 3703 Harpe;
596 3633 804 3702 Λόγος,
852 3631 992 3685 κατὰ
1050 3632 1278 3704 μυρίους
1325 3633 1484 3695 ὅσους
1538 3633 1750 3700 ὀνήσων
1796 3631 1915 3702 τρό-

324 3743 460 3789 πους
500 3726 568 3780 τὰ
600 3724 941 3796 ἀνθρώπινα,
993 3726 1090 3778 καὶ
1134 3725 1467 3793 καταδείξων
1524 3721 1585 3778 εὗ
1629 3725 1773 3795 μάλα
1812 3724 1913 3795 τὴν

324 3819 405 3881 εἰς
454 3818 563 3870 πᾶν
593 3816 770 3890 ὁτέοῦν
805 3816 913 3869 τῶν
954 3815 1425 3887 τεθαυμασμένων
1468 3816 1913 3886 ἀποκομίζουσαν

323 3910 536 3982 τρίϐον.
581 3905 691 3961 Ἦν
740 3904 833 3961 οὖν
879 3908 1175 3978 ἀναγκαῖον
1220 3910 1546 3980 ἁναμαθεῖν,
1603 3908 1914 3979 πειρασμοῦ

327 4000 686 4063 καταθέοντος
726 4000 851 4062 τοὺς
879 3999 980 4070 τῆς
1020 4001 1099 4063 είς
1128 3999 1263 4052 Θεὸν
1291 4000 1511 4070 ἀγάπης
1545 4000 1707 4053 ἕνεκα
1738 3999 1909 4051 κινδυο

329 4095 610 4156 νεύοντας,
641 4094 857 4158 ὁποίους
900 4095 1051 4158 τινὰς
1080 4090 1219 4147 εἶναι
1252 4094 1355 4166 χρὴ
1408 4095 1534 4156 τοὺς
1580 4093 1678 4164 τὴν
1718 4093 1917 4145 εὐκλεᾶ

332 4182 428 4234 καὶ
456 4180 728 4250 ἐξαίρετον
761 4182 1037 4235 πολιτείαν
1071 4182 1165 4234 καὶ
1196 4181 1340 4249 ζωὴν
1373 4181 1672 4250 κατορθοῦν
1700 4181 1915 4253 ᾑρημέ-

332 4288 491 4335 νους,
538 4272 741 4342 πότερα
775 4271 1127 4342 μεθιεμένους
1157 4272 1254 4324 καὶ
1301 4272 1705 4336 ἁναπίπτοντας
1749 4275 1826 4336 εἰς
1857 4273 1918 4326 τὸ

334 4361 596 4433 ῥᾴθυμον,
633 4365 726 4417 καὶ
759 4365 857 4417 ούκ
890 4366 947 4415 ὲν
984 4364 1160 4435 καιρῷ
1189 4365 1510 4435 τρυφῶντας
1552 4366 1648 4418 καὶ
1690 4366 1917 4435 εὐρυνο-

334 4456 533 4524 μένους
559 4457 633 4518 είς
660 4456 945 4527 εὐθυμίαν,
973 4457 1006 4527 ἢ
1043 4458 1488 4528 συντεινομένους
1514 4459 1593 4521 είς
1620 4458 1791 4523 λιτὰς,
1823 4461 1918 4512 καὶ

330 4545 768 4618 δεδακρυμένους
806 4546 1034 4618 ὁρᾶσθαι
1071 4546 1151 4618 τῷ
1186 4549 1447 4613 σώζοντι,
1499 4551 1595 4604 καὶ
1641 4549 1742 4621 τὴν
1786 4562 1916 4623 παρ’

333 4638 502 4691 αὐτοῦ
547 4638 815 4710 διψῶντας
866 4642 1207 4711 ἐπικουρίαν,
1257 4645 1350 4695 καὶ
1387 4643 1569 4713 μέντοι
1616 4644 1709 4697 καὶ
1758 4644 1917 4698 εύαν-

332 4727 504 4801 δρίαν,
539 4730 697 4800 εἴπερ
737 4731 911 4784 ’έλοιτο
956 4733 1050 4785 καὶ
1080 4734 1273 4786 παθεῖν
1303 4736 1468 4804 ἡμᾶς.
1504 4736 1651 4788 Ἔδει
1694 4754 1753 4788 τε
1785 4736 1917 4807 πρὸς

333 4819 548 4884 τούτοις
596 4823 790 4875 εἰδέναι
844 4824 1159 4895 χρησίμως,
1211 4826 1333 4878 ὅποι
1375 4825 1504 4879 ποτὲ
1553 4828 1660 4898 ἄρα
1711 4827 1771 4880 τὸ
1818 4829 1921 4898 τῆς

336 4912 582 4980 ὑπακοῆς
622 4913 842 4977 διέξεισι
877 4914 1086 4985 πέρας,
1124 4916 1221 4968 καὶ
1263 4917 1349 4969 διὰ
1381 4917 1549 4972 ποίων
1578 4918 1796 4988 ἔρχεται
1827 4937 1921 4988 γε-

336 5005 470 5075 ρῶν,
499 5006 621 5069 ὅσος
643 5023 701 5057 τε
732 5008 823 5059 καὶ
847 5005 959 5070 οἷος
1004 5007 1105 5077 τῆς
1130 5009 1409 5079 ὑπομονῆς
1432 5012 1460 5063 6
1488 5011 1698 5080 μισθός.
1725 5012 1919 5080 Γέγονε

334 5097 513 5150 τοίνυν
536 5097 885 5163 ύποτύπωσις
910 5099 1017 5153 τῶν
1047 5101 1302 5154 τοιούτων
1330 5105 1460 5173 ἡμῖν
1495 5105 1524 5155 6
1548 5104 1801 5175 Χριστὸς,
1823 5109 1922 5159 καὶ

336 5188 476 5259 πρός
509 5206 571 5256 γε
605 5190 762 5243 τοῦτο
793 5192 945 5261 ἡμᾶς
971 5192 1196 5263 ἐμπεδοῖ
1222 5193 1397 5262 λέγων
1437 5196 1465 5246 ὁ
1500 5194 1788 5259 θεσπέσιος
1819 5198 1923 5249 1Ιέ-

334 5297 487 5350 τροςο
528 5300 546 5331 ι
581 5282 738 5334 Ποῖον
773 5282 884 5352 γὰρ
910 5283 1086 5347 κλέος,
1118 5287 1166 5337 εἰ
1197 5287 1603 5357 ἁμαρτάνοντες
1640 5289 1734 5340 καὶ
1762 5289 1922 5344 κολα-

337 5374 621 5442 φιζόμενοι
668 5374 1001 5443 ύπομένετε;
1047 5375 1183 5428 Ἀλλ’
1217 5379 1265 5431 εἰ
1299 5377 1754 5446 ἀγαθοποιοῦντες
1788 5380 1923 5436 ὑπο-

338 5466 558 5536 μένετε,
602 5463 763 5516 τοῦτο
799 5465 958 5536 χάρις
1022 5469 1172 5537 παρὰ
1225 5469 1364 5540 Θεῷ,
1411 5471 1493 5523 ὅτι
1545 5470 1640 5522 καὶ
1689 5472 1923 5541 Χριστὸς

413 5666 455 5697 ει
479 5664 585 5746 lsa.
611 5680 758 5725 χειν,
905 5665 988 5746 ii.
1016 5738 1029 5746 _
1068 5672 1112 5746 ff
1149 5670 1247 5724 lsa.
1274 5688 1363 5735 1.x,
1394 5673 1505 5737 Lg.
1583 5674 1626 5706 ³³
1656 5674 1773 5733 Jac.
1805 5691 1864 5746 ll,
1913 5681 1931 5733 ι

339 5736 530 5793 Matth.
575 5749 746 5794 xxvu,
776 5732 863 5783 66.
940 5736 983 5765 ⁵⁷
1015 5738 1030 5790 l
1065 5739 1208 5793 Pctr.
1237 5757 1300 5804 η,
1328 5732 1531 5806 ἱξθξὲι.

662 5827 932 5890 ΡΑτιιῡι,
986 5831 1100 5895 Gn.
1153 5834 1394 5897 LXXV.

1946 5718 1958 5733 .
2038 5681 2299 5741 “lPelr.
2325 5701 2399 5756 iv,
2441 5684 2526 5742 li.
2602 5686 2646 5719 ⁸³
2672 5685 2839 5745 llebr.
2863 5702 2917 5757 ν,
2942 5689 3052 5745 7-9.

1992 523 2181 564 rursus
2194 509 2344 566 alius
2372 507 2594 578 quidam
2628 519 2660 560 ο
2688 504 2896 562 sanctis
2921 521 2939 560 :
2967 520 2988 555 ι
3024 500 3359 565 illuminare,
3379 500 3577 571 inquit,

1992 600 2315 658 Jerusalem.
2365 599 2528 654 Venit
2573 598 2718 654 enim
2755 596 2935 652 lumen
2964 602 3143 658 tuum,
3170 601 3227 647 et
3256 592 3430 662 gloria
3470 590 3603 674 00-.

1995 695 2127 750 mini
2170 709 2336 763 super
2379 702 2432 747 te
2479 702 2599 748 orta
2632 701 2738 747 est.
2761 691 2898 757 Quia
2920 703 3052 745 ecce
3076 686 3310 743 tenebrm
3330 685 3555 755 Operien

1993 795 2217 853 terram,
2249 794 2305 841 et
2324 783 2502 855 caligo
2533 781 2793 854 populos:
2840 795 3005 851 super
3052 789 3106 834 te
3141 786 3323 833 autem
3369 775 3579 831 orietur

1995 880 2278 943 Dominus,
2330 886 2391 932 et
2422 876 2593 947 gloria
2646 876 2767 947 ejus
2796 875 2851 929 in
2908 886 2964 929 te
3015 870 3391 928 videbitur“.
3427 886 3446 921 ι
3512 865 3615 923 Et.

1993 970 2229 1027 Jacobus
2258 969 2377 1041 ejus
2405 967 2705 1039 discipulus
2737 986 2751 1022 :
2790 986 2813 1020 ‹
2876 967 3118 1029 Fratres,
3153 963 3353 1034 inquit,
3410 960 3583 1017 nolite

1996 1062 2049 1118 in
2099 1078 2452 1135 personarum
2504 1060 2827 1131 acceptione
2880 1060 3082 1113 habere
3149 1056 3311 1112 (idem
3364 1054 3578 1110 Domini

1998 1156 2166 1213 nostri
2221 1154 2345 1211 Jesu
2407 1154 2609 1211 Christi
2645 1151 2920 1223 glorias”.
2963 1169 2981 1202 ι
3015 1150 3209 1205 l’etrus
3262 1162 3431 1203 vero:
3462 1165 3481 1198 ι
3521 1144 3579 1200 Si

1997 1246 2399 1319 cxprobramini
2431 1246 2743 1308 inCliristo,
2776 1243 2921 1297 beati
2954 1241 3132 1305 eritis,
3153 1240 3410 1310 quoniam
3438 1237 3580 1309 quod

1997 1350 2084 1396 est
2119 1341 2343 1395 honoris
2371 1338 2555 1410 gloria:
2599 1348 2656 1394 et
2700 1335 2921 1391 virtutis
2962 1334 3083 1397 Dei,
3130 1343 3186 1388 et
3212 1332 3305 1402 qui
3342 1339 3426 1387 est
3467 1329 3585 1400 ejus

1999 1432 2233 1503 Spiritus
2261 1446 2425 1511 super
2468 1444 2564 1486 vos
2596 1429 2906 1499 requiescet
2934 1427 2999 1481 “.
3033 1446 3053 1480 ι

2069 1611 2237 1684 754
2267 1611 2329 1666 Β.
2366 1609 2653 1666 Sulliciunt
2676 1610 2787 1682 iam
2831 1610 2970 1665 bac.
3003 1608 3273 1665 Ceterum
3319 1606 3422 1661 lioc
3452 1606 3584 1660 mibi

2001 1707 2153 1762 dicas
2194 1705 2377 1771 velim,
2430 1704 2711 1775 quomodo
2771 1702 3175 1773 intelligendum
3221 1700 3294 1756 sit
3341 1698 3469 1755 illud
3521 1699 3589 1754 de

2656 1814 2677 1848 ι
2745 1794 2846 1863 Qui
2899 1795 2953 1849 in
3005 1794 3196 1850 diebus
3256 1793 3439 1848 carnis
3476 1807 3588 1847 sure

2001 1903 2190 1962 preces
2217 1888 2749 1960 supplicationesque
2797 1886 2865 1941 ad
2906 1901 3032 1941 eum
3070 1886 3164 1956 qui
3201 1885 3374 1956 possit
3413 1885 3586 1954 ipsum

2001 1983 2211 2040 salvum
2259 1982 2444 2038 facere
2493 1997 2522 2036 a
2567 1990 2744 2036 morte
2784 1995 2907 2035 cum
2940 1981 3184 2035 clamore
3233 1978 3411 2033 valido
3436 1990 3491 2033 et
3515 1979 3594 2032 la-

2003 2076 2205 2148 crymis
2248 2073 2507 2141 offerens,
2542 2074 2833 2129 exauditus
2873 2083 2958 2130 est
2980 2089 3080 2145 pro
3118 2087 3216 2128 sua
3261 2074 3588 2129 reverentia.
3661 2085 3675 2092 ‘

2003 2169 2069 2225 Et
2099 2169 2315 2237 quidem
2344 2183 2469 2224 cum
2504 2176 2654 2223 esset
2682 2166 2854 2222 Filius
2888 2167 3006 2234 Dei,
3045 2165 3236 2221 didicit
3265 2178 3330 2219 ex
3369 2166 3436 2221 iis
3473 2180 3594 2236 qua

2005 2276 2194 2330 passus
2229 2270 2341 2327 est,
2411 2258 2801 2316 obedientiam.
2829 2257 2898 2314 Et
2948 2267 3362 2314 consummatus
3417 2258 3594 2314 factus

2004 2365 2089 2410 cst
2158 2353 2413 2410 omnibus
2459 2352 2968 2420 obtemperantibus
3019 2350 3123 2406 sibi
3179 2365 3345 2407 causa
3400 2349 3595 2405 salutis

2004 2454 2221 2502 acterna:
2244 2446 2312 2500 ⁵⁸⁸.
2376 2463 2396 2498 ι
2452 2443 2717 2514 Adjiciam
2779 2457 2911 2499 vero
2966 2443 3128 2499 dictis
3193 2443 3357 2498 etiam
3416 2441 3592 2498 illud:

2011 2556 2031 2591 ι
2062 2539 2204 2594 Deus
2232 2552 2408 2603 meus,
2432 2537 2578 2593 Deus
2600 2552 2773 2602 meus,
2795 2551 2968 2607 quare
2986 2551 3074 2592 me
3096 2535 3428 2605 dereliquisti
3457 2535 3538 2589 σοι
3569 2554 3591 2589 ο

2004 2631 2195 2688 Aliena
2222 2631 2365 2686 enim
2418 2631 2533 2687 haec
2589 2645 2712 2687 esse
2741 2631 2929 2686 dicunt
2977 2643 3008 2683 a
3057 2630 3170 2684 Deo
3206 2629 3399 2696 Verbo,
3432 2641 3598 2699 atque

2006 2738 2107 2795 ego
2139 2722 2356 2795 quidem
2389 2722 2653 2794 dignitate
2687 2722 2859 2793 ipsius
2892 2731 3056 2794 atque
3085 2720 3405 2778 excellentia
3426 2722 3599 2793 longe

2008 2817 2267 2874 inferiora
2296 2833 2358 2873 ea
2385 2833 2507 2875 esse
2536 2817 2918 2886 judicaverim.

2077 2908 2146 2967 Α.
2197 2909 2337 2977 Quin
2405 2919 2461 2965 et
2523 2924 2624 2980 ego
2647 2913 2763 2979 ipse.
2822 2909 2982 2966 facile
3031 2911 3273 2983 intelligo
3320 2913 3435 2967 lucc
3490 2928 3597 2968 non

2010 3001 2304 3057 convenire
2333 3001 2511 3056 Verbo
2540 3002 2724 3072 genito
2746 3016 2814 3056 ex
2852 3000 2964 3058 Deo
3009 3001 3192 3066 Patre,
3253 3004 3296 3058 si
3352 3003 3481 3059 illud
3531 3005 3600 3060 ab

2010 3093 2484 3150 administratione
2539 3096 2592 3148 in
2651 3110 2820 3150 carne
2864 3109 3266 3161 removeamus,
3299 3111 3474 3167 neque
3501 3096 3599 3152 ad-

2014 3186 2294 3242 mittamus
2341 3186 2394 3241 id
2419 3188 2563 3256 quod
2618 3184 2903 3257 Scriptura
2960 3195 3214 3253 testatur,
3259 3189 3400 3259 quod
3432 3189 3598 3244 nimi-

2012 3294 2133 3335 rum
2166 3278 2340 3335 factus
2369 3282 2441 3335 sit
2467 3295 2616 3336 caro.
2652 3279 2786 3335 Cum
2821 3294 2947 3336 vero
2982 3281 3087 3336 hoc
3143 3281 3375 3337 ﬁrmiter
3410 3290 3601 3338 tenea-

1923 3404 1941 3423 .
2014 3388 2134 3426 mus
2193 3380 2247 3426 et
2298 3371 2564 3428 dubitatio
2630 3372 2735 3428 hac
2783 3373 2835 3428 in
2890 3388 2950 3427 re
2998 3387 3120 3427 cum
3195 3374 3474 3444 impietate
3527 3378 3602 3432 sit

1928 3518 1931 3519 ν
2014 3464 2336 3534 conjuncta,
2387 3466 2784 3521 incarnationis
2817 3465 3139 3537 mysterium
3189 3476 3451 3537 quantum
3483 3468 3601 3525 ﬁeri

2015 3565 2190 3626 potest
2220 3559 2639 3628 perpendamus.
2666 3559 2933 3629 Apparuit
2972 3559 3156 3625 itaque
3188 3560 3346 3616 nobis
3365 3558 3602 3617 Verbum

2014 3664 2080 3702 ex
2117 3648 2228 3703 Deo
2267 3650 2321 3704 in
2378 3649 2552 3703 forma
2584 3659 2782 3703 nostrae
2840 3650 3027 3715 simili,
3097 3652 3397 3707 innumeris
3432 3654 3606 3709 modis

2018 3742 2308 3796 humanam
2358 3752 2613 3797 naturam
2673 3740 2899 3811 juvans,
2944 3742 3254 3813 optimeque
3306 3746 3461 3800 nobis
3510 3747 3607 3800 de-

2016 3843 2327 3887 monstrans
2367 3832 2509 3887 viam
2545 3847 2665 3901 qua:
2719 3834 2785 3886 ad
2833 3834 3039 3901 optima
3096 3850 3325 3903 qumque
3365 3836 3603 3889 deducit.

2017 3923 2250 3978 Necesse
2288 3924 2474 3991 itaque
2525 3933 2642 3975 erat
2706 3934 2764 3977 ut
2811 3923 3143 3987 diceremus,
3205 3941 3328 3979 cum
3377 3930 3607 3981 tentatio

2018 4014 2227 4066 invadit
2279 4020 2373 4066 eos
2431 4013 2523 4081 qui
2575 4011 2645 4066 ob
2691 4012 3035 4067 dilectionem
3072 4013 3165 4067 Dei
3206 4015 3605 4085 periclitantur,

2017 4103 2208 4174 quales
2241 4109 2494 4172 oporteat
2526 4117 2647 4158 esse
2669 4116 2764 4158 eos
2795 4105 2884 4174 qui
2928 4105 3253 4161 laudabilem
3285 4117 3446 4177 atque
3487 4109 3605 4163 cxi-

2021 4195 2184 4248 miam
2215 4194 2383 4248 vitam
2413 4194 2702 4250 instituere
2733 4196 2906 4251 velint
2945 4215 2960 4252 :
3013 4208 3194 4252 utrum
3223 4199 3288 4251 ad
3336 4200 3605 4268 ignaviam

2021 4301 2240 4357 pronos,
2276 4297 2330 4341 et
2372 4287 2580 4343 deliciis
2619 4289 2864 4355 deditos,
2899 4290 3271 4361 bilaritatiquc
3326 4303 3381 4347 et
3412 4292 3609 4362 gaudio

2022 4380 2260 4434 animum
2289 4383 2532 4436 laxantes
2562 4399 2576 4436 :
2607 4396 2674 4435 an
2709 4382 2888 4452 potius
2921 4399 3025 4438 una
3067 4385 3319 4455 precibus
3343 4386 3609 4451 intentos,

1950 4484 2076 4547 Det
2126 4474 2487 4546 lacrymantes
2516 4490 2700 4530 coram
2768 4475 3053 4533 Salvatore
3119 4479 3289 4544 cerni,
3335 4490 3390 4534 et
3444 4479 3612 4548 ipsius

2022 4567 2279 4620 auxilium
2336 4568 2494 4622 avide
2555 4577 2896 4638 appetentes,
2956 4570 3190 4640 fortique
3248 4573 3431 4627 animo
3475 4588 3614 4641 pra}:

2023 4658 2165 4711 «litos
2214 4673 2357 4723 esse,
2415 4659 2459 4712 si
2495 4658 2658 4713 etiam
2707 4676 2805 4715 nos
2840 4664 2949 4731 pati
2988 4662 3242 4716 voluerit.
3293 4662 3611 4718 Colisultum

2025 4760 2282 4818 praetcrea
2337 4763 2455 4806 erat
2493 4755 2634 4809 scire
2692 4755 2814 4825 quis
2871 4755 2943 4810 sit
2985 4755 3308 4809 obcdieulia:
3358 4756 3502 4820 linis,
3559 4765 3614 4811 et

2024 4840 2200 4909 qualis
2239 4855 2550 4914 quantaque
2576 4844 2874 4901 tolerantia}
2931 4859 3142 4900 merces
3185 4845 3258 4900 sit
3311 4845 3612 4915 proposita.

2032 4932 2235 4987 Horum
2297 4937 2484 5003 itaque
2549 4938 2790 4992 ninnium
2852 4937 3021 5008 ﬁgura
3078 4945 3245 5008 atque
3294 4924 3614 5006 exemplum

2033 5023 2186 5079 nobis
2242 5025 2415 5080 l‘actus
2484 5037 2568 5081 est
2620 5027 2890 5095 Christus,
2950 5028 3093 5097 quod
3140 5038 3196 5082 et
3248 5026 3464 5085 divinus
3530 5026 3614 5082 ille

2031 5116 2222 5171 Petrus
2254 5118 2539 5173 conﬁrmat
2564 5120 2749 5175 dicens
2781 5137 2795 5173 :
2833 5138 2853 5172 ι
2888 5119 3020 5186 Quae
3057 5102 3202 5174 enim
3248 5129 3330 5175 est
3384 5119 3523 5186 laus,
3571 5120 3614 5175 εἰ

2029 5217 2319 5276 peccantes
2384 5218 2439 5262 et
2491 5211 2815 5281 colapbizati
2872 5210 3172 5268 sull'ertisi
3219 5212 3323 5266 Sed
3375 5212 3424 5266 si
3482 5212 3617 5268 bene

2033 5297 2292 5354 facientes
2321 5301 2589 5369 patienter
2647 5304 2949 5370 sustinetis,
2974 5304 3090 5358 haec
3129 5312 3210 5357 est
3255 5302 3426 5373 gratia
3479 5303 3617 5371 apud

2034 5389 2197 5442 Deum
2234 5410 2246 5443 :
2277 5393 2401 5461 quia
2431 5393 2750 5450 ethrislus
2781 5411 2975 5464 passus
2993 5403 3076 5450 est
3103 5410 3199 5463 pro
3243 5392 3416 5457 vobis,
3450 5393 3617 5447 relin-

2032 5492 2205 5547 quens
2228 5482 2380 5537 vobis
2401 5485 2706 5554 exemplum
2726 5480 3105 5556 ut'sequamini
3126 5484 3349 5556 vestigia
3361 5484 3479 5553 ejus
3492 5485 3558 5539 ⁸⁷.
3596 5504 3617 5538 ›

3158 5688 3363 5745 “Psal.
3392 5703 3505 5754 im,
3547 5685 3620 5753 ις

3191 5851 3265 5912 42
