4078 6264
329 275 348 328 l
359 272 462 327 5‘25

1457 267 1645 336 QUOD
1689 265 1875 322 UNUS
1913 262 2019 318 SIT
2059 261 2429 319 CHRISTUS.

3437 263 3574 320 εδει

327 383 703 456 ἐγερθήσεται.
731 399 750 432 ι
797 383 852 436 '0
885 383 964 446 δὲ,
1011 385 1215 437 ὲπείτοι
1259 383 1504 454 φιλόθεος
1533 381 1619 456 ἦν,
1668 383 1900 447 (Ἵλεώς

2022 396 2182 439 tutem
2239 399 2360 439 cum
2392 383 2440 440 ei
2473 385 2820 437 vehementer
2865 383 3062 438 charus
3094 393 3280 438 esset:
3315 401 3334 435 ι
3403 385 3574 448 Absit,

329 493 427 542 σοι,
465 473 658 544 Κύριε,
703 475 891 541 φησὶν,
923 475 984 527 οὑ
1028 476 1103 546 μὴ
1137 477 1288 530 ἔσται
1330 495 1411 532 σοι
1445 477 1622 532 meum.
1649 498 1668 531 ι
1713 479 1820 532 Καὶ
1849 495 1901 531 τι

325 566 460 638 πρὸς
490 561 650 617 αὑτὸν
675 564 704 614 ὁ
729 565 996 633 Χριστός;
1027 585 1044 616 ι
1070 567 1286 636 ’Υπαγε
1313 568 1490 622 ὀπίσω
1519 585 1639 636 μου,
1668 567 1902 630 Σατανᾶ,

323 657 622 714 σκάνδαλόν
660 671 752 726 μοι
781 651 852 721 εἴ,
881 657 962 708 ὅτι
994 657 1053 709 οὐ
1097 659 1313 728 φρονεῖς
1341 659 1410 712 τὰ
1441 659 1534 712 τοῦ
1577 659 1734 724 Θεοῦ,
1767 660 1905 714 ἀλλὰ

319 749 386 802 τὰ
420 748 530 801 τῶν
563 745 888 817 ἀνθρώπων.
915 764 934 797 ι
969 747 1166 802 Καίτοι
1213 749 1332 812 πῶς
1379 751 1660 822 ἡμάρτανε
1693 752 1788 805 τοῦ
1827 754 1906 804 εί-

322 840 484 901 κὸτος
513 840 541 892 ὀ
572 836 840 908 μαθητὴς,
863 837 1234 908 ἀποφέρεσθαι
1269 838 1436 892 θέλων
1469 842 1561 894 τοῦ
1587 841 1906 895 διδασκάλου

321 933 415 986 τὸν
463 930 789 1000 πειρασμὸν,
837 930 888 982 εί
928 929 1204 994 δύσοιστος
1240 927 1308 1001 ἦν
1347 931 1516 1002 αὐτῷ,
1565 934 1658 986 καὶ
1704 934 1905 1003 ἥκιστα

334 1024 432 1094 μὲν
461 1021 715 1094 φορητὸς,
759 1019 972 1083 καθιεὶς
1017 1020 1073 1073 δὲ
1103 1021 1304 1090 μᾶλλον
1341 1023 1434 1075 ἐπὶ
1481 1023 1541 1075 τὸ
1580 1022 1774 1076 ἀναλκι
1811 1026 1907 1078 καὶ

334 1112 651 1183 συνθραύειν
677 1110 860 1164 ἱκανὸν
910 1111 1002 1164 τὸν
1028 1113 1140 1174 τοῖς
1165 1112 1358 1164 ἑαυτοῦ
1395 1112 1661 1182 μαθηταῖς
1685 1114 1909 1184 ἐπισκή-

335 1225 556 1271 πτοντα,
603 1204 712 1258 τῶν
745 1201 838 1256 τοῦ
875 1202 1105 1257 θανάτου
1144 1203 1414 1272 δειμάτων
1463 1205 1906 1276 κατευμεγεθεῖν,

335 1301 428 1354 καὶ
460 1299 587 1368 παρ’
612 1297 766 1350 οὐδὲν
795 1294 1048 1366 ἡγεῖσθαι
1079 1293 1140 1347 τὸ
1170 1294 1384 1358 παθεῖν,
1427 1295 1537 1348 ἔστ’
1567 1295 1634 1350 ἂν
1681 1297 1908 1369 ἀνύηται

337 1393 470 1464 πρὸς
506 1391 604 1444 αὐτ
621 1389 698 1442 ῶν
731 1390 792 1441 τὸ
819 1387 939 1456 Θεῷ
972 1385 1197 1452 δοκοῦν;
1243 1387 1520 1458 Θαυμάζω
1547 1387 1624 1456 δὲ,
1663 1389 1745 1442 ὅτι
1785 1406 1912 1442 συν--

336 1483 502 1555 ῆφθαι
541 1483 788 1550 λέγοντες
833 1479 996 1533 αὐτὸν
1027 1477 1106 1548 τῷ
1137 1479 1451 1547 Μονογενεῖ,
1477 1485 1578 1534 καὶ
1611 1481 1719 1535 τῶν
1751 1481 1910 1536 θείων

338 1575 660 1645 ἀξιωμάτων
692 1572 1082 1641 ἀποφαίνοντες
1113 1571 1386 1636 κοινωνὸν,
1415 1573 1524 1625 τῶν
1551 1574 1644 1627 τοῦ
1679 1573 1910 1629 θανάτου

336 1665 608 1735 δειμάτων
664 1663 912 1734 ῥίπτουσι
975 1661 1225 1725 κατόπιν,
1273 1661 1340 1714 ἵν’
1384 1663 1558 1734 ὁρῷτο
1593 1663 1718 1717 καθ’
1760 1666 1910 1736 ἡμᾶς

2005 477 2200 544 inquit,
2233 477 2335 530 hoc
2361 490 2390 528 a
2420 485 2494 541 te,
2525 474 2751 530 Domine
2778 490 2792 538 ;
2847 489 2952 530 nou
2999 475 3104 529 erit
3134 473 3228 529 tibi
3261 475 3384 530 hoc.
3424 493 3444 526 ι
3479 477 3574 530 Cui

2004 569 2280 636 respondit
2311 567 2593 623 Christus:
2634 586 2650 616 ι
2683 566 2832 623 Vade
2863 575 2985 634 post
3037 579 3144 630 me,
3173 565 3397 630 Satana,
3447 568 3574 636 quia

2001 659 2316 712 scandalum
2352 658 2482 712 mihi
2515 673 2596 722 es,
2629 667 2684 712 et
2715 673 2818 711 non
2848 655 2994 725 sapis
3035 670 3107 710 ea
3137 671 3258 725 quae
3291 653 3385 710 Dei
3425 665 3572 721 sunt,

2006 750 2095 805 sed
2121 764 2244 819 quae
2276 750 2552 804 hominum
2584 750 2655 804 ".
2696 767 2714 802 ι
2742 747 3098 819 Atqnomodo
3129 751 3371 818 peccavit
3414 751 3577 805 disci-

2005 841 2160 910 pulus
2183 841 2412 911 cupiens
2439 856 2469 894 a
2496 842 2756 910 magistro
2781 857 2880 896 suo
2901 857 3182 897 removere
3202 841 3576 905 tentationem,

2005 932 2050 986 si
2076 930 2427 986 intolerabilis
2457 931 2560 1000 ipsi
2584 942 2725 999 erat,
2753 943 2806 988 et
2843 947 2908 988 eo
2939 933 3332 989 imbecillitatis
3363 932 3576 1001 dejece-

2008 1030 2114 1085 rat,
2176 1035 2296 1090 quae
2345 1021 2582 1075 animum
2634 1021 2888 1092 frangere
2938 1033 3122 1092 posset
3171 1021 3288 1092 ejus
3330 1023 3422 1093 qui
3468 1022 3580 1078 suis

2009 1111 2286 1181 discipulis
2343 1111 2634 1166 mandabat
2675 1113 2866 1168 mortis
2919 1123 3156 1168 terrores
3213 1128 3494 1183 superare,
3527 1124 3582 1169 et

2008 1217 2106 1272 pro
2140 1201 2306 1256 nihilo
2329 1211 2514 1272 putare
2559 1203 2604 1256 si
2645 1204 2862 1272 quando
2905 1205 3078 1274 ipsum
3129 1208 3238 1275 pati
3291 1215 3582 1262 cernerent

2011 1301 2070 1348 ut
2095 1293 2186 1348 Dei
2222 1291 2469 1348 voluntas
2491 1293 2839 1364 perﬁceretur
2857 1295 2882 1348 ?
2903 1295 3066 1351 Miror
3111 1313 3238 1354 vero
3285 1301 3430 1365 quod
3459 1315 3580 1354 cum

2011 1386 2158 1440 illum
2185 1385 2476 1456 Unigenito
2527 1386 2874 1454 coniunctum
2916 1387 3084 1444 fuisse
3131 1399 3395 1458 statuant,
3437 1405 3494 1446 et
3529 1394 3583 1448 in

2012 1477 2318 1532 divinarum
2351 1477 2673 1547 dignitatum
2699 1479 2814 1533 sive
2845 1479 3237 1549 preprietatum
3267 1482 3582 1536 societatem

2011 1579 2364 1639 assumptum,
2389 1571 2578 1626 timori
2615 1573 2804 1628 mortis
2844 1573 3160 1642 subjiciam,
3207 1573 3278 1628 ita
3324 1584 3381 1628 ut
3411 1577 3586 1628 nudus

2014 1664 2170 1733 plane
2207 1665 2388 1719 instar
2430 1675 2670 1719 nostrum
2719 1676 2994 1731 cernatur,
3047 1667 3288 1736 nihilque
3339 1683 3406 1728 ex
3450 1668 3585 1723 divi-

339 1759 544 1830 γυμνδς
573 1757 829 1828 δηλονότι,
862 1753 957 1807 καὶ
987 1753 1063 1816 ὡς
1103 1753 1210 1806 ἀπὸ
1235 1754 1344 1807 τῶν
1389 1756 1546 1810 θείων
1585 1734 1910 1828 ἀξιωμάτων

2022 1768 2206 1806 narum
2237 1753 2557 1822 dignitatum
2599 1756 3089 1812 communicatione
3137 1759 3404 1814 commodi
3433 1773 3585 1816 acce-

340 1849 686 1923 κεκερδακὼς
715 1849 883 1903 οὐδέν.

413 1945 473 1997 Β.
520 1944 736 2004 Ὀποῖσς
770 1941 834 1995 ἂν
865 1941 972 2012 ἄρα
1001 1943 1117 1995 ἐστὶ
1147 1944 1246 2013 τῆς
1280 1941 1336 1994 ἐν
1367 1958 1431 2010 γε
1463 1941 1672 2005 τούτοις
1707 1943 1910 1995 οἰκονο-

344 2033 472 2104 μίας
499 2035 526 2086 ὁ
559 2031 712 2101 λόγος
731 2050 746 2098 ;

408 2127 472 2177 Δ.
503 2124 778 2186 Mus-rexi):
814 2125 896 2178 ὅτι
928 2126 1024 2178 καὶ
1066 2123 1268 2194 βαθὺς,
1319 2125 1416 2176 καὶ
1463 2122 1920 2192 τεθαυμασμένος»

340 2217 495 2290 παρά
524 2235 588 2285 γε
625 2219 737 2280 τοῖς
776 2217 973 2270 εἰδόσιν
1001 2215 1178 2287 ὀρθῶς
1207 2215 1268 2269 τὸ
1309 2212 1546 2285 Χριστοῦ
1593 2215 1909 2283 μυστήριον.

345 2311 535 2380 Ἀθρει
578 2308 690 2378 γάρ
721 2325 808 2378 μοι
847 2309 970 2370 τοὺς
997 2309 1060 2378 τῇ
1091 2305 1317 2360 κενώσει
1343 2305 1652 2377 πρέποντας
1687 2305 1912 2374 λόγους,

343 2399 438 2452 καὶ
475 2401 585 2462 τοῖς
611 2399 708 2468 τῆς
747 2395 1162 2469 ἀνθρωπότητος
1196 2396 1414 2468 μέτροις
1442 2399 1540 2450 οὐκ
1565 2397 1913 2462 ἀπεοικότας,

332 2491 420 2555 -ώς
465 2493 521 2545 ὲν
553 2489 732 2562 καιρῷ
763 2491 855 2542 καὶ
895 2489 1053 2561 χρείᾳ
1089 2490 1519 2560 γεγενημένους,
1558 2491 1646 2544 ἵνα
1679 2491 1916 2560 φανῆται

347 2581 622 2652 πανταχοῦ
654 2581 774 2634 καθ’
793 2582 942 2651 ἡμᾶς
971 2581 1209 2649 γεγονὼς
1234 2584 1261 2634 ὀ
1296 2581 1435 2651 ὑπὲρ
1466 2583 1646 2634 πᾶσαν
1675 2581 1774 2653 τὴν
1803 2581 1919 2635 κτί-

347 2688 452 2725 σιν.
480 2671 708 2740 Ἕψεται
733 2669 790 2722 δὲ
825 2670 999 2742 τούτῳ
1031 2672 1254 2725 κάκεῖνο
1280 2670 1345 2742 δὴ
1375 2667 1464 2725 αὖ.

415 2763 474 2816 Β.
509 2762 583 2814 Τὸ
615 2763 762 2816 ποῖόν
790 2779 842 2815 τι
873 2763 1012 2832 φής;

411 2855 476 2906 Α.
525 2853 745 2923 Ἐπειδὴ
779 2851 890 2923 γὰρ
929 2853 1233 2924 γεγόναμεν
1283 2853 1576 2922 ἑπάρατοι,
1605 2853 1694 2906 διὰ
1721 2853 1822 2924 τὴν
1863 2853 1924 2908 ἐν

357 2945 528 3016 Ἀδὰμ
563 2944 897 3016 παράϐασιν,
941 2945 1312 3016 πεπτώκαμεν
1338 2945 1394 2999 δὲ
1421 2947 1514 2999 καὶ
1559 2945 1664 2999 ὑπὸ
1690 2946 1920 3000 θανάτου

347 3038 551 3106 πάγην,
577 3035 1097 3106 ὲγκαταλειφθέντες
1127 3037 1232 3090 ὑπό
1270 3037 1427 3104 Θεοῦ,
1459 3037 1638 3091 πάντα
1665 3038 1722 3091 δὲ
1758 3039 1922 3106 γέγο-

337 3145 436 3181 -νεν
464 3129 518 3180 ἐν
545 3127 764 3198 Χριστῷ
790 3129 972 3192 καινὰ,
999 3130 1092 3182 καὶ
1118 3130 1470 3199 ἀναφοίτησις
1495 3129 1604 3182 τῶν
1628 3128 1750 3182 καθ’
1771 3131 1925 3200 ἡμᾶς

347 3221 429 3282 είς
460 3217 531 3271 ’τὸ
569 3220 626 3272 ἐν
661 3220 893 3290 ἀρχαῖς⁶
948 3220 1114 3290 ἐχρῆν
1164 3220 1481 3288 ἀναγκαίως
1532 3221 1624 3273 τὸν
1673 3220 1925 3289 δεύτερον

361 3310 530 3382 Ἀδὰμ
561 3311 651 3364 τὸν
673 3311 733 3377 ἐξ
759 3310 1012 3382 οὐρανοῦ,
1040 3311 1134 3365 τὸν
1176 3311 1395 3381 ἀπάσης
1426 3311 1704 3381 ἁμαρτίας
1739 3311 1925 3381 κρείτ-

345 3419 503 3470 τονα,
561 3402 658 3474 τὴν
711 3404 989 3471 πάναγνον
1040 3401 1134 3454 καὶ
1187 3400 1458 3472 ἀϐέϐηλον
1519 3403 1776 3472 ἀπαρχὴν
1829 3402 1924 3456 τοῦ

346 3497 538 3565 γένους
572 3495 851 3567 δευτέραν,
887 3494 1132 3547 τουτέστι
1173 3493 1428 3564 Χριστὸν,
1473 3493 1782 3557 ἀπαλλάξαι
1825 3494 1927 3561 τῆς

343 3589 504 3659 δίκης
535 3589 632 3660 τὴν
679 3587 972 3659 ἀνθρώπου
1007 3585 1193 3655 φύσιν,
1237 3586 1336 3639 καὶ
1365 3585 1593 3638 καλέσαι
1645 3585 1810 3638 πάλιν
1838 3587 1926 3638 ἐπ’

339 3682 487 3753 αὐτῇ
529 3681 630 3752 τὴν
653 3680 860 3734 ἄνωθεν
884 3678 982 3734 καὶ
1007 3679 1159 3750 παρὰ
1181 3679 1394 3751 [ἰατρὸς
1424 3679 1734 3750 εὐμένειαν,
1766 3678 1928 3732 λῦσαί

348 3791 407 3825 τε
445 3775 542 3844 τὴν
573 3773 959 3843 έγκατάλειψιν
989 3771 1076 3825 διὰ
1109 3772 1209 3843 τῆς
1238 3773 1488 3843 ὑπακοῆς
1533 3775 1628 3826 καὶ
1671 3775 1770 3847 τῆς
1811 3777 1926 3826 εἰσ-

349 3867 498 3918 ἁπαν
547 3865 844 3934 ὑποταγῆς.
893 3863 966 3916 Οὐ
1015 3862 1126 3933 γὰρ
1172 3863 1428 3932 ἐποίησεν
1482 3864 1780 3936 ἁμαρτίαν,
1826 3881 1926 3916 πε-

349 3955 626 4026 πλούτηκε
659 3955 713 4009 δὲ
749 3955 808 4009 τὸ
835 3953 1135 4028 ἀμώμητον
1165 3958 1197 4027 ἡ
1226 3956 1514 4028 ἀνθρώπου
1551 3957 1712 4025 φύσις
1747 3959 1804 4008 ὲν
1838 3959 1930 4010 αὑ-

349 4049 449 4118 τῷ,
489 4047 583 4101 καὶ
620 4048 680 4100 τὸ
714 4048 1080 4118 ἀνεπίληπτον
1111 4047 1411 4112 παντελῶς,
1439 4047 1528 4100 ἵνα
1560 4048 1784 4118 δύνηται
1820 4049 1928 4100 λοι-

350 4139 451 4190 πὸν
478 4139 542 4190 ὲκ
568 4138 878 4208 παρρησίας
903 4137 1192 4208 ἀναϐοᾷν·‹
1212 4137 1312 4189 Θεέ
1335 4155 1457 4206 μου,
1481 4137 1584 4190 Θεέ
1611 4153 1734 4208 μου,
1765 4138 1850 4190 ἵνα
1874 4138 1928 4190 τί

357 4247 423 4298 με
451 4230 806 4298 ἐγκατέλιπες
827 4249 873 4296 ;s
895 4230 1095 4284 Ἑννὸει
1127 4230 1254 4299 γὰρ,
1278 4231 1358 4282 ὃτι
1380 4229 1620 4298 γεγονὼς
1643 4229 1738 4282 ἀνθ
1747 4247 1930 4302 ρωπος

352 4322 382 4372 ὁ
413 4319 738 4390 Μονογενὴς,
763 4321 836 4383 ὡς
873 4315 954 4383 εἷς
980 4319 1039 4384 ἐξ
1061 4321 1239 4391 ἡμῶν,
1272 4319 1367 4373 καὶ
1397 4318 1536 4390 ὑπὲρ
1569 4320 1790 4390 ἀπάσης
1828 4320 1929 4390 τῆς

2011 1860 2176 1915 pisse.

2084 1935 2146 1986 Β.
2208 1935 2462 2001 Quaenam
2501 1936 2664 2006 igitur
2711 1948 2794 1992 est
2841 1937 2896 1990 in
2948 1938 3098 1994 hisce
3130 1943 3447 1998 mcouomiaa
3501 1959 3588 1998 ra-

2015 2024 2090 2079 tio
2111 2025 2139 2077 ’ἒ

2084 2116 2150 2171 Α.
2209 2116 2433 2188 M-ystica
2507 2127 2669 2187 atque
2729 2119 3046 2176 admiranda
3101 2122 3170 2177 iis
3242 2123 3330 2192 qui
3391 2125 3592 2182 Christi

2017 2208 2332 2279 mysterium
2363 2219 2506 2265 recte
2531 2211 2854 2281 intelligunt.
2883 2213 3268 2270 Animadverte
3297 2216 3442 2270 enim
3468 2233 3592 2272 ver-

2016 2301 2084 2354 ba
2123 2300 2480 2355 esinanitioni
2532 2303 2939 2367 convenientia,
2983 2314 3038 2358 et
3087 2306 3155 2359 ab
3210 2305 3460 2362 humanae
3498 2325 3592 2363 ua-

2021 2400 2153 2445 tura:
2197 2392 2506 2447 conditione
2552 2408 2895 2464 nequaquam
2946 2395 3146 2463 aliena,
3196 2411 3297 2452 suo
3351 2407 3594 2469 tempore

2019 2493 2180 2552 atque
2227 2493 2530 2554 opportune
2582 2485 2788 2551 habita,
2835 2496 2890 2541 nt
2931 2487 2976 2542 is
3023 2490 3111 2557 qui
3165 2505 3324 2559 supra
3375 2509 3592 2548 nntnem

2019 2587 2321 2632 creaturam
2361 2587 2464 2642 est,
2523 2579 2693 2632 nostri
2725 2594 2948 2648 prorsus
3009 2581 3206 2636 similis
3263 2583 3438 2639 factus
3474 2601 3594 2641 esse

2007 2681 2289 2725 cernatur.
2343 2669 2718 2740 Consequetur
2763 2681 2944 2727 autem
2981 2673 3047 2726 ad
3085 2675 3210 2738 hoc,
3247 2678 3411 2730 etiam
3443 2677 3593 2735 illud.

2093 2761 2152 2815 Β.
2204 2761 2468 2827 Qﬁidnam
2491 2762 2518 2816 3

2089 2855 2155 2908 Α.
2181 2853 2314 2908 Cum
2339 2854 2482 2908 enim
2515 2853 2642 2910 facti
2695 2869 2885 2909 sumus
2931 2857 3322 2924 exsecrabiles,
3378 2870 3600 2930 propter

2025 2945 2509 3014 transgressionem
2571 2947 2722 3010 Δάαι,
2783 2947 3074 3002 incidimus
3131 2963 3258 3004 vero
3307 2952 3358 3004 in
3409 2954 3600 3007 mortis

1951 3071 1994 3129 Ο
2027 3037 2268 3105 laqueos,
2311 3037 2510 3091 deserti
2547 3051 2576 3090 a
2609 3037 2740 3103 Deo,
2789 3037 2966 3090 omnia
3025 3053 3154 3092 vero
3199 3040 3337 3093 facta
3385 3051 3510 3095 sunt
3545 3044 3597 3096 in

2028 3128 2242 3184 Christo
2276 3144 2408 3182 nova
2433 3130 2501 3192 τε,
2532 3138 2586 3182 et
2641 3139 2834 3182 natura
2872 3138 3058 3182 nostra
3095 3130 3341 3199 pristina-.-
3383 3149 3494 3186 sua:
3518 3133 3600 3187 in-

2030 3219 2261 3289 tegritati
2286 3219 2543 3272 restituta
2567 3227 2649 3272 est
2680 3233 2696 3284 ;
2734 3219 3098 3273 necessarium
3151 3221 3372 3276 omnino
3419 3223 3517 3278 fuit
3543 3237 3601 3279 ut

2027 3312 2292 3366 secundus
2319 3311 2490 3364 Adam
2518 3325 2581 3365 ex
2607 3310 2748 3380 coelo
2794 3311 2972 3364 omnis
3033 3313 3238 3380 peccati
3275 3329 3493 3382 expers,
3546 3327 3601 3370 et

2031 3400 2328 3468 purissimae
2358 3399 2572 3468 generis
2601 3399 2769 3453 nostri
2791 3400 3064 3468 primitiae,
3099 3401 3200 3456 hoc
3227 3413 3310 3456 est
3331 3403 3600 3469 Christus,

2029 3490 2317 3544 humanam
2374 3501 2618 3545 naturam
2650 3507 2678 3545 a
2713 3505 2872 3560 poena
2932 3491 3207 3560 liberaret,
3237 3505 3292 3550 et
3321 3495 3602 3552 caelestem

2023 3579 2206 3635 Patris
2241 3582 2678 3637 benevolentiam
2705 3584 2755 3638 ei
2787 3597 2977 3639 rursus
3029 3586 3343 3642 conciliaret
3381 3604 3395 3654 ;
3426 3588 3602 3642 illam-

2029 3687 2134 3743 que
2157 3673 2329 3728 nostri
2361 3675 2719 3729 desertionem
2771 3676 3032 3743 aboleret,
3083 3691 3179 3747 per
3237 3679 3602 3734 obedientiam

2030 3765 2402 3834 integramque
2428 3767 2842 3835 subiectionem.
2871 3767 3054 3839 Neque
3093 3771 3234 3825 enim
3261 3770 3390 3826 fecit
3411 3789 3606 3841 pecca-

2030 3865 2139 3910 tum
2164 3857 2232 3921 ",
2270 3857 2616 3926 humanaque
2643 3871 2834 3913 natura
2859 3860 2913 3914 in
2933 3861 3049 3928 ipso
3074 3860 3345 3930 inculpata
3374 3864 3607 3932 irrepre-

2029 3948 2421 4016 bensibilisque
2443 3957 2524 4002 est
2557 3947 2746 4002 effecta
2787 3966 2802 4001 :
2837 3959 2895 4002 ut
2941 3949 3102 4019 757
3150 3952 3320 4019 possit
3353 3953 3606 4021 deinceps

2029 4037 2199 4092 libere
2255 4036 2596 4090 exclamare:
2634 4035 2808 4091 «Deus
2835 4051 3008 4103 meus,
3065 4039 3203 4095 Deus
3229 4055 3403 4107 meus,
3439 4057 3608 4112 quare

2030 4142 2118 4181 me
2163 4127 2500 4196 dereliquisti
2547 4127 2572 4181 2
2606 4144 2628 4179 ι
2657 4127 3044 4184 Animadverte
3081 4131 3246 4199 enim,
3284 4134 3430 4202 quod
3481 4149 3606 4190 eum

2032 4219 2352 4290 Uuigenitus
2395 4218 2568 4274 factus
2605 4227 2692 4276 est
2725 4221 2907 4290 homo,
2955 4222 3097 4278 sicut
3139 4238 3280 4277 unus
3322 4237 3388 4279 ex
3427 4227 3608 4292 nobis,

2032 4327 2130 4382 pro
2199 4313 2447 4368 universa
2513 4315 2678 4368 etiam
2741 4323 2935 4370 natura
3018 4316 3256 4372 humana
3339 4317 3604 4388 ejusmodi

355 4409 568 4478 φύσεως
599 4411 694 4474 τὰς
718 4411 974 4475 τοιαύτας
999 4412 1150 4482 ἠφίει
1181 4411 1383 4480 φωνὰς,
1417 4412 1700 4482 μονονουχὶ
1733 4412 1920 4480 λέγων·

2037 4417 2195 4459 voces
2270 4403 2491 4471 emisit,
2559 4404 2718 4475 quasi
2796 4406 2983 4462 dicens
3039 4407 3356 4464 :Peccavit
3394 4412 3610 4480 primus

355 4501 830 4573 Πεπλημμέληκεν
854 4503 881 4555 6
907 4503 1122 4573 πρῶτος
1151 4501 1455 4572 ἄνθρωπος,
1483 4503 1826 4574 παρώλισθεν
1853 4506 1932 4567 εἰς

356 4595 662 4665 παρακοήν,
709 4593 1058 4666 κατημέλησε
1101 4597 1200 4667 τῆς
1239 4594 1485 4664 δοθείσης
1527 4595 1775 4666 ἐντολῆς,
1823 4599 1933 4660 τοῖς

354 4685 450 4737 τοῦ
475 4685 768 4755 δράκοντος
805 4688 1160 4755 φενακισμοῖς
1192 4687 1270 4749 εἰς
1300 4687 1362 4739 τὸ
1403 4685 1612 4756 ἑξήνιον
1650 4687 1920 4758 συνηρπά-

359 4777 512 4838 ζετοσ
538 4775 820 4846 ταύτῃτοι,
861 4778 955 4830 καὶ
1001 4776 1145 4846 μάλα
1185 4777 1428 4840 εἰκότως,
1468 4777 1828 4847 ὑπενήνεκται
1867 4781 1934 4849 τῇ

358 4868 563 4937 φθορᾷ,
611 4868 704 4920 καὶ
731 4869 954 4937 γέγονεν
994 4868 1099 4920 ὑπὸ
1149 4867 1339 4937 δίκην·
1390 4867 1506 4921 ἀλλ’
1537 4869 1638 4939 ἐμὲ
1680 4869 1936 4941 δευτέραν

351 4959 659 5029 ἐφύτευσας
713 4959 886 5031 ἀρχὴν
931 4963 1044 5024 τοῖς
1099 4959 1194 5012 ἐπὶ
1245 4960 1344 5029 τῆς
1377 4961 1501 5030 γῆς,
1551 4961 1936 5032 κεχρημάτικα

351 5048 605 5119 δεύτερος
631 5049 822 5119 Ἀδάμ.
851 5051 940 5102 Ἐν
968 5049 1093 5118 ἐμοὶ
1119 5047 1686 5119 κεωθαρμένηνὸρᾷς
1715 5050 1814 5116 τὴν
1840 5050 1930 5102 άν-

356 5141 574 5210 θρώπου
599 5142 779 5209 φύσιν,
813 5141 1240 5213 κατορθώσασαν
1262 5139 1320 5192 τὸ
1349 5139 1729 5210 ἀπλημμελὲς,
1765 5142 1930 5209 ἁγίαν

355 5233 450 5285 καὶ
477 5235 771 5300 πάναγνον.
800 5233 952 5286 Δίδου
983 5233 1168 5285 λοιπὸν
1187 5231 1256 5284 τὰ
1281 5231 1340 5296 ἐξ
1365 5231 1702 5302 ἡμερότητος
1727 5233 1927 5299 ἀγαθὰ,

351 5322 448 5378 λύε
492 5324 591 5395 τὴν
637 5326 1044 5395 ἐγκατάλειψιν,
1097 5324 1424 5394 ἐπιτίμησον
1463 5327 1526 5393 τῇ
1579 5324 1784 5393 φθορᾷ,
1839 5327 1934 5378 καὶ

356 5414 529 5485 πέρας
567 5416 744 5484 ἐχέτω
765 5415 836 5469 τὰ
869 5415 928 5480 ἐξ
969 5415 1153 5485 ὀργῆς.
1201 5414 1481 5482 Νενίκηκα
1513 5413 1620 5485 γὰρ
1652 5414 1812 5467 αὐτὸν
1842 5417 1933 5468 τὸν

356 5503 524 5555 πάλαι
556 5504 906 5572 κρατήσαντα
951 5503 1212 5555 Σατανᾶν.
1257 5496 1396 5569 Εὗρε
1435 5505 1542 5570 γὰρ
1577 5503 1634 5553 ὲν
1672 5503 1792 5572 ἐμοὶ
1827 5505 1936 5556 τών

428 5679 472 5708 ’⁵
505 5676 694 5730 Matth.
726 5691 836 5735 xvt.
877 5675 966 5732 ‘22.
996 5675 1085 5727 ‘25.

2038 4498 2220 4564 homo,
2283 4497 2466 4566 lapsus
2529 4497 2582 4551 in
2625 4497 3046 4553 inobedientiam
3081 4501 3358 4570 ;neglexit
3409 4517 3610 4572 praeces-

2035 4596 2180 4656 ptum
2221 4589 2363 4657 quod
2387 4587 2433 4640 ei
2482 4587 2664 4641 datum
2717 4595 2856 4654 era’t,
2907 4598 2961 4643 et
3009 4591 3258 4645 draconis
3313 4593 3609 4661 impostura

2036 4683 2102 4734 ad
2149 4680 2568 4735 inobedientiam
2617 4689 2801 4749 raptus
2852 4671 2953 4734 esi.
3009 4679 3235 4748 Idcirco,
3274 4691 3340 4738 et
3392 4685 3608 4752 quidem

2037 4772 2248 4836 merito,
2309 4772 2642 4840 corruptioni
2677 4779 2732 4825 et
2774 4785 2948 4838 prima:
2971 4771 3238 4826 obnoxius
3284 4773 3458 4826 factus
3503 4785 3604 4828 cst.

2036 4861 2140 4915 Sed
2211 4876 2298 4916 me
2356 4863 2676 4917 mortalibus
2721 4863 3018 4917 secundum
3069 4864 3401 4934 principium
3446 4878 3609 4935 atque

2038 4962 2316 5008 auctorem
2375 4955 2723 5020 constituisti,
2780 4965 2835 5008 et
2897 4963 3116 5009 vocatus
3167 4971 3284 5008 sunt
3338 4959 3608 5011 secundus

2039 5044 2209 5097 Adam
2241 5043 2306 5096 ’⁸.
2343 5043 2405 5097 -Ιιι
2461 5059 2547 5098 me
2595 5045 2906 5098 tunndatam
2963 5046 3114 5099 vides
3170 5047 3457 5100 humanam
3515 5062 3610 5100 na-

2038 5146 2248 5201 turam,
2298 5147 2462 5206 atque
2535 5138 2828 5206 integritati
2881 5139 3184 5193 restitutam
3235 5151 3478 5195 sanctam
3546 5157 3611 5196 ac

2039 5244 2249 5298 puram.
2279 5229 2498 5302 Largire
2545 5229 2616 5284 illi
2643 5231 2896 5303 deinceps
2928 5233 3282 5301 benignitatis
3306 5243 3407 5288 tua:
3449 5235 3607 5302 bona,

2041 5323 2420 5377 alienationem
2449 5323 2546 5377 abs
2578 5333 2628 5376 te
2661 5325 2838 5388 abolc,
2871 5325 3148 5379 interitum
3181 5326 3346 5387 solve.
3376 5337 3428 5378 et
3448 5327 3610 5380 linem

2045 5415 2240 5470 habeat
2266 5425 2352 5469 tua
2381 5418 2489 5470 ira.
2529 5413 2645 5470 Vici
2693 5418 2840 5471 enim
2896 5419 3153 5471 Satanam
3197 5419 3285 5487 qni
3326 5420 3434 5484 jam
3482 5420 3610 5472 olim

2046 5506 2330 5576 imperium
2395 5507 2726 5562 obtinuerat.
2761 5507 2901 5562 Nihil
2955 5509 3098 5562 enim
3159 5525 3380 5579 prorsus
3435 5511 3486 5564 in
3529 5525 3615 5563 me

1162 5677 1205 5706 ⁷⁸
1244 5674 1281 5728 ll
1314 5676 1435 5733 Cor.
1473 5693 1524 5736 γ.
1563 5677 1642 5732 l7.
1721 5677 1763 5708 "
1791 5677 1920 5731 ιδεμ

2030 5719 2040 5734 .
2077 5677 2137 5736 9'.
2169 5679 2184 5731 Ι
2220 5679 2362 5736 Petr.
2401 5697 2460 5740 tt.
2491 5682 2581 5734 ‘22.
2664 5684 2707 5715 "
2733 5684 2751 5738 Ι
2782 5685 2900 5742 Cor.
2938 5701 3024 5742 λγ.
3058 5687 3141 5740 45.
3211 5711 3216 5716 λ
