4078 6264
462 211 606 267 1527

1445 204 1502 260 S.
1543 201 1814 259 CYRi‘LLI
1856 197 2324 257 ALEXANDRINI
2366 195 2687 251 ARCHIEP.

3577 188 3720 243 13⁸28

459 339 613 384 suum
646 321 871 378 invenit.
926 317 1283 389 Talis-itaque
1319 326 1421 381 est,
1457 328 1515 372 ut
1553 317 1805 380 arbitror,
1843 315 2026 369 verbo-

2146 312 2325 365 ἑαυτοῦ
2351 310 2640 374 ’παντελῶς
2670 308 2842 362 οὐδέν.
2880 306 3129 369 Τοιοῦτος
3165 305 3263 375 μὲν
3293 298 3407 366 οὖν,
3445 301 3522 364 ὣς
3553 320 3611 371 γε
3639 300 3722 355 οἶ-

461 432 578 471 rum
627 412 924 469 Salvatoris
973 426 1188 468 sensus.
1240 410 1354 464 Non
1383 409 1528 464 enim
1564 409 1688 469 sibi,
1731 406 1826 462 sed
1874 407 2031 461 nobis

2137 423 2255 476 μαι,
2283 405 2393 457 τῶν
2421 403 2514 456 τοῦ
2542 401 2791 473 Σωτῆρος
2820 399 2990 468 λόγων
3016 402 3043 453 ὁ
3079 398 3208 460 ιοῦς.
3249 395 3460 450 Ἐκάλει
3488 395 3594 466 γάρ
3615 397 3714 447 οὐκ

424 495 853 577 ζικιιιὶειιίιιιιοιῐι
890 503 1066 560 Patris
1115 502 1389 573 poscebat.
1433 498 1564 554 Nam
1603 501 1745 555 sicut
1796 500 1848 553 in
1912 499 2034 552 uni-

2146 499 2215 565 ιφ*
2243 497 2431 550 ἑαυτὸν
2470 493 2687 565 μᾶλλον,
2733 493 2846 546 ἀλλ’
2875 494 2960 560 ἐφ’
3001 491 3148 561 ἡμᾶς
3183 489 3401 554 αὐτοὺς,
3430 488 3528 558 τὴν
3565 486 3723 558 παρὰ

426 618 673 660 eversam
730 598 965 655 hominis
1007 607 1252 650 naturam
1297 610 1362 648 ex
1413 591 1829 647 Adams-veluti
1857 592 2030 661 prima

465 680 827 762 radice-poma
863 697 1084 760 peccato
1133 687 1312 743 debita
1353 697 1748 757 pervaserat,-c
1790 684 2033 754 regnavit

461 786 604 839 cnim
635 799 778 838 mors
801 783 874 836 ab
911 780 1116 834 Adamo
1166 793 1337 847 usque
1375 779 1442 832 ad
1482 777 1724 848 Moysen,
1771 777 1933 830 etiam
1978 776 2032 829 in

463 891 556 930 eos
589 877 679 946 qui
730 888 838 928 non
897 882 1258 942 peccaverunt
1315 871 1368 925 in
1421 870 1834 946 similitudinem
1892 883 2030 937 pra!-

463 965 812 1022 varicationis
840 965 967 1018 Ada:
1003 964 1046 995 τ⁹
1075 982 1086 1016 :
1125 982 1142 1015 ι
1183 964 1252 1016 ita
1288 963 1452 1017 etiam
1487 945 1808 1016 exsecundo
1848 970 2033 1014 nostro

465 1057 748 1128 principio,
812 1059 911 1110 hoc
961 1064 1046 1109 est
1123 1054 1358 1117 Christo,
1412 1068 1595 1116 rursus
1637 1053 1688 1106 in
1725 1053 2032 1106 universum

465 1163 632 1220 genus
681 1148 974 1201 humanum
1018 1148 1126 1200 vita
1173 1143 1592 1198 transfunditur.
1624 1143 1777 1208 Quod
1819 1144 2034 1212 quidem

463 1244 627 1296 etiam
662 1241 1099 1310 sapientissimus
1131 1237 1330 1292 Paulus
1351 1237 1632 1291 confirmat
1669 1236 1854 1290 dicens
1881 1257 1890 1288 :
1931 1253 1948 1284 ι
1977 1234 2034 1288 Si

439 1326 608 1385 ienim
639 1333 798 1386 unius
822 1331 1018 1385 delicto
1063 1329 1216 1384 multi
1244 1328 1438 1383 mortui
1468 1338 1613 1390 sunt,
1654 1327 1819 1379 multo
1865 1325 2037 1396 magis

469 1425 847 1493 uniusjustitia
874 1423 1023 1476 multi
1057 1424 1238 1474 vivent
1259 1421 1325 1474 ⁸ο.
1368 1440 1384 1471 ι
1416 1421 1479 1474 Et
1516 1435 1724 1473 rursum
1751 1436 1762 1470 :
1793 1437 1810 1470 ι
1836 1418 2036 1483 Quem-

465 1521 753 1573 admodum
814 1519 958 1571 enim
1024 1517 1074 1569 in
1130 1515 1299 1568 Adam
1350 1528 1537 1567 omnes
1586 1513 1888 1565 moriuntur
1921 1529 1933 1564 :
1966 1511 2037 1564 ita

467 1612 628 1664 etiam
660 1611 710 1664 itt
740 1609 956 1664 Christo
1005 1623 1194 1662 omnes
1235 1607 1646 1660 vivificabuntur
1670 1605 1736 1660 ⁸¹.
1778 1624 1796 1654 ι

538 1789 597 1844 Β.
630 1789 869 1859 Ineptum
893 1786 1072 1856 itaque
1116 1795 1164 1839 et
1193 1785 1592 1839 dissentancum
1627 1799 1653 1837 a
1685 1799 1840 1838 sacra
1897 1781 2043 1837 Scri-

467 1894 624 1954 ptura
654 1892 739 1938 est
782 1883 1092 1937 existimare
1138 1891 1194 1935 et
1249 1881 1429 1934 dicere
1490 1878 1760 1932 hominem
1827 1892 2042 1931 assum-

469 1987 617 2045 ptum
667 1975 826 2030 veluti
910 1973 1183 2028 desertum
1241 1987 1269 2024 a
1333 1969 1510 2025 Verbo
1571 1970 1666 2039 ipsi
1730 1969 2039 2038 conjuncta,

469 2065 721 2121 humanis
750 2063 974 2120 vocibus
997 2078 1149 2117 usuin
1181 2060 1367 2116 fuisse.

537 2250 604 2303 A.
636 2248 860 2316 imptum
897 2244 1072 2314 plane,
1129 2251 1289 2311 atque
1344 2251 1599 2296 extremae
1630 2239 1908 2309 cujusdam
1957 2239 2040 2294 in-

468 2340 634 2395 saniae
693 2347 1069 2408 argumentum
1135 2333 1316 2398 fuerit,
1375 2347 1544 2402 neque
1571 2332 1804 2386 alienum
1850 2332 1917 2387 ab
1977 2331 2045 2386 iis

468 2433 560 2503 qui
599 2442 741 2486 recte
766 2430 970 2487 sentire
1007 2427 1272 2482 nesciunt.
1309 2427 1441 2481 Cum
1495 2426 1638 2480 enim
1675 2426 2044 2496 sejungantac

468 2521 955 2592 separentonmino
990 2525 1042 2571 et
1067 2532 1225 2572 voces
1281 2527 1336 2569 et
1375 2531 1482 2579 res,
1512 2524 1673 2585 atque
1704 2515 1802 2568 has
1827 2515 2042 2585 quidem

468 2613 568 2666 soli
613 2626 676 2665 ac
722 2609 1067 2680 peculiariter
1124 2607 1416 2675 Unigenito
1443 2606 1701 2669 tribuant,
1762 2606 1859 2660 has
1917 2621 2044 2661 vero

470 2703 679 2757 cuidam
731 2702 945 2753 diverso
991 2700 1056 2751 ah
1104 2697 1205 2751 hoc
1236 2695 1397 2762 Filio,
1432 2706 1482 2750 et
1529 2711 1592 2748 ex
1634 2695 1858 2750 muliere
1893 2705 2041 2762 nato,

469 2806 503 2845 a
560 2806 685 2844 vera
732 2787 898 2859 758
959 2786 1348 2852 rectaque-via
1405 2783 1678 2851 aberrant,
1731 2785 2045 2856 Christique

471 2878 787 2953 mysterium
817 2892 920 2931 non
947 2875 1283 2945 intelligunt.

542 3147 604 3204 Β.
627 3148 743 3204 Non
761 3158 887 3202 sunt
914 3147 1095 3216 itaque
1123 3147 1433 3214 separandae
1446 3159 1616 3200 voces
1643 3154 1734 3199 aut
1767 3160 1874 3210 res,
1911 3145 2043 3199 alla-

470 3242 546 3298 tis
595 3242 647 3297 in
678 3242 930 3297 medium
978 3239 1305 3311 evangelicis
1339 3249 1500 3309 atque
1542 3238 1850 3308 apostolicis
1891 3240 2044 3294 testi-

470 3332 669 3388 moniis
689 3333 714 3385 ?

540 3425 606 3479 Δ.
651 3424 1021 3494 Nequaquam,
1089 3432 1348 3492 quantum
1417 3422 1610 3476 attinet
1671 3420 1736 3474 ad
1779 3433 2046 3488 personas

472 3517 605 3570 duas
630 3525 684 3568 et
733 3516 1048 3585 hypostases
1082 3516 1216 3569 duas
1241 3514 1524 3569 distinctas
1554 3513 1694 3567 inter
1731 3527 1812 3579 se,
1845 3519 1900 3566 et
1921 3524 2044 3580 spe-

471 3607 685 3662 cialiter
743 3606 886 3659 iuter
947 3618 1004 3659 se
1074 3613 1514 3659 remotaszcum
1582 3604 1726 3658 enim
1783 3604 1854 3658 sit
1892 3617 2048 3662 unus

471 3700 642 3756 Filius
682 3699 915 3754 Verbum
973 3705 1189 3767 propter
1238 3709 1335 3748 nos
1387 3695 1750 3759 incarnatum,
1813 3693 2044 3747 dixerim

471 3790 654 3846 omnia
681 3803 802 3845 esse
831 3789 1019 3857 ipsius,
1048 3801 1210 3843 voces
1240 3786 1495 3842 nimirum
1535 3794 1587 3841 et
1612 3800 1719 3853 res,
1761 3785 2047 3856 divinaque

473 3881 634 3936 simul
659 3889 716 3936 et
748 3879 1002 3934 humana.

541 3973 603 4028 Β.
636 3973 777 4044 Ergo
807 3988 930 4028 cum
978 3985 1043 4026 ex
1090 3969 1286 4026 itinere
1340 3971 1583 4028 defessus
1611 3971 1777 4028 fuisse
1825 3971 2044 4036 dicitur,

474 4075 636 4137 atque
657 4064 938 4129 esuriisse,
966 4077 1326 4131 somnumque
1356 4065 1584 4134 cepisse,
1633 4065 1957 4120 convenitne
1991 4074 2048 4119 ut

477 4172 564 4215 res
589 4157 724 4214 adeo
741 4157 977 4212 minutas
1000 4170 1065 4212 ac
1087 4157 1218 4212 viles
1241 4156 1552 4212 DeO'Verbo
1575 4158 1944 4212 ascribamus?

2068 3004 2116 3068 C

2135 589 2346 658 Πατρδς
2394 587 2700 656 εὐμένειαν.
2756 584 2964 655 Ὥσπερ
3020 581 3128 650 γὰρ
3192 581 3272 642 είς
3305 579 3432 647 ὃλην
3473 579 3573 648 τὴν
3617 579 3702 631 ἀν-

2133 679 2354 750 θρώπου
2398 679 2559 747 φύσιν
2595 677 2846 746 καθάπερ
2873 675 2936 726 ὲκ
2968 672 3122 744 ῥίζης
3151 671 3249 742 τῆς
3288 669 3530 741 πρώτης,
3575 669 3723 739 φημὶ

2133 788 2227 824 του
2261 771 2460 840 Ἀδὰμ,
2491 769 2639 837 διέϐη
2668 767 2734 822 τὰ
2766 767 2824 831 ἐξ
2848 766 3017 836 ὀργῆς
3038 783 3051 795 ·
3091 783 3109 816 ι
3149 763 3500 834 βεϐασίλευκε
3550 761 3659 833 γὰρ
3695 762 3724 814 ὁ

2137 863 2364 924 θάνατος
2400 861 2506 914 ἀπὸ
2540 857 2902 927 ’Λδὰμ-μὲχρι
2935 855 3198 919 Μωσέως,
3227 853 3323 905 καὶ
3355 853 3447 905 ἐπὶ
3478 852 3608 914 τοὺς
3642 851 3723 922 μὴ

2137 954 2554 1024 ἁμαρτήσαντας
2605 948 2696 1000 ἐπὶ
2745 945 2822 1016 τῷ
2855 943 3160 1015 ὁμοιώματι
3211 943 3310 1010 τῆς
3351 940 3726 1013 παραϐάσεως

2149 1045 2338 1114 Ἀδάμ·
2366 1062 2381 1093 ι
2418 1041 2560 1094 οὕτω
2591 1040 2683 1092 καὶ
2721 1038 2788 1090 τὰ
2830 1037 2894 1089 ὲκ
2924 1033 3316 1106 τῆς-δευτέρας
3351 1032 3510 1103 ἡμῶν
3539 1033 3720 1100 ἀπαρ-

2137 1137 2258 1206 χῆς,
2282 1133 2524 1188 τουτέστι
2549 1129 2809 1200 Χριστοῦ,
2840 1127 2998 1180 πάλιν
3022 1128 3101 1188 εἰς
3128 1126 3275 1178 ἅπαν
3298 1123 3360 1177 τὸ
3373 1122 3724 1194 ἀνθρώπινον

2136 1229 2454 1299 διαϐήσεται
2485 1224 2659 1292 γένος,
2691 1221 2784 1274 καὶ
2813 1217 3146 1272 πιστώσεται
3176 1216 3351 1284 λέγων
3383 1217 3411 1267 ὁ
3443 1215 3726 1283 πάνσοφος

2138 1319 2349 1380 Παῦλος
2370 1334 2382 1346 ο
2423 1335 2439 1366 ι
2468 1316 2531 1366 Εἰ
2564 1312 2669 1381 γὰρ
2696 1309 2773 1382 τῷ
2807 1307 2900 1361 τοῦ
2927 1307 3045 1370 ἐνὸς
3073 1303 3482 1378 παραπτώματι
3507 1305 3557 1356 οἱ
3593 1303 3727 1356 πολ-

2139 1415 2221 1466 λοὶ
2254 1409 2544 1465 ἀπέθανον,
2578 1402 2754 1473 πολλῴ
2791 1401 2990 1471 μᾶλλον
3027 1399 3102 1468 τῷ
3128 1397 3220 1451 τοῦ
3253 1396 3370 1458 ἐνὸς
3392 1395 3727 1466 δικαιώματι

2140 1506 2186 1556 οἱ
2219 1501 2400 1554 πολλοὶ
2430 1500 2738 1568 ζήσουται.»
2781 1493 2888 1546 Καὶ
2911 1490 3101 1543 πάλιν
3136 1507 3152 1539 ι
3179 1488 3394 1557 Ὠσπερ
3419 1486 3526 1555 γὰρ
3556 1488 3613 1539 ὲν
3643 1485 3728 1554 τῷ

2154 1595 2276 1647 ’Δδὰ
2286 1610 2323 1662 μ
2347 1590 2545 1651 πάντες
2565 1585 3018 1655 ἀποθνήσκουσιν,
3042 1581 3184 1636 οὕτω
3211 1580 3304 1632 καὶ
3331 1581 3390 1631 ὲν
3409 1578 3488 1647 τῷ
3503 1577 3726 1651 Χριστῷ

2061 1669 2112 1722 Β
2144 1684 2342 1744 πάντες
2371 1675 2891 1748 ζωοποιηθήσονται.
2915 1693 2938 1723 θ

2215 1775 2274 1826 Β.
2314 1771 2547 1837 Ἀσοφον
2600 1761 2691 1818 οὖν
2727 1763 2833 1834 ἄρα
2887 1763 2981 1815 καὶ
3026 1761 3233 1830 ἀπᾷδον
3281 1757 3564 1819 παντελῶς
3611 1758 3728 1815 τοῖς

2148 1867 2306 1938 ίερόῖς
2355 1861 2670 1932 Γράμμασι,
2704 1855 2766 1908 τὸ
2796 1852 3003 1907 οἴεσθαί
3032 1869 3091 1904 τε
3117 1851 3212 1905 καὶ
3243 1849 3447 1919 λέγειν,
3482 1848 3574 1900 τὸν
3597 1847 3729 1899 ἁνα-

2144 1937 2416 2028 ληφθέντα
2463 1946 2886 2028 ἄνθρωπον,-ῶς
2940 1941 3440 2011 ὲγκαταλειφθέντα
3487 1939 3595 1991 ὑπὸ
3631 1937 3727 1989 τοῦ

2147 2024 2509 2114 συναφθέντος
2531 2038 2696 2110 αὐτῷ.
2717 2024 2916 2106 Λόῆου,
2945 2036 3064 2098 ταῖς
3095 2030 3467 2103 ἀνθρωπίναις
3511 2029 3727 2100 χρήσα-

2147 2139 2269 2193 σθαι
2302 2135 2526 2205 φωναῖς.

2213 2237 2279 2284 Δ.
2321 2224 2592 2288 Δυσσεϐὲς
2623 2223 2720 2295 μὲν
2749 2216 2865 2288 οὖν,
2891 2213 3169 2290 ὧέταῖρε,
3207 2218 3302 2271 καὶ
3338 2217 3436 2286 τῆς
3465 2217 3545 2278 είς
3576 2214 3730 2285 λῆξιν

2145 2315 2545 2392 ὲμϐροντησίας
2595 2311 2868 2376 ἀπόδειξις
2920 2309 3006 2380 εῖη
3070 2309 3136 2362 ἂν
3187 2307 3281 2360 καὶ
3340 2303 3491 2376 μάλα
3520 2304 3730 2392 σαφὴς

2142 2391 2313 2478 τουτὶ,
2337 2410 2437 2463 οὐκ
2463 2403 2718 2466 ἀπεοικός
2741 2420 2805 2471 γε
2838 2401 2943 2472 μὴν
2976 2402 3086 2462 τοῖς
3115 2398 3189 2470 μὴ
3221 2399 3436 2467 φρονεῖν
3468 2391 3527 2448 εὖ
3557 2398 3702 2463 ὲγνω
3721 2424 3733 2435 -

2144 2507 2317 2559 κόσιν.
2359 2498 2578 2569 Ἐπειδὴ
2623 2495 2730 2567 γὰρ
2760 2491 2996 2548 διιστᾶσί
3035 2508 3094 2544 τε
3140 2491 3231 2544 καὶ
3260 2489 3556 2560 διορίζουσι
3592 2505 3729 2539 παν-

2144 2596 2281 2668 ταχῆ
2315 2592 2412 2646 καὶ
2444 2589 2627 2659 φωνὰς
2669 2585 2764 2640 καὶ
2795 2583 3120 2655 πράγματα,
3151 2581 3249 2634 καὶ
3287 2579 3386 2642 τὰς
3431 2580 3530 2648 μὲν
3582 2579 3733 2648 μόνῳ

2146 2688 2240 2744 καὶ
2276 2686 2458 2750 ίδικῶς
2496 2681 2898 2751 ὲκνενεμήκασι
2935 2676 3014 2747 τῷ
3059 2675 3393 2742 Μονογενεῖ,
3437 2672 3538 2734 τὰς
3563 2672 3622 2725 δὲ
3653 2673 3730 2736 ὡς

2142 2781 2320 2852 ἑτέρῳ
2347 2776 2474 2848 παρ’
2503 2774 2663 2829 αὑτὸν
2692 2772 2805 2842 Υἱῷ
2830 2786 2889 2823 τε
2928 2769 3021 2822 καὶ
3065 2768 3130 2820 ὲκ
3163 2764 3440 2834 γυναικὸς,
3469 2764 3728 2836 “gmw,

2143 2873 2555 2944 διημαρτήκασι
2605 2865 2703 2934 τῆς
2761 2863 2840 2924 εἰς
2885 2858 3013 2912 εὐθύ
3060 2873 3120 2909 τε
3165 2855 3259 2908 καὶ
3310 2855 3730 2924 ἀπλανεστάτης

2152 2964 2308 3028 ὁδοῦ,
2361 2960 2454 3014 καὶ
2500 2955 2592 3010 τοῦ
2642 2953 2837 3007 εἰδέναι
2879 2948 3064 3018 σαφῶς
3098 2948 3157 3001 τὸ
3217 2945 3456 3018 Χριστοῦ
3516 2948 3730 3018 μυστή-

2151 3074 2284 3130 ριον.

2217 3151 2276 3202 B.
2320 3145 2394 3199 Οὐ
2425 3141 2720 3214 διαιρετέον
2755 3134 2846 3193 οὖν
2899 3139 3005 3208 ἄρα
3059 3136 3263 3204 φωνὰς,
3316 3135 3349 3205 ἢ
3401 3134 3727 3205 πράγματα,

2147 3237 2550 3312 παροισθέντων
2595 3235 2676 3295 είς
2711 3232 2873 3301 μέσον
2896 3228 3012 3282 τῶν
3060 3226 3434 3296 εὐαγγελικῶν
3467 3227 3563 3278 καὶ
3595 3226 3732 3278 ἀπο-

2149 3327 2408 3385 στολικῶν
2449 3323 2859 3396 κηρυγμάτωνς

2221 3424 2282 3476 Α.
2327 3416 2625 3489 υὺμενοῦν,
2667 3414 2726 3466 τό
2768 3430 2832 3482 γε
2866 3408 3002 3485 ἧκον
3033 3411 3114 3474 εἰς
3158 3410 3430 3482 πρόσωπα
3469 3407 3583 3474 δύο,
3635 3407 3728 3460 καὶ

2149 3514 2476 3575 ὑποστάσεις
2508 3510 2602 3564 δύο
2655 3505 2992 3579 διῃρημένας
3042 3504 3317 3576 ἀλλήλων,
3362 3503 3455 3557 καὶ
3501 3504 3730 3569 άποιιςοι-

2147 3607 2327 3668 τώσας
2369 3603 2603 3658 είσάπαν
2649 3598 2834 3661 ἱδικῶς
2863 3615 2922 3650 τε
2962 3597 3058 3650 καὶ
3104 3595 3399 3666 ἀναμέρος.
3440 3593 3585 3655 Ἐνὸς
3617 3591 3728 3662 γάρ

2147 3700 2300 3761 ὄντος
2352 3694 2506 3760 Υἱοῦ,
2558 3692 2652 3744 τοῦ
2675 3691 2742 3742 δι’
2784 3690 2934 3760 ἡμᾶς
2963 3687 3488 3759 ὲνανθρωπήσαντος
3524 3683 3726 3753 Λόγου,

2148 3787 2314 3858 φαίην
2347 3785 2413 3840 ἂν
2434 3780 2576 3836 εἶναι
2609 3781 2789 3835 πάντα
2811 3777 2998 3843 αὑτοῦ,
3025 3777 3217 3845 λόγους
3250 3792 3310 3829 τε
3342 3775 3436 3828 καὶ
3469 3775 3731 3846 πράγμα-

2147 3895 2234 3944 τα,
2260 3877 2331 3931 τά
2352 3893 2411 3928 τε
2443 3871 2720 3945 θεοπρεπῆ
2751 3872 2846 3924 καὶ
2867 3870 3090 3942 προσέτι
3123 3867 3193 3922 τὰ
3213 3865 3551 3938 ἀνθρώπινα.

2218 3971 2280 4024 Β.
2325 3965 2532 4023 Οὐκοῦν
2559 4007 2574 4031 ,
2605 3962 2716 4018 »κᾶν
2765 3965 2814 4015 εἰ
2861 3963 2927 4015 ὲκ
2970 3961 3069 4032 τῆς
3113 3957 3421 4028 ὁδοιπορίας
3464 3958 3726 4012 κοπιάσαι

2148 4064 2383 4132 λέγοιτο,
2415 4057 2668 4129 πεινῆσαί
2713 4073 2774 4110 τε
2805 4055 2898 4109 καὶ
2939 4052 3116 4107 ὕπνου
3151 4052 3496 4123 μετα-λαχεῖν,
3530 4053 3725 4123 πρέποι

2147 4153 2236 4218 ἂν,
2290 4151 2414 4206 είπέ
2477 4168 2589 4221 μοι,
2627 4149 2955 4220 προσνεῖμαι
3001 4143 3080 4215 τῷ
3110 4143 3228 4216 Θεῷ
3278 4143 3436 4216 Λόγῳ
3473 4144 3542 4200 τὰ
3588 4144 3724 4200 οὕτω

2154 4241 2365 4314 σμικρὰ
2385 4240 2480 4294 καὶ
2507 4237 2957 4311 κατερριμμένα;

547 4337 610 4390 Α.
661 4336 812 4389 Nudo
843 4335 1059 4404 quidem
1103 4343 1159 4389 et
1185 4333 1419 4388 nondum
1449 4336 1836 4405 incarnato,-ac
1863 4340 2042 4408 prius-

2220 4334 2284 4410 Α.
2321 4330 2521 4402 Γυμνῷ
2561 4329 2659 4401 μὲν
2704 4329 2804 4390 ἔτι,
2833 4329 2927 4381 καὶ
2955 4327 3108 4382 οὔπω
3159 4327 3587 4398 σεσαρκωμένῳ,
3638 4326 3726 4381 καὶ

475 4443 637 4499 quam
683 4425 1102 4481 exinanitionem
1154 4427 1394 4491 subiret,
1450 4442 1786 4497 nequaquam
1838 4449 1852 4485 :
1906 4441 2053 4489 recte

475 4519 618 4576 enim
673 4517 905 4586 judicas.
949 4518 1021 4571 At
1063 4531 1191 4572 vero
1233 4515 1512 4572 incarnato
1561 4528 1726 4587 atque
1775 4521 2051 4576 exinanito

476 4611 728 4679 quidnam
759 4608 1066 4664 detrimenti
1123 4607 1225 4662 hoc
1264 4609 1311 4661 ei
1363 4608 1558 4665 alferre
1581 4623 1738 4679 posse
1781 4613 2053 4668 censeas?

475 4699 938 4766 Quemadmodum
960 4699 1102 4754 enim
1126 4697 1396 4767 propriam
1417 4698 1583 4767 ipsius
1613 4713 1828 4754 carnem
1851 4699 2049 4756 factam

475 4803 596 4845 esse
623 4791 878 4853 dicimus,
907 4789 978 4842 ita
1005 4786 1239 4843 vicissim
1273 4787 1442 4856 ipsius
1478 4801 1598 4842 esse
1639 4787 1929 4843 statuimus
1955 4804 2050 4858 per

477 4879 806 4934 consortium
841 4875 1246 4940 incarnationis,
1290 4885 1346 4930 et
1406 4877 1613 4930 ratione
1645 4877 2056 4942 exinanitionis,

477 4970 653 5023 carnis
677 4968 838 5023 etiam
861 4965 1201 5026 incommoda
1215 4974 1376 5034 atque
1392 4965 1832 5022 imbecillitatem.
1851 4967 2060 5023 Similis

477 5060 619 5114 enim
648 5059 823 5114 factus
862 5069 945 5113 est
973 5072 1069 5127 per
1096 5058 1276 5112 omnia
1303 5057 1560 5113 fratribus
1592 5059 1658 5127 “',
1691 5069 1916 5128 excepto
1937 5059 2051 5122 solo

477 5159 716 5220 peccato.
774 5148 958 5218 Neque
1001 5149 1212 5203 mireris
1259 5148 1303 5202 si
1350 5161 1453 5201 una
1503 5162 1624 5201 cum
1683 5161 1846 5201 carne
1887 5149 2049 5203 etiam

477 5241 658 5296 carnis
687 5238 1082 5294 imbecillitates
1132 5238 1236 5292 sibi
1267 5239 1524 5294 ascivisse
1551 5239 1725 5308 ipsum
1771 5239 2000 5295 dicimus
2032 5257 2047 5305 ς

479 5335 617 5388 unde
666 5339 722 5387 et
777 5338 1030 5387 externas
1070 5329 1423 5385 contumelias
1471 5346 1500 5384 a
1532 5327 1740 5385 Judaeis
1798 5330 2052 5386 ferociter

479 5426 580 5479 sibi
606 5425 800 5489 illatas,
826 5421 1032 5489 sibiipsi
1062 5421 1333 5490 ascripsit,
1360 5421 1543 5477 dicens
1572 5437 1666 5490 per
1687 5437 1871 5476 vocem
1907 5421 2045 5477 Psal-

2152 4425 2282 4495 πρὶν
2306 4419 2630 4477 καθικέσθαι
2662 4420 2796 4491 πρὸς
2819 4418 3072 4487 κένωσιν,
3097 4418 3302 4492 πρέποι
3324 4419 3390 4473 ἂν
3413 4416 3616 4489 ἥκιστά
3642 4431 3724 4483 γε’

2148 4517 2368 4586 φρονεῖς
2418 4513 2528 4584 γὰρ
2559 4511 2757 4582 ὀρθῶς·
2808 4511 3292 4581 ὲνανθρωπήσαντι
3337 4509 3395 4564 δὲ
3442 4509 3538 4564 καὶ
3571 4524 3727 4561 κεκε-

2149 4606 2380 4676 νωμένῳ
2430 4606 2612 4658 ὁποῖον
2664 4604 2774 4675 ἄρα
2807 4602 3141 4675 προστρῖψαι
3189 4602 3388 4673 βλάϐος
3428 4601 3492 4655 τὸ
3543 4602 3728 4672 χρῆμα

2149 4699 2335 4769 αὺτῷ;
2360 4699 2572 4770 ’Ὠσπερ
2602 4697 2710 4767 γὰρ
2761 4697 2894 4752 ἰδίαν
2943 4695 3109 4750 αὑτοῦ
3139 4696 3237 4766 τὴν
3264 4696 3444 4768 σάρκα
3478 4693 3728 4765 γενέσθαι

2156 4791 2355 4861 φαμὲν,
2399 4789 2544 4843 οὕτω
2583 4788 2745 4842 πάλιν
2779 4789 2943 4842 αὐτοῦ
2977 4789 3100 4841 κατ’
3142 4788 3415 4841 οἱκείωσιν
3461 4790 3730 4858 οἰκονομι-

2156 4881 2278 4952 κὴν,
2305 4881 2398 4934 καὶ
2432 4880 2574 4934 κατά
2599 4897 2664 4948 γε
2690 4879 2783 4933 τὸν
2823 4880 2922 4949 τῆς
2951 4878 3236 4942 κενώσεως
3265 4879 3487 4949 τρόπον,
3511 4881 3611 4942 τὰς
3634 4879 3730 4949 τῆς

2157 4971 2358 5041 σαρκὸς
2389 4971 2692 5035 ἀσθενείας.
2752 4969 3024 5042 Ὡμοιώθη
3065 4971 3173 5041 γάρ
3203 4969 3348 5024 κατὰ
3397 4970 3578 5025 πάντα
3619 4973 3728 5032 τοῖς

2154 5063 2420 5132 ἀδελφοῖς,
2443 5063 2565 5133 δίχα
2589 5063 2756 5133 μόνης
2784 5062 3077 5134 ἁμαρτίας.
3095 5062 3206 5116 Καὶ
3237 5045 3399 5133 μήτοι
3423 5061 3726 5132 θαυμάσῃς,

2156 5153 2204 5204 εί
2227 5154 2323 5216 τὰς
2350 5154 2447 5220 τῆς
2475 5153 2676 5223 σαρκὸς
2703 5152 2986 5216 ἀσθενείας
3014 5150 3346 5213 οἰκειοῦσθαι
3370 5167 3551 5222 φαμεν
3572 5151 3728 5204 αὐτὸν

2162 5246 2298 5314 μετὰ
2323 5245 2422 5313 τῆς
2461 5245 2684 5314 σαρκὸς,
2715 5245 2836 5298 ὅθεν
2892 5244 2988 5297 καὶ
3017 5243 3116 5306 τὰς
3144 5243 3380 5313 θύραθεν
3426 5241 3727 5312 παροινίας.

2158 5334 2254 5394 τὰς
2283 5333 2391 5386 ἀπό
2417 5350 2481 5402 γε
2506 5334 2609 5402 τῆς
2633 5334 2739 5387 τῶν
2767 5334 3037 5388 Ἰουδαίων
3068 5333 3393 5404 σκαιότητος
3422 5332 3727 5403 ἐπενεχθεί-

2159 5442 2258 5486 σας
2288 5424 2457 5494 αὐτῷ,
2513 5425 2677 5480 πάλιν
2731 5425 2911 5497 ἑαυτῷ
2943 5425 3379 5497 προσνενέμηκε,
3420 5426 3592 5494 λέγων
3639 5423 3728 5476 διὰ

546 5603 589 5632 ⁷⁸
637 5599 794 5654 Hom.
830 5603 973 5668 v,H.
1052 5601 1096 5632 ⁸ο
1123 5599 1249 5656 ibid.
1282 5596 1365 5651 i5.
1441 5597 1482 5629 θ’
1514 5596 1532 5652 Ι
1559 5597 1686 5654 Cur.
1709 5615 1797 5668 xv,
1827 5602 1917 5656 22.
1993 5600 2035 5634 ⁹²

2147 5604 2321 5671 ὺῑ.ιῃ
2365 5603 2446 5659 l7.

4002 4343 4005 4500 ψ
