4078 6264
286 419 417 476 {329

1405 424 1596 486 quo»
1637 423 1822 479 unus
1861 425 1968 480 ενι
2004 426 2362 498 cumsws.

3403 437 3424 492 i
3438 438 3537 494 550

286 535 378 603 τῆς
412 533 505 586 τοῦ
538 533 848 597 Ψάλλοντος
884 534 1083 603 φωνῆς·
1119 536 1538 608 «Διεμερίσαντο
1558 537 1628 591 τὰ
1663 537 1854 610 ἱμάτιά

1978 545 2168 602 nistze:
2214 566 2232 599 α
2274 548 2582 604 Diviserunt
2619 550 2720 605 sibi
2774 556 3088 605 vestimenta
3119 564 3258 617 mea,
3290 562 3346 607 et
3379 571 3540 620 super

288 639 386 694 μου
409 624 640 685 ἑαυτοῖς,
670 623 761 674 καὶ
788 623 880 675 ἐπὶ
909 622 998 674 τὸν
1035 623 1349 692 ἱματισμόν·
1366 643 1468 694 μου
1512 626 1702 681 ἔϐαλον
1735 628 1867 697 κλῆ-

289 731 394 786 ρον.
411 733 428 766 ι
445 715 552 768 Καὶ
575 713 734 766 πάλιν
752 729 761 738 ·
777 732 793 764 ε
809 712 1014 774 Πάντες
1036 713 1083 764 οί
1103 710 1435 783 θεωροῦντες
1462 733 1549 785 με,
1569 717 1866 787 ἐξεμυκτή-

288 806 443 878 ρισάν
467 823 555 875 με,
587 804 854 872 ἐλάλησαν
882 804 938 854 ἐν
976 802 1232 871 χείλεσιν,
1263 803 1520 874 ἐκίνησαν
1552 807 1813 878 κεφαλήν.
1833 825 1858 864 ,ι

353 899 414 950 Β.
456 896 664 950 Οὐκοῦν
694 895 796 948 κᾶν
829 896 875 946 εξ
904 894 1264 965 λέγοιτυχὸν,
1299 915 1318 947 ι
1359 896 1416 949 Ὀ
1451 897 1714 967 ἑωρακὼς
1740 899 1863 968 ἐμὲ,

289 989 497 1059 ἑώρακε
536 987 628 1040 τὸν
658 985 894 1056 Πατέρα·
915 985 1061 1052 Ἐγὼ·
1098 986 1190 1038 καὶ
1234 987 1262 1039 6
1293 986 1500 1056 Πατὴρ,
1529 987 1588 1040 ἓν
1620 989 1803 1056 ὲσμεν’
1841 1004 1860 1039 ι

292 1077 404 1134 εἶτα
438 1080 573 1151 πρὸς
615 1077 920 1140 Ἰουδαίους,
958 1096 974 1127 ‹
1000 1077 1064 1129 Τί
1091 1095 1155 1148 με
1189 1078 1400 1148 ζητεῖτε
1427 1081 1747 1134 ἀποκτεῖναι
1774 1079 1866 1132 ἄν-

291 1175 523 1243 Θρωπον,
555 1170 611 1233 ὃς
635 1171 741 1240 τὴν
763 1169 1020 1238 ἀλήθειαν
1057 1169 1188 1238 ὑμῖν
1219 1170 1513 1240 λελάληκα,
1545 1173 1610 1242 ἢν
1656 1173 1865 1242 ἥκουσα

293 1264 436 1334 παρά
467 1263 558 1315 τοῦ
587 1261 723 1313 Θεοῦ
749 1279 764 1325 ;
795 1280 810 1310 ι
849 1259 966 1322 ἐνὸς
992 1256 1130 1313 εἶναι
1149 1261 1391 1332 δώσομεν
1422 1263 1515 1316 καὶ
1543 1262 1636 1315 τοῦ
1680 1261 1862 1327 αὐτοῦ,

290 1355 488 1415 ταύτας
515 1370 573 1404 τε
607 1350 868 1410 κάκείνας
893 1349 992 1412 τὰς
1019 1351 1201 1418 φωνάς
1223 1368 1236 1415 ;

359 1447 421 1499 Α.
458 1446 602 1499 Πάνυ
630 1445 730 1516 μὲν
759 1439 872 1508 οῦν,
904 1443 1234 1513 μεμέρισται
1266 1444 1373 1513 γὰρ
1396 1445 1646 1516 οὐδαμῶς
1679 1447 1707 1501 6
1734 1448 1864 1518 Χρι-

294 1539 431 1602 στὸς,
456 1533 533 1600 εἷς
560 1537 616 1590 δὲ
645 1537 740 1588 καὶ
772 1536 1057 1605 μόνοςκαὶ
1088 1535 1335 1605 ἀληθινὸς
1376 1537 1499 1600 Υἱὸς
1532 1539 1668 1609 πρὸς
1699 1539 1866 1592 ἁπάν-

290 1649 398 1685 των
429 1626 568 1682 εἶναι
607 1627 920 1682 πιστεύεται
955 1628 1061 1680 τῶν
1097 1628 1543 1699 προσκυνούντων
1577 1629 1754 1683 αὐτόν.
1800 1631 1863 1682 Ἣ

292 1724 398 1792 γὰρ
432 1721 595 1774 εἰκὼν
633 1719 726 1772 τοῦ
783 1718 1014 1789 ἀοράτου
1049 1719 1218 1785 Θεοῦ,
1265 1719 1324 1774 τὸ
1372 1721 1714 1790 ἀπαύγασμα
1763 1723 1864 1791 τῆς

292 1813 446 1884 δόξης
481 1813 580 1882 τῆς
631 1812 980 1874 ὑποστάσεως
1013 1811 1128 1864 τοῦ
1158 1812 1370 1882 Πατρός
1399 1850 1413 1874 ,
1467 1814 1494 1864 ὁ
1531 1812 1629 1881 τῆς
1675 1812 1864 1876 οὐσίας

293 1907 454 1960 αὐτοῦ
490 1907 794 1975 χαρακτὴρ,
829 1903 986 1957 ἔλαϐε
1023 1902 1208 1956 δούλου
1242 1904 1475 1974 μορφὴν,
1510 1904 1609 1973 οὐχ
1653 1904 1727 1966 ὼς
1769 1905 1864 1957 ἄν·
1897 1884 1937 1938 Β

293 2001 507 2068 θρωπον
555 1997 727 2066 ἐαυτῷ
777 1996 1052 2066 συνάψας,
1082 1996 1226 2049 καθά
1278 2012 1462 2064 φασιν,
1511 1998 1567 2047 ἐν
1621 1996 1757 2065 αὐτῇ
1809 1995 1864 2047 δὲ

293 2091 492 2160 μᾶλλον
516 2090 676 2152 αὐτὸς
724 2089 984 2158 γεγονὼς,
1021 2088 1344 2160 μεμενηκὼς
1374 2089 1431 2142 δὲ
1462 2089 1556 2142 καὶ
1608 2088 1779 2151 οὕτως
1809 2089 1865 2141 ἐν

288 2181 545 2250 ὁμοιώσει
580 2185 646 2252 τῇ
682 2182 822 2252 πρὸς
851 2182 984 2235 Θεὸν
1016 2184 1107 2234 καὶ
1130 2181 1370 2251 Πατέρα.
1401 2182 1653 2252 Γέγραφε
1681 2181 1810 2249 γοῦν
1838 2184 1866 2232 6

290 2274 560 2343 πάνσοφος
593 2273 822 2339 Παῦλος,
853 2274 934 2326 ὅτι
983 2293 1000 2324 ι
1039 2273 1094 2326 Ὀ
1123 2273 1274 2338 Θεὸς,
1301 2275 1328 2326 6
1357 2272 1526 2326 εἰπὼν
1550 2276 1612 2325 ὲκ
1644 2274 1866 2336 σκότους

291 2365 404 2433 φῶς
433 2364 670 2433 λάμψαι,
696 2365 754 2426 ὃς
780 2365 1018 2434 ἔλαμψεν
1048 2367 1102 2416 ἐν
1127 2363 1248 2426 ταῖς
1274 2363 1522 2435 καρδίαις
1551 2363 1708 2434 ἡμῶν
1735 2364 1868 2435 πρὸς

293 2456 572 2525 φωτισμὸν
611 2457 712 2524 τῆς
747 2454 1000 2525 γνώσεως
1045 2457 1140 2524 τῆς
1170 2455 1330 2526 δόξης
1375 2456 1541 2508 αὑτοῦ
1565 2495 1578 2518 ,
1613 2458 1669 2507 ὲν
1703 2470 1868 2524 προσ-

293 2550 425 2620 ώπῳ
457 2547 694 2620 Χριστοῦ
749 2546 940 2617 Ἰησοῦ.
969 2566 985 2599 ›
1032 2547 1221 2617 Ἀθρει
1257 2547 1366 2617 γάρ
1419 2547 1566 2610 ὅπως
1603 2547 1660 2598 έν
1695 2562 1865 2615 προσ-

292 2641 425 2710 ώπῳ
458 2639 696 2709 Χριστοῦ
727 2640 824 2708 τῆς
859 2639 1007 2702 θείας
1034 2655 1093 2690 τε
1122 2639 1214 2691 καὶ
1248 2639 1562 2709 ἀπορρήτου
1591 2636 1744 2708 δόξης
1774 2637 1868 2691 τοῦ

292 2731 428 2784 Θεοῦ
460 2733 552 2783 καὶ
598 2731 809 2800 Πατρὸς
854 2731 881 2781 ὁ
923 2730 1200 2799 φωτισμὸς
1239 2729 1576 2799 ἀναλάμπει.
1618 2729 1870 2783 Δείκνυσι

291 2824 398 2893 γὰρ
432 2825 488 2875 ἐν
515 2823 662 2893 αύτῷ
695 2823 790 2893 τὴν
823 2822 915 2876 τοῦ
948 2824 1161 2892 Πατρὸς
1209 2822 1386 2887 δόξαν,
1420 2823 1597 2896 καίτοι
1632 2821 1870 2890 γεγονὼς

292 2916 572 2982 ἄνθρωπος
605 2916 632 2966 6
685 2915 1017 2984 Μονογενής.
1049 2915 1226 2976 Μόνος
1257 2914 1365 2984 γὰρ
1405 2909 1591 2978 οὗτος,
1633 2913 1727 2966 καλ⁸
1773 2911 1870 2981 οὐχ

291 3007 477 3070 ἔτερος
512 3007 745 3077 Χριστὸς
779 3009 982 3059 νοεῖται
1017 3007 1110 3059 καὶ
1147 3005 1498 3076 ὀνομάζεται,
1527 3005 1702 3075 ἤγουν
1730 3004 1872 3056 διδα-

298 3099 534 3150 σκόντων
558 3101 704 3168 ἡμᾶς
732 3101 779 3152 oi
805 3099 1124 3162 διεναντίας,
1157 3097 1518 3168 τίνα-τρόπον
1548 3096 1758 3150 κατίδοι
1787 3113 1872 3156 τις

297 3189 364 3243 ἂν
392 3190 465 3252 ὡς
505 3192 560 3243 ὲν
599 3191 870 3262 ἀνθρώπῳ
915 3190 1079 3261 κοινῷ
1118 3191 1214 3260 τῆς
1254 3189 1403 3251 θείας
1453 3189 1608 3257 δόξης
1631 3188 1719 3240 τὸν
1760 3205 1871 3256 φω-

294 3281 505 3349 τισμὸν,
539 3282 703 3350 ἤγουν
735 3285 833 3352 τὴν
867 3284 1195 3348 ὲπίγνωσιν;
1232 3282 1307 3333 Οῦ
1345 3281 1452 3351 γὰρ
1495 3283 1550 3332 ὲν
1583 3278 1874 3349 ἀνθρώπου

301 3373 480 3439 μορφῇ
525 3371 654 3422 Θεὸν
705 3370 970 3440 ὀψόμεθα,
1004 3371 1143 3441 πλὴν
1185 3372 1240 3422 ὲν
1269 3369 1413 3440 μόνῳ
1464 3368 1542 3439 τῷ
1581 3367 1702 3421 καθ’
1730 3370 1876 3438 ἡμᾶς

296 3465 542 3530 γεγονότι
575 3465 668 3516 καὶ
714 3463 1193 3534 ἐνανθρωπήσαντι
1237 3461 1412 3530 Λόγῳ,
1454 3459 1784 3530 μεμενηκότι
1821 3459 1876 3511 δὲ

298 3556 392 3606 καὶ
432 3554 572 3606 ούτω
600 3555 841 3622 φύσειτε
892 3555 985 3606 καὶ
1030 3552 1244 3624 ἀληθῶς
1289 3550 1423 3622 Υίῴ,
1466 3549 1787 3622 παραδόξως
1809 3543 1877 3619 ἦν

300 3647 393 3698 καὶ
423 3646 581 3699 τοῦτο
612 3647 766 3708 ἰδεῖν,
803 3645 935 3698 καθὸ
979 3648 1181 3697 νοεῖται
1216 3643 1367 3706 Θεὸς.
1406 3643 1516 3694 Καὶ
1543 3639 1672 3708 γοῦν
1710 3642 1738 3693 ὀ
1766 3639 1877 3692 τῶν

301 3739 464 3790 αὑτοῦ
499 3739 810 3807 μυστηρίων
841 3735 1062 3805 ταμίας,
1094 3734 1329 3806 Χριστὸν
1366 3731 1573 3802 Ἰησοῦν
1605 3731 1878 3800 ὀνομάσας

301 3827 484 3891 αὑτὸν,
539 3827 614 3888 ὡς
667 3825 786 3876 καθ’
817 3827 958 3895 ἡμᾶς
1005 3825 1265 3894 γεγονότα
1303 3823 1394 3877 καὶ
1431 3821 1877 3896 σεσαρκωμένον,

301 3910 442 3966 οἶδεν
487 3915 615 3965 ὄντα
660 3913 797 3982 μετὰ
825 3913 917 3965 τοῦ
972 3914 1130 3982 φύσει
1188 3931 1247 3965 τε
1304 3914 1396 3966 καὶ
1437 3913 1666 3981 ἀληθείᾳ
1704 3912 1874 3964 Θεόν·

304 4006 508 4075 γράφει
541 4007 647 4075 γὰρ
682 4005 798 4056 ὠδί-
848 4025 863 4055 ι
907 4005 1323 4076 Τολμηρότερον
1378 4003 1434 4055 δὲ
1479 4002 1694 4073 ἔγραψα
1753 4004 1880 4070 ὑμῖν

308 4098 418 4149 ἀπὸ
450 4097 667 4166 μέρους,
693 4096 766 4156 ὡς
794 4097 1298 4165 ἐπαναμιμνήσκων
1328 4094 1470 4162 ὑμᾶς
1499 4092 1585 4145 διὰ
1607 4093 1701 4162 τὴν
1724 4093 1881 4161 χάριν

306 4188 405 4258 τὴν
429 4187 674 4238 δοθεῖσάν
710 4204 797 4256 μοι
825 4187 930 4239 ὑπὸ
958 4185 1051 4238 τοῦ
1074 4183 1229 4248 Θεοῦ,
1271 4186 1350 4246 είς
1380 4185 1440 4234 τὸ
1467 4177 1604 4234 εἷναί
1639 4199 1706 4249 με
1768 4181 1881 4232 λει-

307 4280 540 4351 τουργὸν
572 4280 803 4349 Χριστοῦ
840 4278 1014 4348 Ἰησοῦ
1047 4281 1124 4341 εἷς
1161 4279 1227 4330 τά
1253 4273 1792 4346 ἑθνη,ἱερουργοῦντα
1826 4273 1884 4324 τὸ

307 4370 642 4439 Εὑαγγέλιον
665 4371 755 4424 τοῦ
788 4372 943 4425 Θεοῦ.
981 4389 997 4420 ι
1032 4367 1374 4440 Προφητεύει
1399 4367 1453 4418 δὲ
1485 4367 1577 4420 καὶ
1610 4365 1884 4436 Ζαχαρίας

304 4465 386 4534 τῷ
427 4466 610 4534 οἰκείῳ
644 4465 810 4522 παιδί,
847 4464 989 4534 φημὶ
1021 4463 1106 4532 δὴ,
1149 4461 1225 4531 τῷ
1257 4461 1556 4530 Βαπτιστῇ·
1604 4477 1620 4510 ‹
1661 4459 1768 4511 Καὶ
1796 4459 1882 4520 σὺ,

1968 646 2169 706 vestem
2223 653 2394 693 meam
2459 639 2720 694 miserunt
2761 651 2963 694 sortem
2989 640 3057 697 ⁸³.
3091 659 3111 692 ι
3174 641 3240 695 Ει
3272 658 3487 696 rursum
3522 662 3535 696 :

1973 745 1990 778 ι
2025 728 2224 782 Omnes
2270 730 2513 784 videntes
2537 745 2619 784 me
2669 731 2975 787 deriserunt
3031 746 3116 787 me
3156 748 3173 798 ;
3230 733 3390 787 locuti
3417 745 3534 787 sunt

1968 818 2142 880 labiis,
2167 827 2220 872 et
2249 830 2531 876 moverunt
2554 830 2715 891 caput
2741 822 2825 877 ⁸⁵..
2847 841 2867 874 ι

2036 911 2097 966 Β.
2124 910 2266 978 Ergo
2295 912 2724 969 etiamsidicat-z
2757 933 2795 966 ι
2821 914 2920 980 Qui
2980 913 3113 969 vidit
3163 931 3268 979 me,
3323 915 3450 972 vidit
3484 927 3536 971 et

1965 999 2180 1055 Patrem
2209 1001 2291 1054 "‘2
2321 1018 2454 1071 ego
2492 1012 2546 1057 et
2591 1004 2753 1059 Pater
2809 1019 2972 1059 unum
3025 1020 3213 1061 sumus
3239 1007 3329 1073 “';
3361 1025 3381 1059 ι
3404 1023 3536 1077 pra:-

1969 1101 2114 1146 terea
2169 1093 2232 1144 ad
2266 1092 2567 1148 Juda'osu
2597 1084 2739 1160 Quid
2787 1111 2873 1150 me
2920 1098 3161 1166 quaeritis
3211 1099 3537 1161 interﬁcere.

1968 1183 2237 1237 hominem
2278 1185 2367 1253 qui
2411 1186 2688 1240 veritatem
2724 1186 2934 1240 locutus
2980 1203 3099 1240 sum
3149 1190 3322 1255 vobis,
3377 1205 3538 1258 quam

1966 1274 2197 1328 audivia
2239 1275 2346 1329 Deo
2377 1273 2422 1304 ⁸⁷
2453 1276 2477 1328 ?
2514 1294 2531 1326 ι
2587 1276 2746 1330 unius
2801 1287 2960 1346 atque
3009 1278 3248 1346 ejusdem
3301 1282 3540 1343 dicemus

1965 1367 2214 1420 essehas
2244 1381 2402 1421 voces
2424 1377 2479 1422 et
2498 1367 2666 1422 illas?

2036 1456 2100 1509 A.
2135 1455 2407 1519 Omnino;
2441 1456 2601 1510 nulla.
2629 1457 2772 1511 enim
2806 1459 3029 1513 ratione
3049 1459 3252 1514 divisus
3283 1468 3365 1513 est
3387 1459 3540 1513 Chri-

1965 1557 2079 1602 stus
2111 1547 2178 1601 ⁸⁸.
2231 1547 2388 1604 Unus
2421 1563 2548 1604 vero
2593 1563 2655 1604 ac
2699 1549 2846 1604 solus
2903 1559 2956 1605 et
3013 1566 3173 1605 verus
3213 1549 3381 1605 Filius
3425 1567 3542 1605 esse

1965 1637 2204 1692 creditur
2258 1639 2324 1693 ab
2387 1642 2636 1696 omnibus
2686 1643 2778 1711 qui
2840 1642 3039 1710 ipsnm-
3067 1644 3314 1697 adorant.
3365 1643 3543 1712 Imago

1966 1731 2107 1783 enim
2160 1732 2445 1786 invisibilis
2495 1734 2631 1796 Dei,.
2689 1733 2944 1802 splendor
2995 1735 3178 1804 gloria:
3227 1737 3545 1790 substantia:

1966 1819 2144 1875 Patris
2172 1821 2240 1886 ",
2270 1823 2628 1891 essentiacqne
2681 1823 2849 1891 ipsius
2887 1825 3192 1888 character,
3242 1828 3381 1880 servi
3437 1827 3545 1879 for-

1972 1927 2112 1967 mam
2147 1913 2355 1981 accepit
2385 1914 2432 1946 9°
2461 1931 2474 1966 :
2513 1928 2618 1966 non
2653 1923 2712 1966 ut
2753 1913 3026 1968 hominem
3059 1914 3158 1968 sibi
3191 1917 3542 1984 coniungens,

1972 2003 2419 2072 quemadmodum
2459 2005 2545 2059 isti
2586 2004 2798 2068 volunt,
2850 2007 2942 2060 sed
2970 2005 3021 2060 in
3076 2006 3162 2060 illa
3213 2007 3389 2076 potius
3436 2008 3548 2076 ipse

1973 2094 2147 2151 factus
2185 2114 2198 2164 ;
2233 2097 2641 2152 similitudinem
2699 2097 2917 2152 interim
2964 2113 3086 2152 cum
3137 2097 3298 2152 Patre
3356 2079 3548 2152 nihilo~

1974 2187 2152 2242 minus
2181 2189 2437 2244 retinens.
2466 2187 2630 2259 759
2653 2187 2899 2257 Scripsit.
2921 2189 3546 2258 itaqttesapientissimus

1974 2279 2192 2345 Paulus,
2272 2279 2525 2348 quoniam
2583 2299 2602 2332 ε
2661 2279 2835 2335 Deus-
2869 2278 2959 2347 qui
3011 2279 3155 2334 dixit.
3195 2279 3262 2333 de
3314 2279 3548 2345 tenebris

1975 2370 2149 2425 lucem
2178 2369 2732 2440 splendescereﬁpse
2747 2370 2932 2424 illuxit
2965 2370 3016 2423 in
3048 2370 3302 2424 cordibus
3349 2370 3548 2422 nostris

1975 2463 2042 2516 ad
2068 2463 2818 2518 illuminationem.scientiae
2849 2462 3115 2516 claritatis
3166 2462 3258 2516 Dei
3314 2462 3365 2514 in
3415 2461 3550 2514 facie

1975 2553 2175 2607 Christi
2214 2550 2337 2607 Jesu
2378 2554 2446 2606 θί.
2495 2571 2512 2604 ι
2545 2550 2870 2617 Vide—enim,
2899 2567 3007 2622 quo
3038 2560 3194 2618 pacto
3225 2551 3277 2604 iu
3321 2565 3548 2619 persona
3583 2584 3585 2586 -

1976 2643 2176 2700 Christi
2209 2643 2448 2698 divinum
2472 2652 2635 2712 atque
2656 2641 2925 2696 ineﬂ'abile
2951 2641 3135 2711 gloriae
3160 2639 3250 2694 Dei
3287 2656 3347 2694 ac
3371 2638 3549 2692 Patris

1979 2735 2156 2788 lumen
2203 2733 2560 2801 resplendeat.
2591 2731 2840 2788 Ostendit
2871 2732 3014 2787 enim
3057 2731 3106 2784 in
3132 2732 3312 2796 seipso
3351 2730 3550 2796 Uttige-

1979 2827 2121 2880 nitus
2153 2825 2328 2879 Patris
2357 2825 2605 2892 gloriam,
2624 2825 2840 2880 tametsi
2878 2824 3059 2878 factus
3080 2823 3152 2876 sit
3190 2823 3366 2875 homo.
3392 2821 3550 2875 Solus

1980 2932 2212 2985 namque
2239 2917 2348 2983 hic,
2374 2927 2426 2970 et
2453 2932 2556 2970 non
2590 2916 2725 2970 alius
2748 2916 3013 2970 Christus
3031 2923 3283 2968 censetur
3305 2921 3359 2964 et
3382 2927 3516 2963 -ι-υςςι
3533 2941 3549 2961 -.

1983 3019 2087 3064 tur.
2146 3010 2252 3063 Aut
2295 3008 2497 3077 alioqui
2530 3008 2760 3062 doceant
2789 3004 3086 3060 adversarii
3118 3001 3386 3072 quomodo
3434 3000 3554 3068 quis

1981 3101 2031 3155 in
2085 3101 2290 3170 vulgari
2358 3101 2540 3169 aliquo
2603 3101 2821 3153 homine
2864 3109 3087 3151 cernere
3144 3094 3312 3163 possit
3361 3093 3553 3146 divina:

1902 3232 1944 3288 C
1980 3192 2164 3262 gloriae
2200 3193 2404 3254 lumen,
2431 3193 2544 3246 sive
2590 3190 2834 3246 notitiam
2870 3190 2892 3242 ?
2931 3187 3116 3256 Neque
3165 3187 3308 3241 enim
3359 3184 3410 3237 in
3455 3185 3554 3236 ho~

1979 3285 2140 3339 Iuniis
2171 3284 2340 3337 forma
2377 3285 2542 3339 Deum
2577 3298 2884 3346 cernemus,
2921 3290 3279 3350 prwterquam
3335 3279 3386 3330 in
3440 3276 3556 3329 solo

1983 3373 2158 3429 Verbo
2191 3375 2359 3428 nostri
2392 3374 2554 3429 simili
2606 3375 2768 3440 laeto,
2828 3382 3000 3441 atque.
3046 3371 3326 3423 incarnato
3365 3382 3380 3429 ;
3417 3366 3557 3432 quod

1981 3477 2160 3523 tamen
2209 3467 2371 3521 etiam
2436 3468 2536 3521 hoc
2584 3474 2740 3536 pacto
2778 3463 3086 3534 permansit
3130 3461 3452 3516 naturaliter
3495 3475 3559 3514 ac

1979 3572 2106 3613 vere
2139 3555 2328 3623 Filius,
2355 3557 2747 3619 admirabiliter
2788 3556 2840 3610 id
2875 3556 3080 3607 factum
3126 3553 3560 3618 viiletuus,.quu-.

1982 3659 2138 3703 tenus
2165 3659 2246 3702 est
2277 3648 2439 3702 Deus.
2461 3645 2665 3701 Idcirco
2691 3655 2747 3699 et
2795 3644 3014 3707 Paulus,
3075 3643 3347 3698 Christum
3375 3637 3559 3692 Jesnm

1981 3742 2155 3810 ipsum
2212 3740 2542 3803 nominans,
2588 3741 2870 3792 utnostri.
2905 3737 3136 3791 similem
3168 3734 3364 3787 factum
3399 3741 3563 3797 atque

1982 3833 2346 3894 incarnatum,
2403 3828 2927 3897 optime-intellexit
2972 3827 3145 3894 ipsum
3226 3820 3386 3875 simul
3441 3834 3562 3874 esse

1983 3923 2302 3977 naturaliter
2331 3935 2394 3972 ac
2447 3933 2573 3972 vere
2601 3916 2787 3970 Deum.
2834 3917 2906 3968 Ita
2955 3915 3097 3970 enim
3129 3913 3352 3966 scribit:
3391 3929 3409 3962 ‹
3449 3910 3560 3962 An-

1983 4013 2170 4066 dacius
2230 4021 2406 4062 autem
2462 4008 2653 4076 scripsi
2698 4007 2852 4061 vobis
2893 4021 2956 4060 ex
3009 4014 3180 4071 parte,
3217 4014 3470 4072 tanquam
3505 4002 3558 4054 in

1986 4103 2301 4158 memoriam
2339 4116 2436 4154 vos
2457 4101 2742 4163 reducens,
2770 4109 2990 4169 pr0pter
3016 4096 3246 4166 gratiam
3277 4108 3396 4160 quae
3429 4092 3558 4146 mihi

1985 4194 2106 4247 data
2137 4200 2219 4245 est
2248 4207 2278 4245 a
2322 4191 2473 4245 Deo:
2520 4198 2576 4242 ut
2628 4189 2730 4244 sim
2785 4189 3028 4244 minister
3079 4185 3280 4241 Christi
3321 4183 3446 4239 Jesu
3509 4183 3560 4236 in

1986 4283 2235 4355 gentibus
2270 4301 2284 4348 ;
2336 4281 2681 4337 sanetiticans
2723 4281 3070 4348 Evangelium
3108 4277 3200 4332 Dei
3233 4278 3298 4332 ⁹².
3335 4296 3354 4329 ›
3389 4274 3565 4342 Quin-

1987 4376 2145 4428 etiam
2169 4372 2461 4427 Zacharias
2480 4370 2587 4425 tilio
2604 4385 2703 4425 suo
2727 4370 3030 4439 prophetat,
3050 4369 3303 4439 Baptista:
3323 4366 3563 4436 inquam,

1995 4482 2012 4515 ι
2054 4463 2120 4518 Et
2155 4475 2208 4518 tu
2235 4479 2388 4534 puer,
2414 4463 2674 4534 propheta
2705 4461 2970 4517 Altissimi
2998 4459 3302 4514 vocaberis.
3339 4457 3568 4511 Praeibis

309 4559 547 4622 παιδίον,
590 4558 874 4628 προφήτης
919 4555 1171 4625 Ὑψίστου
1224 4552 1488 4625 κληθήσῃυ
1534 4550 1876 4622 προπορεύσῖ

1992 4555 2134 4609 enim
2162 4563 2288 4608 ante
2312 4554 2502 4608 faciem
2527 4551 2854 4617 Domini,ad
2874 4551 3282 4620 praeparandum
3311 4548 3564 4616 populum

307 4650 420 4720 γάρ
459 4650 560 4719 πρὸ
586 4647 875 4719 προσώπου
917 4647 1140 4718 Κυρίου,
1185 4644 1466 4714 ἑτοιμάσαι
1492 4644 1618 4697 λαὸν
1654 4641 1823 4711 αὐτῷ.
1864 4660 1882 4690 ι

309 4739 446 4794 Εἶτα
476 4743 563 4793 τὸν
597 4742 858 4810 ’Ύψιστόν
882 4756 941 4791 τε
973 4741 1064 4790 καὶ
1084 4737 1286 4806 Κύριον
1317 4739 1342 4788 6
1366 4737 1647 4798 θεσπέσιος
1684 4735 1887 4786 [iamne

311 4835 445 4905 στὴς
480 4834 792 4887 κατεδείκνυ
838 4834 1030 4900 λέγων·
1065 4851 1081 4881 ι
1113 4832 1215 4883 Ἴδε
1245 4834 1272 4882 6
1307 4831 1358 4881 Ἀ
1373 4831 1498 4898 μνὸς
1537 4828 1628 4880 τοῦ
1668 4826 1824 4887 Θεοῦ,
1866 4827 1892 4877 6

310 4928 484 4997 αἴρων
517 4927 616 4996 τὴν
656 4925 928 4997 ἁμαρτίαν
945 4924 1037 4976 τοῦ
1071 4923 1295 4993 κόσμου.
1323 4915 1490 4985 Οὗτός
1542 4923 1651 4973 ἐστι
1685 4919 1815 4986 περὶ
1834 4911 1894 4968 οῦ

312 5017 428 5084 ἐγὼ
455 5013 624 5070 εἶπον·
665 5018 868 5069 Ὀπίσω
903 5027 1002 5086 μου
1027 5014 1243 5087 ἔρχεται
1291 5014 1429 5084 ἀνὴρ
1480 5013 1537 5076 ὃς
1585 5007 1890 5081 ἔμπροσθέν

317 5124 422 5176 μου
450 5107 690 5174 γέγονεν,
715 5107 795 5158 ὅτι
822 5104 1035 5176 πρῶτός
1071 5121 1171 5173 μου
1194 5099 1278 5173 ἦν.
1307 5123 1322 5155 ι
1349 5099 1471 5174 Ἃρ*
1501 5096 1591 5154 οῦν
1625 5099 1894 5152 ἐνδοιάσαι

317 5199 497 5266 θέμις,
525 5197 598 5260 ὡς
631 5191 709 5260 εἷς
747 5197 839 5250 καὶ
891 5197 1049 5266 μόνος
1089 5197 1180 5248 καὶ
1211 5194 1428 5264 ἀληθῶς
1473 5193 1598 5255 Υἱὸς
1631 5192 1712 5260 εἴη
1765 5191 1831 5243 ἂν
1868 5191 1895 5240 ὁ

316 5292 381 5340 ἐκ
411 5288 544 5340 Θεοῦ
610 5288 819 5356 Πατρός
868 5288 1039 5354 Λόγος
1090 5287 1226 5356 μετὰ
1265 5286 1361 5355 τῆς
1414 5284 1704 5351 ὲνωθείσης
1749 5281 1898 5352 αὐτῷ

320 5381 542 5450 σαρκὸς,
570 5381 663 5431 καὶ
694 5379 791 5430 οὐκ
824 5378 1030 5448 ἀψύχου
1059 5376 1256 5447 μᾶλλον
1284 5376 1422 5430 κατὰ
1445 5393 1614 5439 τινας,
1642 5375 1715 5437 ὡς
1739 5374 1897 5442 ἔφην,

319 5472 678 5540 ἐψυχωμένης
709 5470 763 5522 δὲ
801 5470 1023 5540 νοερῶς,
1058 5469 1150 5522 καί
1188 5469 1244 5520 ἓν
1284 5469 1379 5520 σὺν
1423 5467 1580 5536 αὐτῇ
1615 5464 1900 5535 πρόσωπον

325 5563 576 5630 πανταχῆ
607 5579 619 5628 ;

398 5764 441 5793 ⁸³
477 5763 612 5813 Psal.
648 5777 756 5825 tut,
788 5762 867 5815 l9.
986 5762 1030 5792 ”
1061 5759 1186 5812 ibid.
1215 5760 1266 5811 8.

328 5835 370 5862 "
415 5833 573 5885 llvlir.
614 5850 649 5892 ι,
684 5833 733 5883 3.
813 5835 855 5862 ν’)
890 5831 1112 5893 Philipp.
1151 5841 1208 5889 lt,
1241 5829 1288 5878 7.

1364 5759 1406 5788 ’³⁵
1438 5757 1590 5810 Joan.
1629 5773 1742 5816 xw,
1799 5758 1848 5809 9.

1363 5830 1400 5858 ⁹¹
1434 5827 1469 5880 ll
1501 5828 1624 5882 Cor.
1658 5842 1732 5891 tv,
1765 5826 1814 5876 fi.

1957 5755 2002 5784 ⁸⁸
2031 5755 2185 5808 Jnatt.
2217 5771 2265 5816 Χ,
2294 5754 2379 5805 δῖ).

1889 5828 1932 5859 ’³
1979 5825 2130 5878 iiunt.
2167 5843 2250 5889 .\\',
2295 5826 2374 5890 ιῖί,
2423 5824 2504 5878 Ηῖ.

1991 4645 2158 4714 ipsius
2184 4645 2250 4700 ".
2292 4664 2310 4696 ι
2337 4644 2540 4698 Deinde
2590 4644 2807 4698 divinus
2836 4641 3097 4711 Baptista,
3153 4640 3489 4693 Altissimum
3515 4648 3569 4690 et

1992 4737 2274 4791 Dominum
2321 4739 2676 4800 demonstrat,
2703 4737 2886 4790 dicens
2916 4751 2930 4788 ι
2967 4753 2984 4786 ι
3017 4735 3162 4788 Ecce
3213 4733 3399 4803 Agnus
3451 4729 3564 4791 Dei,

1993 4831 2082 4898 qui
2125 4830 2258 4883 tollit
2299 4836 2516 4898 peccata
2551 4825 2755 4881 mundi.
2794 4825 2889 4879 Hic
2935 4825 3103 4877 estde
3134 4838 3241 4891 quo
3265 4821 3375 4875 disi
3407 4819 3569 4875 :Post

1997 4938 2080 4976 me
2126 4921 2268 4975 venit
2314 4921 2416 4982 vir,
2468 4919 2729 4986 quiante
2785 4931 2870 4971 me
2908 4917 3080 4968 factus
3107 4926 3208 4977 est,
3255 4915 3380 4980 quia
3425 4914 3569 4979 prior

1997 5031 2082 5070 me
2113 5022 2229 5067 urat
2257 5013 2322 5065 “.
2357 5031 2374 5062 ι
2401 5011 2575 5065 Fasne
2599 5011 2759 5080 igitur
2790 5009 2949 5062 fuerit
2974 5008 3237 5071 dubitare,
3261 5007 3402 5072 quod
3433 5022 3570 5059 nuns

1997 5118 2051 5162 et
2079 5106 2224 5160 solus
2255 5119 2315 5158 ac
2339 5117 2462 5157 vere
2487 5103 2556 5155 sit
2586 5100 2776 5163 Filius,
2839 5098 3072 5153 Verbum
3123 5115 3186 5151 ex
3246 5099 3356 5151 Deo
3411 5095 3571 5151 Patre

2000 5216 2120 5252 cum
2152 5197 2296 5250 unita
2329 5196 2428 5250 sibi
2461 5209 2642 5256 carne,
2670 5210 2776 5248 non
2826 5194 2912 5246 illa
2953 5193 3240 5246 inanimata
3272 5192 3571 5244 secundum

2002 5291 2305 5351 nonnullos,
2341 5298 2396 5341 ut
2422 5288 2553 5351 dixi,
2602 5289 2692 5340 sed
2731 5287 2909 5341 anima
2969 5286 3299 5354 intelligente
3327 5281 3600 5353 prtcdita,

1955 5414 1962 5423 -
2002 5397 2214 5452 unaque
2242 5397 2463 5451 prorsus
2497 5396 2618 5434 cum
2653 5380 2768 5448 ipso
2794 5393 3022 5448 persona
3059 5378 3080 5428 ?

2492 5751 2711 5805 ".loan.
2749 5766 2862 5810 \‘tll,
2906 5750 2992 5801 l0.
3101 5744 3336 5799 "lCur.
3391 5760 3428 5802 t.
3493 5744 3576 5795 l5.

2585 5825 2627 5854 ⁹³
2657 5824 2785 5876 Luc.
2821 5840 2855 5887 t,
2901 5821 2982 5872 '26.
3015 5820 3052 5848 τ’
3089 5819 3240 5873 Joau.
3281 5833 3316 5878 ι,
3378 5815 3465 5874 29,
3490 5813 3556 5863 50
