4078 6264
549 387 684 445 I335

1535 389 1592 440 s.
1636 386 1906 439 manu
1949 358 2418 437 ALEXAantNt
2460 360 2795 437 Αιιει-ιιενζ

3659 380 3680 434 l
3691 381 3800 435 5'56

616 504 675 560 Β.
719 503 948 558 Maxime
975 503 1154 570 aiunt;
1191 503 1475 558 conﬁrmat
1503 503 1645 556 enim
1679 502 1732 555 in
1767 503 1866 556 hoc
1910 515 2006 554 nos
2039 516 2121 554 sa-

2303 499 2364 551 B.
2406 497 2536 558 Ναὶ,
2574 496 2768 566 φασίν·
2805 493 3031 562 ὲμπεδοῖ
3058 493 3166 564 γὰρ
3209 492 3344 563 πρὸς
3375 492 3528 545 τοῦτο
3584 495 3728 564 ἡμᾶς
3776 495 3805 545 ὁ

549 597 917 665 pientissintus
957 594 1176 660 Paulus,
1209 596 1276 648 ita
1307 595 1551 648 scribens
1589 613 1604 648 :
1657 615 1676 646 ι
1711 595 1941 648 Decebat
1975 594 2117 647 enim

549 704 672 744 eum
726 699 949 758 propter
975 704 1132 757 quem
1167 687 1369 752 omnia,
1409 697 1461 739 et
1493 703 1589 756 per
1616 703 1776 757 quem
1804 689 2007 751 omnia,
2033 689 2121 755 qui

548 780 746 834 multos
779 779 914 833 ﬁlios
945 779 996 831 in
1026 778 1250 848 gloriam
1281 777 1598 842 adduxerat,
1622 789 1900 832 auctorem
1936 778 2125 834 salutis

547 887 734 926 eorum
780 885 876 938 pcr
926 872 1226 940 passionem
1273 885 1652 925 consummare
1674 872 1714 922 °.
1749 890 1767 922 ι
1814 871 1911 927 llic
1955 873 2122 935 enim,

549 963 814 1030 inquiunt,
845 964 895 1016 in
941 978 1050 1031 quo
1091 962 1298 1028 omnia,
1337 974 1392 1018 et
1438 977 1532 1032 per
1564 979 1726 1034 quem
1771 966 1973 1030 omnia,
2017 981 2121 1018 non

548 1054 684 1107 alius
733 1052 897 1107 fuerit
941 1069 1100 1123 quam
1153 1055 1384 1109 Verbum
1435 1069 1501 1109 ex
1550 1056 1660 1110 Deo
1705 1057 1966 1126 genitum.
2005 1055 2122 1125 Ipse

547 1145 715 1212 igitur
758 1146 986 1214 pcrl'eeit
1021 1161 1116 1214 per
1147 1147 1453 1215 passionem
1491 1157 1766 1201 auctorem
1809 1148 2001 1201 salutis
2029 1162 2123 1200 no-

546 1247 697 1303 strze,
739 1239 841 1292 hoc
881 1247 964 1291 cst
1001 1252 1124 1292 eum
1157 1240 1248 1307 qui
1271 1247 1354 1293 est
1379 1252 1445 1292 ex
1483 1240 1689 1293 semine
1719 1239 1907 1297 David.

617 1394 684 1448 Δ.
731 1393 843 1448 Non
879 1395 1040 1466 igitur
1084 1396 1344 1465 redempti
1388 1411 1575 1452 sumus
1616 1413 1644 1451 a
1679 1399 1808 1452 Deo.
1843 1399 2122 1463 Quomodo

546 1488 715 1551 enim,
752 1497 845 1540 aut
884 1487 1064 1541 unde?
1087 1488 1181 1542 sed
1226 1490 1405 1556 potius
1433 1490 1610 1545 alieno
1645 1492 1943 1560 sanguine;
1978 1507 2122 1546 mor-

547 1591 778 1648 tuusque
803 1590 886 1635 est
909 1581 1126 1650 quidam
1151 1597 1248 1651 pro
1282 1582 1438 1636 nobis
1459 1583 1832 1652 supposititius
1862 1585 1975 1639 sive
2002 1599 2122 1640 suc-

545 1673 808 1728 cidaneas
856 1674 1037 1739 homo,
1075 1683 1127 1727 et
1172 1673 1292 1728 falsi
1343 1674 1580 1729 nominis
1626 1675 1786 1729 ﬁlius.
1827 1675 2002 1743 Atque
2048 1676 2118 1728 ita

548 1781 800 1836 magnum
837 1765 963 1819 illud
992 1781 1055 1821 ac
1103 1767 1468 1822 venerandum
1510 1766 1898 1821 incarnationis
1924 1765 2122 1834 Unige-

2230 591 2504 659 πάνσοφος
2560 589 2809 652 Παῦλος,
2859 587 2954 640 ὡδὶ
2985 585 3307 656 γεγραφώς·
3353 604 3370 634 ι
3403 586 3650 654 Ἐπρεπε
3694 586 3804 652 γὰρ

2225 682 2374 752 αὐτῷ
2420 683 2486 734 δι’
2515 681 2572 734 ὃν
2601 681 2670 733 τὰ
2705 680 2905 744 πάντα,
2937 679 3032 731 καὶ
3061 678 3126 730 δι’
3157 671 3218 730 οὗ
3259 679 3325 730 τὰ
3347 676 3545 738 πάντα,
3579 675 3802 737 πολλοὺς

2227 771 2375 833 υἱοὺς
2401 773 2480 833 εἰς
2509 769 2670 835 δόξαν
2692 768 2991 836 ἀγαγόντα,
3017 768 3111 821 τὸν
3133 767 3374 838 ἀρχηγὸν
3401 767 3501 835 τῆς
3529 767 3802 836 σωτηρίας

2224 857 2404 909 αὑτῶν
2435 857 2520 909 διὰ
2557 855 2894 926 παθημάτων
2924 855 3230 908 τελειῶσαι.
3257 875 3278 908 ι
3330 857 3388 908 Ὁ
3417 856 3526 927 γάρ
3565 873 3668 918 τοι,
3703 873 3803 916 φας
3856 896 3859 897 ν

2226 950 2332 1013 σὶν,
2359 949 2416 1001 ὲν
2445 942 2490 1015 ᾧ
2520 948 2588 1000 τὰ
2627 949 2823 1013 πάντα,
2851 949 2944 1001 καὶ
2965 947 3032 1011 δι’
3063 941 3124 1000 οῦ
3144 946 3212 1000 τά
3238 948 3434 1010 πάντα,
3472 947 3556 1016 εἴη
3586 946 3652 999 ἂν
3685 948 3801 1000 ’ἐτε-

2225 1057 2318 1111 ρης
2351 1039 2527 1103 οὐδεὶς
2555 1039 2790 1110 παράγε
2819 1038 2911 1090 τὸν
2939 1039 3003 1090 ὲκ
3032 1037 3169 1091 Θεοῦ
3206 1037 3381 1108 φύντα
3409 1037 3603 1105 Λόγον.
3632 1038 3801 1102 Αὐτὸς

2223 1130 2514 1203 τοιγαροῦν
2555 1131 2838 1183 ἐτελείωσε
2900 1129 2991 1182 διὰ
3037 1130 3379 1200 παθημάτων
3420 1129 3512 1182 τὸν
3557 1129 3800 1199 ἀρχηγὸν

2221 1222 2321 1291 τῆς
2355 1221 2630 1290 σωτηρίας
2660 1219 2840 1290 ἡμῶν,
2867 1219 3136 1283 τουτέστι,
3158 1219 3250 1270 τὸν
3275 1219 3338 1270 ἐκ
3369 1218 3685 1289 σπέρματος
3708 1220 3796 1272 τοῦ

2223 1312 2405 1367 Δαϐίδ.

2296 1405 2359 1455 Δ.
2389 1401 2788 1474 Λελυτρώμεθα
2812 1396 2925 1465 οῦν,
2958 1401 3110 1469 παρά
3130 1399 3264 1453 Θεοῦ
3296 1399 3394 1471 μὲν
3429 1399 3529 1452 οὑκ
3555 1397 3634 1450 ἔτι

2223 1494 2352 1565 γὰρ,
2383 1495 2416 1564 ἢ
2443 1489 2648 1563 πόθεν),
2682 1494 2946 1564 ἀλλοτρίῳ
2983 1494 3040 1546 δὲ
3091 1493 3290 1562 μᾶλλον
3319 1493 3545 1560 αἵματι·
3581 1490 3676 1542 καὶ
3709 1491 3798 1541 τέο

2225 1587 2390 1656 θνηκέ
2418 1603 2500 1649 τις
2542 1586 2682 1656 ὑπὲρ
2733 1586 2890 1656 ἡμῶν
2945 1586 3332 1655 ὑποϐολιμαῖος
3367 1583 3674 1654 ἄνθρωπος,
3708 1585 3797 1634 καὶ

2223 1681 2338 1743 υίὸς
2359 1680 2732 1750 ψευδώνυμος·
2761 1680 2856 1732 καὶ
2883 1679 2944 1732 τὸ
2993 1679 3190 1732 σεπτὸν
3216 1678 3312 1732 καὶ
3354 1678 3496 1748 μέγα
3524 1679 3622 1746 τῆς
3650 1679 3801 1729 ἐναν-

2226 1772 2563 1842 θρωπήσεως
2583 1771 2678 1824 τοῦ
2700 1769 3041 1838 Μονογενοῦς
3072 1771 3392 1840 μυστήριον,
3419 1768 3579 1831 ὕθλος
3600 1764 3668 1838 ἦν
3697 1767 3805 1837 ἄρα

545 1858 644 1910 niti
683 1857 1024 1926 mysterium,
1057 1872 1216 1912 mera:
1248 1872 1402 1926 nugae
1453 1866 1616 1925 atque
1663 1859 1973 1925 irnpostura:
2006 1858 2121 1910 fue-

2224 1865 2318 1918 καὶ
2355 1868 2687 1933 φενακισμός
2709 1879 2722 1892 ·
2757 1863 2852 1916 καὶ
2890 1862 3014 1915 οὔτε
3044 1862 3266 1930 γέγονεν
3301 1861 3610 1931 ἄνθρωπος.
3656 1861 3806 1911 Ἐπι-

547 1949 677 2004 rint.
703 1949 807 2004 Sed
837 1963 1006 2018 neque
1030 1949 1190 2004 homo
1215 1949 1392 2024 factus
1424 1959 1527 2004 εει.
1552 1948 1887 2003 Salvatorem
1913 1964 2038 2005 vero
2059 1964 2123 2004 ac

544 2037 958 2110 Redemptorcm
995 2043 1328 2107 vocabimus,
1363 2057 1468 2097 non
1491 2042 1710 2112 quidem
1755 2041 2120 2112 Unigcnitum,

546 2134 639 2188 sed
673 2134 818 2189 illum
837 2135 1012 2206 potius
1027 2135 1117 2206 qui
1143 2137 1459 2206 sanguinem
1480 2151 1635 2191 suum
1659 2151 1757 2204 pro
1777 2137 1931 2191 nobis
1954 2137 2118 2192 dedit.

541 2226 1132 2295 Atquisacratissimus
1162 2226 1360 2282 Paulus
1385 2229 1452 2283 ad
1483 2231 1744 2298 quosdam
1780 2230 1852 2282 ita
1887 2209 2117 2284 scribi-t:

548 2335 568 2368 ι
602 2316 836 2374 Necesse
870 2328 955 2374 est
1002 2333 1133 2388 ergo
1171 2319 1503 2388 exemplaria
1551 2320 1768 2390 quidem
1821 2321 2118 2374 caelestium

544 2410 630 2464 bis
658 2411 907 2466 mandari
943 2429 958 2465 :
993 2412 1109 2480 ipsa
1139 2420 1321 2466 autem
1354 2411 1620 2476 cmlestia,
1668 2412 1981 2466 melioribus
2021 2411 2121 2465 ho-

541 2498 661 2554 stiis
686 2515 849 2569 quam
883 2500 1026 2571 istis._
1045 2499 1161 2553 Non
1186 2501 1328 2553 enim
1351 2501 1403 2553 in
1426 2501 1733 2555 manul'acta
1759 2511 1944 2556 sancta
1966 2500 2121 2557 Jcsus

541 2593 810 2659 introivit,
829 2593 1161 2662 exemplaria
1191 2608 1463 2661 verorum,
1488 2595 1582 2648 sed
1617 2594 1670 2648 in
1697 2594 1870 2664 ipsum
1901 2596 2118 2660 emtum,

541 2696 602 2741 ut
629 2697 890 2754 appareat
929 2702 1070 2740 nunc
1116 2685 1284 2740 vultui
1337 2685 1434 2740 Dei
1479 2701 1576 2752 pro
1621 2685 1800 2740 nobis.
1845 2685 2031 2756 Neque
2065 2699 2119 2742 ut

540 2793 686 2848 stupe
723 2778 916 2834 offerat
949 2778 1327 2847 semetipsum,
1371 2778 1822 2845 quemadmodum
1883 2779 2120 2849 pontifex

539 2871 708 2924 intrat
761 2871 815 2925 in
867 2871 1064 2925 Sancta
1115 2884 1212 2939 per
1262 2870 1505 2941 singulos
1549 2885 1721 2926 annos
1772 2872 1824 2924 in
1858 2874 2120 2940 sanguine

537 2965 714 3019 alicno
747 2985 759 3021 :
794 2965 1031 3034 alioquin
1079 2965 1363 3035 oportebat
1408 2981 1532 3020 eum
1571 2965 1882 3034 frequenter
1911 2965 2018 3035 pati
2053 2967 2119 3020 ab

539 3058 750 3130 origine
794 3059 1018 3125 mundi;
1059 3074 1201 3113 nunc
1245 3068 1426 3112 autem
1479 3059 1644 3112 semel
1687 3059 1740 3112 in
1770 3073 2116 3112 consumma-

543 3153 688 3207 tione
717 3153 1033 3207 saeculorum
1066 3154 1132 3207 ad
1165 3153 1584 3207 destructionem
1623 3152 1827 3221 peccati
1879 3168 1975 3220 per
2023 3153 2116 3206 bo-

2227 1954 2549 2025 γραφόμεθα
2588 1943 2821 2024 Σωτῆρα
2851 1955 2945 2006 καὶ
2983 1952 3300 2023 Λυτρωτὴν,
3328 1952 3529 2022 ἥκιστα
3561 1951 3664 2021 μὲν
3709 1951 3804 2002 αὑ-

2224 2049 2335 2108 τὸν,
2380 2048 2587 2100 ἐκεῖνον
2613 2045 2670 2098 δὲ
2720 2045 2920 2114 μᾶλλον
2946 2085 2962 2110 ,
3007 2044 3063 2108 ὃς
3126 2043 3189 2095 τὸ
3225 2042 3354 2097 ἴδιον
3392 2037 3534 2112 αἷμα
3575 2042 3804 2094 δέδωκεν

2225 2139 2364 2208 ὑπὲρ
2393 2136 2570 2207 ἡμῶν.
2603 2137 2794 2189 Καίτοι
2819 2135 3064 2206 γέγραφέ
3113 2151 3257 2188 τισιν
3284 2136 3312 2186 ὁ
3341 2132 3637 2204 ἱερώτατος
3657 2133 3801 2186 Παῦ-

2223 2231 2332 2293 λος·
2368 2250 2384 2279 ι
2427 2229 2665 2300 Ἀνάγκη
2690 2225 2784 2283 οὖν
2817 2229 2888 2280 τὰ
2924 2224 3020 2298 μὲν
3056 2226 3434 2296 ὑποδείγματα
3475 2226 3586 2278 τῶν
3615 2229 3674 2277 ὲν
3695 2228 3800 2288 τοῖς

2223 2322 2472 2393 οὐρανοῖς
2499 2321 2705 2383 τούτοις
2741 2317 3155 2389 καθαρίζεσθαι,
3191 2316 3332 2370 αὑτά
3369 2316 3426 2369 δὲ
3460 2315 3803 2389 τά-ἐπουρά-

2226 2433 2312 2466 νια
2365 2415 2639 2483 κρείττοσι
2670 2412 2882 2475 θυσίαις
2915 2411 3066 2482 παρὰ
3097 2410 3291 2486 ταῦτα.
3326 2411 3400 2462 Οὐ
3426 2409 3537 2479 γὰρ
3582 2409 3664 2470 εἰς
3698 2425 3804 2478 χει-

2227 2507 2492 2576 ροποίητα
2524 2505 2771 2575 εἰσῆλθεν
2797 2504 2925 2571 ἆγια
2955 2503 3210 2572 Χριστὸς,
3241 2492 3512 2555 ἀντίτυπα
3540 2503 3654 2554 τῶν
3682 2502 3806 2568 ἀληο

2222 2598 2402 2661 θινῶν,
2429 2598 2540 2650 ἀλλ’
2569 2599 2648 2658 είς
2671 2596 2831 2649 αὑτὸν
2865 2595 2958 2648 τὸν
2986 2595 3235 2664 οὐρανὸν,
3267 2593 3360 2646 νῦν
3403 2593 3808 2663 ἐμφανισθῆναι

2221 2687 2299 2757 τῷ
2323 2686 2602 2757 προσώπῳ
2628 2686 2722 2738 τοῦ
2748 2685 2882 2738 Θεοῦ
2907 2686 3048 2756 ὑπὲρ
3071 2685 3249 2755 ἡμῶν.
3280 2687 3415 2740 Οὐδὲ
3436 2687 3524 2739 ἵνα
3546 2687 3808 2748 πολλάκις

2221 2781 2510 2850 προσφέρῃ
2540 2780 2752 2842 ἑαυτὸν,
2782 2778 2971 2848 ὥσπερ
3004 2781 3032 2831 ὁ
3067 2781 3358 2850 ἀρχιερεὺς
3389 2780 3706 2850 εἰσέρχεται
3733 2782 3806 2841 εἰς

2220 2876 2287 2927 τὰ
2319 2875 2486 2940 ’Ἅγια
2504 2873 2622 2925 κατ’
2645 2872 2892 2925 ἐνιαυτὸν
2913 2872 3105 2941 αἵματι
3129 2873 3416 2943 ἀλλοτρίῳ,
3446 2874 3568 2925 ἐπεὶ
3585 2873 3693 2924 ἔδει
3718 2874 3808 2924 αύ-

2219 2965 2310 3017 τὸν
2342 2965 2600 3028 πολλάκις
2627 2962 2820 3017 παθεῖν
2861 2963 2966 3016 ἀπὸ
2997 2964 3305 3032 καταϐολῆς
3335 2963 3542 3032 κόσμου
3567 2981 3582 2992 ⁸
3608 2964 3730 3015 νυνὶ
3759 2962 3812 3014 δὲ

2220 3055 2366 3123 ἆπαξ
2402 3057 2496 3108 ἐπὶ
2543 3054 2967 3124 συντελείᾳτῶν
3013 3055 3229 3108 αἰώνων
3286 3056 3366 3118 είς
3417 3055 3679 3124 ἀθέτησιν
3713 3052 3813 3120 τῆς

2226 3148 2499 3218 ἁμαρτίας
2526 3148 2614 3200 διὰ
2638 3148 2734 3216 τῆς
2767 3145 2958 3210 θυσίας
2990 3146 3156 3207 αὑτοῦ
3184 3146 3592 3216 πεφανέρωται.
3625 3165 3642 3195 ι
3667 3146 3812 3198 06x-

540 3246 698 3299 stiam
729 3261 879 3300 suam
914 3243 1073 3314 763
1098 3245 1346 3314 apparuit
1369 3246 1434 3301 ¹⁰.
1469 3262 1486 3294 ι
1521 3243 1701 3314 Typus
1726 3244 1909 3312 itaque
1935 3245 2116 3307 habet,

2224 3242 2315 3294 οῦν
2334 3243 2362 3294 ὁ
2399 3241 2498 3310 μὲν
2524 3239 2696 3301 τύπος
2718 3239 2830 3308 ἕχει
2881 3238 2940 3290 τὸ
2959 3240 3016 3290 ἐν
3043 3237 3331 3308 αἵματιτῴ
3350 3237 3620 3307 ἀλλοτρίῳ
3649 3239 3816 3288 ποιεῖ-

540 3339 594 3392 in
636 3339 898 3407 sanguine
955 3339 1133 3393 alieno
1171 3339 1284 3393 ﬁeri
1335 3338 1543 3392 aditum
1591 3345 1645 3391 et
1690 3337 1933 3390 mandari
1983 3352 2121 3390 non-

541 3427 736 3483 nullos.
777 3429 872 3484 Rei
906 3437 1086 3483 autem
1113 3429 1314 3483 veritas
1340 3427 1494 3497 longe
1526 3427 1872 3497 praestantius
1901 3425 2031 3494 quid
2067 3427 2117 3478 in

541 3535 600 3574 se
640 3523 821 3585 habet,
858 3522 960 3576 hoc
990 3531 1095 3586 est,
1129 3520 1312 3576 Jesum
1343 3523 1433 3590 qui
1471 3523 1687 3590 proprio
1719 3521 1982 3590 sanguine
2023 3519 2121 3576 hoc

541 3622 778 3680 praestet,
817 3614 1200 3674 introeuntem,
1236 3629 1340 3664 non
1369 3614 1421 3665 in
1453 3628 1640 3666 recens
1675 3612 1888 3680 aliquod
1921 3621 1976 3665 et
2011 3628 2120 3664 ma-

544 3700 818 3755 nufactum
879 3699 1310 3763 tabernaculum,
1363 3701 1503 3767 quod
1565 3700 1614 3752 in
1658 3702 1844 3752 umbra
1879 3718 1943 3754 ac
1981 3702 2120 3769 typis

541 3791 882 3862 intelligitur,
917 3791 1012 3844 sed
1048 3790 1098 3844 in
1141 3789 1366 3845 cteleste
1409 3805 1474 3843 ac
1512 3805 1718 3854 verum,
1769 3792 1870 3845 hoc
1923 3805 2028 3857 est,
2065 3793 2117 3846 in

540 3886 759 3940 emtum.
803 3883 1035 3938 Necesse
1065 3883 1208 3938 cnim
1242 3893 1328 3936 est
1353 3882 1681 3953 cxemplaria
1706 3883 2006 3940 caelestium
2035 3887 2120 3940 bis

541 3973 816 4037 mundari,
869 3975 970 4029 hoc
998 3983 1102 4040 est,
1155 3974 1398 4040 ﬁguratis
1433 3982 1593 4042 atque
1624 3973 1815 4028 alienis
1841 3995 1853 4028 :
1877 3977 2118 4031 coelestia

539 4083 674 4122 vero
713 4067 869 4137 longe
908 4065 1239 4135 melioribus,
1266 4065 1455 4120 lrostiis
1486 4081 1646 4134 quam
1673 4066 1754 4120 ba:
1782 4077 1925 4120 sunt.
1959 4068 2117 4136 Quae-

539 4159 764 4213 rendum
799 4159 964 4229 igitur
984 4169 1068 4212 est
1099 4166 1151 4212 et
1179 4157 1411 4227 'quidem
1456 4159 1762 4212 necessario
1795 4159 1845 4212 in
1882 4160 2116 4224 Christo,

541 4251 592 4304 id
626 4253 765 4319 quod
793 4259 874 4304 est
900 4249 1244 4317 prmstantius
1265 4263 1428 4316 quam
1460 4248 1661 4318 ﬁgurae.
1693 4246 1889 4302 Verum
1939 4261 2117 4304 autem

539 4343 659 4396 dico
707 4343 757 4395 id
804 4340 947 4408 quod
998 4346 1080 4392 est
1127 4339 1181 4392 in
1229 4338 1490 4406 sanguine
1527 4339 1765 4407 proprio.

605 4493 668 4549 Β.
712 4494 879 4547 Recte
908 4493 1005 4548 uis.

608 4590 675 4644 A.
717 4589 849 4642 Cum
895 4603 1020 4642 vero
1054 4589 1349 4657 apostolico
1390 4589 1530 4643 dicto
1580 4589 1856 4656 insultent,
1896 4591 2120 4658 perinde
2151 4567 2195 4618 D

539 4695 602 4733 ac
658 4681 702 4734 si
765 4679 830 4734 ad
874 4679 1144 4751 vulgarem
1193 4680 1428 4750 aliquem
1478 4681 1751 4736 hominem
1806 4683 2117 4744 referretur,

540 4788 638 4844 age
672 4782 838 4827 totam
875 4773 1201 4827 sententiam
1223 4773 1460 4827 abinitio
1483 4782 1806 4842 repetamus,
1839 4792 2118 4846 tlttOtlSqlle

539 4866 606 4920 ad
637 4865 942 4920 institutum
975 4880 1282 4919 sermonem
1310 4865 1458 4919 facit.
1496 4865 1768 4935 Scriptum
1802 4867 1980 4936 itaque
2003 4879 2118 4922 est:

543 4973 564 5007 ι
600 4953 733 5009 Eum
759 4966 936 5010 autem
957 4957 1050 5027 qui
1077 4956 1288 5010 modico
1312 4971 1472 5024 quam
1503 4958 1674 5026 anguli
1705 4959 2118 5024 tninoratusest,

537 5051 786 5106 videmus
800 5049 987 5105 Jesum
1011 5059 1229 5119 propter
1244 5051 1547 5120 passionem
1564 5053 1750 5105 mortis
1767 5051 1933 5120 gloria
1951 5065 2005 5107 et
2026 5055 2123 5106 ho-

540 5159 674 5198 nore
689 5153 1029 5198 coronatum.
1051 5144 1283 5197 Dccebat
1299 5144 1443 5197 enim
1463 5158 1583 5196 cum
1603 5155 1988 5213 propter-quem
2005 5161 2120 5198 om-

539 5239 650 5301 nia,
674 5248 727 5293 et
752 5253 847 5307 per
869 5253 1027 5307 quem
1062 5242 1264 5298 omnia,
1292 5239 1381 5305 qui
1411 5238 1606 5291 lllUilOS
1633 5239 1770 5304 ﬁlios
1810 5241 1861 5292 in
1893 5239 2116 5308 gloriam

538 5333 857 5393 adduxerat,
897 5341 1170 5385 auctorem
1217 5331 1409 5385 salutis
1452 5345 1638 5384 eorum
1683 5345 1778 5400 per
1817 5331 2119 5400 passionem

539 5438 936 5480 consummare.
957 5424 1056 5489 Qui
1089 5424 1230 5478 enim
1249 5425 1574 5489 sanctiﬁcat,
1595 5435 1643 5478 et
1665 5425 1754 5493 qui
1775 5427 2119 5480 sanctiﬁcan-

543 5523 626 5567 tur
659 5530 723 5567 ex
761 5528 870 5569 uno
898 5529 1109 5568 omnes.
1146 5513 1375 5582 Propter
1410 5531 1570 5584 quam
1600 5531 1819 5568 causam
1854 5533 1958 5570 non
1989 5531 2121 5570 con-

541 5604 784 5657 furtditur
800 5619 893 5658 eos
917 5604 1114 5660 fratres
1135 5623 1331 5661 vocare
1358 5608 1542 5662 dicens
1569 5626 1580 5660 :
1629 5605 1899 5664 Nuntiabo
1929 5623 2120 5663 nomen

589 5781 636 5814 ·⁹
675 5781 841 5837 Hebr.
870 5796 928 5848 tt,
967 5786 1052 5843 10.
1133 5789 1173 5819 ¹⁰
1213 5789 1374 5842 Hebr.
1412 5806 1484 5850 rx.
1517 5791 1710 5843 95-96.

2227 3333 2458 3402 σθαιτὴν
2475 3330 2752 3402 πρόσοδον,
2777 3332 2869 3384 καὶ
2885 3328 3433 3400 ἀποκαθαίρε[ι]σθαί
3455 3344 3631 3391 τινας·
3657 3329 3721 3380 τό
3752 3343 3814 3394 γε

2227 3427 2331 3497 μὴν
2355 3424 2572 3496 ἀληθὲς,
2590 3425 2758 3493 ἤγουν
2787 3425 2821 3493 ἡ
2846 3423 3090 3492 ἀλήθεια,
3119 3423 3331 3485 δέξεται
3361 3423 3581 3481 πάντως
3615 3439 3722 3474 που
3754 3420 3818 3472 τὺ

2223 3521 2466 3589 ἄμεινον,
2489 3517 2734 3569 τουτέστι
2764 3515 2825 3567 τὸ
2865 3516 2924 3567 ἐν
2970 3516 3162 3585 αἵματι
3219 3515 3296 3584 τῷ
3348 3514 3460 3583 ἰδίῳ
3491 3513 3654 3566 τοῦτο
3679 3513 3819 3583 δρᾷν

2223 3610 2600 3664 εἰσελαύνοντα
2637 3607 2727 3663 τὸν
2770 3607 2976 3679 Ἰησοῦν
3016 3609 3116 3660 οὑκ
3183 3609 3266 3670 είς
3305 3605 3647 3676 πρόσκαιρόν
3690 3623 3821 3657 τινα

2222 3703 2316 3754 καὶ
2337 3701 2716 3770 χειροποίητον
2740 3693 2944 3769 σκηνὴν
2963 3697 3061 3768 τὴν
3093 3697 3169 3760 ὡς
3203 3697 3308 3769 [ἐν]
3330 3698 3457 3767 σκιᾷ
3482 3699 3575 3749 καὶ
3595 3696 3818 3759 τύποις,

2221 3794 2336 3845 ἀλλ’
2376 3795 2455 3854 είς
2494 3792 2594 3860 τὴν
2641 3791 2752 3843 ἀνω
2786 3792 2882 3843 καὶ
2914 3790 3108 3860 ἀληθῆ,
3145 3791 3446 3852 τουτέστιν,
3488 3791 3566 3851 εἰς
3609 3789 3702 3840 τὸν
3735 3790 3818 3840 ού-

2225 3885 2404 3956 ρανόν.
2425 3885 2659 3954 ’Λνάγκη
2686 3883 2817 3954 γὰρ,
2842 3884 2909 3935 τὰ
2942 3885 3038 3952 μὲν
3067 3882 3441 3952 ὑποδείγματα
3468 3881 3576 3933 τῶν
3610 3882 3668 3932 ἐν
3699 3884 3820 3945 τοῖς

2221 3979 2492 4048 οὐρανοῖς,
2523 3975 2732 4038 τούτοις
2754 3974 3166 4046 καθαρίζεσθαι,
3187 3975 3347 4044 δῆλον
3380 3974 3436 4025 δὲ
3466 3976 3547 4026 ὅτι
3572 3977 3688 4035 τοῖς
3723 3991 3818 4024 τυ-

2223 4069 2403 4129 πικοῖς
2456 4082 2514 4117 τε
2565 4066 2660 4118 καὶ
2708 4065 3044 4136 ἀλλοτρίοιςο
3092 4064 3228 4117 αὑτὰ
3269 4065 3326 4116 δὲ
3379 4065 3450 4115 τά
3505 4064 3820 4133 ἐπουράνια

2223 4158 2495 4228 κρείττοσι
2542 4156 2755 4218 θυσίαις
2805 4158 2953 4226 παρὰ
2997 4155 3218 4218 ταύτας.
3248 4156 3522 4225 Ζητητέον
3563 4151 3660 4207 οὖν
3701 4156 3820 4222 ἄρα

2224 4249 2318 4300 καὶ
2348 4246 2662 4314 ἀναγκαίως
2693 4247 2749 4298 ἐν
2793 4245 3016 4315 Χριστῷ
3058 4246 3117 4298 τὸ
3158 4247 3406 4342 κρεῖττβν
3436 4246 3468 4316 ἢ
3512 4246 3657 4298 κατά
3683 4245 3818 4308 τοὺς

2224 4340 2460 4403 τύπους·
2493 4339 2635 4410 φημὶ
2675 4339 2729 4390 δὲ
2767 4339 2825 4390 τὸ
2873 4337 3092 4407 ἀληθὲς,
3131 4339 3268 4408 ὅπερ
3306 4337 3457 4390 ἐστὶν
3516 4341 3574 4391 ἐν
3615 4337 3820 4406 αἵματι

2223 4430 2299 4500 τῷ
2333 4432 2467 4500 ἰδίῳ.

2293 4521 2353 4571 Β.
2394 4517 2465 4573 Εὖ
2508 4520 2662 4591 ἔφης.

2296 4614 2360 4664 Α.
2388 4613 2604 4680 Ἐπειδὴ
2632 4613 2687 4665 δὲ
2726 4613 2823 4681 τὴν
2858 4611 3220 4681 ἀποττολικὴν
3253 4610 3673 4672 κατεξανιστᾶςι
3713 4609 3827 4680 55?,-

2229 4721 2331 4767 σιν,
2359 4705 2433 4767 ὡς
2480 4706 2564 4756 ἐπ’
2593 4704 2880 4774 ἀνθρώπου
2922 4703 3101 4756 κοινοῦ
3143 4704 3645 4774 προενηνεγμένην,
3680 4706 3828 4774 φέρε

2226 4797 2472 4866 λέγωμεν
2498 4797 2706 4860 ἑλόντες
2735 4797 2828 4848 ἀπ’
2858 4797 3034 4866 ἀρχῆς
3056 4795 3163 4848 τῶν
3184 4796 3613 4864 γεγραμμένων,
3653 4796 3828 4866 μέχρι

2221 4888 2569 4958 καταλήξεως
2622 4889 2719 4957 τῆς
2771 4887 3100 4957 ἀποχρώσης
3147 4887 3226 4956 τῷ
3278 4886 3436 4955 λόγῳ.
3490 4887 3827 4954 Γέγραπται

2217 4982 2424 5033 τοίνυν
2463 4981 2596 5031 «Τὸν
2627 4980 2682 5034 δὲ
2709 4980 2882 5051 βραχὺ
2901 4998 2952 5033 τι
2983 4981 3114 5049 παρ’
3135 4979 3398 5047 ἀγγέλους
3423 4979 3827 5048 ἠλαττωμένον

2221 5070 2491 5141 βλέπομεν
2537 5071 2761 5139 Ἰησοῦν,
2793 5071 2881 5125 διὰ
2917 5073 2975 5125 τὺ
3011 5072 3244 5142 πάθημα
3273 5073 3366 5124 τοῦ
3399 5073 3661 5133 θανάτου,
3683 5073 3825 5142 δόξῃ

2219 5161 2314 5214 καὶ
2356 5164 2488 5232 τιμῇ
2534 5163 3256 5232 ἐστεφανωμένον.Ἔπρεπε
3302 5163 3409 5232 γὰρ
3445 5161 3615 5230 αύτῷ,
3652 5163 3723 5214 δι’
3754 5164 3824 5214 ὃν

2223 5249 2293 5302 τὰ
2319 5251 2516 5311 πάντα,
2538 5251 2630 5304 καὶ
2650 5251 2715 5302 δι’
2738 5247 2798 5304 οὗ
2822 5251 2890 5304 τὰ
2911 5252 3108 5314 πάντα,
3129 5251 3354 5312 πολλοὺς
3377 5253 3525 5312 υἱοὺς
3547 5254 3625 5312 εἰς
3647 5253 3822 5317 δόξαν

2219 5341 2515 5408 ἀγαγόντα,
2567 5340 2657 5392 τὸν
2707 5341 2948 5411 ἀρχηγὸν
2996 5341 3094 5410 τῆς
3163 5340 3436 5410 σωτηρίας
3484 5340 3667 5392 αὐτῶν
3720 5340 3820 5391 διὰ

2222 5431 2562 5500 παθημάτων
2601 5432 2995 5487 τελειῶσαι.“0
3033 5450 3092 5484 τε
3139 5432 3248 5502 γὰρ
3301 5430 3544 5498 ἁγιάζων
3612 5432 3706 5482 καὶ
3756 5431 3817 5480 οἱ

2222 5519 2594 5590 ἁγιαζόμενοι,
2624 5523 2680 5588 ἐξ
2712 5525 2829 5586 ἑνὸς
2869 5524 3101 5586 πάντεςο
3146 5523 3213 5576 δι’
3253 5523 3318 5592 ἦν
3361 5523 3541 5574 αἰτίαν
3569 5523 3669 5573 οὑκ
3703 5521 3812 5571 ἐπ·

2221 5609 2528 5679 αισχύνεται
2554 5613 2810 5682 ἀδελφοὺς
2833 5614 3025 5676 αύτούς
3041 5612 3240 5674 καλεῖν,
3261 5610 3455 5677 λέγων·
3477 5605 3809 5676 Ἀπαγγελῶ
