4078 6264
305 374 440 430 1537

1431 387 1619 456 QUOD
1660 389 1846 447 usus
1889 389 1994 445 sn
2032 394 2401 456 cumsrus.

3425 415 3558 472 1358

302 492 364 544 τὸ
391 493 561 563 ὄνομα
585 512 676 546 σου
699 499 810 560 τοῖς
841 499 1086 568 ἀδελφοῖς
1120 518 1240 571 μου.
1271 505 1381 558 Καὶ
1404 507 1592 560 πάλιν·
1627 509 1756 562 Ἰδοὺ
1783 508 1880 578 ὲγιὶ

2000 521 2145 566 tuum
2187 515 2446 573 fratribus
2489 519 2640 575 meis.
2669 519 2735 574 Et
2777 521 2970 576 iterum
3007 542 3018 578 :
3045 521 3182 579 Ecce
3211 541 3306 594 ego
3329 539 3378 582 et
3410 533 3556 597 pueri

303 585 398 637 καὶ
439 586 508 638 τὰ
549 587 759 652 παιδία,
799 587 834 640 ἁ
872 607 962 659 μοι
999 591 1200 644 ἔδωκεν
1243 597 1270 648 6
1305 596 1627 658 Θεός.Ἐπε“ι
1674 595 1766 652 οὖν
1819 601 1884 653 τὰ

305 675 490 728 παιδία
523 677 919 748 κεκοινώνηκεν
941 681 1169 750 αἵματος
1201 686 1293 737 καὶ
1331 689 1552 756 σαρκὸς,
1591 691 1685 743 καὶ
1724 692 1882 754 αὐτὸς

268 829 273 836 ι
304 768 698 838 παραπλησίως
726 771 954 842 μετέσχε
975 773 1082 825 τῶν
1105 775 1304 840 αὐτῶν,
1324 777 1410 829 ἵνα
1431 777 1517 830 διὰ
1538 781 1628 831 τοῦ
1653 780 1882 833 θανάτου

267 851 273 856 ’
305 861 629 932 καταργήσῃ
669 861 760 914 τὸν
787 863 848 915 τὸ
874 865 1074 932 κράτος
1103 865 1294 935 ἔχοντα
1321 869 1416 920 τοῦ
1450 869 1702 932 θανάτου,
1729 887 1877 924 τουτ-

305 951 439 1013 έστι,
467 951 558 1002 τὸν
585 951 850 1019 διάϐολον,
880 957 975 1008 καὶ
1007 957 1292 1030 ἀπαλλάξῃ
1325 959 1569 1024 τούτους,
1599 963 1711 1016 ὅσοι
1735 963 1884 1033 φόϐῳ

306 1043 535 1095 θανάτου
575 1044 662 1098 διὰ
699 1047 896 1109 παντὸς
939 1048 1032 1100 τοῦ
1073 1048 1176 1120 ζῇν
1221 1050 1395 1121 ἔνοχοι
1431 1049 1571 1122 ἦσαν
1615 1053 1879 1116 δουλείας.

305 1136 379 1187 Οὐ
415 1135 522 1206 γὰρ
555 1136 728 1207 δήπου
767 1139 1016 1206 ἀγγέλων
1054 1142 1504 1212 ἐπιλαμϐάνεται,
1545 1145 1679 1198 ἁλλὰ
1719 1146 1881 1215 σπέρ-

310 1242 475 1294 ματος
509 1227 760 1298 Ἀϐραὰμ
811 1231 1261 1300 ἐπιλαμϐάνεται.
1287 1233 1452 1286 Ὅθεν
1499 1234 1700 1304 ὤφειλε
1743 1237 1884 1290 κατὰ

307 1316 484 1369 πάντα
525 1321 639 1381 τοῖς
678 1319 928 1388 ἀδελφοῖς
970 1323 1325 1392 ὁμοιωθῆναι.
1357 1343 1376 1375 ι
1417 1325 1548 1377 Ἰδοὺ
1595 1325 1721 1398 γὰρ,
1750 1325 1880 1392 ἰδοὺ,

307 1407 398 1460 καὶ
425 1409 569 1478 μάλα
607 1411 810 1479 σαφῶς,
838 1413 1178 1482 ὴλαττῶσθαι
1213 1415 1385 1484 λέγων
1410 1417 1570 1470 αὑτὸν
1593 1417 1742 1487 παρά
1761 1420 1884 1482 τοὺς

308 1497 570 1566 ἀγγέλους
611 1500 698 1553 διὰ
736 1501 798 1554 τὸ
839 1503 1070 1574 πάθημα
1107 1507 1199 1558 τοῦ
1237 1506 1491 1572 θανάτου,
1519 1509 1882 1577 κατεστέφθαι

306 1607 368 1658 γε
402 1592 504 1662 μὴν
530 1591 596 1646 δι’
626 1594 756 1648 αὐτὸ
785 1600 918 1666 τιμῇ
940 1615 997 1649 τε
1023 1597 1116 1650 καὶ
1139 1598 1284 1670 δόξῃ,
1315 1599 1634 1670 καθίστησιν
1667 1602 1881 1670 ἐμφανῆ

305 1683 394 1734 τὸν
443 1685 527 1750 ἐφ’
560 1678 604 1752 ᾧ
652 1689 882 1739 ποιεῖται
937 1689 1064 1751 τοὺς
1107 1689 1318 1758 λόγους,
1350 1691 1510 1762 δῆλον
1559 1693 1615 1744 δὲ
1661 1693 1741 1747 ὅτι
1791 1693 1882 1746 τὸν

305 1773 604 1846 Μονογενῆ.
637 1777 1044 1848 Μετεσχηκέναι
1091 1781 1198 1851 γάρ
1253 1799 1416 1852 φησιν
1466 1783 1628 1836 αὑτὸν
1655 1783 1882 1853 αἵματος

304 1865 396 1918 καὶ
462 1868 662 1938 σαρκὸς
712 1871 1106 1942 παραπλησίως
1150 1875 1301 1944 ἡμῖν,
1351 1875 1445 1928 καὶ
1488 1876 1586 1928 οὐκ
1637 1874 1882 1942 ἀγγέλων

302 1957 654 2013 ἐπιλαϐέσθαι
717 1962 953 2031 μᾶλλον,
1013 1963 1152 2016 ἀλλὰ
1225 1965 1540 2036 σπέρματος
1609 1967 1878 2038 Ἀϐραάμ.

305 2049 550 2119 Ἕπρεπε
599 2051 706 2124 γὰρ
755 2054 833 2124 τῷ
880 2054 998 2125 Θεῷ
1037 2056 1130 2109 καὶ
1166 2057 1361 2126 Πὰτρὶ,
1390 2057 1457 2109 δι’
1483 2057 1542 2110 ὃν
1579 2059 1648 2112 τὰ
1679 2059 1880 2124 πάντα,

298 2141 390 2192 καὶ
424 2141 491 2194 δι’
521 2133 582 2195 οὗ
616 2145 684 2196 τὰ
709 2146 907 2208 πάντα,
945 2147 1278 2217 καθιγμένον
1307 2150 1386 2212 εἰς
1418 2151 1648 2204 κένωσιν
1678 2151 1772 2204 καὶ¹
1801 2151 1886 2202 ὲν·-

297 2231 738 2306 ανθρωπήσαντα
769 2236 857 2290 τὸν
885 2237 1032 2302 Υἱὸν,
1061 2239 1137 2303 ὡς
1166 2240 1262 2310 τὴν
1290 2241 1386 2293 τοῦ
1413 2241 1603 2294 δούλου
1649 2243 1882 2296 λαϐόντα

303 2326 538 2396 μορφὴν,
592 2327 877 2382 τελειῶσαι
928 2329 1014 2382 διὰ
1060 2331 1419 2401 παθημάτων,
1470 2334 1570 2403 τῆς
1626 2335 1882 2388 ἁπάντων

299 2415 446 2486 ζωῆς
473 2418 790 2490 ἀντίλυτρον
823 2421 921 2491 τὴν
959 2423 1091 2476 ίδίαν
1113 2422 1259 2493 αὐτῷ
1293 2423 1652 2494 καθιεροῦντα
1683 2427 1879 2496 σάρκα.

300 2509 531 2563 Τέθυται
554 2511 660 2582 γὰρ
683 2513 822 2584 ὑπὲρ
842 2513 998 2582 ἡμῶν
1020 2517 1047 2567 6
1067 2515 1320 2586 Χριστὸς,
1338 2515 1398 2568 τὸ
1419 2517 1650 2587 ἄμωμον
1667 2518 1881 2589 ἱερεῖον,

299 2603 393 2655 καὶ
431 2606 530 2676 μιᾷ
561 2609 845 2678 προσφορᾷ
895 2608 1246 2662 τετελείωκεν
1280 2611 1360 2672 εἰς
1389 2611 1449 2663 τὸ
1481 2611 1726 2681 διηνεκὲς
1757 2613 1883 2675 τοὺς

303 2694 730 2764 ἁγιαζομένους,
787 2699 1120 2769 ἀναμορφῶν
1168 2703 1248 2764 εἰς
1302 2701 1362 2754 τὸ
1433 2701 1490 2753 ἐν
1539 2703 1736 2772 ἀρχαῖς
1783 2704 1884 2775 τὴν

301 2786 581 2858 ἀνθρώπου
615 2789 794 2859 φύσιν.
826 2807 843 2840 ι
872 2791 1058 2844 Πάντα
1084 2792 1192 2863 γὰρ
1229 2795 1286 2846 ἐν
1326 2793 1473 2862 αὐτῷ
1497 2794 1682 2849 καινά.
1729 2796 1882 2848 ι”Οτι

299 2879 404 2950 γὰρ
442 2883 469 2933 6
502 2881 634 2944 Θεὸς
675 2883 770 2934 καὶ
805 2883 994 2955 Πατὴρ
1019 2883 1250 2938 δέδωκεν
1285 2886 1422 2958 ὑπὲρ
1451 2887 1608 2957 ἡμῶν
1633 2888 1723 2941 τὸν
1755 2888 1884 2941 ἴδιον

300 2971 444 3035 Υἱὺν,
471 2973 622 3026 οὐδὲν
648 2969 808 3046 ἦττον
836 2977 985 3046 ἡμᾶς
1011 2977 1342 3031 πιστώσεται
1376 2980 1602 3049 γράφων
1633 2983 1660 3034 6
1687 2980 1886 3033 πάνσο-

301 3081 398 3131 φος
437 3065 646 3128 Παῦλος
687 3069 816 3137 περὶ
855 3069 1044 3122 αὐτοῦ’
1080 3071 1212 3133 (Ὃς
1237 3089 1300 3139 γε
1331 3072 1420 3123 τοῦ
1461 3073 1593 3124 ἰδίου
1627 3071 1757 3125 Υἱοῦ
1784 3073 1883 3124 οὐκ

1985 606 2111 670 mei,
2137 623 2271 674 quos
2289 609 2436 664 dedit
2453 611 2584 664 mihi
2611 611 2769 666 Dens.
2787 613 2921 679 Quia
2938 629 3066 684 ergo
3091 617 3239 683 pueri
3262 623 3561 676 communi-

1984 708 2240 752 caverunt
2261 699 2406 754 carni
2431 709 2486 752 et
2503 701 2773 772 sanguini,
2790 713 2844 757 et
2865 705 2977 772 ipse
2999 705 3251 760 similiter
3269 711 3558 779 participa-

1986 787 2058 838 rit
2075 787 2300 852 eisdem,
2321 800 2378 842 ut
2401 805 2496 858 per
2516 803 2741 846 mortem
2761 793 3064 849 destrueret
3080 809 3199 849 eum
3223 799 3311 866 qui
3332 798 3561 854 habebat

1983 877 2176 932 mortis
2204 877 2508 948 imperium,
2545 881 2596 935 id
2621 893 2724 948 est,
2767 883 3056 950 diabolum,
3088 895 3144 940 et
3184 887 3437 942 liberaret
3466 905 3562 944 eos

1983 967 2073 1035 qui
2105 969 2298 1024 timore
2343 973 2535 1026 mortis
2583 989 2680 1042 per
2715 984 2882 1030 totam
2934 977 3099 1032 vitam
3147 979 3361 1034 obnoxii
3407 993 3564 1036 erant

1981 1057 2248 1114 servituti.
2297 1059 2574 1117 Nusauam
2621 1066 2766 1120 enim
2799 1069 3017 1137 angelos
3058 1069 3431 1138 apprehendit,
3469 1074 3560 1125 sed

1985 1163 2164 1203 semen
2197 1150 2430 1207 Abrahae
2458 1155 2828 1224 apprehendit.
2866 1158 3019 1213 Unde
3049 1162 3232 1215 debuit
3261 1177 3354 1229 per
3378 1165 3560 1216 omnia

1987 1238 2244 1296 fratribus
2267 1245 2552 1299 assimilari
2583 1247 2644 1300 “.
2682 1266 2700 1298 ι
2734 1245 2874 1302 Ecce
2904 1251 3072 1316 enim,
3098 1267 3247 1314 ecce,
3269 1264 3321 1307 et
3347 1255 3560 1322 quidem

1985 1332 2350 1399 apertissime,
2385 1349 2508 1388 eum
2542 1335 2694 1389 illum
2729 1337 2873 1392 dicat
2905 1340 3243 1394 imminutum
3271 1343 3337 1395 ab
3360 1344 3563 1410 angelis

1985 1430 2206 1490 propter
2247 1424 2554 1491 passionem
2591 1427 2800 1490 mortis,
2847 1437 3005 1495 atque
3031 1428 3100 1482 ob
3147 1429 3199 1483 id
3245 1439 3562 1483 coronatum

1985 1528 2105 1568 esse
2133 1515 2305 1581 gloria
2351 1525 2404 1571 et
2451 1517 2676 1586 honore,
2719 1519 3004 1574 manifeste
3041 1521 3185 1574 illum
3233 1520 3470 1575 ostendit
3500 1523 3566 1575 de

1985 1619 2092 1673 quo
2119 1609 2284 1660 verba
2333 1607 2480 1674 facit,
2527 1611 2782 1664 nimirum
2826 1611 3196 1682 Uuigenitum.
3242 1611 3563 1682 Participem

1985 1697 2128 1750 enim
2155 1699 2356 1752 factum
2388 1715 2507 1756 esse
2535 1701 2611 1756 ait
2640 1703 2820 1756 carnis
2852 1710 2906 1755 et
2937 1703 3217 1770 sanguinis
3245 1704 3466 1770 perinde
3500 1695 3566 1756 ac

1987 1805 2117 1854 nos;
2179 1800 2234 1844 e't
2299 1806 2404 1845 non
2463 1793 2684 1862 angelos
2737 1793 3175 1861 apprehendisse,
3225 1795 3317 1849 sed
3377 1810 3564 1850 semen

1986 1880 2235 1933 Abrahae.
2279 1881 2513 1937 Deeebat
2565 1884 2709 1937 enim
2753 1884 2918 1937 Deum
2955 1899 3019 1938 ac
3073 1883 3308 1951 Patrem,
3345 1895 3565 1955 propter

1985 1987 2142 2040 quem
2185 1973 2388 2036 omnia,
2438 1983 2490 2028 et
2537 1989 2634 2043 per
2683 1989 2842 2044 quem
2885 1975 3089 2042 omnia,
3133 1977 3325 2030 Filium
3385 1993 3564 2042 suum,

1989 2061 2151 2134 ’164
2183 2063 2276 2132 qui
2318 2062 2742 2118 exinanitionem
2780 2063 3040 2126 subierat,
3069 2074 3228 2132 atque
3256 2065 3568 2118 incarnatus

1985 2162 2122 2216 erat,
2151 2152 2320 2206 forma
2350 2153 2492 2206 servi
2521 2163 2764 2221 accepta,
2801 2167 3182 2207 consummare
3223 2167 3317 2223 per
3357 2152 3567 2222 passio-

1985 2261 2104 2309 nes,
2149 2253 2556 2300 consecrautem
2607 2255 2770 2314 atque
2823 2244 3141 2299 oﬂ'erentem
3197 2259 3348 2298 suam
3398 2243 3568 2312 ipsius

1986 2351 2203 2391 carnem
2236 2337 2288 2390 in
2317 2337 2546 2404 pretium
2577 2335 2960 2403 redemptionis
2993 2335 3115 2388 vita:
3156 2334 3418 2387 omnium.
3457 2333 3567 2386 lm-

1986 2430 2216 2483 molalus
2243 2429 2386 2482 enim
2437 2435 2521 2481 est
2564 2442 2662 2495 pro
2709 2426 2866 2480 nobis
2913 2425 3164 2480 Christus
3217 2423 3565 2478 immaculata

1987 2522 2186 2584 hostia,
2215 2531 2377 2588 atque
2407 2521 2563 2573 unica
2587 2519 2862 2574 oblatione
2891 2519 3286 2573 consummavit
3317 2517 3368 2570 in
3406 2524 3567 2570 mter-

1987 2628 2116 2666 num
2148 2613 2540 2677 sanetilleatos,
2571 2613 2866 2666 humanam
2901 2617 3150 2664 naturam
3197 2609 3249 2661 in
3283 2607 3566 2676 pristinum

1987 2717 2190 2760 statum
2213 2705 2772 2760 reformans.rOnmia
2796 2703 2938 2757 enim
2963 2703 3013 2755 in
3042 2702 3156 2770 ipso
3169 2709 3292 2754 sunt
3313 2715 3450 2753 nova
3469 2701 3563 2751 ¹¹.ι

1988 2802 2138 2869 Quod
2183 2803 2325 2855 enim
2373 2801 2512 2856 Deus
2555 2815 2618 2853 ac
2665 2797 2828 2851 Pater
2861 2797 3067 2850 dederit
3115 2808 3214 2863 pro
3255 2791 3410 2846 nobis
3445 2805 3572 2859 pro-

1988 2895 2162 2964 prium
2187 2908 2340 2946 suum
2373 2889 2592 2954 Filium,
2639 2889 2806 2942 nihilo
2832 2891 3010 2942 secius
3036 2885 3322 2940 confirmat
3354 2882 3571 2950 sapien-

1991 2985 2234 3040 tissimus
2283 2983 2503 3045 Paulus,
2540 2981 2612 3034 ita
2650 2979 2716 3033 de
2765 2980 2880 3048 ipso
2921 2979 3163 3033 scribens
3205 2993 3219 3029 :
3265 2992 3283 3024 ι
3313 2971 3412 3039 Qui
3449 2987 3574 3039 pro-

1989 3077 2106 3142 prio
2143 3076 2280 3130 Filio
2317 3089 2418 3130 suo
2450 3091 2554 3128 non
2590 3072 2851 3142 pepercit,
2885 3069 2975 3123 sed
3009 3083 3105 3137 pro
3137 3066 3289 3120 nobis
3321 3065 3573 3119 omnibus

300 3153 570 3221 ἐφείσατο,
606 3154 720 3209 ἀλλ’
748 3157 886 3228 ὑπὲρ
919 3159 1076 3228 ἡμῶν
1122 3159 1380 3214 ἁπάντων
1419 3163 1734 3233 παρέδωκεν
1779 3163 1873 3215 αὐο

1987 3167 2210 3224 trad'ulit
2238 3167 2411 3230 illum,
2445 3165 2716 3233 quomodo
2747 3177 2852 3216 non
2888 3163 3054 3215 etiam
3086 3173 3206 3212 cum
3239 3157 3356 3224 ipso
3389 3155 3573 3209 omnia

298 3247 406 3308 τὸν,
445 3247 560 3310 πῶς
587 3248 707 3320 οὐχὶ
753 3252 846 3304 καὶ
876 3253 972 3304 σὺν
1003 3253 1152 3323 αὑτῷ
1180 3253 1250 3304 τὰ
1282 3253 1456 3306 πάντα
1488 3257 1620 3324 ἡμῖν
1659 3255 1881 3327 χαρίσε-

277 3329 416 3402 Δταις
449 3359 466 3390 ι
498 3339 658 3393 Ἴδιον
705 3341 760 3394 δέ
813 3359 993 3412 φαμεν
1027 3344 1156 3396 Υίὸν
1199 3345 1293 3396 τοῦ
1343 3345 1497 3408 Θεοῦ,
1531 3347 1620 3399 τὸν
1673 3351 1736 3402 ἐκ
1783 3351 1880 3418 τῆς

297 3431 482 3494 οὐσίας
504 3431 666 3484 αὑτοῦ
699 3433 979 3503 πεφηνότα
1003 3433 1174 3502 Λόγον
1193 3451 1208 3466 ⁸
1241 3435 1485 3488 δεδόσθαι
1515 3455 1576 3505 γε
1611 3441 1717 3509 μὴν
1745 3440 1882 3509 ὑπὲρ

298 3523 471 3593 ἡμῶν,
507 3525 566 3576 οὐ
597 3525 805 3593 γυμνὸν
851 3524 930 3576 ἔτι
979 3527 1072 3578 καὶ
1115 3527 1376 3596 ἅσαρκον,
1414 3529 1530 3582 ἀλλ’
1555 3533 1640 3584 ὅτε
1691 3531 1881 3600 γέγονε

302 3614 466 3685 σάρξ·
515 3616 608 3668 καὶ
646 3616 706 3668 τὺ
743 3615 1001 3682 λέγεσθαι
1034 3618 1245 3683 παθεῖν,
1283 3619 1586 3692 ἀμώμητον
1614 3618 1681 3693 ἦν
1713 3623 1880 3692 αὐτῷ.

299 3706 540 3760 Πὲπονθε
579 3708 706 3779 γὰρ,
735 3710 796 3761 οὐ
831 3709 990 3778 φύσει
1029 3710 1303 3782 θεότητος,
1337 3713 1453 3766 ἀλλ’
1485 3715 1589 3785 ἰδία
1623 3716 1803 3785 σαρκί.
1825 3717 1883 3768 '0

299 3797 404 3868 γὰρ
449 3799 578 3861 Θεὸς
610 3802 702 3851 καὶ
736 3801 944 3871 Πατὴρ,
975 3799 1229 3874 καθάπερ
1265 3802 1402 3872 ἔφην
1434 3804 1656 3874 ἀρτίως,
1689 3804 1778 3857 τὸν
1808 3805 1881 3874 μὴ

298 3889 495 3954 γνόντα
547 3889 839 3958 ἁμαρτίαν,
874 3891 1013 3962 ὑπὲρ
1063 3893 1221 3962 ἡμῶν
1274 3895 1550 3963 ἁμαρτίαν
1599 3897 1879 3965 ἐποίησεν,

300 3980 388 4032 ἵνα
416 3981 574 4050 ἡμεῖς
609 3981 891 4051 γενώμεθα
926 3984 1236 4054 δικαιοσύνη
1268 3985 1405 4037 Θεοῦ
1441 3988 1538 4038 σὺν
1571 3984 1882 4056 αὐτῷ.τΑρ’

301 4067 390 4124 οὖν
437 4073 706 4143 ἁμαρτίαν
733 4075 894 4129 αὐτὸν
924 4077 1176 4144 γενέσθαι
1213 4076 1440 4144 νοοῦμεν
1466 4095 1478 4142 ;
1507 4079 1538 4147 ἢ
1567 4078 1647 4130 ὄτι
1684 4078 1883 4148 μᾶλλον

301 4164 556 4242 ὡμοιιτξθη
601 4170 712 4231 τοῖς
757 4169 860 4221 ὑπὸ
893 4170 1184 4241 ἁμαρτίαν,
1219 4170 1477 4241 ταύτῃτοι
1518 4170 1612 4222 καὶ
1640 4171 1883 4242 ἁμαρτία

298 4260 549 4326 λέγεται;

371 4353 430 4408 Β.
463 4355 664 4425 Ὀρθῶς
704 4357 857 4427 ἔφης.

371 4447 433 4498 A.
452 4447 659 4518 ’Ὠσπερ
683 4446 773 4501 οὖν
802 4449 892 4502 τὸν
921 4450 994 4520 μὴ
1022 4451 1214 4518 γνόντα
1245 4450 1540 4521 ἁμαρτίαν,
1568 4450 1705 4521 ὑπὲρ
1728 4451 1884 4522 ἡμῶν

300 4538 572 4609 ἁμαρτίαν
608 4541 883 4612 εποίησεν,
917 4543 1002 4594 ἵνα
1036 4544 1195 4612 ἡμεῖς
1240 4543 1527 4614 γενώμεθα
1564 4543 1874 4614 δικαιοσύνη

299 4631 431 4682 Θεοῦ
487 4633 541 4684 ὲν
590 4633 736 4702 αὐτῷ
788 4634 1147 4703 (δεδικαίωται
1189 4636 1296 4707 γὰρ
1393 4635 1680 4706 ἀνθρώπου
1716 4635 1879 4704 φύσις

299 4725 353 4777 ἐν
381 4725 569 4795 αὐτῇ·
603 4725 745 4778 οὕτω
774 4727 862 4779 τὸν
893 4729 992 4780 οὐκ
1019 4728 1196 4780 είδότα
1221 4729 1448 4781 θάνατον
1474 4728 1608 4799 (ζωὴ
1633 4728 1740 4798 γάρ
1765 4732 1878 4782 ἐστι

298 4819 389 4870 καὶ
420 4819 683 4883 ζωοποιὸς
714 4821 740 4871 6
770 4821 984 4887 Λόγος),
1029 4821 1190 4890 σαρκὶ
1228 4821 1417 4874 παθεῖν
1447 4822 1879 4893 παρεσκεύασεν,

297 4909 398 4973 ἔξω
457 4913 716 4980 μείναντα
762 4913 854 4964 τοῦ
909 4913 1122 4973 παθεῖν,
1170 4914 1304 4966 καθὸ
1357 4916 1557 4966 νοεῖται
1601 4914 1753 4977 Θεὸς,
1795 4915 1880 4968 ἵνα

301 5004 456 5070 ἡμεῖς
504 5003 755 5072 ζήσωμεν
799 5005 865 5056 δι’
897 5004 1060 5057 αὑτοῦ
1103 5023 1160 5057 τε
1205 5006 1296 5057 καὶ
1341 5008 1397 5058 ἐν
1449 5005 1615 5076 αὐτῷ.
1654 5007 1743 5058 Διὸ
1787 5008 1880 5060 καὶ

296 5091 547 5161 ὁμοίωμα
569 5092 801 5145 θανάτου
848 5094 907 5145 τὸ
933 5095 1168 5163 Χριστοῦ
1217 5095 1384 5157 πάθος
1418 5095 1746 5165 ὠνόμασται.
1783 5095 1820 5147 Γ
1825 5096 1880 5148 έ-

297 5201 539 5255 γραπται
563 5179 674 5236 οῧψ
705 5185 794 5236 ιΕΞ
826 5184 933 5255 γὰρ
968 5185 1236 5255 σύμφυτοι
1258 5187 1559 5255 γεγόναμεν
1586 5186 1659 5254 τῷ
1678 5186 1847 5254 ὀμοιὼ
1865 5219 1875 5226 -

255 5257 262 5272 ’
297 5294 424 5345 ματι
468 5275 560 5328 τοῦ
625 5276 856 5329 θανάτου
883 5277 1068 5340 αὐτοῦ,
1099 5279 1232 5330 ἀλλὰ
1267 5279 1358 5330 καὶ
1391 5278 1487 5346 τῆς
1531 5277 1876 5342 ἀναστάσεως

297 5369 550 5437 ἐσόμεθα.
585 5388 600 5417 ι
624 5368 760 5434 ’Ἐζη
797 5369 903 5438 γὰρ
937 5369 962 5419 ὀ
997 5371 1164 5436 Λόγος
1201 5369 1293 5422 καὶ
1323 5371 1622 5440 γενομένης
1648 5370 1876 5423 θανάτου

296 5460 385 5528 τῆς
421 5459 578 5526 ἁγίας
612 5457 776 5509 αὑτοῦ
807 5459 1028 5524 σαρκὸς,
1063 5460 1126 5509 ἵν’
1155 5457 1476 5528 ἡττηθέντος
1505 5459 1758 5522 θανάτου,
1785 5461 1881 5512 καὶ

297 5549 692 5618 πεπατημὲνης
719 5549 812 5616 τῆς
849 5550 1073 5620 φθορᾶς.
1099 5553 1130 5618 ἠ
1163 5551 1259 5618 τῆς
1283 5551 1629 5615 ἀναστάσεως
1656 5551 1877 5620 δύναμις

297 5641 370 5700 εἰς
405 5638 548 5690 ἁπαν
581 5637 804 5704 ἔρχηται
836 5639 895 5688 τὺ
933 5635 1274 5708 ἀνθρώπινον
1317 5639 1488 5704 γένος.
1510 5641 1729 5711 ’Λληθὲς
1751 5641 1877 5711 γὰρ,

368 5819 406 5848 ¹¹
453 5815 612 5868 llebr.
653 5831 708 5875 ιι,
752 5813 909 5870 9-17.
993 5819 1032 5848 "
1075 5817 1114 5870 ll
1156 5816 1280 5872 Cor.
1312 5831 1364 5881 ν,
1399 5817 1482 5872 l7.

1569 5819 1609 5850 ’³
1653 5817 1808 5871 Rotu.
1853 5830 1967 5876 nu.
2007 5815 2094 5869 59..

1985 3261 2139 3314 nobis
2169 3258 2426 3327 largietur
2449 3255 2517 3308 ²³⁴ί
2547 3273 2564 3304 ι
2597 3252 2879 3321 Proprium
2907 3259 3084 3304 autem
3115 3246 3346 3300 dicimus
3377 3243 3572 3298 Filium

1987 3352 2100 3414 Dei,
2147 3349 2383 3403 Verbum
2433 3363 2496 3401 ex
2552 3345 2722 3416 ipsius
2769 3341 3004 3397 essentia
3059 3340 3296 3408 genitum
3343 3338 3571 3391 :datum

1987 3455 2113 3495 vero
2139 3455 2258 3494 esse
2283 3455 2378 3509 pro
2401 3438 2580 3500 nobis,
2611 3451 2713 3490 non
2737 3435 2936 3488 nudum
2967 3441 3021 3486 et
3049 3431 3226 3485 carnis
3253 3437 3528 3498 expertem
3553 3468 3570 3494 ,

1985 3533 2078 3586 sed
2108 3532 2323 3601 quando
2373 3529 2550 3584 factus
2578 3539 2659 3582 est
2691 3541 2837 3582 caro.
2871 3525 2935 3578 Et
2965 3524 3108 3594 quod
3138 3521 3340 3577 dicitur
3379 3533 3574 3588 passus

1984 3637 2125 3689 esse,
2159 3623 2292 3677 nihil
2325 3621 2632 3676 detrimenti
2680 3619 2779 3684 ipsi
2832 3617 3008 3670 affert.
3057 3615 3254 3668 Passus
3297 3611 3439 3666 enim
3491 3617 3574 3663 est

1986 3731 2091 3769 non
2147 3723 2337 3774 natura
2388 3711 2707 3774 divinitatis,
2761 3709 2852 3761 sed
2909 3705 3124 3774 propria
3183 3717 3367 3756 carne.
3431 3701 3572 3754 Deus

1985 3807 2128 3861 enim
2161 3821 2224 3859 ac
2258 3803 2439 3865 Pater,
2471 3802 2611 3856 sicut
2645 3799 2806 3853 modo
2831 3797 2964 3864 dixi,
2997 3812 3120 3848 eum
3153 3796 3244 3864 qui
3291 3809 3394 3846 non
3423 3793 3572 3846 novit

1987 3907 2290 3967 peccatum,
2316 3911 2412 3962 pro
2437 3893 2592 3945 nobis
2617 3899 2894 3960 peccaturo
2927 3887 3078 3950 fecit,
3106 3895 3161 3938 ut
3195 3899 3291 3938 nos
3320 3885 3574 3936 lieremus

1981 3987 2188 4057 justitia
2219 3983 2312 4036 Dei
2345 3997 2464 4035 cum
2491 3982 2606 4048 ipso
2635 3978 2697 4031 “.
2725 3977 2914 4030 Nonne
2937 3991 3065 4028 vero
3093 3975 3253 4027 etiam
3287 3979 3568 4040 peceatum

1987 4079 2186 4130 factum
2223 4088 2344 4129 esse
2369 4074 2544 4141 ipsum
2581 4068 2852 4123 dicimus?
2893 4077 2986 4120 aut
3015 4066 3137 4134 quia
3175 4064 3352 4134 p0tius
3377 4063 3573 4118 similis

1986 4167 2160 4222 factus
2209 4175 2292 4220 est
2349 4163 2415 4217 iis
2463 4161 2554 4230 qui
2600 4159 2822 4214 obnoxii
2871 4166 3028 4212 erant
3075 4164 3319 4226 peccato,
3371 4154 3572 4209 idcirco

1987 4259 2149 4315 etiam
2176 4264 2460 4326 peceatum
2503 4251 2744 4308 dicitur?

2055 4350 2116 4403 Β.
2164 4350 2330 4404 Recte
2359 4347 2459 4405 ais.

2056 4445 2124 4500 A.
2166 4440 2624 4510 Quemadmodum
2661 4437 2828 4509 igitur
2859 4450 2980 4489 eum
3004 4435 3094 4504 qui
3130 4449 3234 4489 non
3271 4433 3418 4488 norit
3447 4445 3572 4504 pec-

1909 4530 2164 4591 Dcatum
2199 4548 2296 4604 pro
2345 4532 2500 4586 nobis
2550 4539 2830 4598 peccatum
2875 4526 3023 4593 fecit,
3066 4533 3125 4579 ut
3175 4539 3271 4578 nos
3317 4524 3569 4577 heremus

1974 4626 2183 4699 justitia
2207 4625 2296 4678 Dei
2322 4623 2374 4676 in
2399 4623 2515 4692 ipso
2533 4620 2841 4691 (iustificata
2873 4617 3016 4672 enim
3041 4625 3123 4670 est
3153 4617 3389 4669 humana
3413 4622 3568 4666 natu-

1983 4724 2115 4776 rain
2152 4717 2288 4789 Ipso)
2315 4735 2328 4771 :
2354 4719 2424 4770 ita
2453 4731 2574 4769 eum
2599 4712 2688 4782 qui
2717 4727 2822 4765 non
2848 4709 2999 4764 novit
3023 4718 3249 4762 mortem
3272 4707 3400 4774 (vita
3421 4707 3563 4760 enim

1981 4828 2064 4871 est
2091 4825 2146 4870 et
2171 4810 2446 4867 vivificaris
2477 4804 2752 4872 Verbum)
2789 4816 2954 4857 carne
2989 4801 3097 4870 pati
3139 4798 3399 4868 permisit,
3441 4813 3562 4850 cum

1983 4910 2213 4969 interea,
2246 4912 2514 4973 quatenus
2539 4908 2622 4952 est
2667 4899 2824 4958 Deus,
2867 4909 2894 4946 a
2926 4892 3176 4962 passione
3218 4889 3352 4942 liber
3382 4897 3562 4952 esset;

1989 5011 2046 5055 ut
2083 4998 2336 5052 nimirum
2375 5007 2473 5046 nos
2507 4992 2748 5042 vivamus
2781 5000 2877 5054 per
2921 4984 3091 5051 ipsum
3124 4989 3177 5034 et
3225 4981 3276 5032 in
3316 4981 3452 5048 ipso.
3484 4978 3565 5030 Id-

1989 5093 2138 5146 circo
2166 5100 2217 5141 et
2249 5084 2544 5140 similitudo
2572 5079 2780 5140 mortis,
2811 5075 3013 5130 Christi
3039 5073 3217 5141 passio
3247 5081 3436 5124 vocata
3463 5079 3562 5122 est.

1991 5183 2262 5250 Scriptum
2305 5177 2486 5244 itaque
2515 5183 2596 5225 est
2643 5189 2657 5224 :
2705 5188 2722 5218 ι
2755 5167 2810 5221 Si
2849 5167 2990 5220 enim
3044 5163 3392 5230 complantati
3439 5161 3563 5212 fat-ti

1978 5291 2166 5336 sumus
2197 5267 2536 5327 similitudini
2569 5263 2759 5318 mortis
2785 5262 2924 5329 ejus,
2952 5257 3108 5312 simul
3135 5267 3188 5309 et
3212 5254 3564 5308 resurrectio-

1977 5371 2061 5423 nis
2093 5365 2297 5420 erimus
2326 5361 2389 5410 ³⁵.
2431 5376 2450 5408 ›
2489 5353 2715 5408 Vivebat
2749 5350 2890 5405 enim
2929 5341 3186 5408 Verbum,
3225 5359 3346 5396 cum
3380 5351 3562 5395 sancta

1981 5457 2151 5526 ipsius
2192 5467 2319 5505 caro
2353 5455 2580 5502 mertem
2622 5443 2838 5504 obiret,
2884 5448 2962 5504 ut,
3019 5446 3268 5504 superata
3314 5445 3484 5486 morte
3511 5440 3563 5484 et

1981 5525 2295 5619 proculcato
2333 5538 2574 5598 interitu,
2625 5530 3042 5586 resurrectionis
3081 5529 3163 5582 vis
3203 5541 3268 5579 ac
3313 5525 3485 5578 virtus
3512 5526 3562 5576 in

1983 5616 2293 5694 universum
2325 5647 2495 5703 genus
2533 5631 2826 5684 humanum
2863 5623 3140 5677 transiret.
3187 5619 3382 5675 Verum
3419 5616 3562 5674 enim

2179 5813 2220 5846 ’⁵
2262 5811 2299 5867 ll
2341 5810 2460 5868 Cor.
2503 5823 2554 5875 ν,
2583 5807 2674 5861 2|.
2757 5805 2796 5836 ¹³
2825 5803 2978 5860 Ilom.
3018 5815 3089 5864 γι,
3129 5798 3181 5854 5.
