4078 6264
269 222 408 277 1345

1403 215 1592 284 QUOD
1632 215 1822 272 UNUS
1863 215 1972 272 SIT
2011 213 2376 272 CHRISTUS.

3407 211 3537 268 1566

270 334 348 402 εἷς
403 337 700 392 κεκάθικεν
751 337 900 400 Υἱὸς,
952 337 1312 390 διδασκόντων
1374 337 1550 400 αὐτοὶ,
1602 337 1685 400 τίς
1736 339 1850 400 τοῖς

1965 350 2115 404 quam
2138 336 2228 404 qui
2260 333 2440 388 allicit.
2472 333 2540 385 At
2581 345 2702 386 cum
2737 343 2878 384 unus
2912 327 3170 384 assederit
3203 327 3407 394 Filius,
3436 331 3537 383 do-

269 429 528 484 ἀνωτάτω
550 429 838 499 τετίμηται
871 429 1076 494 θάκοις,
1104 430 1194 481 καὶ
1220 427 1526 498 συνεδρεύει
1553 429 1632 499 τῷ
1659 430 1851 499 lla-cpi,

269 524 316 574 εξ
346 521 440 574 καὶ
472 521 554 574 ὅτι
589 520 825 590 μάλιστα
873 521 978 594 τῶν
1013 522 1151 588 ἄγαν
1211 521 1644 592 σφαλερωτάτων
1676 523 1758 592 εἴη
1791 522 1857 575 ἂν

268 613 329 666 τὸ
355 612 706 682 ἀνακομίζειν
740 612 1056 682 ἀποτολμᾷν
1089 615 1168 676 εἰς
1202 614 1474 684 ἰσοτιμίαν
1516 615 1594 685 τῷ
1621 615 1857 686 δεσπότῃ

269 701 329 755 τὸ
376 703 580 766 δοῦλον,
633 703 712 773 τῷ
752 703 946 776 κτίστῃ
979 705 1040 755 τὸ
1081 706 1322 776 ποιηθὲν,
1368 705 1444 776 τῷ
1493 705 1704 776 βασιλεῖ
1749 709 1856 761 τῶν

269 802 408 854 ὅλων
452 801 514 854 τὸ
558 801 662 854 ὑπὸ
716 800 900 868 ζυγὸν,
957 800 1032 870 τῷ
1083 800 1302 855 πάντων
1367 802 1624 857 ἐπέκεινα
1675 806 1734 858 τὸ
1798 805 1858 858 ὲν

271 895 406 948 πᾶσι
441 893 653 946 τελοῦν.
733 887 752 904 ’

343 984 404 1034 Β.
447 985 738 1052 Σαφηνιεῖς
767 978 862 1036 οὖν
896 985 1002 1055 ἄρα
1041 983 1200 1037 τοῦτο
1238 986 1368 1055 ἡμῖν
1401 986 1587 1039 εἰσέτι.

343 1076 410 1126 Α.
455 1072 671 1136 Καίτοι,
703 1073 956 1143 καθάπερ
1003 1066 1236 1144 ἐγῷμαι,
1269 1074 1444 1144 σαφὴς
1477 1077 1572 1128 καὶ
1599 1076 1858 1146 ἀποχρῶν

270 1165 300 1216 6
343 1165 433 1216 ἐπ’
485 1165 666 1227 αὐτοῖς
717 1165 780 1236 δὴ
832 1165 1038 1227 τούτοις
1072 1168 1204 1234 ἡμῖν
1257 1166 1632 1236 ἐκπεπόνηται
1679 1167 1855 1235 λόγος,

272 1255 436 1308 ὄκνου
485 1253 541 1307 δὲ
589 1253 712 1323 δίχα
751 1254 952 1316 παντὸς
985 1253 1281 1324 προσθείην
1331 1255 1396 1308 ἂν
1445 1251 1526 1317 οἷς
1573 1255 1710 1326 ἔφην
1764 1259 1858 1309 καὶ

273 1342 464 1414 ἔτερα,
511 1343 604 1395 καὶ
650 1344 748 1396 οὐκ
797 1343 996 1412 ἀγεννῆ
1033 1345 1424 1412 συναγόρευσιν
1459 1345 1560 1414 τὴν
1607 1344 1750 1416 ὑπέρ
1794 1362 1857 1412 γε

272 1433 388 1487 τῶν
415 1435 572 1504 ἱερῶν
603 1435 886 1504 δογμάτων
921 1433 1174 1505 καθάπερ
1213 1436 1334 1489 τινὰ
1363 1437 1690 1507 παντευχίαν
1722 1439 1858 1492 ἀνα·-

273 1525 484 1588 λαϐὼν,
535 1527 924 1596 ἁνταναστήσω
965 1527 1025 1579 τὸ
1072 1527 1270 1599 ἀληθὲς
1319 1531 1429 1592 τοῖς
1485 1530 1738 1599 φρονοῦσι
1790 1529 1859 1583 τὰ

271 1619 702 1688 διεστραμμένα.
741 1618 862 1670 Ὅτι
894 1619 1000 1688 γὰρ
1037 1621 1066 1671 ὁ
1116 1621 1410 1690 μονογενὴς
1443 1620 1538 1674 τοῦ
1585 1621 1720 1674 Θεοῦ
1753 1623 1857 1675 A6-

273 1726 396 1777 γος.
445 1710 504 1760 οὐ
557 1708 976 1778 μεσολαδοῢντος
1030 1710 1130 1778 τὴν
1183 1713 1494 1781 οἰκονομίαν
1549 1713 1664 1766 υἱοῦ
1725 1715 1857 1783 παρ’

273 1800 446 1855 αὐτὸν
485 1801 692 1872 ἑτέρου,
719 1802 812 1854 καὶ
839 1802 1198 1870 συναφθέντος
1231 1804 1380 1874 αὐτῷ
1411 1805 1696 1875 σχετικῶς,
1731 1823 1861 1860 κατ-

209 1889 230 1904 ⁸
275 1892 498 1962 ήργηκε
534 1891 624 1943 τοῦ
656 1890 885 1944 θανάτου
912 1892 972 1944 τὸ
999 1893 1219 1965 κράτος,
1255 1893 1419 1956 αὐτὸς
1465 1895 1524 1947 δὲ
1567 1895 1767 1964 μᾶλλον
1793 1897 1859 1949 δι’

273 1983 502 2048 ἑαυτοῦ,
537 1984 866 2038 πιστώσεται
899 1985 1090 2053 λέγων·
1129 2004 1149 2036 ι
1190 1985 1346 2038 Οὕτω
1374 1987 1482 2057 γὰρ
1517 1988 1805 2058 ἠγάπησεν
1833 1990 1861 2041 6

271 2074 418 2138 Θεὸς
443 2075 530 2127 τὸν
559 2076 782 2145 κόσμον,
814 2075 954 2129 ὥστε
982 2075 1072 2129 τὸν
1103 2075 1229 2130 Υὶόν
1261 2077 1428 2131 αὐτοῦ
1471 2077 1563 2131 τὸν
1597 2080 1860 2151 μονογενῆ

270 2167 505 2230 ἔδωκεν,
539 2167 624 2221 ἵνα
657 2169 765 2230 πᾶς
803 2171 831 2222 6
879 2168 1148 2223 πιστεύων
1191 2171 1267 2233 εἰς
1302 2171 1464 2226 αὐτὸν
1524 2173 1598 2243 μὴ
1629 2173 1864 2244 ἀπόλλη-

270 2275 392 2320 ται,
431 2259 546 2311 ἀλλ’
585 2258 681 2329 ἔχῃ
711 2259 856 2330 ζωὴν
887 2260 1122 2314 αἰώνιον.
1159 2281 1179 2312 ›
1221 2262 1479 2333 Αἵροντος
1507 2264 1564 2316 δὲ
1600 2265 1734 2334 ὑψοῦ
1763 2265 1862 2338 τὴν

270 2353 358 2416 εἰς,
394 2351 486 2403 τὸν
519 2352 722 2422 κόσμον
757 2353 978 2422 ἀγάπην
1007 2354 1100 2407 τοῦ
1149 2355 1283 2408 Θεοῦ
1324 2357 1671 2428 καὶΙῘατρὸς,
1703 2360 1866 2430 ὑπερ-

274 2441 502 2512 μεγέθη
533 2460 592 2496 τε
642 2443 735 2498 καὶ
767 2445 1022 2514 ὑπερφυᾶ
1057 2448 1383 2518 γεγενῆσθαι
1437 2450 1703 2519 λέγοντος,
1739 2450 1868 2504 ἀνθ-

267 2535 406 2587 ότου
447 2534 979 2606 κατασμικρύνουσιν
1016 2537 1402 2607 οἱδιεναντίας,
1437 2543 1494 2594 οὐ
1525 2541 1616 2596 τὸν
1649 2526 1864 2613 ἀληθῶς

268 2627 411 2680 Υἰὸν
444 2628 584 2699 ὑπὲρ
607 2629 762 2700 ἡμῶν
794 2629 1036 2685 δεδόσθαι
1061 2633 1332 2702 λέγοντες,
1359 2636 1474 2689 ἀλλ’
1504 2636 1598 2690 ἕνα
1613 2627 1720 2692 τῶν
1743 2637 1863 2692 καθ’

263 2723 298 2792 ἡ
309 2722 454 2790 μᾶς,
489 2721 799 2792 είσποίητον
829 2722 1022 2792 ἔχοντα
1048 2727 1144 2796 τὴν
1177 2726 1276 2797 τῆς
1308 2727 1556 2798 υἰότητος
1579 2729 1758 2800 χάριν,
1785 2731 1864 2795 εἰς

255 2811 356 2862 τὸν
391 2809 492 2862 τοῦ
526 2811 666 2864 κατά
690 2812 850 2879 φύσιν
876 2813 1008 2867 Υἰοῦ
1040 2815 1202 2869 τόπον
1241 2817 1680 2884 ἀναϐιϐάζοντες,
1712 2819 1865 2883 ὄντος

255 2901 318 2954 δὲ
348 2902 705 2970 Μονογενοῦς
729 2903 824 2957 τοῦ
855 2905 1096 2971 δοθέντος
1127 2909 1266 2980 ὑπὲρ
1293 2912 1325 2980 ἡ
1336 2910 1452 2980 μῶν
1471 2927 1484 2976 ;
1506 2905 1640 2964 Εἶτα
1663 2929 1866 2984 γεγρα-

252 2996 436 3067 φότος
481 2995 736 3050 Ἰωάννου
767 2999 989 3082 σαφῶς·
1038 3019 1056 3051 ι
1113 3001 1170 3054 '0
1203 3002 1496 3074 μονογενὴς
1527 3003 1678 3070 Θεὸς,
1727 3008 1756 3060 ὁ
1787 3004 1864 3059 ὣν

247 3087 338 3149 είς
373 3085 472 3138 τὸν
514 3085 714 3140 κόλπον
758 3086 852 3140 τοῦ
899 3089 1110 3158 Πατρός
1133 3109 1145 3120 ·
1183 3111 1201 3142 ›
1236 3090 1354 3156 πῶς
1378 3094 1479 3147 οὐκ
1505 3093 1569 3147 ἂν
1599 3095 1865 3163 ἁγάσαιτό

242 3195 338 3241 τις
378 3177 489 3246 τῆς
527 3176 772 3246 ἀμαθίας
801 3179 1018 3244 αὐτοὺς,
1049 3181 1383 3248 ἐξωθοῦντας
1416 3187 1513 3254 μὲν
1536 3188 1636 3257 τῆς
1665 3190 1867 3242 οἰκονο-

240 3267 389 3338 μίας
411 3266 514 3320 τὸν
551 3270 815 3338 μονογενῆ
843 3269 973 3324 Θεὸν
995 3271 1188 3339 Λόγον,
1218 3275 1666 3347 ἀντεισφέροντας
1687 3279 1762 3345 δὲ,
1791 3281 1866 3343 ὡς

227 3361 406 3432 ἔφην,
449 3363 594 3423 ταῖς
644 3360 878 3432 θύραθεν
921 3363 1100 3428 δόξαις
1131 3363 1530 3436 ὲξωραῖσθέντα
1579 3369 1718 3434 τινὰ,
1771 3372 1867 3425 καὶ

225 3455 498 3508 ἐπακτὸν
553 3452 744 3522 ἔχοντα
774 3455 836 3506 τὸ
860 3456 957 3525 τῆς
998 3456 1250 3529 θεότητος
1296 3459 1466 3528 ὄνομα
1492 3478 1506 3526 ;
1531 3457 1664 3514 Εἶτα
1707 3463 1760 3516 τί
1806 3463 1867 3516 τὸ

228 3546 392 3652 μέὲγα
423 3545 544 3598 καὶ
595 3544 926 3612 άξιὰγαστον
958 3547 1014 3597 ὲν
1058 3550 1122 3617 τῇ
1171 3547 1263 3600 τοῦ
1297 3549 1510 3621 Πατρὸς
1539 3553 1728 3626 ἀγάπῃ
1762 3572 1865 3622 φα-

223 3635 418 3691 νεῖται
459 3635 530 3688 λο
549 3635 694 3701 ιπὸν,
731 3638 778 3688 εί
813 3635 978 3708 μέρος
1007 3637 1058 3689 τί
1092 3639 1318 3710 κόσμου,
1348 3643 1439 3694 καὶ
1472 3643 1631 3697 τοῦτο
1667 3644 1862 3717 βραχὺ,

217 3729 480 3783 δέδωκεν
507 3726 671 3796 ὑπὲρ
698 3727 897 3795 αὐτοῦ;
939 3730 1009 3782 Ἢ
1038 3730 1179 3800 τάχα
1213 3749 1313 3784 που
1341 3734 1434 3786 καὶ
1462 3735 1866 3807 ἀνεπίπληκτον

215 3823 442 3887 εἰπεῖν,
472 3820 581 3879 ὡς
606 3818 938 3887 λελύτρωται
969 3822 1171 3892 κόσμος
1196 3824 1345 3876 οὐδὲν
1366 3825 1504 3896 ἔχων
1533 3829 1684 3898 παρὰ
1708 3828 1864 3896 Θεοῦ,

210 3911 370 3968 ἀλλὰ
411 3912 567 3972 τοῖς
613 3906 779 3960 αὑτοῦ
819 3908 1008 3980 μέρεσι
1039 3911 1175 3983 πρὸς
1207 3913 1363 3967 τοῦτο
1401 3916 1864 3987 ὑπηρετούμενος.

300 4184 372 4234 Β.
425 4176 716 4232 Δεδόσθαι
747 4177 878 4244 φασὶ
908 4177 996 4230 τὸν
1028 4179 1312 4248 Μονογενῆ
1344 4177 1496 4251 παρά
1517 4178 1609 4232 τοῦ
1633 4180 1864 4251 Πατρὺς,

213 4271 294 4326 ἵν’
331 4264 720 4334 οἰκονομήσει
765 4264 832 4316 τὰ
883 4265 1001 4318 καθ’
1033 4267 1198 4336 ἡμᾶς,
1232 4269 1331 4336 οὑχ
1372 4268 1460 4321 ἵνα
1491 4285 1540 4320 τι
1580 4269 1726 4341 πάθῃ
1759 4270 1869 4324 τῶν

1960 435 2121 480 ccant
2156 427 2260 496 ipsi
2309 426 2560 495 quisnam
2587 424 2640 479 in
2675 437 2988 492 supremum
3025 420 3154 476 illud
3175 420 3368 476 solium
3399 421 3538 476 asci-

1961 531 2044 572 tus
2076 520 2167 578 sit.
2195 519 2450 588 Patrique
2484 517 2736 572 assideat.
2769 514 3045 584 Siquidem
3092 514 3385 568 absurdum
3430 515 3536 568 im-

1958 611 2148 679 primis
2191 609 2352 665 i'uerit
2393 609 2755 678 aequalitatem
2810 608 3034 663 honoris
3089 607 3328 662 tribuere
3381 621 3537 659 servo

1959 717 2080 754 (rum
2148 701 2385 766 domino,
2429 709 2692 754 creaturae
2728 713 2851 754 cum
2897 705 3170 762 creatore,
3211 698 3258 751 ei
3308 697 3396 766 qui
3439 699 3542 750 sub

1953 793 2083 863 jugo
2112 803 2194 848 est
2231 807 2354 848 cum
2401 791 2566 846 totius
2615 791 2852 846 universi
2903 790 3170 855 Domino;
3223 797 3276 841 et
3315 789 3454 856 quod
3484 787 3536 840 in

1958 885 2212 941 omnibus
2233 892 2387 954 paret
2414 883 2662 953 imperio,
2690 899 2810 939 cum
2830 897 2894 938 eo
2919 881 3010 952 qui
3041 895 3203 950 supra
3231 879 3409 934 omnia
3431 889 3534 934 est.

2029 976 2091 1031 Β.
2131 976 2352 1045 Explica
2386 977 2490 1031 hoc
2519 975 2674 1031 nobis
2701 974 2952 1030 ulterius.

2027 1069 2093 1122 Α.
2135 1068 2321 1138 Atqui,
2348 1077 2407 1122 ut
2447 1068 2704 1134 arbitror,
2745 1064 3034 1120 manifeste
3068 1063 3200 1120 satis
3234 1071 3288 1118 et
3332 1060 3541 1132 prolixe

1959 1161 2117 1216 nobis
2141 1161 2245 1216 hac
2281 1161 2347 1216 de
2379 1176 2438 1216 re
2479 1167 2864 1228 pertractatum
2911 1167 3028 1223 est;
3073 1171 3250 1227 neque
3289 1170 3418 1209 vero
3455 1167 3540 1207 me

1961 1253 2164 1322 pigebit
2189 1253 2252 1308 iis
2274 1267 2394 1322 qua:
2423 1251 2536 1307 dixi
2559 1252 2728 1306 etiam
2765 1249 2868 1304 alia
2907 1249 3150 1318 quaedam
3183 1246 3457 1316 adjicere;
3487 1253 3542 1297 et

1961 1359 2066 1400 non
2099 1345 2316 1417 ignobili
2345 1344 2647 1416 patrocinio
2673 1358 2772 1413 pro
2798 1342 2971 1398 sacris
3003 1338 3342 1411 dogmatibus
3375 1335 3537 1390 veluti

1959 1441 2190 1510 quadam
2226 1441 2406 1494 omnis
2449 1439 2665 1511 generis
2713 1446 2987 1492 armatura
3035 1433 3304 1496 indutum,
3343 1428 3542 1484 verita-

1961 1543 2068 1590 tem
2095 1547 2372 1604 opponere
2407 1531 2473 1587 iis
2494 1531 2584 1602 qui
2617 1529 2888 1586 contraria
2919 1525 3179 1582 sentiunt.
3212 1521 3362 1589 Quod
3391 1519 3540 1574 enim

1961 1625 2295 1694 unigenitum
2333 1622 2429 1678 Dei
2465 1621 2704 1677 Verbum
2728 1663 2744 1688 ,
2777 1636 2881 1676 non
2919 1617 3318 1674 interveniente
3353 1613 3420 1667 ad
3455 1613 3540 1666 iu-

1963 1717 2332 1771 cat-nationem
2375 1715 2484 1768 lilio
2543 1715 2632 1784 qu-i
2666 1729 2696 1768 a
2743 1727 2802 1768 se
2843 1713 3087 1766 diversus
3123 1716 3284 1772 esset,
3327 1715 3380 1760 et
3411 1704 3540 1759 stri-

1963 1818 2050 1864 cte
2063 1809 2110 1864 ei
2135 1809 2571 1878 coniungeretur,
2590 1805 2780 1858 mortis
2799 1803 3079 1872 imperium
3100 1799 3426 1862 dissolverit,
3445 1797 3538 1852 sed

1963 1903 2138 1970 ipsum
2169 1899 2346 1968 potius
2369 1897 2605 1952 Verbum
2635 1894 2724 1948 Dei
2759 1907 2853 1960 per
2883 1908 2961 1957 se,
2999 1891 3270 1961 probabit,
3305 1890 3492 1944 dicens
3523 1906 3538 1944 :

1970 2015 1988 2047 ι
2023 1995 2099 2050 lla
2131 1994 2273 2049 enim
2326 1992 2514 2048 dilexit
2559 1989 2697 2044 Deus
2735 1987 3015 2051 mundum,
3051 1993 3109 2038 ut
3152 1983 3346 2039 Filium
3386 1995 3540 2036 suum

1963 2088 2298 2158 unigenitum
2338 2084 2577 2147 dederit,
2615 2094 2674 2136 ut
2712 2081 2888 2136 omnis
2938 2079 3028 2150 qui
3061 2077 3232 2134 credi:
3263 2076 3333 2131 'in
3367 2075 3542 2146 ipsmn

1965 2196 2068 2235 non
2111 2188 2312 2250 pereat,
2351 2179 2444 2232 sed
2486 2177 2681 2231 habeat
2730 2175 2896 2228 vitam
2935 2181 3190 2227 aeternam
3215 2170 3284 2224 '°.
3325 2187 3346 2222 ι
3403 2169 3540 2224 Cum

1964 2287 2094 2327 vero
2127 2272 2220 2325 Dei
2267 2285 2332 2324 ac
2376 2267 2557 2323 Patris
2601 2265 2946 2320 dilectionem
2991 2277 3118 2332 erga
3167 2259 3423 2314 mundum
3465 2257 3542 2311 ita

1963 2363 2216 2428 extollat,
2270 2370 2324 2417 et
2373 2362 2687 2415 immensam
2736 2368 2897 2426 atque
2950 2355 3328 2409 inexhaustum
3377 2349 3545 2404 fuisse

1965 2457 2130 2521 dicat,
2164 2470 2262 2510 cur
2289 2452 2532 2508 haeretici
2569 2451 2711 2506 hanc
2740 2447 2955 2504 elevant
2981 2457 3144 2515 atque
3191 2444 3541 2507 imminuunt,

1965 2549 2206 2604 dicentes
2243 2561 2348 2600 non
2396 2559 2584 2598 rerum
2619 2541 2786 2596 lilium
2825 2555 2926 2610 pro
2962 2539 3118 2594 nobis
3150 2537 3334 2592 datum
3385 2549 3540 2600 esse,

1966 2640 2062 2695 sed
2103 2639 2388 2710 quemdam
2446 2651 2516 2690 ex
2551 2634 2702 2689 nobis
2742 2647 2838 2702 per
2877 2631 3104 2702 gratiam
3137 2631 3190 2683 iu
3237 2629 3404 2682 lilium
3447 2627 3545 2681 ad-

1967 2740 2234 2802 eptatum,
2255 2743 2488 2798 eumque
2513 2729 2566 2782 in
2587 2724 2847 2782 naturalis
2881 2722 2972 2776 lilii
2997 2722 3171 2779 locum
3197 2719 3504 2776 attollentes
3525 2755 3540 2782 ,

1966 2840 2088 2881 eum
2123 2822 2536 2892 sitUnigenitus
2565 2819 2658 2889 qui
2701 2833 2798 2888 pro
2830 2816 2986 2872 nobis
3033 2814 3193 2868 datus
3239 2813 3369 2868 est?
3401 2811 3548 2867 Prae-

1969 2926 2115 2972 terea
2167 2931 2288 2969 cum
2339 2913 2574 2968 Joannes
2619 2917 2806 2980 aperte
2851 2909 3092 2962 scribat:
3153 2925 3170 2957 ι
3227 2905 3547 2974 Uuigeuitus

1892 3036 1936 3094 ο
1969 3007 2110 3062 Deus
2135 3011 2227 3076 qui
2255 3013 2334 3060 est
2377 3005 2428 3057 iu
2459 3003 2578 3057 sinu
2615 2999 2790 3052 Patris
2819 2998 2860 3036 ³¹
2895 3017 2908 3051 :
2951 3016 2968 3049 ι
3007 2995 3278 3065 quomodo
3315 3009 3418 3048 non
3459 2993 3548 3048 ad-

1971 3101 2198 3154 miretur
2233 3095 2500 3166 quispiam
2534 3093 2750 3147 illorum
2787 3088 3138 3158 imperitiam,
3165 3087 3255 3157 qui
3285 3089 3354 3142 ab
3373 3083 3548 3141 admi-

1971 3191 2293 3248 nistratione
2326 3191 2376 3243 in
2409 3201 2574 3243 carne
2608 3184 2952 3254 Unigenitum
2981 3181 3076 3238 Dei
3108 3180 3344 3238 Verbum
3369 3180 3548 3235 exclu-

1969 3286 2120 3346 dant,
2157 3281 2320 3353 769
2343 3294 2407 3335 ac
2441 3279 2616 3350 potius
2655 3277 2818 3332 alium
2864 3275 3174 3345 quemdam,
3205 3282 3263 3328 ut
3301 3273 3432 3340 dixi,
3467 3273 3547 3325 iu-

1972 3376 2276 3440 lvroducant,
2307 3373 2613 3427 extrinseca
2649 3380 2810 3440 atque
2839 3367 3074 3424 ascititia
3113 3365 3279 3436 gloria
3308 3363 3546 3433 Splendi—

1970 3465 2138 3529 dum,
2187 3463 2595 3532 adventitioque
2650 3459 2878 3516 Deitatis
2943 3457 3161 3512 nomine
3211 3453 3548 3524 praeditum?

1971 3552 2174 3607 Deinde
2203 3552 2457 3620 quidnam
2491 3549 2749 3606 eximium
2781 3556 2872 3602 aut
2907 3561 3234 3617 magnopere
3274 3545 3550 3598 admiran-

1971 3647 2095 3699 dum
2131 3645 2183 3698 in
2218 3643 2506 3697 dilectione
2543 3639 2722 3694 Patris
2753 3653 2876 3694 esse
2909 3647 3232 3703 censeatur,
3261 3638 3304 3690 si
3337 3645 3546 3706 partem

1971 3737 2255 3804 quamdam
2287 3733 2490 3800 mundi,
2529 3740 2690 3802 atque
2726 3729 2871 3786 illaut
2895 3730 3112 3798 quidem
3145 3730 3414 3795 exiguam,
3451 3741 3548 3797 pro

1969 3827 2087 3896 ipso
2145 3825 2327 3880 dedit?
2358 3823 2662 3889 Quinetiam
2703 3823 2804 3873 hoc
2840 3819 3074 3872 fortasse
3118 3828 3261 3872 recte
3308 3819 3412 3872 dici
3454 3834 3547 3887 po-

1973 3917 2120 3981 terit,
2167 3916 2500 3978 redemptum
2546 3925 2669 3964 esse
2709 3907 2969 3962 mundum
3013 3907 3148 3962 nihil
3191 3909 3480 3964 habentem
3516 3925 3548 3964 a

1971 4008 2118 4070 Deo,
2179 4004 2273 4060 sed
2337 4017 2462 4058 suas
2527 4002 2694 4072 ipsius
2746 4012 2932 4072 partes
2982 4001 3343 4072 reder‘nptioni
3403 4003 3547 4057 inse-

1974 4099 2162 4153 ruisse.

2041 4187 2102 4243 B.
2139 4188 2304 4242 Aiunt
2337 4186 2551 4257 quidem
2579 4185 2762 4240 datum
2789 4199 2910 4240 esse
2939 4201 2966 4238 a
2996 4185 3155 4238 Patre
3201 4183 3545 4256 Uuigenilum

1974 4293 2033 4338 ut
2071 4297 2158 4337 res
2191 4289 2406 4335 nostras
2435 4278 2795 4344 administret,
2832 4293 2936 4332 non
2975 4287 3179 4348 autem
3205 4277 3258 4331 in
3307 4293 3400 4331 sua
3454 4293 3547 4331 na-

206 4359 644 4436 ἀνθρωπίνων
679 4356 842 4420 αὐτὸς
887 4359 966 4420 εἰς
999 4358 1133 4410 ἰδίαν
1171 4357 1333 4428 φύσιν
1357 4375 1370 4390 ·
1401 4361 1682 4431 ἀμήχανον
1732 4362 1862 4433 γάρ.

1974 4384 2091 4429 tura
2123 4375 2414 4427 humanum
2446 4371 2646 4441 aliquid
2679 4371 2947 4442 patiatur;
2978 4385 3099 4424 nam
3145 4371 3246 4427 hoc
3282 4369 3396 4424 ﬁeri
3441 4387 3545 4425 non

284 4547 366 4598 Α.
421 4537 632 4594 Πάθοι
667 4535 767 4605 μὲν
801 4535 868 4589 ἂν
897 4537 1058 4600 αὐτὸς
1088 4539 1166 4600 εἰς
1197 4538 1333 4591 ἰδίαν
1364 4540 1524 4607 φύσιν
1555 4540 1616 4593 τὸ
1647 4541 1871 4612 σύμπαν

201 4637 408 4694 οὐδέν.
473 4629 819 4698 Ἀσώματος
864 4627 972 4699 γὰρ
1022 4630 1284 4701 ὑπάρχων
1318 4631 1391 4694 ὡς
1439 4632 1591 4696 Θεὸς,
1631 4632 1735 4699 ἔξω
1765 4650 1869 4686 που

197 4733 468 4788 πάντως
505 4721 774 4777 κείσεται
802 4720 896 4773 τοῦ
925 4719 1118 4776 παθεῖν
1138 4735 1152 4750 ⁶
1178 4722 1302 4775 ἐπεὶ
1328 4722 1384 4776 δὲ
1413 4723 1550 4777 κατὰ
1582 4725 1680 4795 τὴν
1703 4724 1868 4778 αὐτοῦ

195 4821 452 4895 φωνὴν,
494 4815 620 4884 τὴν
649 4812 738 4865 διά
767 4829 851 4879 γε,
897 4813 1060 4883 φημὶ,
1090 4814 1190 4883 τῆς
1217 4814 1311 4867 τοῦ
1345 4815 1652 4881 Ψάλλοντος
1675 4817 1866 4890 λύρας,

193 4916 393 4985 σῶμα
416 4905 606 4974 αὐτῷ
633 4904 989 4974 κατήρτισται
1021 4906 1171 4974 παρὰ
1202 4905 1293 4957 τοῦ
1325 4906 1555 4978 Πατρὸς,
1587 4909 1866 4979 παρῆλθεν

189 5005 618 5074 ἐνσώματος.
659 4995 752 5047 τοῦ
789 4996 1015 5065 ποιῆσαι
1049 4997 1107 5048 τὸ
1141 4996 1352 5068 θέλημα
1381 4999 1565 5054 αὑτοῦ.
1605 5001 1774 5054 Τοῦτο
1809 5001 1867 5055 δὲ

183 5099 267 5171 ἦν
314 5101 354 5167 ἡ
397 5093 509 5148 διὰ
560 5086 675 5139 τοῦ
714 5088 894 5158 τιμίου
947 5088 1181 5158 σταυροῦ
1229 5089 1496 5161 λύτρωσις
1535 5093 1629 5144 καὶ
1667 5094 1868 5146 ἀνακε-

179 5189 564 5262 φαλαίωσις
607 5177 728 5230 τῶν
771 5179 928 5244 ὅλων,
965 5179 1030 5231 δι’
1059 5179 1222 5232 αὑτοῦ
1253 5197 1312 5232 τε
1356 5183 1449 5234 καὶ
1478 5184 1557 5245 είς
1603 5184 1764 5237 αὑτὸν
1804 5179 1863 5238 εὖ

177 5287 356 5357 μάλα
411 5268 904 5340 κατορθουμὲνη.
954 5271 1290 5342 Συλλήψεται
1319 5274 1376 5326 δὲ
1404 5270 1486 5337 οἷς
1527 5275 1663 5346 ἔφην
1716 5279 1807 5331 καὶ
1840 5281 1868 5332 6

169 5377 591 5440 τῗεπινσῑριστος
622 5363 870 5424 Παῦλος,
895 5363 991 5414 ὡδὶ
1010 5363 1322 5432 γεγραφὼςο
1367 5385 1386 5417 ε
1419 5367 1589 5420 Τοῦτο
1621 5373 1864 5439 φρονεῖτε

169 5476 237 5527 εί
255 5482 452 5525 ³,στος
498 5463 567 5511 ἐν
615 5454 764 5520 ὑμῖν
796 5455 998 5517 αὐτοῖς,
1029 5455 1056 5505 ὃ
1086 5457 1177 5506 καὶ
1222 5458 1278 5506 ὲν
1313 5458 1529 5529 Χριστῷ
1573 5460 1769 5529 Ίτπσοῦ,
1811 5461 1867 5528 ὃς

169 5497 331 5527 ἰλ-,ιυ
355 5497 452 5525 ωδ
499 5497 563 5511 ιν-
621 5497 760 5520 -ιπη
796 5497 998 5517 -ν---τν
1039 5497 1054 5505 ν
1088 5497 1177 5506 ”·-·
1222 5497 1275 5506 ν’
1313 5497 1529 5528 "rw"?
1591 5497 1769 5528 ι’·νυν»
1811 5497 1866 5528 Vt-

263 5651 318 5681 ao
366 5645 568 5700 Joan.
621 5641 720 5690 tu,
765 5627 844 5683 16.
905 5629 963 5710 ξ’
1007 5629 1159 5684 Joan.
1204 5645 1243 5696 ι,
1283 5633 1360 5685 18.

1973 4475 2174 4538 potest.

2042 4557 2106 4610 A.
2151 4556 2268 4625 Ipse
2305 4564 2452 4610 certe
2482 4555 2537 4608 in
2563 4569 2656 4608 sua
2690 4563 2880 4608 natura
2909 4553 3039 4608 nihil
3065 4555 3283 4607 omnino
3315 4553 3540 4622 patitur.

1968 4650 2103 4705 Cum
2136 4651 2280 4703 enim
2313 4649 2382 4703 sit
2423 4649 2794 4717 incorporeus,
2827 4657 2883 4702 ut
2927 4647 3096 4712 Deus,
3132 4647 3398 4713 passionis
3430 4663 3546 4700 om-

1968 4743 2054 4796 nis
2080 4755 2273 4809 expers
2302 4749 2404 4794 est.
2429 4741 2562 4795 Cum
2595 4755 2724 4795 vero
2763 4739 2913 4807 juxta
2942 4739 3108 4807 ipsius
3148 4753 3355 4804 vocem,
3389 4738 3544 4808 juxta

1973 4834 2213 4898 Davidis,
2251 4833 2498 4902 inquam,
2534 4833 2728 4902 lyram,
2762 4846 2958 4900 corpus
2987 4831 3036 4885 ei
3068 4846 3096 4884 a
3128 4829 3288 4885 Patre
3322 4843 3541 4902 coapta-

1971 4937 2082 4980 tum
2117 4933 2219 4990 est,
2245 4939 2534 4992 corporeus
2559 4924 2777 4978 advenit
2805 4932 2862 4977 ut
2887 4933 3276 4992 exsequeretur
3300 4925 3546 4980 volunta-

1975 5027 2081 5070 tem
2115 5016 2308 5069 Patris.
2341 5013 2463 5068 llmc
2489 5027 2650 5083 porro
2676 5023 2795 5068 erat
2825 5013 3121 5084 redemptio
3153 5031 3247 5083 per
3274 5032 3540 5072 veneran-

1973 5110 2094 5163 dam
2127 5123 2190 5162 ac
2233 5107 2524 5178 pretiosam
2573 5120 2810 5172 crucem,
2854 5116 3017 5177 atque
3061 5108 3385 5163 instauratio
3425 5111 3544 5163 uni-

1973 5213 2251 5254 versorum
2297 5213 2391 5268 per
2449 5198 2622 5266 ipsum
2669 5206 2723 5252 et
2774 5199 2826 5252 in
2877 5199 2992 5268 ipso
3047 5200 3249 5268 Optime
3303 5214 3540 5270 peracta.

1971 5287 2249 5344 Consentit
2282 5303 2408 5342 vero
2438 5289 2505 5343 iis
2533 5303 2651 5358 quae
2691 5289 2826 5344 dixit
2855 5290 3017 5343 etiam
3050 5289 3286 5359 optimus
3319 5289 3542 5356 Paulus,

1974 5373 2045 5426 ita
2081 5374 2324 5428 scribens
2361 5393 2374 5429 :
2406 5393 2422 5425 ι
2459 5375 2568 5429 lloc
2592 5376 2732 5430 enim
2782 5378 2977 5432 sentite
3019 5379 3070 5432 in
3117 5379 3290 5441 vobis.
3323 5383 3461 5448 quod
3494 5392 3546 5436 et

1974 5467 2026 5519 in
2055 5465 2272 5522 ChriSto
2308 5465 2456 5534 Jcsu,
2485 5470 2573 5538 qui
2603 5485 2722 5524 cum
2767 5470 2818 5525 iu
2855 5471 3027 5525 ferina
3078 5469 3168 5525 Dei
3221 5479 3382 5526 esset.
3431 5488 3538 5528 non
