4078 6264
601 277 740 329 «δη

1592 261 1640 313 S.
1685 256 1958 311 CYRIIJJ
2000 250 2468 308 ΜΕΧᾹΝΟΒΙΝΙ
2508 251 2824 306 ARCIIIEP.

3731 237 3857 294 1313

600 389 842 458 rapinam
873 383 1170 438 arbitratus
1198 391 1276 435 est
1298 421 1311 441 ,
1345 394 1464 431 esse
1505 393 1560 429 se
1593 375 1852 443 a-qualem
1896 373 2002 427 Deo
2029 390 2040 423 :
2082 375 2174 426 sed

2289 375 2335 423 ὲν
2367 375 2546 440 μορφῇ
2583 369 2718 421 Θεοῦ
2755 368 3036 438 ὑπάρχων,
3076 367 3173 436 οὐχ
3206 362 3498 434 ἁρπαγμὸν
3532 360 3780 428 ἡγήσατο
3807 355 3858 406 τὸ

599 480 945 547 semetipsum
974 473 1291 532 exinauivit,
1325 470 1551 522 fut-rnatu
1595 466 1736 519 servi
1777 466 2085 533 accipiens,
2122 467 2174 517 in

599 569 1009 626 similitudinem
1040 562 1315 616 hominum
1363 559 1557 618 factus,
1600 567 1656 611 et
1699 556 1883 610 habitu
1928 557 2178 608 inventus

600 672 658 715 ut
686 661 864 714 homo.
921 654 1232 710 llumiliavit
1275 651 1647 716 semetipsum,
1695 646 1868 701 factus
1919 647 2178 699 ohediens

601 768 770 821 usque
805 751 870 803 ad
900 757 1146 809 mortem,
1207 755 1437 797 mortem
1481 750 1660 794 autem
1704 739 1904 793 crucis.
1951 738 2178 806 Propter

599 843 741 914 quod
765 851 818 895 et
848 843 986 894 Deus
1018 836 1275 892 exaltavit
1300 835 1468 896 illum,
1517 845 1574 887 et
1613 833 1830 885 donavit
1872 833 1946 886 illi
1982 848 2174 886 nomen

599 934 741 1002 quod
769 941 853 984 est
893 943 1056 996 super
1092 941 1252 979 omne
1297 939 1511 985 nomen,
1597 934 1654 976 ut
1697 922 1749 975 in
1800 921 2016 975 nomine
2051 917 2176 974 Jestt

600 1024 797 1079 Christi
855 1036 1015 1076 omne
1065 1033 1232 1089 genus
1283 1015 1567 1078 ﬂectatur,
1625 1013 1957 1078 cmlestium,
2005 1021 2177 1067 terre-

599 1115 814 1174 strium,
841 1121 893 1164 et
925 1108 1282 1169 inferuerunt,
1325 1114 1378 1160 et
1421 1104 1599 1158 omnis
1637 1103 1819 1172 lingua
1861 1101 2180 1157 conﬁteatur

599 1205 720 1270 quia
752 1199 1014 1252 Dominus
1034 1197 1189 1251 Jesus
1224 1193 1473 1248 Christus
1515 1194 1566 1246 in
1613 1192 1781 1262 gloria
1825 1200 1908 1246 est
1947 1191 2041 1245 Dei
2085 1190 2179 1244 Pa-

600 1292 698 1345 ttis
721 1291 786 1345 3'.
838 1309 856 1342 ι
891 1289 1060 1354 Quem
1095 1288 1243 1340 enim
1275 1300 1395 1340 esse
1428 1285 1586 1350 dicis,
1623 1286 1714 1354 qui
1747 1293 1833 1339 est
1870 1285 2086 1352 quidem
2122 1284 2178 1338 in

601 1382 772 1434 forma
830 1379 924 1433 Dei
979 1393 1044 1432 ac
1094 1376 1294 1441 Patris,
1343 1384 1398 1430 et
1448 1391 1571 1430 cum
1631 1375 1901 1445 integrum
1946 1375 1998 1430 ei
2035 1387 2181 1430 esset

599 1471 861 1540 aqualem
891 1469 1040 1523 Patri
1088 1481 1446 1537 permanere,
1499 1481 1606 1520 nou
1659 1468 1898 1536 rapinam
1945 1465 2180 1520 arbitra-

602 1573 687 1615 tus
720 1570 800 1614 est
827 1559 1084 1613 eximiam
1122 1557 1266 1611 illam
1297 1566 1458 1626 atque
1488 1557 1726 1611 divinam
1755 1556 2092 1628 dignitatem,
2129 1566 2184 1610 et

597 1669 762 1721 supra
791 1667 981 1706 omnes
1001 1649 1425 1706 excellentiam?
1459 1664 1600 1703 anne
1635 1651 1800 1704 Deum
1843 1649 2075 1704 Verbum
2115 1664 2181 1704 ex

2284 461 2422 516 εἶναι
2456 465 2544 515 ἴσα
2576 461 2714 532 Θεῷ,
2753 462 2866 514 ἀλλ’
2912 462 3103 513 ἑαυτὸν
3137 458 3394 519 ὲκένωσε,
3433 453 3648 523 μορφὴν
3677 450 3857 504 δούλου

2281 554 2480 616 λαϐὼν,
2517 555 2573 604 ἒν
2606 553 2909 624 ὁμοιώματι
2938 551 3243 622 ἀνθρώπων
3268 548 3582 616 γενόμενος,
3613 542 3708 595 καὶ
3736 553 3858 610 σχη-

2283 665 2413 718 ματι
2451 644 2692 714 εὑρεθεὶς
2730 643 2804 705 ὼς
2832 643 3136 715 ἄνθρωπος.
3203 637 3600 694 Ἐταπεὶνωσεν
3651 635 3855 692 ἑαυτὸν,

2282 737 2572 805 γενόμενος
2603 737 2840 804 ὑπήκοος
2876 734 3036 804 μέχρι
3066 733 3326 793 Θανάτου,
3357 728 3592 782 θανάτου
3618 727 3677 778 δὲ
3707 743 3858 776 σταν-

2287 828 2403 901 ροῦο
2437 830 2516 882 διὸ
2547 830 2640 881 καὶ
2667 830 2694 880 ὁ
2729 827 2860 890 Θεὸς
2885 827 3048 879 αὐτὸν
3082 827 3182 878 ὑπε
3195 824 3433 893 ρύψωσε,
3458 821 3554 871 καὶ
3578 817 3858 887 ἐχαρίσατο

2286 920 2433 988 αὑτῷ
2464 920 2632 989 ὸνομα
2666 918 2726 970 τὸ
2755 917 2894 985 ὑπὲρ
2937 918 3042 969 πᾶν
3075 915 3265 982 ὄνομα,
3318 912 3404 964 ἵνα.
3434 912 3489 962 ἐν
3534 907 3614 978 τῷ
3649 908 3858 974 ὀνόματι

2299 1012 2473 1082 Ἰησοῦ
2522 1009 2760 1082 Χριστοῦ
2815 1011 2920 1062 πᾶν
2953 1008 3081 1074 γόνυ
3127 1007 3320 1076 κάμψῃ
3359 1002 3726 1072 ἐπουρανίων,
3755 1003 3857 1051 ἐπε-

2285 1104 2448 1172 γείων
2482 1104 2575 1156 καὶ
2634 1101 3025 1172 καταχοονίων,
3061 1103 3153 1154 καὶ
3191 1103 3338 1152 πάσα
3368 1097 3592 1164 γλῶσσα
3619 1094 3856 1162 ἐξομολο-

2285 1197 2542 1266 γήσηται,
2573 1195 2654 1248 ὅτι
2686 1196 2884 1266 Κύριος
2919 1193 3125 1262 Ἰησοῦς
3156 1193 3392 1262 Χριστὸς
3421 1193 3500 1252 εἰς
3529 1189 3693 1252 δόξαν
3737 1186 3858 1239 Θεοῦ

2287 1288 2518 1356 Πατρός.
2557 1307 2575 1339 ι
2614 1287 2748 1340 Τίνα
2788 1287 2894 1358 γάρ
2927 1282 3066 1338 εἶναι
3114 1285 3218 1353 φὴς
3278 1285 3368 1337 τὸν
3411 1282 3732 1352 ὑπάρχοντα
3777 1279 3859 1348 μὲν

2285 1381 2344 1431 ἐν
2377 1381 2556 1450 μορφῇ
2589 1377 2683 1431 τοῦ
2728 1377 2864 1430 Θεοῦ
2899 1379 2995 1430 καὶ
3038 1377 3271 1446 Πατρὸς,
3305 1371 3423 1427 εἶτα
3461 1375 3648 1443 μένειν
3678 1372 3793 1436 ἐξὸν
3816 1374 3862 1421 ἐν

2292 1477 2496 1545 ἰσότητι
2536 1474 2669 1545 πρὸς
2713 1474 2896 1539 αὐτὸν,
2947 1474 3045 1542 οὐχ
3094 1471 3386 1542 ἁρπαγμὸν
3418 1468 3773 1539 ἡγησάμενον
3812 1464 3865 1517 τὸ

2288 1566 2563 1637 ὑπερφυὲς
2591 1565 2735 1618 οὕτω
2757 1566 2852 1618 xa‘t
2881 1564 3184 1631 Θεοπρεπὲς
3206 1561 3441 1631 ἀξίωμα,
3475 1561 3571 1616 καὶ
3600 1558 3703 1628 τὴν
3739 1555 3868 1608 κατὰ

2289 1661 2508 1714 πάντων
2551 1660 2848 1729 ὑπεροχήν·
2881 1658 3000 1727 οὐχὶ
3025 1656 3117 1709 τὸν
3148 1657 3206 1721 ἐξ
3233 1653 3397 1707 αὑτοῦ
3425 1651 3714 1720 πεφηνότα
3745 1648 3868 1700 Θεὸν

604 1744 887 1799 Patre?At
917 1745 1187 1812 quomodo
1220 1757 1326 1797 non
1355 1742 1607 1798 omnibus
1645 1742 1930 1797 manifesta
1961 1743 2074 1798 haec
2101 1759 2182 1798 res

2289 1751 2496 1820 Λόγον;
2549 1745 2685 1803 Εἶτα
2729 1751 2846 1812 πῶς
2894 1750 2992 1820 οὐχ
3048 1748 3252 1802 ἅπασιν
3302 1743 3538 1815 ἐναργὲς
3585 1742 3651 1794 τὸ
3691 1741 3872 1812 χρῆμά

601 1837 712 1892 sit?
743 1838 1009 1892 Cteterutn
1047 1836 1187 1890 idem
1227 1835 1280 1889 itt
1317 1834 1490 1889 forma
1513 1833 1692 1889 Patris
1720 1836 2009 1900 exsistens,
2028 1835 2187 1904 eique

605 1931 850 1999 aqualis,
879 1929 1052 1984 forma
1097 1928 1240 1983 servi
1283 1928 1537 1996 acceptaf,
1585 1942 1690 1980 non
1729 1928 2024 1983 secundum
2057 1931 2184 1982 stri-

592 2035 743 2076 uam
772 2022 1010 2090 aliquam
1041 2018 1504 2088 coniunctionem,
1545 2020 1598 2073 in
1641 2019 2053 2074 similitudinem
2087 2020 2187 2073 Ito-

603 2116 804 2168 tuinum
832 2111 1038 2178 (actus,
1065 2122 1228 2182 atque
1252 2111 1436 2165 habitu
1472 2111 1722 2166 inventus
1753 2119 1812 2165 ut
1843 2111 2003 2166 homo
2037 2111 2188 2182 (erat

603 2206 742 2259 enim
776 2205 936 2260 simul
985 2205 1151 2260 etiam
1211 2203 1406 2274 Deus),
1432 2203 1736 2258 humiliavit
1791 2205 2185 2274 semetipsum;

603 2297 778 2350 factus
814 2304 995 2350 autem
1029 2295 1287 2351 obediens
1331 2309 1503 2365 usque
1537 2295 1605 2350 ad
1651 2306 1882 2352 mortem
1905 2335 1921 2362 ,
1957 2305 2186 2352 mortem

601 2398 783 2443 autent
809 2388 1012 2443 crucis.

675 2498 845 2570 770
873 2498 939 2552 Β..
979 2501 1048 2552 At
1071 2499 1274 2554 dictum
1302 2508 1407 2566 est,
1452 2499 1738 2570 inquiunt,
1775 2501 1842 2556 de
1877 2501 2004 2565 illo,
2047 2501 2186 2568 quod

605 2595 754 2650 dedit
788 2594 861 2647 illi
900 2593 1043 2648 Deus
1075 2609 1271 2648 nomen
1290 2593 1440 2664 quod
1465 2604 1548 2648 est
1585 2608 1931 2661 superomne
1970 2609 2188 2657 nmnen,

602 2695 664 2739 ut
695 2685 750 2738 in
783 2683 1004 2737 nomine
1043 2681 1170 2738 Jesu
1203 2698 1364 2738 omne
1413 2699 1552 2752 genu
1601 2681 1872 2737 ﬂectatur.
1916 2683 2015 2737 llic
2061 2699 2189 2738 vero

605 2789 727 2828 cum
749 2784 896 2828 esset
919 2771 1178 2839 Verbum,
1207 2789 1272 2829 ac
1305 2775 1528 2844 proinde
1555 2776 1718 2844 Deus,
1748 2790 1854 2845 quo
1885 2785 2042 2844 pacto
2070 2789 2191 2830 ceu-

607 2864 716 2919 seri
759 2873 942 2934 potest
981 2865 1299 2934 accepisse?
1343 2864 1720 2921 Necessarium
1777 2866 1941 2936 igitur
1997 2878 2081 2920 est
2133 2875 2190 2919 ut

606 2957 786 3027 potius
809 2959 1012 3013 homini
1044 2969 1319 3029 assumpto
1343 2976 1545 3015 nomen
1571 2960 1711 3030 quod
1733 2969 1816 3015 est
1843 2974 2006 3029 super
2028 2973 2188 3014 omne

597 3065 800 3107 nomen
846 3050 1032 3105 datum
1079 3052 1472 3123 intelligamus,
1506 3067 1577 3108 ne
1614 3054 1744 3123 quid
1785 3053 1853 3108 de
1897 3052 2187 3123 Unigenito

595 3147 844 3218 cogitare
875 3147 1160 3202 videamur
1190 3147 1334 3218 quod
1365 3148 1432 3202 ab
1459 3162 1530 3202 eo
1551 3147 1625 3202 sit
1649 3147 1904 3202 alienum.

677 3263 743 3315 A.
785 3259 897 3315 lmo
927 3275 1055 3316 vero
1081 3259 1346 3328 quomodo
1372 3273 1476 3314 non
1508 3257 1578 3313 sit
1601 3257 1770 3312 multo
1799 3258 1972 3313 satius
2003 3257 2190 3312 dicere

595 3359 786 3413 datum
812 3355 866 3409 id
892 3369 1012 3409 esse
1036 3369 1064 3407 a
1097 3351 1260 3407 Patre
1287 3351 1519 3406 naturali
1567 3349 1704 3406 Filio
1732 3361 1949 3422 prepter
1981 3365 2076 3405 nos
2110 3351 2193 3404 iu-

603 3458 852 3512 earnato,
901 3454 960 3500 ut
1011 3445 1174 3500 etiam
1227 3445 1280 3498 in
1332 3445 1568 3499 humana
1621 3455 1816 3498 natura
1860 3443 2205 3515 intelligatur

600 3541 778 3605 Deus,
822 3547 877 3592 et
919 3537 972 3592 in
1017 3553 1228 3592 summa
1270 3537 1586 3592 celsitudine
1618 3539 1954 3594 constitutus
1995 3539 2085 3609 qui
2127 3553 2187 3592 se

602 3643 703 3699 pro
737 3628 893 3681 nobis
941 3628 1268 3689 humiliavit,
1310 3643 1378 3680 ne
1417 3643 1586 3681 novus
1619 3629 1837 3696 quidatn
1887 3638 1938 3684 et
1994 3645 2185 3683 recens

599 3720 745 3776 Deus
779 3718 984 3788 angelis
1014 3727 1176 3787 atque
1213 3718 1526 3772 hominibus
1565 3730 1925 3786 proponatur,
1957 3722 2042 3773 cui
2073 3721 2186 3774 dei-

600 3811 733 3866 tatis
761 3809 928 3880 gloria
957 3807 1328 3865 esseutialiter
1372 3823 1478 3863 non
1517 3809 1677 3873 insit,
1713 3810 1806 3863 sed
1849 3812 2185 3865 extrinsecus

606 3902 917 3968 advenerit,
960 3909 1214 3970 tanquam
1261 3899 1374 3955 sola
1419 3899 1694 3954 voluntate
1733 3898 1827 3954 Dei
1864 3915 1928 3954 ac
1978 3899 2181 3956 Patris.

600 3993 706 4064 ipsi
735 3997 917 4063 itaque
947 3993 1128 4048 Verbo
1171 4007 1235 4046 ex
1284 3990 1393 4046 Deo
1431 3991 1592 4047 Patre
1631 3995 1811 4060 genito
1841 3995 2026 4048 datum
2065 4008 2187 4048 esse

603 4087 834 4140 dicimus
863 4097 1057 4139 nomen
1083 4082 1230 4154 quod
1250 4091 1334 4138 est
1369 4096 1534 4152 super
1559 4097 1723 4139 omne
1749 4098 1966 4139 nomen.

668 4279 730 4334 B.
772 4278 1027 4334 Omnino.

673 4393 740 4445 A.
783 4392 968 4461 Neque
1011 4409 1138 4448 vero
1183 4408 1366 4448 sermo
1410 4404 1599 4450 noster
1643 4409 1673 4448 ο
1717 4409 1878 4465 scopo
1930 4399 2180 4463 aberrat,

597 4484 870 4554 siquidem
908 4499 1095 4539 verum
1135 4496 1248 4550 est,
1289 4487 1432 4555 quod
1467 4501 1571 4542 non
1608 4487 1848 4557 rapinam
1889 4489 2182 4544 arbitratus

596 4587 687 4632 est
732 4593 789 4632 se
829 4593 949 4632 esse
993 4578 1257 4646 aequalem
1302 4578 1456 4633 Deo:
1505 4580 1784 4635 descendit
1841 4595 1968 4636 vero
2009 4584 2074 4635 ad
2125 4581 2176 4635 id

595 4671 746 4741 quod
777 4684 878 4722 non
911 4679 992 4723 est
1022 4669 1339 4740 gloriosum,
1380 4683 1648 4740 quatenus
1687 4674 1858 4727 lactus
1884 4682 1968 4726 est
1997 4673 2183 4728 homo.

596 4763 806 4816 Idcirco
834 4762 998 4816 etiam
1028 4762 1208 4816 dixit:
1245 4780 1264 4813 ι
1301 4762 1459 4818 Pater
1503 4764 1675 4834 major
1711 4779 1797 4818 me
1845 4766 2016 4831 est”,
2047 4785 2066 4818 ι
2103 4775 2182 4819 ta—

599 4855 756 4910 metsi
785 4869 1000 4925 semper
1042 4855 1095 4908 in
1129 4853 1219 4908 illo
1253 4855 1357 4919 sit,
1387 4864 1654 4924 quatenus
1695 4866 1778 4912 est
1811 4857 1982 4922 Deus,
2012 4868 2068 4913 et
2112 4873 2180 4914 ex

600 4947 718 5016 ipso
753 4946 966 5016 genitus
988 4945 1285 5000 secundum
1335 4957 1582 5002 naturam
1603 4989 1616 5014 ,
1649 4949 2015 5005 omnimodam
2055 4966 2180 5005 cum

601 5040 718 5107 ipso
757 5037 1158 5091 similitudinem
1204 5038 1440 5105 habens,
1483 5048 1538 5093 et
1597 5039 1813 5095 deitatis
1845 5040 2014 5110 gloria
2054 5043 2178 5097 illu-

598 5131 746 5184 stris.
766 5125 1020 5197 Oportuit
1057 5129 1240 5198 itaque
1279 5145 1402 5186 eum
1448 5131 1540 5200 qui
1578 5137 1798 5202 propter
1832 5146 1933 5188 nos
1962 5134 2028 5188 ad
2075 5134 2169 5188 hu-

599 5235 771 5274 manae
795 5229 1000 5273 natura:
1039 5219 1376 5276 conditiones
1417 5237 1475 5276 se
1510 5222 1766 5288 demisit,
1803 5226 2031 5280 naturali
2077 5241 2180 5282 suo

600 5309 886 5376 splendore
936 5319 1100 5379 atque
1149 5311 1468 5366 excellentia
1522 5328 1863 5384 nequaquam
1913 5316 2174 5372 destitui:

599 5403 693 5453 sed
725 5401 1059 5455 exinanitum
1093 5407 1374 5474 nostrique
1408 5405 1643 5460 similem
1673 5406 1873 5462 factum
1896 5449 1911 5472 ,
1944 5409 2178 5478 plenitu-

598 5493 779 5546 dinem
811 5491 1035 5548 Deitatis
1079 5494 1314 5561 habere,
1364 5505 1418 5551 et
1455 5497 1507 5550 in
1546 5496 1856 5554 humilitate
1896 5500 2173 5558 celsitudi-

673 5672 714 5702 "
755 5673 982 5732 Philipp.
1015 5689 1074 5736 ll,
1107 5673 1263 5730 5-H.
1343 5676 1386 5707 ³³
1422 5673 1581 5732 Joan.
1630 5692 1683 5737 ι,
1717 5676 1804 5731 28.

2290 1846 2476 1911 ὲστιν;
2522 1842 2661 1896 Ἀλλ’
2704 1837 2856 1904 οὗτος
2888 1841 3050 1902 αὐτὸς
3081 1842 3138 1892 ἐν
3177 1840 3357 1910 μορφῇ
3395 1836 3488 1889 καὶ
3525 1835 3742 1903 ἰσότητι
3781 1832 3869 1885 τοῦ

2291 1935 2523 2007 Πατρὸς,
2578 1935 2790 2006 μορφὴν
2825 1933 3011 1986 δούλου
3045 1930 3249 1992 λαϐὼν,
3298 1930 3360 1982 οὐ
3397 1927 3544 1982 κατὰ
3580 1927 3870 1996 συνάφειαν

2292 2029 2567 2099 σχετικὴν,
2612 2031 2668 2081 ἐν
2717 2027 3021 2096 ὁμοιώματι
3067 2023 3374 2095 ἀνθρώπων
3417 2022 3745 2091 γενόμενος,
3786 2021 3870 2071 καὶ

2291 2125 2528 2192 σχήματι
2558 2120 2800 2190 εὑρεθεὶς
2833 2121 2906 2180 ὡς
2934 2117 3216 2188 ἄνθρωπος
3248 2113 3335 2188 (ἦν
3368 2113 3478 2185 γὰρ
3513 2112 3662 2183 μετὰ
3689 2112 3869 2165 τούτου

2289 2216 2383 2269 καὶ
2413 2214 2590 2284 Θεὸς),
2620 2212 2978 2266 ἐταπείνωσεν
3026 2210 3237 2271 ἑαυτὸν,
3277 2211 3471 2276 γέγονε
3527 2208 3586 2259 δὲ
3640 2207 3868 2275 ὑπήκπς

2292 2309 2455 2379 μέχρι
2481 2307 2735 2370 θανάτου,
2767 2305 2996 2359 θανάτου
3023 2302 3082 2355 δὲ
3115 2300 3371 2372 σταυροῦ.

2361 2510 2418 2561 Β.
2458 2507 2594 2560 mw
2623 2505 2862 2576 εἴρηται,
2899 2504 3051 2570 φασὶ,
3095 2500 3225 2570 περὶ
3256 2497 3445 2560 αὑτοῦ,
3473 2499 3557 2550 Em
3591 2499 3869 2568 ἐχαρξσατο

2289 2597 2437 2669 αὐτῷ
2481 2601 2508 2650 ὁ
2545 2597 2676 2658 Θεὸς
2724 2597 2894 2664 ὄνομα
2939 2593 3002 2646 τὸ
3045 2593 3184 2662 ὑπὲρ
3220 2592 3326 2644 πᾶν
3355 2590 3551 2657 ὄνομα,
3586 2589 3676 2641 ἵνα
3726 2592 3779 2640 ἐν
3803 2586 3871 2654 τῷ

2288 2690 2512 2758 ὀνόματι
2551 2684 2726 2756 Ἰησοῦ
2755 2687 2862 2738 πᾶν
2891 2684 3021 2752 γόνυ
3049 2681 3261 2752 κάμψῃ.
3323 2682 3390 2732 Ὀ
3419 2679 3478 2731 δὲ
3513 2675 3587 2751 ἦν
3613 2682 3640 2730 ό
3689 2679 3872 2746 Αόγολ

2287 2779 2443 2852 δῆλον
2469 2778 2524 2832 δὲ
2555 2779 2639 2831 ὅτι
2671 2775 2825 2839 Θεὸς,
2859 2774 2972 2838 πῶς
3003 2773 3066 2827 ἂν
3101 2777 3270 2826 νοοῖτο
3321 2771 3543 2835 λαϐὡνς
3593 2773 3753 2823 Ἐστι
3777 2772 3876 2821 τοί-

2290 2890 2383 2928 νυν
2407 2872 2722 2938 ἀναγκαῖον,
2755 2866 2834 2938 τῷ
2861 2865 3223 2936 ἀναληφθέντι
3257 2865 3455 2935 μᾶλλον
3483 2862 3767 2932 ἀνθρώπῳ
3800 2861 3876 2912 δε-

2287 2962 2660 3030 δόσθαιλέγειν
2684 2959 2745 3011 τὸ
2765 2959 2906 3028 ὑπὲρ
2929 2959 3036 3010 πᾶν
3062 2957 3250 3026 ὄνομα,
3277 2956 3361 3008 ἵνα
3387 2958 3461 3025 μή
3483 2972 3536 3006 τι
3565 2956 3679 3007 τῶν
3701 2956 3878 3007 ἀπεοι-

2288 3057 2460 3110 κότων
2489 3053 2811 3126 φρονοῦντες
2837 3049 3190 3121 άλισκώμεθα
3224 3048 3352 3120 περὶ
3378 3047 3474 3100 τοῦ
3511 3047 3879 3116 Μονογενοῦς.

2356 3253 2419 3307 Α.
2462 3248 2593 3306 Εἶτα
2640 3249 2756 3313 πῶς
2797 3249 2895 3302 οὐκ
2931 3247 3152 3317 ἄμεινον
3184 3246 3561 3317 ἀσυγκρίτως,
3602 3245 3885 3318 ὲνανθρω·

2286 3343 2523 3414 πήσαντι
2548 3341 2614 3393 δι’
2637 3342 2783 3412 ἡμᾶς
2808 3337 2884 3409 τῷ
2907 3337 3046 3391 κατὰ
3072 3337 3233 3407 φύσιν
3257 3337 3390 3408 Υἱῷ,
3418 3336 3672 3391 δεδόσθαι
3705 3338 3890 3407 λέγειν

2285 3434 2436 3505 αὐτῷ
2453 3453 2525 3486 πα
2532 3433 2602 3506 ρὰ
2617 3432 2708 3485 τοῦ
2724 3433 2834 3485 Πατ
2845 3431 2952 3503 ρὸς,
2970 3431 3057 3485 ἵνα
3077 3431 3166 3485 καὶ
3189 3432 3244 3484 ὲν
3266 3429 3361 3485 ἀνθ
3367 3430 3654 3502 ρωπότητι
3695 3432 3893 3501 νοῆται

2286 3529 2438 3591 Θεὸς,
2469 3527 2562 3580 καὶ
2611 3527 2670 3577 ἐν
2696 3525 3024 3596 ὑπερτάταις
3049 3522 3357 3594 ὑψώμασιν,
3394 3525 3421 3576 ό
3456 3523 3559 3594 τὴν
3584 3523 3720 3576 καθ’
3746 3525 3892 3594 ἡμᾶς

2268 3607 2613 3674 ταπείνωσιν
2651 3615 2905 3682 ἀνατλὰς,
2945 3615 3136 3685 ἵναμὴ
3163 3615 3281 3678 νέος
3311 3616 3406 3667 καὶ
3437 3605 3767 3687 άρτιφανὴς
3795 3619 3890 3684 ἀγ-

2290 3713 2467 3780 γέλοις
2496 3729 2555 3764 τε
2584 3710 2677 3763 καὶ
2708 3708 3015 3781 ἀνθρώποις
3055 3705 3434 3779 εἰσκομιζηται
3463 3708 3619 3772 Θεὸς,
3649 3709 3767 3781 τὴν
3799 3711 3886 3779 τῆς

2293 3802 2544 3872 θεότητος
2574 3800 2751 3865 δόξαν,
2791 3801 2891 3853 οὑκ
2940 3798 3212 3861 οὐσιωδῶς
3263 3797 3694 3870 ἐνυπάρχουσαν
3729 3801 3886 3871 ἔχων,

2291 3894 2403 3948 ἀλλ’
2440 3892 2639 3958 ἔξωθεν
2672 3892 3112 3964 εἰσκεκριμὲνην,
3157 3892 3251 3944 καί
3281 3890 3356 3955 ὡς
3385 3893 3443 3945 ὲν
3488 3892 3638 3966 μόνῃ
3666 3894 3890 3962 θελήσει

2287 3985 2382 4038 τοῦ
2408 3985 2542 4038 Θεοῦ
2582 3988 2673 4038 καὶ
2702 3984 2934 4054 Πατρός.
2967 3981 3124 4053 Αὐτῷ
3152 3981 3216 4053 δὴ
3257 3977 3352 4035 οὖν
3380 3982 3490 4052 ἄρα
3527 3984 3615 4055 τῷ
3645 3985 3717 4038 ἐκ
3759 3983 3890 4037 Θεοῦ

2284 4079 2502 4150 Πατρὸς
2553 4078 2711 4146 φύντι
2749 4078 2909 4148 Λόγῳ
2960 4076 3205 4130 δεδόσθαι
3253 4075 3431 4146 φαμὲν
3483 4076 3546 4129 τὸ
3596 4078 3791 4148 (“qua
3833 4079 3890 4130 τὸ

2286 4173 2315 4224 ὑ
2329 4172 2426 4242 πὲρ
2453 4173 2560 4226 πᾶν
2587 4171 2776 4240 ὄνομα.

2209 4295 2257 4348 ί)
2357 4288 2416 4339 Β.
2462 4286 2608 4339 Πάνυ
2643 4286 2740 4358 μὲν
2769 4280 2885 4339 οὖν.

2359 4402 2425 4456 Δ.
2469 4397 2590 4455 Εἷσι
2617 4401 2672 4454 δὲ
2701 4403 2830 4472 ἡμῖν
2874 4401 2903 4453 ὁ
2941 4399 3096 4468 λόγος
3136 4400 3236 4477 οῦκ
3299 4400 3406 4452 ἀπὸ
3438 4400 3680 4462 σκοποῦ,
3727 4405 3908 4476 εἰπερ

2289 4493 2435 4545 ἐστὶν
2460 4495 2519 4546 οὺ
2549 4494 3006 4564 κατεψευσμένον,
3043 4493 3118 4555 ὼς
3163 4494 3260 4563 οὐχ
3292 4493 3593 4564 ἁρπαγμὸν
3633 4498 3903 4567 ἡγήσατο

2288 4585 2346 4638 τὸ
2375 4582 2513 4638 εἶναι
2550 4585 2640 4638 ἴσα
2667 4585 2806 4654 Θεῷ,
2839 4586 3280 4656 καταπεφοίτηκε
3318 4584 3376 4638 δέ
3421 4602 3540 4648 πως
3581 4589 3684 4640 ἐπὶ
3719 4590 3793 4642 τὸ
3829 4591 3904 4658 μὴ

2285 4676 2345 4730 ὸν
2373 4679 2430 4730 ἐν
2455 4677 2602 4747 δόξῃ,
2648 4677 2791 4730 καθά
2824 4677 3062 4749 πέφηνεν
3101 4677 3406 4747 ἄνθρωπος.
3453 4677 3776 4749 Τοιγάρτοι
3813 4686 3906 4734 καὶ

2287 4769 2558 4837 ἔφασκεν·
2610 4787 2632 4820 ς
2691 4768 2748 4821 ’0
2784 4769 2973 4840 Πατὴρ
3026 4768 3228 4838 μείζων
3263 4767 3362 4838 μού
3415 4770 3564 4822 ἐστι·
3627 4791 3648 4822 ι
3703 4775 3905 4826 κάεται

2290 4863 2451 4932 μετὸν
2491 4861 2640 4932 αὐτῷ
2682 4861 2777 4916 καὶ
2805 4856 3164 4934 ἐνυπάρχοντι
3194 4860 3281 4914 ἀεὶ
3331 4860 3464 4915 καθὸ
3499 4866 3748 4929 νοεῖται,
3809 4869 3905 4919 καὶ

2287 4954 2402 5008 ἐστι
2432 4953 2585 5019 Θεὸς,
2615 4953 2710 5008 καὶ
2755 4952 2814 5018 ἐξ
2855 4953 3019 5006 αὑτοῦ
3049 4953 3372 5022 γεγέννηται
3403 4954 3548 5006 κατὰ
3590 4957 3800 5025 φύσιν,
3840 4960 3904 5011 τὸ

2285 5046 2718 5117 ἀπαραλλάκτως
2770 5044 2913 5115 ἔχειν
2957 5045 3092 5115 πρὸς
3125 5047 3235 5098 πᾶν
3281 5045 3482 5111 ὁτιοῦν,
3533 5048 3636 5100 καὶ
3671 5053 3749 5120 τῇ
3796 5052 3902 5119 τῆς

2284 5137 2536 5208 θεότητος
2577 5137 2967 5208 ὲναὸρύνεσθαι
2992 5138 3294 5211 δόξῃ.Ἔδει
3324 5137 3390 5208 δὴ
3413 5133 3528 5200 οὖν,
3569 5140 3671 5192 τὸν
3699 5159 3898 5194 κατα-

2282 5232 2618 5301 φοιτήσαντα
2647 5230 2712 5282 δι’
2743 5231 2890 5300 ἡμᾶς
2935 5232 3016 5294 εὶς
3057 5231 3117 5283 τὸ
3155 5231 3254 5301 τῆς
3300 5230 3740 5302 ἀνθρωπότητος
3784 5233 3898 5300 μὲ-

2279 5339 2428 5392 τρον,
2488 5322 2588 5375 οὐκ
2637 5323 2997 5394 ἁπολισθῆσαι
3049 5323 3226 5376 δοκεῖν
3275 5322 3375 5391 τῆς
3429 5323 3665 5392 ἐνούσης
3717 5324 3898 5392 αὐτῷ

2280 5414 2420 5468 κατά
2449 5413 2612 5482 φύσιν
2640 5413 3020 5486 λαμπρότητος
3062 5416 3156 5469 καὶ
3201 5413 3495 5485 ὑπεροχῆς,
3533 5414 3654 5467 ἀλλ’
3680 5417 3746 5467 ἐν
3787 5430 3894 5466 κε-

2278 5511 2438 5561 νώσει
2467 5506 2531 5576 τῇ
2578 5505 2698 5560 καθ’
2739 5507 2884 5576 ἡμᾶς
2921 5506 2979 5560 τὸ
3027 5506 3232 5577 πλῆρες
3270 5505 3459 5579 ἔχοντα
3489 5505 3706 5568 ϐεῐκῶς,
3776 5509 3890 5556 καὶ
