4078 6264
271 257 404 317 1540

1398 249 1584 318 QUOD
1629 247 1813 305 UNUS
1853 247 1961 305 SIT
2001 248 2367 309 CHRISTUS.

3405 258 3546 318 1.330

270 382 325 433 ἐν
369 371 690 430 ταπεινώσει
736 371 796 424 τὸ
835 371 1058 441 ὑψηλὸν,
1103 371 1194 424 καὶ
1238 371 1298 424 τὸ
1347 370 1506 440 φύσει
1557 368 1760 442 προσὸν
1787 365 1860 430 ὡς

1983 385 2111 438 iem,
2144 380 2198 426 et
2227 371 2278 426 id
2316 369 2460 442 quod
2504 383 2697 427 natura
2733 372 2832 444 ipsi
2879 373 3020 428 inest
3066 373 3222 444 quasi
3266 388 3547 445 acceptum

270 469 412 524 60th
443 465 528 520 διὰ
569 465 632 517 τὸ
662 463 1006 534 ἀνθρώπινον
1037 463 1462 534 προσκυνεῖσθαι
1501 463 1640 532 πρὸς
1685 457 1857 513 ἁπάν-

269 578 392 615 των.
435 557 697 627 Κάμπτει
747 553 860 624 γὰρ
896 553 1046 622 αὐτῷ
1083 557 1190 607 πᾶν
1237 555 1368 624 γόνυ
1413 555 1523 608 τῶν
1566 570 1625 606 τε
1673 553 1729 604 ἐν
1766 547 1854 602 ού-

270 654 470 724 ρανοῖς,
505 649 600 702 καὶ
639 646 732 700 ἐπὶ
745 646 890 714 Ὓῆς,
925 645 1022 697 καὶ
1069 646 1177 698 πᾶν
1210 646 1398 714 τάγμα
1425 645 1716 713 δοξολογεῖ.
1743 645 1860 698 Κύ-

272 759 382 812 ριος
413 741 524 810 γὰρ
553 735 694 791 εἶναι
726 735 1047 789 πιστεύεται
1088 737 1324 808 Χριστὸς
1363 736 1574 806 Ἰησοῦς
1601 738 1682 801 εἰς
1703 737 1860 802 δόξαν

271 834 400 888 Θεοῦ
432 831 667 902 Πατρός.
713 831 825 884 Καὶ
850 829 982 898 γοῦν
1029 828 1132 899 ἐφη
1165 831 1299 901 πρὸς
1322 830 1414 884 τὸν
1439 831 1496 883 ἐν
1535 833 1648 894 τοῖς
1693 829 1862 900 ούρα-

272 931 378 992 νοῖς
409 927 632 996 Πατέρα
661 925 755 978 καὶ
792 923 946 978 Θεόν·
986 942 1004 974 ι
1042 923 1246 992 Πάτερ,
1295 921 1518 986 δόξασόν
1547 939 1616 992 με
1639 925 1706 994 τῇ
1731 923 1858 994 δόξῃ

273 1016 306 1094 ᾖ
333 1017 501 1092 εἶχον,
533 1019 640 1088 πρὸ
663 1017 758 1070 τοῦ
791 1015 882 1068 τὸν
909 1015 1113 1086 κόσμον
1148 1011 1307 1080 εἶναι,
1343 1015 1496 1088 παρὰ
1530 1016 1632 1070 σοι.
1671 1035 1688 1066 ι
1731 1010 1860 1088 ’Ἆρ’

269 1111 384 1178 οὖν,
429 1113 548 1166 εἰπέ
583 1127 695 1181 μοι,
729 1108 1066 1180 προκόσμιος
1099 1102 1166 1178 ἦν
1211 1109 1238 1161 6
1269 1106 1578 1177 ἄνθρωπος,
1612 1105 1864 1188 ὃνὶὰνει-

275 1205 475 1276 λῆφθαξ
514 1219 650 1273 φασι
681 1199 832 1270 παρὰ
875 1198 971 1251 τοῦ
1003 1197 1342 1266 Μονογενοῦς
1375 1197 1518 1250 κατὰ
1565 1197 1862 1267 συνάφειαν

278 1299 531 1371 σχετικὴν
551 1315 568 1358 ;

349 1393 408 1446 Β.
447 1390 732 1461 Οὐδαμῶς.

346 1487 409 1540 Δ.
452 1485 550 1549 Τίς
577 1479 670 1538 οὖν
712 1483 822 1554 ἄρα
853 1483 1002 1536 ἐστὶν
1047 1482 1076 1534 6
1123 1479 1278 1546 δόξαν
1308 1479 1496 1543 αἰτῶν,
1527 1480 1594 1552 ἢν
1623 1481 1716 1534 καὶ
1755 1482 1861 1552 πρὸ

275 1577 444 1647 αὐτῆς
484 1576 582 1645 τῆς
609 1571 703 1629 τοῦ
732 1575 941 1644 κόσμου
985 1573 1290 1644 καταϐολῆς
1324 1572 1652 1644 ἐνυπάρχειν
1682 1573 1862 1644 ἐαυτῷ

278 1685 465 1740 φησιν,
498 1666 587 1719 ἀεὶ
631 1666 726 1718 καὶ
776 1664 863 1717 διὰ
909 1663 1112 1727 παντὸς
1143 1662 1258 1716 ὄντι
1297 1663 1450 1734 παρὰ
1477 1662 1632 1734 Θεῷ;
1679 1664 1793 1734 Ούχ
1836 1665 1864 1718 6

1963 464 2250 518 habentem
2271 473 2490 535 propter
2515 465 2932 530 humanitatem,
2955 465 3021 522 ab
3035 465 3288 522 omnibus
3309 469 3546 524 adorari.

1964 553 2214 610 Flectunt
2242 557 2385 612 enim
2414 557 2462 611 ei
2487 573 2625 628 genu
2648 558 2830 614 omnia
2861 559 3126 626 cmlestia,
3155 569 3210 616 et
3248 563 3582 626 terrestria,,

1962 655 2016 701 ct
2045 647 2222 704 omnis
2251 651 2382 703 ordo
2405 648 2692 706 clariﬁcat.
2731 651 2988 708 Dominus
3027 652 3169 706 enim
3205 667 3330 708 esse
3371 654 3550 706 credi-

1965 745 2058 792 tur
2087 739 2342 794 Christus
2385 738 2539 795 Jesus
2579 741 2630 796 in
2679 742 2906 813 gloriam
2941 742 3032 798 Dei
3068 744 3286 800 Patris:
3328 743 3459 814 quin
3500 754 3548 798 et

1967 828 2078 897 ipse
2110 830 2176 884 ad
2209 827 2422 886 Patrem
2451 845 2518 886 ac
2546 829 2716 886 Deum
2749 834 3024 889 caelestem
3052 835 3124 888 ita
3157 835 3370 906 inquit:
3403 853 3424 888 ι
3450 833 3551 891 Pa-
3637 877 3644 882 .

1967 928 2068 985 ter,
2095 919 2335 990 gloriﬁca
2378 935 2464 978 me
2507 937 2570 978 ea
2601 923 2775 993 gloria
2813 939 2978 994 quam
3024 926 3214 994 habui,
3257 935 3546 997 antequam

1967 1014 2196 1067 mundus
2226 1021 2394 1076 esset,
2448 1016 2587 1084 apud
2625 1025 2678 1071 te
2711 1016 2776 1070 ⁸⁸.
2813 1035 2832 1068 ι
2873 1016 2968 1072 Dic
3009 1033 3138 1074 vero
3180 1018 3310 1074 mihi
3343 1037 3358 1075 :
3391 1021 3554 1076 homo

1965 1103 2055 1158 ille
2084 1119 2244 1173 quem
2269 1105 2337 1161 ab
2375 1105 2662 1177 Unigenito
2705 1108 2912 1163 ratione
2951 1118 3114 1164 arcta:
3153 1110 3555 1180 coniunctionis

1965 1207 2300 1266 assumptum
2349 1211 2471 1254 esse
2514 1198 2729 1265 dicunt,
2765 1201 3044 1256 exstitltue
3103 1212 3229 1258 ante
3287 1205 3553 1259 constitu-

1969 1289 2168 1342 tionem
2197 1289 2418 1345 mundi?

2038 1379 2101 1436 B.
2175 1379 2551 1453 Nequaquam.

2039 1475 2107 1529 Δ.
2149 1475 2410 1544 Quisnam
2437 1479 2600 1552 igitur
2619 1489 2704 1537 est
2735 1479 2827 1550 qui
2854 1480 2988 1551 petit
3021 1494 3139 1536 eam
3165 1479 3418 1552 gloriam,
3439 1495 3550 1551 qua

1967 1583 2026 1623 se
2075 1577 2202 1624 ante
2257 1571 2534 1628 conditum
2593 1573 2856 1628 mundum
2913 1574 3200 1643 praeditum
3248 1573 3422 1630 fuisse
3452 1574 3555 1640 ait,

1969 1659 2128 1729 771
2165 1674 2501 1732 semperque
2543 1670 2599 1718 et
2640 1663 2708 1718 ab
2747 1673 2952 1718 aeterno
3003 1665 3142 1734 apud
3184 1665 3350 1719 Deum
3389 1666 3561 1721 exsti-

280 1725 552 1820 du'vai6t0;
592 1755 670 1827 τῷ
729 1755 908 1827 Πατρὶ
950 1725 1104 1819 Θεὸς
1129 1756 1300 1824 Λόγος
1326 1796 1339 1820 ,
1379 1725 1418 1808 '6
1465 1725 1858 1828 c6va0vdgnra

1982 1725 2140 1807 isse—ft
2177 1725 2368 1808 Non—ne
2409 1725 2749 1810 coaeternum
2785 1753 2932 1810 Patri
2983 1725 3256 1823 verbum,
3291 1771 3398 1811 una
3431 1772 3556 1812 cum

279 1853 376 1907 καὶ
420 1847 839 1921 συνυφεστηκὼς
884 1847 1054 1920 αὐτῷ,
1088 1849 1217 1919 περὶ
1251 1843 1312 1902 οὗ
1339 1865 1502 1919 φησιν
1529 1851 1558 1902 ὁ
1587 1848 1862 1918 πάνσοφος

279 1942 670 2014 εύαγγελιστὴς
703 1942 980 2014 Ἰωάννης.
1003 1961 1022 1995 ι
1043 1941 1105 1996 '0
1126 1941 1298 2008 Λόγος
1326 1936 1394 2012 ἦν
1431 1939 1566 2011 πρὸς
1594 1940 1683 1993 τὸν
1705 1939 1860 2005 Θεὸν,

279 2036 373 2089 καὶ
401 2035 532 2097 Θεὸς
557 2031 622 2106 ἧν
649 2037 676 2089 6
707 2035 914 2102 Λόγος;
953 2054 972 2087 ι

351 2127 410 2179 Β.
447 2126 571 2189 Πῶς
603 2126 712 2198 γὰρ
741 2125 832 2190 ob;

349 2218 413 2270 A.
447 2217 658 2288 Ὥσπερ
688 2213 780 2271 οὖν
807 2217 908 2286 τῆς
951 2216 1110 2288 δόξης
1145 2215 1352 2288 Κύριος
1384 2213 1478 2280 ὢν,
1513 2211 1628 2268 εἶτα
1675 2213 1864 2278 καθεὶς

279 2310 476 2362 ἐαυτὸν
502 2309 588 2361 διὰ
627 2308 794 2379 μέσου
829 2310 963 2380 πρὸς
986 2309 1048 2362 τὸ
1080 2307 1338 2371 δυσκλεὲς
1377 2308 1473 2378 τῆς
1505 2307 1692 2360 δούλου
1732 2324 1867 2378 μορ-

279 2403 416 2472 φῆς,
457 2402 557 2471 τῆς
613 2401 838 2472 ἐνούσης
878 2401 967 2455 ἀεὶ
1009 2401 1166 2472 δόξης
1221 2401 1400 2470 ἐαυτῷ
1446 2402 1545 2470 τὴν
1599 2399 1866 2469 ἀνάληψιν

281 2497 445 2558 αἰτεῖ,
468 2495 560 2548 καὶ
587 2493 748 2547 τοῦτο
772 2493 910 2565 δρῶν
926 2492 1020 2547 ἀνθ
1031 2491 1430 2566 ρωτιοπρειπῶς⁹
1461 2491 1604 2545 οὕτω
1625 2493 1719 2544 καὶ
1735 2491 1866 2556 Θεὸς

281 2586 552 2657 ὑπάρχων
581 2586 688 2650 ἀεὶ,
723 2585 858 2656 πρὸς
883 2585 982 2656 τὴν
1007 2585 1106 2655 τῆς
1140 2585 1276 2648 ἰδίας
1313 2584 1565 2655 Θεότητος
1592 2585 1868 2657 ὑπεροχήν

277 2693 340 2728 τε
378 2678 472 2727 καὶ
504 2675 662 2739 δόξαν
709 2678 771 2726 ἐκ
815 2674 924 2727 τῶν
957 2673 1080 2727 καθ’
1125 2675 1274 2745 ἡμᾶς
1315 2673 1532 2744 μέτρων
1582 2673 1866 2744 ἀναφοιτᾷ,

364 2767 444 2830 ὡς
466 2768 546 2820 ἐνί
576 2767 758 2820 λοιπὸν
779 2767 892 2838 Υἱῷ
919 2766 997 2837 τῷ
1023 2766 1164 2820 κατὰ
1189 2765 1454 2836 φύσινκαὶ
1477 2764 1734 2837 ἀληθινῷ,
1753 2766 1874 2819 καί·

269 2877 358 2913 τοι
397 2860 525 2913 καθ’
564 2860 712 2930 ἡμᾶς
745 2859 992 2928 γεγονότι
1035 2860 1129 2911 καὶ
1180 2858 1607 2930 σεσαρκωμένῳ,
1643 2858 1874 2929 κάμπτῃ

266 2956 388 3010 πᾶν
422 2955 576 3020 γόνυ,
615 2953 869 3023 καθάπερ
909 2951 1045 3023 ἔφην
1088 2953 1311 3022 ἀρτίως.
1345 2952 1516 3004 Ταυτὶ
1546 2951 1674 3022 γὰρ,
1696 2946 1871 3022 οἶμαι,

265 3045 614 3118 φρονοῦντες
643 3044 746 3097 ὼδέ
769 3061 827 3098 τε
855 3041 1227 3105 πιστεύοντες,
1269 3041 1631 3112 ἐγκλημάτων
1663 3041 1876 3114 ἀνορωο

257 3137 611 3207 πολα-τρὶας,
645 3135 874 3207 οὐρανόν
901 3152 960 3188 τε
985 3137 1076 3188 καὶ
1100 3135 1204 3204 γῆν
1231 3133 1638 3204 ἀπαλλάξομεν.
1673 3135 1883 3206 Γέγρα-

261 3247 409 3282 πται
450 3227 584 3298 γὰρ,
619 3229 699 3280 ὅτι
743 3245 760 3277 ι
799 3226 1004 3297 Κύριον
1035 3226 1125 3278 τὸν
1155 3225 1286 3278 Θεό-ι
1338 3241 1428 3277 σου
1461 3227 1881 3296 προσκυνήσεις,

259 3322 367 3375 καὶ
411 3318 571 3388 αὐτῷ
605 3319 752 3390 μόνῳ
777 3317 1119 3380 λατοεύσεις.
1167 3335 1184 3368 ι

343 3499 412 3552 Β.
451 3496 738 3550 Πλείστων
785 3496 852 3549 ἂν
886 3495 1058 3548 δέοιτο
1105 3495 1210 3549 τῶν
1251 3497 1712 3568 ἐπικουρημάτων
1741 3499 1769 3550 ὁ
1793 3499 1886 3552 ἐπὶ

252 3593 411 3662 τῷδε
449 3591 641 3658 λόγος.
689 3589 792 3642 Ἴοι
836 3587 900 3659 δὴ
923 3585 1016 3641 οὖν
1045 3590 1137 3642 καὶ
1166 3588 1232 3641 δι’
1278 3589 1479 3660 ἐτέρων
1509 3592 1642 3661 ἡμῖν
1667 3591 1886 3644 ἐννοιῶν

249 3686 516 3755 διασάφε
528 3701 545 3735 ι
571 3685 632 3735 τὸ
659 3683 982 3753 μυστήριον.

327 3779 404 3830 Α.
451 3773 678 3830 Οὐκοῦν
708 3768 824 3842 εἶμί
865 3789 969 3836 τοι,
1007 3772 1102 3826 καὶ
1143 3772 1288 3842 μάλα
1344 3771 1644 3844 προθύμως
1667 3789 1680 3802 ·
1718 3772 1886 3843 φαίην

241 3873 294 3926 δ’
323 3872 430 3935 ἂν,
461 3871 561 3922 ὅτι
589 3865 946 3936 ἡμαρτήκασι
971 3865 1260 3936 τάληθοῦς,
1291 3865 1365 3929 ὡς
1396 3865 1582 3936 ἕτερον
1616 3867 1746 3936 ἡμῖν
1769 3865 1884 3917 υἱὸν

235 3965 348 4018 τὸν
393 3965 474 4014 ἐκ
523 3957 844 4028 σπέρματος
875 3957 968 4010 τοῦ
995 3958 1161 4010 Δαϐὶδ
1187 3956 1667 4028 παραζευγνύντες
1692 3955 1770 4025 τῷ
1792 3955 1886 4022 φύ-

239 4073 342 4109 σει
383 4055 502 4108 καὶ
544 4049 781 4120 ἀληθῶς,
833 4048 992 4119 δῆλον
1022 4051 1078 4102 δὲ
1125 4051 1206 4102 ὅτι
1252 4047 1329 4118 τῷ
1360 4048 1676 4115 Μονογενεῖ,
1709 4047 1884 4099 καίτοι

234 4149 526 4220 βοῶντος
572 4141 756 4210 σαφῶς
801 4141 944 4212 ἱεροῦ
990 4142 1339 4212 Γράμματος·
1379 4158 1398 4192 ι
1447 4140 1504 4192 ’0
1549 4139 1765 4208 πρῶτος
1795 4136 1885 4190 ἄν·

233 4243 267 4296 Θ
277 4256 509 4313 ρωπος
537 4238 611 4288 ἐκ
635 4237 737 4305 γῆς
753 4235 956 4306 χοῖκὸς,
984 4236 1012 4287 6
1051 4233 1300 4306 δεύτερος
1333 4231 1392 4297 ἐξ
1438 4229 1670 4302 ούρανοῦ
1691 4244 1703 4257 ’
1737 4248 1755 4280 ι
1791 4230 1886 4283 καὶ

232 4333 370 4405 μὴν
406 4329 530 4384 καὶ
559 4325 722 4378 αὑτοῦ
753 4325 846 4380 τοῦ
884 4326 1036 4390 Υιοῦ,
1065 4327 1146 4378 ὅτι
1168 4343 1184 4376 ι
1205 4324 1578 4393 Καταϐἐϐηκα
1604 4323 1668 4375 ἐκ
1684 4321 1779 4374 τοῦ
1799 4321 1887 4374 ού-

1969 1843 2085 1912 ipso
2109 1842 2404 1911 exsistens,
2443 1844 2602 1914 eique
2644 1845 2922 1911 assidens,
2974 1847 3039 1900 de
3080 1861 3187 1916 quo
3225 1845 3556 1916 evangelista

1967 1935 2205 1992 Joannes
2236 1936 2453 2006 inquit:
2486 1954 2505 1988 ι
2538 1935 2776 1993 Verbum
2821 1945 2938 1993 erat
2957 1938 3096 2008 apud
3117 1937 3308 2006 Deum,
3337 1948 3390 1994 et
3417 1937 3560 1994 Deus

1970 2038 2089 2084 erat
2117 2027 2350 2084 Verbum
2375 2030 2398 2082 ?
2439 2048 2458 2081 ι

2039 2121 2100 2176 Β.
2141 2117 2277 2186 Quis
2307 2120 2515 2176 dubitet
2544 2121 2568 2174 ?

2045 2211 2111 2268 A.
2142 2213 2609 2278 Quemadmodum
2659 2212 2826 2284 igitur
2875 2213 3066 2284 gloriae
3104 2215 3366 2272 Dominus
3412 2219 3561 2274 exsi-

1972 2317 2140 2374 stens,
2179 2321 2302 2360 cum
2338 2319 2398 2359 se
2423 2304 2643 2361 demisit
2675 2316 2862 2377 postea
2891 2309 2959 2362 ad
3003 2308 3218 2364 servilis
3241 2308 3428 2364 formae
3463 2310 3565 2364 hu-

1975 2401 2282 2466 militatem,
2302 2399 2528 2468 gloriam
2553 2416 2658 2470 qua
2682 2401 2749 2456 ab
2774 2411 2980 2456 artemo
3005 2401 3266 2471 praiditus
3293 2411 3378 2458 est
3409 2404 3566 2458 reddi

1975 2493 2076 2547 sibi
2109 2493 2280 2562 poscit
2305 2501 2361 2547 et
2393 2491 2610 2561 quidem
2651 2492 2754 2546 hoc
2782 2502 3145 2564 congruenter
3175 2493 3427 2550 humana:
3460 2511 3562 2550 na-

1979 2595 2114 2640 turae
2147 2585 2277 2640 facit
2312 2603 2324 2639 :
2363 2585 2437 2640 ita
2468 2585 2632 2640 etiam
2677 2585 2817 2640 Deus
2869 2601 3083 2656 semper
3129 2587 3400 2644 exsistens
3427 2627 3446 2653 ,
3497 2586 3566 2642 ad

1977 2678 2210 2748 propria:
2243 2694 2353 2734 suae
2411 2678 2628 2732 deitatis
2679 2678 3196 2748 supereminentiam
3244 2688 3300 2734 et
3337 2678 3568 2751 gloriam

1980 2779 2011 2819 e
2043 2776 2233 2820 nostra
2268 2765 2580 2820 conditione
2607 2781 2820 2821 rursum
2847 2769 3186 2833 conscendit,
3217 2776 3276 2822 ut
3308 2779 3562 2840 tanquam

1981 2859 2072 2912 uni
2136 2858 2390 2928 deinceps
2440 2858 2673 2912 naturali
2720 2874 2782 2913 ac
2827 2873 2958 2912 vero
3005 2857 3176 2924 Filio,
3211 2861 3428 2916 tametsi
3475 2877 3568 2915 no-

1983 2951 2082 3006 stri
2139 2950 2300 3005 simili
2362 2949 2510 3005 facto
2564 2959 2727 3020 atque
2757 2951 3041 3004 incarnato
3091 2966 3252 3006 omne
3285 2966 3425 3021 genu
3475 2950 3570 3006 ile-

1987 3053 2196 3108 ctatur,
2247 3042 2390 3097 sicut
2429 3042 2589 3098 modo
2624 3043 2754 3097 dixi.
2807 3041 2882 3096 Ita
2901 3044 3042 3097 enim
3067 3045 3367 3099 sentientes
3409 3055 3573 3113 atque

1989 3136 2295 3202 credentes,
2331 3137 2528 3191 caelum
2565 3135 2768 3204 pariter
2805 3144 2860 3189 et
2887 3145 3087 3189 terram
3131 3135 3198 3189 ab
3233 3150 3298 3190 eo
3339 3135 3570 3190 crimine

1985 3230 2128 3300 quod
2158 3229 2430 3284 hominem
2451 3230 2638 3282 adoret
2659 3229 2974 3280 liberamus.
2991 3226 3265 3297 Scriptum
3283 3235 3367 3281 est
3389 3225 3568 3281 enim:

1989 3323 2114 3390 quia
2153 3340 2170 3374 ι
2215 3320 2502 3374 Dominum
2533 3319 2697 3374 Deum
2750 3327 2900 3372 tuum
2944 3317 3217 3383 adorabis,
3263 3326 3317 3372 et
3355 3317 3431 3372 illi
3473 3317 3574 3372 soli

1987 3414 2195 3469 servies
2217 3412 2281 3466 ³⁵.
2307 3431 2326 3463 ι

2061 3504 2124 3558 Β.
2162 3504 2342 3559 Multis
2375 3501 2721 3558 adminiculis
2757 3517 2940 3558 sermo
2983 3501 3086 3557 hac
3120 3502 3187 3557 de
3219 3517 3278 3556 re
3311 3500 3572 3572 indigeat.

1987 3596 2159 3666 Perge
2194 3596 2409 3663 itaque,
2446 3603 2502 3647 et
2541 3591 2663 3647 aliis
2704 3592 2871 3645 etiam
2917 3591 3226 3646 rationibus
3253 3591 3410 3647 nobis
3461 3605 3571 3664 ων.

1988 3690 2216 3744 sterium
2245 3687 2478 3756 explica.
2523 3689 2530 3694 '

2059 3781 2124 3834 Δ.
2159 3781 2415 3848 Pergam,
2443 3787 2498 3833 et
2532 3777 2749 3846 quidem
2782 3776 3137 3846 perlibenter.
3174 3776 3414 3831 Dixerim
3441 3792 3573 3832 vero

1989 3886 2083 3927 eos
2113 3887 2142 3924 a
2167 3885 2298 3924 vero
2320 3871 2605 3932 aberrare,
2626 3867 2768 3936 quod
2797 3867 2962 3920 alium
2995 3867 3157 3922 nobis
3193 3866 3362 3921 ﬁlium
3379 3869 3470 3938 qui
3505 3871 3582 3926 sit

1989 3977 2056 4016 ex
2085 3961 2295 4015 semine
2323 3957 2492 4010 David
2525 3957 2862 4025 conjungunt
2897 3971 3020 4011 cum
3078 3959 3312 4012 naturali
3345 3973 3409 4014 ac
3450 3974 3580 4016 vere

1991 4050 2184 4118 Filio,
2247 4047 2506 4104 nimirum
2579 4045 2914 4114 Unigcnito,
2992 4061 3115 4102 cum
3159 4047 3364 4118 alioqui
3419 4064 3578 4105 sacra

1993 4145 2274 4213 Scriptura
2307 4149 2493 4210 aperte
2527 4138 2767 4195 clamet:
2811 4155 2831 4189 ι
2877 4138 3276 4195 Primushomo
3323 4157 3388 4196 ex
3433 4151 3578 4198 terra

1992 4246 2262 4298 terrenus,
2315 4230 2586 4286 secundus
2637 4244 2704 4286 ex
2749 4229 2890 4284 cwlo
2947 4230 3180 4286 cmlestis
3217 4231 3316 4286 “z
3377 4251 3396 4284 ι
3449 4233 3578 4304 quin

1990 4337 2042 4383 et
2066 4325 2206 4381 Filio
2231 4325 2349 4393 ipso
2383 4322 2597 4377 dicente
2618 4359 2633 4385 ,
2689 4323 2816 4390 quia
2845 4339 2864 4371 ‹
2899 4321 3164 4376 Descendi
3186 4337 3252 4377 ex
3284 4324 3443 4390 caelo,
3475 4341 3584 4379 non
3611 4317 3628 4329 “

229 4423 466 4499 ρανοῦ,
507 4419 620 4488 οὐχ
643 4419 729 4472 ἵνα
759 4417 900 4472 ποιῶ
926 4419 986 4471 τὸ
1009 4417 1220 4488 Θὲλημα
1234 4417 1293 4470 τὸ
1319 4417 1472 4486 ἐμὸν,
1493 4413 1628 4468 ἀλλὰ
1649 4413 1711 4466 τὸ
1729 4412 1874 4485 Θέλη-

1994 4433 2050 4477 ιιι
2087 4420 2284 4475 faciam
2319 4416 2656 4474 voluntatem
2703 4429 2914 4480 meam,
2954 4415 3049 4470 sed
3081 4415 3420 4472 voluntatem
3466 4417 3588 4486 ejus

221 4537 322 4592 μα.
347 4516 466 4570 τοῦ
511 4510 844 4581 πέμψαντός
875 4527 963 4580 με.
992 4510 1163 4562 Τοῦτο
1200 4508 1257 4562 δέ
1305 4510 1420 4560 ἐστι
1456 4507 1516 4559 τὸ
1550 4505 1763 4574 θέλημα.
1791 4503 1885 4557 τοῦ

222 4603 615 4680 πέμψαντός
656 4619 744 4672 με,
777 4602 864 4654 ἵνα
892 4603 998 4654 πᾶν
1028 4601 1055 4653 ὃ
1079 4600 1279 4653 δέδωκὲ
1309 4616 1398 4669 μοι
1433 4599 1507 4670 μὴ
1541 4596 1792 4650 ἀπολέσω
1831 4596 1884 4660 ἐξ

218 4701 460 4764 αὐτοῦ,
501 4694 658 4750 ἀλλὰ
682 4695 974 4765 ἀναστήσω
995 4693 1129 4746 ἀὐτὸ
1153 4696 1220 4764 τῇ
1246 4693 1448 4764 ἐσχάτῃ
1473 4689 1673 4761 ἡμέρᾳ.
1709 4709 1728 4739 ι
1757 4689 1886 4740 Τίνα

217 4799 296 4870 δὴ
341 4791 463 4849 οὖν
501 4792 632 4862 ἄρα
660 4791 794 4857 φασὶ
817 4789 908 4841 τὸν
938 4787 998 4852 ἐξ
1029 4786 1257 4858 ούρανοῦ
1296 4786 1624 4855 καθιγμένον
1649 4801 1663 4850 ;
1693 4783 1887 4852 Γετεν-

215 4907 416 4961 νηται
458 4885 600 4954 γὰρ
634 4882 696 4934 τὸ
727 4881 887 4952 σῶμα
911 4883 975 4934 ἐκ
1007 4880 1286 4949 γυναικός.

305 4984 382 5034 Β.
411 4979 548 5033 Τὸν
583 4975 654 5026 ἐκ
675 4973 810 5026 Θεοῦ
844 4974 1058 5044 Πατρὸς
1085 4972 1326 5042 δηλονότι
1349 4970 1680 5043 γεννηθέντα
1701 4969 1888 5036 Λόγον.

209 5072 430 5146 Οἶμαι
484 5067 626 5138 γὰρ
651 5067 749 5137 οὐχ
778 5066 963 5137 ἕτερόν
985 5083 1035 5118 τι
1078 5069 1294 5138 φρονεῖν
1318 5065 1531 5118 ἐλέσοαι
1562 5063 1713 5134 παρὰ
1735 5065 1893 5118 τοῦτο

207 5164 496 5224 αὐτούς.

296 5265 382 5315 Λ.
451 5250 720 5325 Ὀρθῶς,
755 5245 800 5305 ὧ
823 5254 1024 5323 ἑταῖρε.
1059 5252 1308 5321 Γέγραφε
1340 5249 1396 5302 δέ
1425 5268 1526 5302 που
1573 5251 1665 5304 κει)⁸
1691 5253 1718 5305 6
1750 5249 1887 5304 πάν-

207 5369 416 5421 εαρος
483 5343 776 5414 Ἰωάννης
808 5362 820 5375 ·
884 5365 901 5396 ι
969 5346 1026 5398 Ὀ
1073 5344 1277 5398 ἄνωθεν
1335 5341 1646 5412 ἐρχόμενος,
1707 5343 1892 5396 ἐπάνω

209 5453 488 5500 πάντων
568 5435 754 5487 ἐστίν.
797 5455 813 5485 ι
854 5431 988 5488 Εἶτα
1037 5435 1152 5498 πῶς
1203 5435 1475 5494 ἐθέλοντος
1529 5433 1621 5486 τοῦ
1678 5433 1894 5503 Πατρός

285 5646 342 5677 ³⁸
395 5638 604 5692 dom.
676 5647 801 5696 xm,
837 5633 884 5683 Σὲ.

191 5734 298 5784 m,
345 5711 463 5770 51-

969 5635 1008 5664 :w
1051 5635 1208 5689 υυυι,
1252 5649 1319 5700 vn,
1357 5631 1450 5698 13',
1486 5631 1682 5690 Matth.
1725 5650 1797 5702 tv,
1833 5636 1912 5690 lO.

1995 4516 2084 4585 qui
2115 4513 2260 4568 misit
2299 4525 2408 4564 me.
2441 4508 2568 4564 llaec
2592 4514 2677 4561 est
2706 4515 2890 4560 autem
2918 4507 3166 4560 voluntas
3207 4505 3324 4574 ejus
3349 4508 3442 4576 qui
3473 4511 3581 4562 mi-

1997 4607 2066 4660 sit
2091 4619 2197 4668 me,
2230 4610 2290 4656 ut
2316 4613 2480 4655 omne
2532 4599 2678 4668 quod
2714 4596 2864 4652 dedit
2905 4597 3041 4650 mihi
3079 4611 3186 4651 non
3235 4597 3485 4652 amittam
3511 4613 3582 4653 ex

1997 4714 2082 4761 co,
2112 4696 2208 4751 sed
2239 4691 2557 4750 resuscitem
2579 4690 2710 4746 illud
2739 4690 2793 4744 in
2817 4690 3115 4746 novissimo
3139 4689 3226 4744 die
3253 4691 3352 4745 ³⁷.»
3371 4691 3576 4757 Quem-

1997 4807 2122 4845 nam
2148 4788 2311 4858 igitur
2339 4799 2463 4840 esse
2488 4784 2676 4838 dicunt
2701 4797 2823 4836 eum
2859 4780 2949 4849 qui
2983 4795 3014 4836 e
3060 4780 3203 4836 caelo
3243 4780 3526 4836 descendit
3557 4781 3582 4837 ι

1997 4892 2178 4937 natum
2211 4879 2356 4933 enim
2380 4884 2466 4932 est
2492 4890 2692 4945 corpus
2724 4888 2790 4929 ex
2817 4873 3069 4928 muliere.

2068 4972 2130 5026 B.
2166 4970 2401 5025 Verbum
2431 4965 2688 5039 profecto
2725 4980 2792 5021 ex
2822 4964 2934 5019 Deo
2972 4963 3135 5018 Patre
3165 4964 3429 5034 genitum.
3477 4963 3582 5019 Ar-

2000 5063 2173 5134 bitror
2252 5059 2399 5116 enim
2483 5058 2632 5128 ipsos
2705 5071 2814 5111 non
2885 5054 3039 5110 aliud
3118 5055 3410 5127 quidquam
3481 5058 3586 5113 hoc.

1996 5155 2152 5210 velle.

2074 5250 2140 5302 A.
2173 5245 2339 5300 Recte
2371 5243 2471 5306 ais,
2497 5257 2529 5297 ο
2567 5241 2760 5296 amice.
2791 5238 3028 5310 Scripsit
3051 5253 3180 5293 vero
3199 5236 3396 5292 alicubi
3421 5237 3585 5292 etiam

2005 5338 2440 5408 sapientissimus
2469 5333 2708 5388 Joannes
2745 5349 2760 5386 :
2803 5351 2821 5383 ι
2879 5331 2980 5399 Qui
3025 5346 3056 5387 e
3095 5329 3346 5399 supernis
3401 5331 3586 5394 venit,

2006 5449 2165 5502 super
2193 5445 2382 5486 omnes
2398 5428 2565 5482 est“.
2593 5426 2780 5496 )Atqui
2814 5424 3084 5494 quomodo
3115 5440 3235 5479 cum
3267 5421 3433 5477 Pater
3461 5421 3590 5477 velit

2033 5637 2084 5674 θοι
2118 5633 2134 5687 l
2175 5633 2298 5691 Cor.
2343 5648 2432 5699 xv,
2466 5631 2553 5685 Π.
2664 5631 2705 5662 ³⁷
2747 5627 2904 5684 Joan.
2935 5645 3006 5695 τι,
3044 5627 3136 5696 58,
3166 5630 3252 5684 59.
3343 5629 3386 5662 ³⁸
3423 5626 3581 5684 Joan.
