4078 6264
559 251 691 306 1351

1561 249 1619 303 S.
1661 247 1935 304 CYRILLI
1975 246 2452 301 ALEXANDle
2491 246 2815 304 ARLHIEP.

3682 252 3706 305 Ι
3720 254 3828 308 331

556 366 882 421 resuscitarc
903 379 1060 420 omne
1104 364 1245 433 quod
1291 364 1477 418 datum
1525 375 1609 419 est
1640 365 1712 429 ei,
1761 373 1817 418 et
1877 379 1997 418 cum
2040 377 2126 417 res

2244 362 2528 429 ἰιναστῆναι
2566 363 2674 414 πᾶν
2702 361 2762 414 τὸ
2805 359 2958 414 δοθὲν
3003 360 3172 432 αὐτῷ,
3206 361 3300 415 καὶ
3331 361 3538 430 ἀγαθοῦ
3581 379 3647 430 γε
3675 363 3829 427 ΰντος

555 458 694 513 bona
743 458 834 519 sit,
872 466 1034 525 atque
1081 457 1214 510 adeo
1262 455 1440 508 divina
1492 455 1770 526 (convenit
1818 456 1960 510 enim
2024 455 2134 510 Dco

556 550 812 616 salvare),
856 547 972 617 ipse
1003 547 1133 601 dixit
1167 548 1498 601 descendere
1522 563 1601 613 se,
1630 563 1740 601 non
1775 557 1833 601 ut
1859 549 2024 602 faciat
2050 564 2140 602 vo-

556 641 816 698 luntatcm
869 654 1060 705 suam,
1116 643 1206 692 sed
1269 639 1491 693 Patris?
1554 629 1913 693 Esistimetne
1973 641 2138 703 igitur

555 733 837 802 quisquam
877 741 1142 797 nostrum,
1181 747 1208 783 a
1246 730 1338 784 Dei
1367 739 1419 784 et
1453 730 1631 784 Patris
1667 732 2003 800 benignitate
2046 731 2134 785 Fi-

556 823 685 876 lium
717 823 806 892 qui
839 837 901 877 ex
942 823 1056 890 ipso
1082 821 1296 890 genitus
1325 832 1425 887 est,
1468 822 1910 891 degenerare?et
1936 824 2134 878 bonum

555 914 771 982 quidem
802 913 1112 980 neutiquam
1138 928 1260 966 esse
1286 955 1300 977 ,
1352 913 1679 966 resuscitare
1721 927 1849 966 vero
1902 913 1951 966 id
1995 913 2137 979 quod

555 1007 738 1056 datum
765 1012 848 1057 est
869 1003 916 1055 ei
947 1015 998 1058 ct
1033 1004 1100 1057 ab
1162 1005 1380 1058 interitu
1447 1003 1678 1058 liberare
1705 1004 1807 1075 ipsi
1849 1004 2010 1074 772
2037 1005 2139 1059 dis-

553 1097 753 1166 pliccre
781 1095 802 1148 ?

621 1185 681 1238 Β.
723 1185 1124 1238 Periclitamur.

624 1277 688 1332 Δ.
721 1279 881 1347 Atqui
903 1277 1094 1329 merito
1112 1275 1330 1344 quidem
1364 1276 1434 1328 ita
1462 1284 1788 1338 statuamus,
1818 1289 1941 1329 cum
1974 1273 2135 1328 Pater

553 1372 729 1427 bonus
768 1373 857 1432 sit,
897 1369 1093 1422 Filium
1122 1383 1336 1437 quoque
1362 1372 1516 1422 suum
1555 1349 1729 1437 re’ipsa
1756 1370 1953 1421 bonum
1993 1383 2134 1421 esse.
2187 1399 2194 1405 -

554 1459 688 1513 Nam
722 1474 751 1512 a
786 1459 962 1510 fructu
1003 1459 1167 1510 arbor
1198 1456 1544 1526 CugIIOSCilUI‘
1569 1457 1634 1522 ³⁹,
1664 1456 1816 1525 juxta
1855 1456 2024 1526 ipsius
2059 1456 2139 1509 di-

555 1563 722 1605 ctum.
754 1550 892 1603 Vere
953 1548 1106 1612 dicit,
1139 1563 1265 1600 cum
1297 1543 1397 1601 'ait
1430 1561 1445 1597 ε
1491 1565 1507 1597 ι
1541 1547 1643 1613 Qui
1680 1548 1808 1601 vidit
1845 1563 1968 1613 me,
2006 1547 2138 1601 vidit

555 1649 610 1693 et
632 1638 843 1692 Patrem
875 1636 943 1690 ⁸ο.
974 1635 1087 1706 Ego
1122 1645 1174 1690 et
1213 1637 1372 1690 Pater
1395 1652 1561 1690 unum
1588 1653 1776 1692 sumus
1799 1637 1865 1690 “.
1906 1656 1922 1688 ι

627 1929 690 1984 Β.
748 1930 912 1984 Recte
958 1929 1055 1984 ais.
1115 1927 1342 1982 Declara
1403 1930 1586 2001 itaque
1642 1941 1697 1985 tu
1735 1932 1848 2001 ipse
1903 1931 1956 1986 id
1993 1934 2136 2002 quod

555 2023 783 2078 obscure
817 2024 1018 2076 dictum
1055 2032 1159 2076 est.
1188 2084 1197 2093 ,

628 2119 696 2176 Α.
744 2114 982 2169 Dicimus
1018 2129 1126 2168 non
1174 2114 1343 2171 fuisse
1393 2123 1591 2185 prmter
1634 2115 1967 2169 voluntatem
2013 2116 2132 2169 Filii

557 2207 772 2262 abolere
810 2216 1058 2273 mortem,
1087 2218 1140 2262 et
1193 2209 1259 2262 ab
1294 2207 1545 2261 humanis
1596 2208 1917 2276 corporibus
1967 2209 2137 2262 inter-

558 2301 691 2356 itum
735 2298 1056 2368 proﬂigare:
1111 2316 1128 2349 ι
1167 2299 1353 2369 Neque
1387 2299 1530 2352 enim
1579 2299 1880 2354 delectatur
1913 2301 2137 2354 interitu

555 2389 871 2444 viventium.
897 2378 1173 2444 Salut'ares
1191 2405 1320 2444 vero
1337 2398 1461 2443 sunt
1481 2391 1858 2458 generationes
1891 2393 2096 2458 mundi,
2111 2412 2129 2445 ι

555 2485 693 2540 sicut
711 2483 975 2554 scriptum
999 2482 1162 2538 est“.
1180 2502 1197 2533 ‹
1218 2483 1420 2536 invidia
1447 2491 1626 2536 autem
1651 2483 1847 2536 diaboli
1879 2500 2023 2538 mors
2052 2485 2138 2538 iu-

557 2576 740 2630 troivit
773 2575 823 2629 in
849 2575 1034 2629 orbem
1063 2584 1328 2628 terrarum
1347 2573 1414 2626 ⁸³.
1438 2596 1455 2625 τ
1475 2573 1544 2627 At
1587 2573 1957 2628 tristissimum
1992 2591 2137 2630 mor-

560 2667 625 2722 tis
654 2668 941 2737 imperium
976 2682 1080 2720 non
1111 2666 1214 2718 alia
1247 2665 1455 2719 ratione
1495 2667 1674 2718 exi-uti
1704 2677 1939 2734 poterat,
1974 2684 2136 2737 quam

557 2771 654 2826 per
682 2757 851 2811 solam
891 2755 1171 2825 Unigeniti
1200 2755 1656 2810 incarnationem.
1712 2754 1920 2813 Idcirco
1950 2760 2000 2812 in
2039 2777 2138 2814 ua-

558 2860 667 2904 stra
702 2848 872 2904 forma
911 2849 1186 2918 apparuit,
1219 2838 1604 2918 propriumque
1636 2851 1737 2904 sibi
1789 2852 1916 2905 fecit
1947 2868 2140 2922 corpus

557 2942 702 3014 quod
735 2941 974 2994 intcritui
1004 2941 1304 2996 obnoxium
1353 2949 1513 3005 erat,
1560 2945 1855 2996 secundum
1899 2945 2140 2999 rationes

558 3049 678 3105 qua:
720 3042 926 3087 natura).
970 3033 1175 3100 insunt,
1217 3043 1274 3086 ut
1319 3048 1438 3087 cum
1473 3036 1587 3103 ipse
1633 3034 1703 3088 sit
1753 3036 1860 3088 vita
1904 3035 2138 3105 (genitus

557 3129 700 3182 enim
739 3135 820 3182 est
867 3142 930 3182 ex
974 3127 1086 3181 vita
1142 3126 1344 3190 Patris)
1402 3126 1683 3196 pr0prium
1737 3142 1894 3180 sumn
1938 3127 2135 3180 bonum

560 3220 634 3273 illi
661 3219 889 3284 inserat,
923 3218 1026 3272 hoc
1061 3225 1169 3283 est,
1199 3218 1387 3270 vitam.
1421 3215 1556 3270 Cum
1584 3225 1763 3270 autem
1789 3215 1888 3286 ipsi
1919 3217 2140 3270 omnino

557 3311 822 3380 placuerit
853 3310 1188 3380 benignitate
1221 3319 1385 3378 atque
1419 3309 1798 3363 benevolentia
1855 3323 1983 3378 erga
2043 3310 2143 3362 bu-

561 3393 778 3457 manum
807 3417 995 3470 genus,
1027 3413 1266 3456 nostram
1296 3401 1703 3454 similitudinem
1731 3401 1939 3467 subire,
1971 3416 2132 3470 opor-

562 3496 662 3550 tuit
696 3510 909 3564 quoque
936 3510 1058 3548 eum
1098 3496 1206 3565 pati
1272 3495 1464 3563 impias
1511 3492 1819 3547 Judazorum
1856 3505 2140 3548 contume-

563 3583 686 3636 lias.
725 3583 852 3635 Erat
882 3599 1014 3637 vero
1068 3584 1146 3635 illi
1183 3585 1360 3652 gravis
1393 3584 1682 3653 conjuncta
1722 3600 1845 3638 cum
1887 3584 2141 3653 passione

560 3672 876 3744 ignominia.
918 3672 1126 3725 Idcirco
1157 3673 1476 3725 imminente
1522 3674 1635 3741 jam
1685 3683 1962 3742 tempore,
2023 3689 2132 3742 quo

564 3767 714 3822 illum
743 3780 840 3834 pro
867 3764 1111 3818 omnium
1143 3764 1251 3817 vita
1288 3777 1504 3818 crucem
1542 3764 1695 3817 adire
1730 3765 2036 3831 oportebat,
2082 3775 2141 3816 ut

562 3857 866 3927 passionem
906 3866 1106 3924 praeter
1160 3855 1492 3908 voluntatem
1532 3868 1686 3907 suam
1733 3854 1981 3906 accidere
2034 3853 2138 3908 sibi

559 3947 881 4012 declararet,
925 3949 1158 3999 humano
1193 3960 1342 4000 more
1382 3945 1450 3998 ad
1498 3959 1617 3998 eam
1676 3944 1949 4009 accessit,
1994 3954 2049 3998 et
2087 3945 2138 3998 iu

561 4040 779 4092 modum
809 4037 1143 4106 precationis
1177 4036 1249 4089 ita
1279 4035 1494 4090 Patrem
1528 4033 1795 4089 allocutus
1825 4043 1943 4089 est:
1980 4053 1997 4086 ι
2035 4035 2140 4089 Pa-

565 4140 665 4194 ter,
707 4131 750 4182 si
787 4128 904 4183 ﬁeri
942 4136 1144 4198 potest,
1196 4137 1437 4182 transeat
1475 4143 1507 4181 a
1546 4143 1631 4181 me
1671 4127 1807 4181 calix
1845 4127 1966 4180 iste.
2021 4126 2139 4181 Cae-

564 4231 736 4276 terum
763 4235 866 4274 n0u
896 4229 953 4274 ut
977 4234 1075 4289 ego
1099 4219 1241 4286 volo,
1270 4220 1364 4273 sed
1399 4222 1542 4272 sicut
1563 4229 1618 4271 tu
1637 4217 1701 4271 “.
1740 4237 1758 4270 ι
1790 4217 2143 4273 Descendissc

562 4326 628 4364 ex
677 4311 815 4365 coelo
842 4311 936 4374 ait,
979 4326 1083 4362 non
1126 4310 1298 4362 invite
1336 4308 1604 4362 facturum
1641 4307 1694 4360 id
1724 4308 1864 4374 quod
1901 4307 2141 4362 dolorem

2243 453 2337 506 τοῦ
2369 454 2713 523 πράγματος,
2742 454 2834 506 καὶ
2862 453 3083 524 προσέτι
3112 453 3450 524 θεοπρεποῦς
3493 455 3698 523 (ἐοικὸς
3719 457 3829 526 γὰρ

2242 545 2364 615 Θεῴ
2394 547 2453 597 τὸ
2483 544 2674 609 σώζειν
2715 545 2904 616 ἐστίν),
2940 545 3100 607 αὐτὸς
3132 545 3245 616 ἔφη·
3268 546 3568 608 κατελθεῖν,
3598 548 3699 615 οὐχ
3743 549 3827 598 ἵνα

2247 640 2370 706 ποιῇ
2407 637 2465 688 τὸ
2501 637 2708 709 θέλημα
2741 638 2800 691 τὸ
2841 637 3033 690 ἑαυτοῦ
3065 638 3285 706 μᾶλλον,
3314 638 3448 690 ἀλλά
3482 639 3543 690 τὸ
3585 639 3681 692 τοῦ
3715 640 3829 692 Πα-

2244 727 2403 798 τρός;
2438 724 2563 798 Ἆρ’
2593 725 2684 781 οὖν
2711 730 2940 798 οἰήσαιτ’
2970 728 3034 781 ἄν
3066 745 3149 791 τις
3191 727 3298 780 τῶν
3341 730 3396 781 ὲν
3424 731 3576 799 ἡμῖν,
3605 731 3706 799 τῆς
3733 731 3828 782 te!)

2245 817 2378 870 Θεοῦ
2413 819 2506 870 καὶ
2554 820 2765 888 Πατρὸς
2798 818 3132 888 ἡμερότητος
3179 811 3317 872 ἱέναι
3355 819 3584 871 κατόπιν
3631 820 3727 872 τὸν
3774 822 3830 884 ἐξ

2246 908 2409 961 αὑτοῦ
2442 909 2612 978 φύντα
2641 909 2791 973 rem,
2824 911 2918 962 καὶ
2947 903 3085 960 εἷναι
3127 909 3225 977 μὲν
3255 908 3456 977 ἀγαθὸν
3490 908 3698 978 ἥκιστά
3746 926 3830 975 γε,

2245 1003 2304 1054 τδ
2346 1002 2401 1054 δὲ
2451 1002 2753 1072 ἀναστῆσαι
2803 1002 2864 1054 τὸ
2921 1000 3073 1057 δοθὲν
3115 1001 3208 1054 καὶ
3250 1000 3556 1066 ἀπαλλάξαι
3599 1001 3830 1071 φθορᾶς,

2247 1096 2515 1168 ἀπᾴδειίξν]
2559 1096 2704 1165 αύτῷ
2731 1113 2744 1161 ;

2319 1189 2376 1240 Β.
2410 1189 2824 1258 Κινδυνεύομεν.

2315 1281 2380 1334 Λ.
2416 1280 2605 1332 Καίτοι
2637 1279 3139 1349 καταλογισαίμεθα
3159 1279 3244 1346 ἂν,
3281 1280 3373 1333 καὶ
3407 1279 3555 1350 μάλα
3579 1279 3832 1340 εἰκότως,

2247 1372 2474 1443 ἐπείπερ
2501 1372 2646 1424 ἐστὶν
2673 1371 2876 1438 ἀγαθοῦ
2901 1372 3110 1443 Πατρὸς
3132 1375 3352 1443 γνήσιον
3376 1373 3653 1442 γέννημα,
3680 1372 3834 1422 voci-'3

2247 1463 2358 1535 [ἂν]
2381 1464 2642 1534 ὑπάρχειν
2661 1464 2754 1515 καὶ
2771 1463 2934 1527 αὐτὸς
2951 1463 3174 1531 ἀγαθὸς,
3187 1464 3352 1534 ἤγουν
3375 1464 3624 1533 αύτόχρη
3634 1481 3734 1531 μα,
3759 1463 3835 1514 δτι

2245 1556 2468 1624 ἀγαθόν.
2508 1555 2637 1608 Ἀπὸ
2690 1555 2796 1627 γὰρ
2849 1555 2942 1608 τοῦ
2969 1556 3185 1627 καρποῦ
3214 1556 3274 1608 τὸ
3316 1556 3534 1626 δένδρον
3562 1555 3838 1623 γινώσκε-

2243 1666 2352 1712 ται,
2385 1668 2402 1699 ι
2438 1649 2578 1702 κατὰ
2607 1647 2702 1719 τὴν
2749 1647 2910 1700 αὑτοῦ
2959 1649 3177 1717 φωνήν·
3209 1647 3500 1717 ἀληθεύσει
3551 1647 3633 1710 δὲ,
3694 1647 3842 1702 οὕτω

2173 1743 2213 1797 Β
2243 1741 2436 1807 λέγων·
2478 1742 2535 1793 '0
2564 1739 2823 1811 ἑωρακὼς
2859 1741 2978 1810 ἐμὲ,
3017 1739 3228 1810 ἑώρακε
3269 1741 3358 1792 τὸν
3399 1740 3651 1810 Πατέρα,
3697 1739 3846 1808 Ἐγὼ

2241 1833 2332 1886 καὶ
2365 1835 2394 1886 ὁ
2423 1833 2632 1904 Πατὴρ,
2669 1834 2726 1887 ἓν
2751 1834 2936 1903 ἐσμεν.
2971 1852 2989 1884 ι

2309 1925 2368 1977 Β.
2397 1921 2472 1978 Εὖ
2519 1925 2674 1995 ἔφης.
2725 1925 2986 1994 Διασάφει
3014 1924 3077 1995 δὴ
3129 1920 3221 1977 οὖν
3253 1925 3414 1990 αὐτὸς
3444 1926 3506 1979 τὸ
3573 1926 3844 1998 ἀμυδρῶς

2239 2017 2492 2087 εἰρῆσθαι
2516 2016 2724 2071 δοκοῦν.
3699 2044 3702 2046 ·

2309 2111 2373 2162 Λ.
2405 2109 2517 2161 Οὐκ
2547 2109 2842 2180 ἀϐούλητον
2872 2112 2969 2182 μὲν
3022 2113 3274 2180 γενέσθαι
3308 2114 3487 2183 φαμὲν
3519 2112 3602 2183 τῷ
3635 2111 3753 2182 Υἱῷ
3777 2112 3838 2164 τῆ

2238 2203 2584 2274 καταργῆσαι
2615 2203 2860 2271 θάνατον,
2900 2205 2996 2260 καὶ
3022 2207 3363 2276 ἀποσοϐῆσαι
3393 2207 3508 2260 τῶν
3553 2207 3836 2276 ἀνθρωπί-

2239 2311 2343 2346 νων
2389 2295 2655 2365 σωμάτων
2696 2297 2796 2366 τὴν
2850 2297 3075 2370 φθοράν.
3111 2317 3130 2350 ι
3171 2301 3243 2352 Ού
3274 2299 3380 2370 γάρ
3427 2299 3704 2370 τέρπεται
3752 2297 3839 2350 ἐπ’

2239 2386 2485 2458 ἀπωλείᾳ
2518 2387 2733 2452 ζώντων
2762 2406 2776 2419 ·
2819 2393 3071 2462 σωτήριοι
3110 2392 3164 2444 δὲ
3216 2393 3309 2444 καί¹
3354 2393 3407 2443 αἱ
3441 2392 3700 2459 γενέσεις
3747 2389 3838 2442 τοῦ

2240 2480 2468 2550 κόσμου,
2514 2499 2532 2531 ι
2574 2480 2716 2534 κατά
2754 2482 2813 2534 τὸ
2861 2483 3263 2553 γεγραμμένον.
3304 2501 3322 2532 ι
3362 2482 3552 2551 Φθόνῳ
3581 2483 3638 2534 δὲ
3659 2481 3843 2535 διαϐόο

2238 2568 2331 2624 λου
2387 2571 2614 2636 θάνατος
2649 2573 2893 2644 εἰσῆλθεν
2940 2576 3018 2637 εἰς
3045 2575 3133 2627 τὸν
3163 2577 3385 2646 κόσμον.
3426 2595 3442 2625 ι
3467 2575 3612 2626 Ἀλλ’
3641 2571 3716 2646 ἦν
3741 2577 3840 2644 οὺχ

2240 2665 2441 2735 ἑτέρως
2459 2666 2520 2717 τὸ
2549 2666 2769 2736 ἀμειδὲς
2801 2666 2895 2720 τοῦ
2925 2667 3155 2720 θανάτου
3187 2667 3576 2721 κατασείεσθαι
3611 2668 3838 2738 κράτος,

2239 2754 2376 2825 πλὴν
2407 2756 2488 2808 ὅτι
2517 2755 2604 2808 διὰ
2636 2756 2803 2828 μόνης
2831 2759 2928 2827 τῆς
2959 2758 3422 2828 ὲνανθρωπήσεως
3456 2758 3555 2811 τοῦ
3588 2759 3843 2824 Μονογε-

2238 2847 2379 2910 νοῦς.
2401 2847 2667 2920 Ταύτῃτοι
2691 2850 2898 2920 πέφηνε
2922 2851 3042 2903 καθ’
3062 2852 3226 2921 ἡμᾶς,
3260 2851 3354 2903 καὶ
3379 2849 3509 2903 ἴδιον
3534 2853 3844 2922 ἐποιήσατο

2241 2938 2399 3008 σῶμα
2428 2939 2487 2991 τὸ
2517 2940 2621 2992 ὑπὸ
2649 2939 2876 3011 φθορὰν,
2900 2941 3041 2994 κατά
3074 2957 3137 3008 γε
3168 2941 3295 3003 τοὺς
3328 2941 3548 3004 ἐνόντας
3576 2945 3646 3012 τῇ
3679 2941 3846 3009 φύσει

2238 3031 2449 3098 λόγους,
2497 3031 2562 3084 ἶν’
2594 3031 2823 3102 ἐπείπερ
2859 3032 3007 3084 ἐστὶν
3050 3032 3212 3096 αὐτὸς
3251 3034 3284 3103 ή
3331 3030 3444 3101 ζωὴ
3485 3035 3849 3102 (γεγέννηται

2241 3123 2347 3194 γὰρ
2382 3126 2450 3176 ἐκ
2474 3125 2616 3195 ζωῆς
2647 3124 2737 3177 τοῦ
2769 3126 3027 3194 Πατρὸς),
3059 3125 3376 3198 ὲμφυτεύσῃ
3414 3126 3475 3178 τὸ
3517 3126 3656 3178 ἴδιον
3708 3128 3850 3194 ἀγα-

2243 3215 2333 3268 θὸν
2368 3214 2534 3286 αὐτῷ,
2571 3216 2815 3269 τουτέστι
2846 3217 2946 3282 τὴν
2989 3216 3159 3288 ζωήν.
3201 3217 3472 3287 Ἐλομένῳ
3509 3217 3571 3269 δὲ
3605 3216 3764 3282 ἆτ’-αξ
3788 3217 3852 3281 ἐξ

2241 3308 2576 3378 ἡμερότητος
2621 3309 2717 3360 καὶ
2761 3307 3197 3378 φιλανθρωπίας,
3232 3307 3328 3378 τῆν
3376 3309 3508 3378 πρὸς
3551 3309 3849 3379 ἡμετέραν

2241 3399 2500 3468 ὁμοίωσιν
2531 3398 2805 3464 ὑπελθεῖν,
2834 3398 2940 3452 ἔδει
2965 3398 3238 3469 συμϐῆναι
3271 3399 3364 3452 καὶ
3399 3398 3460 3450 τὸ
3483 3399 3714 3464 παθεῖν,
3745 3399 3852 3468 τῆς

2256 3491 2519 3545 Ἰουδαίων
2569 3491 2914 3562 ἀνοσιότητος
2971 3490 3410 3562 ὲμπαροινούσης
3457 3490 3633 3560 αὐτῷ.
3701 3491 3853 3542 Ἀλλ’

2241 3580 2308 3656 ἦν
2362 3583 2510 3654 αὐτῷ
2555 3585 2807 3654 φορτικὸν
2849 3583 2910 3636 τὸ
2939 3587 2995 3636 ὲν
3035 3583 3114 3654 τῷ
3165 3583 3357 3637 παθεῖν
3405 3583 3693 3645 δυσκλεές.
3740 3585 3852 3635 Καὶ

2242 3673 2371 3742 γοῦν
2405 3674 2688 3736 ἐνστάντος
2718 3673 2935 3744 καιροῦ,
2971 3674 3091 3726 καθ’
3120 3673 3177 3726 ὂν
3208 3673 3314 3726 ἔδει
3339 3674 3430 3726 τὸν
3458 3673 3599 3743 ὑπέρ
3636 3689 3712 3740 γε
3742 3674 3850 3741 τῆς

2244 3763 2497 3815 ἁπάντων
2550 3763 2696 3833 ζωῆς
2742 3765 3031 3834 ὑπομεῖναι
3089 3764 3346 3837 σταυρὸν,
3395 3765 3483 3816 ἵνα
3528 3763 3594 3816 τὸ
3641 3765 3849 3818 παθεῖν

2243 3853 2537 3922 ἀϐούλητον
2586 3854 2862 3927 ἀποφήνῃ,
2912 3855 3358 3926 ἀνθρωποπρεπῆ
3425 3856 3524 3926 τὴν
3571 3857 3850 3926 πρόσοδον

2243 3947 2337 3998 καὶ
2367 3945 2440 4008 ὡς
2475 3948 2532 3998 ὲν
2565 3947 2808 4016 σχήματι
2835 3948 3146 4018 προσευχῆς
3176 3950 3412 4001 ἐποιεῖτο
3443 3947 3642 4015 λέγων·
3681 3966 3704 3999 ι
3744 3949 3848 4000 lli-

2241 4055 2360 4108 τερ,
2396 4039 2442 4089 εἰ
2489 4037 2730 4103 δυνατὸν,
2790 4039 3111 4111 παρελθέτω
3143 4041 3236 4093 ἀπ’
3276 4038 3411 4109 ἐμοῦ
3461 4039 3523 4092 τὸ
3576 4042 3846 4110 ποτήριον

2241 4130 2421 4182 τοῦτο’
2454 4130 2590 4202 πλὴν
2627 4132 2723 4200 ούχ
2762 4133 2836 4194 ὠς
2871 4130 2982 4200 ἐγὼ
3029 4131 3187 4197 θέλω,
3217 4132 3334 4186 ἀλλ’
3367 4131 3443 4196 ὡς
3469 4131 3560 4187 σύ.
3600 4152 3620 4184 ι
3649 4134 3848 4186 Kan-

2245 4221 2404 4292 ϐῆναι
2442 4222 2534 4276 τὸν
2565 4221 2624 4287 ἐξ
2650 4223 2878 4294 ούρανοῦ
2912 4240 3102 4293 φησιν,
3142 4224 3242 4276 οὐκ
3267 4222 3569 4294 ἀϐούλητον
3613 4228 3846 4294 ποιησό-

2247 4329 2406 4382 μενον
2436 4313 2497 4365 τὸ
2548 4313 2774 4378 λυποῦν,
2808 4314 2892 4366 ἵνα
2927 4313 3250 4387 κατορθώσῃ
3295 4315 3408 4376 τοῖς
3451 4316 3546 4366 ἐπὶ
3589 4316 3698 4384 γῆς
3747 4318 3847 4384 τήν

571 4400 820 4463 aﬂ‘erret,
871 4407 932 4453 ut
970 4413 1158 4452 eorum
1188 4398 1281 4466 qui
1333 4398 1386 4450 iu
1421 4397 1576 4450 terris
1613 4405 1738 4450 sunt
1781 4398 2139 4451 resurrectio—

2247 4407 2561 4471 ἀνάστασιν,
2592 4406 2658 4478 ἢν
2692 4405 2755 4477 δὴ
2798 4399 2900 4460 καῖ
2923 4405 3079 4476 μόνος
3109 4406 3268 4470 αὐτὸς
3295 4408 3746 4478 κεκαινοτόμηκε
3783 4411 3848 4478 τῇ

565 4503 688 4544 nem
717 4487 1091 4552 constitueret,
1125 4486 1279 4556 cujus
1304 4487 1523 4556 quidem
1551 4488 1666 4554 ipse
1704 4485 1852 4540 solus
1883 4487 2136 4542 humanae

566 4593 774 4637 natura:
799 4592 992 4635 attetor
1032 4579 1154 4634 fuit.
1205 4578 1406 4633 Factus
1444 4589 1527 4634 est
1573 4579 1718 4632 enim
1752 4580 2141 4647 primogenitus

560 4691 629 4730 ex
655 4675 882 4730 mortuis
915 4673 1208 4727 secundum
1239 4685 1459 4725 carnem
1485 4670 1528 4701 "
1556 4712 1570 4737 ,
1591 4679 1643 4725 et
1679 4671 1930 4740 primitire
1953 4687 2139 4726 eorum

564 4769 655 4838 qui
692 4768 1103 4822 obdormierant
1146 4765 1212 4819 “.
1271 4765 1446 4826 Ipsius
1477 4763 1643 4833 igitur
1683 4773 1737 4817 et
1778 4779 1886 4817 non
1917 4763 2140 4818 alterius

567 4861 744 4930 passio
773 4861 895 4923 fuit,
925 4868 1188 4927 quatenus
1218 4857 1378 4911 homo
1403 4853 1576 4908 factus
1606 4861 1710 4919 est,
1746 4855 1960 4908 tametsi
1991 4871 2141 4907 tuan-

565 4955 695 5009 serit
718 4953 983 5022 passionis
1003 4966 1216 5021 expers,
1255 4956 1526 5019 quatenus
1554 4956 1640 5000 est
1671 4947 1839 5000 Deus.

637 5047 696 5099 Β.
737 5045 812 5099 Ita
838 5045 1037 5100 sentio.

638 5137 697 5190 Α.
728 5139 909 5192 Sacra:
938 5152 1065 5192 vero
1109 5133 1406 5204 Scriptura:
1443 5135 1609 5188 etiam
1669 5131 2018 5194 memineris,
2057 5132 2140 5184 di-

567 5227 738 5280 centis
763 5243 776 5279 :
806 5246 823 5278 ι
862 5226 1057 5280 Factus
1089 5235 1172 5279 est
1200 5225 1406 5294 primus
1436 5225 1596 5278 homo
1624 5222 1792 5276 Adam
1829 5221 1880 5274 in
1901 5221 2137 5273 animam

569 5321 892 5382 viventem;
955 5321 1176 5375 ultimus
1234 5320 1407 5374 Adam
1457 5319 1508 5372 in
1552 5317 1800 5387 Spiritum
1863 5316 2142 5370 vivifican-

568 5420 674 5466 tem
697 5413 763 5465 ⁸⁷.
799 5433 815 5462 ι

1272 5610 1316 5641 ⁸⁸
1361 5609 1516 5664 Joan.
1550 5623 1660 5667 xtv,
1692 5606 1745 5659 9.

1479 5678 1524 5710 “
1562 5676 1580 5730 l
1619 5677 1744 5732 Cor.
1781 5690 1870 5741 xv,
1904 5675 1994 5730 ΞΟ.

643 5613 687 5643 ³²¹
728 5612 916 5667 Matth.
948 5629 1047 5670 xu.
1080 5612 1168 5664 55.

570 5696 719 5749 xxvi,
747 5683 836 5735 39.
912 5682 957 5714 ’⁵⁸
996 5681 1205 5737 Coloss.
1240 5695 1279 5746 ι,
1311 5681 1398 5735 18.

1864 5604 1905 5634 ⁸¹
1945 5604 2102 5658 Joan.
2142 5619 2194 5665 χ,
2216 5604 2306 5658 50.

2072 5676 2116 5707 ⁸⁷
2159 5675 2287 5730 ibid.
2322 5671 2410 5727 45.

2240 4495 2526 4567 ἀνθρώπου
2563 4496 2741 4565 φύσει.
2775 4497 2969 4566 Γέγονε
2997 4499 3103 4568 γάρ
3149 4500 3493 4569 πρωτότοκος
3523 4501 3593 4553 ὲκ
3627 4504 3848 4571 νεκρῶν

2241 4589 2386 4642 κατὰ
2412 4589 2612 4660 σάρκα,
2639 4591 2734 4644 καὶ
2763 4591 2990 4663 ἀπαρχὴ
3033 4591 3145 4647 τῶν
3175 4592 3628 4663 κεκοιμημένων.
3658 4594 3847 4647 Αὐτοῦ

2239 4680 2525 4750 τοιγαροῦν
2553 4681 2613 4733 τὸ
2643 4680 2833 4746 πάθος,
2860 4682 2954 4734 καὶ
2973 4681 3072 4753 οὐχ
3092 4682 3304 4749 ἐτέρου,
3341 4682 3557 4751 λέγοιτο
3587 4686 3682 4749 ἂν,
3711 4685 3851 4737 καθό

2241 4775 2480 4846 πέφηνεν
2515 4773 2819 4845 ἄνθρωπος,
2845 4777 2893 4828 εἰ
2937 4776 3031 4829 καὶ
3063 4775 3368 4846 μεμένηκεν
3413 4777 3661 4848 ἀπαθὴς,
3707 4780 3849 4831 καθὸ

2246 4869 2444 4920 νοεῖται
2479 4866 2630 4929 Θεὸς.

2321 5042 2380 5096 Β.
2418 5041 2574 5096 Οῦτω
2608 5042 2767 5114 φημί.

2317 5138 2381 5189 Δ.
2416 5136 2764 5206 Διαμέμνησο
2796 5135 2850 5188 δὲ
2872 5136 2968 5205 τῆς
2999 5135 3351 5189 θεοπνεύστου
3381 5133 3655 5207 λεγούσης
3700 5136 3843 5204 Γρα-

2248 5228 2375 5297 φῆς·
2409 5248 2427 5278 ‹
2483 5228 2727 5297 Ἐγένετο
2765 5231 2792 5280 ὁ
2823 5228 3037 5299 πρῶτος
3087 5227 3372 5298 ἄνθρωπος
3418 5227 3590 5296 ’Λδαμ
3621 5229 3703 5289 εἰς
3734 5229 3839 5295 ψυ-

2247 5320 2345 5389 κῆν
2366 5320 2566 5385 ζῶσαν,
2591 5323 2617 5373 ὁ
2648 5321 2870 5391 ἔσχατος
2901 5321 3091 5392 Ἀδὰμ,
3120 5321 3199 5384 εἰς
3228 5317 3445 5389 πνεῦμα
3473 5319 3833 5383 ζωοποιοῦν.»

2415 5603 2457 5632 δ’
2499 5602 2625 5672 Sap.
2655 5617 2691 5672 ι,
2723 5600 2806 5668 i5,
2838 5599 2922 5655 Η.
3035 5599 3080 5631 ⁸³
3120 5598 3246 5668 Sap.
3280 5614 3340 5667 lt,
3367 5597 3460 5653 24.
3543 5599 3588 5631 ⁸³
3630 5597 3827 5654 Matth.
