4078 6264
244 353 374 407 1535

1365 349 1552 419 QUOD
1593 349 1779 407 UNUS
1817 338 1923 405 SIT
1963 342 2324 405 cumsrvs.

3353 344 3490 405 i354

310 467 369 518 Β.
409 460 540 535 ’Ἆρ’
565 457 656 517 οὖν
697 463 789 517 τὸν
818 455 1047 535 ἔσχατον
1088 467 1280 538 Ἀδὰμ,
1315 468 1405 521 τὸν
1439 471 1500 522 ἐκ
1546 469 1681 521 Θεοῦ
1713 484 1810 538 φα-

1990 466 2049 520 Β.
2081 466 2340 522 Ultimum
2373 467 2553 536 itaque
2583 467 2850 521 Adamum
2885 474 3134 522 vocatum
3192 481 3313 522 85:8
3353 469 3489 522 dici-

242 575 339 628 μεν
369 557 682 628 ὠνομάσθαι
717 559 919 624 Λόγονε

305 651 369 703 Α.
402 648 476 700 Οὐ
526 646 752 716 γυμνὸν,
801 647 877 710 ὡς
905 647 1062 718 ἔφην,
1098 654 1359 718 γεγονότα
1410 653 1465 705 δὲ
1499 653 1698 722 μᾶλλον
1755 653 1812 704 ἐν

238 740 491 812 ομοιώσει
526 743 591 810 τῇ
644 739 780 809 πρὸς
811 741 978 810 ἡμᾶς.
1015 742 1186 794 Αὐτὸν
1214 738 1307 796 οὖν
1337 740 1473 796 εἷναί
1514 759 1715 813 φαμεν,
1739 744 1814 796 εῖ-

238 848 343 903 περ
386 831 533 883 ἐστὶν
572 831 672 883 οὐκ
707 822 1068 900 ἀνθρώπινον,
1099 830 1398 904 θεοπρεπὲς
1424 833 1480 886 δὲ
1523 835 1724 904 μᾶλλον
1752 835 1814 888 τὸ

238 919 534 996 ζωοποιεῖν.
594 921 985 990 Κεχρημάτικε
1025 921 1082 974 δὲ
1111 924 1204 976 καὶ
1238 923 1463 994 ἔσχατος
1517 925 1706 996 Ἀδὰμ,
1737 925 1813 987 ώς

239 1007 298 1072 ἐξ
314 987 452 1061 4AM
460 1027 499 1078 μ
517 987 755 1077 γεγονώς
771 987 918 1062 κατὰ
942 1010 1140 1082 σάρκα,
1164 1012 1256 1065 καὶ
1449 987 1675 1084 δευτέρα
1693 987 1812 1066 ⁷τῶν

239 1098 328 1151 ἐπὶ
357 1098 480 1167 γῆς,
513 1099 1057 1172 ἀναστοιχειουμένης
1105 1104 1162 1155 ὲν
1196 1103 1345 1174 αὐτῷ
1383 1105 1480 1175 τῆς
1524 1103 1811 1176 ἀνθρώπου

241 1187 472 1257 φύσεως,
499 1190 578 1253 είς
613 1190 905 1262 καινότητα
939 1191 1106 1262 ζωῆς,
1138 1195 1237 1265 τῆς
1266 1191 1323 1249 ὲν
1351 1196 1607 1268 ἁγιασμῷ
1635 1214 1694 1248 τε
1718 1199 1812 1250 καὶ

241 1275 533 1346 ἀφθαρσίᾳ,
568 1277 658 1329 διὰ
690 1278 792 1347 τῆς
834 1280 898 1332 ὲκ
944 1280 1154 1350 νεκρῶν
1195 1283 1568 1347 ἀναστάσεωςο
1601 1301 1806 1356 κατηρ-

238 1367 379 1437 γήθη
406 1368 546 1421 οὕτω
585 1367 834 1433 θάνατος,
863 1371 961 1424 οὐκ
996 1372 1372 1445 άνασχομένης
1407 1376 1508 1446 τῆς
1549 1376 1683 1430 κατὰ
1711 1376 1813 1446 φύ-

241 1466 325 1510 σιν
353 1459 516 1528 ξωῆς,
551 1458 829 1513 ὑποθεῖναι
857 1465 921 1532 τῇ
955 1461 1129 1534 φθορᾷ
1153 1464 1213 1518 τὸ
1244 1465 1375 1519 ἴδιον
1404 1468 1582 1539 σῶμα,
1621 1470 1810 1524 καθότι

235 1551 335 1604 οὐκ
361 1547 429 1621 ἧν
456 1550 676 1604 δυνατὸν
703 1553 1022 1624 κρατεῖσθαι
1056 1555 1290 1625 Χριστὸν
1334 1558 1425 1610 ὑπ’
1451 1561 1641 1630 αὐτῆς,
1670 1561 1812 1615 κατὰ

234 1643 332 1714 τὴν
358 1641 451 1696 τοῦ
486 1644 772 1696 θεσπεσίου
794 1645 1007 1699 Παύλου
1041 1649 1225 1720 φωνήν
1245 1666 1258 1679 ·
1281 1649 1436 1720 διέϐη
1465 1651 1522 1704 δὲ
1545 1652 1686 1705 οὕτω
1715 1653 1810 1706 καὶ

232 1736 314 1798 είς
338 1735 486 1806 ἡμᾶς
514 1733 708 1796 αὐτοὺς
749 1735 808 1788 τὸ
835 1737 900 1789 ὲκ
937 1737 1031 1789 τοῦ
1065 1738 1483 1810 κατορθώματος
1522 1741 1744 1810 ἀγαθόν.

305 1908 370 1963 Β.
404 1911 635 1981 ’Δριστα
664 1911 817 1982 ἔφης.

304 2003 370 2055 Δ.
399 2001 590 2069 Ἀθρει
614 2001 670 2054 δὲ
703 2004 765 2071 δή
806 2019 894 2072 μοι
927 2003 1150 2056 κάκεῖνο
1176 2004 1310 2075 πρὸς
1330 2007 1559 2072 τούτοις,

301 2090 365 2143 Β.
398 2091 470 2143 Τὸ
495 2092 547 2144 τί
579 2093 641 2164 δὴ
664 2093 803 2163 φής;

298 2181 365 2237 Δ.
424 2183 567 2252 Ἔφη
626 2201 729 2234 που
778 2185 1011 2255 Χριστὸς
1060 2188 1171 2249 τοῖς
1221 2188 1396 2256 ἁγίοις
1452 2191 1806 2256 ἀποστόλοις,

235 2291 259 2327 ι
293 2273 678 2343 Πορευθέντες,
707 2275 1081 2345 μαθητεύσατε
1111 2278 1287 2330 πάντα
1321 2279 1388 2332 τὰ
1432 2281 1581 2351 ἔθνη,
1620 2281 1812 2350 βαπτί-

233 2365 418 2430 ζοντες
442 2366 638 2428 αὐτοὺς
661 2368 738 2429 εἰς
765 2367 825 2419 τὸ
848 2368 1016 2438 ὄνομα
1043 2368 1136 2422 τοῦ
1159 2370 1392 2441 Πατρὺς,
1426 2373 1518 2424 καὶ
1541 2372 1631 2424 τοῦ
1655 2371 1808 2436 Υὶοῦ,

233 2455 328 2508 καὶ
353 2455 448 2509 τοῦ
495 2458 651 2526 ἁγίου
699 2457 1030 2528 Πνεύματος.
1077 2479 1096 2510 ι
1143 2461 1564 2533 Βεϐαπτίσμεθα
1601 2463 1665 2534 δὴ
1715 2459 1811 2517 οὖν

234 2548 314 2608 εἰς
345 2546 503 2615 ἁγίαν
537 2549 628 2602 καὶ
666 2549 946 2620 ὀμοούσιον
977 2551 1204 2620 Τριάδα,
1238 2555 1338 2623 τὴν
1364 2553 1421 2605 ἐν
1456 2553 1518 2621 γέ
1562 2572 1703 2625 φημι
1733 2555 1812 2627 τῷ

235 2638 429 2708 Πατρὶ,
463 2640 557 2692 καὶ
583 2640 659 2710 τῷ
692 2641 825 2710 Υἱῷ,
861 2642 958 2696 καὶ
980 2641 1058 2712 τῷ
1097 2643 1238 2713 ἁγίῳ
1273 2644 1576 2714 Πνεύματι.
1607 2648 1678 2700 Ἦ
1710 2649 1812 2700 οὐκ

237 2726 432 2797 ἀληθὲς
456 2730 592 2800 ὅπερ
620 2731 787 2801 ἕφην;

301 2819 364 2872 Β.
397 2821 506 2872 Καὶ
539 2822 656 2885 πῶς
696 2823 806 2893 γὰρ
831 2823 924 2887 οὒ;

293 2913 358 2965 Α.
395 2912 470 2965 Οὐ
500 2914 718 2986 Πατέρα
751 2917 852 2987 μὲν
882 2918 1110 2989 νοοῦμεν
1135 2920 1226 2971 τὸν
1255 2924 1638 2992 γεγεννηκότα,
1684 2923 1812 2978 Υίδν

231 3006 292 3058 δὲ
319 3004 384 3077 δὴ
427 3007 523 3058 καὶ
572 3004 638 3060 αὖ
664 3008 754 3061 τὸν
784 3009 844 3074 ἐξ
883 3011 1049 3064 αὐτοῦ
1080 3013 1220 3066 κατὰ
1267 3015 1428 3082 φύσιν
1481 3017 1812 3087 γεννηθέντα

235 3097 495 3165 μονογενῆ
517 3095 648 3148 Θεὸν
681 3097 850 3166 Λόγον
867 3117 882 3165 ;

303 3187 364 3242 Β.
396 3189 501 3240 Καὶ
533 3188 695 3242 πάνυ.

298 3280 366 3333 Δ.
406 3278 530 3342 Πῶς
554 3280 649 3334 οὖν
685 3282 765 3344 εἰς
805 3284 897 3336 τὸν
933 3283 1158 3339 θάνατον
1187 3287 1350 3340 αὐτοῦ
1380 3288 1807 3361 βεϐαπτίσμεθα,

229 3371 374 3426 κατὰ
397 3371 495 3442 τὴν
520 3372 614 3425 τοῦ
649 3375 919 3443 μακαρίου
950 3378 1162 3430 Παύλου
1193 3383 1414 3450 φωνήν;
1457 3399 1476 3431 ι
1503 3382 1658 3434 Ὅσοι
1679 3383 1806 3454 γὰρ,

227 3461 416 3531 φησὶν,
439 3464 520 3526 εἰς
542 3464 774 3532 Χριστὸν
801 3464 1233 3538 ἐϐαπτίσθημεν,
1262 3471 1341 3532 εἰς
1362 3470 1452 3522 τὸν
1470 3470 1697 3526 θάνατον
1720 3474 1812 3526 αὑ-

228 3551 325 3604 τοῦ
358 3553 785 3625 ἐϐαπτίσθημεν.
813 3575 832 3608 ι
871 3557 1011 3611 Ἀλλ’
1050 3554 1131 3622 εἷς
1157 3560 1382 3631 Κύριος,
1401 3563 1500 3632 μία
1523 3564 1724 3629 πίστις,
1752 3565 1810 3620 ἓν

233 3641 530 3714 βάπτισμα,
567 3647 662 3699 καὶ
695 3647 754 3699 οὐ
781 3648 952 3718 δήπου
982 3652 1143 3719 φαῖεν
1166 3651 1253 3719 ἂν,
1279 3653 1354 3718 ὡς
1377 3658 1455 3719 εἰς
1481 3657 1662 3727 ἕτερον
1683 3658 1811 3713 ὄντα

231 3736 325 3788 καὶ
365 3737 547 3800 ίδικῶς
591 3739 719 3792 Υἱδν
746 3740 839 3792 τὸν
865 3743 928 3793 ἐκ
973 3745 1287 3814 σπέρματος
1309 3747 1404 3799 τοῦ
1439 3747 1606 3800 Δαδὶδ
1651 3749 1811 3817 βεϐα-

229 3825 524 3896 πτίσμεθα.
574 3825 793 3897 Ἐπειδὴ
845 3828 901 3880 δὲ
931 3828 1062 3892 Θεὸς
1109 3830 1184 3882 ὢν
1229 3831 1386 3900 φύσει
1431 3833 1573 3904 πέρα
1609 3837 1808 3886 νοεῖται

226 3916 460 3979 πάθους,
495 3912 614 3967 εἶτα
659 3915 851 3969 παθεῖν
894 3918 1178 3990 ἠθέλησεν,
1221 3923 1308 3976 ἵνα
1355 3923 1503 3994 σώσῃ
1548 3926 1674 3987 τοὺς
1704 3925 1809 3977 ὑπὸ

225 4004 458 4075 φθοράν,
491 4004 746 4075 ὡμοιώθη
777 4006 918 4060 κατὰ
947 4009 1125 4062 πάντα
1148 4013 1260 4073 τοῖς
1283 4011 1375 4063 ἐπὶ
1405 4011 1529 4079 γῆς.
1554 4012 1650 4063 καὶ
1675 4011 1809 4062 dit-:6-

225 4095 375 4159 τεξιν
421 4096 684 4164 ὑπέμεινε
727 4097 826 4166 τὴν
864 4099 1006 4150 κατὰ
1058 4099 1238 4170 σάρκα
1287 4100 1351 4150 ἐκ
1398 4099 1675 4166 γυναικὸς,
1715 4101 1809 4153 καὶ

229 4187 364 4239 ἴδιον
406 4187 720 4255 ἐποιήσατο,
749 4187 823 4251 ὡς
864 4189 1022 4258 ἔφην,
1065 4190 1249 4259 σῶμα,
1286 4190 1348 4241 τὸ
1385 4188 1680 4256 γεύσασθαι
1712 4191 1808 4244 τοῦ

228 4277 467 4331 θανάτου
517 4277 828 4346 δυνάμενον,
876 4279 1174 4332 ἀναϐιῶναί
1218 4297 1276 4332 τε
1315 4281 1407 4332 καὶ
1453 4275 1542 4345 αὖ,
1580 4280 1667 4332 ἵνα
1715 4281 1807 4349 μευ

227 4385 339 4421 νων
387 4367 547 4430 αὐτὸς
599 4368 830 4438 ἀπαθὴς,
869 4370 1036 4439 σαρκὶ
1069 4372 1136 4439 τῇ
1195 4370 1301 4440 ἰδίᾳ
1345 4371 1556 4438 λέγοιτο
1593 4371 1805 4426 παθεῖν.

1921 574 2040 613 mus
2069 558 2300 613 Verbum
2334 575 2400 613 ex
2434 559 2544 613 Deo
2571 558 2774 613 Patre?

1989 653 2054 707 A.
2101 651 2214 705 Non
2265 652 2487 716 nudum,
2520 663 2577 706 ut
2615 653 2748 718 dixi,
2786 646 2949 723 7'73
2979 652 3070 707 scd
3111 653 3288 720 potius
3317 655 3490 709 nostri

1921 741 2097 796 Simile
2132 741 2352 797 factum.
2397 741 2576 811 Ipsum
2617 743 2782 811 igitur
2841 758 2962 797 esse
3009 743 3274 807 dicimus;
3317 742 3489 810 siqui-

1921 833 2040 886 dem
2071 847 2176 887 non
2204 843 2284 886 est
2317 835 2635 897 humanum,
2693 834 2789 888 sed
2836 835 3016 904 potius
3062 834 3304 887 divinum
3355 834 3492 886 vivi-

1920 921 2105 974 tlcare.
2153 919 2393 977 Vocatus
2443 934 2624 978 autem
2670 933 2755 978 est
2803 926 2966 979 etiam
3013 923 3232 978 ultimus
3272 924 3440 977 Adam
3473 963 3489 988 ,

1920 1021 2172 1082 tanquam
2204 1027 2269 1067 ex
2301 1014 2473 1068 Adam
2515 1014 2688 1070 factus
2719 1017 3012 1071 secundum
3068 1029 3283 1070 carnem
3320 1026 3374 1071 et
3405 1031 3493 1070 se-

1920 1103 2152 1156 cundum
2181 1104 2503 1173 principium
2555 1117 2742 1160 eorum
2793 1108 2884 1176 qui
2937 1107 2990 1160 in
3036 1108 3196 1160 terris
3235 1108 3488 1176 degunt:

1919 1193 2217 1247 instaurata
2241 1196 2290 1247 in
2325 1196 2439 1262 ipso
2465 1197 2693 1249 hmnana
2720 1205 2908 1248 natura
2941 1198 2993 1248 in
3030 1198 3324 1250 novitatem
3363 1199 3488 1250 vita)

1919 1283 1973 1336 in
2009 1284 2438 1340 sanctificatione
2487 1295 2650 1354 atque
2673 1285 3080 1339 immortalitate
3105 1326 3120 1348 ,
3174 1301 3269 1353 per
3295 1299 3482 1340 resur-

1919 1375 2538 1430 rectionememurtuis.
2600 1375 2672 1428 ita
2725 1375 2868 1428 enim
2932 1374 3130 1428 abolita
3172 1383 3254 1428 est
3307 1375 3488 1426 irrita-

1918 1475 2025 1534 que
2056 1464 2192 1520 facta
2217 1479 2380 1533 mors,
2418 1483 2539 1521 cum
2576 1466 2838 1520 naturalis
2892 1467 2999 1519 vita
3057 1479 3165 1519 non
3226 1466 3491 1519 sustinuit

1919 1555 2194 1623 proprium
2244 1571 2398 1609 suum
2432 1571 2626 1625 corpus
2671 1555 2914 1609 interitui
2963 1555 3176 1621 subjici,
3224 1568 3491 1623 quatenus

1919 1641 2032 1696 ﬂeri
2082 1657 2190 1697 non
2238 1652 2451 1712 poterat
2519 1653 2578 1697 ut
2614 1643 2867 1697 Christus
2913 1645 2982 1696 ah
3034 1658 3095 1697 ea
3151 1643 3487 1706 vinceretur,

1913 1733 2067 1797 juxta
2119 1735 2285 1788 divini
2346 1736 2496 1790 Pauli
2543 1751 2729 1790 vocem
2785 1736 2854 1788 ⁸⁸.
2910 1735 3157 1789 Transiit
3207 1750 3339 1789 vero
3389 1737 3490 1792 huc

1841 1823 1885 1879 B
1913 1834 2075 1896 pacto
2099 1827 2263 1879 etiam
2293 1828 2347 1879 in
2369 1843 2472 1882 nos
2501 1828 2643 1881 illius
2676 1828 2922 1897 prmclari
2963 1826 3088 1880 facti
3124 1825 3365 1881 fructus.

1983 1915 2045 1969 B.
2086 1916 2250 1970 [lecte
2272 1918 2373 1971 ais.

1979 2007 2044 2057 A.
2074 2002 2338 2059 Caeterum
2373 2007 2500 2060 illud
2525 2007 2691 2062 etiam
2718 2007 2849 2062 mihi
2881 2009 3274 2067 animadverte.

1983 2095 2044 2150 Β.
2077 2094 2345 2161 Quidnam
2368 2097 2392 2150 ?

1985 2188 2051 2238 A.
2080 2172 2329 2240 Christus
2355 2188 2550 2242 alicubi
2579 2189 2784 2244 sanctis
2813 2191 3072 2260 apostolis
3103 2192 3222 2248 suis
3257 2192 3434 2261 inquit
3467 2209 3483 2246 :

1917 2293 1936 2328 ι
1972 2277 2206 2343 Euntes,
2258 2280 2445 2336 docete
2491 2297 2680 2336 omnes
2740 2292 2928 2350 gentes
2955 2324 2968 2348 ,
3026 2285 3364 2353 baptizantes
3391 2301 3489 2341 eos

1915 2370 1966 2422 in
2005 2371 2218 2424 nomine
2245 2369 2437 2437 Patris,
2466 2381 2519 2425 et
2539 2372 2682 2438 Filii,
2705 2382 2760 2427 et
2795 2372 3030 2442 Spiritus
3054 2376 3308 2430 sancti“.
3342 2394 3362 2427 ι
3388 2377 3488 2429 Ba-

1915 2460 2109 2528 ptizati
2150 2475 2278 2531 ergo
2314 2477 2500 2518 smnus
2529 2463 2582 2516 in
2619 2473 2862 2519 sanctam
2895 2475 2948 2519 et
2970 2466 3485 2520 consubstantialem

1913 2550 2234 2607 Trinitatem
2289 2572 2303 2608 :
2357 2553 2593 2620 Patrem,
2634 2557 2892 2626 inquam,
2936 2565 2990 2610 et
3031 2556 3224 2610 Filium
3275 2565 3330 2612 et
3366 2559 3489 2628 Spi-

1913 2645 2072 2699 ritum
2105 2655 2371 2701 sanctmn.
2407 2646 2593 2702 Nonne
2635 2663 2820 2702 verum
2851 2658 2935 2704 est
2969 2649 3116 2719 quod
3150 2648 3270 2702 dico
3298 2647 3323 2703 2

1984 2822 2044 2876 Β.
2079 2821 2209 2889 Quis
2240 2823 2339 2877 hoc
2372 2823 2687 2894 negaverit?

1980 2916 2048 2966 Δ.
2078 2916 2156 2966 An
2183 2928 2286 2966 nou
2339 2914 2500 2982 igitur
2550 2912 2761 2965 Patrem
2804 2928 3058 2968 vocamus
3104 2929 3226 2968 eum
3266 2915 3359 2984 qui
3400 2931 3488 2983 ge-

1913 3008 2067 3072 nuit;
2099 3007 2288 3060 Filium
2325 3019 2453 3058 vero
2503 3005 2593 3073 qui
2626 3019 2691 3058 ex
2739 3005 2856 3072 ipso
2911 3006 3228 3060 naturaliter
3270 3008 3485 3075 genitus

1913 3109 2016 3162 est,
2047 3098 2378 3168 unigenitum
2423 3095 2590 3151 Deum
2625 3095 2858 3149 Verbum
2887 3095 2909 3148 2
3045 3095 3047 3098 ⁴

1837 3169 1882 3228 C
1986 3192 2046 3245 Β.
2076 3191 2326 3244 Omnino.

1983 3284 2048 3336 A.
2081 3281 2199 3348 Quo
2228 3289 2382 3349 pacto
2416 3280 2580 3348 igitur
2627 3279 2679 3332 in
2727 3289 2955 3333 mortem
2992 3278 3162 3348 ipsius
3215 3279 3478 3350 baptizati

1913 3387 2123 3439 sumus,
2147 3375 2302 3443 juxta
2338 3373 2480 3428 beati
2513 3372 2664 3426 Pauli
2692 3374 2923 3428 vocem?
2952 3393 2969 3424 ι
3009 3373 3283 3444 ρυθιῳιοι
3312 3376 3482 3440 enim,

1914 3468 2110 3537 inquit,
2143 3468 2197 3521 in
2229 3466 2500 3521 Christum
2529 3467 2788 3534 baptizati
2824 3483 3032 3534 smnus,
3071 3469 3123 3520 in
3161 3478 3339 3522 morte
3365 3469 3485 3538 ejus

1913 3557 2170 3629 baptizati
2200 3571 2386 3611 sumus
2413 3557 2484 3614 '°.
2527 3573 2546 3608 ι
2582 3557 2687 3611 Sed
2730 3573 2870 3609 unus
2912 3567 2996 3611 est
3049 3558 3328 3623 Dominus,
3380 3574 3486 3613 una

1913 3646 2066 3710 ﬁdes,
2103 3661 2267 3699 unum
2309 3645 2578 3714 baptisma
2618 3647 2687 3710 “,
2743 3655 2798 3699 et
2850 3663 3192 3715 nequaquam
3234 3650 3479 3713 dixerit,

1910 3738 2051 3808 quod
2090 3739 2141 3790 in
2188 3737 2350 3790 alium
2393 3737 2680 3805 quemdam
2732 3737 3007 3792 diversum
3039 3739 3108 3791 ab
3152 3739 3254 3792 hoc
3286 3738 3482 3793 Filium

1911 3845 1977 3883 ex
2009 3829 2214 3884 semine
2246 3828 2411 3881 David
2443 3828 2697 3897 baptizati
2754 3830 2948 3882 simus.
3003 3829 3135 3882 Cum
3177 3845 3310 3883 vero
3341 3831 3483 3886 Deus

1911 3925 2101 3968 natura
2137 3915 2406 3968 exsistens
2453 3929 2647 3980 expers
2689 3916 2960 3982 passionis
3012 3928 3304 3969 censeatur
3334 3935 3346 3970 ;
3382 3919 3480 3970 de-

1913 4006 2036 4059 inde
2061 4005 2168 4072 pati
2197 4004 2381 4068 voluit,
2416 4013 2477 4056 ut
2509 4003 2681 4057 salvet
2716 4019 2811 4058 eos
2842 4006 2932 4072 qui
2975 4006 3218 4059 interitui
3247 4007 3478 4062 obnoxii

1911 4104 2057 4156 sunt,
2085 4093 2277 4147 similis
2301 4093 2475 4146 factus
2501 4104 2586 4147 est
2613 4109 2708 4161 per
2729 4095 2910 4148 omnia
2937 4096 3249 4152 hominibus
3267 4139 3283 4164 ,
3306 4100 3484 4154 nasci-

1910 4202 2014 4254 que
2047 4201 2110 4240 ex
2148 4185 2371 4240 muliere
2397 4185 2692 4240 secundum
2728 4200 2948 4240 carnem
2994 4187 3160 4242 voluit
3192 4228 3206 4251 ,
3267 4197 3321 4244 et
3355 4206 3484 4259 pro-

1912 4278 2088 4346 prium
2120 4276 2218 4330 sibi
2254 4276 2400 4342 fecit,
2427 4285 2484 4330 ut
2513 4277 2643 4342 dixi,
2675 4292 2872 4344 corpus
2893 4272 3045 4348 'quod
3081 4294 3311 4336 mortem
3331 4281 3484 4336 obire

1913 4377 2116 4437 posset,
2152 4376 2444 4438 rursusque
2483 4369 2818 4432 resuscitari,
2857 4379 2908 4424 ut
2955 4385 3076 4424 cum
3115 4372 3227 4440 ipse
3268 4389 3484 4440 perma-

227 4457 449 4509 Σέσωκε
482 4456 588 4526 γάρ
624 4451 778 4520 οὗτος
819 4456 879 4509 τὸ
930 4458 1228 4522 ἀπολωλός.
1257 4461 1366 4512 Καὶ
1414 4459 1544 4528 γοῦν
1573 4460 1808 4527 ἔφασκεν

1915 4470 2066 4515 ueret
2097 4461 2362 4528 passionis
2406 4476 2622 4530 expers,
2679 4461 2895 4530 propria
2941 4478 3036 4516 sua
3084 4477 3251 4518 carne
3298 4481 3489 4533 passus

227 4548 496 4617 ἐναργῶς,
534 4568 551 4600 ι
587 4549 725 4617 Ἐγώ
760 4552 875 4620 εἰμι
903 4552 930 4600 ό
955 4552 1158 4622 ποιμὴν
1190 4554 1217 4604 ὁ
1240 4553 1419 4616 καλός.
1461 4554 1518 4605 '0
1547 4554 1749 4624 ποιμὴν
1778 4557 1807 4606 ὁ

227 4641 415 4704 καλὸς,
447 4641 545 4711 τὴν
594 4641 772 4710 ψυχὴν
805 4643 999 4696 ἑαυτοῦ
1040 4645 1250 4712 τίθησιν
1279 4647 1417 4716 ὑπὲρ
1450 4646 1557 4698 τῶν
1606 4645 1806 4715 προβά-

226 4751 360 4788 των.
400 4752 417 4783 ι
444 4734 550 4786 Καὶ
578 4735 740 4786 πάλιν
765 4751 778 4763 ·
817 4753 834 4784 ι
866 4735 1053 4798 Οὐδεὶς
1077 4736 1222 4806 αἴρει
1254 4738 1352 4807 τὴν
1373 4736 1550 4806 ψυχήν
1581 4754 1682 4806 μου
1713 4737 1806 4789 ἀπ’

228 4824 390 4894 ἐμοῦ,
421 4826 533 4878 ἀλλ’
568 4825 679 4892 ἐγὼ
735 4826 926 4895 τίθημι
976 4826 1144 4896 αὐτὴν
1182 4827 1276 4879 ἀπ’
1316 4826 1575 4896 ἐμαυτοῦ.
1630 4826 1811 4891 Ἐξου-

230 4917 359 4970 σίαν
386 4917 492 4988 ἔχω
521 4918 691 4971 θεῖναι
737 4920 926 4988 αὐτὴν,
974 4919 1067 4972 καὶ
1113 4918 1356 4982 ἐξουσίαν
1383 4918 1490 4988 ἔχω
1525 4917 1686 4970 πάλιν
1717 4918 1810 4970 λκ-

230 5009 350 5060 6εῖν
396 5009 582 5078 αὑτήν.
628 5028 646 5060 ι
697 5011 834 5064 Ἀλλ’
888 5008 957 5082 ἦν
1001 5011 1099 5080 οὐχ
1155 5010 1272 5072 ἑνὸς
1300 5009 1408 5062 τῶν
1464 5010 1586 5062 καθ’
1641 5012 1809 5080 ἡμᾶς,

228 5096 360 5150 οὔτε
389 5099 492 5169 μὴν
533 5101 820 5170 ἀνθρώπου
853 5103 1055 5166 κοινοῦ,
1085 5102 1146 5154 τὸ
1175 5101 1423 5165 ἐξουσίαν
1463 5100 1606 5170 ἔχειν
1639 5101 1811 5154 θεῖναί

226 5205 290 5240 τε
321 5187 501 5258 ψυχὴν
545 5191 640 5242 καὶ
672 5191 962 5244 ἀναλαϐεῖν
1006 5192 1193 5262 αὑτήν.
1233 5191 1455 5243 Τέθεικε
1501 5191 1678 5243 δὲκαὶ
1719 5193 1812 5243 άν-

229 5277 429 5329 ἐλαϐεν
451 5280 478 5330 ὁ
505 5280 811 5350 Μονογενὴς
845 5283 940 5334 καὶ
966 5281 1179 5350 άληθῶς
1206 5281 1354 5343 Υἱὸς,
1385 5281 1494 5332 τῶν
1523 5281 1613 5334 τοῦ
1650 5281 1814 5334 θανά-

228 5386 329 5420 του
362 5369 568 5438 βρόχων
594 5373 742 5441 ἠμᾶς
772 5371 876 5435 ἔξω
900 5371 1089 5435 τιθείς.
1127 5373 1255 5426 ’Ἱδοι
1287 5373 1331 5425 δ’
1360 5373 1426 5424 ἄν
1458 5389 1541 5435 τις
1579 5367 1636 5425 εὖ
1672 5371 1815 5441 μάλα

228 5462 407 5524 τουτὶ,
438 5462 531 5513 καὶ
555 5464 609 5512 ὲν
640 5465 760 5524 ταῖς
789 5464 1032 5525 Μωσέως
1071 5464 1292 5531 βίϐλοις,
1319 5463 1395 5524 ὼς
1429 5465 1486 5516 ὲν
1521 5465 1698 5524 σκιαῖς
1721 5463 1812 5518 ἐπὶ

228 5553 348 5605 τοῖς
396 5551 558 5602 πάλαι
595 5551 1096 5622 διαμορφούμενοψ
1140 5555 1372 5620 ἐξείλετο
1417 5555 1524 5624 γάρ
1574 5555 1806 5609 θανάτου

321 5731 362 5762 δ’
392 5723 552 5777 iiebr.
588 5739 649 5781 ιι,
688 5724 865 5780 10-15.

565 5816 833 5872 ΡΑτειοι..
865 5818 984 5875 Gn.
1031 5818 1272 5881 LXXV.

945 5727 989 5757 δ’
1029 5728 1219 5783 Matth.
1248 5746 1433 5796 xxvm,
1469 5730 1555 5787 l9.
1634 5732 1679 5762 '°
1722 5733 1875 5788 Rom.
1909 5748 1981 5798 vt,

1914 4566 2033 4606 esse
2062 4552 2350 4606 diceretur.
2389 4552 2500 4607 Hac
2540 4553 2681 4606 enim
2718 4554 2924 4608 ratione
2959 4552 3012 4608 id
3065 4554 3205 4621 quod
3257 4556 3489 4622 perierat

1916 4643 2159 4696 salvavit.
2195 4644 2257 4697 Et
2286 4644 2500 4712 quidem
2528 4646 2810 4698 manifeste
2835 4644 3007 4697 dixit:
3048 4663 3065 4694 ι
3099 4644 3212 4714 Ego
3247 4660 3362 4698 smn
3395 4662 3486 4713 pa-

1917 4746 2032 4791 stur
2051 4737 2244 4790 bonus.
2271 4734 2459 4789 Pastor
2476 4735 2646 4788 bonus
2665 4735 2899 4786 animam
2921 4748 3073 4786 suam
3097 4736 3245 4801 ponit
3260 4750 3354 4799 pro
3375 4735 3488 4787 ovi-

1919 4830 2036 4881 bus.
2073 4847 2090 4878 ι
2133 4827 2194 4880 Ει
2225 4842 2438 4880 rursum
2476 4844 2489 4879 :
2524 4843 2542 4875 ι
2575 4825 2742 4879 Nemo
2795 4824 2932 4877 tollit
2962 4823 3198 4876 anitnam
3248 4840 3420 4878 meam
3455 4840 3485 4876 a

1918 4935 2004 4973 me
2049 4936 2060 4970 :
2099 4923 2192 4972 sed
2241 4932 2342 4987 ego
2399 4931 2539 4985 pono
2589 4931 2709 4970 eam
2749 4932 2778 4968 a
2829 4930 2913 4968 me
2968 4917 3102 4983 ipso.
3153 4914 3485 4969 Potestatetn

1921 5013 2092 5066 habeo
2137 5011 2366 5079 ponendi
2418 5024 2559 5072 eam,
2597 5019 2650 5061 et
2696 5015 3014 5074 potestatem
3057 5007 3229 5060 habeo
3286 5007 3481 5060 iterum

1918 5103 2161 5157 sumendi
2190 5100 2390 5154 eam".
2430 5119 2446 5147 ι
2483 5099 2758 5167 Atqniboc
2800 5113 2904 5152 non
2945 5097 3102 5150 fuerit
3137 5097 3367 5166 alicujus
3390 5111 3484 5151 no-

1916 5206 2110 5255 strum,
2159 5205 2333 5260 neque
2369 5190 2604 5260 vulgaris
2642 5187 2877 5242 hominis
2929 5188 3128 5242 habere
3178 5188 3486 5243 facultatem

1918 5284 2149 5354 ponendi
2191 5284 2426 5335 anitnam
2474 5296 2652 5343 suam,
2699 5287 2753 5334 et
2801 5280 3046 5334 sumendi
3089 5280 3256 5334 illam.
3309 5279 3485 5350 Depo-

1917 5377 2024 5429 suit
2057 5390 2184 5428 vero
2213 5385 2268 5428 et
2301 5373 2498 5441 recepit
2536 5357 2665 5425 eam‘
2690 5371 3012 5440 Unigenitus
3033 5412 3048 5436 ,
3074 5371 3237 5442 ’174Ι
3262 5387 3325 5425 ac
3357 5387 3485 5426 vere

1919 5466 2108 5529 Filius,
2148 5466 2338 5519 mortis
2374 5463 2576 5532 laqueis
2633 5478 2730 5517 nos
2782 5463 3044 5530 eripiens.
3091 5463 3242 5526 Quod
3273 5463 3486 5530 quidem

1917 5557 2080 5611 etiam
2116 5556 2167 5608 in
2207 5553 2458 5607 Mosaicis
2493 5553 2646 5607 libris
2677 5553 2901 5622 optime,
2937 5552 3100 5605 veluti
3154 5553 3206 5604 in
3237 5550 3443 5603 umbris
3467 5591 3483 5614 ,

2723 5729 2768 5760 ⁸¹
2803 5728 2959 5783 Joan.
2999 5743 3050 5789 x,
3087 5727 3174 5788 ll,
3223 5726 3305 5779 l8.

3092 5817 3123 5875 4
3134 5818 3164 5875 3

2147 5731 2188 5761 ⁶¹
2233 5730 2452 5802 Ephrs.,
2486 5746 2560 5796 tv,
2593 5731 2644 5783 5.
