4078 6264
608 322 751 378 1555

1633 314 1690 369 s.
1729 309 2006 367 cvuiLu
2045 308 2516 366 ALEXANDBI‘NI
2556 309 2880 367 ARClllEP.
2958 272 2963 280 ’

3742 308 3868 366 1⁸556

610 444 934 497 delineatum
963 439 1129 493 fuisse
1163 435 1435 490 veteribus
1481 433 1806 501 comperias.
1857 432 1987 487 Ovis
2033 432 2178 486 enim

2301 432 2377 484 cal
2406 430 2615 501 φθορᾶς
2644 432 2676 501 ἡ
2702 431 2797 483 τοῦ
2832 429 3105 501 προϐάτου
3169 426 3349 498 σφαγὴ
3380 427 3504 488 τοὺς
3535 426 3594 492 ἐξ
3640 427 3869 496 Ἰσραὶηλ,

612 534 865 587 mactatio
894 531 1168 585 Israelita:
1189 544 1217 580 a
1242 534 1417 579 morte
1437 533 1600 593 atque
1618 523 1838 578 interitu
1861 533 2141 577 exemerat
2164 562 2182 587 ,

2288 524 2382 577 καὶ
2431 524 2780 593 δεδυσώπηκε
2812 524 2903 576 τὸν
2952 521 3303 592 ὀλοθρευτὴν.
3345 520 3529 582 Τόπος
3581 520 3642 572 δὲ
3678 517 3745 590 ἦν
3775 524 3874 590 ἀμ

612 620 1100 681 etinterlectbrem
1161 617 1417 687 placavit.
1473 614 1635 686 Atqui
1693 627 1793 668 res»
1832 613 1944 668 haec
1988 613 2186 667 Christi

2301 616 2350 669 τὸ
2382 618 2571 685 χρῆμα
2596 612 2854 684 Χριστοῦ.
2886 612 2957 666 Ἰὺ
2982 614 3089 682 γὰρ
3118 612 3310 682 Πάσχα
3346 611 3503 683 ἡμῶν
3531 610 3681 681 ὑπὲρ
3728 610 3872 680 ἡμῶν

610 728 774 789 typus
803 731 866 769 ac
888 715 1052 784 ligura
1085 721 1222 766 erat.
1254 709 1461 763 Pascha
1484 708 1629 761 enim
1672 715 1918 759 nostrum
1945 720 2041 772 pro
2093 720 2188 757 no-

614 808 698 862 bis
727 806 1036 861 immolatus
1070 814 1152 857 est
1183 800 1454 864 Christus,
1513 806 1569 851 ut
1594 797 1968 852 tristissimum
2002 795 2188 848 mortis

617 900 904 967 imperium
947 896 1265 950 dissolveret
1298 892 1371 960 ",
1423 899 1477 946 et
1527 891 1744 960 preprio
1791 905 1889 943 suo
1928 887 2191 956 sanguine

536 972 541 977 1
615 993 925 1045 universum
962 998 1227 1041 terrarum
1251 984 1436 1039 orbem
1461 982 1563 1037 sibi
1587 981 1894 1051 acquireret
1917 980 1986 1033 “.
2013 979 2188 1047 Etnpti

610 1083 755 1136 enim
798 1094 985 1134 sumus
1038 1078 1211 1148 pretio
1245 1077 1329 1139 ",
1383 1083 1437 1129 et
1487 1088 1595 1128 non
1642 1088 1830 1129 sumus
1888 1072 2062 1127 nostri
2118 1072 2188 1127 ".

618 1171 766 1228 Unus
798 1172 942 1225 enim
992 1184 1087 1239 pro
1137 1166 1387 1221 omnibus
1422 1174 1666 1218 mortuus
1717 1171 1822 1228 est,
1876 1163 1967 1232 qui
2019 1162 2193 1230 pretio

614 1278 805 1319 omnes
844 1259 1159 1330 superabat,
1211 1265 1271 1312 ut
1323 1257 1569 1310 viventes
1623 1269 1729 1309 non
1790 1252 2025 1322 amplius
2086 1252 2190 1306 sibi

616 1357 749 1425 ipsis
793 1355 995 1415 vivant,
1041 1350 1134 1404 sed
1174 1347 1225 1402 ei
1282 1347 1372 1416 qui
1419 1362 1520 1417 pro
1555 1346 1690 1415 ipsis
1738 1352 1983 1399 mortuus
2025 1351 2109 1397 est
2140 1350 2195 1397 et

618 1446 918 1503 resurrexit
974 1444 1041 1497 ιτ.
1095 1441 1382 1497 Consentit
1432 1452 1563 1492 vero
1608 1437 1693 1492 his
1743 1437 1907 1491 etiam
1950 1433 2191 1499 Paulus,

608 1542 844 1595 dicens:
887 1555 906 1587 ι
944 1536 1055 1605 Ego
1100 1533 1244 1589 enim
1279 1546 1373 1602 per
1412 1530 1583 1599 legem
1618 1529 1722 1599 legi
1762 1539 2010 1583 mortuus
2042 1541 2187 1589 sum,

609 1642 677 1684 ut
722 1629 830 1683 Deo
872 1627 1050 1680 vivam
1081 1642 1096 1677 :
1132 1623 1354 1678 Christo
1402 1620 1651 1676 conﬁxus
1688 1623 1808 1674 sum
1839 1620 2011 1673 cruci.
2057 1616 2193 1670 Vivo

608 1732 818 1784 autem,
858 1719 967 1787 iam
998 1731 1102 1771 non
1146 1728 1283 1783 ego,
1324 1712 1457 1765 vivit
1514 1726 1645 1765 vero
1689 1712 1742 1765 in
1795 1724 1882 1764 me
1917 1708 2190 1763 Christus.

617 1815 770 1881 Quod
801 1821 977 1864 autem
1021 1822 1163 1863 nunc
1194 1807 1319 1861 vivo
1361 1804 1414 1859 in
1455 1818 1644 1868 carne,
1686 1802 1741 1856 in
1771 1801 1875 1855 tide
1909 1802 2031 1854 vivo
2071 1796 2191 1852 Filii

618 1906 732 1968 Dei,
776 1904 865 1972 qui
919 1900 1107 1956 dilexit
1147 1912 1253 1963 me,
1310 1905 1369 1950 et
1423 1896 1646 1949 tradidit
1697 1894 2047 1961 semetipsum
2095 1906 2193 1961 pro

619 2013 704 2050 me
737 1997 802 2048 "'.
843 2014 861 2046 ι
894 1990 1097 2048 Christi
1153 2004 1282 2059 ergo
1319 2001 1509 2041 omnes
1557 2000 1746 2041 sumus
1786 1993 1841 2039 et
1886 1998 1981 2053 per
2017 1983 2193 2052 ipsum

616 2088 889 2143 conciliati
922 2084 1091 2149 Patri,
1124 2082 1214 2153 qui
1252 2094 1423 2136 carne
1457 2092 1647 2147 passus
1674 2086 1758 2131 est
1791 2090 1890 2146 pro
1933 2075 2108 2141 nobis,
2137 2083 2196 2128 ut

616 2180 847 2234 mundos
880 2164 1138 2231 elliceret.
1182 2173 1456 2240 Scriptum
1496 2176 1583 2223 est
1625 2168 1771 2221 enim
1826 2182 1841 2217 :
1893 2184 1911 2215 ι
1968 2164 2195 2233 Propter

614 2275 756 2343 quod
785 2282 838 2327 et
871 2271 1048 2332 Jesus,
1076 2277 1135 2323 ut
1159 2265 1530 2321 sanctiﬁcaret
1558 2275 1655 2331 per
1687 2275 1842 2312 suum
1876 2258 2192 2328 sanguinein

616 2365 893 2438 populum,
924 2370 1077 2417 extra
1111 2368 1319 2429 portant
1356 2370 1547 2425 passus
1586 2362 1671 2407 est
1700 2352 1767 2404 ⁶⁹.
1826 2370 1844 2401 ι
1884 2349 1949 2403 Ει
1982 2367 1994 2403 :
2026 2367 2044 2399 ι
2088 2347 2194 2403 Nos

614 2476 739 2513 cum
780 2470 1029 2512 essemus
1071 2452 1361 2520 aliquando
1412 2446 1633 2502 alienati
1679 2457 1736 2499 et
1784 2444 1992 2499 inimici
2029 2457 2193 2499 sensu

616 2551 670 2601 in
721 2546 978 2615 operibus
1022 2542 1180 2595 malis
1235 2556 1247 2590 :
1288 2551 1430 2591 nunc
1479 2544 1656 2587 autem
1712 2531 2083 2585 reconciliavit
2142 2529 2227 2587 in,

616 2652 845 2707 corpore
872 2633 1052 2689 carnis
1082 2631 1199 2698 eius
1230 2644 1326 2699 per
1359 2636 1608 2690 mortem,
1643 2622 1903 2678 exhibere
1932 2637 2028 2676 vos
2069 2636 2194 2675 san-

617 2740 735 2783 ctos
783 2738 839 2780 et
896 2723 1309 2785 immaculatos,
1355 2729 1411 2773 et
1453 2715 1960 2788 irreprehensihiles
2012 2729 2193 2767 coram

619 2820 736 2886 ipso
775 2816 840 2868 ⁸ο.
877 2835 894 2865 ι
922 2811 1182 2880 lntelligis
1214 2811 1392 2879 itaque
1419 2823 1526 2876 quo
1559 2815 1719 2873 pacto
1739 2807 2017 2875 proprium
2057 2819 2194 2858 san-

615 2910 832 2980 guinem
864 2915 918 2961 et
950 2905 1225 2974 proni-iam
1254 2915 1470 2955 carnem
1499 2899 1668 2970 ipsius
1701 2907 1857 2952 vocet
1879 2937 1895 2963 ,
1926 2912 2046 2952 eam
2074 2910 2194 2964 qua:

610 3016 716 3070 pro
743 2998 900 3053 nobis
948 2998 1070 3050 data
1117 3004 1238 3060 est;
1282 3004 1456 3061 neque
1497 2990 1722 3045 alterius
1769 2988 2051 3056 cujusdam
2102 2986 2195 3044 lilii

614 3094 818 3149 diversi
856 3091 923 3145 ab
945 3091 1061 3158 ipso
1090 3102 1208 3142 esse
1241 3087 1508 3148 dicamus,
1537 3083 1628 3152 qui
1661 3082 1957 3137 distinctus
1979 3080 2047 3136 ab
2076 3079 2195 3149 ipso

2226 1775 2267 1831 Β

618 3186 709 3249 sit,
761 3195 815 3239 et
860 3182 973 3236 sola
1028 3178 1408 3249 conjunctione
1462 3190 1584 3229 cum
1619 3174 1736 3242 ipso
1766 3173 2097 3237 decoratus,
2141 3180 2196 3226 et

615 3274 850 3330 ascititia
882 3272 1050 3341 gloria
1090 3268 1349 3337 praeditus
1379 3266 1471 3332 sit,
1499 3263 1779 3321 essentiali
1805 3263 2072 3332 dignitate
2107 3270 2196 3316 at—

614 3382 722 3437 que
750 3362 1045 3421 eminentia
1097 3374 1336 3422 carens;
1366 3360 1486 3423 sed,
1536 3357 1712 3410 inStar
1736 3354 1903 3408 vestis
1940 3365 1995 3407 et
2033 3353 2194 3407 larva

614 3457 899 3526 cujusdam
932 3493 947 3517 ,
1000 3450 1121 3506 Filii
1156 3466 1220 3506 ac
1272 3449 1368 3505 Dei
1426 3448 1669 3502 omnium
1714 3445 1955 3516 supremi
2000 3459 2195 3501 nomen

614 3558 788 3618 gerat.
823 3546 957 3598 Nam
986 3546 1031 3599 si
1055 3545 1128 3597 ita
1157 3558 1217 3597 se
1260 3541 1580 3597 naturaliter
1617 3538 1837 3602 habeat,
1894 3547 1960 3592 ut
2000 3539 2199 3593 adver-

618 3640 751 3694 sarii
795 3640 1059 3699 sentiunt,
1112 3637 1255 3688 nulla
1304 3636 1514 3687 ratione
1545 3634 1621 3687 illi
1658 3632 1947 3687 conveniat
1974 3631 2196 3686 dicere:

623 3750 646 3782 ι
686 3729 798 3799 Ego
816 3744 933 3783 sum
967 3727 1170 3780 veritas
1202 3726 1266 3777 ει.
1303 3743 1321 3776 ι
1363 3722 1647 3787 Quomodo
1696 3724 1843 3776 enim
1887 3737 2076 3774 verum
2127 3722 2202 3774 sit

618 3823 761 3891 quod
793 3836 898 3874 non
928 3820 999 3871 ita
1033 3832 1092 3871 se
1129 3818 1289 3869 habet
1320 3830 1383 3869 ac
1416 3813 1572 3877 dicit,
1603 3813 1697 3867 sed
1727 3812 1971 3881 spurinm
2000 3822 2056 3865 et
2079 3810 2199 3867 falsi

623 3913 901 3968 nominis?
955 3912 1025 3963 At
1058 3923 1189 3962 vero
1238 3907 1492 3963 Christus
1541 3905 1748 3958 veritas
1803 3912 1905 3966 est,
1951 3912 2007 3958 et
2040 3917 2201 3972 super

617 4021 831 4068 otnnes,
861 4014 917 4057 ut
952 4004 1113 4057 Deus.
1144 4000 1340 4057 Mansit
1374 3998 1519 4052 enim
1544 3994 1781 4051 Verbum
1817 3996 1865 4048 id
1894 3997 2036 4065 quod
2060 4004 2197 4059 erat,

622 4099 835 4151 tametsi
872 4096 1069 4149 factum
1097 4095 1167 4147 sit
1212 4099 1362 4154 eam,
1428 4098 1487 4143 ut
1522 4088 1613 4159 qui
1665 4102 1829 4157 supra
1862 4100 2053 4144 omnes
2091 4094 2200 4150 est,

2291 706 2455 777 ἐτύθη
2478 706 2732 776 Χριστὸς,
2762 705 2848 758 ἵνα
2876 706 2938 758 τὸ
2961 705 3185 775 ἀμειδὲς
3213 704 3306 756 τοῦ
3342 704 3573 757 θανάτου
3604 703 3870 774 καταλύσῃ

2292 797 2514 867 κράτος,
2535 797 2728 865 αἵματί
2758 811 2817 848 τε
2838 795 2914 866 τῷ
2949 795 3063 864 ἰδίῳ
3096 796 3517 866 κατακτήσηται
3550 796 3655 865 τὴν
3679 796 3768 847 ὑπ’
3801 796 3872 848 οὑ-

2294 892 2475 960 ρανόν.
2524 886 2905 959 Ἠγοράσμεθα
2943 886 3051 960 γὰρ
3084 888 3270 958 τιμῆς,
3299 888 3391 939 καὶ
3437 874 3740 956 οὺκλὲσμὲν
3765 888 3869 939 ἑαυσ

2291 980 2422 1033 τῶν.
2476 974 2571 1043 Εἷς
2621 978 2731 1049 γὰρ
2776 978 2915 1049 ὑπὲρ
2957 978 3177 1032 πάντων
3231 977 3525 1042 ἀπέθανεν,
3579 979 3609 1029 ὁ
3670 979 3871 1030 πάντων

2293 1070 2606 1143 ἀξιώτερος,
2638 1071 2704 1124 ἵν’
2733 1073 2783 1124 οἱ
2816 1069 3018 1135 ζῶντες
3052 1068 3250 1141 μηκέτι
3284 1068 3500 1130 ἑαυτοῖς
3532 1065 3733 1130 ζῶσιν,
3758 1066 3875 1120 ἀλλὰ

2292 1164 2370 1234 τῷ
2410 1164 2550 1233 ὑπὲρ
2584 1163 2764 1216 αὐτῶν
2795 1161 3122 1217 ἀποθανόντι
3161 1162 3255 1216 καὶ
3275 1160 3583 1232 ἐγερθέντι.
3619 1158 3874 1229 sumo:-

2292 1274 2383 1311 ται
2417 1256 2473 1311 δὲ
2517 1257 2610 1310 καὶ
2635 1257 2663 1310 ὁ
2688 1255 2920 1321 Παῦλος,
2959 1255 3157 1323 λέγων,
3198 1272 3218 1306 ι
3274 1252 3418 1322 Ἐγὼ
3452 1254 3567 1322 γὰρ
3605 1252 3703 1305 διὰ
3725 1253 3872 1322 νόμον

2294 1350 2445 1419 νόμῳ
2482 1348 2772 1414 ἀπέθανον,
2806 1348 2893 1400 ἵνα
2914 1346 3033 1417 Θεῷ
3062 1346 3232 1418 ζήσω,
3260 1346 3482 1417 Χριστῷ
3512 1346 3572 1399 δὲ
3604 1344 3875 1398 advecta-J-

2297 1457 2502 1511 ρωμαι,
2531 1439 2609 1506 ζῶ
2640 1440 2698 1493 δὲ
2744 1441 2845 1493 οὐκ
2877 1440 2957 1493 ἔτι
2994 1438 3126 1508 ἐγὼ,
3168 1438 3235 1510 ζῇ
3270 1438 3328 1491 δὲ
3358 1440 3417 1492 ἐν
3462 1438 3590 1509 ἐμοὶ
3634 1435 3875 1509 Χριστέ;.

2301 1535 2366 1587 '0
2412 1534 2468 1587 δὲ
2496 1534 2591 1587 νῦν
2623 1533 2699 1600 ζῶ
2748 1536 2806 1586 ὲν
2841 1534 3027 1605 σαρκὶ,
3059 1534 3118 1586 ὲν
3166 1532 3347 1585 πίστει
3376 1531 3471 1596 ζῶ,
3501 1534 3570 1601 τῇ
3615 1530 3719 1583 τοῦ
3765 1528 3880 1584 Tisia

2294 1626 2387 1679 τοῦ
2417 1626 2574 1692 Θεοῦ,
2603 1625 2698 1680 τοῦ
2728 1626 3112 1698 ἀγαπήσαντός
3149 1642 3236 1696 με,
3268 1625 3365 1678 καὶ
3387 1626 3741 1696 παραδόντος
3768 1626 3881 1678 tau-

2294 1714 2384 1767 τὸν
2401 1714 2542 1784 ὑπὲρ
2571 1714 2726 1783 ἐμοῦ.
2766 1733 2784 1765 ι
2810 1713 3047 1784 Χριστοῦ
3080 1714 3368 1785 τοιγαροῦν
3398 1718 3448 1767 οἱ
3466 1714 3681 1777 πάντες
3704 1715 3883 1783 ἐσμὲν,

2298 1806 2391 1857 καὶ
2428 1804 2494 1856 δι’
2525 1804 2689 1858 αὑτοῦ
2719 1807 3142 1875 κατηλλάγμεθα
3162 1806 3241 1877 τῷ
3270 1806 3469 1878 Πατρὶ,
3499 1809 3676 1878 σαρκὶ
3710 1807 3887 1860 παθόν-

2296 1911 2387 1958 τος
2420 1896 2560 1966 ὺπὲρ
2594 1896 2771 1966 ἡμῶν,
2815 1898 2881 1949 ἶν’
2917 1899 3063 1968 ἡμᾶς
3109 1899 3363 1969 ἀποφήνῃ
3414 1898 3884 1968 κεκαθαρμένους.

2296 1988 2609 2058 Γέγραπται
2653 1989 2763 2060 γὰρ
2788 2030 2803 2055 ,
2835 1990 2918 2044 ὅτι
2952 2010 2970 2044 ι
3011 1990 3118 2044 At)»
3146 1992 3242 2045 καὶ
3275 1991 3510 2059 Ἰησοῦς,
3554 1993 3653 2046 ἵνα
3696 1994 3886 2064 ἁγιάσῃ

2295 2080 2383 2133 διὰ
2413 2080 2507 2134 τοῦ
2544 2081 2674 2134 ἰδίου
2710 2083 2941 2153 αἵματος
2971 2084 3062 2137 τὸν
3095 2084 3243 2149 λαὸν,
3274 2084 3380 2151 ἔξω
3408 2085 3510 2155 τῆς
3543 2085 3732 2155 πύλης
3765 2086 3885 2138 ἔπει·

2298 2171 2411 2226 θεν.
2450 2190 2469 2225 ι
2499 2174 2608 2227 Καὶ
2657 2174 2819 2228 πάλιν
2843 2190 2857 2205 ⁶
2890 2195 2907 2225 ι
2946 2176 3057 2231 Καὶ
3091 2178 3244 2247 ἡμᾶς
3288 2193 3421 2229 ποτε
3453 2175 3624 2239 ὕντας
3658 2176 3884 2246 ἀπηλλο-

2296 2265 2633 2335 τριωμένους
2668 2265 2762 2321 καὶ
2809 2266 3039 2337 ἐχθροὺς
3076 2270 3140 2338 τῇ
3190 2267 3398 2338 διανοίᾳ
3440 2269 3499 2321 ὲν
3546 2272 3669 2331 τοῖς
3720 2269 3888 2338 ἔργοις

2297 2356 2409 2415 τοῖς
2449 2357 2704 2425 πονηροῖς
2725 2370 2737 2382 ο
2764 2357 2881 2408 νυνὶ
2912 2356 2967 2409 δὲ
3000 2357 3448 2426 ἀποκατήλλαξεν
3476 2359 3538 2410 ὲν
3570 2359 3656 2427 τῷ
3689 2358 3888 2427 σώματι

2296 2446 2395 2515 τῆς
2420 2446 2622 2516 σαρκὸς
2648 2447 2811 2500 αὑτοῦ
2843 2448 2931 2501 διὰ
2953 2449 3043 2503 τοῦ
3076 2448 3333 2514 θανάτου,
3362 2452 3629 2521 παραστῆ
3641 2468 3735 2503 σαι
3759 2452 3888 2521 ὑμᾶς

2299 2537 2487 2603 ἁγίους
2513 2537 2607 2590 καὶ
2631 2537 2897 2608 ἀμώμους
2928 2541 3270 2595 κατενώπιον
3299 2541 3488 2594 αὑτοῦ.
3537 2561 3558 2595 ι
3606 2542 3781 2606 Σύνες
3808 2539 3888 2595 οὖν

2297 2628 2447 2692 ὅπως
2482 2628 2610 2681 ἴδιον
2641 2624 2779 2699 αἷμα
2811 2631 2907 2683 καὶ
2947 2631 3087 2687 ἰδίαν
3135 2634 3313 2702 σάρκα
3347 2634 3517 2703 φησιν
3572 2635 3772 2699 αὐτοῦ,
3806 2636 3891 2703 τὴν

2302 2718 2550 2772 δοθεῖσαν
2580 2719 2720 2791 ὑπὲρ
2745 2720 2925 2790 ἡμῶν,
2951 2721 3038 2774 ἶνα
3071 2721 3144 2793 μὴ
3183 2722 3373 2792 ἐτέρου
3415 2722 3552 2792 παρ’
3589 2722 3763 2775 αὐτὸν
3787 2721 3893 2775 υἱοῦ

2297 2809 2550 2881 λέγωμεν
2595 2812 2785 2882 αὐτὴν,
2831 2812 3123 2883 νοουμένου
3172 2830 3233 2865 τε
3279 2814 3582 2884 ἁναμὲρος,
3621 2814 3726 2867 καὶ
3776 2815 3894 2883 ψιλῇ

2300 2903 2567 2975 συναφείᾳ
2614 2905 3004 2974 τετιμημένου,
3038 2906 3132 2958 καὶ
3172 2907 3414 2976 ὲπακτὴν
3456 2906 3693 2977 ἔχοντος
3724 2907 3896 2971 δόξαν,

2298 2997 2395 3049 καὶ
2448 2998 2550 3049 οὐκ
2581 2996 2819 3069 οὑσιώδηη
2872 2996 2973 3069 τὴν
3019 2997 3311 3070 ὑπεροχὴν,
3358 2999 3651 3071 ἐπίϐλημα
3703 3002 3765 3054 δὲ
3814 3002 3902 3054 καὶ

2298 3089 2489 3161 ὥσπερ
2515 3108 2567 3143 τι
2608 3093 2953 3161 προσωπεῖον
2976 3093 3383 3164 ὲπεῤῥιμμένον
3412 3094 3589 3165 αὐτῷ,
3626 3095 3697 3148 τό
3718 3113 3779 3148 τε
3814 3096 3903 3163 τῆς

2308 3180 2556 3251 υῖὸτητος
2596 3181 2690 3234 καὶ
2714 3181 2815 3253 τῆς
2844 3182 2985 3255 ὑπὲρ
3028 3186 3205 3239 πάντα
3235 3184 3488 3256 θεότητος
3511 3187 3722 3257 ὄνομα.
3755 3187 3905 3241 ὕῦτω

2301 3268 2410 3339 γὰρ
2442 3269 2616 3340 ἔχοντι
2646 3270 2788 3325 κατὰ
2829 3271 3014 3340 φύσιν,
3045 3273 3187 3328 καθά
3234 3279 3452 3347 φρονεῖν
3494 3278 3824 3345 ἐγνώκασιν
3862 3280 3907 3329 el

2303 3363 2372 3416 δι’
2405 3363 2653 3427 ἐναντίας
2671 3405 2687 3430 ,
2716 3366 3010 3436 ἀρμόσειεν
3046 3365 3112 3421 ἂν
3148 3368 3298 3439 αὐτῷ
3324 3371 3443 3422 κατ’
3470 3369 3676 3423 οὐδένα
3706 3370 3914 3441 τρόπον

2304 3454 2367 3508 τὸ
2403 3455 2599 3526 χρῆναι
2628 3456 2829 3525 λέγειν,
2859 3476 2878 3511 ι
2901 3459 3044 3528 Ἐγώ
3074 3462 3190 3532 εἰμι
3216 3463 3249 3531 ἡ
3287 3460 3544 3531 ἀλήθεια.
3573 3480 3591 3512 ι
3631 3462 3774 3527 Πῶς
3809 3465 3915 3533 γὰρ

2301 3547 2522 3619 ἀληθὲς,
2552 3550 2614 3603 τὸ
2631 3551 2730 3621 οὐχ
2764 3550 2910 3608 οὕτω
2949 3553 3092 3623 έχον,
3122 3554 3198 3618 ὡς
3237 3553 3477 3621 λέγεται,
3522 3555 3693 3610 νόθον
3722 3558 3783 3609 δὲ
3813 3559 3911 3609 ('9:-

2302 3656 2409 3711 περ
2434 3659 2488 3695 τι
2540 3643 2634 3696 καὶ
2663 3644 3063 3717 ψευδώνυμον;
3116 3646 3273 3701 Ἀλλά
3326 3648 3436 3719 μὴν
3468 3649 3738 3720 ἀλήθεια,
3788 3654 3906 3720 39:-

2304 3732 2450 3795 στὸς,
2504 3733 2598 3787 καὶ
2638 3735 2823 3790 ἐπάνω
2874 3738 3094 3791 πάντων
3125 3738 3201 3802 ὡς
3241 3739 3407 3802 Θεὸς·
3454 3742 3758 3812 μεμένηκε
3812 3746 3904 3809 γὰο

2304 3821 2439 3892 ὅπερ
2467 3818 2534 3893 ἦν
2566 3824 2595 3875 ὁ
2638 3826 2831 3894 Λόγος,
2865 3830 2916 3881 εἰ
2953 3831 3047 3884 καὶ
3083 3829 3275 3899 γέγονε
3316 3834 3475 3903 σάρξ·
3507 3834 3576 3887 ἵν’
3609 3838 3641 3887 ὀ
3696 3839 3906 3889 aziwma

2306 3912 2563 3969 ἐπέκεινα
2587 3918 2680 3970 καὶ
2709 3919 2768 3973 ὲν
2796 3923 2909 3983 τοῖς
2935 3922 3071 3974 πᾶσι
3108 3922 3371 3991 γεγονὼς,
3403 3924 3496 3978 διὰ
3532 3926 3600 3977 τὸ
3626 3926 3907 3997 dveﬁouz-

2308 4019 2397 4056 νον
2422 4006 2755 4075 σωζόμενον,
2805 4009 2920 4080 ἔχοι
2948 4012 3011 4064 τὸ
3046 4008 3188 4067 εἶναι
3210 4015 3355 4086 πέρα
3387 4016 3621 4081 παντὸς,
3662 4020 3768 4071 καὶ
3812 4019 3907 4070 τὲη

2306 4093 2406 4163 τῆς
2436 4096 2668 4161 κτίσεως
2697 4099 2952 4154 ἐπέκεινα
2982 4104 3215 4174 μέτρων.

620 4200 675 4244 et
710 4190 763 4243 in
806 4187 1057 4241 omnibus
1106 4186 1301 4249 factus,
1345 4191 1564 4254 prepter
1610 4182 1902 4236 humanam
1948 4190 2195 4236 naturam
2237 4183 2499 4243 salvatam
2564 4192 2635 4245 sit
2667 4208 2831 4262 supra
2859 4211 3073 4263 omnes,
3104 4208 3158 4253 et
3223 4210 3493 4254 creatura:
3525 4203 3915 4257 conditionem

618 4285 870 4338 excedat.

614 4390 627 4440 ί
698 4374 757 4427 Β.
793 4374 859 4441 At
892 4373 1152 4435 inuretur,
1183 4369 1346 4439 775
1374 4368 1649 4435 inquiunt,
1673 4368 1782 4422 Deo
1805 4367 1981 4423 Verbo
2008 4382 2195 4438 magna

2376 4369 2439 4423 Β.
2494 4370 2633 4424 Ἀλλ’
2666 4374 3089 4445 έναπομάξεται,
3121 4380 3272 4452 φησὶ,
3311 4380 3390 4451 τῷ
3407 4382 3530 4452 Θεῷ
3564 4387 3745 4458 Λόγῳ

624 4463 941 4533 ignominia,
977 4463 1020 4515 si
1062 4462 1274 4515 dicatur
1310 4476 1503 4529 passus
1534 4475 1698 4524 esse;
1735 4470 1792 4512 et
1828 4461 2200 4515 venerandum

620 4566 865 4609 nostrum
901 4554 1218 4623 mysterium
1251 4554 1452 4607 infame
1478 4550 1752 4605 reddetur.

693 4733 757 4782 Α.
799 4728 924 4794 Sed,
953 4737 1261 4797 contempta
1293 4728 1607 4797 ignominia,
1636 4728 1743 4797 pati
1780 4744 1945 4783 carne
1974 4743 2072 4799 pro
2104 4743 2201 4783 ne—

622 4824 706 4877 bis
749 4822 948 4885 voluit,
992 4823 1287 4876 secundum
1333 4820 1736 4890 Scripturas".
1781 4820 1892 4888 Ego
1934 4834 2064 4874 vero
2106 4819 2201 4875 Ju-

621 4915 758 4969 daici
794 4916 991 4983 ingenii
1022 4916 1291 4977 morbum,
1323 4924 1380 4967 et
1409 4912 1626 4981 gentilis
1660 4913 1981 4983 ignorantiae
2009 4913 2200 4967 vitium

622 5020 743 5059 esse
784 5006 1088 5059 censuerim
1136 5004 1337 5068 dicere,
1383 5004 1689 5072 passionem
1731 5003 1909 5057 crucis
1950 5003 2201 5057 dedecori

622 5109 765 5148 esse.
804 5092 1003 5148 Scribit
1043 5108 1174 5163 ergo
1214 5094 1285 5146 ita
1328 5094 1542 5147 divinus
1584 5091 1780 5147 Paulus
1816 5109 1831 5145 :
1875 5112 1894 5144 ι
1933 5093 2199 5159 Quoniam

622 5195 676 5240 et
717 5184 885 5240 Judasi
930 5188 1080 5256 signa
1127 5196 1337 5254 petunt,
1374 5195 1428 5239 ct
1471 5185 1647 5241 Graeci
1692 5185 2011 5256 sapientiam
2055 5199 2202 5253 que-

625 5291 750 5331 runt
781 5297 794 5332 :
829 5294 927 5332 nos
953 5288 1139 5331 autem
1176 5279 1533 5345 prmdicamus
1555 5278 1828 5331 Christum
1861 5276 2202 5340 crucilixum,

623 5367 821 5422 .luda-is
861 5370 1080 5437 quidem
1125 5369 1466 5433 scandalum,
1512 5368 1765 5438 gentibus
1804 5378 1982 5423 autem
2024 5367 2205 5421 stulti-

624 5462 752 5514 tiam
801 5480 813 5514 :
861 5463 991 5529 ipsis
1040 5469 1219 5517 autem
1264 5461 1471 5515 vocatis
1513 5458 1717 5515 Iudaeis
1766 5469 1928 5530 atque
1977 5459 2202 5524 Gra'cis,

2309 4479 2358 4513 τι
2390 4461 2450 4514 τὸ
2471 4462 2744 4528 δυσκλεὲς,
2775 4466 2836 4519 τὸ
2865 4468 3119 4537 λέγεσθαι
3149 4471 3363 4525 παθεῖν’
3392 4474 3660 4549 διαϐεελή
3674 4496 3846 4533 σεται
3874 4481 3923 4533 ἃ

2310 4552 2446 4624 πρὸς
2493 4554 2668 4625 τούτῳ
2719 4557 2812 4609 καὶ
2858 4559 2990 4613 αὐτό
3051 4578 3153 4614 που
3196 4565 3337 4635 τάχα
3383 4565 3446 4619 τὸ
3493 4572 3713 4624 σεπτὸν
3769 4574 3921 4642 ἡμᾶν

2312 4646 2627 4715 μυστήριον.

2377 4737 2442 4789 Λ.
2494 4737 2632 4789 Ἀλλ’
2662 4728 3401 4817 αἰσχύνηζκαταφρονήσας
3470 4750 3660 4805 εἵλετο
3731 4756 3927 4807 παθεῖέ

2310 4827 2473 4896 σαρκὶ
2498 4826 2564 4878 δι’
2598 4829 2769 4897 ἡμᾶς,
2818 4830 2959 4884 κατὰ
3000 4832 3101 4896 τὰς
3142 4835 3381 4906 Γραφάς.
3421 4837 3835 4910 Ἀῤῥὼστημα
3879 4843 3925 4891 c7;

2310 4917 2506 4988 φρενὸς
2566 4919 2895 4989 Ἰουδαϊκῆς,
2942 4922 3037 4975 καὶ
3082 4923 3186 4993 τῆς
3239 4926 3508 4996 Ἑλλήνων
3568 4931 3929 5002 ἀϐελτηρξας

2289 5008 2565 5077 ἔγκλημα
2615 5011 2786 5065 δεινὸν
2832 5013 3289 5085 καταλογίσαιμεν
3323 5018 3409 5079 ἂν,
3443 5020 3508 5071 τὸ
3539 5022 3927 5092 αἰσχύνεσθαι

2305 5096 2484 5150 δοκεῖν
2515 5098 2575 5151 τὸ
2600 5099 2692 5151 ἐπὶ
2718 5099 2797 5171 τῷ
2838 5104 3059 5175 σταυρῷ
3102 5106 3293 5168 πάθος.
3331 5109 3538 5178 Γράφει
3569 5113 3722 5179 γοῦν
3770 5119 3805 5167 ὁ
3859 5118 3929 5167 οε-

2311 5185 2534 5249 σπὲσιος
2560 5186 2807 5254 Παῦλος,
2848 5208 2866 5241 ι
2910 5191 3128 5262 Ἐπειδὴ
3163 5196 3258 5247 καὶ
3297 5197 3540 5251 Ἰουδαῖοι
3580 5208 3820 5271 σημεῖα
3852 5212 3930 5257 αξ-

2308 5278 2482 5342 τοῦσι,
2529 5280 2623 5333 καὶ
2652 5280 2919 5350 Ἕλληνες
2951 5284 3143 5352 σοφίαν
3186 5285 3443 5357 ζητοῦσιν
3464 5332 3478 5355 ,
3512 5293 3688 5361 ἡμεῖς
3730 5297 3805 5351 δὲ
3838 5318 3931 5366 χξο

2313 5369 2585 5439 ρύσσομεν
2632 5371 2867 5442 Χριστὸν
2918 5373 3370 5446 ἐσταυρωμένον,
3439 5380 3744 5448 Ἰουδαίοις
3839 5390 3939 5448 3.13:?

2314 5460 2627 5527 σκάνδαλον,
2661 5439 2840 5517 ἔθνεσι
2868 5463 2924 5517 δὲ
2957 5439 3198 5538 μωρίαν,
3218 5439 3410 5545 ἀὐτοῖς
3440 5472 3496 5524 δὲ
3535 5478 3654 5538 τοῖς
3684 5439 3937 5546 {ius},

694 5657 739 5686 ιε
779 5657 801 5710 ι
837 5658 959 5727 αρτ.
990 5673 1041 5722 ν,
1081 5658 1141 5723 7;
1173 5657 1336 5711 llebr.
1370 5673 1431 5721 ιι,
1480 5659 1568 5712 ιι.
1648 5658 1696 5689 ιι
1732 5658 1854 5711 Act.
1894 5671 1983 5719 xx,
2015 5657 2107 5711 es.
2178 5654 2195 5727 ξ

2327 5654 2454 5711 Cor.
2494 5672 2595 5723 vn,
2627 5658 2717 5712 23.
2804 5660 2850 5691 ⁸⁸
2889 5661 2905 5715 1
2945 5660 3071 5718 Cor.
3106 5679 3179 5727 vr,
3212 5665 3296 5719 l9.
3377 5667 3423 5697 ⁸⁷
3466 5665 3505 5721 ll
3545 5668 3675 5722 Cur.
3726 5685 3793 5727 πῖ.
3832 5670 3925 5727 15.

629 5724 713 5778 l6.
788 5727 836 5757 ³⁸
872 5726 1043 5778 Galal.
1082 5743 1141 5791 ιι,
1182 5727 1382 5792 19,20.
1459 5729 1504 5759 ⁸’
1547 5728 1707 5785 llebr.
1735 5742 1878 5799 _xnt,
1916 5728 2000 5781 l2.
2078 5728 2122 5759 “°
2163 5725 2195 5780 C

2301 5741 2372 5787 ss.
2408 5743 2445 5793 ι,
2482 5728 2572 5795 2i,
2604 5728 2696 5783 '22.
2776 5732 2817 5762 “
2858 5731 3016 5788 Joan.
3052 5724 3174 5802 nr,
3206 5734 3256 5787 6.

3374 5737 3419 5767 ⁶¹
3486 5737 3654 5792 llehr.
3693 5754 3823 5803 xu,
3870 5742 3924 5789 2.
