4082 6258
617 280 758 342 1359

686 402 747 457 Β.
792 400 961 454 Recte
992 397 1148 452 dicis.

688 499 753 550 A.
800 490 910 545 Nisi
957 492 1100 545 enim
1147 487 1456 542 immediate
1497 485 1716 556 propria
1750 483 1909 539 Verbi
1952 482 2090 538 facta
2131 484 2202 539 sit

614 600 745 641 caro
774 598 894 653 qua:
927 583 1026 651 ipsi
1060 578 1406 633 ineﬂabiliter
1434 591 1706 646 supraque
1735 591 1952 631 onmem
1985 576 2199 630 intelle-

618 689 764 733 ctum
802 677 951 730 uiiita
986 683 1091 735 est,
1123 670 1393 739 quomodo
1428 668 1637 721 censeri
1678 667 1849 735 possit
1878 667 2201 721 vivilicans?

578 754 642 839 ’ξι
692 770 803 839 Ego
847 767 1014 827 enim,
1059 762 1254 830 inquit,
1302 775 1421 813 sum
1471 760 1623 829 panis
1670 759 1948 812 vivillcans
1994 760 2085 827 qui
2134 759 2201 814 de

576 834 763 924 gerulo
795 852 1065 909 descendi.
1101 850 1158 906 Si
1201 851 1322 916 quis
1361 848 1761 902 manducaverit
1796 862 1860 901 ex
1899 849 1999 903 hoc
2032 864 2197 918 pane,

594 949 759 1019 ,τίνει
802 947 854 999 in
898 954 1179 999 mternnm.
1218 941 1285 995 Et
1331 940 1485 1009 panis
1522 954 1686 1007 quem
1726 953 1828 1008 ego
1872 939 2032 1004 dabo,
2069 956 2200 995 caro

614 1030 738 1091 'me‘a
770 1045 853 1090 est
884 1051 978 1104 pro
1013 1033 1195 1087 mundi
1231 1033 1335 1087 vita
1358 1032 1425 1085 “.
1468 1049 1485 1083 ι
1522 1031 1589 1084 At
1618 1030 1663 1083 si
1694 1040 1779 1083 est
1811 1045 1941 1084 caro
1974 1031 2095 1084 Filii
2131 1032 2200 1086 ab

620 1130 736 1197 ipso
782 1125 1017 1188 diversi,
1062 1124 1153 1192 qui
1199 1133 1346 1176 arcta
1392 1120 1623 1189 quadam
1674 1118 2054 1188 conjunctione
2100 1121 2200 1189 ipsi

621 1220 826 1274 ascitus
852 1224 990 1280 erat,
1021 1224 1074 1270 et
1102 1214 1410 1283 aqualitate
1442 1212 1665 1267 honoris
1695 1228 1820 1267 cum
1848 1228 1912 1267 eo
1941 1215 2200 1277 donatus,

621 1324 727 1376 quo
752 1316 913 1376 pacto
937 1319 1089 1358 suam
1116 1312 1302 1368 vocat,
1331 1318 1452 1357 cum
1480 1303 1677 1372 alioqui
1710 1303 1926 1357 mentiri
1958 1303 2201 1358 nesciat?

623 1399 911 1466 Quomodo
943 1405 1123 1449 autem
1170 1394 1393 1448 alterius
1432 1393 1731 1462 cuiuspiam
1773 1409 1903 1449 caro
1944 1395 2201 1449 mundum

623 1490 898 1543 viviﬁcare
932 1495 1124 1555 queat,
1160 1485 1265 1539 nisi
1306 1486 1445 1538 facta
1483 1487 1555 1540 sit
1592 1487 1809 1555 propria
1844 1486 1999 1553 vita},
2041 1488 2201 1540 nimi-

624 1594 742 1632 rum
786 1576 945 1632 Verbi
996 1591 1062 1630 ex
1114 1576 1221 1629 Deo
1265 1575 1426 1631 Patre
1471 1578 1676 1645 geniti,
1729 1579 1795 1633 de
1838 1592 1947 1648 quo
1990 1578 2203 1634 divinus

623 1670 858 1725 ioannes
901 1668 972 1722 ita
1017 1669 1144 1720 ait:
1190 1685 1209 1718 ι
1257 1666 1325 1720 Et
1361 1669 1566 1723 scimus
1604 1670 1857 1738 quoniam
1899 1669 2069 1725 Filius
2110 1671 2202 1725 Dei

625 1762 793 1825 venit,
822 1770 876 1815 et
903 1760 1048 1814 dedit
1074 1758 1230 1813 nobis
1259 1773 1478 1813 sensum
1505 1769 1565 1813 nt
1590 1749 1984 1831 cognoscamus
2012 1776 2198 1817 verum

626 1852 791 1905 Deum
812 1892 825 1915 ,
861 1859 915 1903 et
948 1863 1134 1903 sumus
1160 1848 1224 1901 -ἱιι
1256 1862 1390 1903 vero
1424 1847 1560 1902 Filio
1594 1849 1763 1917 ipsius
1795 1849 1920 1905 Jesu
1961 1849 2199 1906 Christo.

623 1941 726 1996 ilic
755 1950 836 1997 est
862 1955 1020 1995 verus
1051 1939 1209 2003 Deus,
1239 1948 1295 1993 et
1322 1940 1430 1993 vita
1460 1948 1664 1995 aeterna
1690 1941 1764 1995 “‘2
1796 1960 1816 1994 ι

695 2112 756 2167 Β.
796 2113 1061 2168 Caterum
1105 2112 1210 2167 hoc
1250 2111 1443 2177 etiam,
1486 2121 1545 2166 ut
1606 2114 1863 2180 arbitror,
1922 2114 2198 2183 objicient,

625 2207 833 2259 dictum
862 2218 982 2259 esse
1010 2204 1078 2258 ab
1108 2205 1243 2270 ipso,
1270 2212 1325 2257 et
1355 2205 1572 2272 quidem
1607 2204 1893 2259 manifeste
1919 2221 1931 2255 :
1963 2224 1982 2256 ι
2006 2205 2199 2268 Amen,

626 2310 783 2349 amen
823 2296 942 2349 dico
972 2293 1155 2357 vobis,
1194 2294 1295 2347 nisi
1334 2294 1790 2350 manducaveritis
1824 2312 2043 2351 carnem
2080 2296 2202 2351 Filii

627 2386 891 2450 hominis,
923 2394 977 2439 et
1009 2385 1252 2438 biberitis
1280 2386 1598 2454 sanguinem
1630 2387 1828 2455 ipsius,
1857 2402 1963 2440 non
1994 2387 2205 2442 habetis

626 2478 789 2549 777
820 2479 981 2531 vitam
1017 2478 1067 2529 in
1098 2475 1249 2529 vobis
1272 2475 1337 2528 ⁸⁷.
1372 2495 1393 2527 ο
1432 2476 1536 2531 Nos
1568 2478 1752 2547 itaque
1781 2494 2086 2541 censemus,
2119 2479 2200 2533 in-

626 2571 838 2637 quiunt,
874 2583 978 2621 non
1012 2582 1132 2621 esse
1168 2566 1259 2621 Dei
1281 2566 1466 2633 Verbi,
1498 2558 1592 2622 sed
1629 2569 1808 2633 potius
1840 2569 2079 2624 hominis
2108 2569 2203 2639 qui

628 2659 728 2726 ipsi
764 2657 1082 2723 coniunctus
1110 2667 1190 2708 est
1219 2658 1513 2726 pretiosum
1545 2670 1739 2725 corpus
1773 2666 1828 2711 et
1863 2659 2199 2727 sanguinem.

699 2747 767 2799 A.
807 2747 873 2797 At
902 2760 1028 2797 vero
1058 2746 1185 2812 quid
1220 2746 1430 2799 tandem
1464 2746 1531 2800 de
1565 2763 1756 2817 magno
1791 2749 2068 2819 religionis
2105 2765 2200 2804 no-

628 2844 752 2888 stra:
789 2834 1045 2902 mysterio
1079 2836 1351 2888 statuent?
1376 2836 1616 2890 Tolletur
1650 2838 1819 2904 enim,
1862 2852 1921 2893 ut
1945 2850 2200 2909 apparet,

626 2924 723 2978 Dei
755 2923 909 2978 Verbi
940 2924 1267 2988 exinanilio,
1300 2926 1392 2994 qni
1423 2942 1546 2981 cum
1577 2939 1722 2981 esset
1751 2929 1802 2981 in
1835 2928 2008 2983 forma
2040 2943 2203 3001 atque

628 3012 936 3084 aequalitate
968 3012 1179 3077 Patris,
1211 3014 1379 3067 voluit
1416 3024 1633 3085 propter
1665 3033 1763 3073 nos
1797 3017 2027 3074 formam
2060 3020 2200 3076 servi

1634 281 1691 336 S.
1734 280 2006 336 CYRILLI
2048 277 2519 336 ALEXANDRINI
2562 277 2881 334 ARCHIEP.

3738 276 3857 330 1360

2226 399 2274 454 Α
2374 392 2434 444 Β.
2478 388 2551 445 Εὖ
2585 390 2784 460 λέγεις.
3042 390 3053 402 ⁵
3894 396 3899 427 ε

2372 483 2437 535 Λ.
2483 482 2544 533 Εἰ
2572 482 2681 550 γὰρ
2717 480 2820 533 οὐκ
2851 477 3072 549 ἁμέσως
3103 476 3210 530 ἰδία
3240 474 3335 529 τοῦ
3382 475 3556 543 Λόγου
3590 475 3804 543 γέγονεν
3835 478 3866 543 ἡ

2300 570 2638 641 ἀπορρήτως
2673 569 2821 640 αὑτῷ
2854 570 2948 622 καί
2978 570 3118 640 ὑπὲρ
3166 567 3291 620 νοῦν
3318 568 3413 619 καὶ
3441 567 3601 636 λόγον
3629 566 3867 620 meare:

2303 664 2482 735 σὰρξ,
2518 664 2637 726 πῶς
2682 663 2749 716 ἂν
2793 665 2967 715 νοοῖτο
3014 661 3308 725 ζωοποιός;
3346 679 3364 712 ι
3408 659 3551 728 Ἐγὼ
3594 660 3701 730 γάρ
3748 661 3868 728 εἰμι,

2301 757 2498 826 φησὶν,
2543 758 2572 808 6
2620 756 2785 825 ἄρτος
2821 756 2850 807 6
2877 752 3008 819 ζῶν,
3042 754 3071 805 6
3099 753 3165 804 ἑκ
3192 751 3290 805 τοῦ
3338 750 3566 821 οὐρανοῦ
3613 751 3867 812 καταϐὰς,

2302 849 2397 901 καὶ
2442 846 2589 918 ζωὴν
2638 847 2813 910 διδοὺς
2845 846 2924 916 τῷ
2957 846 3169 915 κόσμῳ.
3215 843 3341 897 Ἐάν
3387 861 3473 907 τις
3503 844 3658 914 φάγῃ
3697 845 3758 894 ἑκ
3790 842 3871 895 τοῦ

2301 939 2471 1008 ἄρτου
2510 938 2723 1003 τούτου,
2761 937 2990 1007 ζήσεται
3017 939 3099 999 εἰς
3126 936 3217 989 τὸν
3246 937 3442 1000 αἰῶνα,
3473 938 3570 989 καὶ
3601 938 3632 988 6
3655 938 3870 1006 ἇρτοςδὲ

2301 1031 2361 1084 ὃν
2410 1031 2523 1099 ἑγὼ
2572 1029 2751 1094 δώσω,
2802 1031 2837 1099 ἡ
2883 1029 3020 1099 σάρξ
3080 1028 3183 1099 μού
3230 1031 3399 1092 ἑστιν,
3459 1030 3604 1100 ὑπὲρ
3647 1028 3746 1091 τῆς
3794 1030 3869 1082 τοῦ

2302 1123 2509 1191 κόσμου
2541 1121 2709 1192 ζωῆς.
2734 1140 2755 1174 ι
2804 1120 2943 1173 Ἀλλ’
2975 1121 3135 1193 εἰπερ
3162 1121 3311 1173 ἐστὶν
3334 1123 3367 1190 ἡ
3393 1118 3563 1190 σὰρξ,
3608 1120 3740 1172 Υἰοῦ
3765 1123 3870 1187 παρ’

2303 1212 2466 1267 αὐτὸν
2508 1212 2717 1281 ἑτέρου,
2734 1210 2877 1265 κατὰ
2904 1212 3203 1279 συνάφειαν
3230 1211 3489 1281 σχετικὴν
3512 1210 3871 1271 οἰκειωθέντος

2304 1300 2472 1371 αὐτῷ,
2517 1301 2612 1354 καὶ
2644 1301 2829 1371 χάριτι
2865 1300 3205 1370 κεκλημένου
3256 1301 3391 1371 πρὸς
3427 1302 3741 1369 ἰσοτιμίαν,
3780 1302 3872 1362 πῶς

2306 1393 2442 1446 ἰδίαν
2484 1392 2655 1463 αὐτὴν
2698 1392 2982 1463 ὀνομάζει,
3031 1393 3210 1446 καίτοι
3251 1393 3548 1463 ψεύδεσθαι
3586 1393 3667 1463 μὴ
3709 1392 3873 1455 εἰδώςς

2303 1481 2428 1545 Πῶς
2451 1482 2496 1534 δ’
2526 1482 2591 1537 ἂν
2622 1483 2715 1536 καὶ
2749 1480 3077 1553 ζωοποιήσει
3105 1481 3195 1535 τὸν
3228 1482 3431 1552 κόσμον
3466 1486 3501 1553 ἡ
3531 1482 3729 1552 ἑτέρου
3754 1482 3877 1544 τινος

2305 1570 2462 1640 σὰρξ,
2497 1573 2545 1625 εί
2578 1571 2653 1642 μὴ
2682 1572 2910 1640 γέγονεν
2952 1572 3061 1627 ἰδία
3097 1571 3196 1641 τῆς
3221 1570 3385 1642 ζωῆς,
3414 1571 3575 1642 δῆλον
3599 1571 3659 1624 δὲ
3685 1571 3879 1635 ὅτι,πῦ

2302 1664 2367 1715 ὲκ
2396 1662 2529 1717 Θεοῦ
2558 1663 2770 1734 Πατρὸς
2796 1663 2949 1727 ὄντος
2973 1664 3170 1731 Λόγου,
3199 1664 3330 1734 περὶ
3362 1658 3423 1716 οὗ
3451 1680 3625 1733 φησιν
3652 1667 3681 1716 6
3710 1663 3883 1716 θὶσπέ-

2234 1751 2274 1805 Β
2305 1770 2418 1817 σιος
2443 1745 2733 1824 Ἰωάννης·
2788 1774 2808 1807 ι
2838 1755 2950 1808 Καὶ
2994 1754 3237 1825 οἴδαμεν,
3266 1755 3348 1807 ὅτι
3386 1755 3415 1807 6
3444 1755 3579 1818 Υἱὸς
3630 1754 3727 1807 τοῦ
3768 1755 3884 1807 Θεσῦ

2308 1846 2453 1915 ἥκει,
2477 1832 2572 1898 καὶ
2599 1845 2799 1899 ἑδωκεν
2840 1846 2973 1917 ἡμῖν
2999 1845 3261 1912 διάνοιαν,
3287 1846 3374 1898 ῖνα
3407 1844 3781 1916 γινώσκωμεν
3810 1847 3887 1900 αὖα

2307 1934 2420 1997 τὸν,
2439 1934 2535 1986 καί⁵
2556 1933 2721 2003 ἐσμὲν
2745 1934 2803 1985 ἑν
2832 1932 2908 2003 τῷ
2934 1932 3172 2003 ἀληθινῷ
3196 1932 3312 2002 Υίῷ
3342 1931 3510 1987 αὑτοῦ
3556 1932 3741 2002 Ἰησοῦ
3768 1933 3887 2000 X9:-

2310 2021 2437 2091 στῶ.
2473 2041 2491 2072 ‹
2520 2014 2689 2085 Οὗτός
2719 2024 2869 2075 ἐστιν
2888 2019 3140 2090 ἀληθινὸς
3163 2020 3315 2084 Θεὸς,
3348 2020 3443 2072 καὶ
3468 2015 3591 2087 ζωὴ
3615 2015 3861 2079 aitEn-41;;

2378 2116 2438 2168 Β.
2495 2115 2659 2177 Ἀλλ’,
2687 2110 2865 2185 οἶμαι,
2903 2112 3039 2184 πρὸς
3082 2111 3257 2181 τούτῳ
3290 2114 3448 2179 φαῖεν
3502 2110 3595 2173 ἂν,
3649 2108 3886 2179 εἰρῆσθαι

2309 2204 2436 2271 παρ’
2486 2201 2651 2255 αὑτοῦ
2692 2202 2788 2254 καὶ
2834 2202 2981 2271 μάλα
3017 2202 3224 2270 σαφῶς,
3258 2219 3277 2251 ι
3324 2199 3522 2269 ’Λμὴν,
3563 2199 3720 2269 ἀμὴν
3758 2199 3885 2265 λέγω

2309 2293 2460 2362 ὑμῖν,
2494 2291 2589 2345 ἑὰν
2622 2292 2697 2363 μὴ
2728 2292 2938 2362 φάγητε
2973 2290 3083 2361 ,τὴν
3136 2291 3314 2361 σάρκα
3353 2289 3449 2342 τοῦ
3500 2290 3643 2341 Υίοῦ
3676 2291 3769 2342 τοῦ
3805 2292 3886 2341 ἀν-

2310 2382 2553 2454 θρώπου,
2581 2383 2676 2436 καὶ¹
2703 2381 2862 2453 πίητε
2889 2382 3053 2435 αὑτοῦ
3081 2382 3140 2434 τὸ
3167 2376 3323 2451 αἷμα,
3352 2382 3455 2432 οὐκ
3489 2380 3653 2449 ἔχετε
3687 2380 3826 2450 ζωὴν
3846 2382 3891 2431 ἰν

2308 2476 2544 2539 ἑαυτοῖς.
2582 2494 2600 2526 ι
2650 2474 2913 2544 Συνίεμεν
2958 2473 3136 2526 τοίνυν
3186 2474 3366 2542 ἡμεῖς,
3414 2473 3606 2540 φασὶν,
3662 2472 3741 2535 ὡς
3794 2472 3892 2522 ἐστι

2313 2566 2514 2636 μᾶλλον
2560 2567 2619 2620 ου
2661 2566 2751 2619 τοῦ
2797 2564 2932 2618 Θεοῦ
2962 2566 3159 2633 Λόγου,
3206 2564 3342 2617 ἀλλὰ
3384 2564 3478 2616 τοῦ
3536 2566 3892 2632 συναφθέντος

2310 2658 2458 2727 αὐτῷ
2489 2657 2798 2729 ἀνθρώπου,
2832 2657 2895 2710 τὸ
2925 2657 3290 2727 τετιμημένον
3324 2655 3484 2725 σῶμα
3518 2657 3619 2709 καὶ
3656 2657 3720 2708 τὸ
3750 2652 3893 2725 αἷμα.

2378 2750 2443 2801 Α.
2468 2744 2598 2801 Εἶτα
2624 2749 2745 2800 ὅποι
2772 2748 2901 2801 ποτὲ
2930 2747 3071 2799 θεῖεν
3114 2746 3177 2799 ἂν
3211 2747 3270 2798 τὸ
3298 2747 3443 2815 μέγα
3476 2747 3581 2815 τῆς
3608 2748 3894 2809 εὐσεϐείας

2312 2839 2638 2908 μυστήριον;
2671 2837 3002 2906 Ἀναιρεῖται
3047 2835 3177 2905 γὰρ,
3229 2836 3303 2897 ὠς
3335 2836 3535 2899 ἔοικεν,
3576 2838 3608 2903 ἡ
3644 2835 3743 2886 τοῦ
3777 2835 3898 2887 Θεοῦ

2309 2930 2490 2997 Λόγου
2522 2928 2771 2993 κένωσις,
2801 2928 2952 2989 ὄντος
2989 2926 3088 2998 μὲν
3122 2929 3179 2979 ἑν
3210 2930 3391 2999 μορφῇ
3427 2927 3526 2978 καὶ
3572 2926 3792 2996 ἰσότητι
3818 2924 3899 2978 τοῦ

2310 3018 2543 3088 Πατρδς,
2575 3017 2828 3085 ἑλομένου
2856 3017 2913 3069 δὲ
2937 3016 3003 3069 δι’
3031 3018 3200 3086 ἡμᾶς,
3231 3016 3444 3087 μορφὴν
3468 3014 3676 3068 δούλου
3702 3016 3902 3071 λαϐεῖν.

628 3105 897 3173 accipere,
932 3104 1229 3173 similisque
1262 3105 1417 3161 nobis
1451 3106 1565 3162 fieri
1593 3108 1674 3173 “,
1711 3117 1765 3163 et
1795 3112 2064 3180 particeps
2096 3112 2202 3166 ﬁeri

2317 3109 2410 3163 καὶ
2442 3111 2499 3161 ἑν
2530 3108 2788 3178 ὁμοιώσει
2816 3108 3070 3176 γενέσθαι
3104 3110 3168 3177 τῇ
3205 3106 3339 3176 πρὸς
3369 3106 3556 3177 ἡμᾶς,
3600 3107 3708 3160 καὶ
3751 3125 3908 3176 μετα-

628 3194 808 3247 carnis
828 3203 882 3248 et
901 3193 1172 3262 sanguinis
1193 3194 1261 3259 ",
1286 3205 1337 3248 et
1362 3195 1751 3253 incarnationis
1785 3200 2208 3256 administratio-

620 3297 752 3337 nem
787 3285 1040 3336 universo
1071 3283 1187 3337 orbi
1229 3293 1493 3338 terrarum
1532 3285 1736 3355 largiri.
1770 3284 2023 3343 Salvatus
2061 3290 2206 3343 enim

626 3380 710 3426 est
743 3388 837 3439 per
868 3372 1059 3440 ipsam,
1092 3372 1428 3428 iustauraute
1457 3374 1616 3431 Patre
1648 3377 1699 3430 in
1736 3377 1852 3447 ipso
1880 3380 2060 3434 omnia
2089 3395 2209 3449 quae

618 3462 683 3514 .in
719 3461 874 3514 caelis
908 3470 965 3515 ct
1000 3475 1119 3529 qua:
1155 3462 1208 3515 in
1247 3470 1421 3531 terra,
1457 3464 1599 3519 sicut
1636 3467 1897 3535 scriptum
1935 3478 2016 3523 est
2042 3470 2109 3524 ⁷⁸.
2149 3469 2206 3523 Si

628 3564 758 3614 ergo
792 3565 897 3604 non
931 3552 1105 3619 ipsum
1139 3556 1326 3609 dicunt
1357 3569 1478 3610 esse
1507 3556 1877 3627 Unigenitum,
1906 3560 2087 3614 divina
2116 3576 2209 3629 pa-

628 3640 764 3694 riter
785 3649 839 3692 et
863 3642 1094 3694 humana
1146 3645 1354 3697 ratione
1407 3646 1707 3700 dicentem:
1738 3666 1757 3699 ι
1785 3647 1851 3701 Ει
1873 3650 2026 3717 panis
2047 3666 2206 3720 quem

627 3744 727 3800 ego
764 3730 920 3795 dabo,
960 3745 1090 3785 caro
1156 3746 1273 3786 mea
1336 3741 1419 3786 est
1478 3748 1577 3804 pro
1638 3738 1819 3789 mundi
1864 3738 2004 3803 vita;
2050 3758 2068 3790 ι
2112 3740 2207 3794 sed

612 3822 793 3876 alium
834 3824 1120 3891 quemdam
1165 3823 1433 3878 diversum
1473 3826 1541 3879 ab
1583 3824 1697 3893 ipso
1744 3824 1938 3882 Filium
1972 3828 2207 3884 hominis

630 3930 728 3968 nos
757 3913 1027 3979 salvasse,
1059 3924 1206 3969 certe
1237 3915 1352 3981 ipse
1382 3931 1487 3969 non
1519 3926 1602 3971 est
1632 3915 1923 3985 Dominus,
1956 3928 2015 3973 ut
2042 3920 2205 3975 Scri-

616 4012 801 4070 ptura:
826 4004 890 4056 de
917 4002 1008 4056 illo
1035 4001 1351 4070 praedicant,
1382 4005 1476 4059 sed
1508 4019 1646 4059 unus
1674 4019 1740 4058 ex
1771 4007 1946 4071 nobis,
1977 4018 2033 4062 et
2056 4008 2206 4062 vivi-

633 4097 759 4149 ticat
787 4096 1037 4164 deinceps
1063 4110 1125 4148 ea
1155 4110 1273 4164 qua:
1301 4097 1636 4165 corruptioni
1662 4098 1893 4152 obnoxia
1923 4108 2068 4165 sunt,
2098 4117 2203 4155 non

631 4201 728 4249 per
776 4184 941 4238 Deum
994 4186 1296 4239 viviﬁcandi
1351 4187 1548 4241 virtute
1597 4189 1918 4255 praditum,
1964 4191 2059 4245 sed
2110 4205 2207 4261 per

620 4278 919 4342 quemdam
963 4277 1295 4344 corruptioni
1347 4279 1679 4344 obnoxium,
1728 4283 1818 4348 qui
1867 4283 2092 4351 perinde
2143 4298 2205 4337 ac

632 4380 733 4417 nos
769 4366 932 4417 vitam
974 4380 1069 4433 per
1102 4368 1334 4436 gratiam
1377 4370 1670 4437 acceperit.
1706 4372 1774 4423 At
1812 4374 1857 4426 si
1895 4388 2080 4427 verum
2123 4384 2205 4430 est

2311 3202 2457 3271 σχεῖν
2483 3200 2714 3272 αἵματος
2745 3202 2838 3253 καὶ
2870 3200 3103 3271 σαρκὸς,
3134 3201 3228 3253 καὶ
3256 3200 3352 3270 τὴν
3392 3199 3492 3268 τῆς
3537 3201 3908 3271 ἐνανθρωπὴο

2312 3307 2448 3353 σεως
2494 3290 2807 3359 οἰκονομίαν
2863 3289 2959 3361 ὅλῃ
3010 3289 3337 3359 χαρίσασθαι
3380 3291 3447 3357 τῇ
3507 3288 3605 3340 ὑπ’
3655 3291 3911 3360 οὐρανόν.

2309 3382 2584 3433 Σέσωσται
2653 3379 2761 3451 γὰρ
2810 3379 2876 3433 δι’
2930 3380 3133 3450 αὐτῆς,
3184 3380 3787 3449 ἀνακεφαλαιουμένου
3858 3383 3915 3432 τὰ

2308 3472 2486 3525 πάντα
2529 3471 2620 3524 τοῦ
2665 3471 2876 3542 Πατρὸς
2917 3472 2975 3523 ὲν
3007 3470 3177 3541 αὐτῷ,
3214 3471 3282 3523 τά
3322 3488 3378 3523 τε
3410 3472 3467 3523 ὲν
3504 3473 3629 3533 τοῖς
3658 3472 3913 3541 οὐρανοῖς

2308 3563 2404 3616 καὶ
2447 3563 2515 3616 τὰ
2555 3561 2648 3615 ἐπὶ
2678 3563 2780 3632 τῆς
2825 3563 2949 3632 γῆς,
2991 3562 3134 3616 καθὰ
3191 3562 3524 3631 γέγραπται.
3572 3560 3640 3613 EE
3695 3562 3803 3630 μὲν
3832 3558 3909 3613 οὖσι

2306 3656 2406 3708 οὐκ
2440 3656 2601 3709 αὑτὸν
2636 3626 2774 3708 εἷναί
2819 3626 2951 3724 (past
2995 3654 3087 3707 τὸν
3129 3626 3430 3724 Μονονγενῆ,
3481 3626 3904 3723 θεοπρε-πῶςτι
4018 3626 4019 3707 ί

2306 3742 2442 3812 ὁμοῦ
2483 3744 2576 3796 καί
2622 3744 2978 3813 ἀνθρωπίνως
3010 3742 3259 3810 λέγοντα,
3296 3760 3314 3793 ι
3340 3742 3451 3794 Καὶ
3479 3743 3507 3794 6
3534 3742 3720 3811 ἄρτος
3743 3744 3823 3803 δὲ,
3860 3741 3904 3791 ἓν

2308 3829 2417 3898 ἐγὼ
2444 3830 2619 3895 δώσω,
2662 3833 2695 3901 ἡ
2730 3831 2867 3903 σάρξ
2918 3831 3018 3902 μού
3050 3832 3199 3884 ἑστιν
3229 3831 3369 3899 ὑπὲρ
3400 3831 3499 3899 τῆς
3555 3830 3661 3883 τοῦ
3705 3833 3903 3899 κόσμει

2309 3920 2484 3989 ζωῆςο
2517 3940 2535 3971 ι
2573 3921 2760 3992 ἕτερον
2790 3922 2848 3974 δέ
2895 3938 3015 3973 τινα
3044 3921 3175 3990 παρ’
3204 3920 3367 3973 αὐτὸν
3394 3918 3585 3981 ἰδικῶς
3610 3919 3906 3990 νοούμενα*

2311 4009 2446 4063 Υἰὸν
2482 4010 2780 4082 ἀνθρώπου
2831 4011 3126 4065 σεσωκέναι
3169 4012 3317 4080 ἡμᾶς
3342 4052 3357 4075 ,
3400 4012 3502 4063 οὐκ
3560 4012 3745 4074 αὑτός
3802 4013 3908 4061 ἐστι

2308 4100 2532 4171 Κύριος,
2562 4101 2707 4155 κατὰ
2729 4101 2790 4154 τὸ
2814 4104 3226 4171 γεγραμμένον,
3254 4100 3369 4154 ἀλλ’
3396 4095 3479 4163 εἷς
3509 4100 3574 4164 ἐξ
3607 4101 3806 4170 ἡμῶν,
3825 4102 3910 4151 καὶ

2308 4190 2653 4257 ζωοποιεῖται
2687 4191 2872 4245 λοιπόν
2900 4191 2967 4243 τὰ
3000 4192 3106 4245 ὑπὸ
3132 4190 3360 4261 φθορὰν,
3407 4191 3468 4242 οὐ
3518 4190 3613 4243 διά
3668 4206 3739 4257 γε
3778 4188 3913 4240 Θεοῦ

2310 4284 2510 4354 μᾶλλον
2541 4285 2822 4347 ζωοποιεῖν
2875 4283 3171 4352 ἰσχύοντος,
3201 4281 3317 4335 ἀλλ’
3354 4280 3445 4350 ὑφ’
3470 4280 3596 4343 ἑνὸς
3648 4281 3773 4333 τῶν
3815 4280 3919 4333 ὖπδ

2308 4374 2533 4447 φθορὰν,
2578 4376 2761 4445 χάριτι
2796 4374 2915 4445 μεθ’
2954 4373 3113 4444 ἡμῶν
3146 4372 3409 4433 λαϐόντος
3441 4372 3503 4423 τὸ
3550 4372 3684 4442 ζῇν.
3750 4372 3817 4422 Εἰ
3866 4370 3918 4422 δὲ

622 4454 773 4519 quod
806 4452 1036 4508 Verbum
1072 4455 1272 4509 factum
1313 4468 1394 4510 est
1429 4472 1586 4524 caro,
1621 4460 1912 4515 secundum
1952 4463 2201 4533 Scriptu-

2308 4465 2524 4535 ἀληθὲς,
2555 4465 2635 4518 ὅτι
2661 4464 2797 4535 σὰρξ
2823 4465 3047 4533 γέγονεν
3076 4467 3104 4517 6
3125 4464 3318 4531 Λόγος,
3351 4464 3494 4516 κατὰ
3527 4464 3635 4525 τὰς
3656 4463 3916 4532 Γραφᾶς,
4012 4494 4013 4523 ι

630 4545 811 4609 ras“,
844 4557 897 4600 et
927 4546 979 4599 in
1015 4556 1156 4601 terra
1190 4550 1458 4617 apparuit,
1479 4557 1668 4604 etcum
1693 4552 2003 4609 hominibus
2020 4570 2206 4610 versa-

626 4645 717 4690 tus
747 4638 884 4691 est"
907 4679 921 4702 ,
944 4638 1179 4692 .formam
1213 4628 1352 4693 servi
1388 4651 1445 4693 ut
1475 4641 1744 4709 propriam
1782 4657 2004 4713 gerens,
2038 4661 2204 4699 voca-

622 4726 774 4779 .bitur
802 4727 962 4780 etiam
996 4726 1161 4781 Filius
1193 4729 1447 4794 hominis,
1480 4731 1621 4799 quod
1654 4733 1887 4799 quidem,
1910 4734 1954 4786 si
1988 4734 2205 4802 indigne

630 4816 814 4869 ferunt
844 4817 1114 4881 nonnulli,
1149 4819 1388 4887 graviter
1416 4834 1672 4889 peccasse
1703 4823 2198 4891 deprchendemur.

628 4908 816 4978 Neque
852 4911 996 4963 enim
1037 4910 1141 4963 alia
1183 4912 1391 4965 ratione
1424 4928 1552 4967 caro
1582 4914 1794 4967 viviﬁca
1829 4915 1965 4969 εἰ]ίοί
1998 4926 2201 4985 potest,

633 5015 791 5068 quam
830 5002 1119 5054 secundum
1154 5004 1425 5070 propriam
1459 5019 1611 5057 suam
1646 5016 1892 5059 naturam
1931 5012 2203 5078 corrumpi

631 5100 791 5160 atque
821 5093 1043 5145 interire
1074 5108 1293 5146 necesse
1322 5104 1472 5157 erat;
1506 5096 1606 5149 nisi
1641 5098 1856 5165 propria
1890 5097 2030 5152 facta
2058 5110 2204 5154 esset

633 5182 792 5234 Verbi
838 5183 1017 5235 omnia
1061 5183 1402 5237 viviticanlis.
1448 5184 1561 5238 lloc
1606 5188 1747 5241 enim
1790 5190 1946 5256 paeto
1986 5200 2202 5258 operata

631 5281 713 5323 est
740 5280 789 5322 cI
824 5272 1071 5337 praestitit
1102 5287 1218 5339 quae
1250 5271 1348 5339 ipsi
1378 5270 1556 5326 Verbo
1587 5288 1711 5327 sunt
1742 5278 1993 5345 prppria,
2026 5279 2202 5332 viviﬁ-

630 5361 771 5414 cauti
818 5361 985 5429 ipsius
1025 5363 1209 5418 virtuti
1254 5374 1593 5422 conversam.
1633 5365 1699 5420 Et
1739 5354 1971 5435 quidem.
2004 5371 2203 5425 mirum

2308 4428 2533 4535 ἀληθὲςί
2555 4428 2635 4518 δ’ἐξ
2653 4428 3047 4535 ,σὰρέγέγονεν
3076 4467 3104 4517 6
3125 4464 3318 4531 Λόγος,
3351 4428 3494 4516 κατὰ
3656 4463 3916 4532 Γραφᾶς.
4012 4428 4019 4617 1

2308 4556 2401 4608 καὶ
2435 4555 2527 4607 ἐπὶ
2552 4556 2654 4625 γῆς
2688 4554 2867 4626 ὤφθη,
2917 4555 3012 4608 καὶ
3046 4556 3157 4618 τοῖς
3188 4554 3498 4623 ἀνθρώποις
3532 4560 3916 4623 συνανεστρω

2308 4661 2415 4715 φη,
2452 4645 2551 4717 τὴν
2583 4644 2677 4698 τοῦ
2720 4644 2904 4698 δούλου
2959 4645 3170 4717 μορφὴν
3214 4645 3290 4707 ὠς
3324 4644 3463 4697 ἰδίαν
3494 4644 3673 4713 ἔχων⁹
3709 4646 3917 4711 κεκλή-

2308 4754 2459 4790 σεται
2488 4738 2582 4789 καὶ
2613 4736 2739 4800 Υἱὸς
2768 4736 3056 4807 ἀνθρώπου
3076 4778 3089 4801 ,
3124 4737 3227 4790 κᾶν
3266 4735 3587 4805 ἀσχάλλωσί
3627 4752 3803 4798 τινες
3836 4737 3915 4787 ἐπὶ

2268 4830 2501 4900 ιτούτῳ,
2546 4833 2657 4893 τοῖς
2704 4830 2801 4900 τῆς
2845 4830 3117 4901 ἁμαρτίας
3165 4828 3476 4896 ἐγκλήμασι
3511 4828 3668 4894 σφᾶς
3716 4830 3916 4883 αὐτοὺς
4014 4814 4019 4977 4

2310 4922 2544 4977 ἐνιέντες
2573 4923 2749 4975 ἁλοῖεν
2782 4922 2867 4976 ἄν.
2898 4922 2971 4974 Οὐ
3001 4921 3109 4977 γὰρ
3139 4917 3231 4974 οὖν
3266 4922 3471 4977 ἑτέρως
3502 4919 3814 4977 ζωοποιδν
3848 4935 3921 4977 τε·

2310 4922 2544 4984 ἐνιέντες
2573 4923 2749 4975 ἁλοῖεν
2782 4922 2867 4976 ἄν.
2898 4922 2971 4974 Οὐ
3001 4921 3109 4991 γὰρ
3139 4917 3231 4974 οὖν
3266 4922 3471 4990 ἑτέρως
3502 4919 3814 4981 ζωοποιδν
3848 4935 3921 4985 γε·

2311 5009 2498 5063 νέσθαι
2526 5011 2622 5080 τὴν
2653 5012 2849 5080 σάρκα,
2878 5011 2971 5063 καὶ
3000 5012 3121 5063 κατ’
3166 5010 3300 5063 ἰδίαν
3328 5010 3491 5077 φύσιν
3523 5008 3924 5080 ὑπενηνεγμέ-

2308 5121 2405 5174 νην
2439 5103 2515 5173 τῷ
2542 5103 2859 5173 φθείρεσθαι
2888 5104 3020 5168 δεῖν,
3050 5106 3096 5156 εἰ
3131 5104 3206 5173 μὴ
3240 5104 3465 5170 γέγονεν
3496 5103 3613 5155 ἰδία
3641 5106 3764 5157 τοῦ
3794 5106 3921 5167 Qus-

2306 5192 2583 5255 ποιοῦντος
2611 5193 2679 5246 τὰ
2707 5194 2883 5247 πάντα
2911 5194 3104 5261 Λόγου.
3152 5194 3467 5262 Ἐνηργεῖτο
3488 5194 3606 5263 γὰρ
3630 5194 3843 5253 οὕτως
3870 5206 3925 5240 τι

2305 5282 2491 5347 αὑτοῦ,
2532 5284 2595 5351 τῇ
2634 5282 2878 5352 ζωοποιῴ
2929 5284 3091 5335 αὑτοῦ
3124 5282 3353 5351 δυνάμει
3402 5283 3775 5352 ὁμιλήσασα.
3826 5282 3931 5335 Καὶ

2306 5371 2614 5442 θαυμαστὸν
2658 5374 2829 5427 οὐδέν.
2882 5374 2942 5427 Εἰ
2994 5375 3099 5445 γάρ
3147 5377 3295 5427 ἐστιν
3343 5373 3586 5443 ἀληθὲς,
3646 5377 3757 5428 ὅτι
3814 5376 3933 5429 ταῖς

700 5560 934 5643 ξἰὶιιυιιηιι.
962 5578 1035 5643 _vl,
1074 5561 1160 5626 5|,
1354 5560 1654 5643 “ul-.103":
1686 5577 1736 5626 ν,
1769 5562 1891 5643 Ξίξλ
1942 5566 1985 5597 ⁸⁷
2024 5565 2180 5625 Joan.

2314 5570 2403 5624 5i.
2482 5571 2524 5602 ⁸⁸
2560 5570 2786 5643 l'bilipp.
2815 5586 2875 5637 ιι,
2906 5570 2960 5627 6.
3042 5571 3085 5604 "
3125 5571 3290 5628 Hebr.
3327 5588 3387 5635 ιι,
3424 5570 3510 5624 14.
3597 5572 3648 5603 ⁷⁸
3706 5570 3916 5640 Ephes

637 5643 672 5689 ι,
708 5633 791 5682 10.
869 5633 912 5661 ⁷⁸
953 5631 1110 5687 Joau.
1149 5647 1186 5695 ι,
1233 5630 1316 5681 Η.
1387 5631 1431 5661 τ’
1459 5632 1670 5686 Baruch
1706 5648 1791 5700 ιιι,
1826 5634 1917 5688 58.
