4082 6258
273 327 393 383 1561

1393 320 1581 389 QUOD
1621 321 1810 379 UNUS
1849 325 1959 380 SIT
1996 324 2365 383 CHRISTUS.

3378 326 3512 381 1569

269 439 419 499 ὕλαις
447 433 714 504 ὁμιλῆσαν
736 432 796 484 τὸ
823 432 955 501 πῦρ,
990 432 1166 487 καίτοι
1191 432 1398 503 θερμὰς
1420 434 1521 487 οὐκ
1544 434 1709 499 οὔσας
1738 435 1828 488 αὖ-

1942 452 2047 493 non
2082 449 2185 495 est.
2218 439 2352 495 Nam
2388 434 2435 496 si
2468 457 2652 497 verum
2690 451 2773 498 est
2808 440 2950 510 quod
2990 437 3130 509 ignis
3160 439 3304 493 circa
3344 449 3515 494 mate-

264 530 361 590 τὰς
390 527 508 579 κατ’
542 525 676 578 ἰδίαν
705 523 887 592 φύσιν,
918 525 1209 592 ἀποφαίνει
1239 524 1448 596 θερμάς
1468 542 1481 555 ·
1517 527 1697 597 ἐνίησι
1729 525 1839 598 γὰρ

266 621 357 673 καὶ
402 618 544 688 μάλα
599 615 870 677 πλουσίως
902 615 1094 678 αὐταῖς
1121 614 1222 685 τῆς
1246 616 1473 685 ἐνούσης
1500 617 1647 688 αὐτῷ
1675 618 1837 672 δυνά-

266 728 408 780 μεως
440 709 537 779 τὴν
562 708 843 777 ἐνέργειαν
864 722 878 736 ⁸
905 706 1024 771 πῶς
1048 707 1110 761 ού
1162 708 1362 778 μᾶλλον
1389 709 1564 780 ἐνίησι
1600 710 1731 773 Θεὸς
1762 709 1838 766 ὢν

261 804 291 855 ό
319 801 489 867 Λόγος
516 802 582 870 τῇ
613 799 722 869 ίδίᾳ
759 799 945 869 σαρκὶ,
972 797 1069 869 τὴν
1101 798 1365 862 ζωοποιδν
1392 800 1586 854 ἐαυτοῦ
1608 801 1839 871 δύναμιν

263 891 355 946 καὶ
406 892 725 961 ἐνέργειαν,
790 889 1084 943 ἐνωθεῖσαν
1134 891 1272 961 αὐτῇ
1322 890 1420 944 καὶ
1481 891 1615 946 ἰδίαν
1666 892 1838 962 αὐτὴν

258 984 565 1056 ἀποφήνας,
610 982 953 1054 ἀσυγχύτως,
985 982 1292 1055 ἀτρέπτως,
1328 984 1422 1038 καὶ
1458 985 1582 1038 καθ’
1621 985 1681 1039 ὃν
1727 984 1837 1039 οἶδε

258 1076 457 1148 τρόπον
486 1076 646 1139 αὐτός
667 1092 685 1142 ;

328 1250 389 1301 Β.
443 1250 762 1318 Ἀναγκαῖον
822 1244 916 1303 οῦν
966 1249 1075 1320 ἄρα
1144 1250 1556 1321 συνομολογεῖν,
1617 1251 1833 1316 οὐδενὸς

258 1340 447 1411 ἐτέρου
483 1340 929 1410 μεσολαϐοῦντος,
976 1341 1257 1405 παντελῶς
1308 1342 1439 1396 ἴδιον
1484 1342 1735 1409 γενέσθαι
1773 1343 1835 1396 τὸ

258 1432 421 1502 σῶμα
464 1431 558 1485 τοῦ
592 1432 785 1520 ἐκιτοῦ
817 1433 1026 1504 Πατρδς
1052 1433 1204 1497 ὄντος
1233 1432 1433 1501 Λόγου,
1478 1432 1581 1496 κᾷν
1616 1432 1832 1505 ἐψυχω-

256 1523 419 1593 μένον
448 1524 616 1577 νοοῖτο
643 1524 787 1595 ψυχῇ
816 1526 999 1596 νοερᾷ.

323 1617 389 1667 Α.
418 1615 567 1668 Πάνυ
598 1615 695 1685 μὲν
718 1613 833 1679 οὖν,
862 1618 909 1668 εί
930 1616 1021 1668 τὸν
1048 1614 1263 1686 ἁπλανῆ
1290 1618 1389 1687 τῆς
1417 1616 1652 1681 πίστεως
1681 1616 1837 1687 όρθο-

222 1704 527 1774 ’τομοῦμεν
574 1706 747 1773 λόγον,
786 1706 880 1759 καὶ
925 1706 1035 1759 τῶν
1081 1706 1183 1777 τῆς
1230 1707 1486 1778 ἀληθείας
1536 1708 1827 1779 δογμάτων

1938 530 2075 583 riam
2104 530 2343 599 aliquam
2374 548 2626 598 versans,
2660 547 2781 587 eam
2811 546 2931 601 quae
2961 530 3161 599 alioqui
3192 545 3256 584 ex
3288 545 3385 584 sua
3418 548 3514 585 na-

1935 630 2055 675 tura
2090 622 2265 678 calida
2298 639 2407 678 non
2440 632 2558 688 est.
2594 624 2823 679 calidam
2860 620 3022 678 ellicit
3058 621 3337 690 (immittit
3369 623 3513 677 enim

1935 712 1985 767 ei
2025 712 2238 768 abunde
2280 712 2551 767 facultatis
2589 728 2694 781 qua
2736 711 2993 782 praeditus
3030 717 3113 763 est
3148 708 3509 776 efﬁcaciam),

1934 818 2041 872 quo
2065 813 2223 873 pacto
2250 818 2353 859 non
2384 803 2564 871 potius
2590 802 2835 856 immittit
2862 801 3003 854 Deus
3021 798 3257 853 Verbum
3285 796 3513 866 propriae

1935 895 2088 950 carni
2123 895 2487 949 viviﬁcantem
2523 892 2674 948 suam
2711 894 2962 946 virtutem
3012 898 3174 959 atque
3230 874 3509 957 operatio-

1933 1002 2080 1051 nem,
2108 1001 2231 1041 cum
2261 987 2406 1042 illam
2435 986 2536 1041 sibi
2569 987 2775 1040 unitam
2803 994 2855 1040 et
2872 982 3170 1054 prapriam,
3206 981 3340 1035 citra
3373 993 3504 1033 con-

1932 1077 2199 1133 fusionem
2235 1086 2329 1132 aut
2362 1078 2717 1133 mutationem
2751 1086 2806 1132 et
2842 1090 2949 1146 quo
2984 1073 3100 1144 ipse
3135 1073 3284 1128 novit
3320 1071 3502 1134 modo.

1931 1168 2147 1225 dcclara
2156 1169 2223 1223 rit
2238 1169 2264 1223 ἲ

2001 1262 2062 1317 Β.
2107 1262 2482 1317 Necessarium
2511 1262 2691 1330 itaque
2716 1268 2800 1315 est
2828 1258 3018 1324 fateri,
3051 1257 3264 1312 nemine
3292 1255 3397 1309 alio
3425 1255 3509 1309 iu-

1930 1356 2294 1422 tervenieute,
2331 1355 2572 1426 perfecte
2604 1354 2884 1423 proprium
2924 1352 3124 1405 factum
3160 1362 3281 1404 esse
3314 1361 3509 1416 corpus

1930 1447 2109 1502 Verbo
2140 1461 2205 1502 ex
2241 1447 2423 1513 Patre,
2459 1448 2678 1501 tametsi
2712 1446 2893 1500 anima
2934 1441 3266 1513 intelligente
3298 1440 3507 1494 anima-

1929 1548 2040 1595 tum
2071 1540 2396 1597 censeatur!

1996 1630 2061 1707 Α,
2103 1627 2358 1694 Omnino,
2394 1630 2439 1685 si
2481 1638 2687 1685 rectum
2730 1636 2783 1683 et
2821 1627 3091 1682 sincerum
3134 1623 3253 1678 fldei
3298 1634 3507 1676 sermo-

1926 1736 2049 1777 nem
2086 1729 2271 1776 tenere
2300 1721 2560 1786 velimus,
2593 1729 2650 1775 et
2680 1720 2847 1790 778
2881 1719 3187 1787 dogmatum
3221 1713 3505 1767 veritatem

250 1794 423 1862 ἐσμὲν
469 1795 732 1865 ἐρασταὶ,
778 1797 1012 1850 καὶτῶν
1050 1798 1221 1865 ἁγίων
1250 1798 1511 1869 Πατέρων
1556 1801 1657 1853 οὐκ
1693 1802 1828 1854 ἀπο-

1935 1826 2210 1876 amamus,
2239 1820 2403 1879 atque
2432 1826 2461 1863 a
2492 1810 2696 1865 sanctis
2728 1808 2981 1863 Patribus
3004 1822 3110 1861 non
3139 1804 3503 1866 deﬂectimus,

252 1886 547 1956 φερόμενοι
595 1888 694 1959 τῆς
752 1888 998 1952 εὐθείας,
1052 1889 1176 1942 οὔτε
1233 1889 1340 1960 μὴν
1390 1890 1491 1961 τὴν
1543 1891 1828 1963 βασιλικὴν

247 1979 487 2045 ἀφέντες
532 1980 737 2049 τρίϐον,
788 1981 884 2033 καὶ
931 1983 1051 2044 ταῖς
1103 1998 1264 2036 τινων
1309 1982 1712 2053 εἰκαιομυθίαις
1748 1986 1830 2047 εἰς

245 2068 500 2138 κίὸδηλον
533 2069 655 2123 νοῦν
687 2073 1183 2144 ἀποκομιζόμενοι,
1219 2074 1732 2145 ἐποικοδομούμενοι
1769 2075 1827 2129 δὲ

244 2162 455 2230 μᾶλλον
499 2165 588 2216 ἐπ’
634 2165 784 2236 αὐτῷ
830 2164 907 2236 τῷ
950 2166 1225 2237 θεμελίῳ,
1283 2165 1531 2219 τουτέστι
1582 2164 1824 2237 Χριστῷ.

246 2274 265 2303 ι
305 2255 573 2323 Θεμέλιον
600 2257 710 2328 γὰρ
734 2258 891 2311 ἄλλον
911 2258 1083 2323 οὐδεὶς
1107 2257 1333 2312 δύναται
1360 2260 1532 2311 θεῖναι
1560 2258 1710 2331 παρά
1732 2258 1825 2313 τὸν

240 2347 521 2415 κείμενον,
563 2367 581 2399 ›
622 2349 763 2403 καθὰ
810 2349 1086 2420 γέγραφεν
1110 2350 1326 2421 ἀληθῶς
1373 2353 1402 2405 ὁ
1448 2350 1612 2421 σοφὸς
1669 2351 1829 2421 ἀρχι-

235 2438 473 2503 τέκτων,
502 2440 730 2493 καὶτῶν
759 2442 921 2495 αὐτοῦ
961 2443 1273 2513 μυστηρίων
1330 2443 1633 2515 ίερουργός.
1686 2442 1825 2496 Ἕνα

234 2531 540 2602 τοιγαροῦν
579 2534 669 2586 τὸν
714 2534 841 2586 Υἱὸν
886 2532 980 2586 τοῦ
1012 2534 1149 2587 Θεοῦ
1195 2534 1291 2588 καὶ
1318 2534 1535 2605 Πατρός
1562 2529 1703 2587 εἶναι
1742 2549 1826 2586 πι-

234 2622 535 2691 στεύομεν,
564 2624 657 2676 καὶ
686 2624 744 2677 ἐν
766 2625 844 2677 ἐνὶ
873 2625 1148 2697 προσώπῳ
1176 2626 1466 2696 νοούμενον
1495 2624 1588 2678 τὸν
1616 2623 1823 2695 Κύριον

227 2714 397 2782 ἡμῶν
436 2714 644 2783 Ἰησοῦν
680 2717 933 2787 Χριστὸν,
968 2718 1299 2789 γεννηθέντα
1340 2717 1438 2788 μὲν
1468 2719 1534 2771 ἐκ
1559 2714 1653 2770 τοῦ
1680 2714 1817 2769 Θεοῦ

224 2807 328 2859 καὶ
358 2806 601 2877 Πατρὸς,
649 2806 845 2872 θεῖκῶς
868 2848 883 2873 ,
928 2808 1003 2873 ὡς
1026 2810 1219 2878 Λόγον,
1253 2808 1360 2880 πρὸ
1391 2810 1591 2874 παντὸς
1623 2808 1822 2872 αῐῶνος

224 2897 325 2949 καὶ
353 2898 561 2968 χρόνου
587 2915 601 2929 ·
638 2901 697 2951 ἐν
726 2900 977 2970 ἐσχάτοις
1007 2900 1061 2954 δὲ
1092 2899 1187 2954 τοῦ
1216 2900 1413 2967 αἰῶνος
1455 2902 1689 2973 καιροῖς,
1728 2899 1822 2953 τὸν

220 2990 393 3042 αὐτὸν
423 2990 701 3057 γεγονότα
731 2992 873 3045 κατὰ
918 2992 1099 3064 σάρκα
1142 2994 1208 3046 ἐκ
1237 2993 1498 3062 γυναικὸς
1520 3031 1536 3057 ,
1571 2990 1721 3062 αὑτῷ
1758 3009 1820 3045 τε

220 3078 665 3151 προσνεμοῦμεν
711 3082 780 3135 τά
821 3099 880 3135 τε
913 3082 1191 3154 θεοπρεπῆ
1227 3083 1324 3136 καὶ
1365 3083 1435 3136 τὰ
1476 3081 1813 3153 ἀνθρώπινα,

213 3150 314 3227 καὶ
338 3170 526 3225 αὑτοῦ
555 3172 806 3240 γενέσθαι
837 3150 1137 3246 φαμὲντὴν
1159 3150 1302 3228 κατὰ
1334 3173 1513 3244 σάρκα
1540 3150 1816 3246 γέννησιν,
1842 3150 1889 3211 C

208 3269 311 3319 καὶ
356 3265 423 3317 τὸ
467 3265 573 3316 ἐπὶ
614 3265 705 3317 τοῦ
751 3264 985 3336 σταυροῦ
1035 3267 1249 3333 πάθος,
1295 3264 1669 3336 οἰκειουμένου
1719 3266 1820 3337 μὲν

202 3356 444 3410 ἅπαντα
500 3356 573 3408 τὰ
618 3356 716 3426 τῆς
757 3356 893 3420 ἰδίας
929 3358 1130 3429 σαρκὸς
1152 3400 1168 3423 ,
1207 3356 1581 3429 μεμενηκότος
1616 3372 1682 3426 γε
1714 3354 1819 3426 μὴν

205 3448 479 3512 ἀπαθοῦς
529 3448 626 3518 τῆς
675 3448 927 3517 θεότητος
975 3448 1154 3518 φύσει.
1196 3449 1455 3519 Κὰμπτει
1499 3446 1608 3518 γὰρ
1644 3445 1818 3510 οὕτως

204 3541 369 3610 αὐτῷ
417 3541 548 3593 πᾶν
578 3539 741 3607 γόνυ,
790 3540 881 3593 καὶ⁸
924 3542 1072 3593 πᾶσα
1118 3540 1340 3607 γλῶσσα
1380 3538 1812 3609 ἐξομολογεϊται,

201 3634 294 3685 ὅτι
338 3633 569 3699 Κύριος
614 3632 819 3704 Ἰησοῦς
872 3633 1106 3705 Χριστὸς
1148 3634 1227 3698 είς
1266 3632 1423 3699 δόξαν
1451 3632 1545 3687 τοῦ
1577 3630 1812 3703 Πατρός.

220 3725 428 3796 Ἀμήν.

1930 1915 2110 1970 neque
2138 1902 2353 1956 deserta
2381 1902 2466 1956 via
2498 1901 2676 1973 regia,
2707 1900 2935 1955 aliorum
2964 1913 3105 1953 vana
3135 1906 3294 1966 atque
3322 1894 3502 1950 inania

1929 2001 2235 2046 commenta
2263 2001 2559 2057 sectantur,
2587 1992 2641 2046 iu
2670 1990 2956 2060 reprobarn
2984 1997 3218 2044 mentem
3245 1986 3457 2040 abducti
3486 2002 3500 2038 :

1928 2080 2026 2136 sed
2073 2083 2263 2149 potius.
2301 2096 2465 2150 super
2536 2081 2713 2150 ipsum
2765 2078 3205 2141 fundamentum,
3273 2077 3379 2130 hoc
3422 2083 3507 2129 est

1927 2170 2224 2236 Christum,
2258 2172 2614 2228 aedificamus.
2654 2189 2673 2223 ι
2711 2169 3144 2224 Fundamentum
3181 2166 3322 2222 enim
3358 2166 3503 2219 aliud

1925 2277 2086 2317 nemo
2108 2270 2285 2332 potest
2308 2276 2528 2333 ponere,
2554 2269 2749 2330 praeter
2773 2261 2825 2316 id
2848 2260 2989 2330 quod
3014 2259 3250 2328 positum
3275 2256 3445 2316 est";
3477 2274 3497 2307 ι

1926 2363 1989 2411 ut
2010 2369 2138 2411 vere
2168 2355 2388 2424 scripsit
2413 2358 2631 2424 sapiens
2660 2353 2749 2408 ille
2774 2349 3275 2417 architectus”,,et
3305 2357 3502 2418 myste-
3572 2362 3575 2365 ·

1923 2447 2130 2502 riorum
2174 2446 2270 2501 Dei
2314 2446 2728 2502 administrator
2748 2446 2817 2501 ⁷⁵.
2863 2444 3040 2499 Unum
3085 2443 3265 2512 itaque
3302 2440 3499 2495 Filium

1922 2537 2018 2592 Dei
2055 2553 2118 2592 ac
2152 2537 2331 2592 Patris
2363 2552 2482 2593 esse
2518 2536 2815 2603 credimus,
2843 2543 2896 2589 et
2926 2535 2981 2589 in
3012 2549 3118 2589 una
3151 2547 3379 2602 persona
3416 2533 3498 2584 in-

1922 2628 2198 2683 tellectum
2228 2629 2513 2683 Dominum
2545 2636 2792 2682 nostrum
2818 2625 2999 2681 Jesum
3029 2624 3326 2687 Christum,
3353 2623 3502 2693 geni—

1920 2729 2036 2775 tum
2064 2720 2280 2789 quidem
2313 2735 2377 2774 ex
2410 2719 2521 2775 Deo
2548 2729 2602 2773 et
2631 2718 2794 2773 Patre
2824 2717 3109 2781 divinitus,
3146 2724 3202 2770 ut
3224 2715 3459 2769 Verbum
3481 2755 3498 2780 ,

1920 2822 2046 2867 ante
2088 2811 2271 2865 omnia
2310 2810 2503 2865 saecula
2545 2818 2601 2864 et
2646 2817 2918 2879 tempora,
2961 2807 3270 2862 novissimis
3314 2815 3496 2859 autem

1919 2902 2105 2957 saeculi
2142 2902 2473 2971 temporibus
2507 2899 2755 2954 eumdem
2788 2898 2988 2953 factum
3020 2883 3241 2952 ca'rnem
3278 2910 3345 2950 ex
3381 2912 3499 2949 mu-

1917 2993 2073 3059 liere,
2102 2993 2314 3064 ipsique
2350 2992 2636 3048 tribuimus
2658 3003 2713 3045 et
2748 2990 2957 3045 divinas
2988 3000 3043 3045 et
3078 2993 3339 3044 humanas
3376 3002 3498 3056 pro-

1921 3087 2186 3156 prietates
2218 3105 2232 3142 :
2265 3095 2320 3143 et
2350 3086 2491 3141 illius
2528 3085 2726 3140 factam
2754 3098 2877 3139 esse
2904 3083 3132 3138 dicimus
3163 3081 3496 3135 nativitatem

1922 3179 2217 3234 secundum
2253 3192 2501 3243 carnem,
2539 3185 2595 3230 et
2630 3175 2937 3245 passionem
2976 3173 3032 3227 in
3071 3186 3264 3237 cruce,
3301 3172 3494 3242 quippe

1924 3269 2016 3338 qui
2054 3268 2235 3322 omnia
2277 3266 2379 3322 sibi
2418 3265 2685 3333 adaptarit
2720 3277 2838 3333 qua:
2876 3262 3026 3317 carni
3065 3276 3177 3316 suae
3210 3269 3337 3316 sunt
3374 3274 3499 3328 pru-

1924 3360 2074 3429 pria;
2104 3367 2355 3414 manente
2390 3358 2603 3412 interim
2640 3364 2833 3410 natura
2880 3354 3095 3410 deitatis
3125 3362 3343 3424 experte
3376 3366 3495 3421 pas-

1924 3450 2117 3506 sionis.
2148 3448 2260 3502 Hac
2289 3447 2432 3503 enim
2465 3446 2676 3501 ratione
2707 3444 2779 3499 illi
2810 3443 3043 3499 ﬂectitur
3068 3458 3226 3499 omne
3252 3457 3412 3512 genu,
3444 3451 3498 3494 et

1923 3541 2100 3599 omnis
2124 3541 2304 3611 lingua
2329 3541 2617 3595 confitetur
2638 3539 2761 3609 quia
2788 3538 3044 3594 Dominus
3064 3535 3223 3593 Jesus
3247 3535 3495 3592 Christus

1922 3634 1975 3690 in
2004 3635 2170 3707 gloria
2200 3633 2377 3716 Patris
2398 3634 2464 3688 ⁷⁸.
2495 3633 2687 3688 Amen.

278 3906 329 3937 ⁷³
373 3904 397 3957 l
441 3902 583 3958 Cor.
612 3913 696 3965 tu,
732 3898 817 3955 ll.
892 3898 939 3933 "
979 3901 1112 3959 Ibid.
1152 3902 1236 3957 10.
1317 3902 1361 3935 "
1400 3900 1420 3954 ι
1458 3900 1584 3957 Cor.
1632 3916 1706 3968 tv,
1744 3903 1792 3955 ί.

1960 3900 2193 3969 Philipp.
2232 3913 2292 3962 tt,
2328 3896 2415 3963 to,
2453 3897 2541 3951 ll.

1644 4845 2135 4874 α--ιιοοι--ι-ασ-
