4082 6258
673 367 811 423 136⁵5
1698 378 1753 432 S.
1798 380 2071 436 CYRILLI
2114 385 2285 440 ALEX

2303 386 2579 443 ANDRINI
2619 391 2937 448 ARCHIEP.
3801 398 3915 455 £564

674 518 3907 583 summa

1640 714 2210 866 SANCTI
2307 743 2959 873 CYRILLI

1876 991 2349 1051 ALEXANDRINI
2387 997 2708 1057 ARCHIEP.

1031 1184 1543 1279 SCHOLIA
1634 1193 1782 1282 DE
1864 1194 2775 1289 INCARNATIONE
2852 1176 3565 1292 UNIGENITI.

719 1398 812 1461 (iis
848 1400 967 1452 edit.
1001 1401 1056 1453 Ρ.
1085 1403 1334 1465 Carnem,
1360 1406 1489 1471 Opp.
1518 1407 1657 1461 Marii
1680 1409 1986 1471 Mercator“,
2019 1411 2516 1538 additmﬁggteptis
2541 1414 2728 1468 Gracis
2749 1429 2864 1480 qua
2890 1417 3107 1469 Joannes
3126 1416 3409 1470 Autlnrtus
3441 1428 3508 1466 ex
3535 1413 3718 1465 codice
3742 1414 3883 1476 Regio

1910 1790 2674 1900 ADMONITIO.

737 2161 1026 2220 Tractatus
1058 2165 1181 2231 iste,
1217 2170 1701 2239 non‘praastantior
1727 2185 1892 2241 quam
1921 2171 2130 2237 utilior,
2158 2172 2473 2230 inscribitur
2521 2175 2742 2233 Scholia
2772 2176 2836 2231 de
2865 2177 3232 2231 incarnatione
3267 2176 3554 2250 Unigeniti
3586 2196 3609 2233 :
3663 2189 3930 2251 propterea

657 2258 799 2324 quod
829 2257 1071 2314 continet
1099 2273 1204 2313 non
1245 2268 1453 2315 tantum
1480 2261 1898 2332 explicationem
1944 2262 2107 2317 trium
2153 2278 2349 2320 vocum
2385 2265 2682 2322 dilﬁcilium
2727 2266 3030 2334 intellectu,
3066 2266 3340 2335 Christus,
3383 2266 3746 2336 Emmanuel,
3774 2270 3930 2331 Iesus.

655 2362 886 2416 quarum
923 2352 1258 2418 prmnotione
1291 2366 1428 2423 opus
1462 2363 1547 2409 est
1577 2355 1644 2410 ad
1677 2354 1994 2424 mysterium
2037 2355 2432 2415 incarnationis
2482 2359 2778 2416 Dominica:
2829 2362 3203 2427 tractandum;
3257 2361 3351 2417 sed
3389 2362 3570 2418 etiam
3623 2365 3931 2420 solutionem

658 2441 947 2512 implicata:
981 2448 1319 2516 quaestionis,
1364 2452 1639 2520 quomodo
1683 2452 1804 2508 dua:
1852 2462 2092 2520 natura},
2128 2452 2249 2509 sine
2287 2454 2605 2513 confusione
2650 2466 2709 2512 et
2741 2457 3122 2523 conversione,
3163 2460 3527 2516 convenerint
3575 2460 3635 2519 in
3687 2463 3931 2533 unitatem

654 2554 903 2606 persona:
945 2542 1162 2611 divinae,
1197 2558 1426 2616 eamque
1468 2564 1578 2605 non
1633 2551 1893 2622 σχετικὴν
1950 2556 2007 2604 et
2054 2547 2345 2618 moralem,
2391 2551 2488 2608 sed
2536 2550 2774 2624 φυσικὴν
2824 2560 2880 2608 et
2921 2552 3311 2609 substantivam
3362 2572 3375 2607 :
3418 2556 3516 2626 qui
3560 2557 3747 2613 cardo
3794 2556 3933 2613 totius

654 2635 972 2703 quaestionis
1009 2647 1159 2693 tanta
1191 2641 1557 2697 commotione
1587 2643 1754 2698 totius
1779 2643 1929 2699 orbis
1958 2645 2196 2715 agitatae.

726 2728 844 2794 Quo
868 2740 1092 2787 auctore
1115 2731 1353 2802 scriptus
1383 2732 1478 2800 sit,
1497 2734 1749 2790 dubitare
1783 2750 1893 2790 non
1922 2736 2070 2805 licet,
2096 2752 2219 2794 cum
2248 2735 2628 2793 Theodoretus
2653 2735 2707 2793 in
2732 2736 2974 2794 secundo
2996 2737 3214 2810 dialogo
3236 2739 3329 2808 qui
3358 2739 3571 2796 dicitur
3596 2740 3935 2811 Inconfults,

657 2820 766 2878 Leo
792 2822 1016 2893 Magnus
1041 2824 1269 2895 epistola
1297 2823 1392 2892 97,
1414 2825 1706 2882 concilium
1731 2825 2179 2886 Chalcedonense
2205 2829 2423 2886 actione
2444 2828 2481 2883 2
2506 2827 2560 2897 in
2591 2827 2722 2896 ﬁne,
2750 2826 3041 2886 Facundus
3069 2830 3479 2887 Hermianensis
3501 2832 3672 2889 libris
3691 2849 3769 2890 m
3795 2843 3852 2889 et
3872 2850 3936 2896 Il.

657 2914 923 2973 Leontius
957 2916 1319 2973 scholasticus
1338 2918 1512 2974 librat
1539 2929 1727 2975 contra
1752 2919 2107 2980 Nestorianos
2128 2930 2182 2978 et
2207 2921 2595 2994 Eutychianos,
2620 2919 2840 2990 aliique,
2876 2938 2982 2978 non
3008 2931 3217 2981 tantum
3248 2923 3413 2993 hujus
3442 2925 3664 2996 operis,
3694 2935 3936 2996 tanquam

656 3026 687 3064 a
724 3010 927 3081 Cyrillo
956 3013 1110 3080 editi,
1145 3016 1526 3085 meminerint,
1564 3018 1660 3074 sed
1696 3033 1764 3073 ex
1800 3031 1866 3074 eo
1896 3031 2113 3089 quoque
2149 3017 2216 3072 ad
2252 3015 2683 3072 conﬁrmandam
2723 3014 2883 3072 ﬁdem
2926 3017 3239 3074 testimonia
3278 3017 3761 3090 deprompserint.
3804 3020 3935 3075 Adde

656 3105 801 3170 quod
844 3105 897 3158 in
938 3104 1266 3162 bibliotheca
1317 3107 1483 3179 Regia
1536 3109 1761 3164 Parisiis
1802 3123 1908 3163 non
1957 3109 2171 3164 modica
2210 3122 2339 3180 pars
2385 3106 2576 3164 Graece
2623 3107 2876 3176 habetur,
2922 3107 3116 3182 Cyrilli
3156 3109 3383 3167 nomine
3430 3109 3745 3182 inscripta,
3794 3128 3938 3184 quam

656 3198 895 3253 Joannes
921 3198 1217 3257 Authertus
1249 3201 1523 3257 transtulit
1549 3202 1600 3256 in
1635 3216 1787 3256 suam
1814 3201 2051 3270 Operum
2073 3200 2262 3274 Cyrilli
2288 3198 2765 3257 Graeco-Latinam
2790 3201 3107 3268 editionem,
3136 3209 3281 3257 tomo
3312 3199 3379 3267 V,
3420 3211 3584 3272 parte
3614 3219 3660 3258 ι.

729 3294 847 3361 Quo
904 3305 1148 3367 tempore
1203 3298 1536 3369 compositus
1592 3296 1778 3364 fuerit,
1823 3296 2095 3368 conjicere
2136 3311 2205 3351 ex
2244 3310 2310 3352 eo
2356 3295 2507 3364 licet,
2560 3295 2707 3369 quod
2763 3295 2868 3352 etsi
2918 3305 3109 3351 contra
3166 3296 3486 3365 Nestorium
3536 3309 3785 3354 sanctus
3832 3298 3939 3354 ﬁdei

659 3389 910 3445 defensor
959 3392 1223 3461 disputet,
1258 3408 1380 3449 cum
1415 3400 1599 3448 tamen
1641 3392 1860 3447 nomine
1889 3408 1997 3447 non
2043 3390 2304 3463 appellet’,
2346 3388 2543 3447 solitus
2579 3389 2787 3463 alioqui
2827 3405 2935 3447 non
2974 3399 3195 3461 tacere,
3231 3402 3355 3463 post
3386 3394 3933 3457 condemnationem,

659 3483 768 3537 imo
798 3494 850 3540 et
884 3499 1012 3541 ante
1044 3487 1574 3554 condemnationem,
1619 3488 1804 3543 statim
1846 3498 2009 3556 atque
2054 3486 2123 3542 lis
2170 3486 2331 3557 quasi
2371 3486 2640 3543 intentata
2674 3495 2800 3554 est,
2839 3493 3189 3556 coeptumque
3229 3485 3315 3555 agi
3360 3484 3515 3552 jure,
3564 3485 3622 3541 id
3663 3496 3797 3553 est,
3840 3503 3936 3558 pos

661 3580 883 3633 missam
928 3595 1051 3634 cum
1103 3582 1301 3636 summi
1345 3582 1617 3650 pontiﬁcis
1690 3580 1884 3638 litteris
1928 3581 2284 3652 depositionis
2326 3582 2654 3639 sententiam
2691 3578 3103 3635 continentibus
3148 3580 3465 3651 synodicam
3502 3595 3577 3636 ex
3610 3580 3935 3653 [Egyptian

660 3674 867 3743 synodo
895 3673 1206 3741 epistolam,
1239 3676 1526 3744 capitaque
1567 3674 1875 3740 duodecim,
1907 3677 2000 3745 qui
2050 3675 2497 3738 anathematismi
2530 3676 2812 3733 dicuntur.
2856 3675 3203 3746 Compositus
3245 3676 3413 3747 igitur
3454 3676 3567 3731 dici
3612 3678 3800 3735 debet
3834 3688 3934 3733 aut

660 3764 951 3818 concilium
979 3763 1331 3835 Ephesinum.

732 3860 839 3917 Sed
873 3878 980 3932 quo
1018 3863 1070 3917 in
1116 3862 1259 3932 loco,
1290 3878 1465 3933 quove
1504 3862 1811 3918 distinctius
1851 3862 2134 3933 tempore?
2171 3862 2392 3933 Ephesi,
2442 3864 2754 3935 opinabitur
2792 3864 2936 3920 forte
2971 3864 3276 3934 quispiam,
3317 3874 3447 3921 tunc
3492 3881 3624 3922 cum
3677 3867 3935 3939 Cyl-illus.

658 3961 790 4031 ipsis
826 3961 1167 4030 exigentibus
1219 3960 1539 4027 catholicis,
1585 3975 1862 4030 exponere
1911 3968 2137 4018 coactus
2186 3969 2271 4015 est
2313 3962 2598 4028 nonnulla,
2648 3977 2770 4033 quae
2814 3963 2978 4034 paulo
3032 3961 3118 4016 vel
3173 3961 3433 4027 duriora,
3484 3963 3573 4017 vel
3620 3964 3938 4020 obscuriora

657 4057 982 4110 videbantur
1029 4056 1081 4110 in
1129 4055 1631 4122 anathematismis,
1669 4054 1970 4125 praesertim
2009 4067 2068 4109 ut
2103 4053 2445 4125 propulsaret
2486 4056 2744 4112 invidiam
2778 4056 2883 4111 sibi
2924 4056 2990 4110 ab
3038 4054 3371 4110 adversariis
3407 4054 3755 4120 conﬂatam,
3796 4058 3945 4125 quasi
4032 4053 4033 4139 ξ

660 4164 783 4202 cum
811 4148 1214 4217 Apollinaristis
1243 4150 1492 4217 sentiret,
1524 4150 1737 4203 unicam
1767 4164 1888 4204 esse
1924 4148 1978 4203 in
2011 4148 2233 4204 Christo
2266 4159 2541 4214 naturam,
2577 4164 2902 4219 versumque
2926 4149 2978 4203 in
3006 4163 3225 4203 carnem
3258 4146 3492 4203 Verbum
3518 4149 3807 4205 divinum.

726 4241 837 4311 Ego
871 4256 1000 4295 vero
1031 4241 1377 4296 Alexandria:
1405 4243 1667 4309 scriptum
1694 4250 1848 4310 puto,
1873 4241 2029 4312 longe
2053 4250 2211 4296 antea
2240 4257 2254 4294 :
2290 4241 2525 4312 Cyrillus
2574 4255 2809 4313 namque
2842 4250 3132 4310 antequam
3170 4242 3546 4310 responderet,
3586 4244 3677 4299 vel
3713 4244 3952 4299 Andra

659 4341 1054 4401 Samosateno,
1111 4336 1195 4391 vel
1235 4335 1608 4402 Theodoreto,
1657 4337 2149 4394 anathematismos
2195 4337 2759 4409 reprehendentibus,
2816 4337 2869 4393 id
2920 4337 3102 4407 operis
3149 4338 3414 4407 suscepit,
3473 4354 3589 4408 quo
3641 4340 3954 4396 instrueret

660 4430 1034 4497 disputaturos
1065 4442 1164 4497 pro
1194 4427 1321 4492 ﬁde,
1348 4425 1416 4482 de
1444 4425 1635 4497 primis
1664 4427 1818 4496 quasi
1848 4426 2165 4483 notionihus
2193 4442 2420 4496 vocum,
2453 4437 2617 4498 atque
2650 4427 2771 4483 aliis
2798 4427 3094 4493 nonnullis,
3125 4428 3322 4495 quibus
3357 4428 3499 4483 inter
3541 4429 3952 4499 disputandum

659 4539 789 4578 usus
818 4521 977 4575 foret.
1010 4520 1272 4576 Instruxit
1303 4533 1452 4583 vero,
1492 4517 1595 4574 nisi
1638 4533 1725 4572 me
1765 4518 1903 4574 fallit
1935 4519 2151 4589 opinio,
2188 4534 2309 4575 cum
2348 4520 2580 4590 primum
2622 4517 2862 4575 ferveret
2904 4519 3134 4588 quaesﬁo
3167 4518 3307 4587 apud
3342 4520 3780 4579 Alexandrinos
3805 4564 3823 4587 ,
3861 4539 3949 4578 nec

658 4619 793 4674 satis
815 4618 990 4671 adhuc
1022 4616 1187 4671 animi
1226 4614 1615 4671 exercitatione
1647 4614 1844 4670 eruditi
1872 4624 2084 4681 essent;
2118 4630 2354 4686 cumque
2398 4616 2513 4685 ipse
2551 4616 2716 4669 etiam
2756 4614 2989 4682 primum
3024 4612 3258 4684 Cyrillus
3302 4629 3401 4683 pro
3439 4615 3677 4671 Christo
3711 4633 3947 4690 pugnat:

658 4729 780 4767 cum
810 4711 1062 4767 Nestorio
1099 4711 1282 4773 iniret,
1320 4707 1461 4763 datis
1498 4708 1774 4777 prioribus
1812 4706 2007 4763 litteris
2037 4707 2196 4763 olﬁcii
2232 4707 2629 4762 monitricibus.
2674 4706 2921 4775 Scriptus
2953 4716 3037 4760 est
3076 4705 3240 4775 igitur
3281 4714 3549 4761 tractatus
3594 4708 3713 4764 iste
3763 4711 3941 4765 eodem

658 4807 774 4862 fere
808 4818 1047 4877 tempore
1079 4817 1187 4873 quo
1209 4801 1438 4873 epistola
1487 4802 1554 4855 ad
1591 4786 1893 4857 monachos
1938 4798 2180 4871 Egypti,
2243 4800 2295 4855 id
2336 4811 2442 4865 est,
2485 4801 2585 4855 sub
2628 4799 2866 4854 medium
2908 4806 2999 4853 aut
3043 4800 3236 4853 saltem
3278 4798 3379 4854 sub
3425 4799 3595 4855 ﬁnem
3633 4819 3791 4858 ann.
3836 4804 3947 4858 $29.

656 4903 804 4959 Idem
832 4904 976 4958 enim
998 4912 1081 4958 est
1106 4902 1390 4971 utriusque
1416 4909 1819 4971 argumentum,
1844 4916 1944 4956 nec
1970 4900 2116 4956 aliud
2139 4900 2352 4956 videtur
2379 4904 2676 4956 discrimen
2705 4914 2868 4969 quam
2897 4901 3165 4966 methodi,
3192 4916 3312 4972 qute
3338 4900 3393 4955 in
3418 4899 3656 4970 epistola
3701 4902 3948 4959 oratori:

659 4998 830 5067 magis
861 5004 963 5061 est,
1002 4995 1054 5050 in
1089 4994 1324 5049 Scholiis
1358 4993 1474 5049 fere
1507 4993 1850 5051 scholastica.
3442 5062 3467 5083 .

732 5093 786 5145 In
811 5107 931 5146 eam
962 5104 1048 5145 me
1077 5090 1402 5145 sententiam
1432 5088 1712 5159 impellunt
1746 5089 1869 5144 tria.
1902 5090 2165 5156 Primum,
2190 5090 2334 5160 quod
2359 5089 2579 5147 Scholia
2616 5101 2745 5147 ante
2779 5091 3069 5147 concilium
3104 5091 3436 5161 Ephesinum
3468 5090 3686 5160 scripta
3724 5094 3879 5153 sint,
3903 5096 3947 5140 ut

655 5197 812 5241 antea
846 5183 1149 5240 confectum
1175 5192 1297 5238 est:
1341 5196 1438 5236 nec
1468 5197 1634 5249 parvo
1672 5192 1850 5237 tamen
1886 5192 2145 5252 tempore,
2182 5200 2305 5238 cum
2348 5184 2594 5240 Andreas
2637 5184 3031 5241 Samosatenus
3077 5186 3217 5253 apud
3258 5183 3617 5239 Anastasium
3661 5184 3945 5238 Sirmium

659 5278 884 5345 hujusce
924 5276 1104 5345 operis
1149 5286 1402 5344 tanquam
1446 5275 1742 5344 pervulgati
1792 5276 2120 5330 meminerit.
2175 5274 2439 5343 Alterum,
2481 5280 2625 5347 quod
2674 5279 2921 5333 videatur
2953 5278 3304 5334 elementaria
3343 5276 3595 5340 quaedam
3643 5275 3947 5331 doctrina.

656 5371 881 5430 rudibus
939 5370 1328 5427 controversia:
1389 5369 1619 5438 ingeniis
1671 5370 1919 5425 tradita:
1974 5372 2282 5427 continetur
2335 5373 2481 5427 enim
2542 5375 2886 5444 expositione
2963 5390 3192 5439 vocum,
3245 5373 3835 5443 distinctionibusque
3895 5370 3951 5424 ad

659 5468 986 5531 rbjecliones
1018 5465 1302 5519 solvendas
1336 5463 1685 5527 necessariis,
1711 5474 1765 5517 et
1805 5465 2066 5533 exemplis
2100 5466 2166 5519 ad
2212 5482 2325 5522 rem
2357 5467 2732 5535 explicandam
2780 5468 2958 5523 factis.
3011 5466 3276 5531 Tertium,
3310 5465 3453 5535 quod
3495 5465 3547 5519 in
3592 5478 3785 5534 opere
3846 5471 3951 5516 toto

656 5558 796 5612 nulla
825 5572 918 5626 per
946 5571 1005 5610 se
1033 5557 1123 5608 ﬁat
1152 5555 1355 5609 mentio
1386 5553 1475 5607 Dei
1505 5554 1811 5621 pontiﬁcis;
1855 5557 1949 5611 sed
1993 5572 2179 5612 eorum
2229 5568 2440 5613 tantum
2478 5574 2599 5628 qua:
2634 5560 2684 5614 in
2713 5560 2890 5628 primo
2922 5558 3154 5614 Nestorii
3194 5571 3445 5612 sermone
3478 5554 3869 5625 secundoque
3906 5564 3949 5605 et

654 5649 816 5700 tertio
845 5658 1032 5700 contra
1075 5645 1196 5700 ﬁdei
1238 5644 1476 5713 regulam
1510 5644 1779 5713 leguntur,
1814 5663 1934 5701 cum
1968 5657 2143 5705 tamen
2183 5651 2343 5722 digna
2385 5650 2524 5704 foret
2566 5652 2664 5705 ista
2695 5651 2950 5720 quaestio,
2987 5666 3107 5720 qua;
3141 5657 3470 5704 tractaretur
3507 5654 3746 5716 propter
3785 5660 3945 5699 suas

658 5738 770 5791 sive
799 5735 1171 5797 subtilitatem,
1208 5735 1318 5788 sive
1348 5736 1743 5789 necessitatem.
1781 5736 1908 5790 Orta
1954 5757 2080 5796 vero
2107 5754 2188 5797 est
2225 5759 2289 5796 ex
2328 5741 2545 5795 homilia
2589 5741 2764 5796 Procli
2806 5758 2833 5795 a
2872 5741 3118 5799 Nestorio
3162 5739 3412 5801 acerbius
3460 5739 3847 5809 reprehensa.
3886 5736 3945 5789 de

658 5844 763 5899 qua
792 5826 922 5880 nihil
957 5826 1133 5881 afferri
1171 5827 1338 5894 potuit
1365 5828 1533 5881 nuntii
1568 5828 1949 5885 Alexandriam
1988 5846 2111 5891 autc
2140 5837 2423 5892 deﬁnitum
2458 5836 2719 5890 hactenus
2748 5846 2976 5905 tempus.
