4082 6258
256 361 392 418 1365
1183 364 1476 423 ΞΟΗΟΜΑ
1515 369 1599 424 DE
1642 368 1868 426 iNCARl

1916 369 2157 430 iTlONE
2197 374 2569 433 UNIGENITI.
3392 378 3528 434 1566

317 478 395 533 De
424 478 721 549 interprete
751 482 911 551 paulo
938 480 1208 538 ditﬁcilior
1235 494 1319 540 est
1342 488 1594 555 quaastio.
1632 486 1891 559 Quisquis
1930 490 2023 546 ille
2061 490 2246 559 fuerit,
2274 495 2450 565 ipsum
2489 500 2704 563 oportet
2738 492 2930 562 quinto
2977 490 3177 547 saeculo
3214 492 3521 560 scripsisse,

254 571 363 626 imo
395 576 726 643 temporibus
756 576 942 647 Cyrilli
976 596 991 632 :
1038 579 1300 647 siquidem
1336 596 1403 636 ex
1440 583 1541 639 hac
1573 584 1688 652 ipsa
1729 587 1997 651 versione,
2039 603 2161 657 quae
2208 605 2349 644 nunc
2390 589 2645 653 habetur,
2678 597 2734 644 et
2762 585 2873 642 Leo
2906 585 3129 657 Magnus
3164 584 3345 638 statim
3401 596 3523 653 post

252 663 457 718 obitum
484 665 669 737 Cyrilii
701 675 955 737 tanquam
986 684 1054 723 ex
1086 670 1322 740 vulgata,
1350 683 1404 728 et
1431 676 1718 730 concilium
1750 676 2215 747 Chalcedonense,
2259 690 2314 736 et
2357 678 2640 736 Facundus
2670 677 3075 733 llermianensis
3136 676 3525 745 decerpserint,
3556 662 3561 731 ἶ

251 770 372 822 quae
399 756 533 811 locis
559 770 717 814 antea
741 760 926 815 citatis
944 762 1205 819 referunt.
1224 765 1529 822 Crediderit
1553 784 1655 824 non
1684 769 1953 825 immerito
1976 771 2266 841 quispiam,
2284 772 2628 827 tribuendum
2651 772 2754 826 hoc
2776 785 2911 841 opus
2927 769 3021 823 uni
3044 782 3110 822 ex
3142 760 3561 849 Alexandrinis;

252 843 363 899 illis
394 861 623 915 quorum
656 848 1006 906 Latinitatem
1033 854 1172 922 apud
1199 865 1448 911 sanctum
1479 856 1832 913 Caelestinum
1855 834 2436 930 Cyrillus'excusabat,
2463 877 2587 916 cum
2614 834 2835 916 chartas
2858 858 3103 912 mitteret
3124 854 3192 910 ab
3214 856 3282 909 iis
3310 834 3553 930 versas?

252 930 455 991 Verum
488 941 818 1008 opinabilius
851 944 1087 1011 videtur,
1126 946 1475 1018 interpretem
1518 951 1703 1007 dicere
1749 951 1979 1007 Marium
2021 953 2420 1022 Mercatorem,
2461 955 2637 1009 virum
2682 952 2891 1021 alioqui
2936 949 3177 1004 melioris
3215 930 3563 1007 Latinitatis".

250 1027 514 1083 scientem
543 1048 557 1084 :
592 1048 714 1086 nam
750 1042 804 1087 et
834 1034 975 1087 inter
994 1033 1112 1102 ejus
1138 1051 1301 1107 opera
1330 1040 1601 1109 reperitur
1641 1041 1694 1094 in
1728 1050 1959 1111 utroque
1991 1043 2359 1111 manuscripto
2397 1042 2605 1104 codice,
2641 1057 2751 1111 quo
2793 1040 2879 1095 usi
2917 1053 3143 1101 sumus;
3177 1043 3232 1090 et
3267 1052 3328 1091 ea
3368 1047 3528 1091 aetate

251 1120 407 1184 vixit,
434 1136 538 1189 qua
573 1124 935 1192 scribebatur,
960 1137 1014 1183 et
1048 1130 1242 1186 ardore
1271 1131 1393 1186 fidei
1424 1132 1673 1188 incensus
1698 1130 1889 1188 Latina
1930 1133 2057 1188 fecit
2119 1149 2239 1204 qua:
2280 1132 2457 1188 Graeci
2488 1136 2804 1188 defensores
2836 1130 2961 1185 fidei
3006 1130 3346 1191 scriberent;
3388 1137 3441 1181 et
3472 1128 3524 1180 in

251 1212 570 1278 praefatione
616 1215 683 1270 ad
737 1232 1015 1275 sertnones
1060 1220 1297 1278 Nestorii
1335 1230 1671 1280 contestatus
1719 1235 1830 1292 est,
1886 1242 1945 1282 se
1998 1226 2304 1282 Latinitatis
2354 1228 2497 1297 leges
2550 1223 2824 1296 Sprevisse
2865 1223 2919 1275 iu
2971 1220 3231 1290 Operibus
3287 1215 3525 1273 Nestorii

251 1304 544 1375 Cyrillique
571 1311 863 1365 vertendis.
897 1311 965 1365 In
1000 1313 1208 1382 quibus,
1245 1314 1439 1384 inquit,
1482 1316 1692 1369 verbum
1745 1316 1810 1371 de
1850 1318 2021 1385 verbo,
2056 1320 2109 1373 in
2151 1329 2405 1388 quantum
2434 1319 2552 1387 ﬁeri
2595 1316 2769 1384 potuit
2807 1320 3034 1367 conatus
3076 1326 3192 1365 sum
3233 1307 3526 1362 translator

250 1397 558 1464 exprimere,
593 1417 655 1453 ne
682 1402 832 1469 prius
857 1402 1113 1472 falsarius
1149 1408 1315 1477 magis
1360 1422 1520 1477 quam
1553 1427 1700 1465 verus
1735 1422 1862 1481 posti

1913 1431 1916 1460 ι
1956 1412 2210 1479 probarer
2252 1415 2533 1479 interpres.
2574 1410 2656 1463 Da
2702 1409 2871 1477 igitur
2900 1407 3138 1469 ueniam,
3168 1404 3250 1473 pie
3275 1404 3456 1465 lector,
3480 1401 3525 1455 si

248 1499 343 1543 aut
374 1492 549 1546 minus
578 1495 747 1549 oratio
804 1497 1092 1564 luculenta,
1131 1509 1224 1555 aut
1259 1505 1532 1558 verborum
1570 1507 1867 1578 ubicunque
1899 1518 2341 1577 prwsumptorum
2387 1509 2586 1562 novitas
2631 1521 2812 1559 aurem
2850 1504 2988 1573 forte
3032 1498 3332 1570 perculerit.
3374 1497 3525 1564 Elegi

250 1580 661 1637 obtrectatorum
723 1586 918 1658 linguis
968 1594 1137 1662 magis
1174 1596 1390 1663 exponi,
1436 1615 1595 1669 quam
1649 1618 1682 1655 a
1732 1602 1951 1658 veritate
1994 1618 2241 1657 sensuum
2275 1601 2644 1670 exprimenda,
2704 1598 2791 1652 ubi
2848 1611 2999 1651 omne
3044 1602 3122 1649 est
3172 1591 3236 1646 de
3296 1588 3524 1656 falsitate

249 1674 563 1744 periculum,
588 1678 793 1749 longius
824 1684 1093 1743 aberrare.
2182 1690 2193 1699 ’

327 1764 444 1821 Νοη
484 1768 617 1826 levis
650 1786 815 1843 opera
846 1779 1094 1847 ponenda
1137 1783 1293 1838 nobis
1323 1783 1422 1840 fuit
1460 1786 1514 1840 in
1546 1786 1883 1842 emendanda
1908 1786 2161 1840 versione
2199 1791 2308 1837 tam
2341 1783 2586 1851 antiqua,
2610 1780 2838 1851 ideoque
2867 1779 2932 1834 ab
2962 1775 3431 1839 exscribentihus,
3464 1782 3525 1829 ut

254 1858 335 1923 ίίι,
365 1874 617 1934 corrupta
646 1884 658 1919 :
689 1866 946 1935 juverunt
980 1873 1197 1942 quidem
1225 1878 1577 1948 manuscripti
1608 1880 1823 1945 codices
1847 1884 1911 1934 et
1934 1878 2057 1932 libri
2085 1877 2226 1948 typis
2249 1874 2458 1931 excusi.
2491 1877 2561 1930 At
2595 1888 2718 1927 cum
2761 1888 2865 1927 una
2913 1872 2985 1926 sit
3024 1868 3266 1925 omnium
3314 1865 3520 1925 versio.

250 1967 422 2023 eaque
467 1975 571 2015 non
619 1964 797 2020 minus
829 1982 858 2021 a
901 1970 1129 2025 notariis
1161 1972 1472 2041 depravata,
1503 1991 1665 2046 quam
1719 1976 1787 2030 ab
1842 1975 1856 2030 i

1911 1981 2138 2044 Lerprete
2189 1972 2453 2042 neglecta,
2497 1971 2714 2041 quoties
2754 1985 2860 2022 non
2913 1963 3523 2037 praeluxeruntGracra,

251 2050 616 2118 praeluxerunt
647 2075 774 2115 vero
808 2077 912 2117 non
957 2079 1120 2139 stupe,
1160 2066 1510 2123 divinandum
1555 2070 1677 2136 fuit,
1719 2080 1776 2127 ut
1818 2086 1952 2141 quas
2002 2069 2343 2125 adhibuisset
2384 2082 2545 2122 voces
2590 2066 2895 2134 interpres,
2955 2061 3373 2117 restitueremus
3425 2074 3521 2127 pro

247 2145 388 2199 virili
415 2164 429 2197 :
469 2149 875 2227 religioni_enim
905 2154 1004 2211 fuit
1039 2158 1176 2213 ullas
1208 2170 1443 2225 mutare,
1480 2177 1579 2218 nec
1614 2164 1659 2217 si
1687 2162 1908 2217 aliunde
1939 2162 2207 2227 licuisset,
2235 2161 2604 2231 potuissemus
2641 2168 2842 2221 tamen,
2872 2168 2993 2209 cum
3042 2152 3262 2206 deficiat
3299 2150 3523 2215 Graccus

250 2250 426 2297 textus
485 2245 536 2298 in
592 2246 869 2316 pluribus;
913 2266 1075 2321 quem
1120 2254 1264 2309 enim
1320 2257 1618 2327 habemus,
1661 2259 1748 2314 vel
1794 2274 1862 2316 ex
1912 2258 2279 2323 Theodoreto,
2311 2257 2399 2313 vel
2443 2272 2510 2312 ex
2537 2250 2969 2311 Chalcedonensi
3030 2249 3260 2318 synodo,
3320 2247 3403 2301 vel
3455 2262 3523 2301 ex

244 2327 575 2385 bibliotheca
604 2332 769 2405 Regia
804 2350 1056 2407 acceptus
1085 2351 1188 2397 est.

318 2421 505 2479 Prodit
534 2442 664 2483 vero
692 2432 948 2487 eximium
978 2449 1134 2504 opus,
1166 2443 1220 2492 et
1260 2451 1292 2491 a
1331 2434 1536 2491 sanctis
1568 2431 1821 2489 Patribus
1856 2433 2084 2489 summis
2125 2432 2374 2490 laudibus
2417 2443 2702 2499 ornatum,
2733 2450 2840 2487 non
2885 2440 3092 2487 tantum
3147 2430 3521 2492 emendatius,

245 2515 390 2581 quod
418 2523 562 2573 certe
586 2517 704 2575 leve
739 2538 843 2577 non
871 2534 954 2580 est
977 2542 992 2590 ;
1017 2525 1111 2581 sed
1132 2535 1327 2597 quarta
1354 2524 1467 2581 fere
1504 2535 1654 2595 parte
1693 2525 1924 2591 auctius,
1958 2540 2121 2596 quam
2161 2525 2392 2596 legatur,
2429 2525 2512 2581 vel
2558 2527 2701 2596 apud
2746 2525 2932 2595 Cyrilli
2978 2538 3206 2593 operum
3239 2522 3479 2577 editores
3503 2562 3518 2587 ,

247 2605 332 2659 vel
365 2609 506 2676 apud
530 2611 884 2669 conciliorum
908 2617 1251 2677 collectores.
1285 2617 1425 2685 Quid
1454 2628 1632 2674 autem
1659 2619 1797 2673 desit
1826 2619 1878 2674 in
1911 2618 2142 2689 vulgatis
2171 2619 2324 2674 libris
2358 2618 2742 2685 indicabimus,
2777 2618 2865 2672 ubi
2895 2616 3000 2673 erit
3027 2631 3187 2685 Opus.

326 2700 539 2772 Vulgati
568 2698 789 2764 'codices
829 2712 993 2767 totius
1024 2714 1205 2783 Operis
1243 2715 1643 2783 babentcapita
1686 2714 1873 2784 viginti
1913 2723 1971 2770 et
2006 2723 2165 2781 octo;
2203 2716 2602 2784 manuscriptus
2640 2710 2917 2767 Marianus
2964 2709 3183 2780 triginta
3235 2708 3474 2779 quinque
3499 2723 3531 2773 ;.

247 2791 472 2852 letius
509 2813 613 2854 non
640 2800 791 2869 plura
825 2806 1192 2861 novemdecim
1228 2817 1499 2872 numerat,
1525 2810 1758 2864 redactis
1796 2807 2003 2865 scilicet
2030 2808 2096 2862 ad
2142 2800 2285 2863 hunc
2317 2821 2603 2862 numerum
2645 2806 2875 2869 cunctis,
2903 2818 3023 2873 qua:
3057 2802 3198 2870 apud
3242 2800 3378 2854 alios
3414 2814 3521 2853 non

248 2890 447 2955 optima
475 2906 605 2948 sane
632 2895 699 2949 de
737 2912 898 2952 causa
930 2912 1270 2970 separantur.
1301 2902 1493 2972 Operae
1521 2906 1754 2973 pretium
1787 2914 1874 2960 est
1912 2903 2087 2959 Photii
2115 2904 2277 2957 verba
2312 2901 2665 2959 exscribere:
2700 2899 2891 2954 Lectus
2938 2908 3015 2953 est
3047 2900 3173 2952 item
3209 2897 3345 2950 alter
3391 2895 3524 2947 liber

247 2983 323 3035 sic
370 2983 698 3054 inscriptus:
742 2987 1010 3046 Scnouou
1057 3009 1123 3047 ne
1179 2994 1461 3051 UNIGENI’I‘I
1503 3011 1923 3052 INCARNATIONE.
1969 2994 2091 3060 Quo
2123 2994 2235 3047 hwc
2271 2992 2381 3062 fere
2419 3001 2773 3061 exponuntur,
2820 2988 2950 3058 quid
2989 2996 3067 3041 est
3113 2986 3385 3047 Christus;
3418 2999 3523 3051 qua

251 3076 448 3129 ratione
477 3078 845 3150 intelligendus
881 3082 1234 3152 Emmanuel;
1269 3088 1397 3158 quid
1423 3097 1497 3142 est
1530 3086 1688 3142 Iesus
1726 3088 2001 3154 Christus;
2028 3088 2193 3157 juxta
2226 3087 2354 3158 quid
2392 3086 2489 3140 Dei
2536 3082 2763 3139 Verbum
2803 3084 3002 3135 dictum
3041 3088 3115 3135 est
3153 3081 3342 3140 homo;
3360 3077 3523 3146 juxta

248 3168 373 3236 quid
420 3182 728 3225 evacuatum
768 3190 878 3229 esse
921 3172 1021 3230 Dei
1077 3176 1305 3231 Verbum
1346 3179 1582 3245 dicitur;
1640 3179 1901 3251 quomodo
1937 3181 2063 3234 item
2107 3178 2347 3235 Christus
2395 3194 2531 3232 unus
2573 3184 2680 3241 est;
2730 3172 2994 3245 quomodo
3048 3171 3209 3225 etiam
3266 3185 3399 3222 unus
3446 3177 3522 3221 est

250 3262 564 3331 Emmanuel
581 3283 904 3337 ,‘quamnam
932 3273 1157 3328 dicimus
1181 3267 1290 3329 esse
1316 3278 1765 3331 exinanitionem?
1793 3276 1931 3331 Item
1966 3278 2031 3332 de
2068 3278 2237 3349 ignita
2271 3266 2511 3330 carbone
2537 3275 2647 3327 viso
2696 3273 2759 3326 ab
2792 3271 2966 3335 Isaia,
3006 3268 3221 3339 aliaque
3240 3274 3522 3336 prarterea,

249 3354 329 3409 his
363 3365 536 3412 tamen
560 3361 757 3429 a/finia,
788 3364 962 3429 capita
988 3367 1185 3419 decem.
1216 3363 1571 3439 Permagnam
1596 3385 1714 3424 vero
1741 3367 2030 3438 legentibus
2057 3371 2344 3423 utilitatem
2373 3368 2506 3423 liber
2531 3368 2616 3421 hic
2643 3366 2836 3436 a/Ierre
2856 3373 3047 3433 potest.

321 3446 496 3504 Aliam
534 3451 703 3506 videri
736 3463 913 3521 potest
953 3451 1236 3511 Facundus
1274 3455 1682 3514 Hermianensis
1713 3460 1765 3513 in
1792 3461 1978 3515 codice
2017 3476 2124 3531 quo
2150 3475 2282 3515 usus
2320 3468 2407 3514 est
2446 3457 2789 3528 partitionem
2847 3455 3163 3510 invenisse:
3217 3469 3340 3507 nam
3375 3451 3521 3523 quod

249 3541 477 3599 Photius
512 3556 763 3602 octavum
795 3562 957 3619 caput
981 3565 1103 3607 esse
1130 3552 1356 3618 indicat,
1379 3553 1668 3624 septimum
1704 3556 1817 3625 ipse
1849 3565 2040 3622 vocat;
2076 3556 2344 3610 decimum
2376 3566 2523 3615 vero,
2550 3552 2694 3623 quod
2724 3551 2865 3620 apud
2894 3548 3150 3603 Photium
3174 3546 3518 3601 undecimqu

251 3636 487 3703 ponitur.
523 3635 613 3694 Sic
640 3641 785 3694 enim
813 3641 1003 3697 scribit
1031 3661 1044 3697 :
1076 3643 1307 3715 Cyrillus
1335 3647 1391 3700 in
1421 3645 1554 3701 libro
1592 3663 1743 3718 quem
1784 3645 2001 3703 Scholia
2050 3648 2395 3716 nuncupavit,
2446 3642 2601 3699 titulo
2641 3646 2895 3713 septimo,
2932 3655 3094 3710 quam
3126 3653 3247 3694 esse
3281 3639 3520 3692 dicimus

250 3730 655 3796 adunatiouem,
684 3730 886 3800 anima,
921 3734 1113 3806 inquit,
1149 3739 1326 3791 omnia
1364 3754 1481 3807 qua:
1504 3747 1628 3795 sunt
1654 3742 1909 3810 corporis,
1939 3750 2044 3797 etc.
2080 3740 2221 3813 (Lib.
2257 3758 2334 3804 ιι,
2370 3756 2421 3797 c.
2448 3739 2530 3808 '7.)
2561 3738 2622 3793 Et
2648 3744 2835 3807 postea
2861 3751 2874 3787 :
2904 3732 3108 3788 Rursus
3134 3742 3306 3786 autent
3338 3733 3519 3787 eodeni

248 3825 409 3880 libro.
437 3824 592 3879 titulo
620 3827 839 3894 decimo,
864 3831 989 3900 quid
1027 3830 1244 3897 dixerit,
1268 3833 1347 3888 uel
1377 3836 1505 3906 quid
1551 3837 1725 3905 prima
1758 3836 1931 3904 fronte
1965 3840 2109 3893 solus
2144 3840 2253 3905 ipse
2298 3836 2483 3890 titulus
2523 3834 2809 3902 praeferat,
2849 3832 3219 3892 advertamus;
3260 3846 3382 3881 nam
3422 3830 3519 3881 hoc

247 3917 302 3968 in
334 3914 430 3969 illo
456 3933 512 3971 se
539 3927 867 3974 ostensurum
892 3939 1001 3978 esse
1027 3926 1269 3994 promisit
1304 3926 1485 3981 dicens
1514 3927 1726 3998 (Ibid.),
1773 3929 1917 3995 quod
1949 3939 2004 3984 et
2031 3929 2268 3981 adunato
2301 3927 2411 3979 Deo
2451 3923 2627 3976 Verbo
2670 3936 2794 3974 vere
2836 3917 3183 3981 humanitati,
3220 3918 3519 3973 inconfusus

249 4022 430 4064 tamen
454 4010 769 4069 substantia:
796 4019 1215 4083 permanserint.
1253 4015 1425 4087 thue
1467 4018 1564 4071 hoc
1591 4021 1836 4087 probaret
1871 4020 2088 4089 subjecit
2116 4019 2222 4073 ista
2249 4033 2267 4071 :
2294 4017 2549 4071 Erectum
2581 4024 2664 4069 est
2716 4011 3013 4068 secundum
3055 4008 3146 4064 Dei
3183 4008 3515 4065 voluntatem

249 4105 502 4155 sanctum
533 4099 945 4156 tabernaculum
980 4118 1077 4171 per
1107 4106 1406 4170 desertum,
1432 4114 1540 4161 etc.

321 4192 642 4262 Quanquam
678 4195 734 4246 in
770 4204 1057 4263 utrumque
1095 4195 1274 4251 locum
1311 4196 1469 4253 facile
1497 4198 1673 4268 potuit
1703 4198 1954 4253 mendum
2003 4197 2262 4267 irrepere,
2308 4196 2352 4251 si
2388 4192 2548 4249 modo
2598 4191 2794 4249 litteris
2842 4190 3129 4259 Romanis,
3158 4204 3217 4250 ut
3257 4194 3518 4252 credibile

244 4294 355 4346 est,
381 4299 476 4349 vn,
507 4298 589 4346 ιι,
617 4298 878 4338 numerus
906 4285 1145 4353 scriptus
1169 4287 1240 4340 sit
1268 4300 1284 4338 :
1316 4288 1492 4357 potuit
1522 4289 1666 4343 enim
1698 4287 1857 4343 facile
1890 4287 2105 4343 detrahi
2140 4287 2194 4342 in
2240 4302 2349 4341 uno
2386 4284 2531 4350 loco,
2559 4292 2613 4340 et
2654 4283 2708 4338 in
2750 4282 2921 4338 altero
2955 4283 3077 4338 addi
3107 4283 3177 4339 ah
3223 4283 3516 4341 incuriosis

248 4376 488 4432 librariis
524 4374 681 4433 tertia
716 4376 941 4432 vocalis.
975 4379 1155 4445 Quare
1178 4380 1421 4437 Facundi
1455 4383 1617 4440 lectio
1649 4381 1973 4455 corrigenda
2005 4381 2137 4439 mihi
2168 4381 2404 4447 videtur,
2435 4378 2721 4435 retinenda
2753 4374 2955 4444 Photii,
2991 4378 3290 4434 contractis
3324 4389 3509 4435 tamen

249 4475 302 4527 in
355 4487 517 4525 unum
553 4471 823 4541 capitibus
871 4471 1083 4531 duobus
1132 4477 1200 4532 de
1240 4478 1478 4535 carbone
1525 4479 1612 4535 vel
1659 4479 1815 4536 lilio:
1849 4494 1972 4550 quae
2029 4478 2276 4549 exempla
2320 4477 2389 4534 ad
2435 4477 2510 4541 id,
2540 4474 2682 4546 quod
2729 4473 2788 4529 in
2839 4471 2996 4530 titulo
3030 4472 3365 4544 propositum
3410 4485 3512 4537 est,

249 4567 588 4635 probandum
616 4566 821 4635 pariter
851 4568 1183 4624 conducunt.

325 4657 388 4709 Et
414 4671 541 4709 vero
570 4671 668 4725 par
688 4666 773 4712 est
800 4660 1043 4726 credere,
1075 4678 1233 4717 suum
1262 4662 1491 4732 singulis
1519 4664 1790 4733 capitibus
1822 4662 2146 4733 inscriptum
2176 4663 2342 4718 fuisse
2370 4669 2757 4730 argumentum
2784 4659 2927 4729 quod
2964 4659 3303 4713 tractandum
3334 4658 3509 4725 foret;

252 4766 360 4804 nou
407 4752 538 4807 item
571 4752 623 4806 id
671 4754 988 4825 contigisse,
1032 4752 1177 4824 quod
1228 4755 1281 4810 in
1320 4754 1475 4811 libris
1517 4757 1679 4811 editis
1732 4756 1945 4827 legitur,
1992 4765 2055 4812 ut
2100 4756 2309 4826 singula
2359 4754 2537 4823 capita
2587 4754 2836 4824 singulis,
2863 4753 2977 4807 sive
3011 4754 3359 4816 testimoniis,
3396 4753 3510 4808 sive

247 4845 513 4913 exemplis
545 4845 867 4902 inconcinne
890 4856 947 4902 et
976 4847 1259 4919 ἀμεθόδως
1295 4848 1680 4904 tribuerentur.
1717 4848 2035 4904 Mercatoris
2069 4863 2230 4915 porro
2258 4848 2427 4901 codex
2461 4844 2596 4900 nihil
2637 4845 2929 4915 adiumenti
2972 4841 3221 4899 conferre
3248 4843 3415 4896 valuit
3441 4840 3514 4897 ad

249 4932 574 4989 alterutram
610 4936 924 5006 Opinionem
953 4939 1400 5003 confirmandam,
1435 4940 1697 5010 siquidem
1741 4940 1921 4996 titulus
1944 4940 2108 4995 habet
2143 4939 2262 4994 sine
2292 4938 2416 4994 ullis
2444 4939 2703 4992 numeris.

333 5024 499 5092 igitur
534 5030 745 5083 tametsi
777 5029 1088 5085 distributio
1114 5032 1375 5101 capitum,
1401 5048 1520 5101 qua:
1563 5048 1661 5087 usu
1692 5042 1907 5099 recepta
1942 5042 2047 5099 est,
2083 5031 2331 5101 religiose
2355 5030 2619 5085 servanda
2652 5030 2742 5095 sit,
2772 5029 2945 5084 visum
2992 5038 3074 5085 est
3111 5039 3289 5084 tamen
3334 5045 3511 5099 Operae

253 5116 488 5182 pretium
523 5117 665 5183 fore,
697 5119 741 5173 si
768 5122 996 5192 singulis
1026 5124 1299 5193 capitibus
1331 5124 1671 5180 Scholiorum
1704 5123 1881 5179 Photii
1908 5124 2117 5179 numeri
2143 5139 2266 5178 cum
2293 5122 2522 5192 vulgatis
2548 5129 2974 5189 apponerentur,
3000 5130 3056 5176 et
3091 5121 3198 5190 hic,
3223 5122 3512 5193 pl‘OpOSillS

249 5210 589 5278 singulorum
620 5212 859 5281 capitum
888 5228 951 5269 ex
1001 5213 1301 5271 Mercatore
1335 5217 1524 5283 titulis,
1562 5232 1660 5285 per
1689 5218 1962 5289 synopsim
1998 5225 2170 5271 totum
2211 5229 2348 5284 Opus
2379 5213 2748 5268 exhiberetur.

1063 5354 1249 5425 Cyriili
1279 5359 1506 5426 episwpi
1543 5359 1880 5414 Alexandria:
1913 5360 1976 5413 de
2015 5356 2379 5411 incarnatione
2407 5351 2691 5422 Unigeuiti.

218 5468 227 5511 λ
322 5491 505 5546 Carus
541 5489 580 5542 l.
615 5490 751 5555 Quid
774 5500 857 5545 est
887 5490 1149 5547 Christus.

320 5587 450 5639 Car.
494 5582 555 5638 ll.
600 5583 839 5648 Qualiter
867 5581 1087 5651 intelligi
1124 5584 1317 5640 debeat
1352 5586 1682 5640 Emmanuel.

326 5677 455 5730 (1w.
502 5673 585 5726 Ill.
620 5671 755 5737 Quid
787 5683 869 5727 est
900 5671 1078 5726 Jcstts.

330 5769 458 5822 Car.
506 5766 592 5819 IV.
639 5766 809 5829 Quam
838 5766 903 5818 ob
935 5780 1149 5818 causam
1186 5766 1343 5819 homo
1377 5765 1574 5819 dictum
1606 5764 1672 5819 sit
1702 5766 1795 5820 Dci
1828 5761 2084 5817 Verbum.
