4082 6258
700 284 835 340 1567
1686 289 1747 344 8.
1787 290 2061 347 CYRILLI
2097 289 2312 346 ALEXA

2181 289 2567 347 .EXANDRINI
2601 290 2922 354 ARCHIEP.
3705 297 3793 368 ttat

764 399 898 456 Csp.
940 401 1003 457 γ.
1040 403 1209 472 Quam
1241 406 1311 461 ob
1333 420 1550 461 causam
1576 407 1913 464 exinanitum
1941 407 2158 466 dicatur
2184 408 2280 466 Dei
2317 411 2573 471 Verbum.

764 491 894 549 Csp.
941 494 1025 548 VI.
1067 497 1346 564 Quomodo
1382 514 1521 553 unus
1566 497 1839 554 Christus.

763 584 894 641 Car.
936 586 1041 645 VII.
1075 589 1352 654 Quomodo
1375 606 1516 646 unus
1551 590 1888 646 Emmanuel.

766 676 896 732 CAP.
934 677 1066 735 Vlll.
1099 686 1267 748 Quam
1302 699 1423 737 esse
1448 684 1678 740 dicimus
1707 683 2110 738 adunationem.

765 766 894 825 CAP.
938 767 1028 834 IX.
1064 771 1214 840 Quod
1263 775 1620 844 incorporalis
1653 774 1956 828 divinitatis
1999 784 2199 841 corpus
2231 768 2370 822 facta
2399 764 2560 821 fuerit
2589 765 2704 834 ipsa
2743 775 2870 818 caro
2915 760 3120 817 habens
3165 760 3386 824 animam
3419 765 3797 843 rationabili-mei

694 861 838 928 quod
889 861 933 914 si
970 877 1030 914 ea
1082 878 1111 918 a
1163 881 1221 924 se
1273 867 1512 926 dividere
1564 866 1912 929 voluerimus,
1969 862 2152 932 procul
2196 860 2363 916 dubio
2412 857 2854 914 Iahefactabimus
2899 853 3382 927 dispensationem,
3431 872 3537 926 qua!
3575 862 3616 917 in
3654 870 3796 931 Christo

694 950 1032 1020 intelligitur.

763 1042 892 1096 Csp.
934 1043 1002 1099 X.
1044 1044 1193 1111 Quod
1224 1045 1460 1100 adunato
1493 1046 1602 1102 Deo
1632 1047 1807 1102 Verbo
1840 1061 1964 1102 vere
1997 1042 2342 1108 humanitati,
2374 1041 2671 1098 inconfusa:
2713 1053 2890 1097 tamen
2922 1040 3236 1097 substantiae
3261 1051 3627 1111 permanserint.

763 1137 893 1200 Cap.
934 1135 1028 1194 XI.
1067 1138 1239 1205 Quod,
1273 1155 1395 1200 cum
1425 1151 1572 1198 esset
1613 1140 1754 1196 Dens
1808 1140 2062 1202 Verbum,
2101 1137 2274 1193 lactus
2317 1139 2386 1192 sit
2421 1137 2600 1200 homo,
2651 1151 2752 1191 nec
2802 1136 2962 1190 homo
3005 1134 3336 1203 simpliciter,
3375 1140 3500 1194 nuda
3528 1143 3797 1212 conjunctione

696 1230 1012 1296 honoratus,
1042 1243 1268 1290 vocatus
1293 1236 1364 1291 sit
1392 1236 1458 1288 ad
1490 1249 1669 1303 parem
1697 1235 2012 1304 dignitatem
2041 1232 2131 1287 Dei
2165 1229 2350 1294 Verbi,
2384 1231 2496 1285 sive
2531 1230 2931 1293 auctoritatem,
2969 1230 3110 1286 sicut
3140 1227 3442 1297 quibusdam
3472 1232 3660 1288 videtur.

762 1324 892 1385 Car.
935 1324 1051 1378 XII.
1085 1327 1236 1393 Quod
1263 1328 1511 1384 Christus
1545 1328 1702 1386 Jesus
1725 1338 1942 1385 vocetur
1966 1329 2128 1383 homo
2159 1327 2334 1381 factus
2363 1327 2505 1381 Deus
2541 1325 2802 1381 Verbum.

759 1414 889 1469 Car.
931 1416 1071 1474 XIII.
1108 1418 1257 1485 Quod
1285 1420 1534 1476 Christus
1555 1436 1660 1478 non
1701 1421 1772 1476 sit
1795 1421 1956 1475 homo
1982 1419 2285 1488 Θεοφόρος,
2319 1433 2419 1474 nec
2451 1417 2769 1486 simpliciter
2807 1419 2860 1472 in
2909 1403 3128 1472 homine
3173 1416 3474 1473 inhabitarit
3502 1418 3580 1472 Dei
3617 1417 3795 1485 Verbum;

693 1506 787 1558 sed
811 1509 978 1577 magis
1009 1525 1136 1566 caro
1167 1512 1236 1565 sit
1259 1513 1342 1566 l'ac
1356 1521 1488 1578 tum,
1516 1513 1630 1568 sive
1657 1512 1820 1568 homo
1851 1513 2140 1582 perfectus,
2166 1510 2464 1566 secundum
2499 1509 2835 1579 St-ripturas.

759 1598 890 1654 CAP.
933 1598 1069 1654 XIV.
1109 1600 1257 1655 Dicta
1291 1601 1606 1670 apostolica,
1633 1601 1685 1656 in
1722 1601 1921 1672 quibus
1955 1600 2095 1655 Deus
2128 1599 2434 1654 nominatus
2464 1597 2535 1653 sit
2569 1597 2839 1653 Christus.

758 1691 888 1745 CAP.
933 1690 1048 1745 XV.
1083 1691 1362 1758 Quomodo
1392 1703 1642 1764 oporteat
1671 1694 2008 1765 intelligere:
2046 1691 2264 1758 Verbum
2305 1706 2428 1746 caro
2478 1691 2679 1760 factum
2722 1701 2820 1757 est,
2857 1701 2907 1745 et
2939 1693 3189 1749 habitavit
3230 1695 3282 1748 in
3327 1694 3508 1748 nobis:
3546 1702 3590 1746 ct
3620 1689 3799 1760 qIIOIIIOtltI

690 1781 922 1844 mittitur
956 1782 1189 1839 Verbum
1219 1787 1363 1854 quod
1392 1787 1534 1842 Deus
1568 1795 1689 1854 est;
1718 1787 1986 1857 quomodo
2022 1786 2294 1854 proprium
2331 1783 2497 1852 ipsius
2538 1782 2735 1838 dicitur
2765 1799 2983 1853 corpus.

758 1874 888 1933 Car.
933 1875 1072 1938 XVI.
1108 1876 1393 1942 Quomodo
1429 1877 1762 1947 intelligatur
1794 1879 2053 1942 Θεοτόκος
2089 1877 2249 1948 Virgo
2282 1887 2488 1930 sancta.

757 1966 884 2030 Cap.
928 1965 1091 2030 XVII,
1130 1968 1282 2034 Quod
1312 1970 1451 2033 Deus
1481 1969 1792 2024 nominetur
1813 1980 1868 2024 et
1903 1972 2083 2033 homo,
2123 1984 2393 2038 apparens
2425 1965 2767 2038 Unigenitus.

756 2059 885 2114 Cxp.
930 2061 1116 2115 XVIII.
1155 2061 1229 2115 De
1264 2059 1463 2116 Christi
1495 2063 1766 2131 passione,
1799 2061 1944 2133 quod
1973 2060 2100 2117 utile
2134 2063 2222 2116 sit.
2263 2062 2414 2130 Quod
2454 2062 2750 2117 secundum
2786 2060 2929 2115 aliud
2967 2069 3023 2114 et
3055 2058 3202 2114 aliud
3249 2059 3317 2114 de
3357 2073 3455 2113 uno
3485 2059 3637 2113 eodem
3659 2056 3796 2122 dicitur,

653 2152 788 2206 'ncc
816 2153 1104 2210 dividimus
1141 2155 1191 2208 in
1223 2155 1348 2212 duo.
2125 2217 2128 2220 ,

756 2245 886 2298 ΟΜ».
923 2241 1071 2302 XIX.
1114 2248 1386 2304 Adversus
1420 2247 1543 2304 illos
1572 2250 1668 2320 qui
1705 2247 1878 2311 aiunt,
1909 2245 2050 2317 quod
2080 2246 2202 2301 'sola
2236 2245 2496 2301 relatione
2528 2245 2696 2300 Deum
2719 2244 2954 2300 Verbum
2979 2244 3211 2300 deceant
3243 2244 3484 2299 humana.

757 2339 866 2393 Etsi
901 2353 1062 2408 porro
1091 2339 1330 2409 quinque
1368 2342 1569 2409 capita,
1607 2355 1777 2410 eaque
1819 2340 2049 2411 prolixa,
2076 2354 2196 2410 quae
2229 2338 2387 2408 vulgo
2428 2339 2703 2404 deﬁciunt,
2743 2335 3016 2392 Marianas
3059 2337 3236 2391 codex
3278 2335 3571 2406 suppeditet,
3595 2335 3658 2385 vix
3694 2334 3800 2385 ausim

687 2439 864 2486 tamen
888 2434 1172 2504 spondere,
1198 2435 1496 2489 etiamnum
1521 2435 1792 2504 integrum
1816 2451 1951 2506 opus
1978 2435 2088 2502 edi,
2114 2433 2158 2490 si
2188 2451 2294 2504 qua
2319 2436 2450 2490 ﬁdes
2477 2433 2763 2488 Anastasio
2801 2431 3024 2488 Sinaitae
3057 2449 3071 2485 :
3106 2433 3248 2486 citat
3270 2431 3407 2486 enim
3437 2427 3590 2484 locum
3611 2428 3659 2482 de
3679 2435 3802 2480 statere

685 2539 899 2594 reperto
951 2529 1004 2586 in
1055 2545 1152 2585 ore
1195 2533 1383 2600 piscis,
1411 2532 1501 2602 qui
1545 2549 1651 2588 non
1698 2534 1970 2603 reperitur
2016 2534 2068 2589 in
2129 2527 2387 2598 Scholiis,
2431 2532 2730 2599 cuiusmodi
2776 2545 2919 2585 nunc
2970 2530 3271 2584 habenlur;
3337 2527 3435 2583 Sed
3467 2525 3598 2580 valde
3628 2521 3802 2592 suspicor,

684 2621 1029 2680 Anastasium
1059 2626 1320 2683 memoria
1347 2625 1557 2694 lapsum
1590 2641 1689 2695 pro
1712 2628 1818 2681 alio
1847 2642 2010 2698 Opere
2058 2627 2274 2682 Scholia
2321 2627 2607 2696 posuisse:
2653 2639 2826 2695 eoque
2874 2622 3222 2694 probabilior
3268 2621 3487 2690 suspicio
3514 2620 3698 2680 videtur,
3718 2613 3804 2685 quod

686 2709 879 2765 librum
905 2713 1101 2784 ὁδηγοῦ
1135 2717 1510 2771 recordatione
1537 2717 1716 2785 potius
1745 2733 1908 2788 quam
1935 2719 2165 2774 lectione
2192 2727 2473 2773 auctorum
2510 2733 2569 2773 se
2596 2716 2966 2786 composuisse
2997 2724 3241 2771 testatus
3265 2715 3354 2778 sit,
3383 2722 3656 2779 maneatque
3679 2706 3804 2761 idcirco

684 2802 941 2864 lectorem
969 2811 1035 2861 de
1060 2812 1512 2880 recognoscendis
1540 2811 1625 2868 vel
1661 2813 1822 2867 etiam
1857 2812 2209 2867 restituendis
2242 2813 2587 2869 testimoniis.

754 2894 1052 2956 Occasione
1101 2917 1260 2972 porro
1295 2902 1658 2972 Scholiorum,
1695 2920 1761 2958 ex
1816 2905 2010 2972 quibus
2061 2905 2159 2958 tria
2221 2905 2528 2961 testimonia
2572 2903 2949 2960 Theodoretus
2993 2903 3232 2959 adduxit
3281 2918 3331 2956 tn
3379 2897 3589 2955 secundo
3638 2892 3807 2946 Emisit:

683 2984 916 3056 dialogo,
935 2991 1354 3059 praetermittere
1385 3007 1488 3046 non
1518 3007 1767 3062 possum,
1803 2993 1930 3060 quid
1972 2992 2294 3060 coniecerim
2330 2994 2398 3047 de
2446 2993 2770 3048 testimoniis
2803 2993 2937 3060 illis,
2964 3007 3084 3062 quae
3125 2992 3194 3047 in
3235 2990 3452 3047 concilio
3497 2979 3808 3042 Chalcedoueusi

682 3079 853 3132 sancti
892 3078 1087 3134 Leonis
1111 3082 1349 3150 epistolae
1374 3083 1658 3152 subiuncta
1695 3090 1822 3138 sunt
1851 3101 1865 3138 :
1899 3099 1962 3138 ea
1988 3099 2185 3153 nempe
2205 3100 2234 3138 a
2271 3084 2613 3140 Theodoreto
2651 3083 2905 3153 adiuncta
2941 3099 3098 3150 esse;
3135 3100 3276 3138 nam
3304 3082 3473 3138 omnia
3503 3078 3678 3135 totidem
3697 3071 3812 3125 verbis

681 3165 736 3220 in
759 3167 972 3237 dialogo
995 3185 1152 3238 quem
1177 3170 1313 3236 dixi,
1345 3171 1618 3240 leguntur,
1650 3171 1902 3247 nullaque
1924 3175 1984 3225 ﬁt
2014 3174 2065 3225 in
2094 3182 2202 3233 tota
2229 3173 2457 3242 epistola
2482 3173 2597 3228 sive
2623 3177 2846 3239 mentio,
2875 3173 2991 3228 sive
3015 3174 3319 3242 promissio
3348 3169 3700 3227 all'erendorum.
3719 3159 3813 3215 Adde

681 3260 823 3327 quod
857 3259 1230 3316 Theodoretus
1258 3279 1287 3316 a
1316 3263 1571 3318 Facundo
1605 3263 1807 3318 dicitur
1838 3264 2138 3318 asseruisse
2162 3267 2422 3319 adversus
2456 3264 2772 3320 Palaestinos
2814 3274 2869 3319 et
2896 3265 3248 3336 lllyriciamos
3276 3263 3598 3320 reclamantes
3621 3250 3815 3324 epistol!!!)

678 3352 897 3421 Leonis,
925 3357 1159 3412 adducto
1188 3358 1416 3425 scilicet,
1458 3367 1517 3423 ut
1537 3359 1739 3413 habent
1761 3368 1882 3433 acta
1909 3358 2126 3413 concilii
2154 3358 2615 3415 Chalcedonensis
2639 3399 2652 3423 ,
2681 3359 3023 3424 testimonio,
3058 3360 3214 3428 quod
3246 3360 3386 3414 inter
3409 3355 3651 3425 subiuncta
3673 3345 3814 3417 legitur-

679 3445 798 3500 Non
830 3447 1018 3502 luisset
1042 3465 1168 3503 vero
1193 3452 1425 3505 adducto
1457 3466 1613 3521 opus,
1638 3451 1684 3506 si
1710 3450 1822 3521 iant
1845 3452 2084 3522 epistolae
2111 3450 2454 3519 subiunctum
2480 3461 2623 3505 esset
2655 3467 2670 3504 :
2700 3451 2890 3506 luisset
2919 3451 3062 3506 enim
3103 3451 3300 3520 procul
3325 3451 3478 3505 dubio
3512 3443 3646 3501 simul
3670 3441 3815 3502 lectum,

679 3539 893 3608 aliaque
937 3544 1174 3609 pariter,
1227 3545 1272 3597 si
1315 3545 1477 3599 modo
1531 3545 1710 3615 aliqua
1740 3555 1923 3601 essent
1970 3555 2099 3599 tunc
2147 3547 2425 3614 temporis.
2479 3546 2616 3612 Quid
2659 3546 2800 3615 quod
2851 3561 2880 3599 a
2929 3543 3282 3600 Theodoreto
3328 3552 3418 3597 aut
3445 3549 3576 3596 certe
3607 3535 3660 3591 ab
3687 3533 3735 3586 iis
3759 3525 3814 3596 (ιιιί
3905 3569 3907 3615 ι

680 3628 1002 3684 Theodoreti
1057 3634 1297 3700 partibus
1350 3635 1670 3700 studebant,
1723 3650 1932 3689 versam
1989 3636 2042 3690 in
2099 3650 2405 3714 sermonem
2474 3636 2720 3691 Graecum
2792 3636 3073 3705 epistolam
3133 3637 3404 3707 proditum
3456 3641 3569 3695 est,
3609 3629 3693 3682 imo
3731 3630 3814 3674 et:
3905 3628 3907 3662 ι

680 3724 1012 3786 vertentibus
1046 3726 1309 3791 vitiatam,
1341 3730 1482 3797 quod
1513 3739 1846 3798 postremum
1883 3728 1992 3782 Leo
2022 3731 2136 3798 ipse
2169 3732 2414 3798 queritur
2454 3732 2593 3800 apud
2623 3730 2958 3786 Marcianum
3005 3733 3412 3802 imperatorem.
3442 3725 3648 3783 Accedat
3678 3718 3813 3778 etiam.

680 3815 821 3889 quod
857 3817 907 3869 in
941 3817 1162 3886 epiSIola
1194 3819 1435 3887 pontifex
1469 3818 1618 3889 plura
1653 3819 1774 3873 fidei
1809 3819 2006 3886 capita,
2041 3831 2150 3871 non
2187 3826 2392 3874 tantum
2425 3820 2687 3875 adversus
2722 3819 3040 3892 Eutychem,
3071 3824 3168 3878 sed
3197 3823 3358 3878 etiam
3390 3831 3564 3876 contra
3599 3808 3815 3869 Nestorium

679 3924 952 3982 exponat;
987 3928 1084 3967 nec
1109 3912 1212 3966 alia
1245 3923 1421 3967 tamen
1456 3915 1757 3969 testimonia
1783 3915 2108 3982 subdantur,
2131 3910 2290 3988 quam
2319 3932 2439 3986 quae
2472 3917 2538 3971 ad
2570 3916 2973 3972 distinctionem
3004 3925 3321 3972 naturarum
3348 3912 3665 3971 asserendam
3687 3904 3814 3986 valent.

682 4016 909 4072 quaeque
934 4004 985 4057 in
1013 4003 1223 4074 dialogo
1257 4004 1346 4074 qui
1383 4005 1580 4061 dicitur
1605 4005 1948 4077 lnconfusus,
1982 4008 2223 4064 adhibita
2253 4008 2465 4064 fuerant
2508 4009 2574 4063 ad
2611 4022 2724 4077 eos,
2753 4009 2844 4078 qui
2891 4007 3236 4064 Theodoreto
3277 4001 3652 4078 Apollinarismi
3679 3994 3818 4053 nomine

682 4098 916 4165 suspecti
953 4109 1128 4162 erant,
1171 4098 1564 4165 confutandos;
1604 4114 1710 4154 non
1743 4098 2041 4155 aﬂ'erantur
2066 4117 2186 4172 qua:
2214 4117 2280 4158 ex
2317 4102 2467 4158 libris
2498 4111 2685 4158 contra
2715 4099 3020 4156 Nestorium
3065 4101 3308 4171 scriptis,
3346 4101 3397 4153 in
3433 4098 3538 4168 ipso
3562 4094 3694 4148 etiam
3714 4086 3818 4142 citam

683 4188 894 4258 dialogo
924 4191 1191 4258 leguntur.

755 4277 950 4342 Quanti
986 4294 1113 4333 vero
1145 4277 1300 4346 pretii
1337 4278 1409 4332 sit
1431 4277 1742 4348 opusculum
1775 4279 1940 4347 istud,
1967 4275 2239 4336 aestimare
2275 4280 2402 4336 licet
2433 4280 2516 4336 vel
2547 4283 2672 4336 inde
2695 4283 2951 4350 maxime,
2975 4281 3117 4351 quod
3147 4297 3308 4336 nemo
3348 4279 3457 4335 fere
3481 4263 3821 4341 consequenti"

682 4379 1056 4437 tractatorum,
1088 4373 1176 4442 qui
1209 4371 1528 4428 auctoritate
1559 4373 1742 4444 Cyrilli
1777 4376 1830 4428 in
1872 4378 2126 4446 mysterio
2154 4375 2544 4431 Incarnationis
2568 4378 2886 4445 exponendo
2919 4376 2996 4430 uti
3035 4376 3287 4441 voluerit,
3312 4370 3649 4428 testimonium
3676 4351 3824 4426 aliqu“

680 4475 745 4513 ex
772 4461 1002 4516 Scholiis
1027 4479 1130 4516 non
1155 4464 1464 4534 sumpserit.
1498 4465 1648 4520 Adde
1675 4467 1817 4533 quod
1853 4454 2089 4536 Cyrillus
2111 4466 2229 4536 ipse
2253 4467 2419 4520 videri
2446 4467 2614 4534 possit
2646 4468 2785 4521 hanc
2809 4481 2961 4521 suam
2985 4466 3450 4521 elucubrationem
3492 4451 3825 4517 commendasse.

680 4568 802 4615 cum
836 4556 1098 4621 scriberet
1131 4557 1348 4627 Eulogio
1377 4574 1390 4608 :
1418 4557 1814 4634 Complectitur,
1835 4559 2030 4628 inquit,
2059 4559 2194 4610 idem
2221 4559 2352 4611 liber
2380 4558 2474 4612 sub
2510 4558 2670 4627 ﬁnem
2712 4558 2884 4611 breves
2912 4559 3168 4627 quasdam
3205 4559 3288 4637 de
3307 4554 3501 4611 Christi
3539 4539 3828 4637 dispem‘alitf‘

681 4651 1051 4716 expositiones,
1073 4665 1260 4721 easque
1284 4631 1526 4715 pulchros
1548 4651 1833 4710 admodum
1856 4661 1901 4704 et
1926 4649 2100 4703 utiles.
2131 4649 2356 4717 Oportet
2391 4649 2534 4702 enim
2576 4649 2944 4717 expositiones
2975 4663 3109 4718 quas
3146 4631 3435 4711 meniorat,
3478 4641 3554 4698 vel
3593 4656 3618 4693 a
3648 4628 3829 4730 δεδοξξίῆ

683 4739 764 4792 vel
797 4756 826 4792 a
861 4753 1230 4811 consequente
1266 4749 1500 4796 tractatu
1532 4744 1598 4806 de
1627 4742 2005 4798 lncarnatione
2037 4739 2226 4807 Verbi,
2252 4741 2335 4796 vel
2366 4757 2394 4795 a
2431 4742 2641 4812 dialogo
2672 4741 2956 4809 subiuncta
2989 4757 3095 4796 non
3129 4741 3352 4796 ditl'erre
3378 4756 3391 4793 :
3417 4747 3582 4806 neque
3602 4729 3720 4787 enim
3739 4713 3831 4776 aliud

681 4832 953 4902 quidpiam
987 4835 1224 4901 scripsit,
1257 4834 1322 4890 de
1351 4851 1459 4904 quo
1494 4835 1714 4890 dubium
1743 4849 1862 4893 esse
1895 4833 2084 4902 possit.
2120 4833 2188 4887 At
2231 4832 2410 4886 dill‘ert
2437 4833 2677 4903 profecto
2707 4847 2736 4885 a
2768 4843 3134 4902 consequente
3167 4841 3404 4886 tractatu
3442 4828 3529 4898 qui
3567 4830 3722 4877 revera
3744 4817 3830 4910 unt”

683 4929 897 5005 quidam
946 4945 1126 4985 sermo
1157 4941 1276 4998 est;
1325 4930 1507 4984 dill‘ert
1540 4929 1701 4982 etiam
1749 4943 1778 4984 a
1824 4928 2033 4997 dialogo
2074 4942 2195 4980 mox
2235 4927 2419 4982 dicto:
2462 4927 2584 4996 quis
2626 4927 2769 4983 enim
2813 4928 3079 4998 dialogum
3131 4926 3402 4990 ἐκθέσεως
3447 4919 3647 4976 nomine
3683 4912 3832 4983 ιποιπιο

683 5020 954 5089 appellet?
978 5020 1298 5090 Quanquam
1337 5022 1509 5090 potuit
1537 5021 1782 5090 dialogus
1816 5018 2065 5087 subiungi
2099 5018 2351 5083 Scholiis,
2373 5030 2431 5072 ut
2460 5019 2695 5088 epitome
2733 5019 2978 5088 quaedam
3006 5029 3061 5074 et
3091 5018 3236 5072 velut
3261 5015 3574 5086 ὑπόμνημα.

755 5117 927 5182 Quam
987 5096 1238 5171 accurata
1287 5115 1541 5170 ntethodo
1605 5115 1676 5181 sit
1722 5114 2130 5181 conscriptum,
2186 5129 2248 5168 ex
2304 5114 2447 5168 serie
2503 5122 2748 5182 apertum
2812 5123 2914 5174 est.
2977 5113 3207 5184 Cyrillus
3266 5127 3297 5166 a
3351 5105 3656 5179 simplicium
3704 5096 3832 5191 τοαξω

685 5210 1135 5277 interpretatione
1170 5227 1397 5265 exorsus
1431 5210 1686 5279 exponit,
1719 5210 1848 5278 quid
1888 5210 1959 5263 sit
2000 5208 2284 5275 Christus,
2321 5210 2449 5279 quid
2497 5209 2829 5274 Emmanuel,
2871 5210 2997 5279 quid
3029 5209 3214 5274 Jesus,
3245 5207 3377 5277 quid
3413 5216 3563 5268 unus,
3600 5191 3709 5265 quid
3732 5193 3830 5288 uino:

685 5303 806 5357 Mox
845 5306 910 5356 ad
946 5304 1363 5374 propositiones,
1397 5317 1515 5372 quae
1557 5303 1609 5357 in
1644 5305 1744 5358 hac
1778 5302 2003 5357 materia
2050 5302 2297 5370 usurpari
2334 5304 2528 5369 solent,
2576 5303 2875 5357 orationem
2929 5301 3221 5356 deﬂectens
3275 5296 3544 5358 edisserit,
3572 5303 3662 5366 qua
3692 5283 3834 5374 ratio“

681 5395 930 5456 Chrisms
967 5373 1245 5461 sitiunus,
1301 5409 1437 5448 unus
1476 5393 1816 5457 Emmanuel,
1861 5409 2000 5446 unus
2031 5392 2212 5458 Jesus,
2262 5395 2314 5448 id
2370 5403 2474 5458 est,
2513 5410 2650 5448 unus
2705 5395 2986 5459 Dominus,
3033 5404 3136 5448 etc.
3181 5391 3322 5446 Tum
3376 5385 3629 5459 quomodo
3667 5373 3832 5471 Ver-little

684 5489 896 5539 dicatur
916 5483 1275 5545 exinanitum,
1310 5483 1458 5536 carni
1491 5485 1725 5549 unitum,
1759 5483 1958 5537 factum
1991 5484 2186 5552 homo,
2227 5500 2326 5539 nec
2361 5487 2482 5540 ideo
2519 5495 2696 5540 tamen
2731 5496 2992 5539 mutatum
3017 5527 3032 5550 ,
3069 5495 3159 5540 aut
3189 5482 3473 5538 divinitate
3503 5484 3715 5534 exutum.
3743 5461 3834 5518 Hinc

684 5590 789 5637 quo
818 5586 973 5641 pacto
1006 5574 1254 5627 Christus
1289 5591 1391 5627 non
1427 5575 1496 5627 sit
1522 5577 1684 5630 homo
1717 5576 1998 5646 θεοφόρος,
2029 5587 2120 5630 aut
2155 5579 2374 5633 numine
2406 5577 2638 5643 alllatns,
2672 5580 2763 5635 sed
2793 5596 2916 5633 vere
2953 5581 3115 5635 homo
3144 5579 3307 5642 Deus,
3344 5576 3532 5630 deinde
3573 5581 3662 5638 qua
3690 5556 3833 5614 ratione

687 5664 922 5723 Verbum
955 5664 1300 5735 perhibeatur
1332 5666 1382 5721 in
1431 5668 1582 5726 nobis
1611 5669 1874 5737 habitare,
1908 5672 1972 5733 ad
2014 5687 2112 5725 nos
2155 5673 2313 5740 mitti,
2343 5688 2540 5744 corpus
2580 5675 2779 5728 habere
2831 5673 3124 5749 proprium,
3173 5684 3224 5726 ct
3273 5666 3538 5741 quomodo
3585 5651 3831 5720 intelligam
