4082 6258
373 297 508 354 I569
1085 325 1090 330 -
1289 291 1580 354 SCHOLIA
1618 299 1708 355 DE
1745 299 2264 362 [NCARNATIONE
2299 307 2672 366 UNIGENITI.
3486 311 3622 370 I570

371 413 631 475 Θεοτόκος
660 410 820 481 Virgo
850 416 1059 466 sancta.
1105 409 1346 466 Tandem
1391 413 1535 481 quod
1579 411 1900 486 Unigenitus
1931 417 1986 472 in
2027 433 2196 477 carne
2242 421 2436 478 visibili
2471 425 2754 491 ppu-ens
2785 421 3094 477 nominetur
3126 422 3266 478 Deus
3305 432 3362 479 et
3415 425 3614 480 homo:

373 507 642 576 quomodo
681 520 896 575 passus,
921 514 976 558 et
1005 505 1058 559 in
1083 519 1190 574 quo
1220 514 1494 574 postremo
1519 506 1714 564 refellit
1741 523 1836 566 eos
1867 511 1958 578 qui
1989 512 2221 568 humana
2246 531 2354 570 non
2401 515 2504 569 alia
2539 516 2748 571 ratione
2787 517 2951 570 Deum
2985 516 3177 568 decere
3203 523 3411 583 putant,
3450 531 3612 585 quam

375 600 636 656 relatione
665 599 800 654 sola.
845 599 1134 666 Caeterum,
1171 601 1314 669 quod
1357 600 1470 668 jam
1515 603 1724 670 monui,
1767 607 2206 665 distinctionibus
2255 611 2324 664 ad
2385 611 2730 666 declinandas
2789 611 3242 667 heterodoxorum
3291 610 3623 678 objectiones

377 691 594 746 utilibus
622 688 833 758 singula
865 686 981 742 fere
1012 689 1186 759 capita
1216 688 1378 759 plena
1409 697 1564 744 sunt.

389 909 3569 944 ...____________._____________________________._______

1125 997 1458 1190 ΤΟΥ
1528 1071 1989 1188 ΑΓΙΟΥ
2059 1063 2828 1188 ΚΥΡΙΛΛΟΥ

1929 1311 2094 1366 ΠΕΡΙ

587 1443 828 1587 Tit:
902 1497 2076 1591 ΕΝΑΝΘΡΩΠΗΣΕΩΣ
2147 1500 2410 1590 ΤΟΥ
2485 1504 3420 1592 ΜΟΝΟΓΕΝΟΥΣ.

1343 1858 1912 1986 SANCTI
2034 1859 2682 1984 CYRILLI

759 2109 1264 2204 SCHOLIA
1336 2108 1484 2198 DE
1561 2105 2470 2201 INCARNATIONE
2553 2109 3242 2200 UNIG—ENITI.

985 2465 1232 2520 ΚΕΦΑΛ.
1273 2467 1352 2520 A'.
1545 2537 1548 2540 ,

2353 2529 2364 2540 ,
2432 2491 2436 2494 -
2717 2467 2873 2526 CAP.
2914 2471 2955 2525 ι.

849 2582 910 2634 Τί
944 2581 1116 2634 ἐστιν
1156 2583 1190 2634 ὁ
1225 2582 1502 2650 Χριστός;
1557 2549 1582 2558 ἧ

465 2693 538 2748 Τὸ
569 2693 800 2763 Χριστὸς
837 2692 1010 2762 ὄνομα
1043 2691 1170 2745 οὔτε
1206 2694 1334 2763 ὅρου
1385 2691 1614 2762 δύναμιν
1643 2692 1790 2763 ἔχει,
1836 2691 1962 2746 οὔτε

396 2786 498 2854 μὴν
535 2786 630 2853 τήν
657 2801 799 2847 τινος
829 2783 1033 2847 οὐσίαν,
1069 2783 1098 2836 ὃ
1135 2784 1186 2836 τί
1205 2783 1334 2837 ποτέ
1357 2785 1470 2836 ἐστι
1505 2783 1791 2853 σημαίνει·
1825 2783 1961 2838 καθ-

397 2878 538 2947 άπερ
577 2876 768 2946 ἀμέλει
818 2875 912 2928 καὶ
959 2876 1020 2927 τὺ
1065 2874 1386 2946 ἄνθρωπος,
1421 2873 1454 2945 ἢ
1501 2875 1668 2938 ἵππος
1691 2912 1707 2938 ,
1740 2875 1773 2946 ἦ
1811 2875 1960 2946 βοῦς.

393 2969 720 3036 ηράγματος
746 2967 803 3020 δὲ
841 2967 1042 3036 μᾶλλον
1069 2967 1154 3018 ὲνε
1164 2983 1292 3037 ργου
1301 2967 1459 3037 μένου
1483 2967 1612 3038 περί
1648 2984 1770 3020 τινα
1795 2969 1967 3020 ποιεί-

389 3076 478 3112 ται
523 3060 772 3130 δήλωσιν.
812 3058 1007 3129 Ἐλαίῳ
1039 3045 1138 3128 risv
1172 3059 1416 3128 ἐχρίοντο
1451 3059 1562 3112 τῶν
1595 3060 1964 3130 ἀρχαιοτέρων

389 3152 550 3216 τινὲς,
587 3151 727 3205 κατά
755 3168 820 3220 γε
855 3151 934 3220 τῷ
959 3150 1080 3218 Θεῷ
1101 3151 1161 3204 τὸ
1190 3151 1441 3220 τηνικάδε
1463 3151 1674 3206 δοκοῦν.
1709 3152 1820 3206 Καὶ
1840 3151 1964 3205 σύν-

392 3245 541 3315 Θημα
572 3244 844 3313 βασιλείας
870 3239 938 3314 ἦν
964 3246 997 3313 ἡ
1022 3244 1202 3314 χρίσις
1239 3243 1441 3306 αὐτοῖς.
1474 3242 1750 3314 Ἐχρίοντο
1785 3245 1842 3298 δὲ
1869 3243 1966 3298 καὶ

387 3341 439 3390 οἱ
487 3337 759 3407 προφῆται
815 3333 1022 3404 νοητῶς
1065 3334 1144 3405 τῷ
1184 3335 1324 3404 ἁγιῳ
1349 3333 1651 3405 Πνεύματι,
1683 3334 1826 3390 ὥστε
1870 3337 1966 3388 καὶ

391 3426 636 3479 ἐντεῦθεν
675 3425 1034 3496 ὀνομάζεσθαι
1071 3425 1346 3495 χριστούς.
1373 3425 1579 3478 Ψάλλει
1618 3425 1748 3493 γοῦν
1787 3427 1815 3479 ὁ
1859 3443 1966 3496 βας

392 3517 580 3586 κάριος
614 3515 776 3570 Δαϐὶδ
801 3518 865 3569 ὲκ
891 3514 1186 3584 προσώπου
1209 3512 1302 3568 τοῦ
1325 3515 1483 3578 Θεοῦ,
1505 3516 1596 3568 καί
1623 3533 1754 3586 φησι
1777 3532 1791 3546 ·
1825 3533 1846 3566 ι
1875 3515 1966 3584 Μὴ

393 3609 627 3662 ἅπτεσθε
659 3608 768 3660 τῶν
797 3607 1031 3677 χριστῶν
1062 3623 1186 3675 μου,
1207 3607 1302 3660 καὶ
1332 3609 1389 3660 ὲν
1412 3609 1524 3670 τοῖς
1554 3608 1856 3679 προφήταις
1891 3606 1967 3677 μὴ

392 3701 776 3770 πονηρεύεσθε.
808 3719 826 3752 ι
858 3700 992 3771 Φησὶ
1024 3700 1084 3759 δὲ.
1104 3700 1196 3754 καὶ
1225 3703 1254 3754 ὁ
1291 3703 1579 3773 προφήτης
1621 3701 1966 3772 Ἀὃὸακούμο

2583 2583 2722 2649 Quid
2749 2595 2824 2639 est
2853 2584 3116 2642 Christus.

2137 2693 2300 2765 779
2321 2695 2522 2750 Christi
2554 2712 2748 2752 nomen
2777 2713 2876 2753 nec
2891 2698 3216 2755 definitionis
3251 2701 3357 2756 vim
3396 2704 3633 2772 obtinet,

2063 2801 2164 2841 nec
2191 2787 2490 2857 cujuSpiam
2534 2791 2917 2858 substantiam,
2969 2793 3143 2860 qualis
3181 2794 3290 2860 sit,
3334 2795 3637 2863 significat,

2064 2877 2206 2931 sicut
2238 2877 2376 2931 forte
2407 2878 2588 2944 homo,
2611 2891 2706 2934 aut
2738 2897 2930 2950 equus,
2957 2891 3049 2936 aut
3077 2884 3171 2936 hos
3195 2899 3210 2946 ;
3237 2884 3331 2938 sed
3369 2885 3442 2939 rei
3470 2885 3640 2953 magis

2064 2980 2183 3035 qua:
2214 2966 2266 3020 in
2305 2965 2489 3036 aliquo
2521 2977 2734 3036 agatur,
2783 2970 2946 3024 habet
2978 2971 3427 3040 signiﬁcationem
3457 2990 3469 3025 :
3522 2975 3640 3027 oleo

2066 3073 2302 3128 namque
2327 3057 2664 3128 angebantur
2683 3059 2902 3128 quidam
2926 3060 3290 3128 superiorum,
3317 3063 3470 3130 juxta
3494 3068 3638 3133 quod

2066 3150 2177 3206 Deo
2219 3159 2352 3205 tunc
2389 3150 2649 3218 temporis
2681 3150 2947 3219 placebat,
2995 3161 3046 3206 et
3094 3153 3304 3222 signum
3341 3155 3489 3223 regni
3538 3154 3642 3210 illis

2067 3249 2186 3294 erat
2211 3241 2417 3295 unctio.
2463 3239 2819 3308 Ungebantur
2857 3253 3036 3294 autem
3077 3252 3129 3296 et
3157 3245 3432 3312 prophetm
3465 3245 3644 3298 sensi-

2067 3333 2248 3388 biliter
2279 3331 2482 3402 Spiritu
2519 3343 2732 3398 sancto,
2765 3345 2827 3386 ut
2851 3333 2974 3387 inde
2995 3347 3208 3402 quoque
3236 3334 3646 3390 nominarentur

2069 3423 2283 3478 christi.
2331 3425 2572 3492 Denique
2615 3423 2806 3477 beatus
2852 3423 3018 3477 David
3065 3423 3245 3492 psallit
3293 3439 3357 3478 cx
3413 3439 3640 3493 persona

2070 3523 2186 3589 Dei,
2217 3531 2268 3577 et
2299 3523 2374 3576 ait
2409 3538 2422 3574 :
2468 3541 2486 3574 ι
2515 3520 2694 3577 Nolite
2729 3532 2952 3591 tangere
2991 3522 3225 3576 christos
3275 3537 3422 3574 meos
3444 3561 3458 3586 ,
3495 3528 3548 3574 et
3589 3521 3641 3573 in

2026 3648 2028 3650 τ
2069 3613 2346 3683 prophetis
2392 3613 2526 3668 meis
2572 3613 2733 3667 nolite
2779 3613 3060 3684 malignari
3090 3613 3128 3667 ⁸.
3181 3630 3199 3664 ι
3245 3613 3334 3666 Ait
3375 3621 3552 3666 autem
3591 3619 3648 3665 ct.

2071 3705 2330 3772 propheta
2362 3703 2613 3758 Haliacuc
2649 3721 2664 3758 :
2705 3720 2725 3754 ι
2766 3703 2932 3758 Existi
2963 3704 3030 3758 ad
3064 3703 3290 3758 salutem
3321 3703 3503 3772 populi
3537 3703 3674 3766 tui,‘

397 3813 417 3844 ι
450 3793 702 3862 Ἐξῆλθες
747 3796 826 3857 εἰς
869 3794 1140 3864 σωτηρίαν
1181 3794 1312 3848 λαοῦ
1359 3810 1474 3860 σου,
1505 3792 1600 3847 τοῦ
1647 3793 1816 3848 σῶσαι
1841 3795 1970 3858 τοὺς

2073 3807 2130 3850 ut
2156 3797 2396 3880 salvares
2429 3797 2663 3850 christos
2687 3803 2806 3848 tuos
2831 3797 2871 3846 '.
2899 3811 2920 3844 ι

393 3883 648 3953 χριστούς
687 3900 803 3937 σου.
836 3901 856 3934 ι

476 3973 600 4026 Ἐπὶ
637 3973 692 4026 δέ
725 3991 784 4042 γε
829 3974 922 4028 τοῦ
963 3976 1180 4030 πάντων
1211 3975 1368 4044 ἡμῶν
1403 3974 1658 4041 Σωτῆρος
1699 3971 1968 4042 Χριστοῦ,

393 4067 572 4136 χρίσιν
616 4068 712 4136 μὲν
743 4067 997 4134 γενέσθαι
1027 4067 1228 4133 φαμέν.
1275 4065 1418 4133 Πλὴν
1450 4064 1576 4114 οὕτε
1619 4063 1973 4142 συμϐολικὴν,

393 4159 470 4220 ὡς
502 4159 686 4225 ἐλαίῳ,
711 4156 1018 4226 ὁρωμένην,
1047 4155 1169 4206 οὔτε
1194 4155 1298 4225 μὴν
1345 4154 1443 4224 τὴν
1472 4155 1548 4217 ὡς
1581 4155 1640 4205 ἐν
1691 4156 1876 4224 χάριτι
1907 4157 1974 4226 τῇ

395 4249 707 4318 προφητικῇ
728 4263 741 4276 ·
769 4245 882 4298 ἀλλ’
909 4246 1030 4298 οὐδὲ
1051 4247 1288 4318 ἐκείνην,
1307 4247 1404 4317 τὴν
1436 4247 1511 4310 ὡς
1545 4247 1607 4300 ἐν
1631 4264 1697 4316 γε
1735 4247 1814 4318 τῷ
1839 4265 1974 4318 προ-

396 4337 733 4408 χειρίζεσθαι
768 4336 1064 4408 νοουμένην
1091 4338 1224 4409 πρὸς
1257 4337 1596 4408 κατόρθωσιν
1620 4337 1715 4392 τοῦ
1736 4339 1974 4394 τοιούτου

396 4432 484 4483 διά
504 4446 644 4493 τινος
681 4429 1034 4500 πράγματος’
1066 4430 1246 4484 ὁποῖόν
1271 4447 1324 4482 τι
1369 4430 1622 4498 γενέσθαι
1653 4432 1852 4501 φαμὲν,
1883 4431 1978 4484 καὶ

352 4526 367 4539 “
398 4522 490 4573 ἐπὶ
515 4521 696 4592 Κύρου
722 4521 813 4574 τοῦ
837 4521 1062 4592 Περσῶν
1084 4539 1142 4575 τε
1175 4523 1270 4575 καὶ
1298 4523 1495 4594 Μήδων
1515 4521 1976 4592 βεϐασιλευκότος,

398 4613 456 4676 ὃς
513 4614 968 4684 κατεστράτευσε-
992 4618 1090 4684 τῆς
1133 4615 1511 4679 Βαϐυλωνίων,
1570 4613 1980 4684 παραθήγοντος

399 4707 476 4768 εἰς
499 4707 656 4758 τοῦτο
689 4707 851 4760 αὑτὸν
903 4706 999 4758 τοῦ
1045 4708 1224 4760 πάντα
1257 4707 1537 4777 ἰσχύοντος
1560 4705 1717 4759 Θεοῦ.
1754 4705 1980 4775 Εἴρηται

399 4799 528 4868 γὰρ,
568 4817 584 4848 ι
633 4797 788 4851 Οὕτω
827 4799 973 4867 λέγει
1021 4799 1229 4868 Κύριος
1257 4799 1336 4868 τῷ
1369 4799 1578 4870 χριστῷ
1635 4815 1735 4868 μου
1777 4798 1977 4869 Κύρῳ,

400 4882 458 4941 οὗ
495 4887 772 4958 ἐκράτησα
807 4889 908 4957 τῆς
953 4888 1151 4952 δεξιᾶς.
1188 4907 1206 4939 ι
1248 4889 1444 4943 Καίτοι
1481 4906 1546 4956 γε
1593 4888 1982 4960 εἰδωλολάτρης

404 4980 662 5049 ὑπάρχων
683 4980 842 5049 ἁνὴρ,
877 4979 1190 5049 ὠνόμασται
1226 4980 1466 5049 χριστὸς,
1501 4979 1589 5032 διὰ
1611 4979 1670 5032 τὸ
1693 4980 1855 5032 οἱονεὶ
1887 4997 1972 5032 κε-

402 5070 620 5137 χρίτΟαι
682 5071 816 5141 πρὸς
861 5070 1084 5139 βασιλέα
1109 5072 1174 5140 τῇ
1213 5070 1418 5123 ἄνωθεν
1460 5070 1656 5140 ψήφῳ·
1691 5070 1979 5140 προκεχεε-

2144 3975 2200 4028 In
2235 3974 2452 4028 Christo
2481 3980 2664 4026 autem
2714 3971 2956 4025 omnium
3009 3969 3288 4026 Salvatore
3337 3971 3646 4025 unctionem

2076 4063 2293 4132 quidem
2321 4063 2515 4116 lactant
2547 4076 2668 4116 esse
2697 4061 2924 4115 dicimus
2950 4080 2962 4114 :
2998 4071 3252 4115 caeterum
3295 4075 3469 4130 neque
3502 4075 3651 4130 εγω-ο

2075 4151 2329 4219 bolicam,
2355 4155 2506 4223 quasi
2530 4153 2650 4208 oleo
2681 4153 2900 4217 factam,
2929 4166 3030 4206 nec
3057 4153 3213 4222 quasi
3246 4152 3298 4205 in
3327 4152 3496 4220 gratia
3529 4167 3652 4220 pro-

2077 4249 2290 4317 phetica
2313 4263 2328 4313 ;
2357 4248 2449 4302 sed
2485 4260 2583 4301 nec
2615 4245 2785 4310 illam,
2813 4259 2932 4314 qua:
2955 4245 3272 4315 intelligitur
3298 4245 3412 4299 ﬁeri
3438 4245 3503 4298 ad
3531 4261 3650 4314 per-

2077 4342 2364 4395 fectionem
2400 4339 2626 4408 alicujus
2659 4338 2965 4407 huiusmodi
3013 4339 3244 4409 negotii,
3304 4339 3515 4408 qualem
3569 4337 3650 4390 I‘a-

2079 4445 2226 4490 ctam
2264 4447 2384 4489 esse
2403 4434 2634 4488 dicimus
2673 4433 2726 4486 in
2775 4432 2914 4502 Cyro
2945 4431 3232 4488 Persarum
3283 4440 3338 4485 et
3378 4429 3650 4484 Medorum

2077 4539 2224 4594 rege.
2255 4525 2455 4579 Contra
2489 4522 2816 4591 Babylonios
2845 4523 2990 4577 enim
3027 4521 3115 4575 ille
3155 4522 3306 4575 duxit
3333 4521 3653 4580 exercitum,

2079 4615 2374 4684 instigante
2397 4615 2575 4682 ipsum
2601 4613 2652 4666 in
2681 4611 2730 4667 id
2761 4613 2868 4667 Deo
2895 4611 3286 4681 omnipotente.
3325 4609 3534 4674 Dictum
3572 4617 3656 4662 est

2081 4707 2268 4760 enim:
2323 4723 2344 4755 ι
2383 4704 2507 4758 Haec
2558 4704 2691 4758 dicit
2741 4703 3000 4756 Dominus
3049 4701 3257 4756 Christo
3311 4715 3428 4754 meo
3477 4700 3652 4768 Cyro,

2083 4797 2242 4867 Cujus
2266 4797 2592 4866 apprehendi
2619 4797 2895 4850 dexteram
2921 4795 2963 4849 ³.
3005 4813 3022 4846 ι
3069 4793 3232 4864 Atqui
3271 4793 3360 4848 ille
3397 4793 3497 4856 vir,
3532 4807 3654 4846 cum

2083 4897 2231 4944 esset
2265 4889 2528 4944 idolorum
2563 4889 2757 4952 cultor,
2787 4886 3099 4942 nominatus
3128 4895 3211 4940 est
3245 4887 3502 4948 christus,
3537 4885 3656 4937 ideo

2084 4983 2225 5050 quod
2264 4981 2416 5049 quasi
2453 4991 2650 5035 unctus
2681 4987 2765 5034 est
2791 4979 2842 5032 in
2868 4993 3112 5048 regnum,
3143 4978 3351 5031 caelesti
3379 4975 3653 5044 suﬂragio,

2086 5085 2140 5128 et
2177 5073 2460 5127 ordinatus
2505 5083 2586 5128 est
2623 5087 2653 5126 a
2698 5071 2807 5126 Deo
2843 5077 2902 5124 ut
2942 5069 3266 5124 Babvlonem
3316 5068 3657 5122 vehementer

403 5163 579 5231 ρισταε
608 5181 668 5215 τε
699 5162 847 5232 παρὰ
867 5162 1002 5215 Θεοῦ
1026 5162 1168 5216 κατὰ
1197 5162 1395 5234 κράτος
1429 5163 1654 5232 αἱρῆσαι
1678 5162 1776 5232 τὴν
1809 5163 1971 5215 Baiia-

2087 5173 2444 5235 expugnaret.

403 5270 628 5306 I.(t)‘l'.(t)‘).

478 5343 690 5394 Ἐκεῖνο
739 5341 796 5393 δὲ
859 5341 1117 5408 μᾶλλον..
1147 5383 1159 5394 .
1207 5342 1422 5412 Ἐπειδὴ
1473 5341 1608 5412 γὰρ,
1649 5343 1736 5397 διὰ
1790 5343 1884 5414 τὴν
1919 5346 1976 5396 ὲν

416 5430 588 5498 Ἀδὰμ
634 5428 985 5500 παρὰὅασιν,
1066 5433 1420 5500 βεϐασίλευκε
1482 5435 1621 5487 κατὰ
1685 5435 1975 5504 πάντα)νὴ

403 5521 669 5589 ἁμαρτία,
704 5523 921 5591 tim-571:1;
953 5524 1005 5575 δὲ
1027 5526 1084 5575 τὸ
1107 5525 1329 5594 Πνεῦμα
1361 5527 1421 5578 τὸ
1453 5527 1631 5592 ἅγιον·
1663 5530 1752 5580 καὶ
1789 5529 1978 5595 γέγονε

479 5698 640 5752 ’Psal
686 5715 789 5764 Civ,
823 5700 902 5754 i5.
982 5705 998 5732 ³
1032 5701 1226 5758 llubnt'.
1258 5719 1339 5771 ut,
1367 5705 1611 5774 l5,juxta
1639 5704 1796 5758 L\X.

1880 5705 1893 5728 ²
1921 5703 2020 5758 ιω.
2057 5720 2174 5769 λιν,
2209 5703 2252 5757 l.

2157 5339 2293 5395 Illud
2317 5350 2495 5394 autem
2521 5339 2690 5408 magis
2724 5338 2790 5394 de
2816 5338 3054 5394 Christo.
3088 5338 3346 5405 Quoniam
3369 5337 3510 5392 enim
3540 5353 3658 5406 pro-

2089 5443 2208 5499 ptcr
2237 5432 2367 5486 Adae
2405 5431 2902 5501 praevaricationem
2933 5431 2952 5462 θ’
2988 5425 3309 5500 regnaverat
3343 5445 3501 5498 supra
3534 5445 3655 5483 om-

2087 5541 2182 5580 nes
2222 5534 2525 5594 peccatum,
2559 5529 2614 5577 et
2639 5521 2873 5592 Spiritus
2909 5524 2972 5579 ab
3018 5521 3345 5578 humanitate
3389 5521 3655 5576 discesse‘

2332 5703 2347 5730 "
2386 5700 2536 5758 Rom.
2568 5717 2616 5768 ν,
2650 5701 2729 5755 Η.
