4082 6258
541 269 672 325 I351

1543 267 1601 322 S.
1643 265 1917 322 CYBILLI
1957 264 2434 319 ALEXANDRINI
2472 263 2797 322 ARLHIEP.

3659 272 3798 328 I35!

537 384 864 440 resuscitare
884 397 1042 438 omne
1086 382 1227 451 quod
1273 383 1458 436 datum
1507 393 1590 437 est
1621 383 1694 447 ei,
1742 391 1798 437 et
1859 397 1979 437 cum
2021 395 2107 435 res

2221 380 2509 448 ἀναστῆναι
2547 382 2656 432 πᾶν
2683 380 2743 432 τὸ
2787 378 2939 433 δοθὲν
2984 379 3152 449 αὐτῷ,
3187 379 3281 434 καὶ
3312 380 3519 448 ἀγαθοῦ
3563 398 3626 449 γε
3652 383 3800 448 ὄντος

536 476 676 531 bona
725 475 816 537 sit,
853 483 1016 543 atque
1063 475 1196 529 adeo
1243 474 1422 527 divina
1473 473 1752 544 (convenit
1800 475 1942 527 enim
2005 474 2116 528 Deo

538 568 794 634 salvarc),
837 566 954 635 ipse
985 565 1116 619 dixit
1150 565 1480 620 descendere
1504 581 1582 631 se,
1612 581 1721 619 non
1757 575 1814 620 ut
1840 567 2006 620 faciat
2031 582 2121 620 vo-

538 659 798 716 lnntatcm
851 672 1042 724 suam,
1098 661 1188 710 scd
1250 657 1473 712 Patris?
1536 645 1895 711 Eaistimetne
1955 659 2120 721 igitur

537 751 819 820 quisquam
859 759 1124 814 nostrum,
1163 765 1190 802 a
1230 748 1319 802 Dei
1349 757 1400 802 et
1434 748 1613 802 Patris
1648 750 1985 817 benignitate
2026 749 2116 804 Fi-

538 841 667 894 lium
699 841 788 910 qui
820 856 883 895 ex
924 841 1038 908 ipso
1063 839 1278 909 genitus
1306 850 1407 905 est,
1450 840 1893 909 degenerare?et
1917 842 2116 896 bonum

537 932 753 1000 quidem
784 931 1281 998 neutiquamesse,
1334 931 1661 984 resuscitare
1703 945 1830 984 vero
1883 931 1933 984 id
1976 931 2118 997 quod

536 1025 720 1074 datum
747 1030 830 1075 est
851 1021 897 1073 ei
929 1033 980 1076 et
1015 1022 1081 1075 ab
1143 1023 1362 1076 interitu
1428 1022 1660 1076 liberare
1688 1022 1789 1094 ipsi
1830 1022 1992 1092 772
2019 1023 2121 1077 dis-

535 1115 735 1185 plicere
762 1112 784 1166 ?

602 1203 662 1257 B.
705 1202 1106 1256 Periclitamur.

605 1295 670 1351 Λ.
703 1297 863 1365 Atqui
884 1294 1076 1347 merito
1094 1293 1312 1363 quidem
1345 1294 1415 1347 ita
1444 1302 1769 1384 statu’amus,
1799 1306 1923 1347 cum
1955 1291 2116 1346 Pater

535 1390 711 1445 bonus
750 1390 839 1450 sit,
879 1386 1075 1440 Filium
1104 1401 1318 1454 quoque
1344 1390 1498 1440 suum
1537 1386 1711 1455 reipsa
1738 1389 1935 1439 bonum
1975 1401 2116 1439 esse.
2169 1417 2175 1423 -

537 1477 670 1530 Nam
704 1492 733 1530 a
767 1477 944 1528 fructu
985 1477 1148 1527 arbor
1180 1474 1526 1544 CugllOSCilur
1550 1475 1616 1540 ³³,
1646 1475 1798 1544 juxta
1836 1474 2006 1545 ipsius
2040 1474 2120 1528 di-

537 1581 704 1623 ctum.
736 1567 874 1621 Vere
934 1565 1087 1629 dicit,
1121 1581 1246 1618 cum
1279 1563 1378 1619 ait
1411 1578 1426 1616 :
1472 1583 1488 1615 ι
1523 1565 1624 1630 Qui
1661 1566 1791 1619 vidit
1827 1581 1949 1631 me,
1987 1565 2120 1619 vidit

537 1667 592 1711 et
614 1655 824 1709 Patrem
856 1654 924 1708 ⁸ο.
956 1652 1068 1723 Ego
1103 1663 1156 1708 et
1195 1655 1354 1708 Pater
1376 1670 1543 1708 unum
1570 1671 1758 1710 sumus
1780 1655 1847 1709 ⁸¹.
1887 1674 1904 1706 ι

609 1947 672 2002 Β.
729 1948 894 2002 Recte
940 1947 1038 2001 ais.
1097 1945 1322 1999 Declara
1385 1948 1568 2018 itaque
1624 1958 1679 2002 tu
1718 1949 1831 2019 ipse
1885 1949 1937 2003 id
1975 1952 2117 2020 quod

536 2041 766 2096 obscure
799 2042 1000 2094 dictum
1037 2050 1140 2094 est.
1170 2102 1179 2111 _

610 2137 678 2193 Α.
725 2133 964 2187 Dicimus
1000 2147 1108 2186 non
1156 2132 1325 2188 fuisse
1375 2140 1572 2202 praeter
1616 2133 1948 2187 voluntatem
1995 2133 2114 2187 Filii

539 2225 754 2281 abolere
792 2233 1040 2290 mortem,
1069 2235 1122 2280 et
1175 2226 1240 2279 ab
1275 2225 1526 2279 humanis
1577 2226 1898 2294 corporibus
1948 2226 2119 2280 inter-

540 2320 673 2373 itum
717 2317 1038 2385 proﬂigare:
1092 2308 1110 2367 ι
1149 2317 1334 2386 Neque
1369 2317 1512 2370 enim
1561 2317 1862 2372 delectatur
1896 2318 2119 2372 interitu

537 2408 852 2462 viventium.
878 2395 1154 2462 Salut‘ares
1173 2422 1300 2460 vero
1318 2416 1442 2461 sunt
1462 2409 1840 2476 generationes
1873 2410 2111 2475 mundi,»

537 2501 957 2572 sicutscriptum
981 2501 1143 2554 est".
1162 2520 1178 2550 ι
1199 2500 1401 2553 Invidia
1428 2508 1608 2554 autem
1633 2500 1828 2554 diaboli
1860 2517 2004 2555 mors
2033 2502 2119 2555 iu-

539 2593 722 2648 troivit
754 2593 806 2646 in
831 2593 1016 2646 orbem
1044 2602 1310 2646 terrarum
1329 2591 1395 2644 ⁸³.
1420 2613 1437 2643 ι
1457 2591 1526 2644 At
1569 2591 1938 2647 tristissimum
1974 2608 2118 2647 mor-

541 2685 607 2740 tis
637 2686 922 2755 imperium
957 2700 1062 2738 non
1093 2683 1196 2736 alia
1229 2683 1438 2736 ratione
1477 2684 1656 2736 ext-uti
1686 2694 1921 2752 poterat,
1957 2701 2118 2754 quam

538 2789 635 2844 per
663 2776 833 2829 solam
872 2773 1152 2842 Unigeniti
1182 2773 1638 2828 incarnationem.
1694 2772 1902 2830 Idcirco
1932 2777 1982 2828 in
2021 2795 2120 2832 na-

540 2878 649 2922 stra
684 2867 854 2922 forma
893 2867 1168 2936 apparuit,
1200 2867 1586 2936 propriumque
1618 2868 1721 2921 sibi
1771 2869 1898 2923 fecit
1929 2885 2122 2939 corpus

539 2960 683 3032 quod
717 2959 956 3012 interitni
986 2959 1286 3013 obnoxium
1335 2967 1495 3022 crat,
1542 2962 1837 3014 secundum
1881 2963 2122 3016 rationes

540 3067 660 3122 quae
702 3061 908 3104 naturae
952 3051 1157 3117 insunt,
1199 3061 1256 3104 ut
1300 3065 1420 3105 cmn
1456 3053 1569 3120 ipse
1615 3051 1685 3106 sit
1735 3054 1842 3105 vita
1886 3053 2120 3122 (genitus

539 3147 681 3200 cnim
721 3153 803 3200 est
849 3159 913 3200 ex
955 3144 1068 3198 vita
1123 3143 1326 3208 Patris)
1384 3143 1664 3214 pr0prium
1719 3159 1875 3198 suum
1920 3145 2117 3198 bonum

542 3237 616 3290 illi
643 3236 870 3303 inserat,
906 3235 1008 3289 hoc
1044 3243 1151 3300 est,
1182 3235 1369 3287 vitam.
1403 3232 1538 3287 Cum
1566 3243 1745 3287 autem
1771 3233 1870 3304 ipsi
1901 3235 2123 3288 omnino

539 3329 804 3398 placuerit
834 3327 1171 3398 benignitate
1203 3336 1367 3396 atque
1401 3326 1780 3380 benevolentia
1837 3340 1965 3395 erga
2024 3327 2124 3379 hu-

542 3409 760 3474 manum
789 3435 977 3488 genus,
1009 3431 1249 3473 nostram
1278 3418 1685 3472 similitudinem
1713 3419 1921 3484 subire,
1953 3434 2113 3487 opor-

543 3514 645 3568 tuit
678 3527 891 3582 quoque
918 3528 1040 3565 eum
1080 3513 1188 3582 pati
1253 3512 1445 3581 impias
1493 3509 1802 3565 Judamrum
1838 3523 2122 3565 contume-

544 3602 668 3655 lias.
707 3602 834 3654 Erat
864 3617 996 3654 vero
1051 3601 1128 3654 illi
1165 3602 1342 3670 gravis
1375 3601 1664 3670 conjuncta
1704 3585 1827 3656 cum
1870 3601 2123 3672 passione

541 3691 858 3762 ignominia.
900 3691 1108 3744 Idcirco
1139 3692 1458 3744 imminente
1504 3692 1618 3760 jam
1666 3701 1944 3761 tempore,
2004 3706 2114 3760 quo

545 3785 696 3842 illum
725 3799 823 3853 pro
850 3783 1094 3837 omnium
1125 3783 1234 3836 vita
1270 3797 1488 3837 crucem
1524 3782 1678 3836 adire
1712 3783 2018 3850 oportebat,
2064 3793 2124 3836 ut

544 3875 849 3945 passionem
889 3885 1088 3944 praeter
1143 3874 1474 3927 voluntatem
1515 3887 1669 3925 suam
1715 3872 1963 3925 accidere
2017 3872 2120 3926 sibi

541 3966 864 4030 declararet,
907 3967 1140 4018 humano
1175 3979 1325 4018 more
1365 3963 1432 4016 ad
1481 3977 1599 4017 eam
1659 3963 1931 4027 accessit,
1976 3973 2031 4016 et
2069 3964 2119 4016 in

542 4058 761 4111 modum
791 4056 1126 4125 precationis
1160 4054 1232 4108 ita
1261 4053 1476 4109 Patrem
1511 4052 1777 4107 allocutus
1807 4062 1925 4107 est:
1961 4072 1978 4104 ‹
2018 4053 2122 4108 Pa-

547 4159 648 4212 ter,
689 4149 733 4201 si
771 4146 887 4201 ﬁeri
925 4155 1126 4216 potest,
1179 4155 1419 4200 transeat
1459 4161 1488 4199 a
1529 4161 1613 4199 me
1653 4145 1789 4199 calix
1827 4146 1948 4198 iste.
2003 4144 2121 4200 Ca:-

547 4250 718 4294 terum
746 4254 848 4293 non
878 4246 935 4292 ut
960 4253 1057 4308 ego
1082 4237 1224 4304 volo,
1253 4238 1346 4291 sed
1381 4239 1524 4290 sicut
1545 4246 1600 4289 tu
1619 4235 1683 4289 ⁸⁸.
1721 4255 1740 4288 ι
1773 4236 2124 4290 Descendisse

545 4345 610 4384 ex
660 4330 797 4384 ρωιυ
825 4329 918 4394 ait,
961 4343 1065 4381 non
1108 4328 1280 4380 invite
1318 4326 1587 4380 facturum
1623 4325 1677 4378 id
1705 4327 1846 4393 quod
1883 4324 2123 4380 dolorem

553 4418 802 4482 afferret,
853 4426 914 4471 ut
952 4431 1140 4471 eorum
1170 4416 1262 4485 qui
1315 4417 1368 4468 in
1402 4415 1559 4468 terris
1594 4423 1720 4468 sunt
1762 4415 2124 4470 resurrectio-

548 4522 670 4563 nem
699 4506 1073 4571 constitueret,
1107 4505 1260 4574 cujus
1286 4505 1505 4574 quidem
1533 4505 1648 4573 ipse
1686 4503 1834 4558 solus
1865 4505 2117 4561 humanae

547 4611 756 4655 natura:
781 4610 974 4653 anetor
1014 4598 1136 4652 fuit.
1187 4596 1388 4651 Factus
1426 4607 1509 4652 est
1556 4597 1700 4650 enim
1735 4598 2123 4666 primogenitus

542 4710 611 4749 ex
637 4693 864 4748 mortuis
897 4692 1190 4745 secundum
1222 4704 1442 4744 carnem
1467 4688 1511 4719 ⁸⁵
1538 4731 1553 4757 ,
1573 4697 1626 4744 et
1661 4689 1911 4758 primitiae
1935 4705 2121 4744 eorum

547 4788 638 4857 qui
674 4786 1086 4840 obdormierant
1129 4783 1195 4837 ⁸⁸.
1253 4782 1429 4844 Ipsius
1459 4781 1625 4850 igitur
1665 4792 1719 4835 et
1760 4798 1868 4836 non
1899 4782 2123 4836 alterius

549 4879 727 4949 passio
756 4879 877 4942 fuit,
907 4886 1170 4945 quatenus
1200 4875 1360 4929 homo
1386 4871 1559 4926 factus
1588 4880 1692 4937 est,
1728 4873 1942 4926 tametsi
1973 4888 2123 4925 man—

547 4974 678 5027 serit
701 4971 965 5040 passionis
986 4983 1199 5039 expers,
1237 4975 1509 5037 quatenus
1536 4975 1622 5019 est
1653 4965 1821 5018 Deus.

618 5065 678 5118 B.
718 5063 794 5117 Ita
821 5063 1020 5118 sentio.

620 5155 681 5209 Α.
711 5157 892 5210 Sacrm
921 5170 1048 5210 vero
1092 5152 1389 5222 Scriptura:
1426 5153 1591 5207 etiam
1651 5149 2000 5213 memineris,
2039 5150 2122 5203 di-

549 5245 721 5299 centis
746 5261 759 5296 :
789 5264 806 5296 ι
844 5244 1039 5299 Factus
1073 5253 1155 5297 est
1182 5244 1388 5312 primus
1418 5243 1579 5296 homo
1607 5240 1775 5294 Adam
1812 5239 1862 5293 in
1884 5240 2120 5291 animam

552 5340 874 5401 viventem;
937 5339 1159 5393 ultimus
1217 5338 1389 5392 Adam
1439 5337 1491 5391 in
1535 5336 1783 5405 spiritqu
1845 5335 2124 5388 vivitican~

551 5438 657 5485 tem
681 5431 746 5482 ⁸⁷.
781 5450 798 5480 ›

1255 5629 1299 5660 ⁸³
1343 5628 1499 5682 Joan.
1532 5641 1642 5686 xw,
1674 5624 1727 5678 9.

1461 5697 1506 5729 ⁸⁸
1546 5695 1563 5749 I
1601 5696 1726 5751 Cor.
1763 5708 1852 5760 xv,
1887 5694 1976 5749 ει).

627 5630 670 5659 ³³
711 5629 897 5685 Matth.
930 5646 1029 5688 xu.
1062 5629 1150 5682 55.

552 5713 701 5766 xxvr,
729 5700 818 5754 39.
893 5700 938 5732 ⁸⁵
977 5699 1186 5754 Coloss.
1223 5713 1262 5764 ι,
1294 5700 1381 5754 18.

1847 5623 1888 5652 “
1927 5623 2084 5677 Joan.
2124 5636 2177 5683 κ,
2199 5622 2289 5675 50.

2054 5694 2097 5726 ⁸⁷
2141 5693 2270 5748 ibid.
2304 5688 2391 5744 45.

2224 472 2318 524 τοῦ
2351 473 2694 542 πράγματος,
2723 472 2815 525 καὶ
2843 472 3064 542 προσέτι
3093 472 3432 543 θεοπρεποῦς
3475 474 3674 542 (ἐοικὸς
3694 477 3802 547 γὰρ

2224 563 2345 633 Θεῴ
2374 565 2434 616 τὸ
2463 563 2655 628 σώζειν
2695 562 2885 633 ἐστίν),
2922 564 3081 625 αὐτὸς
3113 564 3225 634 ἔφη·
3249 565 3550 627 κατελθεῖν,
3578 567 3675 635 οὐχ
3716 569 3799 620 ἵνα

2232 658 2352 724 ποιῇ
2388 656 2446 707 τὸ
2481 655 2690 727 θέλημα
2723 656 2782 709 τὸ
2823 656 3014 709 ἑαυτοῦ
3046 656 3265 725 μᾶλλον,
3294 656 3430 710 ἀλλά
3464 659 3524 710 τὸ
3566 658 3658 711 τοῦ
3691 661 3802 712 Πα-

2227 745 2384 816 τρόςς
2419 742 2544 817 Ἆρ’
2574 744 2666 799 οὖν
2692 747 2921 816 οῑὴσαιτ’
2951 746 3015 800 ἄν
3047 764 3129 809 τις
3172 746 3278 799 τῶν
3321 748 3377 799 ὲν
3404 749 3556 817 ἡμῖν,
3583 751 3682 818 τῆς
3707 751 3802 803 τοῦ

2227 835 2359 888 Θεοῦ
2394 837 2487 889 καὶ
2535 838 2747 906 Πατρὸς
2779 837 3113 907 ἡμερότητος
3160 837 3298 891 ἰέναι
3335 837 3564 890 κατόπιν
3608 840 3700 891 τὸν
3745 841 3802 906 ἐξ

2227 926 2391 979 αὑτοῦ
2423 927 2594 996 φύντα
2622 927 2773 992 Υἰὺν,
2805 929 2899 980 καὶ
2928 922 3066 979 εἶναι
3109 927 3206 995 μὲν
3235 927 3438 994 ἀγαθὸν
3471 929 3672 998 ἤκιστά
3717 946 3802 995 γε,

2227 1021 2285 1073 τὸ
2327 1021 2382 1072 δὲ
2433 1021 2735 1090 ἀναστῆσαι
2785 1020 2845 1072 τὸ
2902 1019 3054 1076 δοθὲν
3096 1019 3189 1073 καὶ
3231 1019 3533 1085 ἀπαλλάξαι
3576 1021 3801 1091 φθορᾶς,

2228 1114 2497 1186 ἀπᾷδεψι]
2540 1115 2686 1184 αῦτῷ
2713 1132 2726 1179 ;

2301 1207 2358 1258 Β.
2392 1207 2806 1277 Κινδυνεῦομεν.

2297 1299 2360 1352 Α.
2397 1298 2587 1351 Καίτοι
2619 1297 3120 1367 καταλογισαίμεθα
3140 1297 3226 1364 ἂν,
3262 1297 3354 1351 καὶ
3388 1297 3532 1368 μάλα
3555 1297 3802 1360 εἰκότως,

2228 1390 2455 1462 ἐπείπερ
2482 1389 2627 1442 ἐστὶν
2654 1389 2857 1458 ἀγαθοῦ
2881 1390 3091 1461 Πατρὸς
3114 1393 3333 1461 γνήσιον
3357 1391 3622 1461 γέννημα,
3649 1390 3804 1442 νοοῖτ’

2229 1481 2339 1553 [ἂν]
2362 1482 2624 1553 ὑπάρχειν
2643 1483 2735 1534 καὶ
2753 1482 2914 1544 αὐτὸς
2931 1481 3156 1550 ἀγαθὸς,
3169 1482 3334 1552 ἡγουν
3357 1483 3596 1552 αὑτόχρη
3604 1499 3703 1551 μα,
3726 1483 3806 1534 ὅτι

2226 1574 2449 1643 ἀγαθόν.
2489 1573 2618 1626 Ἀπὸ
2671 1573 2778 1645 γὰρ
2830 1573 2924 1626 τοῦ
2949 1574 3167 1645 καρποῦ
3195 1575 3256 1626 τὸ
3298 1575 3509 1645 δένδρον
3537 1574 3808 1642 γινώσκε-

2225 1684 2334 1730 ται,
2366 1685 2383 1716 ι
2419 1667 2559 1719 κατά
2588 1665 2683 1737 τὴν
2731 1665 2892 1718 αὑτοῦ
2941 1667 3158 1737 φωνήν·
3191 1666 3477 1735 ἀληθεύσει
3525 1667 3604 1729 δὲ,
3663 1666 3811 1721 οὕτω

2155 1761 2194 1814 Β
2224 1758 2418 1825 λέγων’
2460 1759 2517 1811 '0
2545 1757 2805 1829 ἑωρακὼς
2841 1758 2960 1828 ἐμὲ,
2999 1757 3209 1829 ἑώρακε
3250 1759 3339 1812 τὸν
3381 1759 3618 1829 Πατέρα,
3664 1758 3812 1827 Ἐγὼ

2222 1851 2314 1903 καὶ
2346 1854 2375 1903 ὁ
2403 1851 2613 1922 Πατὴρ,
2650 1852 2707 1906 ἓν
2733 1852 2918 1921 ἐσμεν.
2954 1870 2971 1902 ι

2292 1943 2350 1996 Β.
2378 1939 2454 1996 Εὖ
2501 1942 2656 2013 ἔφης.
2705 1945 2969 2013 Διασάφει
2996 1942 3059 2014 δὴ
3111 1937 3203 1996 οὖν
3234 1944 3394 2008 αὐτὸς
3424 1944 3483 1998 τὸ
3545 1944 3812 2017 ἀμυδρῶς

2221 2035 2473 2105 εἰρῆσθαι
2499 2035 2705 2089 δοκοῦν.
3665 2062 3669 2064 -

2293 2129 2355 2180 Λ.
2387 2127 2499 2179 Οὐκ
2528 2126 2824 2198 ἀϐούλητον
2854 2129 2952 2200 μὲν
3003 2132 3254 2199 γενέσθαι
3290 2131 3466 2201 φαμὲν
3495 2131 3572 2202 τῷ
3603 2129 3719 2201 Υἱῷ
3744 2131 3809 2183 τνδ

2220 2221 2566 2291 καταργῆσαι
2595 2221 2842 2289 θάνατον,
2882 2224 2978 2278 καὶ
3003 2225 3344 2294 ἀποσοϐῆσαι
3375 2226 3486 2278 τῶν
3525 2225 3807 2295 ἀνθρωπὶ-

2221 2328 2324 2363 νων
2371 2313 2636 2382 σωμάτων
2677 2314 2777 2384 τὴν
2831 2314 3057 2388 φθοράν.
3093 2335 3111 2368 ι
3153 2318 3225 2370 Οὑ
3255 2317 3362 2388 γὰρ
3407 2317 3670 2388 τέρπεται
3718 2315 3809 2370 ἐπ’

2220 2403 2466 2476 ἀπωλείᾳ
2499 2405 2714 2470 ζώντων
2744 2424 2757 2437 ·
2800 2411 3053 2480 σωτήριοι
3091 2409 3146 2462 δὲ
3197 2410 3291 2462 καὶ
3334 2411 3388 2462 αἱ
3421 2410 3666 2477 γενέσεις
3711 2409 3808 2462 τοῦ

2221 2497 2450 2568 κόσμου,
2496 2517 2514 2548 ι
2557 2498 2698 2552 κατὰ
2736 2499 2794 2552 τὸ
2843 2501 3245 2571 γεγραμμένον.
3285 2519 3304 2550 ι
3343 2501 3526 2570 Φθόνῳ
3554 2501 3608 2553 δὲ
3627 2500 3813 2554 διαϐό-

2220 2585 2312 2641 λου
2369 2589 2597 2653 θάνατος
2630 2591 2874 2661 εἰσῆλθεν
2921 2595 2999 2655 εἰς
3026 2593 3114 2645 τὸν
3144 2595 3366 2663 κόσμον.
3407 2613 3422 2643 ι
3446 2593 3585 2645 Ἀλλ’
3611 2589 3680 2664 ἦν
3707 2595 3809 2663 οὐχ

2222 2683 2422 2752 ἑτέρως
2441 2683 2502 2735 τὸ
2531 2683 2751 2753 ἀμειδὲς
2783 2683 2876 2737 τοῦ
2907 2684 3136 2738 θανάτου
3167 2685 3551 2739 κατασείεσθαι
3583 2686 3808 2756 κράτος,

2221 2772 2359 2843 πλὴν
2389 2774 2470 2826 ὅτι
2499 2773 2585 2826 διὰ
2619 2773 2785 2846 μόνης
2813 2777 2910 2845 τῆς
2941 2775 3402 2846 ἑνανθρωπήτεως
3436 2777 3530 2830 τοῦ
3563 2777 3813 2843 Μονογε-

2220 2865 2361 2928 νοῦς.
2383 2864 2649 2938 Ταύτῃτοι
2673 2868 2879 2938 πέφηνε
2903 2869 3024 2921 καθ’
3043 2870 3207 2940 ἡμᾶς,
3241 2870 3335 2922 καὶ
3361 2869 3490 2922 ἴδιον
3512 2871 3814 2941 ἐποιήσατο

2223 2955 2381 3026 σῶμα
2410 2956 2469 3009 τὸ
2499 2957 2603 3009 ὑπὸ
2631 2957 2857 3029 φθορὰν,
2881 2959 3022 3011 κατά
3055 2975 3118 3026 γε
3149 2959 3276 3021 τοὺς
3310 2959 3526 3023 ἐνόντας
3551 2963 3619 3030 τῇ
3648 2959 3814 3028 φύσει

2221 3048 2431 3116 λόγους,
2479 3048 2544 3101 ἵν’
2576 3049 2805 3120 ἐπείπερ
2841 3050 2988 3103 ἐστὶν
3031 3051 3193 3114 αὐτὸς
3232 3053 3265 3121 ἡ
3313 3049 3425 3119 ζωὴ
3466 3052 3819 3120 (γεγέννηται.

2223 3141 2328 3211 γάρ
2364 3143 2432 3193 ἐκ
2457 3143 2599 3213 ζωῆς
2628 3142 2719 3195 τοῦ
2751 3144 3008 3211 Πατρὸς),
3041 3144 3358 3216 ὲμφυτεύσῃ
3396 3145 3457 3196 τὸ
3499 3144 3628 3197 ἴδιον
3675 3147 3820 3212 ἀγα·

2225 3232 2315 3285 θῦν
2350 3232 2516 3303 αὐτῷ,
2552 3234 2796 3288 τουτέστι
2828 3234 2927 3300 τὴν
2971 3234 3140 3305 ζωήν.
3181 3236 3454 3305 Ἐλομένῳ
3491 3235 3548 3288 δὲ
3581 3234 3728 3300 ᾰπαξ
3751 3235 3821 3300 ἐξ

2223 3325 2558 3394 ἡμερότητος
2603 3325 2699 3377 καὶ
2743 3324 3178 3396 φιλανθρωπίας,
3213 3323 3311 3397 τήν
3359 3327 3490 3397 πρὸς
3529 3326 3819 3397 ἡμετέραν

2223 3416 2481 3486 ὁμοίωσιν
2513 3415 2786 3481 ὑπελθεῖν,
2816 3416 2922 3469 ἔδει
2947 3417 3219 3487 συμϐῆναι
3252 3418 3347 3470 καὶ
3381 3417 3442 3469 τὸ
3465 3417 3680 3480 παθεῖν,
3709 3416 3823 3486 τῆς

2237 3509 2501 3562 Ἰουδαίων
2551 3509 2896 3580 ἀνοσιότητος
2951 3508 3392 3580 ὲμπαροινούσης
3438 3508 3608 3578 αὐτῷ.
3669 3507 3824 3560 Ἀλλ’

2223 3597 2291 3674 ἦν
2344 3600 2492 3671 αὑτῷ
2537 3602 2789 3671 φορτικὸν
2831 3601 2892 3653 τὸ
2921 3603 2977 3654 έν
3016 3600 3094 3671 τῷ
3146 3601 3339 3655 παθεῖν
3387 3601 3662 3663 δυσκλεές.
3704 3601 3824 3654 Καὶ.

2223 3691 2353 3760 γοῦν
2387 3691 2671 3754 ἐνστάντος
2700 3689 2916 3762 καιροῦ,
2953 3691 3072 3743 καθ’
3101 3691 3159 3744 ὃν
3190 3691 3294 3743 ἔδει
3319 3692 3409 3743 τὸν
3436 3691 3575 3760 ὺπέρ
3611 3706 3678 3758 γε
3705 3690 3821 3758 τῆς

2225 3782 2478 3833 ἀπάντων
2533 3781 2678 3851 ζωῆς
2725 3784 3012 3852 ὑπομεῖναι
3070 3781 3325 3855 σταυρὸν,
3373 3781 3461 3834 ἵνα
3507 3780 3569 3833 τὸ
3615 3781 3824 3834 παθεῖν

2225 3872 2520 3940 ἀϐούλητον
2568 3873 2843 3945 ἀποφήνῃ,
2893 3872 3340 3944 ἀνθρωποπρεπῆ
3407 3873 3505 3943 τὴν
3549 3872 3826 3943 πρόσοδον

2224 3966 2319 4017 καὶ
2349 3964 2422 4027 ὡς
2457 3965 2514 4016 ἐν
2547 3965 2790 4034 σχήματι
2817 3965 3126 4036 προσευχῆς
3156 3967 3392 4017 ἐποιεῖτο
3423 3965 3615 4033 λέγων’
3650 3982 3670 4016 ι
3707 3964 3824 4016 Πά-

2223 4073 2342 4126 τερ,
2377 4057 2424 4107 εἰ
2471 4055 2711 4121 δυνατὸν,
2771 4057 3091 4129 παρελθέτω
3122 4057 3214 4110 ἀπ’
3255 4055 3389 4126 ἐμοῦ
3439 4055 3501 4108 τὸ
3549 4042 3818 4126 ποτήριον

2223 4148 2402 4201 τοῦτο·
2435 4148 2573 4220 πλὴν
2608 4150 2705 4219 οὐχ
2743 4151 2817 4212 ὡς
2852 4148 2964 4218 ἐγὼ
3011 4148 3168 4214 θέλω,
3199 4148 3314 4203 ἀλλ’
3347 4147 3422 4213 ὡς
3449 4147 3534 4204 σύ.
3571 4167 3590 4200 ι
3619 4150 3818 4202 Κατα-

2226 4239 2386 4311 ϐῆναι
2414 4240 2515 4293 τὸν
2546 4239 2606 4305 ἐξ
2632 4240 2859 4312 οὐρανοῦ
2894 4258 3083 4311 φησιν,
3124 4242 3225 4294 οὐκ
3249 4239 3546 4311 ἀόούλητον
3585 4242 3812 4310 ποιησό-

2229 4348 2388 4400 μενον
2417 4331 2480 4383 τὸ
2529 4331 2756 4396 λυποῦν,
2789 4331 2874 4384 ἵνα
2909 4329 3232 4404 κατορθώσῃ
3278 4333 3391 4394 τοῖς
3434 4332 3526 4384 ἐπὶ
3565 4331 3666 4401 γῆς
3711 4331 3812 4400 τὴν

2157 4446 2200 4499 ι)
2229 4425 2543 4489 ἀνάστασιν,
2575 4423 2640 4496 ἣν
2673 4423 2737 4495 δὴ
2779 4415 2882 4477 καῖ’
2904 4423 3061 4494 μόνος
3091 4424 3251 4487 αὐτὸς
3277 4425 3707 4494 κεκαινοτόμηκε
3742 4425 3809 4493 τῇ

2221 4513 2508 4586 ἀνθρώπου
2545 4513 2723 4583 φύσει.
2757 4515 2950 4582 Γέγονε
2978 4516 3085 4585 γάρ
3131 4517 3474 4586 πρωτότοκος
3504 4518 3568 4569 ὲκ
3598 4517 3808 4585 νεκρῶν

2223 4607 2367 4660 κατὰ
2394 4608 2594 4678 σάρκα,
2622 4609 2716 4661 καὶ
2745 4609 2971 4680 ἀπαρχὴ
3015 4608 3127 4662 τῶν
3157 4609 3600 4680 κεκοιμημένων.
3628 4608 3809 4661 Αὑτοῦ

2221 4698 2507 4768 τοιγαροῦν
2535 4699 2594 4751 τὸ
2624 4698 2816 4762 πάθος,
2842 4699 2936 4750 καὶ
2955 4698 3054 4770 οὐχ
3073 4699 3288 4767 ἑτέρου,
3325 4699 3536 4768 λέγοιτο
3563 4701 3651 4763 ἂν,
3676 4699 3814 4751 καθὸ

2223 4793 2461 4864 πέφηνεν
2497 4791 2800 4862 ἄνθρωπος,
2827 4794 2875 4845 εἰ
2919 4794 3012 4846 καὶ
3045 4793 3351 4864 μεμένηκεν
3395 4792 3630 4863 ἀπαθὴς,
3673 4793 3813 4845 καθὸ

2228 4887 2427 4938 νοεῖται
2461 4884 2612 4947 Θεός.

2303 5060 2362 5114 Β.
2400 5059 2556 5114 Οῦτω
2590 5059 2749 5132 φημί.

2299 5156 2363 5206 Α.
2398 5153 2746 5224 Διαμέμνησο
2778 5153 2832 5205 δὲ
2855 5153 2951 5222 τῆς
2981 5151 3334 5206 θεοπνεύστου
3363 5149 3625 5222 λεγούσης
3670 5150 3808 5218 Γρα·

2231 5246 2357 5316 φῆς·
2392 5266 2409 5296 ι
2465 5247 2710 5314 Ἐγένετο
2748 5248 2774 5299 ὁ
2805 5245 3019 5316 πρῶτος
3069 5243 3355 5314 ἄνθρωπος
3400 5241 3569 5310 Ἀδὰμ
3597 5243 3675 5302 εἰς
3703 5241 3806 5308 ψυ-

2230 5339 2328 5407 χὴν
2349 5338 2548 5402 ζῶσαν,
2573 5341 2599 5391 ό
2630 5339 2852 5409 ἔσχατος
2884 5337 3074 5408 Ἀδὰμ,
3103 5338 3182 5400 εἰς
3211 5333 3427 5404 πνεῦμα
3454 5332 3802 5398 ζωοποιοῦν.)

2397 5620 2440 5649 ⁸³
2482 5619 2608 5690 Sap.
2637 5634 2674 5689 ι,
2706 5618 2790 5686 IS,
2821 5617 2906 5674 Η.
3019 5616 3063 5649 ⁸³
3103 5615 3226 5683 Sap.
3261 5629 3321 5679 ιι,
3348 5612 3440 5668 24.
3521 5613 3566 5645 ⁸⁸
3607 5611 3804 5668 Matth.
