4082 6258
286 359 423 412 1555

1412 357 1599 427 QUOD
1641 356 1826 414 UNUS
1864 345 1970 412 SIT
2010 347 2372 412 CIlRlSTUS.

3399 351 3538 412 1554

357 473 417 524 Β.
458 464 588 542 Ἆρ’
613 463 704 523 οὖν
745 469 837 522 τὸν
866 460 1095 542 ἔσχατον
1135 474 1326 546 Ἀδὰμ,
1361 476 1451 529 τὸν
1485 479 1547 530 ὲκ
1593 449 1728 529 Θεοῦ
1760 491 1858 544 φαέ-

2037 473 2095 526 Β.
2127 473 2386 528 Ultimum
2420 475 2600 543 ilaque
2630 473 2898 528 Adamu‘m
2931 481 3182 528 vocatum
3239 487 3360 529 853.8
3399 477 3536 529 dici-

285 582 388 634 μεν
418 563 731 633 ὠνομάσθαι
766 565 968 631 Λόγον;

353 657 418 709 Α.
451 654 525 706 Οὐ
575 653 800 724 γυμνὸν,
851 654 926 718 ὡς
954 655 1110 726 ἔφην,
1145 661 1406 727 γεγονότα
1457 660 1511 712 δὲ
1545 659 1745 728 μᾶλλον
1802 659 1859 711 ἐν

281 747 538 818 ομοιώσει
575 749 640 817 τῇ
693 746 829 817 πρὸς
859 748 1027 818 ἡμᾶς.
1062 749 1233 802 Αὑτὸν
1261 745 1354 804 οὖν
1384 747 1520 804 εἷναί
1560 767 1762 820 φαμεν,
1786 751 1860 803 εί-

282 855 390 910 περ
435 838 720 892 έστὶνούκ
755 831 1116 907 ἀνθρώπινον,
1146 837 1444 911 θεοπρεπὲς
1470 841 1526 894 δὲ
1571 842 1771 912 μᾶλλον
1799 842 1861 896 τὸ

283 925 582 1003 ζωοποιεῖν.
642 927 1034 997 Κεχρημάτικε
1073 929 1130 982 δὲ
1159 932 1252 984 καὶ
1285 930 1510 1002 ἔσχατος
1563 932 1754 1003 Ἀδὰμ,
1785 933 1860 995 ὡς

283 1015 345 1079 ἐξ
363 993 546 1084 ἱἈδὰμ
565 993 803 1084 γεγονως
818 993 966 1070 κατὰ
991 1017 1188 1090 σάρκα,
1212 1021 1304 1072 καὶ
1495 993 1722 1092 δευτέρα
1740 993 1860 1074 ’τῶν

282 1105 376 1158 ἐπὶ
405 1104 528 1174 γῆς,
560 1106 1104 1179 ἁναστοιχειουμένης
1152 1112 1210 1163 ὲν
1243 1111 1393 1181 αὐτῷ
1431 1111 1528 1182 τῆς
1571 1111 1858 1183 ἀνθρώπου

284 1193 519 1263 φύσεως,
546 1198 626 1260 είς
661 1197 953 1269 καινότητα
987 1198 1154 1270 ζωῆς,
1186 1203 1284 1273 τῆς
1313 1199 1371 1257 ὲν
1399 1203 1655 1276 ἁγιασμῷ
1682 1222 1742 1256 τε
1765 1206 1860 1258 καὶ

283 1283 582 1354 ἀφθαρσίᾳ,
617 1285 706 1337 διὰ
739 1287 840 1355 τῆς
883 1289 946 1340 ὲκ
993 1288 1202 1359 νεκρῶν
1243 1291 1616 1355 ἀναστάσεω;’
1649 1309 1854 1364 κατηρ-

281 1375 425 1445 γήθη
452 1375 594 1428 οὕτω
635 1375 882 1441 θάνατος,
911 1379 1010 1432 οὐκ
1045 1380 1420 1453 ἁνασχομένης
1455 1383 1555 1454 τῆς
1595 1383 1732 1438 κατὰ
1759 1383 1862 1453 φύ·

285 1481 371 1519 σιν
400 1465 563 1535 ζωῆς,
599 1467 878 1521 ὑποθεῖναι
905 1472 970 1540 τῇ
1003 1469 1177 1543 φθορᾷ
1201 1472 1261 1525 τὸ
1292 1473 1422 1526 ῖδιον
1452 1476 1631 1546 σῶμα,
1669 1478 1858 1531 καθότι

279 1559 383 1612 οὐκ
409 1554 476 1630 ἦν
503 1558 726 1612 δυνατὸν
751 1562 1070 1632 κρατεῖσθαι
1103 1563 1338 1633 Χριστὸν
1381 1566 1472 1618 ὑπ’
1499 1569 1690 1638 αὐτῆς,
1719 1569 1860 1622 κατὰ

279 1651 382 1722 τὴν
406 1650 498 1704 τοῦ
533 1652 822 1704 θεσπεσίου
843 1653 1056 1708 Παύλου
1090 1657 1274 1728 φωνήν
1293 1674 1306 1686 ·
1329 1657 1485 1728 διέϐη
1513 1659 1570 1712 δὲ
1593 1660 1735 1712 οὕτω
1763 1661 1859 1713 καὶ

277 1744 362 1806 είς
385 1743 530 1814 ἡμᾶς
559 1741 755 1804 αὑτοὺς
797 1742 857 1796 τὸ
884 1745 949 1796 ὲκ
985 1745 1080 1798 τοῦ
1113 1746 1532 1818 κατορθώματος
1571 1749 1792 1818 ἀγαθόν.

349 1917 414 1972 Β.
449 1919 680 1989 Ἀριστα
709 1919 865 1990 ἔφης.

350 2011 415 2063 Δ.
445 2009 636 2078 Ἀθρει
660 2010 718 2062 δὲ
751 2012 813 2079 δή
854 2027 943 2080 μοι
977 2011 1199 2064 κάκεῖνο
1223 2011 1359 2083 πρὸς
1379 2015 1608 2080 τούτοιςι

350 2099 413 2152 Β.
445 2100 518 2152 Τὸ
541 2100 594 2152 τί
627 2101 690 2172 δὴ
712 2101 852 2170 φής;

347 2189 414 2245 Δ.
473 2191 616 2260 Ἔφη
675 2209 778 2243 που
826 2193 1060 2263 Χριστὸς
1108 2195 1220 2256 τοῖς
1269 2195 1445 2264 ἁγίοις
1501 2199 1856 2263 ἀποστόλοις,

279 2299 307 2336 τ
341 2282 726 2352 Πορευθέντες,
755 2283 1129 2354 μαθητεύσατε
1159 2285 1337 2339 πάντα
1369 2287 1437 2340 τὰ
1481 2288 1629 2359 ἔθνη,
1669 2289 1860 2358 βαπτί-

277 2373 466 2439 ζοντες
490 2375 686 2437 αὐτοὺς
709 2376 786 2437 εἰς
811 2376 872 2427 τὸ
895 2376 1064 2446 δνομα
1091 2377 1185 2430 τοῦ
1207 2377 1441 2449 Πατρὸς,
1475 2381 1566 2432 καὶ
1589 2380 1680 2432 τοῦ
1703 2378 1856 2444 Υίοῦ,

279 2463 496 2518 καὶτοῦ
541 2466 698 2534 ἁγίου
745 2466 1078 2536 Πνεύματος.
1125 2488 1144 2518 ι
1191 2468 1612 2540 Βεϐαπτίσμεθα
1649 2470 1714 2542 δὴ
1764 2466 1859 2524 οὖν

278 2557 362 2617 εἰς
392 2555 550 2622 ἁγίαν
584 2558 676 2610 καὶ
713 2558 994 2628 όμοούσιον
1025 2559 1252 2628 Τριάδα,
1287 2562 1386 2631 τὴν
1413 2561 1470 2613 ἐν
1504 2561 1566 2629 γέ
1610 2579 1752 2632 φημι
1782 2563 1860 2633 τῷ

279 2647 476 2716 Ila-cpi,
510 2649 706 2718 καὶτῷ
739 2650 874 2719 Υίῷ,
910 2651 1006 2704 καὶ
1029 2650 1106 2720 τῷ
1145 2651 1286 2722 ἁγίῳ
1321 2652 1624 2722 Πνεύματι.
1655 2655 1726 2707 Ἦ
1759 2656 1862 2708 οὐκ

281 2735 479 2806 ὀληθὲς
503 2739 640 2810 ὅπερ
667 2739 836 2810 ἕφην;

349 2827 412 2882 Β.
444 2829 554 2881 Καὶ
587 2831 704 2894 πῶς
745 2833 854 2902 γὰρ
880 2832 973 2896 ob;

341 2923 406 2974 Δ.
444 2921 518 2975 Οὐ
549 2923 766 2994 Πατέρα
800 2925 900 2995 μὲν
931 2926 1158 2997 νοοῦμεν
1183 2927 1274 2980 τὸν
1303 2932 1687 3001 γεγεννηκότα,
1733 2931 1860 2985 Υίδν

275 3015 340 3068 δὲ
366 3013 432 3086 δὴ
475 3015 572 3067 καὶ
620 3013 686 3068 αὖ
713 3017 803 3070 τὸν
833 3017 892 3082 ἐξ
931 3019 1098 3073 αὐτοῦ
1129 3020 1268 3075 κατὰ
1315 3023 1476 3091 φύσιν
1529 3025 1860 3094 γεννηθέντα

279 3107 543 3174 μονογενῆ
565 3104 698 3158 Θεὸν
729 3107 898 3175 Λόγον
916 3125 930 3172 ;

349 3197 412 3251 Β.
443 3198 550 3249 Καὶ
581 3198 744 3252 πάνυ.

347 3289 416 3342 Δ.
455 3287 579 3351 Πῶς
601 3289 698 3343 οὖν
734 3291 814 3353 εἰς
853 3292 945 3345 τὸν
981 3292 1206 3348 θάνατον
1235 3295 1398 3348 αὐτοῦ
1428 3296 1856 3369 βεϐαπτίσμεθα,

277 3380 423 3436 κατὰ
447 3380 544 3451 τὴν
569 3381 664 3434 τοῦ
697 3383 968 3452 μακαρίου
998 3386 1210 3440 Παύλου
1242 3391 1424 3459 φωνήν
1448 3407 1462 3454 ;
1505 3408 1524 3439 ι
1551 3389 1706 3442 Ὅσοι
1727 3392 1855 3462 γὰρ,

275 3469 465 3540 φησὶν,
487 3473 569 3534 εἰς
590 3473 824 3540 Χριστὸν
849 3472 1281 3546 ἐϐαπτίσθημεν,
1310 3479 1389 3540 εἰς
1411 3478 1500 3530 τὸν
1517 3479 1745 3534 θάνατον
1768 3482 1860 3535 αύ-

277 3560 373 3613 τοῦ
407 3562 832 3633 ἐϐαπτίσθημεν.
861 3585 880 3616 ι
920 3566 1060 3620 Ἀλλ’
1099 3563 1180 3631 εἷς
1206 3569 1430 3640 Κύριος,
1449 3571 1547 3642 μία
1571 3573 1772 3638 πίστις,
1801 3574 1858 3628 ἓν

283 3651 579 3722 βάπτισμα,
617 3655 711 3707 καὶ
743 3656 802 3707 ού
829 3657 1000 3727 δήπου
1031 3661 1190 3728 φαῖεν
1215 3659 1301 3728 ἂν,
1327 3661 1402 3726 ὡς
1424 3665 1503 3727 εἰς
1529 3665 1711 3736 ἕτερον
1731 3667 1860 3721 ὅντα

280 3745 374 3796 καὶ
415 3745 596 3808 ἰδικῶς
639 3747 768 3800 Υἱὸν
794 3749 888 3801 τὸν
913 3752 978 3802 ὲκ
1021 3753 1336 3824 σπέρματος
1357 3755 1452 3807 τοῦ
1487 3756 1654 3810 Δαϐὶδ
1699 3758 1860 3828 βεϐα-

279 3833 572 3905 πτίσμεθα.
623 3834 841 3906 Ἐπειδὴ
893 3837 949 3889 δὲ
980 3838 1112 3902 Θεὸς
1159 3839 1234 3892 ὢν
1279 3840 1436 3910 φύσει
1480 3843 1622 3914 πέρα
1657 3847 1857 3896 νοεῖται

277 3925 508 3987 πάθους,
543 3921 660 3977 εἶτα
705 3925 899 3979 παθεῖν
942 3928 1228 4000 ἠθέλησεν,
1271 3933 1357 3986 ἵνα
1404 3933 1552 4002 σώσῃ
1597 3935 1724 3995 τοὺς
1753 3934 1858 3985 ὑπὸ

275 4013 506 4084 φθοράν,
539 4014 794 4085 ὡμοιώθη
824 4016 968 4070 κατὰ
997 4019 1174 4070 πάντα
1198 4022 1310 4080 τοῖς
1333 4019 1424 4070 ἐπὶ
1455 4018 1578 4085 γῆς,
1603 4019 1699 4070 καὶ
1724 4018 1859 4069 ἁπό-

275 4104 423 4168 τεξιν
469 4106 731 4174 ὑπέμεινε
775 4107 875 4173 τὴν
913 4107 1055 4158 κατὰ
1107 4105 1288 4176 σάρκα
1336 4107 1401 4156 ὲκ
1447 4106 1724 4171 γυναικὸς,
1763 4107 1858 4158 καὶ

279 4197 412 4248 ἴδιον
453 4197 767 4263 ἐποιήσατο,
797 4194 872 4256 ὡς
913 4195 1072 4262 ἔφην,
1115 4195 1298 4263 σῶμα,
1335 4196 1396 4246 τὸ
1433 4193 1730 4261 γεύσασθαι
1761 4197 1856 4250 τοῦ

277 4286 513 4340 θανάτου
563 4284 877 4352 δυνάμενον,
925 4283 1223 4336 ἀναϐιῶναί
1267 4303 1326 4337 τε
1364 4286 1456 4338 καὶ
1503 4281 1592 4350 αὖ,
1629 4285 1716 4338 ἴνα
1764 4287 1856 4355 μέ-

276 4393 386 4430 νων
433 4373 594 4436 αὐτὸς
646 4373 878 4443 ἀπαθὴς,
918 4374 1086 4444 σαρκὶ
1119 4377 1186 4444 τῇ
1245 4375 1350 4446 ἰδίᾳ
1394 4376 1606 4444 λέγοιτο
1642 4377 1854 4432 παθεῖν.

1967 581 2087 620 mus
2116 564 2348 620 Verbum
2381 583 2447 621 ex
2481 567 2590 620 Deo
2617 565 2821 620 Patre?

2037 659 2101 714 A.
2149 659 2260 711 Non
2312 659 2534 724 nudum,
2567 670 2624 714 ut
2662 660 2795 724 dixi,
2833 651 2996 730 773
3026 658 3118 714 sed
3159 659 3336 726 potius
3365 662 3538 716 nosui

1967 748 2144 803 simile
2179 747 2400 803 factum.
2445 748 2623 818 Ipsum
2664 750 2829 818 igitur
2888 765 3010 804 esse
3056 749 3322 814 dicimus;
3365 749 3537 816 siqui-

1968 839 2088 892 dem
2119 855 2223 894 non
2251 850 2332 894 est
2365 841 2682 904 humanum,
2741 841 2836 895 sed
2882 841 3064 910 potius
3109 840 3352 894 divinum
3403 841 3540 893 vivi-

1967 929 2152 982 llcare.
2201 927 2440 984 Vocatus
2490 941 2670 984 autem
2717 939 2802 986 est
2849 932 3012 985 etiam
3060 930 3280 985 ultimus
3320 931 3489 984 Adam
3521 971 3537 994 ,

1968 1028 2220 1090 tanquam
2252 1034 2316 1074 ex
2349 1021 2520 1075 Adam
2562 1021 2736 1076 factus
2767 1024 3060 1077 secundum
3115 1036 3331 1077 carnem
3367 1032 3422 1078 et
3452 1037 3542 1076 se-

1968 1111 2200 1163 cundum
2227 1111 2550 1181 principium
2603 1122 2788 1166 eorum
2839 1116 2931 1182 qui
2985 1114 3038 1168 in
3083 1115 3244 1167 terris
3283 1115 3535 1183 degunt:

1967 1199 2264 1254 instaurata
2288 1203 2338 1254 in
2373 1203 2487 1270 ipso
2513 1204 2740 1256 hmnana
2767 1213 2956 1256 natura
2989 1205 3040 1255 in
3077 1205 3372 1257 novitatem
3411 1206 3536 1258 vita:

1967 1290 2020 1344 in
2057 1292 2486 1346 sanctiﬁcatione
2534 1301 2698 1362 atque
2721 1292 3128 1346 inmortalitate
3153 1333 3168 1356 ,
3221 1309 3318 1361 per
3343 1309 3530 1348 resar-

1967 1381 2586 1436 rectionememortuis.
2647 1383 2720 1435 Ita
2773 1381 2916 1436 enim
2979 1381 3178 1435 abolita
3219 1391 3302 1435 est
3355 1383 3536 1434 irrita-

1965 1481 2073 1540 qUe
2103 1471 2241 1527 facta
2265 1485 2428 1540 mors,
2466 1489 2588 1528 cum
2623 1473 2886 1527 naturalis
2939 1474 3047 1526 vita
3104 1487 3213 1526 non
3273 1473 3540 1526 sustinuit

1966 1563 2242 1630 preprium
2292 1577 2446 1616 suum
2480 1577 2674 1632 corpus
2719 1563 2962 1616 interimi
3011 1562 3225 1628 subjici,
3272 1575 3539 1631 quatenus

1966 1649 2080 1703 ﬁeri
2130 1665 2238 1704 non
2285 1659 2500 1720 poterat
2567 1659 2625 1704 ut
2661 1651 2916 1704 Christus
2961 1651 3030 1704 ab
3081 1665 3144 1704 ea
3199 1651 3535 1712 vinceretur,

1962 1741 2114 1805 juxta
2167 1741 2334 1795 divini
2394 1743 2544 1797 Pauli
2591 1759 2777 1798 vorem
2834 1743 2901 1796 ⁸⁸.
2958 1742 3204 1796 Transiit
3255 1757 3386 1796 vero
3435 1745 3538 1799 hoc

1890 1829 1934 1886 B
1963 1842 2124 1903 paeto
2147 1834 2312 1887 etiam
2341 1836 2396 1887 in
2419 1850 2521 1890 nos
2549 1835 2691 1889 illius
2723 1835 2970 1905 praeclari
3011 1832 3136 1888 facti
3171 1833 3412 1888 fructus.

2031 1923 2094 1977 Β.
2134 1923 2299 1978 Recte
2321 1925 2422 1978 ais.

2028 2014 2093 2064 A.
2123 2011 2388 2067 Caeterum
2421 2014 2548 2068 illud
2575 2015 2740 2069 etiam
2765 2015 2898 2070 mihi
2930 2017 3322 2074 animadverte.

2032 2103 2094 2158 B.
2125 2102 2394 2168 Quidnam
2417 2105 2440 2158 ?

2033 2195 2100 2246 A.
2128 2195 2378 2248 Christus
2404 2196 2599 2250 alicubi
2628 2197 2832 2251 sanctis
2861 2199 3122 2267 apostolis
3151 2200 3270 2256 suis
3305 2200 3481 2268 inquit
3515 2217 3532 2253 :

1966 2299 1984 2336 ι
2020 2285 2254 2351 Euntes,
2307 2287 2493 2343 docete
2539 2303 2728 2343 omnes
2787 2299 2976 2358 gentes
3003 2331 3018 2356 ,
3075 2291 3413 2360 baptizante‘s
3439 2309 3537 2348 eos

1963 2377 2014 2430 in
2053 2377 2267 2431 nomine
2293 2377 2485 2444 Patris,
2513 2389 2567 2433 et
2587 2379 2730 2445 Filii,
2753 2389 2808 2434 et
2843 2380 3078 2450 Spiritus
3101 2387 3275 2437 sancti
3289 2383 3356 2435 δ’.
3391 2401 3409 2434 ι
3436 2384 3536 2436 Ba-

1963 2467 2157 2536 ptizati
2198 2482 2326 2538 ergo
2363 2485 2548 2526 smnus
2577 2471 2630 2524 in
2667 2481 2909 2527 sanctam
2943 2483 2996 2528 et
3017 2474 3532 2528 consubstantialem

1961 2557 2283 2615 Trinitatem
2337 2579 2352 2615 :
2405 2561 2642 2628 Patrem,
2683 2563 2900 2634 inquam
2925 2605 2940 2630 ,
2983 2572 3038 2618 et
3079 2563 3272 2618 Filium
3323 2572 3378 2620 et
3413 2566 3536 2636 Spi—

1962 2653 2121 2706 ritum
2154 2661 2419 2708 sanctum.
2456 2653 2641 2709 Nonne
2683 2671 2868 2710 verum
2899 2666 2984 2712 est
3017 2657 3163 2726 quod
3197 2655 3370 2710 dico?

2033 2830 2092 2884 Β.
2128 2829 2258 2896 Quis
2287 2831 2388 2884 hoc
2421 2831 2736 2902 negaverit?

2029 2923 2096 2974 A.
2127 2923 2205 2974 An
2233 2936 2334 2974 non
2387 2922 2548 2989 igitur
2597 2920 2810 2973 Patrem
2853 2935 3106 2974 vocamus
3152 2935 3274 2976 eum
3315 2922 3407 2991 qui
3447 2937 3536 2990 ge-

1961 3016 2116 3079 nuit;
2147 3014 2337 3068 Filium
2374 3027 2501 3066 vero
2552 3013 2642 3080 qui
2674 3026 2738 3066 ex
2786 3013 2904 3080 ipso
2959 3013 3277 3066 naturaliter
3317 3016 3533 3082 genitus

1962 3115 2066 3169 est,
2094 3105 2426 3176 unigenitum
2469 3103 2638 3158 Deum
2673 3102 2906 3156 Verbum
2934 3102 2957 3156 ?

1885 3177 1930 3236 ε
2034 3200 2095 3253 Β.
2125 3199 2375 3252 Omnino.

2031 3291 2096 3344 A.
2129 3289 2248 3356 Quo
2276 3295 2432 3357 pacto
2465 3288 2628 3356 igitur
2675 3286 2727 3339 in
2774 3297 3003 3341 mortem
3039 3285 3210 3356 ipsius
3262 3286 3526 3356 baptizati

1961 3393 2171 3448 Sumus,
2196 3382 2350 3451 juxta
2385 3381 2528 3436 beati
2562 3380 2712 3434 Pauli
2739 3381 2971 3436 vocem?
2999 3401 3017 3432 ι
3056 3381 3331 3452 Quotquot
3359 3385 3530 3447 enim,

1962 3476 2157 3545 inquit,
2191 3477 2245 3530 in
2275 3474 2548 3530 Christum
2578 3475 2836 3542 baptizati
2872 3489 3080 3542 sumus,
3119 3477 3172 3529 in
3209 3485 3387 3529 morte
3413 3477 3533 3545 ejus

1961 3565 2218 3636 baptizati
2248 3579 2434 3619 sumus
2461 3565 2532 3622 ".
2575 3583 2594 3616 ι
2631 3565 2736 3618 Sed
2777 3580 2917 3617 unus
2960 3575 3044 3620 est
3097 3566 3377 3630 Dominus,
3428 3583 3535 3620 una

1961 3654 2115 3717 ﬁdes,
2151 3669 2316 3708 unum
2358 3653 2627 3722 baptisma
2666 3655 2735 3718 ",
2791 3663 2846 3708 et
2898 3671 3240 3723 nequaquam
3283 3659 3528 3722 dixerit,

1959 3747 2100 3817 quod
2139 3747 2190 3800 in
2237 3745 2398 3798 alium
2441 3745 2728 3814 quemdam
2780 3745 3056 3800 diversum
3088 3747 3158 3800 ab
3201 3747 3303 3801 hoc
3334 3747 3530 3802 Filium

1959 3853 2026 3892 ex
2057 3838 2264 3892 semine
2295 3837 2460 3889 David
2491 3837 2744 3905 baptizati
2802 3838 2996 3890 simus.
3051 3837 3184 3890 Cum
3227 3853 3358 3891 vero
3389 3838 3532 3894 Deus

1961 3934 2150 3976 natura
2186 3924 2454 3976 exsistens
2502 3936 2696 3987 expers
2738 3924 3008 3990 passionis
3061 3935 3394 3977 censeatur:
3430 3927 3529 3978 de-

1961 4013 2084 4066 inde
2109 4013 2216 4080 pati
2245 4011 2430 4075 voluit,
2465 4019 2526 4063 ut
2557 4011 2728 4064 salvet
2765 4026 2860 4065 eos
2890 4014 2980 4079 qui
3023 4013 3267 4066 interitni
3295 4014 3526 4069 obnoxii

1960 4111 2106 4163 sunt,
2134 4101 2326 4154 similis
2349 4100 2524 4154 factus
2549 4111 2633 4154 est
2659 4116 2756 4168 per
2777 4103 2958 4155 omnia
2985 4103 3297 4159 hominibus
3315 4146 3332 4170 ,
3355 4107 3533 4162 nasci-

1959 4207 2063 4260 que
2097 4207 2160 4246 ex
2196 4193 2418 4246 muliere
2445 4192 2740 4247 secundum
2776 4207 2996 4247 Carnem
3043 4193 3208 4248 voluit
3240 4235 3254 4258 ,
3314 4204 3370 4250 et
3403 4213 3532 4265 pro-

1961 4284 2136 4352 prium
2169 4283 2267 4337 sibi
2303 4283 2448 4348 fecit,
2475 4292 2532 4336 ut
2562 4283 2690 4350 dixi,
2724 4298 2920 4351 corpus
2941 4279 3093 4354 'quod
3130 4301 3360 4342 mortem
3377 4289 3532 4342 obire

1961 4385 2166 4444 posset,
2199 4383 2492 4444 rursusque
2531 4376 2866 4436 resuscitari,
2905 4385 2956 4430 ut
3003 4391 3124 4430 cum
3163 4378 3275 4445 ipse
3317 4395 3533 4446 perma-

275 4465 496 4517 Σέσωκε
529 4463 636 4532 γὰρ
673 4455 828 4525 οὗτος
868 4462 928 4515 τὸ
979 4463 1277 4528 ἀπολωλός.
1305 4467 1415 4518 Καὶ
1463 4466 1593 4533 γοῦν
1622 4466 1858 4533 ἔφασκεν

1965 4476 2114 4521 neret
2145 4468 2410 4535 passionis
2455 4482 2670 4536 expers,
2727 4467 2942 4536 propria
2989 4483 3084 4522 sua
3132 4484 3300 4524 carne
3347 4486 3537 4539 passus

277 4555 545 4624 ἐναργῶς,
583 4575 600 4606 ι
636 4556 774 4623 Ἐγώ
809 4558 924 4626 εἰμι
952 4559 980 4607 ό
1003 4559 1206 4628 ποιμὴν
1238 4560 1266 4611 ὁ
1288 4559 1468 4622 καλός.
1509 4560 1567 4611 Ὀ
1595 4561 1798 4632 ποιμὴν
1827 4564 1856 4614 ὁ

277 4648 464 4712 καλὸς,
496 4647 594 4718 τὴν
643 4648 821 4717 ψυχὴν
855 4651 1048 4703 ἑαυτοῦ
1089 4652 1299 4720 τίθησιν
1326 4653 1466 4724 ὑπὲρ
1499 4653 1606 4705 τῶν
1655 4653 1856 4722 προϐά-

277 4759 409 4796 των.
449 4759 466 4791 ι
492 4741 600 4794 Καὶ
627 4741 790 4793 πάλιν
813 4757 827 4771 ·
865 4761 884 4792 ι
914 4743 1102 4804 Οὐδεὶς
1125 4743 1270 4814 αἴρει
1301 4745 1400 4814 τὴν
1421 4744 1600 4813 ψυχήν
1630 4761 1732 4814 μου
1761 4744 1855 4796 ἀπ’

280 4832 439 4902 ἐμοῦ,
470 4833 582 4886 ἀλλ’
617 4833 727 4901 ἐγὼ
783 4834 974 4903 τίθημι
1024 4833 1191 4903 αὐτὴν
1230 4835 1323 4886 ἀπ’
1365 4833 1625 4904 ἐμαυτοῦ.
1679 4833 1858 4898 Ἐξού-

283 4925 408 4978 σίαν
435 4926 540 4996 ἔχω
570 4926 740 4978 θεῖναι
785 4927 974 4996 αὐτὴν,
1021 4927 1116 4979 καὶ
1160 4926 1406 4989 ἐξουσίαν
1431 4925 1539 4996 ἔχω
1574 4925 1736 4978 πάλιν
1765 4926 1858 4978 λκ-

282 5019 398 5069 6εῖν
444 5018 630 5087 αὐτήν.
676 5036 695 5068 ι
746 5018 882 5071 Ἀλλ’
937 5016 1004 5089 ἦν
1049 5019 1146 5087 οὐχ
1203 5017 1320 5080 ἑνὸς
1348 5016 1457 5069 τῶν
1512 5017 1635 5069 καθ’
1689 5019 1857 5087 ἡμᾶς,

281 5105 408 5159 οὔτε
437 5108 541 5177 μὴν
582 5109 868 5179 ἀνθρώπου
900 5111 1102 5173 κοινοῦ,
1133 5110 1194 5161 τὺ
1223 5109 1471 5173 ἐξουσίαν
1512 5109 1655 5178 ἔχειν
1688 5109 1859 5161 θεῖναί

281 5215 343 5248 τε
371 5196 549 5267 ψυχὴν
594 5199 688 5250 καὶ
720 5200 1009 5252 ἀναλαϐεῖν
1053 5200 1241 5270 αὐτήν.
1281 5199 1504 5252 Τέθεικε
1549 5199 1726 5250 δὲκαὶ
1767 5201 1862 5250 ἁν-

284 5285 478 5337 ἑλαϐεν
499 5288 526 5338 ό
552 5289 858 5358 Μονογενὴς
893 5291 988 5342 καὶ
1013 5289 1227 5359 ἀληθῶς
1252 5289 1402 5351 Υἱὸς,
1433 5289 1544 5341 τῶν
1572 5289 1662 5342 τοῦ
1698 5289 1862 5342 θανά-

283 5395 378 5429 του
411 5377 616 5447 βρόχων
642 5381 790 5448 ἡμᾶς
820 5379 924 5443 ἔξω
947 5381 1136 5443 τιθείς.
1175 5381 1304 5434 Ἴδοι
1335 5381 1379 5434 δ’
1409 5381 1475 5433 ἄν
1507 5398 1590 5444 τις
1627 5375 1684 5433 εὗ
1720 5380 1863 5450 μάλα

283 5469 456 5531 τουτί,
487 5471 580 5520 καὶ
603 5473 658 5522 ὲν
689 5473 808 5532 ταῖς
837 5473 1080 5534 Μωσέως
1119 5472 1340 5540 βίϐλοις,
1368 5473 1444 5534 ὡς
1478 5474 1534 5525 ὲν
1570 5475 1746 5534 σκιαῖς
1769 5473 1861 5526 ἐπὶ

284 5561 398 5613 τοῖς
445 5559 606 5610 πάλαι
644 5560 1144 5632 διαμορφούμενον·
1188 5564 1420 5628 ἐξείλετο
1466 5564 1573 5634 γὰρ
1623 5563 1855 5618 θανάτου

370 5740 411 5770 ιθ
441 5731 600 5785 Hebr.
637 5750 696 5792 ll,
736 5735 912 5791 l0-l5.

615 5826 881 5884 Pnuor.
913 5830 1033 5887 Gn.
1081 5828 1318 5891 LXXV.

993 5736 1037 5766 "
1077 5737 1267 5792 Matth.
1296 5755 1482 5806 xxvttt,
1517 5739 1604 5796 19.
1682 5741 1727 5771 '°
1769 5741 1924 5794 Rom.
1959 5755 2029 5804 τι,
2066 5738 2117 5790 3.

1963 4573 2083 4613 esse
2111 4559 2398 4613 diceretur.
2437 4558 2548 4614 Hac
2589 4559 2729 4612 enim
2767 4560 2972 4616 ratione
3007 4559 3060 4614 id
3113 4560 3253 4627 quod
3305 4562 3537 4628 perierat

1964 4651 2208 4704 salvavit.
2243 4650 2306 4704 Et
2335 4650 2548 4718 quidem
2577 4652 2858 4705 manifeste
2883 4651 3056 4704 dixit:
3097 4669 3114 4701 ι
3149 4651 3260 4721 Ego
3295 4667 3410 4704 sum
3443 4669 3534 4721 pa-

1966 4753 2081 4798 stor
2100 4744 2292 4798 b0nus.
2319 4741 2508 4795 Pastor
2525 4742 2696 4794 bonus
2714 4741 2947 4793 animum
2969 4755 3122 4794 suam
3145 4743 3402 4809 ponitpro
3423 4743 3536 4795 ovi-

1967 4837 2086 4889 bus.
2121 4855 2140 4885 ι
2181 4834 2243 4887 Et
2274 4849 2486 4886 rursum
2525 4851 2538 4886 :
2572 4849 2590 4882 ι
2623 4831 2791 4886 Nemo
2843 4831 2981 4885 tollit
3011 4833 3247 4885 animam
3297 4848 3468 4886 meam
3503 4849 3532 4884 ιι

1967 4942 2053 4980 nte
2097 4943 2110 4977 :
2148 4929 2240 4980 sed
2291 4939 2390 4994 ego
2448 4938 2588 4992 pono
2637 4939 2758 4977 eam
2798 4939 2827 4976 a
2877 4938 2962 4976 me
3017 4924 3150 4992 ipso.
3201 4922 3533 4978 Potestatem

1969 5020 2140 5074 habeo
2186 5017 2416 5086 ponendi
2466 5031 2608 5079 cam,
2645 5027 2698 5069 et
2745 5024 3062 5083 potestatem
3105 5015 3278 5069 habeo
3333 5015 3528 5069 iterum

1967 5109 2210 5165 sumendi
2239 5107 2440 5162 eam".
2479 5126 2494 5156 ι
2532 5107 2686 5175 Atqui
2705 5107 2806 5161 hoc
2849 5121 2954 5160 non
2993 5105 3151 5159 inerit
3185 5105 3416 5173 alicujus
3439 5119 3531 5160 no-

1965 5213 2160 5262 strum,
2208 5213 2382 5267 neque
2417 5199 2654 5268 vulgaris
2691 5197 2926 5251 hominis
2978 5197 3178 5250 habere
3227 5195 3534 5251 facultatem

1967 5291 2198 5362 ponendi
2240 5292 2474 5344 animmn
2523 5304 2701 5353 suam,
2747 5295 2802 5342 et
2850 5289 3095 5343 sumendi
3139 5288 3306 5342 illam.
3357 5289 3533 5358 Depo-

1966 5385 2072 5437 suit
2105 5398 2232 5437 vero
2262 5393 2316 5436 et
2349 5382 2546 5450 recepit
2584 5365 2714 5434 eam‘
2740 5379 3060 5449 Unigenitus
3081 5421 3096 5445 ,
3123 5379 3286 5451 774
3311 5396 3374 5434 ac
3405 5395 3534 5434 vere

1969 5475 2158 5538 Filius,
2198 5474 2387 5528 mortis
2423 5472 2625 5540 laqueis
2681 5487 2779 5526 nos
2830 5472 3093 5538 eripiens.
3140 5471 3291 5534 Quod
3321 5471 3534 5537 quidem

1966 5566 2129 5619 etiam
2165 5565 2216 5617 in
2255 5562 2507 5615 Mnsaicis
2542 5561 2695 5615 libris
2727 5561 2950 5630 optime,
2986 5559 3148 5612 veluti
3202 5560 3255 5611 in
3287 5557 3490 5610 umbris
3516 5596 3531 5620 ,

2196 5738 2238 5768 ‘“
2281 5737 2500 5808 Ephes,
2535 5752 2608 5801 Iv,
2642 5738 2692 5789 5.
2772 5735 2816 5766 ⁵¹
2851 5733 3006 5788 Joan.
3049 5749 3100 5796 κ,
3135 5732 3222 5792 Η,
3270 5731 3352 5782 18.

3141 5821 3212 5877 43
