4082 6258
218 240 224 252 έ
295 266 432 313 1357

1423 273 1612 342 QUOD
1653 276 1842 337 UNUS
1880 279 1990 337 SIT
2029 283 2394 339 CHRISTUS.

3410 300 3545 356 13358

306 371 578 435 Ἰουδαίοις
628 391 684 426 τε
733 377 823 427 καὶ
858 376 1122 450 Ἕλλησι,
1173 384 1407 454 Χριστὸν
1439 387 1575 442 Θεοῦ
1620 390 1838 464 δύναμιν

1940 393 2249 452 ιϐιιτίειιιηι
2301 396 2392 450 Dei
2442 397 2731 463 virtutem,
2779 409 2833 454 et
2879 401 2973 457 Dei
3019 404 3360 474 sapientiam.
3409 409 3544 476 Quia

293 463 385 514 καὶ
411 462 542 516 Θεοῦ
577 465 786 531 σοφίαν,
827 466 907 520 ὅτι
931 468 993 521 τὸ
1024 472 1210 542 μωρὸν
1236 476 1334 529 τοῦ
1360 478 1496 532 Θεοῦ
1515 521 1532 544 ,
1561 462 1868 556 σοφώτερον

255 566 259 570 ·
297 555 398 606 τῶν
427 554 730 622 ἀνθρώπων
756 559 904 624 ἐστὶ,
937 561 1029 614 καί
1057 563 1116 616 τδ
1147 566 1375 632 ἀσθενὲς
1404 571 1500 624 τοῦ
1528 573 1686 640 Θεοῦ,
1727 554 1868 647 ἰσχυ·

292 645 510 715 ρότερον
538 647 648 701 τῶν
675 647 982 721 ἀνθρώπων
1004 653 1139 707 ἐστί.
1176 675 1194 708 ι

361 735 421 789 Β.
464 737 598 790 Τίνα
628 739 867 808 τρόπον;
901 744 1125 815 συνίημι
1159 747 1270 818 γάρ
1288 748 1490 820 ἥκιστά
1521 771 1605 821 γε.

358 829 420 879 Α.
463 828 538 880 οὐ
585 830 692 900 γὰρ
748 832 1022 899 Ἰουδαίοις
1054 837 1155 906 μὲν
1204 841 1500 896 σκάνδαλον
1537 845 1602 898 τὸ
1645 847 1739 901 ἐπὶ
1787 849 1866 921 τῷ

285 923 504 992 σταυρῷ
537 925 708 988 πάθος
733 927 989 995 γενέσθαι
1017 934 1204 1003 φησὶν,
1245 936 1471 1009 Ἕλλησι
1507 940 1565 993 δὲ
1612 942 1860 1014 μωρίαν;

281 1011 349 1064 υἰ
386 1012 485 1081 μιν
523 1014 636 1085 γὰρ
663 1015 922 1084 ἔφασκον,
956 1021 1344 1095 ἀπηρτημένον
1373 1026 1608 1098 ὁρῶντες
1638 1011 1732 1084 τοῦ
1767 1031 1861 1098 ξύ-

281 1099 398 1164 λου,
432 1102 524 1155 καὶ
550 1105 649 1169 τὰς
691 1109 1007 1178 μιαιφόνους
1038 1112 1127 1166 ἐπ’
1156 1115 1306 1186 αὐτῷ
1333 1118 1569 1184 σείοντες
1593 1121 1858 1190 κεφαλὰς,

282 1210 302 1241 ε
337 1191 400 1245 Ei
443 1194 572 1258 Υἰὸς
600 1191 650 1248 εἰ
685 1197 782 1252 τοῦ
824 1201 982 1269 Θεοῦ,
1019 1203 1288 1278 κατάϐηθι
1319 1209 1430 1263 ἀπὸ
1458 1212 1726 1283 σταυροῦ,
1765 1215 1862 1268 καὶ

279 1285 646 1354 πιστεύσομέν
673 1305 774 1343 σοι.
815 1309 834 1342 ι
869 1293 1060 1363 ’ῼοντο
1088 1297 1197 1369 γὰρ
1223 1298 1307 1351 ὅτι
1332 1300 1433 1370 τῆς
1463 1302 1646 1357 αὐτῶν
1675 1305 1859 1376 ἰσχύος

275 1376 588 1472 ἡττώμενος
615 1380 733 1450 ἥλω
787 1385 884 1438 καὶ
913 1387 1147 1442 πέπονθε
1176 1406 1190 1420 ·
1224 1392 1571 1466 πεπλάνηντο
1597 1396 1725 1470 γὰρ,
1757 1401 1856 1472 οὐχ

278 1465 410 1519 Υἰδν
433 1464 570 1522 εἶναι
612 1471 750 1524 Θεοῦ
777 1475 1102 1545 νομίσαντες
1151 1481 1391 1553 ἀληθῶς,
1414 1464 1530 1539 ἀλλ’
1563 1464 1643 1552 εἰς

274 1556 631 1652 δρῶντες-τὴν
660 1563 858 1633 σάρκα.
891 1566 1151 1638 Ἔλληνές
1176 1587 1240 1640 γε
1270 1572 1401 1645 μὴν,
1427 1576 1489 1629 τὸ
1519 1578 1612 1632 τοῦ
1645 1556 1855 1652 μυστη-

276 1649 393 1719 ρίου
417 1633 590 1719 βάθος
637 1655 754 1705 κατ’
797 1655 988 1709 οὐδένα
1269 1633 1509 1719 συνιέναι
1539 1633 1848 1739 δυνάμενοί,

1969 489 2112 556 quod
2141 489 2365 543 stultum
2403 499 2492 545 est
2525 489 2641 555 Dei,
2665 493 2967 561 sapientius
2995 507 3080 550 est
3111 497 3422 554 hominibus
3451 518 3466 554 :
3495 515 3544 556 et

1969 580 2111 647 quod
2143 579 2412 634 inﬁrmum
2439 590 2528 636 est
2559 581 2676 648 Dei,
2703 583 2902 641 fortius
2929 597 3014 641 est
3040 587 3350 644 hominibus
3371 591 3439 647 “.
3476 613 3495 644 ο
3555 636 3566 660 .,

2037 752 2096 807 Β.
2139 753 2258 820 Quo
2287 757 2484 825 pacto?
2513 773 2688 828 neque
2715 761 2860 816 enim
2894 763 3155 832 intelligo.

2033 846 2100 898 Α.
2141 845 2334 902 Nonne
2361 850 2508 904 enim
2535 849 2738 909 Judaeis
2766 856 3026 910 seandalo
3057 857 3223 913 fuisse
3254 859 3384 913 dicit
3414 877 3542 930 pus-

1963 935 2172 991 sionem
2205 940 2416 1006 crucis,
2449 941 2657 999 Graecis
2694 955 2872 1000 autem
2911 948 3240 1004 stultitiam?
3279 952 3357 1006 llli
3395 955 3540 1009 enim

1963 1026 2250 1095 dixerunt,
2279 1045 2403 1086 cum
2437 1032 2588 1087 illum
2621 1050 2943 1104 suspensum
2977 1053 3010 1093 e
3043 1039 3186 1111 ligno
3221 1053 3542 1110 cernerent,

1963 1119 2372 1190 sanguinolenta
2414 1124 2730 1182 motitantes
2773 1129 2950 1197 capita
2997 1148 3021 1184 :.
3061 1149 3081 1182 ι
3136 1132 3193 1185 Si
3235 1132 3402 1188 Filius
3444 1135 3540 1189 Dei

1960 1224 2041 1276 es,
2070 1210 2344 1268 descende.
2367 1229 2402 1268 ο
2429 1228 2615 1280 cruce,
2647 1226 2701 1270 et
2734 1221 3022 1276 credemus
3058 1223 3154 1277 tibi
3180 1223 3246 1278 “.
3288 1243 3306 1276 ι
3344 1225 3541 1279 Existi-

1959 1301 2182 1356 mahant
2223 1303 2370 1357 enim
2415 1304 2562 1358 illum
2602 1306 2856 1363 violentia
2904 1311 3148 1379 ipsorum
3191 1325 3537 1384 superatum,

1959 1405 2176 1461 passum
2203 1409 2345 1452 esse.
2377 1395 2644 1453 Errarunt
2671 1409 2876 1465 autem,
2905 1411 3163 1470 putantes
3187 1419 3315 1458 vere
3342 1405 3537 1459 Filium

1961 1483 2054 1538 Dei
2091 1499 2195 1540 non
2229 1499 2385 1550 esse,
2421 1487 2589 1542 solam
2623 1504 2846 1546 carinum
2876 1491 3171 1548 intuentes.
3201 1493 3378 1550 Graeci
3411 1511 3539 1550 vero

1957 1589 2080 1630 eum
2108 1577 2351 1645 mysterii
2382 1578 2814 1648 magnitudinem
2839 1583 2986 1638 nulla
3015 1585 3227 1640 ratione
3253 1587 3537 1656 percipere

1954 1675 2196 1733 possent,
2234 1666 2459 1722 stultum
2503 1683 2626 1724 esse
2666 1672 2857 1728 dicunt
2897 1675 3080 1730 dicere
3119 1675 3397 1732 Christum
3439 1695 3536 1746 pro

273 1741 489 1810 μωρίαν
537 1739 673 1797 εἶναι
724 1746 1006 1817 νομίζουσι
1065 1750 1132 1803 τὺ
1173 1751 1426 1821 λέγεσθαι
1481 1758 1618 1829 πρὸς
1670 1759 1838 1830 ἡμῶν1

1954 1753 2064 1808 vita
2097 1756 2281 1810 mundi
2317 1768 2589 1814 mortuum
2619 1775 2763 1814 esse.
2797 1761 2906 1817 Sed
2941 1763 3044 1819 hoc
3075 1765 3250 1834 ipsum
3282 1771 3424 1837 quod
3439 1739 3537 1823 Ivi-

269 1831 520 1887 τεθνάναι
548 1835 782 1909 Χριστὸν
808 1839 950 1912 ὑπὲρ
991 1842 1094 1913 τῆς
1120 1843 1214 1896 τοῦ
1249 1843 1454 1917 κόσμου
1497 1849 1662 1919 ζωῆς.
1708 1851 1850 1904 Ἀλλ’

268 1923 400 1976 αὐτὸ
425 1925 487 1996 δὴ
521 1927 673 1980 τουτὶ
693 1927 754 1980 τδ
780 1927 972 1984 δοκοῦν
1004 1928 1152 2011 εἶναιι
1175 1934 1376 2006 μωρὸν,
1407 1935 1714 2007 σοφώτερον
1738 1937 1850 1992 τῶν

267 2015 570 2087 ἀνθρώπων
596 2019 730 2074 ἐστὶ.
759 2020 940 2085 Βαθὺς
963 2024 1070 2094 γὰρ
1103 2025 1131 2078 6
1156 2025 1332 2094 λόγος,
1352 2027 1446 2080 καὶ
1467 2027 1566 2097 τῆς
1585 2028 1846 2083 ἀνωτάτω

265 2108 460 2173 σοφίας
493 2109 788 2179 ὲπίμεστος
808 2111 1044 2182 ἀληθῶς,
1061 2117 1089 2167 6
1109 2115 1202 2168 ἐπί
1232 2133 1317 2185 γε,
1337 2117 1502 2186 φημὶ,
1528 2117 1608 2188 τῷ
1626 2121 1845 2172 πάντων

268 2198 424 2268 ἡμῶν
453 2201 666 2272 Σωτῆρι
692 2203 936 2275 Χριστῷ,
959 2205 1136 2259 καὶτὸ
1164 2207 1390 2272 ἀσθενὲς
1418 2205 1558 2262 εἶναι
1590 2211 1844 2280 νομισθὲν

265 2289 419 2359 παρά
468 2307 532 2359 γε
569 2295 682 2357 τοῖς
735 2293 999 2349 Ἰουδαίων
1051 2298 1276 2368 δήμοις,
1333 2300 1680 2370 ἰσχυρότερον
1732 2300 1843 2353 τῶν

262 2382 572 2453 ἀνθρώπων
618 2385 755 2440 ὲστί.
787 2387 1001 2442 Σὲσωκε
1034 2390 1145 2460 γάρ
1183 2391 1331 2460 ἡμᾶς
1357 2393 1385 2444 6
1416 2391 1709 2462 μονογενὴς
1744 2391 1841 2446 τοῦ

259 2471 400 2525 Θεοῦ
447 2475 648 2543 Λόγος,
685 2475 780 2546 τὴν
805 2479 940 2549 πρὸς
989 2481 1137 2550 ἡμᾶς
1183 2480 1442 2551 ὁμοίωσιν
1484 2480 1718 2546 ὑποδὺς,
1757 2482 1841 2535 ἵνα

263 2564 432 2633 σαρκὶ
479 2563 686 2628 παθὼν,
739 2566 831 2620 καὶ
878 2567 1246 2638 ἐγηγερμένος
1287 2571 1352 2622 ὲκ
1397 2570 1627 2642 νεκρῶν,
1663 2572 1842 2642 κρείτ-

257 2669 388 2707 τονα
420 2655 648 2710 θανάτου
691 2659 786 2712 καὶ¹
813 2659 1018 2730 φθορᾶς
1058 2659 1155 2730 τὴν
1191 2660 1346 2730 ἡμῶν
1372 2661 1626 2733 ἀποφήνῃ
1653 2662 1835 2732 φύσιν.

260 2749 420 2802 Ἐστι
468 2750 524 2802 δὲ
559 2752 700 2823 ὑπὲρ
737 2755 891 2823 χεῖρα
936 2753 1036 2824 τὴν
1081 2753 1204 2805 καθ’
1235 2753 1403 2822 ἡμᾶς,
1443 2753 1504 2807 τὺ
1545 2755 1839 2826 κατωρθω-

261 2841 446 2910 μένον.
482 2841 692 2896 Οὐκοῦν
743 2844 1088 2916 ἰσχυρότερον
1143 2844 1253 2898 τῶν
1284 2844 1586 2916 ἀνθρώπιον
1627 2847 1745 2900 ἐστὶ
1778 2847 1841 2901 τὸ

1956 1844 2115 1899 detur
2142 1859 2266 1900 esse
2296 1848 2556 1914 stultum,
2586 1862 2671 1904 est
2705 1853 3006 1922 sapientius
3037 1857 3371 1912 hominibus.
3398 1858 3537 1914 Gra—
3569 1865 3572 1867 λ

1955 1934 2214 1991 vissimus
2242 1939 2384 1994 enim
2416 1947 2503 1993 est
2530 1955 2744 2007 sermo,
2776 1960 3100 2016 summaque
3129 1951 3397 2018 sapientia
3427 1952 3538 2021 ple-

1952 2041 2059 2081 nus
2089 2028 2154 2080 de
2183 2028 2399 2084 Christo
2429 2033 2672 2087 omnium
2706 2035 2990 2092 Salvatore
3024 2040 3274 2108 habetur,
3309 2053 3364 2097 et
3392 2046 3535 2112 quod

1949 2133 1978 2170 a
2009 2117 2209 2173 Judzeis
2243 2132 2498 2175 censetur
2527 2140 2649 2179 esse
2681 2125 2982 2197 infirmum,
3018 2130 3209 2188 fortius
3244 2145 3328 2188 est
3364 2136 3537 2188 homi-

1949 2211 2125 2263 nibus.
2162 2211 2405 2266 Salvavit
2440 2216 2589 2268 enim
2625 2233 2724 2271 nos
2760 2221 3098 2290 unigenitum
3137 2225 3230 2279 Dei
3265 2227 3533 2289 Verbum.

1948 2301 2119 2352 nostri
2142 2302 2550 2359 similitudinem
2574 2307 2817 2370 subiens.
2844 2322 2900 2364 ut
2929 2328 3122 2382 passus
3145 2331 3309 2371 carne
3335 2326 3389 2371 et
3415 2335 3535 2373 sus-

1943 2389 2149 2446 citatus
2201 2407 2232 2447 e
2268 2399 2526 2462 mortuis,
2582 2409 2833 2453 naturam
2875 2413 3116 2456 nostram
3158 2416 3330 2460 morte
3365 2417 3534 2475 atque

1951 2482 2173 2539 interitu
2218 2488 2554 2557 superiorem
2602 2491 2928 2547 declararet.
2977 2495 3072 2550 Est
3118 2511 3248 2553 vero
3292 2499 3343 2552 id
3387 2501 3530 2568 quod

1945 2576 2246 2644 praestitum
2291 2589 2409 2643 est,
2455 2590 2724 2649 pctestate
2765 2596 2950 2639 nostra
2997 2589 3266 2657 superius.
3313 2589 3531 2644 Fortius

1945 2665 2130 2735 itaque
2169 2678 2254 2722 est
2297 2669 2636 2736 hominibus,
2681 2675 2825 2744 quod
2868 2676 2922 2729 in
2971 2677 3290 2734 inﬁrmitate
3333 2692 3531 2736 nostra

1944 2755 2107 2811 simili
2137 2767 2192 2813 et
2223 2759 2275 2813 in
2302 2763 2554 2829 passione
2580 2775 2859 2833 peractqu
2885 2782 3008 2823 esse
3037 2768 3265 2834 videtur,
3295 2782 3348 2826 et
3375 2773 3530 2827 divi-

1943 2865 2069 2904 nam
2100 2853 2396 2920 potentiam
2428 2856 2789 2912 demonstrat.

256 2931 512 3001 ἁσθενεία
543 2934 608 3003 τῇ
635 2931 757 2986 καθ’
799 2933 949 3002 ἡμᾶς
988 2934 1081 2986 καὶ
1101 2927 1184 2996 ¹ὡς
1209 2931 1264 2985 εν
1292 2951 1356 3002 γε
1395 2931 1472 3004 τῷ
1505 2935 1700 2989 παθεῖν
1726 2935 2045 3008 πεπρᾶχθαι
2079 2939 2294 3007 δοκοῦν,
2326 2942 2606 3014 δυνάμεώς
2643 2963 2703 3000 τε
2732 2949 2832 3018 τῆς
2885 2949 3224 3021 θεοπρεποῦς
3267 2953 3527 3022 ἐπίδειξιν

257 3024 399 3094 ἕχον.

330 3120 389 3171 Β.
431 3117 564 3174 Εἶτα
594 3119 710 3184 πῶς
742 3119 806 3175 ἂν
831 3121 859 3172 6
888 3121 1067 3184 αὐτὸς,
1102 3120 1257 3191 φασὶ,
1292 3124 1366 3195 μὴ
1398 3123 1592 3190 «deos;

328 3215 394 3267 A.
437 3211 608 3284 Σοιρκί⁸
635 3217 700 3286 τῇ
751 3215 857 3287 ἰδία
880 3215 1090 3280 παθὼν,
1139 3219 1232 3268 καὶ
1256 3218 1319 3270 οὑ
1351 3218 1605 3288 θεότητος
1651 3217 1831 3287 φύσει,

254 3304 354 3357 καὶ
379 3304 683 3376 ἀπόρρητος
719 3307 818 3376 μὲν
851 3306 1126 3370 παντελῶς
1180 3310 1208 3361 6
1254 3309 1347 3360 ἐπὶ
1389 3307 1599 3372 τούτοις
1648 3308 1834 3377 λόγος,

255 3395 351 3446 καί
383 3395 483 3447 οὐκ
506 3394 570 3447 ἀν
611 3413 694 3458 τις
743 3397 985 3464 ἐφίκοιτο
1015 3397 1139 3461 νοῦς
1171 3398 1278 3452 τῶν
1299 3397 1471 3463 οὕτως
1509 3397 1705 3469 ἰσχνῶν
1743 3401 1838 3452 καὶ

255 3485 654 3557 ὑπερηρμένων
677 3487 916 3540 ἐννοιῶν.
955 3489 1242 3558 Ἐπὸμενοί
1267 3506 1330 3558 γε
1359 3489 1462 3560 μὴν
1495 3493 1608 3554 τοῖς
1637 3492 1717 3553 είς
1745 3492 1835 3564 ὀρ-

251 3573 454 3646 θότητα
481 3577 758 3648 λογισμοις
779 3619 790 3642 ,
814 3579 1022 3632 καὶτὸν
1051 3580 1144 3633 τοῦ
1175 3581 1384 3644 εἰκότος
1414 3581 1836 3655 περιαθροῦντες

252 3667 448 3736 Λόγον,
491 3668 614 3721 οὔτε
652 3669 745 3722 τοῦ
781 3669 1034 3737 λέγεσθαι
1071 3672 1263 3725 παθεῖν
1292 3673 1683 3745 ἀλλοτριοῦμεν
1737 3675 1836 3728 αὺ-

253 3758 362 3824 τὸν,
400 3760 485 3812 ἵνα
521 3760 596 3830 μὴ
636 3762 742 3830 πρὸ
769 3763 960 3815 τούτου
995 3763 1087 3817 καὶ
1136 3763 1236 3836 τὴν
1265 3765 1404 3818 κατά
1435 3766 1612 3838 σάρκα
1640 3767 1833 3838 γέννη-

252 3869 359 3917 σιν,
391 3854 493 3906 οὐκ
521 3854 686 3907 αὑτοῦ
718 3855 937 3925 μᾶλλον,
987 3857 1100 3910 ἀλλ’
1132 3859 1318 3929 ἐτέρου
1350 3859 1538 3929 φῶμεν
1568 3855 1710 3913 εἷναί
1747 3879 1830 3914 τι-

249 3962 360 4008 νος,
395 3943 520 3999 οὔτε
553 3945 661 4016 μὴν
703 3948 782 4010 εἰς
828 3949 925 4020 τὴν
958 3949 1108 4002 θείαν
1152 3951 1318 4003 αὑτοῦ
1368 3951 1461 4001 καὶ
1516 3951 1831 4020 ὑπερτάτην

250 4037 568 4107 πεπράχθαι
617 4039 777 4107 φύσιν
807 4039 1154 4109 διοριζόμεθα
1197 4039 1264 4091 τά
1299 4039 1530 4109 σαρκός·
1575 4041 1746 4093 νοοῖτο
1782 4040 1830 4091 δ’

250 4133 341 4198 ἂν,
373 4135 448 4197 ὡς
483 4136 641 4204 ἔφην,
691 4137 853 4204 σαρκὶ
885 4138 951 4204 τῇ
990 4135 1098 4204 ἰδίᾳ
1129 4135 1344 4197 παθεῖν,
1393 4137 1566 4188 καίτοι
1614 4136 1829 4206 θεότητι

250 4225 330 4296 μὴ
364 4225 574 4288 παθὼν,
622 4225 746 4278 καθ’
793 4220 900 4276 οἷον
931 4224 994 4294 δή
1029 4241 1152 4277 τινα
1181 4225 1402 4296 τρόπον.
1445 4225 1688 4280 Ἀσθενεῖ
1731 4227 1829 4295 μὲν

246 4319 358 4388 γὰρ
390 4319 538 4369 πᾶσα
567 4316 1026 4386 παραδειγμάτων
1053 4316 1304 4387 δύναμις,
1328 4318 1420 4372 καὶ
1449 4319 1546 4389 τῆς
1572 4317 1828 4388 ἀληθείας

245 4411 478 4464 κατόπιν
532 4405 771 4478 ἔρχεται.
825 4407 970 4476 Πλὴν
1017 4408 1191 4476 ἐνίησι
1236 4408 1315 4477 τῷ
1388 4408 1464 4479 νῷ
1526 4406 1827 4477 φαντασίαν

1855 3139 1898 3196 C
2005 3123 2066 3178 Β.
2109 3125 2270 3196 Atqui
2306 3127 2605 3195 quoumdo,
2644 3129 2924 3198 inquiunt,
2961 3146 3076 3200 Ipse
3111 3147 3214 3188 non
3245 3138 3526 3205 patiatur?

2008 3218 2074 3274 Α.
2117 3217 2342 3288 Propria
2372 3234 2536 3273 carne
2566 3233 2776 3288 passus,
2806 3236 2912 3274 non
2943 3232 3126 3278 autem
3157 3237 3351 3280 natura
3384 3231 3523 3284 divi-

1935 3309 2145 3373 nitatis,
2177 3311 2340 3380 idque
2371 3311 2626 3366 iuelhbili
2657 3316 2888 3382 quadam
2921 3317 3151 3383 ratione,
3181 3333 3342 3386 quam
3374 3323 3518 3375 nulla

1936 3415 2090 3456 mens
2120 3401 2286 3472 776
2312 3404 2594 3472 percipere
2625 3416 2808 3473 queat.
2841 3405 2948 3460 Nos
2981 3421 3112 3462 vero
3145 3411 3524 3466 ratiocinatio-

1937 3493 2097 3549 nibus
2131 3508 2251 3561 qua:
2271 3495 2493 3552 veritati
2537 3496 2770 3551 maxime
2801 3508 3182 3556 ccmsentaneae
3211 3503 3324 3558 sint
3357 3506 3523 3558 inlue-

1935 3592 2141 3651 rentes,
2167 3599 2349 3654 neque
2376 3586 2611 3641 alienum
2643 3589 2818 3660 ipsum
2847 3592 2914 3645 ab
2941 3608 3005 3645 cu
3034 3607 3351 3658 censemus,
3375 3599 3520 3663 quod

1934 3675 2148 3730 dicatur
2185 3691 2379 3745 passus
2427 3693 2577 3743 esse,
2625 3696 2691 3734 ne
2735 3688 2789 3735 et.
2833 3683 3170 3737 nativitatem
3221 3689 3517 3741 secundum

1934 3781 2188 3831 carnem,
2225 3781 2346 3838 qute
2380 3773 2689 3840 passionem
2725 3777 3037 3842 praecessit,
3077 3793 3181 3830 non
3220 3779 3390 3847 ipsius
3424 3783 3517 3833 sed

1933 3859 2157 3913 alterius
2198 3860 2498 3927 cuiuspiam
2545 3861 2710 3914 fuisse
2753 3864 3028 3926 dicamus,
3070 3879 3246 3930 neque
3288 3881 3350 3920 ea
3397 3884 3516 3936 quae

1931 3948 2118 4001 carnis
2149 3956 2276 3999 sunt
2309 3948 2363 4000 in
2395 3949 2636 4002 divinant
2667 3950 2835 4017 ipsius
2865 3961 3027 4021 atque
3059 3968 3366 4023 supremam
3403 3974 3513 4012 na-

1933 4047 2108 4088 turam
2141 4035 2285 4090 facta
2317 4050 2435 4090 esse
2465 4047 2791 4093 statuamus.
2823 4039 3157 4112 lntelligatur
3187 4061 3318 4100 veto
3350 4063 3515 4101 carne

1931 4126 2169 4194 propria,
2201 4135 2258 4180 ut
2286 4125 2638 4198 dixi,passus
2657 4142 2799 4196 esse,
2835 4135 3051 4188 tametsi
3085 4136 3286 4190 dein-ite
3315 4153 3510 4206 passus

1932 4234 2036 4272 non
2070 4219 2158 4274 sit.
2189 4222 2306 4289 Quo
2337 4231 2517 4278 autem
2554 4223 2733 4287 modo,
2765 4224 2923 4279 nullis
2953 4227 3215 4297 exemplis
3243 4233 3372 4283 satis
3401 4246 3510 4284 cx-

1931 4311 2116 4381 pliCari
2153 4322 2351 4381 potest.
2380 4312 2574 4369 Omnia
2603 4315 2750 4368 enim
2781 4316 3037 4372 inferiora
3071 4330 3196 4373 sunt
3228 4323 3305 4374 rei
3339 4323 3507 4392 ipsius

1933 4402 2181 4458 veritate.
2205 4404 2360 4460 Venit
2387 4413 2565 4458 tamen
2592 4405 2719 4460 mihi
2749 4407 2804 4460 in
2831 4418 3062 4462 mentem
3087 4412 3333 4477 qtuedam
3361 4417 3464 4466 ima
3489 4444 3508 4454 -

249 4497 438 4567 ἰσχνὴν
464 4477 924 4568 τοῦπράγματος,
959 4497 1052 4550 καὶ
1081 4497 1156 4560 ὡς
1176 4497 1284 4550 ἀπό
1304 4515 1366 4566 γε
1390 4477 1499 4550 τῶν
1525 4499 1582 4550 ὲν
1611 4500 1818 4567 χερσὶν,

1940 4493 2157 4564 giuatio,
2189 4510 2310 4565 qua:
2339 4511 2406 4549 ex
2441 4495 2509 4550 iis
2539 4509 2660 4566 quae
2693 4499 2944 4553 manilius
2975 4509 3378 4556 contrectamus
3406 4519 3507 4559 nos

243 4587 570 4642 ἀναϐιϐάσαι
602 4586 739 4655 πρὸς
767 4587 827 4638 τὸ
854 4585 1011 4655 ὕψος,
1045 4587 1138 4639 καὶ
1164 4587 1224 4637 τὸ
1249 4586 1392 4655 πέρα
1423 4584 1819 4653 λόγου.”Ωσπερ

245 4681 356 4749 γὰρ
386 4681 415 4730 6
447 4679 664 4749 σίδηρος
697 4679 863 4747 ἤγουν
896 4680 1059 4747 ἑτέρα
1084 4696 1170 4740 τις
1203 4677 1304 4748 ῦλη
1333 4678 1555 4747 τοιαύτη
1579 4679 1695 4738 ταῖς
1723 4677 1817 4728 τοῦ

245 4771 417 4841 πυρὸς
453 4771 764 4840 ὁμιλήσασα
798 4769 1155 4840 προσϐολαῖς,
1189 4770 1487 4838 εἰσδέχεται
1526 4768 1626 4837 μὲν
1663 4765 1828 4852 αὐτὸ,

245 4862 342 4915 καὶ
376 4861 658 4914 κατωδίνει
698 4859 798 4930 τὴν
828 4860 1036 4927 φλόγαο
1073 4861 1121 4910 εί
1153 4859 1208 4911 δὲ
1246 4858 1310 4929 δὴ
1339 4858 1696 4912 καταπαίοιτο
1732 4875 1820 4910 τυ-

241 4955 337 5025 χὸν
367 4954 470 5006 ῦπὸ
511 4971 627 5018 του,
657 4953 868 5022 δέχεται
901 4951 999 5019 μὲν
1025 4953 1057 5020 ἡ
1082 4949 1184 5018 ῦλη
1219 4948 1278 5001 τὸ
1309 4949 1524 5018 βλάϐος,
1553 4949 1818 5002 ἀδικεῖται

240 5049 300 5100 δὲ
331 5046 467 5108 ὅλως
492 5045 626 5116 πρὸς
652 5045 746 5097 τοῦ
781 5046 1032 5107 παίοντος
1058 5043 1208 5095 οὐδὲν
1245 5043 1278 5111 ὴ
1306 5041 1397 5094 τοῦ
1422 5041 1595 5111 πυρὸς
1618 5040 1781 5110 φύσις
1801 5057 1813 5068 ⁸

239 5140 389 5193 οὕτω
415 5156 532 5200 πως
559 5139 810 5208 συνήσεις
837 5138 929 5190 καὶ
950 5139 1007 5189 ὲν
1033 5135 1097 5204 τῇ
1137 5134 1299 5204 σαρκὶ
1323 5132 1576 5200 λέγεσθαι
1602 5129 1810 5193 παθεῖν,

241 5229 461 5298 Θεὸτητι
490 5229 546 5280 δὲ
577 5227 651 5298 μὴ
685 5227 879 5282 παθεῖν
911 5227 1005 5279 τὸν
1038 5225 1184 5280 Υἰόν.
1219 5224 1327 5276 Καὶ
1358 5224 1563 5293 σμικρά
1594 5223 1715 5292 μὲν,
1742 5222 1818 5285 ὡς

243 5320 401 5390 ἔφην,
429 5321 537 5372 τῶν
569 5318 1029 5388 παραδειγμάτων
1078 5319 1110 5386 ἡ
1155 5315 1416 5384 δύναμις,
1458 5314 1724 5384 ἀποφέρει
1761 5313 1818 5367 δέ

245 5426 364 5470 πως
396 5409 492 5475 τῆς
523 5408 780 5476 ἀληθείας
806 5409 970 5474 ἐγγὺς
1006 5409 1131 5468 τοὺς
1166 5408 1276 5467 τοῖς
1305 5407 1469 5474 ἱεροῖς
1493 5405 1818 5476 Γραμμασιν

244 5501 491 5557 ἀπειθεῖν
523 5501 852 5571 ᾑρημένους.

325 5667 367 5699 ⁸³
402 5675 418 5728 l
458 5673 584 5729 Cor.
622 5688 660 5737 t,
693 5671 878 5728 22ο25.
962 5674 1006 5704 ⁵⁸
1047 5673 1236 5728 Matth.
1290 5688 1458 5736 xxvu,
1492 5671 1578 5724 42.

1927 4585 2119 4638 attollit
2141 4589 2206 4638 ad
2225 4587 2562 4640 altitudinem
2583 4589 2698 4656 ejus
2714 4591 2858 4656 quod
2879 4591 3143 4645 rationem
3166 4609 3379 4647 omnem
3401 4613 3506 4648 su-

1925 4687 2096 4746 perat.
2131 4677 2593 4743 Quemadmodum
2628 4680 2772 4734 enim
2811 4680 3037 4746 ferrum,
3074 4694 3163 4737 aut
3198 4686 3300 4738 alia
3339 4702 3504 4754 qua:—

1923 4769 2069 4837 piam
2108 4769 2436 4838 ejuscemodi
2483 4772 2707 4825 materia
2758 4773 2950 4842 recipit
2993 4775 3208 4842 quidem
3254 4778 3304 4829 in
3347 4792 3405 4831 se
3449 4788 3504 4830 et

1928 4861 2129 4930 patitur
2167 4859 2437 4916 ﬂammam
2481 4881 2494 4916 :
2541 4864 2584 4917 si
2629 4879 2756 4919 vero
2804 4868 3138 4936 percutiatur
3179 4870 3246 4922 ab
3295 4871 3498 4938 aliqua,

1928 4952 2041 5020 ipsa
2067 4952 2283 5020 quidem
2313 4954 2535 5008 materia
2569 4957 2949 5011 detrimentum
2983 4961 3199 5028 accipit,
3228 4961 3342 5029 ipsa
3372 4978 3499 5014 veru

1928 5043 2067 5111 ignis
2097 5052 2286 5096 natura
2319 5060 2347 5095 a
2377 5047 2712 5112 percutiente
2747 5065 2850 5102 non
2886 5050 3098 5104 Leditur
3126 5071 3139 5104 :
3175 5056 3243 5105 ita
3275 5053 3385 5106 fere
3415 5055 3500 5106 in-

1927 5134 2132 5203 telliges
2185 5133 2379 5215 {ilium
2430 5151 2594 5189 carne
2645 5140 2858 5204 quidem
2914 5155 3163 5209 passum,
3219 5143 3499 5198 divinitate

1921 5240 2049 5278 vero
2077 5240 2432 5294 nequaquam.
2464 5227 2525 5280 lit
2554 5229 2746 5299 exigua
2775 5234 2991 5300 quidem
3022 5245 3132 5302 est,
3163 5245 3219 5290 ut
3249 5238 3394 5303 dixi,
3425 5240 3496 5292 si-

1923 5315 2284 5368 militudinum
2315 5317 2395 5369 vis
2422 5332 2485 5372 ac
2516 5316 2763 5385 facultas,
2797 5326 3017 5392 propius
3049 5335 3224 5380 tamen
3258 5329 3324 5382 ad
3352 5331 3495 5382 veri-

1925 5408 2052 5459 tatis
2099 5407 2458 5474 cognitionem
2508 5409 2726 5463 adducit
2776 5427 2870 5468 eos
2917 5415 3007 5483 qui
3057 5415 3229 5472 sacris
3272 5417 3495 5473 Litteris

1926 5497 2082 5549 ﬁdem
2116 5497 2374 5553 adhibere
2408 5515 2515 5552 non
2548 5511 2818 5558 recusant.
