4082 6258
605 279 745 339 1359

674 400 734 455 Β.
780 398 948 452 Recte
979 394 1135 450 dicis.

676 496 740 547 Δ.
787 488 897 543 Nisi
944 489 1087 542 enim
1134 484 1443 539 immediate
1484 482 1703 553 pr0pria
1737 481 1896 536 Verbi
1939 480 2077 535 facta
2118 481 2189 536 sit

602 598 733 638 caro
762 595 881 650 qua:
915 580 1013 648 ipsi
1047 575 1393 631 inel't‘abiliter
1421 588 1693 643 supraque
1722 588 1939 629 omnem
1972 573 2185 627 intelle-

605 687 752 731 ctmn
790 674 938 727 unita
974 681 1078 733 est,
1110 667 1380 736 quomodo
1416 665 1624 719 censeri
1664 664 1836 732 possit
1864 664 2188 718 vivilicans?

566 752 629 837 ’ἷι
680 768 790 837 Ego
834 764 1001 825 enim,
1046 760 1241 827 inquit,
1289 772 1409 811 sum
1458 757 1611 826 panis
1657 755 1935 809 vivilicans
1980 756 2073 824 qui
2122 756 2188 811 de

562 832 750 922 ῤὐωιὸ
782 850 1052 906 descendi.
1088 848 1146 904 Si
1188 848 1310 913 quis
1348 845 1749 899 manducaverit
1784 860 1848 898 ex
1885 846 1985 900 hoc
2020 860 2184 915 pane,

582 947 746 1017 ,vivet
790 944 842 997 iu
886 952 1166 997 internum.
1206 938 1273 992 Et
1319 937 1472 1007 panis
1509 951 1673 1005 quem
1714 950 1815 1006 ego
1859 936 2019 1001 dabo,
2056 952 2187 992 caro

602 1028 726 1090 'me'a
757 1042 841 1088 est
871 1049 966 1102 pro
1000 1030 1183 1085 mundi
1219 1031 1323 1084 vita
1346 1030 1413 1084 ⁸⁵.
1455 1046 1473 1081 ι
1508 1029 1576 1082 At
1605 1028 1650 1081 si
1682 1038 1767 1081 est
1798 1043 1928 1081 caro
1962 1028 2083 1081 Filii
2118 1029 2187 1083 ab

608 1129 724 1195 ipso
769 1124 1005 1187 diversi,
1050 1122 1140 1190 qui
1186 1130 1334 1174 arcta
1380 1118 1611 1188 quadam
1661 1116 2041 1186 conjunctione
2087 1118 2187 1186 ipsi

609 1218 813 1272 ascitus
840 1222 977 1278 erat,
1009 1222 1062 1268 et
1089 1212 1398 1281 :equalitate
1429 1211 1652 1265 honoris
1682 1226 1807 1265 cum
1834 1225 1899 1265 eo
1928 1212 2186 1275 donatus,

609 1322 715 1375 quo
741 1314 901 1374 pacto
925 1318 1077 1357 suam
1104 1310 1290 1366 vocat,
1318 1316 1440 1355 cum
1468 1301 1665 1369 alioqui
1697 1300 1913 1354 mentiri
1945 1301 2188 1355 nesciat?

611 1397 899 1464 Quomodo
932 1403 1111 1448 autem
1158 1392 1380 1447 alterius
1420 1391 1719 1460 cujuspiam
1760 1406 1890 1446 caro
1931 1392 2189 1446 mundum

612 1488 886 1541 viviﬁcare
920 1494 1112 1554 queat,
1148 1484 1253 1537 nisi
1294 1484 1433 1537 facta
1470 1485 1542 1539 sit
1580 1484 1796 1553 propria
1831 1483 1987 1551 vita},
2028 1484 2188 1537 uimi-

613 1592 730 1631 rmn
774 1574 933 1630 Verbi
984 1590 1050 1629 ex
1103 1575 1209 1628 Deo
1253 1574 1413 1629 Patre
1458 1576 1664 1644 geniti,
1716 1577 1782 1631 de
1825 1589 1934 1645 quo
1977 1574 2191 1631 divinus

611 1668 847 1724 ioannes
889 1667 960 1721 ita
1006 1668 1082 1720 ait
1114 1683 1133 1718 ι
1179 1684 1196 1716 ι
1246 1665 1313 1719 Ει
1350 1668 1553 1721 scimus
1591 1668 1845 1736 quoniam
1887 1666 2057 1722 Filius
2098 1668 2190 1722 Dei

1621 279 1678 333 S.
1721 278 1993 334 CYRlLl-l
2034 274 2505 333 ALEXANDRINI
2549 273 2867 330 ARCIIIEP.

2213 396 2261 451 Α
2361 389 2421 441 Β.
2465 386 2538 441 Εὖ
2573 387 2771 457 λέγεις.

3732 274 3867 327 ιε,οο

2359 480 2424 532 Α.
2470 478 2532 530 Et
2559 478 2669 547 γὰρ
2704 477 2806 529 οὐκ
2838 474 3059 545 ἀμέσως
3090 473 3197 526 ίδία
3227 471 3321 525 τοῦ
3369 472 3541 541 Λόγου
3574 472 3807 540 γέγονεν
3845 475 3877 541 ἠ

2287 567 2624 638 ἀπορῤήτως
2660 565 2808 636 αὐτῷ
2841 567 2935 619 καὶ
2966 566 3104 637 ὑπὲρ
3153 564 3277 617 νοῦν
3305 565 3399 616 καὶ
3427 563 3585 633 λόγον
3614 563 3879 617 ὲνωθεῖσα

2290 661 2469 732 σὰρξ,
2505 659 2624 723 πῶς
2668 659 2736 713 ἂν
2780 661 2953 712 νοοῖτο
3001 658 3295 722 ζωοποιός;
3332 676 3351 709 ι
3395 655 3536 724 Ἐγὼ
3579 658 3690 727 γάρ
3742 659 3880 726 εἰμι,

2288 753 2485 823 φησιν,
2530 754 2560 805 6
2608 752 2772 821 ἄρτος
2808 752 2837 803 ό
2864 748 2995 815 ζῶν,
3028 750 3057 801 ό
3086 749 3151 801 ὲκ
3178 748 3277 801 τοῦ
3325 748 3550 818 οὐρανοῦ
3596 748 3879 810 καταϐὰς,

2289 846 2385 898 καὶ
2429 843 2577 915 ζωὴν
2625 843 2800 906 διδοὺς
2832 842 2911 913 τῷ
2944 842 3155 911 κόσμῳ.
3202 840 3329 894 Ἐάν
3375 857 3460 903 τις
3489 841 3643 911 φάγῃ
3684 841 3750 891 ὲκ
3787 839 3881 892 τοῦ

2288 936 2459 1005 ἄρτου
2498 935 2711 1000 τούτου,
2749 934 2977 1004 ζήσεται
3004 935 3086 996 είς
3113 932 3204 985 τὸν
3233 933 3429 997 αἰῶνα,
3460 935 3554 986 καὶ
3585 935 3615 985 6
3639 934 3809 1003 ἄρτος
3828 934 3880 986 δὲ

2288 1028 2348 1081 ὃν
2397 1028 2511 1096 ἐγὼ
2560 1026 2738 1090 δώσω,
2790 1028 2824 1096 ἠ
2871 1025 3007 1096 σάρξ
3067 1024 3171 1096 μού
3218 1027 3388 1089 ἐστιν,
3447 1026 3588 1096 ὑπὲρ
3630 1025 3734 1089 τῆς
3789 1027 3879 1080 τοῦ

2290 1120 2497 1189 κόσμου
2529 1118 2695 1189 ζωῆς.
2721 1137 2742 1171 ι
2791 1117 2931 1169 Ἀλλ’
2963 1118 3123 1189 εἴπερ
3149 1117 3298 1169 ἐστὶν
3322 1118 3355 1186 ἡ
3382 1115 3548 1186 σὰρξ,
3590 1116 3726 1169 Υἱοῦ
3754 1120 3879 1184 παρ’

2290 1209 2454 1263 αὐτὸν
2495 1207 2864 1277 ἑτέρου,κατὰ
2893 1208 3190 1275 συνάφειαν
3218 1207 3477 1278 σχετικὴν
3498 1206 3879 1267 οίκειωθέντος

2290 1296 2460 1367 αὐτῷ,
2505 1297 2599 1350 καὶ
2632 1297 2817 1367 χάριτι
2852 1296 3193 1367 κεκλημένου
3243 1297 3380 1367 πρὸς
3415 1298 3725 1366 ἰσοτιμίαν,
3769 1298 3880 1359 πῶς

2293 1390 2430 1443 ἰδίαν
2470 1389 2643 1460 αὐτὴν
2686 1389 2969 1460 ὀνομάζει,
3019 1389 3199 1443 καίτοι
3238 1389 3532 1459 ψεύδεσθαι
3569 1390 3647 1460 μὴ
3688 1388 3879 1452 εἰδὼςς

2290 1478 2415 1542 Πῶς
2439 1479 2484 1531 δ’
2513 1478 2579 1533 ἂν
2609 1479 2703 1532 καὶ
2736 1477 3066 1549 ζωοποιήσει
3093 1477 3183 1531 τὸν
3217 1479 3418 1548 κόσμον
3452 1482 3487 1549 ὴ
3515 1479 3711 1549 ἑτέρου
3736 1479 3883 1541 τινὸς

2293 1566 2450 1637 σὰρξ,
2485 1570 2533 1621 ει
2566 1567 2640 1639 μὴ
2669 1568 2898 1636 γέγονεν
2940 1568 3048 1623 ἰδία
3084 1567 3184 1638 τῆς
3210 1566 3375 1638 ζωῆς,
3401 1568 3558 1639 δῆλον
3581 1568 3637 1621 δὲ
3663 1569 3769 1632 ὅτι,
3789 1567 3883 1621 τοῦ

2290 1661 2356 1711 ὲκ
2384 1658 2517 1713 Θεοῦ
2547 1659 2758 1730 Πατρὸς
2784 1659 2938 1723 ὄντος
2962 1660 3158 1728 Λόγου,
3187 1660 3318 1729 περὶ
3351 1654 3411 1712 οὗ
3438 1676 3604 1729 φησιν
3629 1663 3659 1713 6
3686 1660 3885 1713 θῑσπέ-

613 1761 781 1822 venit,
810 1768 865 1813 et
892 1758 1036 1813 dedit
1063 1756 1219 1813 nobis
1247 1771 1466 1811 sensum
1493 1767 1552 1810 ut
1577 1746 1972 1828 cognoscamus
2000 1774 2187 1814 verum

2295 1767 2406 1814 σιος
2432 1742 2721 1831 Ἰωάννηςο
2777 1770 2796 1803 ι
2826 1751 2938 1804 Καὶ⁵
2982 1750 3224 1821 οἴδαμεν,
3254 1751 3336 1803 ὅτι
3374 1751 3401 1803 6
3431 1751 3561 1814 Υἱὸς
3609 1751 3705 1803 τοῦ
3748 1751 3886 1805 Θεοῦ

615 1851 813 1913 Deum,
850 1857 904 1901 et
937 1861 1123 1900 sumus
1148 1846 1213 1899 'in
1246 1860 1378 1901 vero
1412 1845 1547 1899 Filio
1582 1848 1750 1914 ipsius
1782 1846 1908 1903 Jesu
1949 1846 2187 1903 Christo.

612 1939 714 1993 Ilic
744 1948 825 1993 est
850 1952 1008 1992 verus
1040 1936 1199 2000 Deus,
1228 1944 1283 1990 et
1310 1937 1419 1990 vita
1448 1945 1652 1991 asterna
1678 1938 1751 1991 “?
1784 1956 1804 1991 ι

684 2109 745 2163 Β.
785 2110 1050 2164 Caterum
1084 2108 1199 2164 hoc
1238 2107 1432 2172 etiam,
1474 2117 1533 2162 ut
1594 2110 1851 2176 arbitror,
1910 2110 2187 2180 objicient,

613 2204 821 2256 dictum
850 2215 971 2255 esse
998 2200 1066 2254 ab
1097 2202 1232 2266 ipso,
1259 2208 1313 2252 et
1344 2200 1560 2268 quidem
1596 2200 1881 2255 manifeste
1907 2217 1919 2252 :
1951 2220 1971 2253 ι
1995 2201 2187 2264 Amen,

614 2307 771 2346 amen
811 2291 931 2345 dico
960 2289 1144 2353 vobis,
1182 2289 1283 2342 nisi
1322 2290 1779 2346 manducaveritis
1812 2307 2031 2347 carnem
2069 2292 2190 2348 Filii

615 2382 880 2445 hominis,
912 2390 966 2434 et
998 2380 1241 2433 biberitis
1269 2380 1587 2450 sanguinem
1618 2382 1816 2451 ipsius,
1846 2398 1951 2436 non
1983 2384 2194 2438 habetis

614 2474 777 2546 777
808 2475 970 2526 vitam
1006 2474 1056 2526 in
1086 2472 1237 2525 vobis
1260 2470 1325 2524 ⁸⁷.
1361 2490 1382 2523 ι
1420 2472 1525 2526 Nos
1557 2474 1741 2544 itaque
1770 2490 2074 2538 censemus,
2107 2475 2189 2529 in-

615 2567 827 2634 quiunt,
863 2579 967 2617 non
1001 2578 1121 2617 esse
1157 2563 1249 2617 Dei
1270 2562 1454 2629 Verbi,
1487 2553 1581 2619 sed
1617 2565 1796 2630 potius
1829 2565 2067 2620 hominis
2097 2566 2191 2635 qui

616 2656 716 2723 ipsi
753 2654 1071 2720 cunjunctus
1099 2663 1179 2705 est
1209 2655 1502 2723 pretiosum
1534 2667 1728 2722 corpus
1762 2663 1817 2708 et
1852 2656 2188 2723 sanguinem.

688 2744 755 2796 A.
795 2744 862 2795 At
890 2758 1017 2795 vero
1047 2743 1174 2810 quid
1209 2743 1419 2796 tandem
1452 2743 1520 2797 de
1553 2760 1746 2814 magno
1780 2746 2057 2816 religionis
2094 2762 2188 2800 no-

617 2841 741 2885 stra:
778 2831 1034 2899 mysterio
1068 2832 1340 2885 statuent?
1365 2833 1605 2887 Tolletur
1639 2836 1808 2901 enim,
1852 2849 1910 2890 ut
1934 2846 2188 2906 apparet,

614 2922 712 2975 Dei
744 2920 898 2975 Verhi
929 2922 1257 2985 exinanitio,
1290 2922 1381 2991 qui
1412 2939 1536 2979 cum
1567 2935 1711 2978 esset
1740 2925 1791 2978 iu
1824 2925 1997 2980 forma
2029 2939 2192 2997 atque

617 3010 925 3081 aequalitate
957 3010 1167 3075 Patris,
1200 3011 1369 3065 voluit
1405 3022 1622 3082 propter
1654 3030 1752 3070 uos
1786 3014 2015 3070 formam
2050 3017 2187 3072 servi

2296 1843 2442 1912 ἥκει,
2466 1843 2561 1895 καὶ
2588 1841 2787 1895 ἔδωκεν
2828 1843 2961 1913 ἡμῖν
2988 1841 3250 1908 διάνοιαν,
3276 1842 3362 1895 ῖνα
3394 1840 3761 1912 γινώσκωμεν
3795 1843 3888 1896 αὖ·

2296 1931 2409 1994 τὸν,
2428 1931 2523 1983 καὶ
2545 1930 2710 1999 ἐσμὲν
2733 1931 2791 1982 ὲν
2820 1928 2897 1999 τῷ
2922 1928 3159 1999 ἀληθινῷ
3184 1928 3300 1998 Υίῷ
3330 1927 3495 1982 αὑτοῦ
3538 1928 3717 1997 Ἰησοῦ
3746 1929 3885 1996 Χρι-

2298 2018 2426 2088 στῷ.
2462 2037 2480 2069 ι
2509 2011 2678 2081 Οὗτός
2708 2021 2857 2071 ἐστιν
2876 2015 3127 2086 ἀληθινὸς
3150 2016 3303 2081 Θεὸς,
3336 2015 3430 2068 καὶ
3455 2011 3573 2084 ζωὴ
3595 2011 3853 2077 αίώνιοςς

2366 2113 2427 2165 Β.
2484 2111 2647 2174 Ἀλλ’,
2676 2106 2853 2181 οἶμαι,
2891 2109 3027 2180 πρὸς
3069 2107 3245 2178 τούτῳ
3279 2110 3435 2175 φαῖεν
3488 2106 3576 2170 ἂν,
3625 2104 3883 2176 εἰρῆσθαι

2297 2200 2425 2268 παρ’
2474 2197 2639 2252 αὐτοῦ
2680 2198 2776 2250 καὶ
2822 2197 2969 2267 μάλα
3006 2198 3212 2266 σαφῶς,
3246 2216 3265 2248 ι
3312 2195 3506 2265 ’Λμὴν,
3544 2195 3694 2265 ἀμὴν
3734 2195 3881 2262 λέγω

2298 2289 2449 2358 ὑμῖν,
2482 2288 2577 2341 ἐὰν
2610 2287 2686 2359 μὴ
2717 2288 2926 2358 φάγητε
2961 2286 3071 2358 ,τὴν
3124 2288 3302 2357 σάρκα
3341 2286 3435 2338 τοῦ
3487 2286 3619 2338 Υἱοῡ
3649 2287 3745 2339 τοῦ
3786 2288 3879 2339 ἁν-

2299 2378 2541 2450 θρώπου,
2569 2380 2665 2432 καὶ
2691 2377 2851 2449 πίητε
2878 2378 3041 2431 αὐτοῦ
3069 2378 3127 2431 τὸ
3155 2372 3312 2447 αἷμα,
3340 2378 3441 2429 οὐκ
3475 2376 3628 2445 ἔχετε
3661 2375 3807 2445 ζωὴν
3829 2378 3883 2428 ὲν

2297 2472 2532 2535 ἑαυτοῖς.
2570 2490 2588 2522 ι
2639 2470 2902 2540 Συνῖεμεν
2946 2469 3124 2522 τοίνυν
3174 2470 3354 2539 ἡμεῖς,
3401 2470 3587 2536 φαςὶν,
3637 2468 3715 2531 ὼς
3770 2467 3882 2519 ἐστι

2301 2562 2501 2632 μᾶλλον
2548 2563 2608 2617 οὐ
2649 2562 2740 2615 τοῦ
2785 2560 2920 2613 Θεοῦ
2951 2562 3147 2629 Λόγου,
3195 2561 3331 2613 ἀλλὰ
3372 2560 3465 2612 τοῦ
3518 2560 3882 2627 συναφθέντος

2298 2653 2446 2724 αὐτῷ
2477 2653 2786 2725 ἀνθρώπου,
2820 2653 2883 2706 τὸ
2914 2653 3279 2722 τετιμημένον
3312 2651 3471 2721 σῶμα
3500 2653 3597 2704 καὶ
3630 2652 3694 2703 τὸ
3724 2647 3881 2721 αἷμα.

2366 2746 2432 2798 Δ.
2456 2740 2587 2797 Εἶτα
2613 2745 2734 2796 ὅποι
2761 2744 2890 2798 ποτὲ
2918 2743 3060 2795 θεῖεν
3103 2742 3166 2795 ἂν
3199 2743 3259 2794 τὸ
3287 2743 3430 2811 μέγα
3463 2743 3561 2811 τῆς
3588 2742 3880 2805 εὐσεϐείας

2301 2834 2627 2904 μυστήριον;
2660 2833 2990 2902 Ἀναιρεῖται
3036 2832 3166 2902 γὰρ,
3217 2832 3291 2893 ὡς
3323 2831 3518 2894 ἔοικεν,
3556 2833 3589 2898 ἡ
3620 2830 3716 2882 τοῦ
3749 2830 3883 2883 Θεοῦ

2297 2926 2478 2994 Λόγου
2511 2924 2760 2990 κένωσις,
2790 2924 2941 2985 ὄντος
2978 2923 3077 2995 μὲν
3110 2925 3167 2975 ἐν
3199 2925 3379 2995 μορφῇ
3414 2923 3510 2974 καὶ
3553 2922 3765 2991 ἰσότητι
3791 2920 3883 2974 τοῦ

2298 3015 2532 3085 Πατρὺς,
2563 3013 2817 3082 ἑλομένου
2845 3013 2901 3065 δὲ
2925 3012 2992 3065 δι’
3020 3014 3189 3082 ἡμᾶς,
3219 3013 3432 3083 μορφὴν
3456 3010 3647 3065 δούλου
3674 3011 3884 3073 λαϐεῖν,

618 3102 887 3170 accipere,
921 3102 1219 3170 similisque
1251 3102 1405 3158 nobis
1440 3103 1555 3158 ﬁeri
1582 3105 1627 3137 "
1647 3144 1663 3169 ,
1700 3113 1754 3160 et
1784 3108 2053 3176 particeps
2084 3108 2191 3162 ﬁeri

2305 3106 2399 3159 καὶ
2431 3107 2488 3157 ὲν
2520 3104 2777 3175 ὁμοιώσει
2804 3104 3059 3173 γενέσθαι
3093 3106 3157 3173 τῇ
3193 3102 3329 3172 πρὸς
3359 3103 3538 3172 ἡμᾶς,
3581 3102 3680 3155 καὶ
3722 3120 3888 3172 μετα·

618 3192 797 3244 carnis
818 3201 871 3245 et
891 3190 1162 3259 sanguinis
1182 3191 1250 3257 “,
1275 3202 1327 3245 et
1351 3192 1740 3249 incarnationis
1774 3197 2196 3253 administratio-

612 3295 742 3335 nem
777 3281 1029 3334 universo
1060 3280 1177 3334 orbi
1218 3290 1483 3334 terrarum
1521 3281 1726 3352 largiri.
1760 3280 2012 3339 Salvatus
2050 3286 2195 3339 enim

616 3377 700 3423 est
732 3384 826 3436 per
858 3369 1049 3437 ipsam,
1081 3369 1417 3425 instaurante
1447 3371 1605 3427 Patre
1637 3374 1689 3427 in
1725 3373 1841 3444 ipso
1870 3376 2049 3430 omnia
2078 3391 2199 3445 qua:

608 3459 673 3511 in
709 3458 863 3510 caelis
898 3467 954 3511 et
989 3472 1109 3526 qua
1145 3459 1197 3511 in
1236 3467 1410 3527 terra,
1447 3460 1589 3516 sicut
1626 3463 1887 3532 scriptum
1924 3474 2005 3519 est
2031 3467 2099 3520 ⁷ο.
2138 3465 2196 3521 Si

618 3562 747 3612 ergo
781 3562 887 3601 non
921 3548 1094 3616 ipsum
1128 3552 1316 3605 dicunt
1346 3566 1467 3607 esse
1496 3553 1866 3623 Unigenitum,
1896 3557 2076 3610 divina
2105 3572 2199 3626 pa-

618 3637 753 3692 riter
774 3646 828 3690 et
852 3639 1084 3691 humana
1136 3642 1344 3694 ratione
1397 3642 1696 3697 dicentem:
1727 3662 1746 3696 ‹
1774 3644 1840 3698 Ει
1864 3646 2016 3714 panis
2036 3662 2196 3717 quem

616 3741 717 3797 ego
753 3727 910 3793 dabo,
949 3742 1079 3782 caro
1146 3743 1262 3783 mea
1326 3738 1409 3783 est
1468 3745 1566 3801 pro
1628 3736 1809 3787 mundi
1853 3736 1994 3801 vita;
2039 3755 2057 3787 ι
2102 3738 2197 3791 sed

601 3819 782 3873 alium
824 3820 1109 3888 quemdam
1154 3820 1423 3875 diversum
1464 3823 1531 3876 ab
1574 3822 1687 3891 ipso
1734 3822 1928 3879 Filium
1962 3826 2197 3881 hominis

619 3926 717 3965 nos
746 3911 1016 3977 salvasse,
1049 3920 1196 3966 certe
1227 3912 1343 3979 ipse
1372 3928 1478 3967 non
1509 3923 1593 3968 est
1622 3912 1913 3983 Dominus,
1946 3926 2005 3971 ut
2031 3917 2195 3972 Scri—

606 4010 790 4068 ptura:
815 4002 880 4055 de
906 4000 998 4054 illo
1025 4000 1341 4068 praedicant,
1372 4002 1467 4056 sed
1498 4017 1636 4057 unus
1665 4016 1730 4056 ex
1761 4004 1936 4068 nobis,
1966 4014 2022 4059 et
2046 4006 2195 4059 vivi-

622 4095 748 4147 ticat
776 4094 1027 4162 deinceps
1053 4108 1113 4146 ea
1145 4108 1263 4162 qua:
1291 4094 1626 4163 corruptioui
1653 4096 1883 4150 obnoxia
1913 4105 2058 4162 sunt,
2088 4114 2193 4153 non

621 4199 717 4247 per
766 4182 931 4237 Deum
983 4184 1286 4238 viviﬁcaudi
1341 4185 1538 4238 virtute
1587 4187 1907 4254 praeditum,
1954 4188 2049 4242 sed
2100 4202 2197 4258 per

612 4276 909 4339 quemdam
953 4275 1285 4343 corruptioni
1337 4276 1669 4341 obnoxium,
1718 4280 1809 4345 qui
1857 4280 2082 4347 perinde
2133 4295 2195 4334 ac

622 4378 722 4415 nos
759 4364 923 4415 vitam
964 4379 1059 4431 per
1090 4367 1323 4434 gratiam
1367 4366 1660 4435 acceperit.
1696 4369 1764 4421 At
1802 4371 1847 4424 si
1884 4385 2070 4424 verum
2113 4381 2195 4428 est

2300 3199 2446 3268 σχεῖν
2472 3198 2703 3269 αἵματος
2734 3199 2827 3250 καὶ
2858 3196 3092 3267 σαρκὸς,
3122 3197 3217 3249 καὶ
3244 3195 3341 3266 τὴν
3382 3195 3481 3263 τῆς
3521 3196 3888 3266 ὲνανθρωπή-

2301 3304 2437 3350 σεως
2483 3287 2796 3356 οἰκονομίαν
2852 3286 2947 3357 ὅλῃ
3000 3285 3327 3356 χαρίσασθαι
3370 3288 3435 3354 τῇ
3495 3284 3586 3336 ὑπ’
3631 3286 3888 3355 οὐρανόν.

2298 3378 2573 3431 Σέσωσται
2642 3376 2750 3447 γὰρ
2800 3376 2866 3430 δι’
2919 3376 3121 3447 αὐτῆς,
3172 3375 3754 3445 ἀνακεφαλαιουμένου
3825 3378 3891 3429 τὰ

2298 3469 2475 3522 πάντα.
2518 3468 2609 3521 τοῦ
2653 3468 2865 3539 Πατρός
2906 3468 2964 3520 ὲν
2995 3466 3165 3537 αὐτῷ,
3202 3467 3271 3520 τά
3311 3485 3368 3520 τε
3400 3469 3456 3520 ὲν
3492 3469 3608 3529 τοῖς
3632 3467 3891 3535 οὐρανοῖς

2298 3559 2394 3612 καὶ
2436 3560 2505 3613 τὰ
2544 3558 2637 3612 ἐπὶ
2667 3560 2769 3629 τῆς
2814 3560 2938 3629 γῆς,
2980 3559 3123 3613 καθὰ
3180 3559 3509 3629 γέγραπται.
3552 3556 3617 3609 Εἰ
3664 3557 3768 3625 μὲν
3797 3554 3887 3609 οὖν

2296 3651 2396 3705 οὐκ
2430 3652 2591 3706 αὑτὸν
2625 3647 2763 3705 εἶναί
2808 3669 2940 3720 φασι
2984 3651 3075 3703 τὸν
3118 3652 3417 3721 Μονογενῆ,
3468 3649 3802 3719 θεοπρεπῶς
3828 3665 3880 3701 τε

2296 3739 2432 3809 ὁμοῦ
2472 3740 2566 3792 καὶ
2612 3741 2968 3810 ἀνθρωπίνως
2999 3739 3249 3807 λέγοντα,
3286 3758 3305 3789 ι
3329 3738 3436 3791 Καὶ
3463 3739 3490 3789 6
3516 3738 3687 3807 ἄρτος
3710 3739 3788 3801 δὲ,
3827 3738 3880 3789 ὃν

2298 3826 2407 3896 ἐγὼ
2434 3826 2608 3892 δώσω,
2652 3830 2685 3898 ἡ
2719 3828 2856 3900 σάρξ
2908 3827 3007 3898 μού
3039 3828 3188 3880 ἐστιν
3219 3827 3358 3895 ὑπὲρ
3388 3827 3485 3895 τῆς
3536 3826 3635 3877 τοῦ
3674 3829 3878 3896 κόσμου

2298 3916 2444 3986 ζωῆς
2462 3933 2475 3946 ’
2507 3937 2525 3968 ι
2563 3918 2750 3988 ἕτερον
2779 3918 2837 3970 δέ
2884 3934 3004 3970 τινα
3033 3917 3165 3987 παρ’
3193 3916 3357 3969 αὐτὸν
3384 3914 3567 3976 ίδικῶς
3592 3914 3879 3985 νοούμενον

2301 4006 2436 4059 Υἰδν
2472 4006 2770 4078 ἀνθρώπου
2820 4007 3116 4062 σεσωκέναι
3159 4008 3305 4077 ἡμᾶς
3331 4049 3346 4071 ,
3389 4009 3489 4059 οὐκ
3542 4007 3713 4069 αὑτός
3768 4007 3879 4057 ἐστι

2298 4097 2521 4168 Κύριος,
2552 4097 2697 4151 κατὰ
2719 4097 2779 4150 τὸ
2804 4100 3216 4168 γεγραμμένον,
3244 4096 3357 4150 ἀλλ’
3384 4091 3465 4159 εἷς
3494 4096 3555 4159 ἐξ
3588 4096 3770 4166 ἡμῶν,
3789 4097 3880 4147 καὶ

2298 4188 2643 4254 ζωοποιεῖται
2677 4187 2862 4241 λοιπὸν
2890 4188 2958 4240 τὰ
2990 4190 3096 4242 ὑπὸ
3122 4187 3351 4257 φθορὰν,
3397 4186 3456 4238 οὐ
3505 4185 3597 4239 διά
3644 4200 3706 4252 γε
3744 4184 3880 4236 Θεοῦ

2300 4281 2499 4351 μᾶλλον
2530 4281 2812 4344 ζωοποιεῖν
2865 4279 3161 4348 ἰσχύοντος,
3191 4278 3308 4332 ἀλλ’
3345 4277 3435 4347 ὑφ’
3460 4276 3579 4339 ἑνὸς
3626 4276 3738 4328 τῶν
3777 4275 3883 4329 ὑπὸ

2298 4371 2523 4444 φθορὰν,
2566 4372 2751 4442 χάριτι
2786 4370 2905 4442 μεθ’
2945 4370 3103 4440 ἡμῶν
3135 4368 3401 4430 λαϐόντος
3432 4368 3492 4419 τὸ
3535 4369 3657 4437 ζῇν.
3716 4367 3779 4417 Εἰ
3825 4366 3881 4419 δὲ

621 4452 763 4516 quod
797 4450 1026 4506 Verbum
1062 4453 1261 4507 factum
1301 4467 1384 4509 est
1418 4470 1576 4522 caro,
1611 4458 1901 4512 secundum
1942 4460 2191 4532 Scriptu-

2298 4461 2513 4532 ἀληθὲς,
2544 4462 2625 4515 ὅτι
2651 4461 2787 4532 σὰρξ
2814 4461 3038 4530 γέγονεν
3067 4463 3094 4513 6
3115 4460 3309 4527 Λόγος,
3342 4459 3485 4512 κατὰ
3514 4458 3615 4520 τὰς
3633 4458 3878 4526 Γραφὰς,

620 4542 802 4606 ras“,
834 4555 889 4597 et
916 4544 970 4596 in
1004 4554 1146 4599 terra
1180 4549 1448 4616 apparuit,
1469 4556 1658 4602 etcum
1683 4550 1992 4607 hominibus
2010 4568 2195 4608 versa-

616 4642 707 4687 tus
737 4635 875 4687 est"
898 4676 912 4699 ,
935 4635 1170 4689 formam
1203 4627 1342 4691 servi
1378 4650 1434 4691 ut
1465 4640 1734 4707 propriam
1771 4654 1994 4710 gerens,
2028 4659 2193 4697 voca-

613 4723 765 4775 bitur
790 4724 953 4777 etiam
986 4722 1152 4779 Filius
1184 4727 1437 4791 hominis,
1470 4729 1611 4796 quod
1643 4730 1877 4796 quidem,
1900 4731 1944 4783 si
1978 4731 2195 4799 indigne

618 4812 805 4866 ferunt
836 4815 1104 4879 nonnulli,
1140 4817 1378 4883 graviter
1406 4832 1662 4885 peccasse
1693 4820 2189 4887 deprehendeutur.

618 4905 807 4975 Neque
844 4908 987 4960 enim
1027 4907 1131 4959 alia
1174 4908 1380 4962 ratione
1415 4924 1541 4963 caro
1572 4910 1784 4964 vivilica
1820 4912 1955 4966 eﬂici
1989 4922 2191 4982 potest,

623 5012 782 5066 quam
821 4998 1109 5051 secundum
1144 5000 1415 5067 propriam
1450 5016 1601 5053 suam
1635 5013 1882 5055 naturam
1922 5008 2194 5075 corrumpi

622 5097 782 5158 atque
812 5090 1034 5142 interire
1065 5105 1284 5144 necesse
1313 5101 1462 5154 erati
1497 5093 1596 5146 nisi
1632 5095 1847 5162 propria
1880 5093 2021 5148 facta
2049 5106 2195 5150 esset

624 5180 783 5232 Verbi
829 5180 1008 5232 omnia
1052 5180 1393 5235 viviﬁcanlis.
1438 5182 1552 5235 lloc
1597 5186 1738 5238 enim
1781 5188 1936 5253 paClo
1976 5196 2193 5255 operata

622 5277 781 5320 estet
816 5269 1062 5335 praestitit
1094 5284 1209 5336 quae
1241 5269 1339 5336 ipsi
1370 5268 1547 5324 Verbo
1578 5285 1701 5325 sunt
1733 5276 1983 5342 propria,
2017 5276 2193 5330 viviﬁ-

621 5358 762 5412 cauti
809 5358 976 5427 ipsius
1016 5360 1200 5415 virtuti
1246 5372 1583 5418 conversata.
1624 5362 1689 5417 Et
1730 5352 1962 5432 quidem.
1995 5368 2195 5421 mirum

2298 4552 2392 4604 καὶ
2425 4552 2517 4603 ἐπὶ
2541 4553 2643 4622 γῆς
2678 4551 2857 4624 ὤφθη,
2908 4551 3003 4604 καὶ
3036 4553 3147 4614 τοῖς
3178 4550 3488 4619 ἀνθρώποις
3518 4554 3879 4618 συνανεστρὰο

2297 4660 2405 4713 φη,
2442 4642 2542 4715 τὴν
2573 4641 2667 4695 τοῦ
2710 4641 2893 4695 δούλου
2948 4641 3161 4713 μορφὴν
3205 4641 3281 4703 ὡς
3316 4640 3453 4693 ίδίαν
3483 4639 3647 4708 ἔχων,
3677 4640 3877 4709 κεκλή-

2298 4752 2449 4788 σεται
2477 4735 2572 4786 καὶ
2602 4734 2729 4797 Υἱὸς
2760 4734 3047 4804 ἀνθρώπου
3067 4774 3080 4799 ,
3114 4733 3216 4789 κᾶν
3257 4730 3569 4801 ἀσχάλλωσί
3610 4746 3762 4793 τινες
3793 4734 3877 4783 ἐπὶ

2258 4828 2490 4897 -τούτῳ,
2536 4830 2647 4890 τοῖς
2694 4827 2792 4896 τῆς
2835 4827 3108 4897 ἁμαρτίας
3155 4825 3466 4893 ἐγκλήμασι
3501 4823 3643 4889 σφᾶς
3682 4824 3873 4882 αὐτοὺς

2300 4918 2533 4980 ἐνιέντες
2563 4919 2739 4971 ἁλοῖεν
2772 4918 2857 4972 ἄν.
2888 4919 2963 4971 Οὐ
2992 4918 3100 4989 γὰρ
3130 4914 3222 4971 οὖν
3256 4918 3462 4988 ἑτέρως
3492 4915 3769 4978 ζωοποιδν
3801 4931 3877 4981 γει

2302 5006 2488 5059 νέσθαι
2516 5007 2612 5077 τὴν
2643 5008 2840 5076 σάρκα,
2870 5008 2963 5060 καὶ
2992 5008 3113 5059 κατ’
3157 5007 3291 5059 ἰδίαν
3319 5006 3481 5075 φύσιν
3512 5005 3876 5075 ὑπενηνεγμέ-

2298 5117 2395 5170 νην
2429 5100 2505 5170 τῷ
2532 5100 2850 5170 φθείρεσθαι
2879 5100 3012 5165 δεῖν,
3042 5103 3088 5153 εἰ
3123 5100 3197 5170 μὴ
3231 5102 3455 5167 γέγονεν
3485 5100 3595 5151 ίδία
3624 5100 3722 5151 τοῦ
3748 5101 3873 5162 ζωο-

2297 5189 2573 5252 ποιοῦντος
2602 5190 2669 5243 re
2697 5191 2874 5243 πάντα
2902 5190 3095 5258 Λόγου.
3144 5191 3457 5259 Ἐνηργεῖτο
3477 5190 3589 5258 γὰρ
3612 5188 3793 5249 οὕτως
3817 5186 3873 5238 τὰ

2295 5278 2482 5344 αὐτοῦ,
2523 5282 2586 5349 τῇ
2624 5279 2869 5349 ζωοποιῷ
2920 5280 3082 5332 αὐτοῦ
3116 5279 3345 5348 δυνάμει
3394 5278 3730 5347 όμιλήσασα.
3776 5276 3875 5330 Καὶ

2297 5369 2604 5440 θαυμαστὸν
2648 5371 2821 5425 οὐδέν.
2872 5372 2934 5425 Εἰ
2985 5372 3090 5443 γάρ
3139 5373 3287 5424 ἐστιν
3335 5369 3571 5439 ἀληθὲς,
3630 5372 3714 5423 δτι
3764 5372 3876 5428 ταῖς

692 5560 735 5640 °_'
771 5558 925 5640 Joaun.
954 5575 1026 5640 _vt,
1065 5558 1151 5623 5|,
1346 5556 1645 5640 “uanoan:
1677 5573 1727 5623 ν,
1760 5559 1881 5640 9.0_.‘
1933 5563 1976 5593 ⁸⁷
2015 5561 2171 5621 Joan,

2305 5565 2394 5621 δι.
2473 5566 2515 5598 ⁸⁸
2552 5567 2777 5640 Philipp.
2806 5584 2867 5634 tt,
2898 5567 2951 5624 6.
3033 5567 3076 5601 "
3115 5568 3281 5624 Hebr.
3318 5584 3377 5631 ιι,
3416 5566 3500 5620 Η.
3582 5566 3632 5599 τ’
3677 5565 3869 5635 Ephcs.

629 5640 665 5686 ι,
700 5630 783 5679 tt).
860 5629 903 5658 ⁷⁸
945 5628 1101 5683 Joan.
1141 5643 1177 5692 ι,
1226 5626 1307 5678 Ν.
1378 5627 1423 5656 ⁷⁸
1450 5627 1662 5683 Baruch
1698 5644 1781 5697 ιιι,
1816 5631 1907 5685 58.
