4082 6258
269 391 394 445 1561

1392 387 1581 455 QUOD
1622 388 1809 445 UNUS
1848 391 1958 446 SIT
1995 390 2364 450 CHRISTUS.

3378 391 3512 446 12569

266 502 420 565 ὕλαις
449 498 716 569 ὁμιλῆσαν
737 498 797 549 τὸ
824 497 963 567 πῦρ,
990 498 1166 553 καίτοι
1191 498 1398 570 θερμὰς
1420 502 1520 554 οὐκ
1544 500 1709 565 οὔσας
1739 501 1829 554 αύ-

1941 519 2046 559 non
2082 514 2185 560 est.
2218 505 2351 561 Nam
2387 499 2435 561 si
2466 522 2652 562 verum
2690 516 2773 563 est
2809 505 2950 576 quod
2991 503 3130 574 ignis
3160 505 3304 558 circa
3344 516 3514 559 mate-

260 594 361 655 τὰς
391 592 510 645 κατ’
544 591 678 643 ἰδίαν
707 589 888 658 φύσιν,
919 591 1210 659 ἀποφαίνει
1238 590 1448 663 θερμάς
1468 609 1481 622 ·
1518 593 1697 663 ἐνίησι
1728 591 1841 664 γὰρ

263 686 359 737 καὶ
403 683 546 754 μάλα
600 681 871 743 πλουσίως
903 681 1094 744 αὐταῖς
1121 681 1222 751 τῆς
1246 683 1473 752 ἐνούσης
1500 683 1647 754 αὐτῷ
1675 684 1838 738 δυνά-

265 793 411 844 μεως
442 774 539 844 τὴν
564 774 845 843 ἐνέργειαν
865 788 879 802 ·
906 772 1024 837 πῶς
1048 774 1110 827 ού
1162 775 1362 845 μᾶλλον
1390 775 1564 846 ἐνίησι
1600 776 1731 841 Θεὸς
1762 775 1838 832 ὣν

260 868 291 919 ὁ
320 866 491 933 Λόγος
517 867 583 935 τῇ
614 865 723 935 ἰδίᾳ
760 865 947 934 σαρκὶ,
972 864 1070 936 τὴν
1101 864 1365 929 ζωοποιδν
1392 867 1586 920 ἑαυτοῦ
1608 867 1839 938 δύναμιν

264 957 357 1011 καὶ
409 957 727 1027 ἐνέργειαν,
791 955 1084 1009 ἐνωθεῖσαν
1135 957 1272 1028 αὐτῇ
1322 958 1419 1011 καὶ
1481 957 1615 1012 ίδίαν
1666 958 1839 1028 αὐτὴν

259 1051 566 1121 ἀποφήνας,
611 1048 955 1120 ἀσυγχύτως,
986 1049 1293 1121 ἀτρέπτως,
1329 1051 1423 1105 καὶ
1459 1051 1582 1104 καθ’
1622 1051 1682 1105 ὃν
1728 1051 1838 1106 οἶδε

260 1142 458 1213 τρόπον
487 1141 648 1205 αὑτός
668 1158 685 1207 ;

330 1316 390 1367 Β.
446 1316 763 1384 Ἀναγκαῖον
823 1310 916 1369 οῦν
966 1315 1076 1387 ἄρα
1144 1316 1557 1387 συνομολογεῖν,
1617 1317 1834 1382 οὐδενὸς

259 1406 448 1477 ἑτέρου
484 1406 930 1477 μεσολαϐοῦντος,
977 1407 1258 1470 παντελῶς
1308 1408 1440 1462 tam
1484 1408 1736 1475 γενέσθαι
1774 1409 1835 1462 τὸ

261 1497 423 1567 σῶμα
464 1498 559 1551 τοῦ
593 1498 786 1586 ὲκποῦ
818 1499 1027 1571 Πατρδς
1053 1499 1205 1563 ὄντος
1234 1499 1433 1567 Λόγου,
1479 1499 1582 1561 κᾶν
1617 1498 1833 1571 ὲψυχω-

261 1589 420 1659 μένον
449 1590 617 1643 νοοῖτο
644 1591 789 1661 ψυχῇ
817 1592 1001 1663 νοερᾷ.

326 1684 389 1733 Α.
419 1681 568 1734 Πάνυ
598 1681 695 1751 μὲν
720 1679 835 1746 οὖν,
864 1685 911 1735 εἰ
932 1682 1023 1735 τὸν
1049 1681 1264 1753 ἀπλανῆ
1291 1684 1389 1754 τῆς
1418 1682 1653 1748 πίστεως
1682 1682 1839 1753 ὀρθοει

228 1770 525 1841 ’τομοῦμεν
574 1772 747 1839 λόγον,
787 1773 881 1825 καὶ
927 1773 1036 1825 τῶν
1083 1773 1184 1844 τῆς
1231 1773 1487 1844 ἀληθείας
1537 1774 1828 1845 δογμάτων

1938 596 2074 649 riam
2105 596 2342 665 aliquam
2374 613 2625 663 versans,
2660 612 2781 653 eam
2812 612 2931 666 quae
2962 595 3161 665 alioqui
3193 610 3257 649 ex
3289 610 3385 649 sua
3419 613 3514 651 na-

1935 696 2056 742 tura
2091 688 2264 744 calida
2298 705 2406 744 non
2440 698 2558 754 est,
2593 690 2824 745 calidam
2860 686 3022 743 eﬁicit
3059 686 3337 756 (immittit
3369 688 3513 742 enim

1936 778 1985 833 ei
2026 778 2237 833 abunde
2281 778 2551 833 facultatis
2589 793 2694 846 qua
2736 777 2994 847 praeditus
3030 783 3113 828 est
3148 773 3510 843 elﬁcaciam),

1934 884 2041 939 quo
2066 879 2223 939 pacto
2250 885 2352 925 non
2384 869 2563 937 potius
2590 867 2835 922 immittit
2862 867 3003 920 Deus
3021 863 3257 918 Verbum
3285 862 3514 932 propriae
3542 904 3558 939 ἰ

1935 960 2088 1016 carni
2124 960 2486 1015 vivificantem
2523 974 2675 1014 suam
2711 959 2963 1012 virtutem
3012 964 3175 1024 atque
3231 940 3509 1022 operatio-

1934 1067 2081 1117 nem,
2109 1067 2231 1106 cum
2262 1052 2406 1107 illam
2435 1052 2537 1107 sibi
2570 1052 2775 1106 unitam
2803 1059 2856 1106 et
2872 1047 3170 1119 pr0priam,
3206 1046 3341 1100 citra
3373 1058 3505 1098 con-
3542 1026 3552 1049 ’

1932 1143 2198 1199 fusionem
2236 1151 2329 1198 aut
2362 1144 2718 1199 mutationem
2751 1151 2807 1197 et
2843 1155 2950 1211 quo
2985 1139 3101 1209 ipse
3135 1138 3284 1193 novit
3320 1136 3502 1199 modo,

1932 1234 2147 1290 declara
2156 1234 2223 1288 rit
2239 1234 2265 1288 ἲ

2002 1328 2063 1382 Β.
2108 1327 2483 1383 Necessarium
2512 1328 2693 1395 itaque
2718 1333 2801 1380 est
2829 1323 3018 1390 fateri,
3051 1323 3265 1378 nemine
3293 1320 3397 1374 alio
3426 1321 3510 1374 iu-

1930 1422 2295 1488 terveniente,
2332 1421 2572 1491 perfecte
2605 1419 2885 1489 praprium
2924 1418 3125 1471 factum
3161 1427 3282 1469 esse
3315 1426 3511 1481 corpus

1931 1513 2110 1568 Verbo
2141 1528 2205 1568 ex
2242 1513 2425 1579 Patre,
2461 1513 2680 1567 tametsi
2713 1511 2893 1565 anima
2935 1507 3267 1578 intelligente
3298 1505 3507 1559 anima-

1929 1614 2041 1660 tum
2071 1606 2398 1662 censeatur?

1997 1696 2062 1751 A.
2104 1694 2359 1760 Omnino,
2395 1696 2440 1751 si
2482 1704 2688 1751 rectum
2731 1702 2785 1749 et
2822 1693 3092 1748 sincerum
3135 1688 3254 1743 fidei
3299 1700 3507 1741 sermo-

1928 1802 2050 1843 nem
2087 1796 2272 1842 tenere
2301 1787 2561 1852 velimus,
2594 1795 2651 1841 et
2680 1784 2848 1855 778
2882 1784 3189 1852 dogmatum
3222 1778 3506 1832 veritatem

255 1859 420 1929 ἐσμὲν
467 1862 695 1931 ἐρασταὶ
717 1904 731 1928 ,
779 1863 873 1916 καὶ
903 1863 1014 1917 τῶν
1052 1864 1222 1931 ἁγίων
1252 1865 1512 1935 Πατέρων
1558 1867 1658 1920 οὐκ
1694 1868 1829 1920 ἀπο-

1937 1892 2211 1942 amamus,
2241 1886 2403 1945 atque
2433 1892 2461 1929 a
2493 1877 2697 1931 sanctis
2728 1874 2983 1928 Patribus
3006 1887 3111 1926 non
3141 1869 3504 1931 deﬂectimus,

256 1952 545 2023 φερόμενοι
594 1955 694 2025 τῆς
752 1954 1001 2018 εὐθείας,
1053 1955 1177 2008 οὔτε
1234 1956 1342 2027 μὴν
1392 1957 1492 2027 τὴν
1544 1957 1831 2029 βασιλικὴν

254 2045 487 2111 ἀφέντες
532 2046 738 2116 τρίϐον,
790 2046 885 2099 καὶ
932 2049 1053 2110 ταῖς
1104 2064 1265 2101 τινων
1310 2048 1713 2119 είκαιομυθίαις
1750 2052 1832 2113 είς

255 2135 502 2205 κίϐδηλον
535 2136 657 2190 νοῦν
689 2139 1185 2210 ἀποκομιζόμενοι,
1220 2140 1734 2211 ἐποικοδομούμενοι
1771 2141 1828 2194 δὲ

257 2228 457 2297 μᾶλλον
502 2232 590 2282 ἐπ’
636 2231 786 2302 αὐτῷ
831 2231 907 2302 τῷ
952 2232 1184 2303 θεμελίῳ
1210 2272 1226 2298 ,
1285 2231 1532 2285 τουτέστι
1584 2230 1826 2304 Χριστῷ.

259 2341 276 2371 ι
314 2322 575 2391 Θεμέλιον
602 2323 711 2395 γὰρ
735 2324 891 2378 ἄλλον
912 2324 1084 2388 οὐδεὶς
1109 2323 1335 2378 δύναται
1361 2326 1533 2377 θεῖναι
1562 2324 1711 2396 παρά
1734 2324 1826 2379 τὸν

251 2414 522 2482 κείμενον,
564 2434 583 2466 ι
623 2414 764 2469 καθά
811 2416 1087 2486 γέγραφεν
1112 2416 1327 2487 ἀληθῶς
1375 2418 1404 2472 ὁ
1450 2416 1613 2487 σοφὸς
1670 2416 1830 2487 ἀρχι-

249 2506 475 2570 τέκτων,
504 2507 731 2560 καὶτῶν
760 2508 921 2561 αὐτοῦ
962 2509 1274 2579 μυστηρίων
1331 2509 1635 2581 ίερουργός.
1687 2508 1826 2561 Ἕνα

248 2598 541 2669 τοιγαροῦν
580 2600 670 2653 τὸν
715 2600 843 2652 Υίὸν
887 2598 981 2652 τοῦ
1013 2600 1150 2653 Θεοῦ
1197 2600 1292 2654 καὶ
1319 2600 1536 2671 Πατρδς
1563 2594 1704 2653 εῖναι
1743 2614 1827 2651 πι-

250 2688 536 2757 στεύομεν,
565 2692 657 2743 καὶ
687 2691 745 2743 ἐν
768 2692 847 2744 ἑνὶ
875 2690 1150 2763 προσώπῳ
1178 2692 1468 2762 νοούμενον
1496 2690 1589 2743 τὸν
1618 2688 1824 2761 Κύριον

247 2780 405 2848 ἡμῶν
443 2781 645 2850 Ἰησοῦν
681 2783 936 2853 Χριστὸν,
970 2783 1300 2855 γεννηθέντα
1341 2783 1439 2853 μὲν
1469 2785 1536 2836 ὲκ
1560 2781 1655 2835 τοῦ
1681 2780 1818 2835 Θεοῦ

248 2874 345 2925 καὶ
372 2873 603 2943 Πατρὸς,
651 2874 846 2938 θεῖκῶς
871 2915 885 2941 ,
930 2875 1005 2939 ὡς
1029 2876 1221 2944 Λόγον,
1254 2875 1361 2945 πρὸ
1393 2876 1593 2939 παντὸς
1625 2874 1824 2938 ατῶνος

250 2964 345 3015 καὶ
371 2965 563 3034 χρόνου
588 2981 603 2996 ο
640 2968 699 3019 ὲν
728 2966 979 3037 ἐσχάτοις
1009 2967 1063 3020 δὲ
1094 2965 1189 3020 τοῦ
1217 2966 1414 3032 αἰῶνος
1457 2968 1691 3039 καιροῖς,
1730 2964 1824 3018 τὸν

250 3056 410 3108 αὐτὸν
438 3058 703 3124 γεγονότα
734 3058 875 3112 κατά
921 3058 1101 3131 σάρκα
1144 3060 1209 3112 ὲκ
1239 3058 1500 3127 γυναικὸς
1522 3096 1537 3123 ,
1573 3055 1723 3127 αύτῷ
1760 3074 1822 3111 τε

252 3145 667 3217 προσνεμοῦμεν
712 3149 782 3202 τά
822 3165 882 3201 τε
915 3148 1193 3220 θεοπρεπῆ
1228 3148 1325 3201 καὶ
1367 3149 1436 3201 τὰ
1478 3147 1815 3219 ἀνθρώπινα,

249 3240 344 3291 καὶ
367 3237 528 3291 αὑτοῦ
556 3216 808 3306 γενέσθαι
840 3240 1018 3310 φαμὲν
1040 3216 1138 3312 τὴν
1160 3216 1304 3295 κατά
1335 3240 1515 3311 σάρκα
1542 3216 1818 3311 γέννησιν,
1844 3216 1891 3277 C

246 3333 345 3383 καὶ
385 3330 445 3382 τὸ
484 3331 575 3383 ἐπὶ
616 3332 707 3384 τοῦ
753 3330 987 3403 σταυροῦ
1037 3333 1210 3396 πάθος
1235 3374 1251 3399 ,
1297 3331 1670 3402 οἰκειουμένου
1720 3332 1822 3403 μὲν

245 3421 466 3474 ἅπαντα
508 3423 575 3475 τά
620 3424 718 3493 τῆς
759 3423 895 3487 ἰδίας
930 3424 1131 3495 σαρκὸς
1154 3466 1169 3489 ,
1208 3422 1583 3494 μεμενηκότος
1618 3438 1683 3492 γε
1715 3420 1821 3492 μὴν

246 3512 495 3576 ἀπαθοῦς
531 3515 628 3585 τῆς
677 3515 929 3584 θεότητος
977 3514 1155 3584 φύσει.
1198 3515 1457 3585 Κάμπτει
1501 3512 1609 3584 γάρ
1646 3511 1820 3576 οὕτως

246 3604 401 3673 αὐτῷ
444 3606 550 3657 πᾶν
581 3606 742 3674 γόνυ,
792 3607 883 3659 καὶ
926 3608 1074 3659 πᾶσα
1120 3606 1342 3674 γλῶσσα
1381 3604 1813 3675 ἐξομολογεῖται,

244 3698 333 3747 ὅτι
372 3696 573 3763 Κύριος
616 3698 821 3770 Ἰησοῦς
874 3700 1109 3772 Χριστὸς
1150 3701 1229 3765 είς
1268 3698 1424 3765 δόξαν
1453 3698 1546 3753 τοῦ
1580 3696 1813 3769 Πατρός.

261 3789 318 3838 Ἀ
326 3789 453 3858 μήν.

1932 1982 2110 2036 neque
2139 1969 2354 2023 deserta
2382 1969 2467 2022 via
2499 1967 2678 2038 regia,
2708 1965 2936 2020 aliorum
2964 1978 3107 2018 vana
3136 1971 3297 2032 atque
3324 1959 3503 2015 inania

1930 2067 2237 2112 commenta
2265 2067 2561 2122 sectamur,
2588 2058 2642 2111 in
2670 2056 2957 2126 reprobam
2985 2051 3459 2110 mentemabducti
3487 2068 3502 2104 :

1930 2146 2027 2202 sed
2074 2148 2254 2215 potius
2303 2162 2467 2216 super
2537 2147 2713 2216 ipsum
2765 2144 3207 2207 fundamentum,
3275 2142 3380 2196 hoo
3423 2148 3508 2194 est

1928 2235 2225 2301 Christum,
2260 2237 2615 2294 aediﬁcamus.
2655 2255 2674 2289 ι
2712 2235 3146 2290 Fundamentum
3182 2232 3323 2287 enim
3359 2231 3504 2284 aliud

1927 2342 2087 2383 nemo
2110 2336 2286 2398 potest
2309 2342 2529 2398 ponere,
2556 2335 2750 2396 praeter
2774 2326 2826 2381 id
2849 2326 2990 2395 quod
3015 2324 3251 2394 positum
3276 2332 3357 2376 est
3372 2322 3446 2380 7’;
3478 2339 3498 2372 ι

1928 2429 1992 2476 ut
2012 2435 2139 2476 vere
2169 2420 2389 2490 scripsit
2414 2424 2633 2491 sapiens
2661 2418 2750 2473 ille
2775 2414 3276 2482 architectus",,et
3306 2422 3504 2484 myste-
3574 2426 3577 2429 ‘

1925 2512 2131 2568 riorum
2175 2513 2272 2567 Dei
2315 2512 2729 2567 administrator
2750 2512 2818 2567 ⁷⁸.
2864 2510 3041 2565 Unum
3086 2508 3266 2578 itaque
3302 2505 3500 2560 Filium

1924 2602 2019 2658 Dei
2057 2618 2121 2658 ac
2152 2603 2332 2658 Patris
2364 2617 2483 2658 esse
2520 2602 2816 2669 credimus,
2844 2608 2898 2655 et
2927 2600 2982 2654 in
3013 2615 3119 2654 una
3152 2612 3381 2668 persona
3418 2598 3499 2649 in-

1923 2694 2199 2749 tellectum
2230 2695 2514 2749 Dominum
2547 2702 2793 2748 nostrum
2819 2690 3001 2747 Jesum
3031 2690 3328 2752 Christum,
3354 2688 3503 2758 geni-

1922 2796 2038 2841 tum
2066 2786 2282 2855 quidem
2315 2800 2379 2841 ex
2412 2784 2523 2841 Deo
2550 2795 2604 2839 et
2633 2784 2795 2839 Patre
2825 2784 3111 2846 divinitus,
3147 2790 3204 2836 ut
3226 2780 3499 2846 Verbum,

1921 2887 2048 2933 ante
2090 2877 2272 2931 omnia
2312 2876 2504 2931 sarcula
2547 2884 2602 2930 et
2647 2883 2919 2945 tempora,
2962 2873 3272 2927 novissimis
3315 2880 3498 2925 autem

1920 2968 2106 3023 saeculi
2143 2967 2475 3036 temporibus
2508 2964 2756 3020 eumdem
2790 2963 2989 3019 factum
3022 2949 3243 3018 ca'rnem
3280 2976 3346 3016 ex
3383 2978 3500 3014 mu-

1919 3058 2075 3124 liere,
2104 3058 2316 3129 ipsique
2353 3058 2638 3113 tribuimus
2659 3069 2715 3111 et
2750 3056 2959 3111 divinas
2990 3065 3045 3110 et
3079 3058 3341 3110 humanas
3378 3068 3500 3121 pro-

1923 3153 2187 3222 prietates
2220 3171 2233 3207 :
2266 3161 2321 3208 et
2352 3152 2492 3207 illius
2529 3151 2727 3205 factam
2756 3164 2879 3205 esse
2905 3148 3134 3204 dicimus
3165 3146 3497 3201 nativitatem

1924 3245 2219 3299 secundum
2255 3258 2503 3308 carnem,
2541 3251 2596 3296 et
2632 3241 2938 3310 passionem
2978 3238 3033 3293 in
3072 3252 3266 3302 cruce,
3303 3237 3496 3308 quippe

1925 3335 2018 3403 qui
2055 3334 2237 3389 omnia
2279 3331 2381 3387 sibi
2420 3330 2686 3399 adaptarit
2721 3343 2840 3399 quae
2877 3328 3027 3383 carni
3067 3342 3178 3382 suae
3212 3334 3338 3381 sunt
3376 3340 3500 3394 pru-

1926 3426 2076 3495 pria;
2106 3433 2357 3479 manente
2392 3424 2604 3478 interim
2642 3431 2834 3476 natura
2882 3419 3096 3476 deitatis
3127 3427 3345 3489 experte
3378 3432 3497 3487 pas-

1926 3516 2119 3571 sionis.
2150 3513 2262 3568 llac
2292 3513 2434 3568 enim
2468 3512 2678 3567 ratione
2708 3511 2781 3564 illi
2811 3508 3044 3565 ﬂectitur
3069 3524 3228 3564 omne
3254 3522 3413 3577 genu,
3445 3517 3499 3560 et

1924 3606 2101 3665 omnis
2126 3606 2306 3676 lingua
2332 3606 2618 3660 confitetur
2640 3605 2763 3674 quia
2789 3604 3045 3660 Dominus
3066 3601 3224 3659 Jesus
3249 3601 3497 3657 Christus

1924 3699 1977 3756 in
2006 3700 2172 3773 gloria
2203 3698 2379 3782 Patris
2400 3699 2467 3754 ⁷⁸.
2497 3698 2690 3754 Amen.

322 3969 366 4000 ⁷³
404 3966 424 4020 l
461 3965 585 4022 Cor.
614 3979 697 4033 Ill,
735 3965 819 4022 ll.
895 3965 941 4000 ⁷⁸
981 3967 1115 4025 Ibid.
1154 3968 1239 4023 10.
1319 3968 1364 4001 ⁷⁵
1403 3966 1422 4020 1
1460 3966 1587 4022 Cor.
1634 3981 1708 4033 ιν,
1746 3969 1794 4020 l.

1962 3966 2195 4034 Philipp.
2233 3978 2294 4027 ιι,
2330 3962 2417 4028 to,
2454 3963 2543 4017 ιι.
