4082 6258
636 359 775 414 136³5
1662 370 1717 424 S.
1762 372 2035 428 CYRlLLI
2078 376 2248 432 ALEX

2279 378 2542 434 ANDRINI
2582 382 2900 440 ARCHIEP.
3766 392 3891 451 1364

639 509 3881 578 mw

1604 706 2174 858 SANCTI
2271 735 2923 865 CYRILLI

1840 982 2312 1042 ALEXANDRINI
2349 988 2671 1048 ARCHIEP.

995 1175 1508 1270 SCHOLIA
1598 1184 1746 1273 DE
1828 1186 2739 1281 INCARNA'I‘IONE
2815 1168 3518 1284 UNIGENITI.

682 1388 775 1452 (Et
812 1391 932 1442 edit.
965 1392 1021 1445 Ρ.
1049 1394 1298 1457 caruerit,
1325 1397 1453 1461 Opp.
1482 1399 1622 1453 Marii
1645 1400 1951 1462 lereatoris,
1984 1403 2481 1530 additmtrgteytis
2505 1405 2691 1459 Gracia
2712 1420 2827 1472 qua
2853 1409 3070 1461 Joannes
3089 1408 3367 1461 Autbertos
3398 1420 3460 1458 ex
3485 1405 3662 1457 wdice
3689 1407 3849 1471 legio

1874 1781 2637 1892 ADMONITIO.

702 2152 991 2212 Tractatus
1023 2156 1145 2223 iste,
1182 2162 1665 2230 non‘prazstantior
1691 2176 1856 2232 quam
1886 2161 2094 2227 utilior,
2122 2164 2437 2221 inscribitur
2486 2166 2706 2224 Scholia
2736 2167 2800 2222 de
2829 2167 3194 2222 incarnatione
3230 2166 3504 2240 Unigem‘ti
3532 2187 3551 2223 :
3600 2181 3897 2243 propterea

621 2248 763 2315 quod
793 2248 1036 2305 continet
1064 2264 1168 2304 non
1208 2259 1417 2305 tantum
1445 2251 1862 2323 explicationem
1908 2252 2071 2309 trium
2117 2259 2313 2311 vocum
2348 2255 2646 2312 diﬂicilium
2690 2257 2994 2325 intellectu,
3030 2256 3302 2326 Christus,
3345 2257 3683 2326 Emmanuel,
3713 2261 3896 2325 Iesus,

620 2353 851 2406 quarum
887 2342 1222 2409 prmnotione
1255 2357 1392 2413 opus
1426 2353 1511 2399 est
1541 2345 1608 2400 ad
1640 2345 1958 2415 mysterium
2002 2346 2396 2405 incarnationis
2446 2349 2742 2407 Dominicaa
2793 2353 3166 2417 tractandum;
3219 2352 3313 2408 sed
3350 2353 3520 2409 etiam
3570 2355 3896 2411 solutionem

622 2430 912 2502 implicata:
946 2438 1282 2506 quaestionis,
1328 2443 1603 2510 quomodo
1646 2442 1768 2498 duae
1816 2452 2055 2510 natura,
2092 2443 2212 2500 sine
2252 2446 2569 2503 confusione
2614 2457 2672 2503 et
2705 2448 3084 2514 conversione,
3126 2451 3481 2507 convenerint
3526 2451 3581 2509 in
3628 2454 3896 2524 unitatem

619 2544 867 2597 personae
909 2533 1126 2602 divinae,
1162 2549 1390 2606 eamque
1432 2555 1542 2595 non
1597 2542 1857 2613 σχετικὴν
1913 2546 1971 2595 et
2018 2537 2309 2609 moralem,
2354 2542 2452 2598 sed
2501 2540 2738 2614 φυσικὴν
2786 2550 2843 2599 et
2884 2543 3275 2600 substantivam
3324 2562 3337 2598 ε
3381 2546 3473 2616 qui
3512 2547 3687 2604 cardo
3736 2548 3899 2604 totius

619 2625 937 2693 quaestionis
974 2637 1123 2683 tanta
1155 2631 1521 2687 commotione
1551 2633 1717 2689 totius
1743 2634 1893 2689 orbis
1922 2636 2161 2706 agitata.

691 2718 809 2785 Quo
833 2730 1056 2777 auctore
1079 2722 1317 2793 scriptus
1347 2723 1443 2791 sit,
1461 2725 1712 2781 dubitare
1747 2740 1856 2781 non
1885 2727 2033 2796 licet,
2060 2743 2184 2785 cum
2212 2725 2592 2785 Theodoretus
2617 2726 2671 2781 in
2694 2726 2937 2785 secundo
2959 2727 3178 2800 dialogo
3200 2728 3293 2799 qui
3321 2730 3526 2787 dicitur
3550 2730 3898 2801 Inconfttstss,

621 2811 731 2868 Leo
755 2812 980 2884 Magnus
1005 2815 1232 2885 epistola
1262 2813 1356 2883 9'7,
1378 2815 1670 2872 concilium
1695 2816 2143 2877 Chalcedonense
2170 2820 2386 2876 actione
2408 2819 2445 2873 2
2470 2818 2524 2875 in
2555 2817 2685 2885 ﬁne,
2714 2816 3004 2877 Facundus
3032 2820 3441 2879 Hermianensis
3463 2822 3618 2881 libris
3635 2840 3709 2881 vtt
3738 2834 3797 2880 et
3820 2841 3899 2891 xt,

621 2905 887 2964 Leontius
921 2907 1283 2965 scholasticus
1302 2908 1477 2965 librat
1503 2920 1692 2965 contra
1715 2910 2071 2970 Nestorianos
2091 2920 2145 2969 et
2171 2911 2559 2984 Eutychianos,
2584 2910 2803 2981 aliique,
2839 2929 2945 2969 non
2971 2922 3181 2971 tantum
3211 2914 3377 2984 hujus
3405 2916 3609 2987 operis,
3637 2925 3897 2987 tanquam

620 3017 651 3055 a
688 3001 891 3071 Cyrillo
920 3004 1073 3070 editi,
1108 3006 1490 3074 meminerint,
1528 3008 1624 3064 sed
1660 3023 1728 3063 ex
1764 3021 1830 3063 eo
1860 3022 2077 3079 quoque
2113 3007 2180 3062 ad
2216 3005 2647 3062 conﬁrmandam
2686 3005 2846 3064 ﬁdem
2889 3008 3203 3064 testimonia
3243 3009 3703 3082 deprompserint.
3744 3011 3898 3067 Adde

620 3096 766 3160 quod
808 3095 861 3149 in
902 3095 1230 3152 bibliotheca
1281 3097 1447 3169 Regia
1500 3099 1725 3154 Parisiis
1766 3113 1872 3154 non
1921 3098 2134 3155 modica
2174 3113 2302 3170 pars
2350 3097 2541 3155 Graece
2587 3098 2840 3167 habetur,
2885 3098 3079 3173 Cyrilli
3120 3101 3347 3157 nomine
3394 3100 3685 3173 inscripta,
3734 3119 3899 3175 quam

620 3187 859 3243 Joannes
886 3189 1182 3247 Autbertus
1213 3191 1487 3247 transtulit
1513 3192 1564 3246 iu
1599 3206 1751 3246 suam
1778 3190 2014 3260 Operum
2037 3190 2227 3264 Cyrilli
2252 3189 2728 3248 Graeco-Latinam
2754 3192 3071 3259 editionem,
3098 3199 3245 3248 lomo
3276 3191 3343 3259 ν,
3384 3203 3540 3263 parte
3570 3209 3608 3249 ι.

693 3284 811 3351 Qun
868 3294 1113 3357 tempore
1167 3287 1500 3358 compositus
1557 3286 1742 3354 fuerit,
1787 3286 2059 3358 conjicere
2100 3301 2170 3343 ex
2208 3300 2275 3342 eo
2321 3286 2471 3354 licet,
2525 3286 2671 3359 quod
2727 3285 2833 3344 etsi
2881 3296 3073 3343 contra
3130 3288 3450 3359 Nestorium
3497 3298 3726 3345 sanctus
3772 3289 3900 3345 ﬁdei

622 3380 875 3435 defensor
923 3382 1187 3451 disputet,
1222 3398 1345 3439 cum
1379 3389 1563 3437 tamen
1604 3382 1824 3437 nomine
1854 3398 1961 3437 non
2007 3380 2268 3454 appellet,
2310 3378 2506 3437 solitus
2542 3381 2751 3453 alioqui
2790 3397 2899 3439 non
2938 3390 3158 3451 tacere,
3194 3393 3319 3455 post
3351 3384 3900 3454 condemnationem,

623 3474 733 3527 imo
762 3484 815 3531 et
849 3488 976 3531 ante
1008 3476 1538 3544 condemnationem,
1584 3478 1768 3533 statim
1810 3488 1974 3546 atque
2017 3477 2088 3533 lis
2134 3477 2294 3547 quasi
2335 3477 2605 3534 intentata
2637 3486 2763 3545 est,
2803 3484 3153 3547 coeptumque
3193 3477 3279 3546 agi
3323 3475 3477 3544 jure,
3522 3476 3577 3532 id
3612 3485 3735 3542 est,
3778 3492 3900 3547 post

625 3570 847 3624 missam
892 3585 1014 3625 cum
1067 3573 1265 3626 summi
1309 3572 1582 3640 pontificis
1654 3571 1849 3629 litteris
1892 3572 2248 3642 depositionis
2290 3572 2619 3631 sententiam
2655 3570 3067 3626 continentibus
3112 3572 3428 3641 synodicam
3465 3586 3533 3626 ex
3565 3570 3895 3643 AESgyptiaca

624 3665 830 3734 synodo
858 3664 1170 3731 epistolam,
1202 3666 1491 3734 capitaque
1531 3665 1839 3731 duodecim,
1870 3668 1965 3735 qui
2014 3666 2461 3729 anathematismi
2494 3666 2776 3724 dicuntur.
2820 3666 3167 3737 Compositus
3208 3668 3375 3737 igitur
3414 3666 3520 3722 dici
3565 3666 3736 3723 debet
3773 3676 3895 3723 ante

624 3755 915 3809 concilium
942 3754 1295 3825 Ephesinum.

696 3851 803 3908 Sed
837 3869 945 3923 quo
982 3854 1034 3908 in
1081 3852 1223 3923 loco,
1254 3868 1429 3924 quove
1469 3853 1776 3909 distinctius
1816 3854 2098 3924 tempore?
2136 3853 2357 3924 Ephesi,
2406 3854 2718 3925 opinabitur
2756 3854 2900 3911 forte
2935 3855 3239 3925 quispiam,
3279 3864 3409 3912 tunc
3455 3870 3579 3911 cum
3623 3855 3887 3928 Cyrillus,

623 3952 755 4022 ipsis
790 3952 1132 4020 exigentibus
1183 3951 1504 4017 catholicis,
1550 3966 1826 4022 exponere
1875 3959 2102 4009 coactus
2150 3960 2235 4007 est
2278 3953 2562 4019 nonnulla,
2612 3967 2734 4024 qua
2778 3954 2942 4024 paulo
2996 3952 3081 4007 vel
3136 3952 3395 4017 duriora,
3445 3952 3530 4007 vel
3573 3953 3887 4008 obscuriora

622 4047 947 4100 videbantur
993 4047 1046 4100 in
1094 4046 1597 4114 anathematismis,
1634 4046 1934 4117 praesertim
1973 4058 2033 4100 ut
2067 4044 2409 4117 propulsaret
2450 4047 2709 4102 invidiam
2743 4046 2847 4102 sibi
2888 4046 2955 4101 ab
3003 4044 3331 4100 adversariis
3368 4043 3695 4110 conﬂatam,
3738 4048 3889 4114 quasi

625 4154 748 4192 cum
776 4139 1179 4208 Apollinaristis
1207 4141 1457 4208 sentiret,
1488 4141 1701 4194 unicam
1732 4155 1852 4195 esse
1888 4139 1943 4193 in
1976 4139 2197 4195 Christo
2231 4150 2506 4205 naturam,
2541 4155 2866 4210 versumque
2890 4139 2943 4193 in
2970 4153 3189 4194 carnem
3222 4136 3452 4193 Verbum
3477 4137 3749 4193 divinum.

690 4231 801 4302 Ego
835 4247 965 4287 vero
996 4232 1342 4286 Alexandria:
1370 4233 1631 4300 scriptum
1659 4241 1812 4301 puto,
1838 4232 1994 4302 longe
2017 4241 2176 4287 antea
2205 4248 2219 4284 :
2255 4232 2489 4303 Cyrillus
2537 4246 2773 4304 namque
2806 4241 3095 4300 antequam
3134 4232 3505 4300 responderet,
3542 4231 3625 4287 vel
3657 4231 3893 4288 Andrcze

624 4331 1018 4392 Samosateno,
1074 4327 1159 4382 vel
1199 4326 1573 4393 Theodoreto,
1622 4327 2114 4386 anathematismos
2160 4328 2724 4400 reprehendentibus,
2780 4328 2833 4383 id
2884 4327 3065 4397 operis
3113 4328 3380 4398 suscepit,
3436 4344 3545 4399 quo
3595 4328 3892 4385 instrueret

624 4421 998 4488 disputaturos
1029 4432 1128 4487 pro
1158 4417 1286 4481 fide,
1313 4415 1381 4471 de
1408 4416 1599 4487 primis
1628 4418 1782 4486 quasi
1812 4417 2130 4474 notionibus
2157 4433 2385 4487 vocum,
2418 4428 2582 4489 atque
2615 4417 2734 4473 aliis
2763 4417 3058 4483 nonnullis,
3089 4418 3287 4486 quibus
3321 4419 3463 4473 inter
3502 4418 3887 4487 diSputandum

623 4529 753 4569 usus
783 4511 941 4564 foret.
974 4509 1236 4565 Instruxit
1268 4522 1417 4573 vero,
1456 4507 1559 4564 nisi
1602 4523 1689 4563 me
1729 4508 1868 4564 fallit
1900 4510 2116 4579 Opinio,
2152 4525 2274 4566 cum
2312 4511 2545 4581 primum
2586 4508 2826 4565 ferveret
2869 4509 3097 4579 quaestio
3131 4508 3271 4577 apud
3308 4510 3714 4566 'Alexandrinos
3736 4551 3754 4574 ,
3790 4528 3889 4568 nec

622 4610 757 4665 satis
779 4607 955 4660 adhuc
987 4606 1151 4660 animi
1190 4604 1579 4661 exercitatione
1611 4605 1809 4661 eruditi
1837 4614 2048 4671 essent;
2082 4621 2319 4679 cumque
2363 4607 2478 4676 ipse
2515 4606 2680 4660 etiam
2720 4605 2953 4672 primum
2988 4603 3222 4674 Cyrillus
3267 4620 3367 4674 pro
3404 4605 3625 4660 Christo
3654 4620 3885 4677 pugnam

623 4720 745 4757 cum
775 4700 1027 4756 Nestorio
1064 4700 1246 4763 iniret,
1284 4697 1426 4753 datis
1462 4698 1738 4767 prioribus
1775 4696 1971 4754 litteris
2001 4697 2161 4753 cilicii
2197 4697 2593 4753 monitricibus.
2638 4696 2886 4765 Scriptus
2917 4707 3001 4751 est
3040 4695 3204 4765 igitur
3245 4705 3511 4751 tractatus
3551 4696 3655 4751 iste
3696 4698 3879 4751 eodem

623 4797 739 4851 fere
772 4807 1011 4865 tempore
1043 4806 1151 4863 quo
1174 4791 1403 4863 epistola
1451 4793 1518 4846 ad
1555 4776 1857 4847 monachos
1902 4789 2145 4862 Egypti,
2208 4791 2260 4846 id
2301 4802 2406 4856 est,
2450 4792 2549 4845 sub
2594 4790 2830 4844 medium
2872 4797 2964 4843 aut
3007 4790 3199 4844 saltem
3242 4788 3343 4844 sub
3390 4789 3551 4844 ﬁnem
3586 4806 3719 4844 ann.
3762 4790 3883 4845 429.

621 4893 769 4948 Idem
797 4892 941 4947 enim
962 4901 1046 4947 est
1071 4892 1354 4961 utriusque
1380 4900 1783 4961 argumentum,
1808 4906 1909 4947 nec
1934 4891 2080 4947 aliud
2103 4891 2317 4947 videtur
2344 4894 2640 4948 dtscrimen
2670 4905 2833 4960 quam
2861 4892 3129 4957 methodi,
3156 4906 3277 4962 quae
3303 4890 3357 4944 in
3383 4886 3611 4960 epistola
3646 4888 3885 4945 oratoria

623 4987 795 5058 magis
825 4994 927 5051 est,
966 4985 1019 5040 in
1054 4983 1289 5039 Scholiis
1323 4983 1438 5039 fere
1472 4984 1815 5041 scholastica.
3408 5053 3432 5074 .

695 5083 751 5136 ln
775 5097 896 5137 eam
927 5094 1013 5136 me
1042 5080 1367 5135 sententiam
1397 5078 1677 5150 impellunt
1711 5080 1833 5134 tria.
1866 5080 2130 5148 Primum,
2155 5081 2299 5151 quod
2324 5080 2544 5137 Scholia
2581 5092 2710 5138 ante
2743 5081 3034 5138 concilium
3070 5081 3402 5151 Ephesinum
3432 5079 3635 5149 scripta
3666 5078 3801 5141 sint,
3829 5084 3884 5129 ut

619 5188 777 5232 antea
810 5173 1114 5231 coniectum
1140 5182 1262 5228 est:
1305 5186 1403 5226 nec
1433 5188 1599 5239 parvo
1637 5183 1815 5227 tamen
1850 5183 2110 5243 tempore,
2147 5191 2269 5230 cum
2313 5175 2559 5230 Andreas
2601 5174 2995 5231 Samosatenus
3042 5176 3181 5243 apud
3223 5173 3575 5229 Anastasium
3616 5170 3882 5225 Sinaitam

623 5269 848 5337 hujusce
889 5266 1069 5335 operis
1114 5276 1366 5334 tanquam
1410 5265 1707 5334 pervulgati
1756 5267 2085 5321 meminerit.
2140 5266 2404 5335 Alterum,
2446 5270 2589 5338 quod
2638 5269 2885 5324 videatur
2918 5267 3268 5324 elementaria
3308 5266 3555 5330 quaedam
3600 5262 3884 5323 doctrina,

620 5364 845 5421 rudibus
904 5360 1293 5418 controversiae
1353 5359 1584 5429 ingeniis
1635 5361 1883 5416 tradita;
1938 5362 2246 5418 continetur
2300 5364 2446 5419 enim
2507 5366 2851 5434 expositione
2927 5380 3156 5429 vocum,
3208 5361 3763 5429 distinctionibusque
3818 5360 3887 5414 ad

622 5460 951 5523 objectiones
982 5456 1266 5511 solvendas
1301 5454 1650 5518 necessariis,
1676 5464 1729 5508 et
1769 5456 2031 5524 exemplis
2065 5456 2131 5510 ad
2176 5473 2290 5513 rem
2322 5458 2696 5527 explicandam
2744 5458 2923 5514 factis.
2976 5457 3240 5521 Tertium,
3274 5454 3417 5524 quod
3459 5454 3511 5508 in
3553 5466 3721 5521 Opere
3773 5459 3887 5505 toto

620 5552 759 5603 nulla
788 5564 881 5618 per
910 5563 969 5602 se
996 5548 1088 5600 ﬁat
1116 5546 1320 5600 mentio
1350 5544 1439 5599 Dei
1470 5545 1776 5613 pontiﬁcis;
1820 5548 1914 5602 sed
1958 5563 2144 5603 eorum
2194 5558 2405 5604 tantum
2443 5565 2563 5619 quae.
2598 5550 2648 5604 in
2678 5551 2854 5618 primo
2887 5548 3117 5605 Nestorii
3157 5560 3409 5601 sermone
3442 5542 3798 5612 secundoque
3834 5552 3886 5596 et

617 5643 778 5694 tertio
808 5651 996 5693 contra
1038 5637 1161 5693 ﬁdei
1202 5636 1440 5706 regulam
1474 5636 1744 5706 leguntur,
1778 5654 1899 5692 cum
1932 5648 2108 5695 tamen
2147 5641 2308 5712 digna
2350 5641 2489 5695 foret
2531 5643 2628 5696 ista
2659 5642 2914 5710 quaastio,
2951 5656 3070 5710 quae
3104 5646 3434 5693 tractaretur
3470 5641 3691 5704 propter
3726 5648 3877 5687 suam

620 5732 731 5782 sive
761 5728 1134 5791 subtilitatem,
1171 5728 1282 5781 sive
1311 5729 1707 5781 necessitatem.
1745 5727 1873 5782 Orta
1918 5748 2044 5788 vero
2071 5744 2153 5787 est
2190 5750 2255 5787 ex
2293 5732 2509 5786 homilia
2552 5731 2729 5787 Procli
2771 5748 2798 5785 a
2836 5731 3082 5790 Nestorio
3125 5727 3375 5787 acerbius
3424 5726 3782 5797 reprehensa,
3820 5725 3884 5779 de

620 5838 724 5890 qua
753 5819 885 5873 nihil
920 5820 1097 5873 nll‘erri
1135 5820 1303 5886 potuit
1329 5821 1497 5875 nuntii
1532 5821 1913 5877 Alexandriam
1952 5838 2075 5882 ante
2105 5828 2388 5883 deﬁnitum
2422 5827 2684 5881 hactenus
2712 5836 2941 5896 tempus.
