4082 6258
324 358 463 415 1365
1251 362 1543 421 SCHOLIA
1583 366 1667 421 DE
1710 365 1936 423 lNCARl

1986 366 2224 427 ιτιοΝΕ
2266 371 2637 430 UNIGENITI.
3459 374 3598 430 1566

387 474 465 529 De
494 474 791 546 interprete
820 479 980 548 paulo
1007 478 1276 536 didicilior
1303 492 1387 538 est
1411 485 1662 553 quaastiu.
1699 484 1959 557 Quisquis
1998 506 1999 511 π

1998 488 2091 544 ille
2129 487 2314 556 fuerit,
2342 491 2518 561 ipsum
2557 496 2773 561 oportet
2806 489 2998 559 quinto
3045 486 3246 543 saeculo
3282 488 3588 557 scripsisse,

322 567 433 623 imo
465 573 795 640 temporibus
826 573 1011 645 Cyrilli
1045 594 1059 630 :
1106 577 1369 645 siquidem
1404 594 1471 634 ex
1508 580 1609 635 hac
1641 581 1756 649 ipsa
1796 584 2066 648 versione,
2108 600 2229 654 quae
2276 596 2417 641 nunc
2458 586 2712 650 habetur,
2746 594 2802 640 et
2832 582 2940 639 Leo
2974 582 3197 653 Magnus
3232 581 3413 635 statim
3470 592 3592 649 post

320 660 527 715 obitum
554 662 739 734 Cyrilli
770 673 1023 735 tanquam
1055 682 1122 721 et
1154 667 1390 738 vulgata,
1419 680 1472 726 et
1499 673 1787 727 concilium
1818 673 2283 743 Chalcedonense,
2327 687 2382 732 et
2424 675 2708 732 Facundus
2738 674 3143 730 llermianensis
3204 672 3593 740 decerpserint,
3623 656 3628 725 ί

319 767 442 819 quae
469 752 603 809 locis
629 766 787 812 antea
811 757 994 812 citatis
1013 760 1273 819 referunt.
1293 763 1598 819 Crediderit
1620 781 1724 821 non
1752 767 2023 822 immerito
2045 768 2335 838 quispiam,
2352 769 2697 823 tribuendum
2719 768 2823 823 hoc
2845 781 2979 837 opus
2996 765 3090 820 uni
3113 778 3179 818 ex
3210 756 3629 845 Alexandrinis,

320 840 433 951 i‘llis
464 859 693 913 quorum
727 846 1074 904 Latinitatem
1101 852 1241 921 apud
1267 864 1516 909 sanctum
1547 854 1901 911 Caelestinum
1924 830 2505 927 Cyrillus—excusabat,
2532 873 2656 912 cum
2683 830 2903 912 chartas
2927 855 3171 909 mitteret
3193 850 3261 907 ab
3283 852 3350 905 iis
3378 830 3622 951 versas:

322 929 525 989 Verum
558 939 888 1006 opinabilius
920 943 1156 1009 videtur,
1195 944 1544 1016 interpretem
1587 949 1771 1004 dicere
1818 948 2048 1004 Marium
2090 950 2489 1018 Mercatorem,
2529 952 2706 1005 virum
2750 948 2959 1017 alioqui
3005 945 3245 1000 melioris
3282 929 3631 1003 Latinitatis",

319 1025 627 1082 scientem:
660 1046 783 1083 nam
819 1040 873 1085 et
903 1032 1043 1085 inter
1064 1031 1181 1100 ejus
1207 1049 1369 1105 opera
1399 1037 1669 1107 reperitur
1710 1038 1763 1092 in
1798 1048 2029 1108 utroque
2060 1040 2429 1107 manuscripto
2466 1039 2674 1101 codice,
2710 1054 2820 1108 quo
2862 1037 2947 1091 usi
2986 1049 3211 1097 sumus;
3245 1040 3300 1086 et
3336 1047 3397 1086 ea
3437 1042 3596 1087 aetate

321 1118 477 1182 vixit,
504 1133 607 1187 qua
642 1122 1004 1189 scribebatur,
1029 1135 1083 1181 et
1117 1127 1311 1183 ardore
1340 1129 1461 1184 tidei
1494 1131 1742 1185 incensus
1766 1128 1958 1185 Latina
1999 1131 2126 1185 fecit
2188 1146 2308 1201 quae
2350 1129 2527 1184 Graeci
2557 1132 2873 1185 defensores
2905 1126 3030 1182 ﬁdei
3074 1126 3413 1186 scriberent;
3456 1132 3509 1177 et
3540 1124 3591 1175 in

319 1209 639 1276 praefatione
685 1213 752 1268 ad
806 1230 1083 1273 sermones
1130 1218 1366 1276 Nestorii
1404 1227 1740 1277 contestatus
1788 1232 1899 1289 est,
1955 1239 2015 1279 se
2066 1222 2373 1279 Latinitatis
2423 1225 2566 1293 leges
2620 1220 2892 1292 sprevisse
2934 1219 2987 1271 in
3040 1215 3299 1286 Operibus
3355 1211 3593 1268 Nestorii

319 1302 614 1372 Cyrillique
640 1309 932 1363 vertendis.
965 1308 1034 1362 In
1069 1311 1276 1380 quibus,
1314 1312 1509 1382 inquit,
1552 1314 1761 1367 verbum
1814 1314 1879 1369 de
1920 1315 2091 1383 verbo,
2126 1318 2179 1370 in
2221 1326 2474 1384 quantum
2504 1315 2620 1383 ﬁeri
2664 1313 2837 1381 potuit
2876 1317 3102 1364 conatus
3145 1322 3260 1360 sum
3302 1303 3595 1358 translator

318 1395 627 1463 exprimere,
662 1414 724 1451 ne
752 1400 901 1467 prius
926 1401 1183 1470 falsarins
1218 1406 1384 1475 magis
1430 1420 1589 1475 quam
1622 1425 1769 1462 verus
1804 1418 1985 1479 postea
2025 1409 2279 1477 probarer
2321 1412 2603 1477 interpres.
2642 1407 2724 1460 Da
2771 1405 2939 1474 igitur
2969 1402 3207 1464 veniam,
3236 1400 3319 1469 pie
3344 1399 3525 1461 lector,
3548 1397 3595 1451 si

317 1498 411 1542 aut
443 1489 618 1543 minus
647 1493 817 1547 oratio
872 1495 1161 1562 luculenta,
1201 1507 1293 1552 aut
1328 1502 1601 1556 verborum
1640 1504 1937 1575 ubicunque
1969 1516 2409 1575 praesumptorum
2456 1506 2655 1559 novitas
2700 1517 2881 1555 aurem
2919 1500 3057 1569 forte
3102 1494 3400 1566 perculerit.
3442 1492 3594 1559 Elcgi

320 1578 731 1634 obtrectatorunt
792 1583 987 1656 linguis
1038 1592 1207 1659 magis
1243 1594 1460 1661 exponi,
1506 1612 1665 1666 quam
1718 1616 1751 1652 a
1803 1599 2021 1655 veritate
2064 1615 2310 1654 sensuum
2344 1598 2713 1667 exprimenda,
2773 1595 2860 1649 ubi
2917 1607 3068 1647 omne
3113 1598 3189 1645 est
3241 1586 3305 1641 de
3364 1584 3593 1651 falsitate

319 1672 632 1741 periculum,
657 1676 862 1747 longius
894 1682 1162 1741 aberrare.
2252 1686 2263 1695 ι

394 1762 511 1819 Νοη
551 1766 685 1824 levis
719 1784 884 1842 opera
916 1778 1164 1845 ponenda
1208 1780 1362 1835 nobis
1392 1780 1492 1837 fuit
1530 1783 1584 1837 in
1615 1784 1952 1839 emendanda
1978 1783 2230 1837 versione
2269 1788 2378 1834 tam
2410 1780 2656 1847 antiqua,
2679 1777 2908 1847 ideoque
2936 1774 3001 1830 ab
3031 1771 3500 1835 exscribentibus,
3533 1778 3594 1824 ut

320 1856 401 1922 ﬁ"
432 1872 685 1932 corrupta
714 1882 726 1918 ³
758 1864 1015 1933 Ῑ¹¹νθ¹¹υηί
1050 1871 1267 1939 quidem
1295 1877 1646 1945 manuscripti
1679 1878 1893 1941 codices
1917 1880 1981 1931 et
2005 1875 2128 1929 libri
2155 1873 2296 1945 typis
2319 1871 2529 1928 excusi.
2561 1874 2630 1927 At
2665 1885 2787 1924 cum
2830 1884 2935 1922 una
2982 1867 3054 1922 sit
3093 1864 3336 1921 omnium
3383 1861 3589 1920 versio.

316 1966 489 2021 eaque
533 1974 638 2013 non
686 1962 865 2018 minus
898 1981 927 2019 a
970 1968 1199 2023 notariis
1231 1970 1543 2040 depravata,
1574 1988 1736 2043 quam
1789 1974 1857 2027 ab
1913 1972 2208 2041 interprete
2259 1969 2523 2039 neglecm,
2567 1967 2784 2037 quoties
2824 1982 2930 2019 non
2983 1959 3593 2034 prmluxeruntGract-a,

317 2049 685 2117 przeluserunt
716 2073 843 2112 vero
877 2075 981 2114 non
1027 2077 1190 2136 saepe,
1230 2064 1581 2120 divinandum
1625 2067 1747 2133 luit,
1789 2077 1846 2124 ut
1888 2083 2023 2138 quas
2072 2065 2414 2121 adhibuisset
2454 2078 2615 2119 voces
2660 2062 2965 2130 interpres,
3025 2057 3442 2113 restitueremus
3495 2069 3591 2124 pro

316 2144 457 2198 virili
485 2162 498 2197 :
539 2148 944 2225 religionienim
973 2152 1074 2209 fuit
1109 2156 1246 2210 ullas
1280 2167 1513 2223 mutare,
1550 2174 1649 2215 nec
1684 2161 1729 2215 si
1758 2160 1979 2214 aliunde
2009 2158 2277 2223 licuisset,
2306 2158 2674 2228 potuissemus
2712 2165 2912 2217 tamen,
2942 2165 3064 2205 cum
3112 2148 3332 2202 deﬁciat
3369 2146 3593 2207 Graccus

320 2250 496 2296 textus
555 2244 606 2297 in
663 2244 938 2314 pluribus;
982 2264 1145 2319 quem
1190 2252 1335 2307 enim
1390 2255 1688 2324 habemus,
1732 2256 1818 2312 vel
1864 2271 1932 2313 ex
1983 2255 2349 2320 Tlteodoreto,
2382 2253 2470 2309 vel
2513 2269 2579 2308 ex
2607 2246 3038 2307 Chalcedonensi
3099 2245 3330 2315 synodo,
3390 2243 3472 2297 vel
3525 2258 3593 2296 ex

315 2326 644 2384 bibliotheca
673 2330 837 2403 Regia
872 2348 1125 2405 acceptus
1155 2348 1258 2395 est.

387 2419 573 2478 Prodit
603 2440 733 2481 vero
760 2430 1017 2486 eximium
1047 2448 1205 2502 opus,
1236 2441 1291 2489 et
1331 2448 1362 2488 a
1402 2431 1606 2488 sanctis
1638 2428 1891 2486 Patribus
1926 2430 2154 2486 summis
2194 2430 2443 2487 laudibus
2487 2439 2772 2495 ornatum,
2803 2446 2909 2483 non
2955 2436 3161 2483 tantum
3217 2426 3591 2488 emendatius,

314 2514 459 2580 quod
487 2521 631 2570 certe
655 2515 773 2573 leve
808 2536 911 2575 non
940 2532 1023 2577 est
1046 2540 1062 2588 ;
1087 2523 1181 2579 sed
1202 2533 1397 2594 quarta
1426 2521 1538 2579 fere
1575 2532 1724 2593 parte
1763 2522 1995 2589 auctius,
2028 2538 2191 2593 quam
2232 2522 2461 2593 legatur,
2499 2522 2582 2577 vel
2628 2524 2769 2591 apud
2816 2520 3002 2592 Cyrilli
3048 2535 3276 2589 Operum
3309 2518 3548 2573 editores
3573 2558 3588 2582 ,

315 2603 401 2657 vel
434 2607 575 2675 apud
599 2609 953 2667 conciliorum
978 2615 1321 2674 collectores.
1355 2615 1496 2683 Quid
1524 2626 1703 2671 autem
1730 2616 1868 2671 desit
1896 2616 1948 2671 in
1982 2615 2213 2686 vulgatis
2241 2616 2394 2671 libris
2428 2614 2812 2681 indicabimus,
2847 2614 2935 2668 ubi
2965 2612 3070 2669 erit
3097 2626 3256 2681 Opus.

394 2699 607 2771 Vulgati
636 2698 860 2762 'codices
900 2710 1063 2765 totius
1094 2711 1275 2781 operis
1313 2712 1514 2767 habent
1537 2713 1713 2780 capita
1756 2711 1943 2782 viginti
1983 2720 2040 2767 et
2077 2721 2235 2778 octo;
2274 2712 2672 2781 mattuscriptus
2712 2706 2988 2764 Marianus
3034 2706 3253 2777 triginta
3305 2704 3545 2775 quinque
3569 2719 3601 2769 ι

316 2789 541 2850 Plautius
578 2811 683 2852 non
710 2798 861 2867 plura
895 2804 1263 2859 novemdecim
1299 2813 1570 2869 numerat,
1596 2806 1829 2861 redactis
1866 2804 2074 2861 scilicet
2101 2806 2167 2859 ad
2212 2796 2356 2860 hunc
2388 2818 2673 2859 numerum
2715 2802 2946 2865 cunctis,
2974 2814 3093 2870 quae
3128 2798 3269 2866 apud
3313 2797 3449 2851 alios
3485 2810 3591 2849 non

318 2890 518 2953 optima
546 2905 676 2947 sane
703 2894 771 2947 de
808 2910 969 2950 causa
1000 2910 1340 2968 separantur.
1371 2900 1563 2970 Operae
1591 2903 1825 2970 pretium
1858 2911 1945 2957 est
1982 2899 2158 2955 Photii
2186 2900 2348 2954 verba
2382 2898 2735 2955 exscribere:
2771 2896 2962 2951 Lectus
3009 2905 3085 2949 est
3118 2897 3243 2948 item
3280 2893 3416 2946 alter
3461 2891 3595 2944 liber

316 2981 394 3035 sic
441 2982 769 3053 inscriptus:
812 2986 1080 3044 Scnouon
1127 3007 1194 3045 os
1250 2992 1531 3049 UNIGENITI
1572 3008 1993 3049 INCABNA'I‘IONE.
2040 2990 2161 3057 Quo
2194 2992 2305 3045 haec
2342 2989 2451 3059 fere
2489 2997 2843 3057 exponuntur,
2891 2984 3020 3055 quid
3060 2992 3137 3037 est
3183 2981 3456 3043 Christus;
3489 2995 3593 3048 qua

319 3074 518 3128 ratione
548 3077 915 3149 intelligendus
952 3080 1304 3150 Emmanuel;
1339 3085 1467 3156 quid
1494 3094 1568 3140 est
1600 3084 1759 3140 Iesus
1796 3086 2071 3151 Christus;
2099 3085 2262 3154 juxta
2297 3084 2425 3155 quid
2463 3082 2559 3137 Dei
2607 3080 2833 3135 Verbum
2873 3080 3073 3131 dictum
3111 3085 3187 3132 est
3224 3074 3593 3142 homo;juxta

316 3167 443 3236 quid
491 3181 798 3225 evacuatum
838 3188 949 3227 esse
991 3171 1091 3228 Dei
1147 3174 1376 3229 Verbum
1416 3176 1652 3243 dicitur;
1710 3177 1972 3249 quomodo
2008 3178 2133 3231 item
2178 3176 2418 3232 Christus
2466 3190 2602 3229 unus
2643 3180 2751 3237 est;
2800 3168 3064 3241 quomodo
3118 3166 3280 3221 etiam
3336 3182 3469 3218 unus
3517 3174 3592 3217 est

320 3261 671 3330 Emmanuel;
691 3284 974 3335 quamnam
1002 3271 1226 3326 dicimus
1251 3264 1361 3327 esse
1386 3275 1836 3329 exinanitionem?
1864 3273 2002 3329 Item
2037 3276 2101 3330 de
2139 3276 2307 3345 ignito
2342 3260 2583 3328 carbone
2608 3272 2718 3325 uiso
2766 3270 2830 3323 ab
2862 3267 3036 3332 Isaia,
3077 3264 3291 3335 aliaque
3311 3271 3593 3332 prwterea,

320 3353 400 3407 his
433 3365 605 3410 tamen
630 3360 827 3429 omnia,
859 3362 1031 3427 capita
1058 3364 1255 3416 decem.
1287 3360 1641 3436 Permagnam
1666 3383 1785 3421 vero
1811 3365 2100 3436 legentibus
2128 3367 2415 3420 utilitatem
2444 3365 2576 3420 liber
2601 3365 2686 3417 hic
2713 3362 2907 3433 aﬂerre
2926 3370 3117 3429 potest.

391 3445 565 3503 Aliam
604 3450 773 3505 videri
806 3462 984 3519 potest
1023 3449 1306 3509 Facundus
1344 3453 1753 3512 Hermianensis
1784 3457 1836 3510 in
1862 3459 2049 3512 codice
2088 3473 2195 3529 quo
2221 3472 2352 3512 usus
2392 3465 2478 3511 est
2516 3454 2859 3525 partitionem
2917 3452 3233 3507 invenisse:
3287 3465 3411 3504 nam
3446 3448 3593 3520 quod

320 3540 548 3597 Photius
582 3554 833 3599 octavum
865 3560 1027 3617 caput
1051 3563 1173 3605 esse
1200 3550 1426 3615 indicat,
1449 3550 1739 3622 septimum
1774 3554 1887 3622 ipse
1919 3562 2111 3619 vocat;
2146 3553 2415 3607 decimum
2446 3565 2593 3611 vero,
2620 3549 2765 3620 quod
2795 3548 2935 3617 apud
2965 3545 3220 3600 Pbotium
3245 3543 3589 3597 undecimum

321 3635 558 3703 ponitur.
593 3634 683 3692 Sic
710 3638 854 3692 enim
883 3639 1114 3696 scribit:
1146 3640 1377 3713 Cyrillus
1406 3644 1462 3697 in
1491 3643 1625 3698 libro
1662 3661 1814 3716 quem
1855 3643 2072 3701 Scholia
2121 3644 2466 3713 nuncupavit,
2518 3642 2672 3696 titulo
2713 3643 2966 3711 septimo,
3003 3652 3165 3706 quam
3196 3650 3318 3691 esse
3353 3636 3591 3689 dicimus

319 3728 725 3794 adunationem,
755 3732 957 3797 anima,
992 3733 1184 3804 inquit,
1220 3737 1397 3789 omnia
1435 3752 1552 3804 ante
1576 3745 1700 3793 sunt
1726 3740 1980 3808 corporis,
2011 3748 2115 3794 etc.
2151 3738 2292 3811 (Lib.
2329 3756 2406 3802 st,
2442 3753 2492 3794 c.
2520 3736 2602 3805 7.)
2632 3735 2695 3790 Et
2718 3741 2907 3804 postea
2932 3748 2945 3783 :
2975 3729 3181 3785 Rursus
3205 3739 3378 3783 autem
3410 3730 3590 3783 εοάεηι

318 3824 479 3879 libro.
507 3822 663 3878 titulo
689 3826 910 3893 decimo,
935 3829 1061 3898 quid
1099 3829 1316 3896 dixerit,
1340 3831 1419 3886 vel
1449 3834 1576 3904 quid
1624 3835 1797 3902 prima
1830 3833 2003 3902 fronte
2037 3838 2181 3890 solus
2216 3838 2325 3903 ipse
2370 3832 2554 3888 titulus
2594 3831 2881 3900 prtefcrat,
2920 3828 3291 3887 advertamus;
3331 3842 3453 3877 nam
3493 3826 3591 3877 Ιιοσ

318 3916 373 3967 in
404 3913 501 3969 illo
526 3932 582 3971 se
608 3926 938 3972 ostensurum
963 3938 1073 3976 esse
1099 3925 1341 3993 promisit
1376 3925 1557 3979 dicens
1586 3925 1798 3996 (Ibid.),
1845 3926 1988 3993 quod
2021 3936 2076 3981 et
2102 3927 2339 3979 adunato
2372 3924 2483 3976 Deo
2523 3921 2698 3973 Verbo
2742 3932 2865 3971 vere
2907 3914 3254 3977 humanitati,
3292 3914 3589 3969 ineonfnste

320 4022 501 4064 tamen
524 4010 840 4067 substantia:
868 4017 1287 4082 permanserint.
1324 4012 1497 4084 thue
1539 4016 1636 4069 hoc
1662 4019 1908 4085 probaret
1942 4018 2159 4086 subjecit
2188 4016 2292 4070 ista
2320 4030 2338 4068 :
2365 4013 2620 4067 Erectum
2652 4020 2734 4066 est
2786 4008 3084 4065 secundum
3126 4004 3217 4061 Dei
3255 4004 3585 4061 voluntatem

320 4105 572 4154 sanctum
603 4098 1015 4154 tabernaculum
1050 4116 1148 4169 per
1178 4104 1477 4167 desertum,
1503 4112 1611 4158 etc.

391 4190 713 4261 Quanquam
749 4193 803 4244 in
840 4202 1127 4261 utrumque
1167 4193 1345 4249 locum
1381 4194 1539 4251 facile
1568 4196 1745 4266 potuit
1774 4196 2025 4250 mendum
2073 4194 2333 4265 irrepere,
2379 4193 2423 4247 si
2459 4189 2618 4247 modo
2669 4188 2865 4246 litteris
2913 4187 3199 4255 Romanis,
3228 4200 3288 4246 ut
3327 4190 3589 4249 credibile

315 4292 425 4345 est,
451 4298 546 4347 vn,
578 4296 659 4345 ιι,
688 4296 948 4336 numerus
976 4284 1215 4352 scriptus
1240 4284 1310 4338 sit
1338 4298 1354 4336 :
1386 4286 1563 4355 potuit
1592 4287 1738 4340 enim
1769 4284 1928 4341 facile
1961 4285 2175 4341 detrahi
2211 4284 2265 4339 in
2311 4298 2419 4338 uno
2458 4282 2601 4347 loco,
2630 4289 2684 4337 et
2725 4280 2779 4335 in
2821 4279 2992 4334 altero
3026 4279 3148 4335 addi
3178 4280 3248 4335 ab
3294 4280 3586 4336 incuriosis

318 4374 558 4431 librariis
594 4373 752 4433 tertia
786 4374 1011 4431 vocalis.
1045 4377 1225 4443 Quare
1249 4378 1492 4436 Facundi
1525 4381 1688 4438 lectio
1721 4379 2045 4452 corrigenda
2076 4378 2209 4436 mihi
2241 4378 2474 4444 videtur,
2505 4374 2792 4432 retinenda
2825 4370 3026 4439 Pbotii,
3063 4374 3361 4430 contractis
3395 4385 3579 4431 tamen

320 4474 373 4526 in
425 4487 587 4524 unum
624 4469 894 4541 capitibus
942 4469 1153 4529 duobus
1202 4474 1270 4531 de
1310 4476 1549 4534 carbone
1597 4477 1683 4535 vel
1731 4477 1886 4534 lilio:
1920 4491 2043 4548 qua:
2100 4474 2348 4546 exempla
2391 4475 2460 4530 ad
2506 4473 2581 4539 id,
2611 4466 2754 4543 quod
2801 4469 2859 4525 in
2910 4466 3068 4525 titulo
3101 4468 3436 4539 propositum
3482 4480 3583 4534 est,

320 4565 659 4635 probandum
687 4564 891 4634 pariter
922 4567 1254 4622 conducunt.

396 4656 459 4709 Et
486 4669 613 4708 vero
641 4670 739 4725 par
759 4666 845 4711 est
872 4659 1113 4725 credere,
1146 4676 1303 4715 suum
1332 4660 1562 4730 singulis
1590 4662 1861 4731 capttihtts
1893 4660 2218 4731 inscriptum
2247 4660 2414 4714 fuisse
2442 4666 2829 4728 argumentum
2856 4655 2999 4726 quod
3036 4655 3374 4710 tractandum
3405 4655 3580 4722 foret;

323 4765 432 4803 non
479 4751 609 4806 item
642 4751 695 4806 id
743 4753 1059 4824 contigisse,
1102 4750 1247 4823 quod
1298 4754 1351 4808 in
1390 4752 1546 4809 libris
1588 4756 1750 4810 editis
1803 4754 2017 4825 legitur,
2064 4764 2127 4810 ut
2172 4754 2380 4824 singula
2430 4750 2609 4820 capita
2659 4751 2908 4822 singulis,
2934 4750 3047 4805 sive
3082 4750 3430 4813 testimoniis,
3466 4750 3581 4804 sive

319 4845 585 4912 exetnplis
617 4844 939 4901 inconcinne
961 4855 1018 4900 et
1048 4845 1329 4916 ἀμεθόδως
1365 4846 1751 4903 tribuerentur.
1788 4846 2106 4902 Mercatoris
2140 4861 2302 4913 porro
2329 4846 2498 4899 codex
2533 4842 2668 4897 nihil
2708 4842 3001 4913 adiumenti
3044 4839 3293 4896 conferre
3319 4840 3486 4893 valuit
3513 4837 3584 4893 ad

321 4932 646 4988 alterutram
682 4936 995 5005 Opinionem
1025 4938 1470 5001 conﬁrmandam,
1506 4939 1769 5009 siquidem
1813 4938 1992 4994 titulos
2016 4938 2180 4993 habet
2214 4938 2333 4992 sine
2363 4936 2487 4992 ullis
2516 4936 2774 4990 numeris.

404 5023 572 5090 igitur
606 5028 817 5081 tametsi
849 5027 1160 5083 distributio
1185 5031 1446 5098 capitum,
1471 5046 1591 5099 quae
1634 5047 1732 5086 usu
1764 5040 1979 5096 recepta
2014 5040 2119 5097 est,
2154 5029 2402 5099 religiose
2427 5028 2690 5083 servanda
2723 5028 2813 5094 sit,
2844 5027 3017 5082 visum
3064 5019 3146 5083 est
3182 5037 3360 5082 tamen
3405 5043 3582 5097 Operae

326 5116 561 5182 pretium
596 5116 737 5181 fore,
769 5117 812 5170 si
839 5119 1067 5189 singulis
1097 5121 1370 5190 Capitibus
1402 5121 1742 5177 Scholiorunt
1776 5121 1953 5177 Pltotii
1979 5122 2189 5177 nutneri
2215 5137 2337 5176 cum
2364 5120 2594 5191 vulgatis
2620 5128 3046 5189 apponerentur,
3072 5128 3128 5174 et
3163 5120 3270 5188 hic,
3295 5121 3583 5192 prepositis

323 5208 661 5277 singulorum
692 5210 931 5279 capitum
960 5226 1022 5267 ex
1072 5211 1373 5269 Mercatore
1406 5215 1596 5281 titulis,
1634 5230 1731 5283 per
1760 5215 2033 5286 synOpsim
2070 5223 2242 5269 totum
2283 5227 2420 5282 opus
2451 5212 2819 5266 exhiberetur.

1134 5354 1321 5423 Cyrilli
1350 5356 1577 5424 episcopi
1614 5356 1951 5412 Alexandriae
1984 5358 2047 5412 de
2086 5354 2450 5410 incarnatione
2478 5350 2762 5422 Unigeniti.

295 5470 303 5511 ³
394 5490 577 5547 CAPUT
613 5489 652 5542 l.
687 5488 822 5555 Quid
846 5498 929 5543 est
960 5488 1221 5545 Christus.

392 5587 522 5641 Car.
566 5582 627 5638 ll.
671 5582 911 5648 Qualiter
939 5580 1158 5649 intelligi
1195 5583 1388 5638 debeat
1422 5582 1755 5636 Emmanuel.

398 5676 527 5730 (Iw.
574 5673 657 5727 Ill.
691 5669 827 5737 Quid
858 5681 941 5725 est
972 5670 1149 5724 Iesus.

403 5770 530 5822 Car.
577 5767 664 5821 IV.
710 5765 880 5829 Qum"
909 5764 975 5817 ob
1006 5778 1220 5817 cunmm
1257 5764 1414 5817 homo
1447 5763 1647 5816 dictum
1678 5761 1745 5815 sit
1776 5762 1867 5815 [lci
1901 5758 2156 5814 Verbum.
