4082 6258
603 317 739 371 tas-1
1588 320 1649 375 s.
1690 320 1964 378 CYRILLI
2000 320 2470 377 ALEXANDRINI
2505 320 2825 379 ARCHIEP.
3714 308 3850 377 ωδε
3896 390 3902 399 ,

668 432 801 487 Car.
842 433 907 489 ν.
943 436 1112 503 Quam
1145 438 1214 492 ob
1236 451 1453 492 causam
1479 438 1816 495 exinanitum
1845 438 2060 497 dicatur
2088 439 2183 497 Dei
2221 441 2477 503 Verbum.

668 523 798 580 CAP.
844 526 928 580 VI.
972 529 1250 595 Quomodo
1286 545 1424 584 unus
1469 528 1742 584 Christus.

666 616 797 672 CAP.
840 618 945 677 VII.
979 620 1256 686 Quomodo
1279 637 1418 676 unus
1454 622 1791 677 Emmanuel.

670 707 800 763 CAP.
838 709 970 767 VIII.
1003 717 1171 779 Quam
1206 729 1326 768 esse
1352 715 1581 770 dicimus
1611 714 2013 769 adunationem.

669 798 798 855 CAP.
842 800 931 863 IX.
968 803 1118 871 Quod
1166 806 1524 875 incorporalis
1558 805 1860 859 divinitatis
1902 815 2102 872 corpus
2135 798 2273 852 facta
2302 794 2463 851 fuerit
2494 796 2607 865 ipsa
2646 805 2773 848 caro
2819 790 3025 846 habens
3071 789 3305 852 animam
3343 789 3767 861 rationabilem;
3800 811 3852 853 et

597 893 741 961 quod
792 892 837 946 si
874 908 934 946 ea
986 910 1015 949 a
1067 912 1125 955 se
1176 899 1416 957 dividere
1468 897 1815 960 voluerimus,
1872 893 2055 962 procul
2101 891 2267 945 dubio
2316 887 2758 943 labefactabimus
2802 881 3301 957 dispensationem,
3356 898 3477 953 quae
3525 887 3578 941 in
3630 891 3851 950 Christo

598 982 935 1052 intelligitur.

667 1074 796 1127 (Συ.
840 1075 905 1131 Χ.
948 1076 1097 1143 Quod
1128 1077 1364 1132 adunato
1398 1078 1506 1133 Deo
1536 1078 1711 1133 Verbo
1744 1092 1867 1132 vere
1901 1073 2246 1138 humanitati,
2278 1072 2574 1129 inconfusaa
2617 1083 2793 1127 tamen
2826 1070 3143 1127 substantiae
3170 1077 3590 1139 permanserint.

668 1168 797 1231 Cap.
838 1167 932 1225 XI.
971 1170 1143 1236 Quod,
1177 1186 1299 1231 cum
1330 1183 1475 1229 esset
1516 1172 1657 1226 Deus
1712 1170 1967 1233 Verbum,
2006 1168 2178 1223 Iactus
2220 1168 2290 1222 sit
2325 1167 2504 1230 homo,
2556 1181 2656 1221 nec
2706 1166 2865 1219 homo
2910 1163 3248 1232 simpliciter,
3291 1167 3429 1221 nuda
3463 1168 3849 1238 conjunctione

600 1262 916 1327 honoratus,
947 1275 1172 1319 vocatus
1198 1267 1268 1323 sit
1296 1268 1362 1320 ad
1394 1280 1573 1334 parem
1602 1266 1916 1335 dignitatem
1946 1263 2035 1316 Dei
2069 1260 2253 1324 Verbi,
2288 1262 2401 1316 sive
2434 1260 2835 1323 auctoritatem,
2872 1259 3013 1315 sicut
3044 1256 3364 1326 quibusdam
3398 1259 3634 1315 videtur.

667 1356 797 1415 Car.
840 1356 955 1410 XII.
989 1358 1141 1425 Quod
1168 1359 1415 1416 Christus
1449 1359 1606 1417 Jesus
1630 1369 1846 1415 vocetur
1871 1360 2032 1414 homo
2063 1358 2238 1411 factus
2268 1356 2409 1411 Deus
2446 1355 2706 1411 Verbum.

664 1446 793 1501 CAP.
835 1448 975 1505 XIII.
1012 1450 1162 1517 Quod
1190 1451 1439 1507 Christus
1460 1467 1565 1507 non
1606 1453 1677 1506 sit
1700 1452 1860 1506 homo
1886 1450 2189 1519 Θεοφόρος,
2225 1465 2323 1504 nec
2356 1448 2673 1516 simpliciter
2712 1449 2765 1501 in
2813 1432 3031 1502 homine
3078 1446 3397 1503 iubabitarit
3430 1446 3523 1500 Dei
3576 1444 3844 1512 Verbum;

599 1538 692 1590 sed
716 1540 883 1609 magis
914 1556 1041 1597 caro
1071 1544 1141 1596 sit
1164 1545 1393 1610 factum,
1421 1544 1535 1598 sive
1561 1544 1723 1598 homo
1755 1544 2045 1612 perfectus,
2071 1541 2368 1596 secundum
2404 1540 2738 1609 Srripturas.

664 1629 794 1685 Car.
838 1629 973 1686 XIV.
1013 1631 1161 1686 Dicta
1196 1633 1510 1702 apostolica,
1538 1633 1590 1686 in
1627 1633 1825 1703 quibus
1859 1631 1999 1685 Deus
2033 1630 2339 1685 nominatus
2369 1628 2439 1683 sit
2475 1627 2744 1683 Christus.

664 1723 792 1776 CAP.
837 1722 952 1777 XV.
988 1724 1267 1789 Quomodo
1297 1735 1547 1795 oporteat
1576 1726 1911 1796 intelligere:
1951 1722 2170 1789 Verbum
2211 1737 2333 1776 caro
2383 1721 2583 1790 factum
2627 1730 2725 1786 est,
2763 1731 2811 1774 et
2844 1723 3092 1778 habitarit
3135 1725 3188 1777 in
3236 1724 3382 1777 nobis
3414 1739 3434 1776 :
3480 1730 3536 1776 et
3577 1718 3849 1789 quomodo

595 1812 826 1875 mittitur
860 1813 1093 1870 Verbum
1124 1819 1267 1885 quod
1297 1818 1439 1872 Deus
1472 1827 1594 1885 est;
1624 1817 1890 1888 quomodo
1926 1816 2199 1885 proprium
2236 1813 2403 1882 ipsius
2443 1813 2640 1868 dicitur
2671 1829 2888 1883 corpus.

663 1906 793 1963 Car.
837 1906 977 1969 XVI.
1013 1908 1297 1973 Quomodo
1334 1908 1666 1978 intelligatur
1699 1909 1957 1973 Θεοτόκος
1995 1908 2153 1978 Virgo
2187 1917 2393 1961 sancta.

662 1998 789 2051 Car.
833 1997 996 2059 XVII,
1035 2000 1187 2065 Quod
1216 2001 1355 2053 Deus
1386 2000 1697 2054 nominetur
1719 2010 1772 2054 et
1807 2003 1988 2064 homo,
2028 2014 2298 2068 apparens
2330 1996 2672 2067 Unigenitus.

662 2090 791 2145 CAP.
835 2091 1021 2146 XVIII.
1061 2092 1134 2146 De
1169 2090 1368 2147 Christi
1400 2093 1671 2161 passione,
1705 2092 1848 2163 quod
1878 2090 2005 2147 utile
2040 2093 2127 2146 sit.
2169 2092 2318 2159 Quod
2359 2092 2655 2146 secundum
2693 2090 2835 2144 aliud
2874 2097 2929 2143 et
2960 2088 3104 2143 aliud
3153 2088 3222 2143 de
3266 2103 3372 2143 uno
3405 2090 3596 2144 eodem
3627 2089 3841 2157 dicitur,

558 2184 567 2196 '
594 2198 693 2237 nec
722 2185 1009 2241 dividimus
1046 2187 1096 2239 in
1128 2186 1253 2243 duo.
2030 2250 2033 2253 ἰ

661 2277 791 2330 Car.
830 2272 976 2333 XIX.
1020 2279 1291 2334 Adversus
1326 2278 1448 2334 illos
1478 2281 1574 2349 qui
1611 2278 1783 2341 aiunt,
1815 2276 1956 2346 quod
1986 2276 2107 2331 'sola
2142 2275 2401 2330 relatione
2434 2275 2601 2329 Deum
2625 2274 2861 2329 Verbum
2885 2274 3112 2329 deceant
3145 2274 3403 2329 humana.

663 2370 772 2424 Etsi
807 2385 968 2439 porro
997 2370 1236 2439 quinque
1274 2372 1475 2440 capita,
1512 2386 1683 2440 eaque
1724 2370 1954 2440 prolixa,
1982 2384 2101 2439 qua:
2135 2367 2293 2438 vulgo
2334 2369 2608 2434 deﬁciunt,
2649 2365 2922 2421 Marianos
2965 2366 3133 2420 codex
3177 2366 3502 2436 suppeditet,
3534 2368 3620 2419 vix
3673 2371 3838 2423 ausim

592 2472 770 2517 tamen
794 2465 1077 2533 spondere,
1104 2465 1401 2519 etiamnum
1428 2465 1698 2534 integrum
1721 2482 1857 2535 opus
1884 2465 1993 2533 edi,
2020 2463 2063 2519 si
2094 2480 2199 2534 qua
2225 2466 2357 2520 ﬁdes
2383 2463 2668 2517 Anastasio
2706 2461 2930 2517 Sinaitte
2963 2478 2977 2514 :
3011 2462 3142 2515 citat
3165 2461 3308 2515 enim
3343 2459 3521 2515 locum
3547 2462 3615 2515 de
3644 2471 3837 2517 statere

591 2570 805 2626 reperto
856 2560 910 2617 in
961 2576 1058 2615 ore
1101 2564 1289 2630 piscis,
1317 2563 1407 2632 qui
1451 2579 1557 2619 non
1604 2565 1875 2633 reperitur
1922 2565 1974 2619 in
2035 2558 2293 2628 Scholiis,
2337 2561 2635 2629 cuiusmodi
2682 2575 2825 2614 nunc
2876 2560 3164 2614 habentur.-
3233 2557 3338 2613 Sed
3374 2558 3530 2614 valde
3572 2559 3835 2629 suspicor,

591 2652 935 2711 Auastasium
966 2657 1225 2713 memoria
1253 2656 1462 2725 lapsum
1496 2672 1594 2725 pro
1618 2658 1725 2711 alio
1753 2672 1916 2728 Opere
1964 2656 2179 2711 Scholia
2228 2656 2512 2725 posuisse:
2558 2669 2731 2724 eoque
2778 2652 3113 2732 probabilior
3161 2652 3396 2720 suspicio
3428 2654 3667 2716 videtur,
3700 2653 3834 2722 quod

592 2740 785 2796 librum
812 2743 1007 2814 ὁδηγοῦ
1041 2747 1416 2801 recordatione
1443 2748 1623 2815 potius
1652 2763 1814 2817 quam
1841 2748 2070 2803 lectione
2098 2756 2379 2803 auctorum
2416 2762 2474 2802 se
2502 2745 2871 2815 composuisse
2904 2753 3131 2800 testatus
3156 2744 3248 2808 sit,
3280 2755 3607 2813 moneatque
3639 2745 3836 2801 idcirco

591 2833 848 2891 lectorem
876 2842 941 2892 de
966 2842 1419 2910 recognoscendis
1447 2842 1531 2897 vel
1567 2843 1729 2896 etiam
1763 2842 2115 2897 restituendis
2149 2843 2492 2898 testimoniis.

661 2926 959 2986 Occasione
1006 2947 1167 3002 porro
1201 2933 1565 3002 Scholiorum,
1601 2951 1667 2989 ex
1723 2935 1915 3003 quibus
1968 2935 2066 2987 tria
2128 2934 2434 2989 testimonia
2478 2932 2855 2989 Theodoretus
2900 2931 3122 2988 adduxit
3172 2947 3223 2985 In
3275 2930 3516 2986 secundo
3579 2929 3834 2984 Eranista:

589 3016 821 3087 dialogo,
842 3021 1260 3089 praetermittere
1291 3037 1395 3076 non
1426 3036 1673 3091 possum,
1710 3023 1837 3090 quid
1879 3021 2201 3089 coniecerim
2237 3023 2304 3077 de
2353 3023 2676 3077 testimoniis
2708 3022 2843 3089 illis,
2871 3036 2991 3091 quae
3032 3022 3084 3076 in
3125 3020 3355 3076 concilio
3407 3019 3834 3079 Chalcedonensi

588 3110 760 3163 sancti
798 3109 993 3164 Leonis
1017 3112 1256 3179 epistola:
1280 3113 1565 3183 subiuncta
1602 3121 1728 3168 sunt
1758 3131 1772 3167 :
1806 3128 1868 3168 ea
1895 3129 2091 3182 nempe
2112 3130 2140 3168 a
2178 3114 2519 3169 Theodoreto
2559 3114 2811 3182 adiuncta
2848 3129 3004 3179 esse;
3043 3128 3167 3167 nam
3196 3113 3377 3167 omnia
3412 3113 3632 3167 totidem
3660 3114 3837 3166 verbis

587 3197 643 3251 in
667 3198 878 3267 dialogo
901 3215 1058 3269 quem
1083 3200 1219 3266 dixi,
1253 3201 1524 3270 leguntur,
1556 3201 1809 3271 nullaque
1832 3204 1890 3254 lit
1921 3204 1971 3255 in
2000 3212 2108 3261 tota
2136 3203 2363 3271 epistola
2389 3202 2503 3257 sive
2529 3206 2752 3269 mentio,
2781 3203 2897 3257 sive
2922 3203 3211 3272 promissio
3243 3200 3662 3256 aﬂ'erendorum.
3692 3202 3837 3255 Adde

588 3291 730 3358 quod
764 3291 1137 3347 Thcodoretus
1165 3310 1193 3347 a
1222 3293 1478 3348 Facundo
1512 3293 1713 3348 dicitur
1744 3294 2045 3348 asseruisse
2070 3297 2329 3348 adversus
2363 3293 2679 3349 Palmstinos
2720 3303 2775 3348 et
2803 3294 3139 3365 Illyricianos
3167 3293 3524 3349 reclamantes
3554 3292 3837 3361 epistolam

585 3384 804 3451 Leonis,
832 3388 1066 3442 adducto
1095 3388 1322 3455 scilicet,
1365 3398 1424 3453 ut,
1444 3390 1645 3443 habent
1668 3398 1787 3462 acta
1815 3388 2033 3442 concilii
2061 3388 2522 3444 Chalcedonensis
2545 3429 2559 3452 ,
2588 3388 2930 3453 testimonio,
2966 3388 3107 3457 quod
3139 3389 3282 3442 inter
3307 3388 3593 3457 subiuncta
3624 3386 3836 3458 legitur.

586 3476 704 3531 Non
737 3478 925 3533 fuisset
949 3496 1075 3534 vero
1100 3482 1332 3535 adducto
1364 3496 1520 3551 opus,
1545 3482 1590 3536 si
1617 3480 1728 3551 jam
1751 3482 1991 3551 epistola:
2018 3480 2360 3548 subiunctum
2386 3490 2529 3535 esset
2562 3497 2576 3534 :
2607 3481 2796 3535 luisset
2827 3481 2969 3535 enim
3010 3480 3197 3550 procul
3222 3480 3383 3535 dubio
3423 3480 3586 3533 simul
3618 3480 3838 3548 lectum,

586 3570 800 3639 aliaque
844 3574 1081 3639 pariter,
1134 3576 1178 3628 si
1222 3576 1384 3629 modo
1439 3576 1616 3645 aliqua
1647 3586 1829 3631 essent
1877 3584 2007 3629 tunc
2053 3577 2331 3644 temporis.
2385 3575 2523 3642 Quid
2566 3576 2706 3644 quod
2758 3591 2786 3628 a
2836 3573 3181 3629 Theodoreto
3229 3583 3323 3627 aut
3352 3583 3501 3629 certe
3539 3573 3608 3627 ab
3644 3574 3714 3628 iis
3752 3573 3840 3642 qui

587 3660 909 3719 Theodoreti
965 3665 1205 3731 partibus
1257 3666 1577 3731 studebant,
1630 3681 1840 3720 versam
1896 3666 1949 3719 in
2007 3680 2311 3743 sermonem
2381 3665 2627 3721 Graecum
2699 3665 2981 3734 epistolam
3037 3666 3310 3735 proditum
3363 3673 3487 3729 est,
3536 3664 3647 3719 imo
3703 3675 3766 3719 et
3810 3678 3838 3719 a

587 3756 919 3819 vertentibus
953 3758 1216 3822 vitiatam,
1249 3762 1388 3828 quod
1420 3770 1753 3829 postremum
1790 3759 1899 3813 Leo
1929 3761 2043 3828 ipse
2076 3762 2321 3828 queritur
2361 3762 2500 3830 apud
2531 3760 2865 3816 Marcianum
2912 3763 3317 3831 imperatorem.
3350 3760 3586 3816 Accedat
3627 3761 3797 3816 etiam
3819 3802 3837 3829 ,

588 3848 729 3921 quod
764 3849 814 3901 in
849 3847 1070 3917 epiSIola
1102 3850 1343 3918 pontifex
1376 3849 1526 3920 plura
1561 3851 1681 3904 Iidci
1717 3850 1914 3917 capita,
1949 3862 2056 3901 non
2093 3856 2299 3904 tantum
2332 3850 2594 3905 adversus
2629 3849 2948 3922 Eutychem,
2978 3852 3071 3907 sed
3099 3852 3261 3906 etiam
3294 3863 3483 3907 contra
3523 3850 3837 3908 Nestorium

587 3956 859 4014 exponat;
895 3960 991 3998 nec
1017 3944 1120 3997 alia
1153 3955 1328 3998 tamen
1364 3945 1664 4000 testimonia
1691 3946 2015 4013 subdantur,
2039 3940 2197 4018 quam
2226 3963 2347 4016 quae,
2379 3948 2446 4001 ad
2478 3947 2880 4002 distinctionem
2911 3955 3224 4001 naturarum
3252 3948 3609 4002 asserendam
3640 3948 3834 4012 valent,

590 4048 817 4103 quietaque
842 4036 892 4089 in
920 4035 1130 4106 dialogo
1164 4036 1253 4105 qui
1291 4036 1487 4092 dicitur
1512 4036 1856 4108 Iuconfusus,
1890 4039 2130 4094 adhibita
2161 4038 2373 4094 fuerant
2415 4039 2482 4092 ad
2518 4052 2632 4106 eos,
2660 4039 2751 4108 qui
2799 4036 3139 4093 Theodoreto
3180 4037 3589 4107 Apollinarismi
3626 4030 3837 4095 nomine

590 4130 824 4196 suspecti
861 4140 1036 4192 erant,
1079 4129 1471 4196 conlutandos;
1512 4145 1618 4185 non
1651 4129 1948 4185 aﬂ‘erantur
1973 4148 2093 4202 qua:
2121 4147 2187 4187 ex
2224 4132 2375 4188 libris
2406 4141 2593 4187 contra
2622 4130 2927 4185 Nestorium
2972 4129 3211 4200 scriptis,
3249 4130 3300 4183 in
3337 4129 3451 4200 ipso
3478 4130 3648 4185 etiam
3676 4132 3837 4187 citato

591 4220 801 4289 dialogo
832 4222 1098 4289 leguntur.

662 4309 858 4373 Quanti
894 4326 1021 4363 vero
1053 4310 1208 4377 pretii
1244 4309 1317 4363 sit
1339 4308 1650 4379 opusculum
1682 4310 1847 4377 istud,
1874 4306 2146 4366 aestimare
2182 4311 2310 4366 licet
2341 4311 2423 4366 vel
2454 4313 2579 4366 inde
2604 4314 2858 4379 maxime,
2882 4310 3024 4381 quod
3054 4326 3211 4366 nemo
3251 4310 3363 4366 fere
3390 4310 3840 4380 consequentium

590 4411 963 4468 tractatorum,
996 4405 1083 4473 qui
1117 4404 1435 4459 auctoritate
1466 4405 1649 4475 Cyrilli
1685 4407 1738 4458 iu
1780 4408 2034 4476 mysterio
2061 4405 2452 4461 lncarnatiouis
2477 4408 2795 4475 exponendo
2828 4406 2903 4459 uti
2943 4406 3191 4471 voluerit,
3214 4404 3579 4460 testimonium
3616 4402 3837 4473 aliquod

588 4508 653 4545 ex
680 4494 910 4548 Scholiis
936 4510 1038 4548 non
1063 4496 1372 4565 sumpserit.
1406 4496 1555 4550 Adde
1583 4498 1725 4564 quod
1761 4484 1996 4566 Cvrillus
2020 4497 2136 4566 ipse
2160 4497 2326 4550 videri
2354 4497 2521 4564 possit
2554 4498 2694 4552 hanc
2717 4512 2868 4551 suam
2893 4496 3356 4551 elucubrationem
3400 4495 3841 4553 commendasse.

589 4600 711 4647 cum
744 4588 1005 4651 scriberet
1039 4589 1257 4658 Eulogio
1286 4606 1297 4639 :
1326 4588 1721 4665 Compleclitur,
1742 4589 1937 4658 inquit,
1967 4589 2102 4641 idem
2130 4590 2261 4641 liber
2288 4589 2382 4642 sub
2418 4589 2578 4657 ﬁnem
2620 4588 2792 4641 breves
2820 4589 3075 4657 quasdam
3111 4588 3191 4665 de
3211 4587 3408 4641 Christi
3450 4588 3841 4655 dispensatione

590 4682 958 4747 expositiones,
981 4697 1168 4752 easque
1193 4661 1434 4747 pulchros
1456 4683 1740 4741 admodum
1764 4692 1809 4734 et
1835 4680 2008 4734 utiles.
2040 4680 2264 4748 Oportet
2299 4680 2442 4733 enim
2484 4680 2851 4747 expositiones
2883 4694 3017 4748 quas
3053 4661 3341 4743 memorat,
3385 4676 3468 4732 vel
3514 4694 3541 4731 a
3577 4676 3843 4742 Scholiis,

591 4772 673 4824 vel
706 4788 734 4824 a
770 4784 1138 4842 consequente
1174 4781 1408 4827 tractatu
1440 4775 1506 4837 de
1536 4773 1913 4837 Incarnatione
1946 4771 2134 4837 Verbi,
2160 4772 2243 4826 vel
2275 4788 2303 4825 a
2339 4772 2549 4842 dialogo
2580 4772 2865 4839 subiuncta
2897 4787 3003 4825 non
3038 4772 3255 4827 dill'erre
3282 4788 3295 4824 :
3321 4783 3497 4840 neque
3522 4772 3669 4825 enim
3697 4769 3844 4824 aliud

590 4864 861 4933 quidpiam
895 4868 1132 4932 scripsit,
1165 4866 1230 4921 de
1259 4882 1367 4935 quo
1402 4867 1622 4920 dubium
1651 4880 1771 4920 esse
1802 4864 1993 4932 possit.
2028 4863 2096 4918 At
2140 4862 2318 4917 dill'ert
2345 4863 2585 4934 profecto
2616 4877 2645 4915 a
2676 4873 3042 4931 consequente
3076 4871 3309 4917 tractatu
3348 4863 3440 4931 qui
3482 4875 3674 4916 revera
3706 4874 3846 4915 unus

592 4960 806 5035 quidam
855 4976 1033 5015 sermo
1066 4971 1183 5027 est;
1234 4961 1415 5016 dill'ert
1449 4960 1609 5013 etiam
1658 4974 1686 5015 a
1732 4959 1941 5028 dialogo
1982 4974 2105 5011 mox
2143 4958 2327 5012 dicto:
2371 4958 2492 5027 quis
2534 4958 2677 5012 enim
2722 4958 2987 5028 dialogum
3040 4957 3306 5021 ἐκθέσεως
3354 4956 3573 5011 nomine
3619 4955 3846 5026 proprio

592 5052 863 5121 appellet?
887 5052 1206 5121 Quanquam
1246 5053 1417 5121 potuit
1445 5053 1690 5121 dialogus
1725 5049 1974 5118 subiungi
2008 5048 2259 5112 Scholiis,
2282 5060 2340 5102 ut
2369 5050 2603 5118 epitome
2642 5050 2886 5119 qutedam
2914 5059 2969 5104 et
3000 5049 3145 5102 velut
3169 5048 3488 5117 ὑπόμνημα.

664 5148 835 5215 Quam
896 5128 1147 5202 accurata
1196 5147 1450 5203 methodo
1512 5147 1585 5212 sit
1630 5145 2039 5212 conscriptum,
2095 5158 2157 5199 ex
2213 5145 2355 5198 serie
2411 5152 2656 5212 apertum
2722 5153 2823 5199 est.
2885 5143 3117 5214 Cyrillus
3173 5158 3203 5197 a
3257 5142 3583 5212 simplicium
3647 5155 3844 5197 vocum

593 5243 1043 5309 interpretatione
1079 5258 1305 5296 exorsus
1339 5242 1595 5311 exponit,
1628 5241 1756 5309 quid
1797 5241 1867 5294 sit
1909 5239 2193 5304 Christus,
2230 5241 2357 5309 quid
2406 5240 2737 5304 Emmanuel,
2781 5240 2906 5309 quid
2937 5239 3124 5305 Jesus,
3154 5239 3283 5308 quid
3320 5252 3478 5305 unus,
3520 5237 3655 5307 quid
3686 5237 3842 5292 unio.

594 5336 716 5389 Mox
754 5338 819 5389 ad
855 5336 1272 5405 propositiones,
1305 5349 1423 5404 quae
1466 5334 1517 5388 in
1552 5337 1652 5389 hac
1687 5334 1912 5389 materia
1959 5333 2206 5401 usurpari
2243 5335 2437 5400 solent,
2485 5334 2784 5387 orationem
2838 5331 3131 5386 deﬂectens
3184 5331 3457 5394 edisserit,
3488 5344 3593 5409 qua
3632 5331 3847 5385 ratione

590 5427 839 5487 Christus
876 5426 945 5478 sit
995 5441 1154 5493 unus,
1210 5441 1345 5479 unus
1386 5424 1725 5488 Emmanuel,
1771 5440 1908 5477 unus
1940 5423 2121 5489 Jesus,
2171 5426 2223 5478 id
2278 5434 2384 5489 est,
2422 5441 2559 5479 unus
2614 5425 2894 5488 Dominus,
2942 5434 3045 5478 etc.
3093 5423 3229 5477 Tum
3283 5425 3554 5492 quomodo
3600 5425 3845 5481 Verbum

595 5521 805 5570 dicatur
826 5515 1184 5576 exinanitum,
1219 5515 1366 5568 carni
1400 5515 1634 5580 unitum,
1668 5514 1867 5567 factum
1901 5515 2096 5582 homo,
2137 5531 2235 5570 nec
2270 5517 2391 5571 ideo
2429 5525 2604 5570 tamen
2640 5527 2900 5570 mutatum
2926 5557 2940 5581 ,
2978 5526 3069 5569 aut
3102 5515 3383 5570 divinitate
3413 5525 3664 5571 exutum.
3704 5516 3848 5572 Hinc

594 5622 697 5671 quo
728 5618 882 5675 pacto
915 5606 1162 5659 Christus
1198 5623 1300 5660 non
1336 5607 1405 5659 sit
1431 5608 1593 5661 homo
1626 5608 1907 5677 Θεοφὸρος,
1938 5619 2029 5661 aut
2065 5610 2283 5664 numine
2315 5608 2546 5673 amatus,
2581 5610 2671 5665 sed
2703 5627 2825 5663 vere
2862 5611 3023 5664 homo
3054 5610 3215 5673 Deus,
3252 5611 3447 5664 deinde
3492 5626 3596 5679 qua
3633 5610 3847 5665 ratione

596 5698 830 5759 Verbum
864 5698 1209 5771 perhibeatur
1241 5699 1291 5755 iu
1340 5701 1491 5759 nobis
1520 5701 1783 5769 habitare,
1817 5703 1882 5765 ad
1924 5718 2021 5756 nos
2065 5704 2223 5771 mitti,
2252 5720 2448 5776 corpus
2489 5705 2688 5758 habere
2741 5704 3032 5781 proprium,
3084 5716 3135 5758 ct
3183 5703 3453 5774 quomodo
3506 5701 3844 5773 intelligatur
