4082 6258
405 304 542 360 1569
1119 331 1122 338 ·
1322 299 1613 362 SCHOLIA
1651 305 1740 362 DE
1777 306 1932 364 lNCA
1943 309 2001 364 Β]

2104 311 2297 368 ιιοΝΕ
2331 287 2706 372 UNIGENITI.
3517 317 3655 377 me

402 419 665 482 Θεοτὸκος
693 417 853 487 Virgo
883 423 1092 472 sancta.
1138 416 1378 474 Tandem
1423 419 1568 488 quod
1612 417 1932 492 Unigenitus
1965 423 2020 478 in
2060 440 2230 482 carne
2273 427 2468 484 visibili
2503 431 2786 498 apparens
2817 428 3128 484 nominetur
3159 429 3300 485 Deus
3337 439 3394 486 et
3447 431 3608 488 homo
3630 447 3648 484 :

404 513 674 581 quomodo
713 525 928 580 passus,
955 521 1010 564 et
1039 511 1092 564 in
1115 525 1224 580 quo
1252 520 1526 580 postremo
1551 513 1748 569 refellit
1773 529 1868 572 eos
1899 517 1991 584 qui
2022 519 2253 574 humana
2279 537 2388 576 non
2433 521 2538 575 alia
2572 522 2780 578 ratione
2821 523 2984 577 Deum
3017 522 3210 576 decere
3235 531 3444 590 putant,
3483 537 3644 592 quam

405 605 668 662 relatione
697 605 832 660 sola.
877 605 1166 671 Caeterum,
1205 607 1348 674 quod
1389 607 1503 674 jam
1547 609 1756 676 monui,
1799 612 2238 671 distinctionibus
2287 617 2356 670 ad
2417 617 2763 673 declinandas
2821 618 3274 673 heterodoxorum
3325 617 3656 686 obiectiones

408 696 627 752 utilibus
655 693 866 764 singula
898 691 1014 748 fere
1045 694 1218 764 capita
1249 693 1410 764 plena
1441 703 1596 750 sunt.

420 915 3602 951 _________________________________________________

1159 1005 1490 1196 ΤΟΥ
1561 1077 2022 1194 ΑΓΙΟΥ
2091 1069 2860 1194 ΚΥΡΙΛΛΟΥ

1961 1317 2126 1374 ΠΕΡΙ

619 1447 860 1593 ΤὲιΣ
935 1503 2108 1598 ΕΝΑΝΘΡΩΠΗΣΕΩΣ
2179 1506 2442 1596 ΤΟΥ
2515 1511 3452 1599 ΜΟΝΟΓΕΝΟΥΣ.

2014 1717 2084 1733 ι.-

1375 1864 1944 1992 SANCTI
2066 1865 2714 1990 CYRILLI

789 2115 1296 2210 SCHOLIA
1368 2114 1516 2204 DE
1593 2111 2502 2206 INCARNATIONE
2583 2117 3276 2207 UNIGENITI.

1017 2471 1264 2526 ΚΕΦΑΔ.
1306 2472 1384 2524 A'.
1575 2541 1612 2564 ,η

2383 2536 2395 2546 _
2463 2497 2466 2500 ι
2749 2473 2905 2532 CAP.
2946 2479 2986 2532 ι.

881 2587 941 2640 Τί
975 2587 1148 2640 ἐστιν
1188 2589 1222 2640 ὁ
1257 2588 1534 2656 Χριστός;

494 2699 568 2754 Τὸ
600 2699 831 2770 Χριστὸς
869 2698 1042 2768 ὄνομα
1075 2697 1202 2751 οὔτε
1238 2700 1366 2769 ὅρου
1417 2697 1646 2769 δύναμιν
1674 2699 1820 2770 ἔχει,
1867 2698 1992 2753 οὔτε

427 2791 530 2860 μὴν
565 2793 661 2859 τήν
687 2807 830 2853 τινος
861 2789 1065 2853 οὐσίαν,
1101 2789 1129 2843 ὃ
1167 2790 1218 2842 τί
1237 2789 1366 2843 ποτέ
1389 2791 1502 2842 ἐστι
1536 2789 1822 2860 σημαίνει·
1857 2790 1992 2844 καθ-

429 2884 568 2953 άπερ
609 2882 800 2953 ἀμέλει
849 2882 943 2934 καὶ
991 2882 1052 2934 τὸ
1097 2880 1417 2952 ἄνθρωπος,
1453 2879 1486 2951 ἢ
1533 2881 1738 2945 ἵππος,
1771 2881 1804 2953 ἢ
1842 2881 1990 2952 βοῦς.

423 2978 468 3027 Π
476 2975 752 3042 ράγματος
778 2973 834 3026 δὲ
872 2973 1072 3042 μᾶλλον
1100 2973 1491 3043 ὲνεργουμένου
1515 2973 1644 3044 περί
1679 2990 1801 3026 τινα
1827 2975 1998 3027 ποιεῖ-

420 3082 510 3118 ται
555 3066 804 3135 δήλωσιν.
843 3065 1038 3135 Ἑλαίῳ
1070 3051 1169 3134 ρὲν
1204 3065 1448 3134 ἐχρίοντο
1483 3065 1593 3118 τῶν
1626 3065 1996 3136 ἀρχαιοτέρων

420 3158 582 3222 τινὲς,
619 3157 759 3211 κατά
787 3174 852 3226 γε
887 3156 966 3226 τῷ
991 3155 1111 3224 Θεῷ
1132 3157 1192 3210 τὸ
1222 3157 1472 3226 τηνικάδε
1495 3157 1706 3212 δοκοῦν.
1741 3158 1850 3213 Καὶ
1871 3157 1996 3211 σύν-

423 3251 572 3321 Θημα
603 3249 876 3318 βασιλείας
902 3245 969 3320 ἦν
996 3252 1028 3319 ή
1054 3250 1234 3320 χρίσις
1270 3249 1471 3313 αὐτοῖς.
1505 3248 1781 3319 Ἐχρίοντο
1816 3251 1872 3304 δὲ
1899 3250 1998 3304 καὶ

419 3347 470 3396 οἱ
517 3343 790 3413 προφῆται
848 3339 1054 3410 νοητῶς
1096 3340 1175 3411 τῷ
1215 3341 1356 3410 ἁγίῳ
1379 3339 1682 3410 Πνεύματι,
1715 3340 1856 3396 ὥστε
1901 3342 1997 3394 καὶ

423 3433 667 3485 ἐντεῦθεν
706 3431 1065 3502 ὀνομάζεσθαι
1103 3431 1378 3502 χριστούς.
1405 3431 1610 3484 Ψάλλει
1649 3432 1778 3500 γοῦν
1817 3433 1845 3486 ὁ
1889 3449 1997 3502 μα-

423 3524 610 3592 κάριος
646 3521 807 3576 Δαϐὶδ
833 3524 897 3575 ὲκ
923 3520 1217 3590 προσώπου
1240 3519 1334 3574 τοῦ
1355 3521 1514 3584 Θεοῦ,
1536 3521 1627 3574 καί
1653 3539 1785 3592 φησι
1808 3539 1821 3553 ’
1856 3539 1876 3573 ι
1905 3521 1996 3591 Μὴ

424 3615 658 3668 ἅπτεσθε
689 3614 798 3666 τῶν
827 3613 1062 3683 χριστῶν
1094 3629 1217 3681 μου,
1238 3613 1333 3665 καὶ
1363 3615 1420 3666 ὲν
1442 3615 1556 3676 τοῖς
1585 3613 1886 3684 προφήταις
1921 3612 1998 3683 μὴ

424 3725 556 3775 πονη
569 3707 806 3776 ρεύεσθε.
839 3725 856 3757 ι
889 3705 1024 3776 Φησὶ
1055 3706 1116 3764 δὲ
1135 3706 1227 3760 καὶ
1257 3709 1285 3760 ὁ
1323 3709 1609 3779 προφήτης
1652 3707 1996 3778 ’Δὸϐακούμο

2614 2590 2753 2656 Quid
2781 2601 2856 2646 est
2885 2591 3148 2649 Christus.

2167 2701 2332 2772 779
2352 2702 2553 2758 Christi
2586 2719 2779 2758 nomen
2807 2720 2906 2760 nec
2923 2705 3248 2762 definitionis
3283 2709 3388 2763 vim
3428 2711 3664 2780 obtinet,

2095 2807 2195 2847 nec
2222 2793 2523 2864 cuiuspiam
2565 2797 2948 2866 substantiam,
2999 2799 3174 2868 qualis
3213 2801 3322 2868 sit,
3366 2802 3668 2871 signiﬁcat,

2095 2883 2237 2938 sicut
2270 2883 2408 2937 forte
2438 2885 2620 2950 homo,
2643 2898 2737 2940 aut
2769 2903 2961 2956 equus,
2987 2899 3080 2942 aut
3109 2891 3203 2944 hos
3227 2907 3242 2954 ;
3269 2891 3362 2944 sed
3401 2893 3474 2946 rei
3502 2893 3672 2961 magis

2096 2987 2214 3041 qua:
2245 2972 2298 3026 iu
2337 2973 2520 3042 aliquo
2552 2984 2765 3042 agatur,
2815 2976 2977 3030 habet
3009 2979 3458 3047 signiﬁcationem
3489 2997 3500 3032 :
3553 2982 3671 3034 oleo

2097 3079 2334 3134 namque
2357 3064 2696 3134 ungebantur
2714 3066 2932 3134 quidam
2957 3067 3321 3135 superiorum,
3349 3070 3501 3137 juxta
3525 3075 3670 3140 quod

2097 3156 2208 3213 Deo
2249 3166 2382 3212 tune
2421 3157 2680 3225 temporis
2713 3157 2978 3226 placebat,
3025 3168 3076 3212 et
3125 3159 3334 3229 signum
3371 3161 3520 3230 regni
3569 3161 3674 3216 illis

2098 3255 2218 3300 erat
2243 3247 2449 3301 unctio.
2494 3245 2850 3314 Ungebantur
2887 3261 3066 3301 autem
3107 3257 3160 3303 et
3188 3251 3462 3319 pr0phetm
3495 3253 3674 3306 sensi-

2099 3339 2280 3394 biliter
2310 3338 2514 3408 Spiritu
2550 3349 2763 3404 sancto,
2796 3351 2858 3394 ut
2883 3340 3006 3394 inde
3027 3353 3239 3409 quoque
3266 3341 3677 3397 nominarentur

2099 3429 2314 3484 christi.
2363 3430 2602 3498 Denique
2645 3429 2836 3484 beatus
2882 3430 3048 3484 David
3096 3431 3275 3498 psallit
3323 3447 3386 3484 ex
3444 3447 3671 3500 persona

2101 3529 2218 3595 Dei,
2247 3537 2299 3583 et
2330 3529 2406 3582 ait
2440 3543 2454 3580 :
2498 3546 2518 3580 ι
2547 3526 2725 3582 Nolite
2761 3537 2984 3598 tangere
3023 3529 3255 3583 chr-istos
3305 3543 3489 3592 meos,
3525 3537 3576 3582 et
3621 3529 3672 3580 iu

2100 3620 2377 3689 prophetis
2423 3619 2557 3674 meis
2603 3619 2764 3673 nolite
2810 3619 3090 3690 malignari
3121 3619 3159 3674 ί.
3211 3637 3230 3671 ι
3276 3620 3365 3673 Ait
3405 3628 3582 3673 autem
3623 3627 3678 3672 et

2099 3711 2361 3779 propheta
2393 3709 2644 3764 Habacuc
2680 3727 2695 3764 :
2736 3727 2756 3761 ι
2797 3709 2964 3764 Existi
2995 3711 3061 3764 ad
3095 3709 3322 3765 salutem
3352 3709 3533 3778 pepuli
3567 3709 3675 3773 tui,
3703 3727 3707 3731 ·

426 3817 448 3850 ι
481 3799 732 3868 Ἐξῆλθες
778 3801 857 3862 είς
901 3800 1171 3871 σωτηρίαν
1213 3799 1343 3855 λαοῦ
1390 3817 1506 3866 σου,
1536 3799 1631 3853 τοῦ
1677 3799 1847 3854 σῶσαι
1871 3801 2000 3864 τοὺς

2104 3814 2161 3856 ιιι
2187 3803 2427 3886 salvares
2459 3803 2694 3856 christos
2717 3809 2838 3855 tuos
2861 3803 2902 3852 '.
2931 3819 2950 3851 ι

424 3889 679 3960 χριστούς
719 3906 833 3943 σου.
867 3907 886 3940 ι

507 3979 630 4032 Ἐπὶ
668 3979 723 4032 δέ
755 3997 817 4048 γε
860 3980 954 4033 τοῦ
995 3983 1210 4036 πάντων
1242 3981 1399 4050 ἡμῶν
1435 3980 1688 4048 Σωτῆρος
1731 3978 1998 4048 Χριστοῦ,

423 4074 602 4142 χρίσιν
647 4074 743 4142 μὲν
775 4073 1027 4140 γενέσθαι
1057 4073 1258 4140 φαμέν.
1305 4071 1448 4139 Πλὴν
1481 4071 1605 4121 οὔτε
1649 4069 2002 4148 συμϐολικὴν,

424 4165 500 4225 ὡς
533 4165 717 4232 ἐλαίῳ,
743 4162 1048 4232 ὁρωμένην,
1077 4161 1199 4212 οὒτε
1224 4161 1328 4231 μὴν
1375 4161 1472 4230 τὴν
1501 4161 1578 4224 ὡς
1611 4162 1670 4212 ἐν
1722 4163 1906 4231 χάριτι
1937 4164 2004 4233 τῇ

425 4256 737 4324 προφητικῇ
758 4269 771 4282 ο
799 4253 912 4304 ἀλλ’
938 4253 1060 4304 οὐδὲ
1081 4253 1317 4323 ἐκείνην,
1336 4253 1434 4323 τὴν
1466 4253 1540 4316 ὡς
1575 4253 1636 4306 ἐν
1661 4271 1726 4323 γε
1765 4254 1842 4325 τῷ
1869 4272 2004 4326 προ-

426 4343 763 4415 χειρίζεσθαι
798 4342 1093 4415 νοουμένην
1121 4345 1255 4415 πρὸς
1287 4345 1625 4415 κατόρθωσιν
1650 4344 1745 4399 τοῦ
1766 4346 2004 4400 τοιούτου

426 4438 514 4489 διὰ
535 4452 674 4499 τινος
712 4434 1064 4505 πράγματος’
1095 4436 1276 4489 ὁποῖόν
1301 4454 1354 4489 τι
1398 4437 1651 4504 γενέσθαι
1683 4439 1882 4509 φαμὲν,
1913 4438 2007 4491 καὶ

383 4533 397 4546 ⁸
428 4527 520 4579 ἐπὶ
545 4527 726 4598 Κύρου
752 4527 843 4580 τοῦ
866 4527 1091 4598 Περσῶν
1114 4545 1172 4580 τε
1205 4529 1300 4582 καὶ
1327 4529 1524 4600 Μήδων
1544 4528 2005 4598 βεϐασιλευκότος,

426 4619 485 4682 ὃς
543 4620 1120 4690 κατεστράτευσε-τῆς
1162 4620 1540 4685 Βαϐυλωνίων,
1600 4621 2009 4692 παραθήγοντος

428 4713 506 4773 εἰς
529 4712 686 4764 τοῦτο
719 4711 882 4765 αὐτὸν
932 4712 1028 4764 τοῦ
1073 4713 1252 4765 πάντα
1287 4714 1566 4783 ἰσχύοντος
1590 4713 1746 4766 Θεοῦ.
1784 4713 2009 4782 Εἴρηται

428 4804 557 4874 γὰρ,
597 4823 614 4854 t
663 4803 819 4856 Οῦτω
857 4804 1002 4872 λέγει
1053 4805 1258 4874 Κύριος
1287 4805 1365 4874 τῷ
1399 4806 1608 4876 χριστῷ
1664 4823 1764 4876 μου
1806 4805 2006 4876 Κύρῳ,

428 4889 488 4946 οὗ
525 4894 802 4964 ἐκράτησα
837 4893 938 4962 τῆς
982 4893 1180 4957 δεξιᾶς.
1217 4913 1236 4944 ι
1277 4895 1474 4948 Καίτοι
1511 4913 1574 4961 γε
1623 4895 2011 4966 εἰδωλολάτρης

432 4986 691 5055 ὑπάρχων
713 4985 871 5055 ἀνὴρ,
907 4985 1220 5055 ὠνόμασται
1255 4986 1496 5055 χριστὸς,
1530 4985 1618 5039 διὰ
1640 4986 1700 5038 τὸ
1722 4987 1883 5038 οἱονεὶ
1915 5003 2000 5038 κε-

431 5076 650 5144 χρῖποαι
711 5076 846 5146 πρὸς
891 5075 1114 5144 βασιλέα
1139 5078 1203 5145 τῇ
1242 5076 1448 5128 ἄνωθεν
1490 5077 1686 5146 ψήφῳο
1719 5077 2007 5146 προκεχει-

2175 3981 2230 4034 In
2265 3981 2482 4035 Christo
2511 3987 2694 4033 autem
2743 3977 2986 4032 omnium
3039 3976 3318 4034 Salvatore
3367 3978 3676 4032 unctionem

2105 4070 2322 4140 quidem
2350 4069 2545 4123 factam
2577 4083 2697 4123 esse
2727 4067 2954 4123 dicimus
2980 4087 2993 4122 :
3028 4077 3281 4122 czeterum
3325 4083 3500 4138 neque
3532 4083 3680 4137 εγω-ο

2105 4159 2358 4225 bolieam,
2383 4161 2536 4230 quasi
2561 4161 2680 4214 oleo
2711 4161 2930 4225 factam,
2960 4173 3062 4214 nec
3087 4161 3244 4229 quasi
3277 4159 3329 4213 in
3358 4159 3526 4227 gratia
3559 4174 3682 4228 pro-

2106 4255 2319 4324 phetica
2343 4270 2358 4320 ;
2386 4255 2478 4308 sed
2514 4267 2613 4308 nec
2645 4251 2814 4318 illam,
2844 4267 2962 4322 quae
2985 4253 3302 4323 intelligitur
3328 4253 3442 4306 ﬁeri
3468 4253 3533 4305 ad
3561 4267 3680 4322 pcr-

2107 4349 2394 4402 fectionem
2430 4346 2656 4415 alicujus
2689 4345 2995 4414 huiusmodi
3044 4346 3275 4417 negotii,
3335 4347 3545 4416 qualem
3599 4345 3680 4398 l'a-

2109 4453 2255 4497 ctam
2293 4455 2413 4496 esse
2433 4441 2663 4495 dicimus
2703 4440 2756 4493 in
2805 4439 2944 4510 Cyro
2975 4439 3262 4494 Persarum
3313 4447 3368 4492 et
3407 4436 3680 4490 Medorum

2107 4547 2254 4601 rege.
2285 4531 2484 4586 Contra
2519 4529 2845 4598 Babylonios
2875 4531 3020 4584 enim
3057 4529 3145 4583 ille
3185 4530 3336 4582 duxit
3363 4528 3682 4588 exercitum,

2109 4623 2404 4692 instigante
2427 4623 2604 4689 ipsum
2631 4621 2682 4673 in
2711 4619 2760 4674 id
2791 4620 2898 4674 Deo
2925 4619 3316 4688 omnipotente.
3355 4617 3564 4670 Dictum
3602 4625 3686 4669 est

2109 4713 2298 4766 enim:
2353 4731 2372 4762 ‹
2411 4711 2536 4765 Haec
2587 4711 2720 4765 dicit
2771 4710 3030 4763 Dominus
3079 4709 3287 4764 chrislo
3341 4721 3458 4760 meo
3507 4707 3682 4775 Cyro,

2112 4803 2270 4874 cujus
2295 4805 2622 4873 apprehendi
2649 4805 2925 4857 dexteram
2951 4802 2993 4856 ³.
3035 4819 3052 4853 ι
3098 4801 3262 4870 Atqui
3301 4800 3390 4855 ille
3427 4801 3527 4862 vir,
3562 4815 3683 4853 cum

2111 4904 2260 4951 esset
2294 4895 2557 4951 idolorum
2593 4896 2786 4959 cultor,
2817 4893 3128 4948 nominatus
3157 4903 3241 4946 est
3273 4893 3532 4956 christus,
3567 4892 3685 4945 ideo

2113 4990 2254 5056 quod
2293 4988 2445 5057 quasi
2483 4998 2680 5042 unctus
2711 4995 2795 5041 est
2821 4987 2872 5038 in
2898 5001 3141 5055 regnum,
3173 4985 3380 5038 ctelesti
3409 4983 3682 5051 sull'ragio,

2115 5091 2170 5134 et
2207 5080 2488 5135 ordinatus
2533 5089 2616 5134 est
2651 5095 2682 5133 a
2729 5077 2837 5134 Deo
2873 5085 2932 5131 ut
2972 5077 3295 5132 Babvlonem
3345 5075 3686 5130 vehementer

431 5169 608 5237 ρισταί
637 5186 696 5220 τε
728 5168 876 5238 παρὰ
897 5169 1031 5220 Θεοῦ
1055 5168 1197 5221 κατὰ
1226 5168 1424 5239 κράτος
1458 5169 1683 5238 αἰρῆσαι
1707 5168 1804 5238 τὴν
1838 5169 2001 5222 Βαϐυ·

2117 5181 2473 5242 expugnaret.

431 5257 534 5309 λων
545 5258 636 5309 ἔων
644 5299 658 5312 .

507 5349 719 5399 Ἐκεῖνο
768 5347 824 5399 δὲ
887 5347 1145 5414 μᾶλλον..
1176 5387 1188 5399 .
1237 5348 1451 5417 Ἐπειδὴ
1502 5347 1637 5417 γὰρ,
1677 5349 1764 5402 διὰ
1819 5349 1912 5419 τὴν
1947 5352 2004 5402 ὲν

444 5438 616 5506 Ἀδὰμ
662 5433 1013 5506 παρὰὅασιν,
1094 5439 1449 5506 βεϐασίλευκε
1511 5440 1650 5491 κατὰ
1714 5441 2003 5510 πάντωνή

432 5529 696 5598 ἁμαρτία,
733 5529 948 5598 ἁπέπτη
981 5531 1033 5582 δὲ
1055 5531 1110 5582 τὸ
1134 5529 1357 5599 Πνεῦμα
1390 5531 1448 5583 τὸ
1481 5532 1660 5598 ἅγιον·
1691 5535 1780 5586 καὶ
1817 5534 2005 5601 γέγονε

505 5707 518 5733 ¹
551 5706 666 5758 l‘sul
713 5721 817 5770 ειν,
851 5707 930 5762 ιδ.
1010 5711 1026 5739 ²
1059 5707 1254 5765 llubut‘.
1286 5725 1367 5776 ιιι,
1396 5711 1638 5780 l5,ju.\'tu
1666 5709 1824 5762 L\X.

1907 5711 1922 5734 ⁵
1950 5708 2047 5763 Ιδιι.
2086 5725 2202 5776 XLV,
2237 5710 2280 5764 1.

2187 5347 2322 5401 Illud
2346 5356 2524 5401 autem
2550 5346 2720 5414 magis
2754 5346 2820 5401 de
2845 5344 3083 5400 Christo.
3116 5345 3375 5412 Quoniam
3398 5345 3540 5400 enim
3569 5361 3686 5413 pro-

2119 5449 2236 5506 pter
2266 5439 2395 5492 Adm
2433 5437 2930 5508 praevaricationem
2961 5437 2982 5468 ⁵
3017 5433 3338 5507 regnaverat
3371 5453 3531 5508 supra
3563 5453 3684 5491 om-

2116 5547 2210 5586 nes
2250 5541 2552 5600 peccatum,
2587 5537 2642 5584 et
2668 5528 2902 5599 Spiritus
2937 5530 3002 5584 ah
3047 5529 3375 5585 humanitate
3419 5529 3683 5584 discesse-

2361 5711 2374 5738 ’⁸
2413 5707 2564 5765 Rom.
2596 5725 2645 5776 ν,
2677 5708 2757 5763 Η.
