4082 6258
463 331 596 388 1571

1431 331 1491 387 S.
1528 326 1795 385 CYBILIA
1832 320 2301 381 ALEXANDBINI
2335 318 2653 377 ARCHIEP.

3575 313 3714 371 I372

466 459 551 504 rat
573 449 617 511 ',
650 447 722 502 ob
768 456 998 515 eamque
1044 458 1266 502 causam
1324 447 1378 501 in
1432 446 1590 502 malis
1642 445 1897 501 omnibus
1944 421 2034 497 illa

2137 438 2343 509 ταύτης
2369 439 2531 492 Evam
2549 436 2651 506 τῆς
2677 433 2855 497 αἰτίας
2872 431 2931 486 ὲν
2951 431 3113 486 παντὶ
3136 430 3313 502 κακῷ·
3333 428 3441 484 ἔδει
3468 430 3524 484 δὲ
3557 432 3717 486 πάλιν

466 539 823 604 Versabatur;
864 552 1000 605 opus
1037 546 1220 592 autem
1248 546 1368 592 erat
1417 547 1478 591 ut
1520 552 1759 601 rursum,
1800 551 1893 606 per
1938 535 2035 590 Dei

467 628 900 683 misericordiam
930 629 983 681 in
1002 626 1293 696 pristinum
1323 636 1594 692 revocata,
1625 626 1884 696 Spiritum
1919 624 2035 681 nte-‘-

468 730 679 773 I'erctur
706 738 717 773 :
748 719 907 772 homo
933 718 1129 770 factum
1166 725 1248 771 est
1274 717 1604 784 unigenitum
1652 718 1746 773 Dei
1775 717 2035 784 Verbum,

466 822 519 863 et
570 826 690 863 cum
743 819 957 877 terreno
1008 820 1237 875 corpore
1296 811 1525 864 terrenis
1576 811 1845 878 apparuit.
1914 810 2037 865 Fuit

466 902 627 953 etiam
668 901 891 955 liberum
939 913 968 952 a
1007 910 1252 967 peccato,
1290 908 1350 953 ut
1387 909 1443 955 et
1491 900 1544 955 in
1589 901 1728 969 ipso,
1778 909 1833 955 et
1876 901 1933 955 in
1972 916 2037 956 eo

465 992 601 1054 solo,
637 989 957 1043 innocentiae
982 988 1226 1045 laudibus
1269 999 1460 1045 natura
1488 990 1720 1046 hominis
1745 1000 2034 1059 coronata,

468 1082 669 1148 Spiritu
724 1091 909 1135 sancto
958 1081 1255 1149 ditaretur,
1298 1096 1364 1138 ac
1414 1083 1493 1138 sic
1548 1081 2037 1139 reformareturad

465 1168 633 1222 Deum
687 1185 783 1237 per
842 1170 1345 1226 sanctiﬁcationem.
1409 1173 1573 1243 780
1621 1172 2035 1229 Transirenim

463 1261 530 1314 ad
575 1278 672 1317 nos
706 1278 918 1333 quoque
954 1264 1125 1331 gratia
1179 1275 1354 1333 ccepta
1390 1282 1420 1318 a
1467 1265 1701 1332 Christo,
1735 1266 1825 1335 qui
1861 1276 1945 1322 est
1984 1267 2035 1320 in

465 1353 620 1407 nobis
661 1353 1081 1422 primogenitus;
1131 1355 1292 1424 idque
1338 1370 1436 1410 nos
1466 1356 1664 1411 docens
1702 1356 1893 1412 beatus
1934 1356 2040 1412 Da-

2136 530 2275 601 ὶλὲῳ
2297 530 2454 593 Θεοῦ,
2474 528 2609 599 πρὸς
2631 527 2692 580 τὸ
2707 528 2767 580 ὲν
2787 527 2982 597 ἀρχαῖς
2999 524 3402 578 ἀναϐαίνουσαν
3421 523 3718 594 ἀξιωθῆναι

2136 621 2233 677 τοῦ
2258 621 2578 691 Πνεῦματος
2595 638 2608 652 ·
2637 618 3066 691 ἐνηνθρώπησεν
3089 619 3119 671 6
3142 616 3436 687 μονογενὴς
3465 616 3561 668 τοῦ
3583 616 3717 669 Θεοῦ

2137 715 2327 781 Λόγος.
2357 713 2535 782 Ὠφθη
2565 729 2627 765 τε
2653 714 2768 775 τοῖς
2796 710 2893 764 ἐπὶ
2919 709 3023 779 γῆς
3045 708 3184 779 μετὰ
3211 707 3407 778 γηῖνου
3443 708 3719 777 σώματος.

2138 800 2256 858 εἶτα
2283 804 2509 873 γέγονεν
2533 802 2808 875 ἁμαρτίας
2837 800 3143 873 ἐλεύθερος,
3164 800 3252 853 ἵνα
3279 801 3339 852 ὲν
3364 798 3512 868 αὒτῷ
3538 816 3599 851 τε
3624 800 3718 852 καὶ

2141 898 2286 969 μόνῳ
2302 899 2410 961 τοῖς
2429 898 2525 967 τῆς
2542 893 2889 966 ἀμαρτησίας
2909 894 3213 963 αὐχήμασι,
3242 894 3275 961 ἡ
3301 889 3592 960 ἀνθρώπου
3616 890 3718 958 φύ-

2140 1005 2224 1052 σις
2255 988 2663 1058 στεφανουμένη
2681 984 3103 1055 καταπλουτήσῃ
3126 983 3185 1037 τὸ
3204 982 3431 1052 Πνεῦμα
3457 981 3516 1034 τὸ
3541 982 3716 1049 ἆγιον·

2138 1080 2561 1153 ἀναμορφωθείη
2598 1095 2659 1132 τε
2685 1078 2830 1133 οὕτω
2857 1077 2997 1149 πρὸς
3014 1075 3147 1129 Θεὸν
3179 1075 3246 1128 δι’
3278 1074 3573 1144 ἀγιασμοῦ.
3596 1075 3722 1126 Δια-

2137 1172 2311 1226 δαίνει
2340 1172 2399 1224 δὲ
2427 1170 2571 1224 οὓτω
2601 1170 2697 1224 και⁵
2725 1171 2808 1234 είς
2833 1169 2982 1240 ἡμᾶς
3005 1168 3038 1237 ἠ
3063 1167 3247 1237 χάρις,
3275 1166 3450 1238 ἀρχὴν
3478 1164 3720 1216 λαϐοῦσα
3767 1239 3776 1245 _

2138 1262 2374 1333 Χριστὸν
2403 1262 2494 1313 τὸν
2527 1262 2586 1313 ὲν
2612 1263 2746 1330 ἡμῖν
2788 1259 3160 1331 πρωτότοκον.
3186 1257 3299 1317 Καὶ
3342 1256 3432 1307 διὰ
3459 1254 3617 1308 τοῦτο
3644 1254 3723 1306 δι·
3748 1245 3760 1281 "

2137 1350 2350 1405 δάσκων
2367 1352 2513 1422 ἡμᾶς
2535 1354 2563 1405 6
2593 1351 2863 1421 μακάριος
2882 1348 3078 1418 ψάλλει
3108 1346 3275 1399 Δαὸὶδ
3297 1346 3432 1415 πρὸς
3452 1346 3542 1398 τὸν
3569 1346 3716 1397 Υἰὸν’

464 1444 550 1494 vid
583 1444 757 1511 psallit
804 1444 869 1497 ad
898 1443 1091 1497 Filium
1124 1462 1136 1498 :
1177 1462 1196 1496 ι
1230 1444 1472 1500 Dilexisti
1495 1445 1757 1513 justitiam
1797 1457 1852 1501 et
1877 1446 2034 1502 odisti

2144 1463 2163 1497 ι
2200 1445 2525 1514 Ἠγάπησας
2547 1440 2918 1510 δικαιοσύνην,
2947 1438 3044 1493 καὶ
3078 1439 3350 1508 ἐμίσησας
3374 1436 3607 1498 ἀδικίαν,
3631 1436 3719 1488 διὰ

464 1535 827 1603 iniquitatem,
866 1536 984 1590 ideo
1030 1536 1185 1590 unxit
1219 1546 1269 1594 te
1305 1537 1449 1593 Deus
1476 1537 1618 1594 Deus
1646 1546 1767 1594 tuus
1794 1537 1915 1595 oleo
1942 1537 2034 1593 ιω-

2138 1536 2299 1588 τοῦτο
2345 1531 2531 1607 ἔχρισὲ
2562 1548 2625 1586 σε
2668 1534 2699 1586 6
2729 1530 2863 1596 Θεὸς
2891 1531 2920 1585 6
2951 1528 3086 1593 Θεός
3124 1543 3217 1582 σου
3247 1527 3426 1580 ἔλαιον
3456 1527 3716 1596 ἀγαλλιά-

466 1627 599 1680 tilia:
627 1628 665 1679 ⁸.
708 1645 725 1677 ι

2141 1644 2303 1689 σεως.
2340 1644 2359 1677 ι

539 1717 740 1773 Unctns
762 1728 846 1773 est
868 1720 1032 1790 igitur
1050 1719 1296 1789 exemplo
1319 1730 1505 1776 nostro
1526 1720 1694 1777 Filius
1719 1722 2034 1778 innocentiae

2211 1716 2513 1787 Κέχρισται
2552 1714 2738 1767 τοίνυν
2777 1711 2902 1767 καθ’
2931 1712 3081 1783 ἡμᾶς
3125 1709 3488 1780 ἀνθρωπίνως
3520 1712 3547 1763 6
3590 1708 3719 1772 Υἱὸς

463 1808 732 1873 laudibus,
771 1821 845 1875 et,
880 1789 941 1864 ut
976 1819 1101 1865 ante
1145 1810 1277 1874 dixi,
1325 1811 1379 1864 in
1414 1812 1530 1879 ipso
1569 1820 1761 1867 natura
1804 1813 2034 1869 hominis

2137 1813 2252 1873 τοῖς
2281 1812 2382 1880 τῆς
2410 1805 2831 1877 ἀναμαρτησίας
2870 1805 3139 1867 ἐπαίνοις,
3166 1802 3242 1865 ὡς
3278 1801 3491 1871 ἔφημεν
3511 1818 3523 1830 ·
3567 1802 3722 1854 ὲκλε-

462 1898 748 1963 illnstrata,
774 1910 826 1955 et
868 1901 1023 1970 digna
1048 1902 1162 1970 jam
1207 1901 1391 1956 sortiri
1434 1900 1700 1971 Spiritum
1746 1911 1992 1960 sanctum
2019 1946 2034 1971 ,

2141 1899 2590 1974 λαμπρυμμένης
2616 1899 2676 1951 ὲν
2721 1895 2872 1968 αὑτῷ
2904 1884 3005 1967 τῆς
3027 1895 3122 1949 τοῦ
3162 1893 3451 1965 ἀνθρώπου
3482 1893 3719 1962 φύσεως,

457 1989 568 2058 jnln
602 2005 706 2042 non
748 1990 1138 2055 discessurum,
1180 1991 1321 2046 sicut
1365 2000 1546 2058 antea,
1589 1994 1682 2047 sed
1718 2010 2034 2050 mansurum

2137 1994 2294 2059 ἀξίας
2331 2010 2391 2046 τε
2421 1989 2522 2062 ἤδη
2557 1988 2864 2060 γενομένης
2887 1987 2981 2040 τοῦ
3029 1988 3231 2059 χρῆναι
3276 1988 3569 2058 μετασχεῖν
3623 1986 3720 2038 τοῦ

462 2080 633 2149 magis
659 2080 709 2133 in
738 2080 869 2150 ipsa.
897 2081 1130 2153 Ideoque
1152 2083 1416 2154 scriptum
1444 2093 1548 2150 est,
1580 2085 1723 2153 quod
1759 2102 1778 2137 ι
1812 2087 2034 2142 descen-

2137 2088 2293 2158 ἁγίου
2347 2083 2666 2154 Πνεύματος
2688 2098 2702 2111 °
2736 2082 2838 2136 οὐκ
2884 2080 3294 2151 ἀποφοιτῶντος
3326 2080 3407 2132 ἔτι
3438 2078 3583 2132 καθὰ
3628 2080 3720 2133 καὶ

460 2176 539 2223 «ιιι
581 2173 631 2224 in
673 2188 794 2226 eum
852 2172 1123 2242 Spiritus,
1159 2183 1214 2230 et
1267 2176 1467 2230 mansit
1520 2191 1683 2245 super
1727 2177 1901 2248 ipsum
1932 2179 1977 2234 ’.
2009 2197 2033 2233 ι

2137 2179 2198 2233 ἑν
2228 2177 2446 2251 ἀρχαῖς,
2496 2170 3005 2248 ἑμφιλσχωροῦντος
3034 2173 3091 2227 δὲ
3137 2172 3339 2244 μᾶλλον
3381 2174 3544 2244 αὐτῇ,
3578 2173 3720 2225 Ταύ-

460 2260 673 2317 Dicitur
722 2278 853 2333 ergo
905 2263 1155 2320 Christus
1199 2266 1296 2321 Dei
1352 2265 1611 2333 Verbum,
1642 2270 1784 2339 quod
1817 2278 2034 2341 propter

2137 2284 2286 2342 τῃτοι
2312 2268 2406 2320 καὶ
2435 2266 2767 2337 γέγραπται,
2802 2263 2884 2316 ὅτι
2909 2279 2928 2313 ι
2958 2260 3226 2331 Κατέπτη
3260 2260 3358 2331 μὲν
3388 2260 3481 2313 ἐπὶ
3503 2260 3717 2331 Χριστῷ

459 2369 559 2408 nos
592 2362 645 2408 et
675 2355 844 2409 nostri
886 2355 1082 2412 similis
1130 2357 1292 2412 homo
1319 2364 1404 2412 est
1436 2358 1668 2424 factum,
1704 2367 1760 2415 et
1790 2359 1842 2415 in
1887 2365 2034 2418 servi

456 2442 633 2496 forma
664 2460 678 2496 :
712 2453 765 2498 et
799 2444 1017 2514 ungitur
1047 2445 1265 2513 quidem
1296 2446 1551 2511 humane,
1586 2446 1881 2501 secundum
1910 2463 2035 2502 car-

457 2546 619 2597 nem;
651 2535 802 2604 ungit
843 2545 1023 2591 autem
1069 2535 1250 2592 divine
1300 2552 1399 2593 suo
1455 2536 1663 2609 Spiritu
1705 2552 1800 2595 eos
1836 2540 1931 2609 qui
1976 2541 2032 2596 in

457 2622 633 2691 ipsum
666 2626 917 2682 credunt.

1115 2807 1272 2865 CAP.
1309 2808 1377 2866 il.

702 2938 944 3007 Qualiter
970 2941 1196 3013 intelligi
1226 2941 1409 2997 debeat
1443 2940 1778 2999 Emmanuel.

525 3074 842 3131 Emmanuel
862 3078 1172 3133 nominatur
1197 3077 1337 3133 Deus
1358 3077 1615 3144 Verbum,
1676 3079 1823 3150 quod
1853 3080 2029 3137 Abra-

456 3170 538 3224 hae
570 3184 756 3224 semen
793 3170 1168 3239 apprehendit,
1203 3179 1260 3225 et
1286 3170 1537 3226 similiter
1574 3186 1641 3227 ac
1670 3187 1770 3228 nos
1796 3174 2026 3242 partici-

452 3262 598 3327 pavit
622 3260 772 3317 carni
798 3270 854 3317 et
873 3263 1122 3333 sanguini
1148 3263 1192 3317 ⁸.
1242 3260 1635 3331 Interpretatur
1697 3275 1880 3322 autalt
1906 3268 2033 3322 Em-

452 3352 688 3418 Ittuuuel,
727 3352 993 3406 nobiscum
1034 3352 1193 3408 Deus.
1236 3353 1574 3409 Ctmlitemur
1612 3364 1793 3411 autem
1843 3358 2031 3413 nobis-

451 3458 574 3496 cum
611 3443 775 3499 fuisse
812 3445 900 3499 Dei
937 3444 1189 3511 Verbum,
1244 3460 1352 3501 non
1378 3446 1658 3502 localiter:
1685 3448 1738 3501 i
1762 3464 1871 3520 quo
1888 3450 2033 3506 enim

450 3535 572 3587 loco
619 3552 724 3589 non
761 3546 846 3591 est
887 3537 1059 3601 Deus,
1103 3537 1193 3605 qui
1250 3538 1437 3608 implet
1472 3540 1693 3594 omnia?
1737 3539 1848 3595 Nec
1892 3543 2037 3613 quod

451 3627 642 3679 adesse
666 3626 823 3679 nobis
843 3627 1182 3695 conspicitur
1214 3628 1401 3681 auxilii
1445 3630 1689 3695 ratione;
1723 3631 1925 3687 dictum
1953 3642 2038 3690 est

450 3714 595 3768 enim
627 3714 731 3768 hoc
767 3713 926 3768 modo
954 3715 1025 3769 ad
1055 3712 1238 3770 Iesum
1282 3714 1454 3769 lilium
1491 3714 1677 3772 Nave:
1724 3735 1743 3771 ι
1795 3720 1862 3774 Et
1895 3722 2037 3778 sicut

450 3821 600 3860 erum
644 3821 765 3860 cum
815 3804 1018 3877 Moyse,
1066 3806 1139 3861 ita
1181 3821 1277 3863 ero
1317 3817 1374 3863 et
1406 3809 1651 3865 tecum’.
1690 3828 1709 3861 ι
1758 3809 1864 3865 Sed
1893 3814 2036 3881 quod

451 3896 654 3952 factum
684 3908 770 3954 est
808 3901 861 3953 in
911 3900 1136 3965 nostris,
1177 3899 1231 3955 id
1264 3908 1373 3966 est,
1422 3902 1478 3955 in
1533 3900 1893 3969 humanitate,
1929 3919 2035 3959 non

451 3990 709 4045 derelicta
742 4006 840 4046 sua
871 4000 1066 4047 natura
1098 4006 1115 4044 :
1168 3992 1585 4050 inconvertibiie
1627 4002 1714 4049 est
1753 3996 1900 4050 enim
1936 4010 2036 4051 aa-

452 4092 574 4137 tura
607 4082 700 4139 Dei
735 4084 993 4139 Verbum.

525 4174 797 4230 Cmterum
831 4190 997 4245 quam
1025 4177 1099 4234 ob
1119 4191 1362 4242 causam,
1398 4190 1521 4232 cum
1550 4176 1711 4247 pIane'
1731 4176 1947 4233 dicatur
1970 4176 2037 4233 ad

450 4261 633 4318 Iesum
677 4263 844 4318 lilium
874 4264 1046 4329 Nave,
1074 4268 1219 4335 quod
1248 4283 1270 4317 ι
1301 4266 1446 4321 sicut
1471 4280 1621 4321 eram
1662 4282 1789 4321 cum
1824 4267 2027 4337 Moyse,

452 4355 535 4409 sic
561 4368 655 4406 ero
680 4363 888 4417 tecum,
924 4372 944 4405 ι
984 4370 1091 4410 non
1133 4364 1217 4411 est
1258 4365 1435 4412 tamen
1472 4356 1781 4412 nominatus
1821 4358 2036 4414 Emma-

451 4444 616 4501 nuel?
649 4443 765 4514 Ipsa
801 4454 985 4500 autem
1020 4446 1160 4501 ratio
1188 4426 1268 4502 est
1298 4462 1312 4499 :
1358 4448 1461 4503 etsi
1501 4449 1647 4502 enim
1682 4463 1808 4504 cum
1855 4450 2035 4519 aliquo

450 4544 762 4591 sanctorum
794 4536 960 4593 fuisse
986 4538 1231 4604 dicatur;
1266 4553 1373 4594 non
1419 4548 1600 4595 tamen
1636 4540 1917 4596 nobiscum
1952 4540 2034 4594 fa-

449 4637 597 4682 clum
629 4643 750 4685 esse
778 4629 1010 4685 dicimus
1045 4629 1214 4685 Deum
1251 4628 1513 4693 Verbum,
1546 4630 1651 4686 nisi
1679 4645 1746 4685 eo
1793 4638 2036 4700 tempore

450 4734 560 4788 quo
587 4719 744 4789 juxta
782 4719 925 4788 quod
952 4719 1085 4776 dicit
1128 4718 1374 4786 Barnch,
1413 4737 1435 4771 ι
1472 4719 1525 4773 in
1568 4727 1713 4775 terra
1742 4719 1890 4774 visus
1917 4729 2030 4785 est,

448 4816 507 4862 et
539 4808 676 4862 inter
704 4809 955 4864 homines
1005 4818 1362 4864 conversatus
1405 4817 1509 4873 est,
1534 4816 1591 4863 et
1628 4822 1845 4862 omnem
1890 4808 2031 4863 viam

452 4898 735 4955 inveniens
759 4900 1079 4970 disciplinae,
1113 4908 1169 4955 et
1198 4900 1332 4956 dans
1357 4914 1476 4955 eam
1503 4898 1669 4955 Iacob
1702 4914 1869 4967 puero
1905 4914 2029 4964 suo,

451 5003 506 5046 et
529 4990 692 5046 Israel
714 4992 913 5049 dilecto
935 5008 967 5048 a
1005 5007 1066 5047 se
1097 5008 1112 5045 :
1147 4991 1260 5062 ipse
1288 4998 1371 5047 est
1397 4990 1544 5046 enim
1576 4990 1720 5047 Deus
1744 4999 1950 5056 noster,
1979 4998 2034 5045 et

451 5098 557 5135 non
588 5084 987 5153 comparabitur
1008 5084 1147 5139 alius
1170 5085 1239 5139 ad
1257 5098 1383 5140 eum
1409 5084 1474 5139 ⁸ο.
1512 5103 1532 5135 ι

523 5174 791 5240 Quantum
830 5177 973 5230 enim
1016 5177 1081 5231 ad
1112 5175 1204 5230 Dei
1354 5175 1517 5229 Ὅσον
1549 5176 1648 5243 μὲν
1676 5176 1784 5246 γὰρ
1807 5168 1938 5245 ἧκεν
1954 5175 2034 5239 εἰς

451 5275 695 5319 naturam
748 5268 1003 5337 pertinet,
1070 5284 1205 5323 non-
1278 5269 1339 5322 τὸ
1367 5264 1505 5323 εἶναι
1526 5269 1659 5333 Θεὸς
1679 5270 1820 5324 κατὰ
1851 5269 2031 5340 φύσιν,

450 5358 575 5412 dum
601 5359 1045 5426 eratnobiscnm;
1072 5361 1208 5415 mul—
1240 5394 1243 5397 ‹
1279 5362 1380 5415 οὐκ
1418 5357 1488 5432 ἦν
1518 5362 1634 5434 μεθ’
1661 5362 1840 5434 ήμῶνο
1871 5361 2036 5430 ἀσύγ-

2134 2361 2194 2414 τὺ
2224 2356 2473 2429 Πνεῦμα,
2509 2356 2787 2427 μεμένηκε
2812 2353 2871 2406 δὲ
2894 2354 2980 2406 ἐπ’
3006 2352 3188 2407 αὐτόν.
3224 2371 3243 2404 ι
3274 2352 3507 2420 Λέγεται
3543 2351 3721 2404 τοίνυν

2133 2451 2368 2523 Χριστὸς
2401 2451 2431 2503 6
2457 2447 2550 2501 τοῦ
2587 2445 2726 2500 Θεοῦ
2759 2446 2932 2514 Λόγος
2960 2446 2988 2497 ὁ
3021 2445 3088 2498 δι’
3121 2445 3271 2515 ἡμᾶς
3300 2445 3395 2497 καὶ
3425 2445 3547 2498 καθ’
3573 2445 3721 2514 ἡμᾶς

2132 2535 2439 2607 ἄνθρωπος,
2469 2533 2564 2588 καὶ
2599 2534 2657 2586 ὲν
2700 2532 2766 2603 τῇ
2808 2531 2903 2585 τοῦ
2941 2531 3134 2586 δούλου
3173 2536 3356 2605 μορφῇ
3379 2549 3392 2561 ’
3434 2533 3529 2586 καὶ
3572 2532 3722 2604 χριό-

2136 2644 2296 2698 μενος
2323 2626 2421 2697 μὲν
2451 2622 2812 2696 ἀνθρωπίνως
2836 2623 2980 2677 κατά
2997 2623 3099 2695 τὴν
3118 2625 3316 2696 σάρκα,
3337 2624 3514 2695 χρίων
3533 2625 3589 2677 δὲ
3614 2623 3722 2677 Θεῖ-

2133 2718 2247 2781 ιιῶς
2271 2716 2351 2788 τῷ
2382 2715 2500 2788 ἰδίῳ
2530 2713 2811 2786 Ηνεύματι
2837 2714 2965 2779 τοὺς
2986 2717 3067 2780 εἰς
3105 2716 3269 2770 αὐτὸν
3307 2715 3682 2779 πιστεύοντας.

2965 2901 3077 2947 tum
3125 2893 3268 2948 enim
3313 2892 3537 2947 interest
3582 2892 3723 2948 inter

2963 2982 3218 3038 deitatem
3236 2992 3291 3039 et
3304 2984 3717 3050 humanitatem;

2964 3082 3019 3131 et
3047 3060 3237 3146 ingens
3267 3086 3355 3131 est
3384 3076 3544 3132 nimis
3567 3074 3722 3131 diae-

2964 3170 3137 3225 rentia
3164 3180 3501 3225 naturarum.

2131 2910 2320 2966 κριτον
2384 2891 2497 2964 γὰρ
2555 2890 2617 2944 τὸ
2686 2890 2892 2962 μεταξὺ

2132 2990 2386 3062 θεότητος
2459 2987 2556 3042 καὶ
2607 2986 2706 3041 ἀνθ
2712 2986 2892 3058 ρωπό-

2128 3100 2325 3156 τητοςσ
2392 3082 2490 3137 καὶ
2564 3080 2733 3152 πολλή
2805 3096 2893 3145 τις

2132 3178 2271 3246 ἀταν
2294 3176 2405 3230 τῶν
2433 3173 2649 3247 φύσιών
2678 3175 2827 3228 ἐστιν
2854 3174 2891 3245 η

2132 3268 2385 3340 διαφορά.

2206 3360 2440 3430 Ideoque
2483 3359 2698 3415 divinus
2738 3355 2913 3412 David
2961 3356 3031 3410 ad
3082 3352 3485 3424 proximitatem
3535 3352 3727 3423 mystio

2135 3469 2253 3509 eam
2302 3452 2414 3525 [ιιι.
2471 3453 2723 3507 unionem
2772 3444 3196 3518 aretissimatn],
3244 3445 3412 3502 Deum
3463 3444 3723 3511 Verbum,

2137 3546 2279 3616 quod
2326 3545 2566 3600 nondum
2602 3543 2671 3598 ad
2722 3556 2822 3597 nos
2854 3548 3100 3605 venerat,
3147 3538 3399 3604 vocabat,
3446 3538 3633 3593 dicens
3668 3539 3723 3592 in

2136 3637 2366 3707 spiritu:
2404 3654 2423 3689 t
2450 3634 2531 3691 0b
2559 3634 2709 3704 quid,
2740 3633 3001 3696 Domine,
3050 3629 3346 3685 discessisti
3381 3628 3535 3697 longe
3567 3628 3610 3659 “
3633 3629 3660 3681 ?
3699 3647 3722 3681 ι

2206 3728 2285 3797 (ι)
2318 3728 2458 3796 Ergo
2495 3725 2610 3793 jam
2642 3739 2749 3780 non
2796 3723 3065 3787 discessit,
3110 3720 3204 3775 sed
3255 3720 3531 3774 nobiscum
3591 3718 3722 3783 fuit,

2136 3816 2226 3884 qui
2258 3830 2382 3870 cum
2413 3814 2699 3869 mansisset
2729 3814 2781 3868 id
2828 3812 2971 3882 quod
2993 3819 3135 3875 erat,
3172 3809 3529 3881 apprehendit
3555 3810 3726 3861 Abra-

2137 3907 2220 3963 hae
2242 3921 2449 3972 semen,
2476 3914 2538 3960 ut
2561 3904 2672 3959 dixi
2699 3922 2714 3972 ;
2742 3904 2953 3972 accepit
2996 3911 3176 3956 autem
3226 3901 3391 3955 etiam
3422 3901 3565 3955 servi
3608 3900 3726 3953 lor-

2137 4013 2309 4062 mam,
2333 4006 2389 4051 et
2415 4003 2741 4065 conspectus
2774 3995 2938 4048 homo
2961 3991 3015 4045 in
3045 3999 3191 4046 terra
3221 3998 3328 4043 est.

2209 4090 2465 4147 Christus
2488 4101 2619 4142 vero
2648 4093 2705 4141 et
2733 4082 3050 4139 Emmanuel
3076 4080 3322 4138 eumdem
3357 4078 3519 4133 nobis
3550 4077 3723 4131 lilium

2138 4184 2441 4253 designant,
2471 4180 2664 4251 partim
2696 4179 2821 4247 quia
2848 4186 3044 4232 unctus
3082 4181 3168 4230 est
3196 4186 3347 4226 more
3374 4181 3593 4233 nostro,
3621 4170 3723 4222 hu-

2139 4290 2315 4333 manae
2342 4272 2574 4330 hominis
2605 4282 2815 4326 natura:
2850 4269 3102 4339 spiritum
3136 4265 3435 4335 accipiens,
3474 4272 3531 4315 ut
3564 4262 3618 4315 in
3660 4275 3724 4314 se

2139 4370 2255 4439 ipso
2290 4376 2345 4422 et
2391 4366 2563 4436 primo
2607 4362 2703 4434 [aL
2751 4364 2985 4416 humana
3044 4369 3236 4412 natura
3278 4357 3526 4424 spiritum
3577 4353 3725 4406 acci-

2139 4462 2321 4531 piente
2357 4459 2410 4513 in
2443 4458 2579 4526 ipso,
2621 4464 2679 4509 ut
2714 4450 2935 4524 primo].
2964 4450 3180 4505 Positus
3201 4457 3286 4503 est
3311 4446 3452 4502 enim
3482 4446 3726 4513 printer-

2140 4553 2287 4607 dium
2320 4549 2556 4620 generis,
2588 4562 2774 4601 rursus
2812 4546 2926 4613 ipse
2965 4557 3193 4612 ungens,
3218 4550 3276 4594 ut
3315 4539 3479 4601 Deus,
3514 4536 3726 4603 Spiritu

2139 4650 2328 4699 sancto
2353 4655 2447 4695 eos
2474 4638 2561 4706 qui
2607 4638 2662 4691 in
2698 4651 2758 4691 se
2783 4636 3009 4690 credunt
3034 4653 3050 4690 :
3090 4633 3310 4703 partim,
3334 4631 3458 4699 quia
3486 4629 3590 4681 fuit
3626 4643 3730 4679 no-

2138 4736 2346 4790 hiscum
2374 4730 2673 4786 secundum
2696 4744 2832 4797 quas
2860 4727 3019 4781 modo
3048 4725 3253 4781 reddidi
3285 4725 3544 4785 rationes,
3571 4731 3626 4773 et
3655 4721 3731 4773 de

2139 4810 2219 4882 eo"
2238 4841 2334 4881 nos
2363 4823 2491 4878 facit
2530 4830 2708 4876 certos
2738 4820 2905 4875 Isaias
2942 4818 3204 4888 propheta
3249 4815 3479 4868 dicens:
3524 4831 3542 4864 ι
3584 4813 3730 4867 Ecce

2136 4919 2290 4989 virgo
2321 4915 2376 4970 in
2422 4924 2578 4969 utero
2609 4913 2861 4981 accipiet,
2891 4921 2946 4965 et
2975 4909 3151 4978 pariet
3184 4907 3373 4971 tilium,
3412 4916 3469 4959 et
3500 4905 3728 4958 vocabi-

2139 5017 2228 5064 tur
2260 5022 2454 5063 nomen
2497 5006 2614 5076 ejus
2646 5001 2965 5057 Emmanucl
2996 5002 3059 5054 ίί.
3097 5018 3116 5051 ι
3160 4998 3299 5054 Cum
3341 4997 3487 5052 enim
3532 5005 3728 5048 sunt-ta

2141 5100 2329 5170 Virgo,
2352 5114 2418 5153 ex
2446 5097 2650 5169 Spiritu
2672 5094 2891 5165 quidem
2915 5101 3106 5147 sancto
3130 5102 3416 5161 praegnans
3436 5097 3522 5140 est
3552 5086 3725 5146 facta,

2140 5194 2350 5265 peperit
2372 5200 2549 5246 autem
2585 5187 2881 5243 secundum
2907 5198 3126 5239 carnem
3156 5182 3323 5235 [ilium
3346 5198 3361 5245 ;
3401 5189 3527 5231 tunc
3555 5180 3727 5231 etiam

2144 5284 2463 5342 Emmanuel
2502 5282 2679 5336 dictus
2729 5290 2851 5335 est:
2910 5278 3009 5332 fuit
3055 5277 3198 5331 enim
3258 5274 3560 5335 nobiscum,
3623 5286 3730 5337 per

2142 5377 2414 5434 carnalem
2461 5373 2864 5445 generationem
2915 5366 3303 5438 incorporalis;
3350 5374 3407 5418 et
3462 5364 3514 5417 id
3560 5372 3723 5422 crat,

574 5540 708 5613 Cen.
738 5557 811 5613 vt.
834 5542 889 5597 5.
967 5542 987 5572 ⁸
1018 5541 1158 5613 Psztl.
1186 5563 1328 5613 κων,
1352 5549 1405 5603 8.
1481 5547 1673 5603 'Joan.
1704 5562 1743 5611 ι,
1768 5547 1855 5603 52.
1931 5548 1952 5578 ⁸
1973 5545 2034 5602 Ht

2165 5561 2220 5611 ιι,
2254 5544 2336 5599 Η.
2413 5542 2622 5598 ’Josue
2648 5555 2684 5605 ι,
2715 5552 2764 5592 v.
2846 5536 2887 5566 ¹⁶
2909 5532 3118 5589 Baruch
3172 5547 3253 5593 ιιι,
3307 5527 3398 5583 38.
3481 5526 3519 5556 ¹¹
3561 5521 3718 5579 Psal.

451 5629 506 5678 κ,
546 5612 588 5662 l.
669 5612 709 5641 "
746 5612 842 5664 Isa.
876 5628 970 5674 vn,
1005 5611 1087 5665 Η.

521 5772 597 5842 (ί)
632 5770 853 5833 ΒΔΙυῑοε
891 5770 1165 5836 Πῖδεσδδὲι,
1200 5774 1288 5828 sed
1349 5772 1612 5827 nobiscum
1670 5769 1806 5840 fuit;
1835 5771 1945 5841 qui,
2005 5778 2106 5825 etc.
2164 5767 2320 5823 Ευιτ.
