4082 6258
445 314 585 372 I373

1365 299 1661 358 SCHOLIA
1696 299 1787 357 DE
1823 298 2333 358 ΙΝΟΑΒΝΔΤΙΟΝΕ
2372 301 2745 360 υΝιδεΝιΤι.

3568 298 3703 353 1575

443 426 588 496 quod
612 437 708 495 per
737 436 926 479 vocem
961 421 1128 478 David
1156 419 1599 491 signiﬁcabatur:
1638 438 1656 470 ι
1686 419 1826 474 Deus
1852 418 2025 473 mani-
2054 424 2099 485 Α
2130 421 2375 476 omnium
2408 422 2690 488 Dominus,
2730 429 2917 490 utpote
2943 419 3037 491 qui
3067 427 3262 475 natura
3297 427 3350 474 et
3387 418 3611 473 veritate
3632 432 3703 471 ex

446 520 584 571 teste
629 513 844 575 veniet,
896 513 1043 569 Deus
1097 523 1303 576 nOSter,
1354 518 1410 564 et
1454 525 1557 566 non
1595 510 1776 567 silebit
1807 510 1890 573 ¹⁸;
1923 528 1942 561 ι
1971 517 2026 562 et

446 607 577 658 illud
610 605 841 673 opinor:
871 623 889 655 ι
927 604 1046 675 Ipse
1075 604 1167 674 qui
1200 603 1413 658 locutus
1435 617 1578 667 sum,
1599 610 1795 671 praesto
1820 615 1963 656 sum.
2001 619 2019 652 ι

448 699 684 752 Locutus
711 696 855 752 enim
898 711 996 766 per
1024 696 1338 767 prophetas,
1372 704 1430 748 ut
1472 694 1809 766 incorporale
1850 694 2028 753 adhuc

449 789 710 857 Verbum,
746 787 967 849 advenit
1000 788 1164 843 etiam
1192 784 1564 857 corporaliter.

1090 894 1248 955 CAP.
1294 894 1388 951 Ill.

999 1009 1143 1075 Quid
1177 1018 1255 1064 est
1289 1006 1323 1064 J
1330 1025 1468 1064 esus.

519 1127 583 1183 Vi
632 1125 847 1196 quidem
901 1122 1297 1190 intentionum,
1351 1138 1455 1193 qua
1507 1129 1754 1194 oporteat
1800 1137 1829 1176 a
1874 1122 2026 1178 nobis

448 1233 614 1272 unum
647 1217 753 1272 diei
787 1214 986 1270 Filium
1018 1213 1135 1280 Del,
1172 1214 1504 1268 tantumdem
1539 1222 1641 1280 est,
1677 1222 1731 1268 et
1756 1213 2027 1276 Christus.

449 1311 501 1355 et
529 1301 864 1365 Emmanuel,
892 1311 946 1356 et
982 1298 1174 1366 .lesus;
1201 1309 1256 1355 et
1303 1300 1357 1355 id
1399 1301 1614 1370 quidem
1660 1302 1813 1371 quasi
1856 1316 1922 1357 ex
1971 1316 2031 1356 re

450 1408 646 1448 nomen
692 1403 774 1447 est
824 1390 1066 1447 factum:
1124 1410 1143 1443 ι
1177 1390 1294 1461 Ipse
1345 1391 1513 1457 enim,
1560 1391 1753 1461 inquit,
1803 1391 2032 1447 salvabit

450 1484 709 1554 populum
740 1497 895 1537 suum
922 1496 952 1536 a
984 1482 1221 1552 peccatis
1254 1486 1367 1537 suis
1395 1480 1463 1537 “.
1503 1500 1523 1537 ι
1567 1482 2029 1550 Quemadmodum

449 1577 597 1631 enim
625 1572 944 1628 Emmanuel
981 1573 1342 1642 signiﬁcabat,
1383 1589 1481 1643 per
1512 1575 1915 1644 generationem
1962 1588 2030 1628 ex

457 1667 687 1720 muliere
742 1666 1027 1721 nobiscum
1076 1664 1279 1719 factum
1335 1665 1500 1720 fuisse
1541 1664 1632 1720 Dei
1669 1662 1938 1729 Verbum;
1977 1673 2032 1720 et

2126 514 2240 569 Deo
2279 524 2436 570 natus
2465 524 2550 570 est
2579 516 2761 569 Patre.
2798 515 2866 569 Et
2894 514 2948 569 id
2982 513 3138 568 nobis
3173 511 3580 567 evidentissime
3617 524 3706 561 sa-

2124 604 2501 674 pientissimus
2546 604 2739 660 Paulus
2785 604 3067 659 ostendit:
3103 621 3121 655 ι
3152 602 3367 657 Primus
3408 600 3577 664 enim,
3625 600 3707 652 iu-

2127 696 2269 767 quit,
2300 695 2461 750 homo
2485 710 2551 750 ex
2574 706 2719 750 terra
2743 696 2810 751 de
2840 695 3004 758 limo;
3047 693 3320 748 secundus
3353 706 3387 747 θ
3422 691 3559 746 coelo
3582 689 3651 743 ’°.
3682 707 3700 739 ι

2197 786 2362 857 Atqui
2397 784 2558 857 Virgo
2588 796 2775 842 sancta
2811 785 3023 855 peperit
3057 784 3316 855 templum
3368 782 3549 838 Verbo
3586 780 3707 833 uni-

2128 888 2277 945 tum;
2317 879 2412 935 sed
2440 891 2472 933 e
2498 880 2640 935 calo
2679 878 2899 944 dicitur,
2932 886 2987 932 et
3039 886 3186 933 recte
3227 876 3443 946 quidem
3490 872 3709 927 Emma-

2129 969 2257 1026 nuel
2286 989 2300 1026 :
2325 971 2557 1041 desuper
2592 971 2737 1026 enim
2775 979 2831 1027 et
2866 985 2932 1025 ex
2972 968 3279 1025 substantia
3322 966 3414 1021 Dei
3455 975 3511 1018 et
3534 963 3708 1019 Patris

2128 1069 2317 1116 natum
2353 1070 2439 1117 est
2484 1061 2718 1117 Verbum
2761 1060 2929 1131 ipsius
2958 1077 2973 1115 :
2998 1059 3277 1115 descendit
3315 1072 3446 1113 vero
3475 1057 3542 1111 ad
3586 1070 3709 1121 nos,

2130 1160 2261 1206 tunc
2292 1165 2416 1207 cum
2446 1151 2647 1207 factum
2673 1158 2761 1206 est
2797 1150 3000 1215 humo;
3029 1158 3208 1205 tanien
3250 1148 3329 1203 sic
3365 1161 3581 1216 quoque
3610 1145 3712 1200 de-

2129 1260 2293 1315 super
2316 1254 2421 1300 est.
2450 1243 2707 1301 Testatus
2743 1251 2827 1299 est
2853 1250 3036 1297 autem
3070 1242 3232 1312 781
3265 1240 3504 1295 Joannes
3543 1240 3609 1297 de
3644 1242 3719 1294 eo

2131 1337 2376 1394 dicens:
2426 1353 2446 1386 ι
2509 1336 2611 1402 Qui
2677 1334 2960 1392 desursum
3017 1333 3205 1399 venit,
3291 1346 3457 1400 supra
3521 1346 3712 1385 omnes

2130 1438 2212 1485 est
2234 1431 2302 1484 “.
2336 1447 2358 1482 ι
2398 1429 2467 1484 Et
2511 1430 2627 1500 ipse
2668 1428 2918 1485 Christus
2963 1427 3044 1482 uit
3083 1427 3153 1481 ad
3201 1424 3457 1495 populum
3500 1422 3711 1478 Judzeo-

2131 1537 2252 1576 rum
2277 1540 2293 1577 :
2322 1540 2343 1576 s
2374 1522 2480 1579 Vos
2519 1523 2772 1581 deorsum
2820 1518 2994 1583 estis,
3034 1533 3139 1587 ego
3172 1518 3410 1585 desuper
3451 1531 3571 1569 sum
3592 1514 3658 1566 ".
3687 1530 3709 1564 ο

2132 1612 2201 1669 Ει
2237 1629 2464 1671 rursus:
2498 1631 2518 1666 ι
2551 1614 2665 1684 Ego
2687 1626 2793 1669 non
2818 1625 2944 1668 sum
2981 1625 3049 1665 ex
3087 1611 3190 1665 hoc
3221 1607 3420 1662 mundo
3441 1606 3510 1671 ³³,
3539 1624 3559 1658 ι
3590 1604 3713 1658 licet

2132 1721 2261 1777 pars
2282 1705 2465 1762 mundi
2490 1705 2632 1764 sicut
2653 1706 2821 1760 homo
2842 1712 3179 1772 nuncupatus
3202 1701 3299 1766 sit;
3322 1698 3418 1752 sed
3447 1706 3566 1751 erat
3590 1710 3712 1749 cum

451 1758 722 1864 εδτίεξιυετ
775 1756 900 1826 qua
926 1756 1133 1864 cui:
1160 1756 1328 1864 ’τοτῑηέ
1345 1756 2030 1864 arranius
2061 1781 2105 1837 ει
2134 1756 3043 1864 La;ii‘.:,:..“..;;,;.";.a...'
3065 1798 3124 1845 ..ι
3159 1756 3323 1843 θευέ.

454 1864 553 1902 nos
596 1847 870 1901 humane:
925 1846 998 1900 ita
1035 1848 1199 1901 etiam
1246 1845 1423 1910 Jesus,
1479 1848 1622 1916 quod
1664 1847 1895 1901 salvavit
1931 1860 2030 1903 nos

451 1955 608 1992 suum
639 1939 914 2008 pupulum,
936 1939 1082 2009 quod
1112 1939 1348 1993 maxime
1370 1953 1492 1993 eum
1515 1938 1857 1994 demonsuat
1904 1953 2032 1997 vere

450 2040 506 2082 et
540 2037 733 2082 natura
762 2031 1004 2084 omnium
1044 2028 1351 2085 Dominum.
1384 2028 1570 2099 Neque
1613 2030 1756 2086 enim
1793 2030 2031 2089 hominis

452 2122 753 2177 communis
782 2130 1032 2178 creatura
1061 2136 1183 2178 esse
1216 2122 1463 2189 dicatur;
1494 2124 1683 2178 deceat
1711 2130 1890 2178 autem
1917 2138 2035 2177 ma-

453 2214 534 2283 gis
578 2215 759 2269 omnia
830 2215 1009 2271 dicere
1078 2230 1197 2272 esse
1243 2214 1552 2285 Unigeniti,
1592 2215 1694 2271 etsi
1744 2214 1919 2271 factus
1963 2214 2036 2270 sit

454 2305 636 2358 homo.

527 2396 682 2450 Dicet
713 2393 853 2450 forte
881 2396 1074 2466 aliquis
1099 2415 1114 2452 :
1146 2398 1309 2466 Atqui
1337 2396 1535 2470 Moysis
1559 2396 1735 2451 dictus
1759 2405 1841 2452 est
1868 2411 2032 2466 popu-

455 2486 542 2540 lus
569 2486 754 2542 Israel.
792 2487 872 2542 Ad
910 2488 1011 2544 hoc
1039 2489 1303 2552 dicemus,
1326 2489 1468 2559 quod
1496 2487 1590 2542 Dei
1617 2487 1839 2558 quidem
1865 2503 2036 2559 popu-

457 2577 540 2632 lus
577 2580 884 2633 nominatus
911 2581 1002 2646 sit,
1043 2588 1098 2633 et
1141 2580 1192 2633 id
1234 2590 1353 2634 erat
1396 2595 1604 2634 verum.
1652 2577 1855 2633 Verum
1901 2594 2037 2649 quo-

458 2669 603 2722 niam
633 2670 699 2722 ad
734 2657 1090 2724 defectionem
1124 2668 1390 2723 deductus
1411 2678 1519 2733 est,
1560 2678 1614 2722 et
1647 2666 1873 2721 vitulum
1909 2663 2037 2720 fecit

456 2775 553 2829 per
580 2760 870 2825 desertum,
904 2760 1257 2814 inhonoratos
1281 2770 1365 2815 est
1386 2775 1413 2812 a
1445 2758 1594 2814 Deo:
1621 2773 1725 2813 non
1756 2758 1899 2812 enim
1922 2756 2035 2827 jam

457 2867 613 2905 suum
641 2852 924 2906 nominare
962 2850 1216 2921 populum
1262 2850 1607 2922 dignabatur,
1638 2850 1731 2904 sed
1764 2865 1887 2905 eum
1926 2849 2036 2919 iam

460 2943 663 2997 homini
692 2944 1008 2999 destinavit.
1050 2943 1121 2997 At
1169 2957 1267 2997 nos
1317 2957 1423 2996 non
1476 2941 1595 2996 ita:
1646 2940 1850 3011 praprii
1893 2940 2037 2994 enim

462 3050 649 3089 sumus
682 3034 795 3099 ﬁlii,
825 3049 889 3089 eo
917 3035 1060 3103 quod
1085 3043 1141 3088 et
1183 3034 1324 3087 Deus
1347 3033 1436 3100 sit,
1467 3043 1522 3087 et
1541 3048 1633 3102 per
1660 3033 1832 3101 ipsum
1856 3039 2036 3086 creata

2132 1887 2276 1945 enim
2301 1886 2459 1956 plane
2482 1886 2717 1942 dicentis
2745 1902 2760 1940 :
2794 1903 2813 1935 ι
2845 1882 2913 1937 Ει
2937 1895 3097 1937 neum
3131 1879 3380 1935 ascendit
3408 1878 3462 1943 in
3490 1875 3713 1938 omium,

2135 1978 2241 2035 nisi
2276 1978 2369 2047 qui
2406 1978 2686 2035 descendit
2726 1976 2793 2031 de
2824 1974 2966 2031 caelo
2994 1972 3164 2028 Filius
3197 1968 3432 2025 hominis
3455 1968 3521 2020 ".
3556 1986 3573 2017 ι
3612 1965 3716 2019 De-

2135 2069 2416 2129 scendisse
2460 2077 2643 2124 autem
2680 2065 2913 2123 dicimus
2939 2065 3007 2118 de
3056 2062 3193 2116 uelo
3232 2059 3428 2114 Filium
3459 2056 3716 2120 hominis,

2136 2174 2233 2229 per
2260 2161 2519 2214 unitatem
2554 2156 3035 2227 dispensatoriam,
3078 2153 3256 2207 Verbo
3296 2151 3567 2205 tribuente
3592 2163 3717 2216 pro-

2135 2253 2266 2325 priae
2299 2250 2450 2308 carni
2490 2251 2679 2320 gloriae
2702 2265 2816 2305 suae
2856 2257 2911 2303 et
2942 2248 3136 2302 divinat
3177 2243 3475 2314 maiestatis
3501 2239 3719 2295 claritu-

2136 2345 2341 2403 dinem.

2800 2452 2955 2509 CAP.
2990 2450 3057 2507 Υ.

2140 2571 2312 2640 Quam
2353 2570 2417 2625 ob
2454 2584 2672 2623 causam
2724 2568 3054 2621 exinanitum
3098 2566 3295 2620 dicitur
3327 2563 3422 2620 Dei
3472 2563 3719 2620 Verbum.

2209 2684 2434 2742 Plenum
2481 2687 2775 2741 secundum
2830 2694 3118 2749 naturam,
3170 2690 3225 2737 et
3271 2697 3340 2737 es
3375 2680 3520 2735 omni
3567 2687 3723 2749 parte

2137 2778 2441 2849 perfectum
2488 2776 2657 2832 Deum
2710 2777 2968 2839 Verbum,
3013 2785 3067 2828 et
3117 2772 3445 2828 distribuens
3502 2786 3571 2824 ex
3623 2784 3719 2822 sua

2138 2867 2475 2939 plenitudine
2511 2865 2652 2920 bona
2693 2880 2790 2920 sua
2832 2874 3120 2928 creaturae,
3162 2878 3227 2917 eo
3253 2861 3395 2930 quod
3427 2860 3501 2913 ait
3531 2876 3545 2912 :
3578 2877 3595 2909 ι
3629 2857 3724 2911 Ef-

2140 2958 2360 3012 fundam
2406 2957 2472 3011 de
2504 2955 2709 3026 Spiritu
2756 2971 2875 3009 meo
2901 2970 3063 3025 super
3101 2968 3317 3008 omnem
3353 2965 3572 3005 carnem
3597 2951 3662 3002 ’5.
3700 2968 3718 3000 ι

2145 3051 2490 3105 Esiuanitum
2525 3049 2798 3113 dicimus;
2831 3047 2967 3101 nihil
2998 3048 3054 3101 in
3084 3055 3274 3100 natura
3313 3042 3529 3114 propria
3557 3042 3728 3095 viola-

462 3126 572 3179 sint
603 3126 805 3180 omnia.
858 3125 934 3181 ita
969 3128 1115 3180 enim
1163 3126 1240 3180 ait
1288 3124 1494 3178 David:
1539 3142 1558 3177 ι
1619 3122 1882 3190 Quoniam
1926 3122 2112 3191 ipseC
2147 3152 2283 3207 tum,
2326 3155 2447 3206 nec,
2481 3148 2540 3195 υι
2581 3140 2739 3195 ειιίιθι.
2784 3154 2844 3197 se
2889 3138 3136 3203 habere“
3164 3144 3578 3199 commutatum,
3626 3150 3727 3190 nec

462 3220 592 3273 Iecit
622 3235 740 3286 nos,
767 3227 950 3274 etnon
986 3219 1088 3288 ipsi
1121 3233 1257 3285 nos;
1310 3232 1407 3270 nos
1439 3225 1618 3270 autem
1674 3214 1902 3285 populus
1938 3228 2037 3283 pa-

463 3325 608 3365 scua:
651 3310 787 3379 eius,
821 3319 877 3365 et
906 3324 1038 3364 oves
1064 3324 1255 3363 manus
1291 3308 1407 3377 eius
1433 3307 1498 3361 ‘5.
1529 3325 1549 3358 ι
1588 3305 1830 3374 Denique
1875 3306 2039 3359 etiam

463 3402 578 3470 ipse
616 3401 684 3456 de
721 3400 875 3455 nobis
900 3400 1037 3455 dixit
1063 3416 1079 3455 :
1109 3416 1129 3451 ί
1160 3397 1303 3454 Oves
1345 3411 1479 3452 mea
1508 3410 1695 3449 vocem
1739 3409 1913 3448 nieam
1941 3410 2041 3449 au-

465 3495 613 3549 diunt
651 3502 707 3549 et
732 3502 1031 3562 sequuntur
1053 3506 1136 3546 me
1161 3492 1224 3544 “.
1271 3509 1289 3543 ι
1322 3491 1391 3545 Ει
1430 3504 1654 3543 rursus:
1681 3505 1702 3538 ι
1744 3487 1893 3541 Alias
1914 3502 2043 3545 oves

465 3586 658 3649 habeo,
692 3602 812 3653 qua:
841 3600 944 3637 non
983 3591 1110 3637 sunt
1140 3598 1209 3638 ex
1239 3584 1345 3638 hoc
1383 3581 1532 3647 ovili,
1569 3589 1624 3635 et
1671 3580 1791 3635 illas
1830 3586 2047 3650 Oportet

466 3696 554 3734 me
574 3692 929 3749 congregare,
954 3686 1005 3731 et
1033 3677 1121 3731 tiet
1148 3692 1285 3731 unus
1307 3690 1459 3746 grex,
1483 3684 1536 3729 et
1559 3689 1700 3728 unus
1723 3682 1910 3745 pastor
1926 3674 1989 3726 ".
2020 3690 2040 3724 ι

469 3771 757 3824 Mandabat
790 3780 971 3824 autem
996 3770 1164 3824 etiam
1195 3770 1353 3824 beato
1378 3766 1538 3822 Petro
1566 3781 1581 3816 :
1613 3783 1633 3820 ι
1667 3766 1854 3820 Simon
1882 3762 2048 3820 Joan-

469 3863 589 3927 nis,
640 3876 791 3915 amas
840 3862 963 3915 me?
1016 3860 1185 3917 Pasce
1234 3873 1400 3931 agnos
1459 3874 1609 3917 meos
1642 3892 1660 3921 ο
1699 3871 1865 3927 pasce
1919 3868 2048 3911 oves

469 3968 615 4007 meas
644 3953 707 4008 “.
749 3970 769 4004 ι

1105 4061 1261 4116 CAP.
1305 4058 1394 4113 IV.

533 4179 704 4243 Quam
740 4175 801 4228 ob
828 4188 1041 4227 causam
1075 4172 1169 4225 Dei
1210 4169 1430 4225 Verbum
1470 4170 1665 4223 dictum
1704 4169 1772 4222 sit
1803 4170 1975 4223 homo.

536 4288 707 4341 llmno
741 4285 1077 4339 nominatum
1114 4291 1219 4348 est,
1368 4280 1687 4351 Ἀνθρωπος
1714 4278 2048 4349 ὠνόμασται,

469 4395 589 4434 Cttltl
620 4379 691 4431 sit
727 4386 914 4430 natura
948 4377 1105 4438 Deus,
1131 4375 1222 4428 Dei

472 4469 646 4524 l‘atris
668 4467 902 4521 Verbum
929 4483 943 4519 :
967 4466 1221 4534 quoniam

469 4565 717 4618 similiter
787 4577 851 4616 ac
910 4576 1008 4615 nos
1096 4576 1224 4615 san—

468 4656 614 4725 guini
690 4652 1107 4707 communicavit
1168 4659 1223 4705 et

469 4746 617 4800 carni
684 4746 747 4797 ³³.
808 4744 898 4798 Sic
936 4744 1078 4799 enim
1118 4752 1222 4796 ter-

471 4840 614 4892 renis
635 4838 904 4907 apparuit,
930 4853 1033 4890 non
1065 4835 1224 4889 amit-

474 4942 589 4983 tens
646 4932 695 4983 id
740 4930 883 5000 quod
932 4938 1084 4992 erat,
1130 4928 1225 4982 sed

1298 4830 1407 4900 γὰρ
1460 4829 1603 4884 οὕτω
1644 4834 1757 4895 τοῖς
1801 4833 1894 4885 ἐπὶ
1927 4832 2051 4901 γῆς,

470 5037 753 5076 assumens
870 5018 1226 5073 humanitatis
1297 5016 1411 5069 ἀλλ’
1447 5017 1504 5069 ἐν
1549 5015 1851 5088 προσλήψει
1894 5033 2056 5084 γεγο-

474 5124 720 5167 naturam
784 5113 833 5166 in
869 5128 963 5167 sua
1018 5112 1227 5167 ratione
1298 5108 1403 5172 νὼς
1448 5108 1546 5178 τῆς
1599 5107 1719 5161 καθ’
1760 5110 1906 5179 ἡμᾶς
1962 5112 2059 5163 ἁν-

471 5206 649 5272 perfer
658 5217 706 5258 ta
716 5222 786 5262 ιιι.
1301 5202 1329 5254 Θ
1342 5201 1894 5271 ρωπότητος,τε>.είως
1908 5202 2062 5271 ἐχού-

1302 5312 1402 5366 σης
1429 5297 1571 5349 κατὰ
1598 5297 1690 5350 τὸν
1720 5298 1850 5351 ἴδιον
1876 5297 2053 5365 λόγον.

1296 4368 1473 4421 καίτοι
1517 4367 1659 4422 κατὰ
1683 4368 1844 4438 φύσιν
1880 4368 2054 4440 ὑπάρ-

1296 4479 1405 4534 χων
1428 4461 1587 4526 Θεὸς,
1612 4464 1641 4515 ὁ
1677 4463 1745 4516 ἐκ
1779 4462 1912 4516 Θεοῦ
1944 4464 2055 4517 Πα-

1295 4552 1423 4622 τρός
1453 4552 1646 4621 Λόγος,
1683 4553 1758 4617 ὡς
1799 4570 2057 4625 μετεσχη-

1300 4645 1411 4707 κὼς
1442 4645 1693 4716 αἵματος,
1729 4646 1822 4698 καί
1853 4645 2055 4712 σαρκὸς

1304 4737 1699 4808 παραπλησίως
1713 4740 1865 4807 ἡμῖν.
1877 4738 2059 4809 Ὠεροη

1298 4925 1391 4977 καὶ
1447 4924 1506 4976 οὐ
1554 4924 1739 4995 μεθεὶς
1780 4924 1917 4993 ὅπερ
1964 4919 2057 4993 ἦν,

2148 3230 2375 3287 inferius
2407 3246 2471 3286 ex
2504 3230 2609 3283 ulla
2633 3239 2787 3301 parte
2805 3228 3008 3283 factum
3034 3226 3480 3282 :inconvertibile
3506 3225 3651 3279 enim
3675 3234 3731 3278 et

2148 3319 2485 3377 immutabile
2522 3328 2605 3375 est
2649 3320 2823 3390 ipsum
2859 3333 3106 3390 quoque,
3155 3317 3298 3371 sicut
3339 3325 3394 3369 et
3443 3323 3731 3385 generator

2149 3413 2343 3482 ipsius,
2395 3420 2450 3467 et
2525 3425 2798 3480 nunquam
2851 3408 2950 3463 fuit
3005 3408 3276 3478 passionis
3326 3407 3487 3460 ullius
3538 3420 3730 3476 capax.

2150 3504 2379 3570 Quando
2408 3516 2534 3557 vero
2567 3502 2772 3557 factum
2804 3501 2906 3555 fuit
2930 3514 3081 3567 caro,
3117 3499 3168 3553 id
3199 3507 3283 3554 est
3328 3497 3511 3560 homo,
3547 3498 3734 3549 humu-

2151 3596 2341 3651 uitatis
2376 3603 2750 3664 paupertatem
2799 3592 3074 3661 propriam
3129 3589 3231 3644 sibi
3283 3589 3427 3643 fecit.
3471 3586 3735 3653 Primum,

2151 3691 2293 3761 quod
2324 3688 2492 3743 semel
2530 3688 2693 3741 homo
2720 3686 2792 3741 sit
2822 3684 3018 3747 factus,
3060 3684 3161 3738 etsi
3198 3679 3521 3737 remanserit
3549 3679 3691 3732 Deus
3721 3700 3732 3733 :

2153 3782 2350 3836 deinde
2377 3781 2518 3849 quod
2552 3778 2692 3833 servi
2724 3779 2954 3830 formam
2991 3772 3289 3840 acceperit,
3315 3770 3405 3837 qui
3441 3770 3735 3822 secundum

2152 3886 2307 3924 suam
2357 3879 2604 3922 naturam
2661 3867 2798 3919 liber
2842 3873 2947 3928 est,
2994 3872 3180 3931 utpote
3223 3861 3415 3915 Filius.
3452 3860 3629 3929 Atque
3660 3860 3734 3913 ita

2155 3972 2279 4010 cum
2307 3956 2380 4008 sit
2421 3956 2533 4022 ipse
2567 3953 2752 4023 gloriae
2777 3950 3057 4013 Dominus,
3088 3950 3314 4021 glorianti
3357 3950 3556 4004 dicitur
3585 3951 3737 4004 acci-

2156 4060 2321 4112 pere;
2357 4059 2479 4098 cum
2512 4044 2582 4097 sit
2623 4043 2737 4113 ipse
2772 4043 2903 4106 vita,
2937 4042 3196 4096 vivilicari
3232 4041 3564 4110 perhibetur,
3601 4042 3735 4095 etin

2156 4150 2346 4190 omnes
2368 4136 2568 4203 accipit
2591 4142 2936 4205 potestatem,
2962 4148 3083 4187 cum
3115 4133 3181 4187 sit
3207 4136 3321 4201 ipse
3343 4148 3433 4187 rex
3461 4132 3736 4199 omnium;

2158 4243 2391 4297 cumque
2418 4226 2529 4281 Deo
2550 4228 2620 4281 sit
2644 4225 2874 4296 aqualis
2904 4225 3074 4291 Patri,
3104 4225 3362 4279 obediens
3386 4223 3488 4277 fuit
3519 4240 3735 4279 crucem

2160 4334 2369 4389 passus,
2408 4329 2462 4373 et
2501 4329 2717 4372 czetera.
2746 4316 2947 4371 Verum
2982 4332 3103 4371 cum
3152 4317 3265 4370 haec
3298 4315 3511 4384 quidem
3545 4314 3738 4367 huma-

2162 4411 2347 4466 nitatis
2385 4425 2654 4464 mensura:
2708 4411 3076 4472 conveniant,
3113 4424 3174 4462 ea
3227 4418 3403 4461 tamen
3448 4404 3735 4459 latitiliaria

2086 4475 2131 4531 Β
2161 4502 2311 4557 ducit
2359 4518 2480 4556 esse
2525 4517 2645 4555 cum
2700 4516 2892 4566 carne,
2933 4509 2988 4553 et
3022 4499 3208 4568 implet
3254 4498 3735 4569 dispensationem,

2163 4610 2388 4649 manens
2414 4595 2556 4665 quod
2587 4599 2725 4647 erat.

2806 4702 2957 4761 CAP.
3002 4702 3092 4758 VI.

2519 4817 2793 4884 Quomodo
2828 4834 2965 4871 unus
3001 4826 3075 4871 est
3114 4814 3379 4870 Christus.

2232 4930 2458 4984 Divinos
2494 4929 2697 4985 Paulus
2737 4929 2926 4984 scribit
2958 4946 2971 4981 :
3011 4946 3032 4979 ι
3074 4928 3187 4982 Etsi
3226 4937 3353 4981 sunt
3387 4927 3462 4981 dii
3497 4926 3648 4981 multi
3682 4935 3738 4980 et

2162 5023 2364 5077 domini
2402 5022 2557 5076 multi
2602 5022 2655 5075 in
2687 5021 2847 5087 caelo,
2877 5031 2934 5074 et
2964 5021 3017 5074 in
3050 5033 3229 5086 terra;
3276 5022 3371 5074 sed
3413 5016 3569 5073 nobis
3598 5034 3738 5072 unus

2159 5117 2300 5170 Deus
2331 5115 2513 5179 Pater,
2557 5129 2623 5168 ex
2655 5129 2762 5181 quo
2800 5113 3004 5173 omnia,
3041 5121 3097 5165 et
3144 5127 3239 5165 nos
3267 5126 3333 5164 ex
3380 5126 3479 5173 eo;
3507 5119 3561 5165 et
3597 5124 3737 5164 unus

2160 5207 2421 5261 Dominus
2462 5204 2623 5260 Iesus
2657 5203 2933 5267 Christus,
2981 5219 3077 5272 per
3108 5218 3267 5271 quem
3305 5203 3510 5266 Dttlltla,
3544 5211 3599 5253 et
3639 5215 3737 5255 nos

2155 5315 2250 5368 per
2268 5314 2392 5353 eum
2416 5300 2481 5351 ³⁸.
2516 5317 2533 5349 ι
2565 5298 2634 5350 At
2657 5312 2785 5352 vero
2810 5296 3241 5362 sapientissinms
3267 5292 3504 5349 Joannes
3527 5296 3593 5346 de
3626 5292 3736 5345 Deo

547 5384 935 5440 Verumtamen
983 5396 1037 5440 ct
1085 5388 1134 5441 in
1186 5388 1521 5441 humanitate
1564 5389 1701 5443 Deus
1740 5392 1958 5454 mausil,
2001 5401 2055 5445 et
2156 5392 2331 5447 Verbo
2356 5392 2511 5456 dixit,
2548 5392 2688 5459 quod
2728 5409 2745 5440 ‹
2780 5388 2956 5442 munia
2987 5404 3081 5456 per
3110 5388 3281 5455 ipsum
3322 5386 3457 5440 facta
3497 5394 3643 5451 sunt,
3677 5394 3732 5438 et

543 5564 584 5592 ’λ
623 5562 760 5613 Psal.
790 5578 932 5628 nix,
959 5564 1011 5615 5.
1124 5565 1163 5594 "'
1202 5565 1385 5617 Matth.
1418 5582 1451 5621 ι.
1480 5567 1571 5618 ill.

475 5634 513 5663 ¹⁹
555 5633 715 5685 ilttbt'.
744 5647 803 5691 ll,
838 5634 917 5684 ll.
997 5635 1040 5663 "'
1075 5634 1089 5685 Ι
1123 5637 1242 5687 (Zur.
1276 5651 1362 5695 λγ,
1407 5636 1480 5688 i5.

476 5705 516 5733 ”
551 5706 647 5757 ιω.
684 5718 822 5765 xtlv,
854 5703 904 5755 5.
984 5706 1024 5734 ’θ
1057 5705 1069 5755 l
1105 5707 1229 5758 (Lor.
1263 5704 1440 5772 \Iil,Ei,
1476 5709 1527 5760 li.

1680 5567 1719 5597 ¹³
1758 5566 1895 5620 Psal.
1928 5583 2067 5631 χειν,
2096 5568 2145 5618 Si.

1564 5638 1598 5665 “
1635 5636 1789 5691 Joan.
1822 5653 1895 5701 ιιι,
1928 5639 2011 5690 5t.

2269 5568 2310 5597 ¹⁶
2344 5567 2495 5621 Joan.
2526 5586 2577 5624 κ.
2603 5569 2689 5621 ‘27.

2110 5641 2151 5668 “
2186 5636 2337 5693 Joan.
2376 5655 2490 5703 \Itt,
2516 5640 2603 5692 ‘25.

2797 5568 2838 5597 ¹⁷
2880 5565 3008 5620 Ibid.
3046 5563 3125 5617 IG.
3239 5562 3280 5593 ’⁸
3315 5561 3471 5614 Joan.
3500 5576 3612 5624 xu,
3641 5559 3725 5611 l7.

2716 5639 2757 5668 ²³
2789 5636 2941 5691 Sosin.
2973 5652 3079 5701 xlv,
3118 5635 3193 5687 l6.
3274 5635 3315 5664 "'
3347 5631 3499 5688 Juun.
3529 5646 3612 5696 Ill,
3642 5628 3730 5683 15.
