4082 6258
414 377 552 428 »διδ

408 588 517 634 tem
558 580 749 635 beatus
783 581 1005 637 Gabriel
1046 592 1248 638 sanctae
1285 584 1489 656 Virgini
1533 587 1720 641 dicens
1750 604 1764 641 :
1802 606 1821 639 ι
1848 588 1989 643 Ecce

406 674 684 741 concipies
719 675 771 727 in
802 683 977 739 utero,
1013 685 1065 729 et
1096 676 1277 743 paries
1304 676 1526 743 Filium,
1557 687 1613 732 et
1644 679 1867 734 vocabis
1894 696 1989 734 no-

407 778 530 818 men
569 766 687 833 ejus
727 764 909 819 Jesum
934 767 1000 818 ⁸⁸.
1031 786 1047 817 ι
1078 765 1213 820 Cum
1261 767 1422 835 igitur
1456 783 1553 837 per
1583 768 1859 825 Christum
1899 770 1989 826 Je-

407 874 526 910 sum
555 858 734 912 omnia
769 858 985 912 divinus
1013 858 1214 913 Paulus
1242 859 1383 915 facta
1401 846 1524 916 esse
1554 870 1982 931 commemoret;

409 948 696 1002 conﬁrmet
723 958 901 1002 autem
930 949 1036 1001 vim
1063 951 1370 1016 sententiae,
1398 959 1453 1006 et
1473 952 1721 1021 opiﬁcem
1742 953 1986 1008 omnium

406 1040 579 1094 fuisse
617 1040 784 1093 Deum
814 1040 1174 1110 evangelizet,
1211 1057 1328 1097 rem
1360 1058 1545 1098 veram
1593 1044 1783 1100 dicens
1813 1059 1983 1099 evan-

406 1132 598 1200 gelista
645 1133 896 1200 divinus;
932 1134 1176 1205 designet
1207 1144 1387 1189 autem
1435 1138 1597 1192 etiam
1648 1137 1825 1205 angeli
1856 1152 1980 1202 vox,

405 1237 534 1276 vere
556 1239 622 1277 ex
649 1234 837 1278 sancta
867 1222 1084 1292 Virgine
1112 1234 1295 1278 natum
1326 1241 1448 1281 esse
1477 1226 1660 1281 .Iesum
1685 1228 1983 1293 Christum,

395 1327 509 1390 .ncc
544 1313 753 1381 absque
780 1313 1122 1367 humanitate
1150 1315 1500 1386 intelligimus
1522 1316 1689 1371 Deum
1712 1317 1984 1385 Verbum;

405 1405 499 1458 sed
536 1421 703 1458 unum
736 1406 964 1460 dicimus
994 1423 1060 1461 ex
1101 1409 1366 1463 ambobus
1409 1407 1684 1475 eﬁ‘ectum,
1734 1420 1788 1464 et
1818 1411 1984 1466 Deum

406 1498 681 1552 hominem
727 1498 951 1564 factum,
997 1500 1247 1561 eumdem
1283 1516 1351 1554 ex
1397 1498 1581 1566 Patre,
1626 1510 1685 1556 ut
1728 1502 1985 1570 Verbum,

405 1597 597 1642 natum
629 1589 834 1654 divine,
865 1598 920 1643 et
939 1604 1007 1644 ex
1036 1589 1266 1645 muliere
1294 1591 1554 1657 humane,
1581 1602 1639 1647 ut
1660 1593 1938 1650 hominem
1969 1614 1983 1650 :

406 1694 511 1732 non
560 1688 813 1747 tanquam
860 1689 919 1734 ut
953 1681 1251 1736 secundum
1279 1682 1604 1737 substantia:
1641 1683 1852 1738 initium
1888 1699 1985 1740 vo-

407 1780 590 1823 catum
625 1779 752 1826 tunc
785 1787 910 1826 cum
957 1776 1252 1828 secundum
1290 1788 1510 1828 carnem
1551 1774 1750 1830 dicitur
1785 1786 1982 1843 natus;

367 1882 371 1887 λ
407 1861 503 1914 sed
537 1871 720 1915 natum
755 1863 971 1932 quidem
1008 1872 1135 1919 ante
1156 1865 1341 1919 omnia
1373 1865 1593 1931 saecula,
1635 1868 1872 1922 instante
1902 1876 1988 1922 ta-
2020 1850 2061 1905 Β

405 1966 528 2004 men
576 1959 844 2021 tempore,
888 1968 997 2022 quo
1039 1954 1303 2008 debuerat
1351 1957 1578 2026 implere
1626 1958 1988 2027 dispensatio-

406 2032 553 2107 nem,
590 2050 774 2097 natum
822 2045 988 2097 etiam
1026 2060 1093 2099 ex
1134 2046 1364 2101 muliere
1401 2047 1698 2103 secundum
1743 2065 1986 2107 carnem.

409 2131 598 2203 Uirgo,
622 2134 727 2187 etsi
763 2133 854 2187 alii
886 2133 1049 2188 simili
1084 2136 1449 2205 appellatione
1492 2140 1667 2194 vocati
1698 2150 1823 2195 sunt
1850 2143 1993 2197 chri-

406 2225 499 2286 sti,
529 2239 669 2277 unus
701 2232 882 2278 tamen
932 2234 1018 2279 est
1056 2240 1154 2296 per
1184 2242 1345 2296 quem
1394 2230 1600 2294 omnia,
1628 2230 1791 2286 Jesus
1822 2233 1988 2288 Chri-

405 2323 560 2378 stus;
611 2330 717 2369 non
752 2317 894 2384 quod
937 2319 1103 2371 homo
1135 2318 1209 2372 sit
1257 2318 1434 2374 lactus
1476 2321 1657 2390 Opifex
1698 2324 1989 2395 omnium,]

405 2406 497 2460 scd
546 2408 688 2476 quod
726 2406 867 2464 Deus
912 2407 1185 2464 Verbum:
1226 2430 1244 2463 ι
1275 2412 1377 2466 l’er
1411 2429 1571 2483 quem
1620 2416 1800 2471 omnia
1846 2416 1989 2472 facta

405 2507 551 2561 sunt,
607 2498 857 2553 similiter
907 2513 971 2552 ac
1023 2514 1124 2554 nos
1172 2501 1517 2572 participarit
1566 2506 1716 2560 carni
1762 2515 1817 2561 et
1866 2523 1991 2562 san-

405 2589 551 2658 guini
576 2592 642 2654 ",
678 2608 695 2639 ι
728 2600 783 2644 et
811 2602 1153 2661 nuncupatus
1179 2595 1252 2649 sit
1287 2597 1471 2660 homo.
1515 2613 1619 2651 non
1655 2607 1833 2653 tamen
1864 2615 1991 2670 per-

405 2676 606 2732 diderit
632 2694 775 2744 esse,
811 2682 953 2747 quod
980 2692 1099 2735 erat
1131 2701 1144 2735 :
1180 2686 1254 2737 ita
1281 2688 1427 2739 enim
1462 2696 1515 2740 et
1548 2688 1598 2741 in
1628 2702 1793 2743 carne
1817 2688 1993 2747 lactus

342 2788 343 2791 η
410 2770 733 2841 intelligitur
789 2774 985 2830 merito
1018 2778 1199 2847 opifex
1229 2779 1493 2833 omnium.

927 3111 1091 3181 732
1121 3110 1276 3167 CAP.
1319 3112 1459 3168 vm.

688 3223 863 3291 Quam
898 3241 1011 3280 esse
1050 3227 1273 3281 dicimus
1304 3227 1704 3283 adunationem.

483 3360 558 3427 (1)
596 3359 867 3414 Adunatio
892 3360 1074 3414 multis
1093 3360 1270 3417 modis
1289 3360 1543 3431 impletur
1564 3360 1826 3431 :sejuncti
1846 3361 1990 3415 enim

408 3452 652 3506 nonnulli
687 3452 885 3507 allectu
922 3453 1010 3507 vel
1038 3453 1335 3518 voluntate,
1363 3463 1418 3509 et
1451 3454 1825 3510 discordantes
1851 3455 1994 3510 inter

408 3557 490 3604 se,
530 3544 760 3597 adunari
805 3544 1083 3612 dicuntur,
1124 3560 1224 3614 per
1275 3547 1774 3602 reconciliationem
1815 3547 1993 3602 socia-

410 3633 546 3697 lem,
581 3635 826 3703 deposita
860 3636 1159 3690 simultate.
1212 3637 1453 3691 Adunari
1493 3639 1620 3694 item
1668 3639 1900 3695 dicimus
1928 3653 1993 3695 ea

410 3738 532 3792 quae
563 3723 667 3778 sibi
705 3722 1173 3794 conglutinantur,
1200 3724 1318 3779 sive
1345 3724 1522 3779 modis
1552 3726 1674 3780 aliis
1701 3727 1993 3781 conferun-

411 3825 523 3879 tur,
552 3823 647 3868 aut
676 3829 773 3883 per
796 3816 1274 3884 compositionem,
1298 3824 1393 3870 aut
1415 3830 1512 3885 per
1539 3816 1870 3886 mistionem,
1898 3826 1994 3873 aut

408 3924 509 3976 per
541 3907 1007 3977 temperationem.
1037 3906 1268 3974 iQuoties
1308 3918 1488 3963 autem
1532 3907 1831 3963 adunatam
1870 3923 1994 3966 esse

410 4008 611 4054 nostrae
640 4010 845 4055 naturae
880 3999 973 4055 Dei
1005 4000 1243 4056 Verbum
1277 4000 1527 4066 dicimus;
1557 4002 1708 4055 omni
1750 4001 1992 4057 humana

410 4092 737 4162 cogitatione
759 4092 1107 4147 adunationis
1133 4090 1251 4161 ejus
1285 4091 1477 4148 modus
1503 4092 1720 4171 videtur
1742 4106 1868 4148 esse
1897 4109 1994 4147 su-

408 4185 613 4251 perior.
647 4184 836 4255 Neque
867 4186 1012 4241 enim
1047 4201 1144 4254 per
1169 4200 1333 4254 supra
1361 4184 1602 4254 scriptos
1637 4184 1829 4241 modos
1851 4183 1992 4240 laeta

409 4280 495 4325 est
536 4286 737 4325 arcana
788 4271 897 4337 illa,
938 4281 994 4326 et
1036 4272 1169 4326 nulli
1206 4271 1424 4341 penitus
1467 4280 1619 4339 nota,
1667 4274 1771 4327 nisi
1819 4276 1868 4328 ei
1905 4273 1993 4329 cui

408 4361 592 4415 omnia
622 4370 746 4415 nota
776 4370 923 4426 sunt,
955 4360 1107 4415 unio.

1439 374 1497 431 S.
1538 374 1811 432 CYRILLI
1851 376 2325 435 ALEXANDRINI
2363 377 2679 435 ARCHIEP.

409 493 613 555 absque
653 503 718 544 eo
760 490 965 544 factum
996 497 1083 545 est
1113 490 1245 547 nihil
1276 492 1343 545 ".
1376 511 1394 544 ι
1431 491 1856 564 Evangelizabat
1894 512 1991 550 au-
2018 500 2067 557 Α

3544 376 3681 433 1376

2728 493 2888 550 CAP.
2924 492 3037 549 VII.

2413 587 2689 654 Quomodo
2734 602 2869 641 unus
2905 596 2979 641 est
3022 583 3355 639 Emmanuel.

2149 678 2467 735 Novissimis
2518 678 2732 733 saeculis
2789 676 2932 731 Deus
2982 675 3217 731 Verbum
3271 677 3435 732 homo
3480 678 3683 733 dicitur

2089 768 2292 836 factus,
2342 776 2415 838 et,
2467 770 2607 826 sicut
2651 770 2727 824 ait
2764 768 2982 823 divinus
3022 767 3244 832 Paulus,
3286 787 3303 818 ι
3337 783 3435 837 per
3470 769 3683 823 sacriﬁ-

2088 863 2231 917 cium
2282 877 2438 916 suum
2473 858 2856 915 manilestatus
2901 870 2984 913 est
3005 857 3074 910 “.
3107 876 3126 908 ι
3168 857 3235 911 Et
3278 860 3553 926 quodnam
3598 866 3683 912 est

2088 950 2469 1006 sacriﬁcium?
2503 970 2521 1003 ι
2556 950 2727 1005 Suum
2758 948 2902 1003 enim
2928 962 3131 1015 corpus
3154 947 3354 1001 obtulit
3394 964 3493 1016 pro
3525 948 3683 1002 nobis

2089 1039 2145 1094 in
2179 1042 2400 1097 odorem
2446 1040 2739 1094 suavitatis
2779 1037 2893 1092 Deo
2942 1045 2997 1093 et
3035 1036 3209 1101 Patri,
3257 1045 3313 1091 et
3346 1036 3574 1092 intravit
3626 1038 3683 1091 in

2089 1141 2276 1187 sancta
2327 1130 2518 1198 semel,
2568 1146 2677 1185 non
2726 1144 2824 1201 per
2872 1129 3193 1199 sanguinem
3244 1128 3544 1194 hircorum,
3588 1136 3682 1182 aut

2089 1232 2389 1289 taurorum,
2421 1224 2517 1278 sed
2552 1237 2649 1293 per
2672 1206 2839 1277 ‘suum
2883 1221 3230 1292 sanguinem.
3260 1220 3353 1274 Sic
3381 1219 3527 1274 enim
3556 1234 3682 1274 cre-

2090 1314 2341 1371 dentibus
2376 1316 2427 1369 in
2473 1331 2533 1370 se
2578 1315 2955 1370 remissionem
2998 1302 3051 1368 in
3096 1322 3364 1368 aeternum
3404 1326 3683 1381 compara-

2090 1406 2169 1459 vit
2194 1404 2259 1458 ⁸¹.
2296 1424 2315 1456 ι
2369 1406 2514 1475 Ergo
2558 1404 2777 1475 plurimi
2816 1405 3037 1475 quidem
3095 1414 3220 1459 ante
3274 1404 3451 1473 ipsum
3499 1407 3678 1461 sancti

2089 1498 2279 1564 fuere;
2328 1498 2423 1553 sed
2461 1513 2622 1553 nemo
2650 1510 2835 1551 eorum
2868 1495 3191 1551 Emmanuel
3234 1495 3544 1551 nominatus
3573 1504 3674 1553 est.

2089 1589 2263 1658 Quam
2309 1590 2380 1644 ob
2424 1589 2693 1645 causam?
2728 1586 2981 1643 Nondum
3025 1588 3171 1643 enim
3202 1596 3439 1659 venerat~
3472 1598 3676 1658 tempus

2088 1697 2196 1751 quo
2224 1682 2446 1737 deberet
2475 1694 2599 1735 esse
2640 1679 2947 1745 nobiscum,
2997 1680 3048 1735 id
3077 1690 3183 1746 est,
3214 1680 3268 1734 in
3311 1688 3555 1735 nostram
3585 1695 3679 1735 ve-

2089 1774 2209 1829 nire
2236 1785 2490 1829 naturam
2518 1787 2616 1843 per
2649 1787 2899 1837 carnem,
2928 1772 2976 1828 is
3013 1772 3107 1840 qui
3134 1781 3218 1827 est
3249 1772 3395 1826 omni
3430 1772 3683 1842 superior

2093 1872 2365 1919 creatura.
2417 1862 2566 1917 Unus
2601 1862 2765 1932 igitur
2806 1862 3153 1928 Emmanuel,
3198 1863 3367 1917 semel
3407 1864 3554 1918 enim
3604 1863 3684 1919 la—

2093 1963 2212 2010 ctus
2245 1964 2329 2010 est
2371 1955 2533 2009 homo
2582 1952 2933 2025 Unigenitus,
2975 1963 3104 2008 tunc
3133 1969 3258 2010 cum
3291 1970 3388 2024 per
3432 1965 3680 2011 sanctam

2093 2044 2372 2115 Virginem
2434 2046 2844 2116 generationem
2900 2046 3174 2101 carnalem
3240 2064 3533 2117 perpessus
3578 2060 3680 2105 est.

2094 2136 2310 2194 Dictum
2338 2147 2421 2193 est
2450 2138 2598 2193 enim
2634 2148 2690 2192 et
2737 2138 2805 2192 ad
2836 2135 3019 2192 Jesum
3051 2137 3221 2192 ﬁlium
3249 2139 3399 2193 Nave
3426 2157 3440 2194 :
3474 2158 3493 2191 ι
3530 2140 3682 2206 Quod

2092 2244 2189 2285 ero
2240 2238 2417 2284 tecum
2440 2230 2505 2283 ³².
2541 2247 2560 2280 ι
2597 2229 2667 2283 At
2707 2244 2814 2283 non
2859 2239 2980 2284 erat
3029 2229 3119 2283 ille
3166 2229 3512 2302 Emmanuel.
3561 2230 3685 2285 Fuit

2095 2323 2260 2377 etiam
2294 2336 2417 2375 cum
2450 2320 2673 2393 Moyse;
2705 2323 2800 2376 sed
2831 2338 2931 2377 nec
2969 2321 3057 2377 ille
3088 2321 3410 2377 Emmanuel
3437 2322 3683 2377 nomina-

2096 2422 2182 2470 tus
2212 2423 2317 2470 est.
2354 2414 2526 2484 Igitur
2559 2414 2775 2483 quoties
2806 2414 3057 2469 audimus
3088 2427 3286 2468 nomen
3330 2412 3469 2467 Filio
3495 2413 3685 2467 datum

2094 2521 2238 2576 esse,
2297 2526 2316 2559 ι
2349 2508 2635 2562 nobiscum
2685 2507 2851 2571 Deus,
2883 2524 2902 2558 ›
2958 2506 3238 2575 sapienter
3288 2505 3680 2574 intelligamus,

2094 2614 2201 2653 non
2244 2597 2318 2652 ita
2359 2598 2532 2667 ipsum
2562 2598 2734 2654 fuisse
2762 2598 3048 2652 nobiscum
3082 2597 3401 2652 novissimis
3427 2597 3686 2667 tempori-

2090 2689 2221 2757 bus,
2255 2692 2398 2745 sicut
2427 2690 2625 2743 dicitur
2652 2690 2947 2758 aliquando
2973 2689 3139 2744 fuisse
3161 2698 3283 2744 eum
3315 2689 3552 2744 sanctis:
3579 2690 3686 2745 illis

2096 2781 2240 2834 enim
2292 2790 2411 2835 erat
2457 2789 2666 2834 tantum
2711 2779 2962 2850 adjutor;
3006 2779 3289 2836 nobiscum
3339 2790 3522 2833 autem
3563 2778 3683 2842 fuit,

2096 2871 2152 2927 id
2177 2880 2281 2937 est,
2312 2872 2487 2927 lactus
2508 2879 2593 2927 est
2622 2871 2821 2927 similis
2852 2872 3049 2938 nostri,
3082 2886 3204 2927 cum
3228 2887 3384 2927 suam
3420 2887 3524 2924 non
3552 2870 3689 2926 ami-

2097 2964 2259 3021 sisset
2298 2974 2588 3019 naturam:
2617 2974 2702 3018 est
2735 2964 2881 3017 enim
2927 2964 3385 3029 inconvertibilis,
3430 2972 3490 3018 ut
3521 2962 3684 3019 Deus.

2700 3098 2954 3152 ΚΕΦΑΔ.
2996 3099 3080 3154 H’.

2257 3212 2414 3277 Τίνα,
2451 3211 2626 3282 φησι,
2649 3212 2907 3285 λέγομεν
2935 3208 3089 3267 εἶναι
3121 3212 3236 3282 τὴν
3269 3213 3512 3267 ἕνωσιν.

2164 3348 2239 3403 Τὸ
2274 3349 2375 3419 τῆς
2419 3348 2667 3413 ὲνώσεως
2696 3350 2888 3421 χρῆμα
2921 3350 3066 3404 κατὰ
3095 3350 3326 3413 πολλοὺς
3356 3348 3689 3403 ἐπιτελεῖται

2093 3438 2357 3510 τρόπους·
2402 3439 2724 3513 διῃρημένοι
2767 3440 2878 3513 γᾶρ
2918 3458 3067 3505 τινες
3107 3440 3252 3493 κατὰ
3295 3441 3529 3495 διάθεσιν
3592 3443 3690 3495 καὶ

2095 3530 2344 3603 γνώμην,
2378 3532 2475 3601 καὶ
2506 3531 2870 3601 διχονοοῦντες
2924 3533 3061 3604 πρὸς
3094 3532 3394 3603 ἀλλήλους,
3435 3532 3689 3586 ὲνοῦσθαι

2096 3622 2344 3692 λέγονται
2372 3623 2515 3677 κατὰ
2543 3623 2819 3695 σύμϐασιν
2839 3622 3083 3695 φιλικὴν,
3115 3624 3181 3677 ὲκ
3211 3624 3382 3694 μέσον
3406 3622 3689 3686 ποιοῦντες

2094 3716 2196 3777 τὰς
2232 3715 2530 3786 διαφοράς·
2577 3713 2831 3768 ἑνοῦσθαι
2879 3714 2941 3769 δέ
2982 3731 3164 3786 φαμεν
3197 3717 3294 3770 καὶ
3336 3715 3403 3769 τὰ
3432 3713 3688 3783 ἀλλήλοις

2095 3807 2435 3878 κολλώμενα,
2466 3807 2638 3877 ἧγουν
2703 3806 3083 3876 συνηνεγμένα
3133 3806 3257 3862 καθ’
3311 3806 3528 3877 ἑτέρους
3562 3806 3689 3873 τρό-

2096 3914 2253 3962 πους,
2298 3897 2332 3968 ἢ
2381 3895 2523 3959 κατὰ
2558 3893 2885 3965 παράθεσιν,
2918 3894 2952 3963 ἢ
2994 3893 3162 3964 μίξιν,
3194 3894 3229 3964 ἢ
3275 3895 3513 3965 κρᾶσιν·
3558 3892 3690 3944 ὅταν

2096 3983 2192 4042 οῦν
2222 3986 2477 4042 ὲνοῦσθαι
2514 3986 2750 4056 λέγομεν
2781 3988 2849 4055 τῇ
2893 3984 3014 4037 καθ’
3062 3986 3211 4056 ἡμᾶς
3260 3985 3422 4053 φύσει
3464 3982 3557 4036 τὸν
3589 3980 3685 4035 τοῦ

2097 4078 2235 4133 Θεοῦ
2260 4079 2456 4148 Λόγον,
2485 4076 2752 4148 κρείττων
2778 4076 2977 4146 ὁρᾶται
3004 4076 3107 4146 τῆς
3124 4074 3415 4148 ἀνθρώπου
3446 4073 3683 4136 διανοίας

2095 4170 2125 4222 ό
2145 4172 2246 4240 τῆς
2269 4168 2515 4232 ἐνώσεως
2537 4167 2734 4239 τρόπος
2760 4182 2773 4195 ·
2804 4166 2865 4218 οὐ
2893 4167 3002 4239 γάρ
3027 4184 3110 4220 τοι
3131 4168 3254 4222 καθ’
3280 4166 3377 4221 ἕνα
3404 4166 3515 4219 τῶν
3542 4168 3684 4236 εἰρη-

2101 4262 2277 4333 μένων
2334 4261 2515 4315 ὲστίν·
2565 4260 2883 4331 ἀπόρρητος
2915 4258 2971 4311 δὲ
3018 4261 3321 4326 παντελῶς,
3368 4261 3463 4313 καὶ
3506 4259 3683 4312 οὐδενὶ

2096 4355 2239 4426 τάχα
2267 4354 2377 4407 τῶν
2434 4354 2604 4408 ὄντων
2646 4352 3081 4422 διεγνωσμένος,
3112 4354 3253 4426 πλὴν
3293 4353 3373 4407 ὅτι
3408 4352 3553 4423 μόνῳ
3604 4350 3681 4420 τῷ

2098 4447 2276 4500 πάντα
2314 4445 2477 4498 εἰδότι
2504 4443 2641 4514 Θεῷ.

514 4536 584 4591 Ει
632 4535 766 4591 nihil
828 4536 1058 4603 mirum,
1097 4536 1141 4592 si
1186 4536 1240 4591 in
1303 4536 1612 4605 hujusmodi
1665 4536 1990 4609 cogitatione

2170 4536 2282 4589 Καὶ
2317 4534 2628 4606 θαυμαστὸν
2678 4537 2863 4602 οὐδὲν,
2901 4538 2951 4589 εἰ
2988 4535 3098 4588 τῶν
3156 4532 3412 4587 τοιούτων
3466 4531 3684 4584 ἐννοιῶν

407 4630 716 4694 vincamur,
764 4644 884 4684 cum
921 4644 1009 4683 res
1041 4639 1283 4696 nostras,
1331 4633 1602 4702 quomodo
1646 4646 1705 4687 se
1735 4632 1988 4697 habeant,

408 4721 773 4790 inquirentes,
818 4720 958 4775 ultra
995 4724 1214 4777 modum
1245 4731 1447 4777 nostrae
1493 4716 1689 4776 mentis
1725 4723 1988 4777 inventio-

408 4829 531 4867 nem
576 4828 695 4868 esse
738 4814 1133 4880 conliteamur;
1168 4827 1521 4883 quonamque
1565 4814 1724 4869 modo
1752 4814 1991 4868 animam

408 4905 648 4960 hominis
691 4920 789 4959 suo
822 4905 1041 4975 corpori
1076 4907 1366 4959 adunatam
1395 4917 1518 4961 esse
1548 4906 1836 4976 putemus?
1859 4906 1990 4973 Quis

407 5005 493 5052 est
524 4998 615 5066 qui
649 4995 701 5051 id
726 4997 898 5064 possit
925 4994 1275 5063 exprimere?
1299 4995 1405 5051 Sed
1439 4997 1483 5051 si
1513 5005 1729 5066 oportet
1756 5011 1871 5065 eos,
1896 4997 1987 5066 qui

406 5104 571 5159 parva
604 5102 669 5144 ea
718 5088 807 5143 vix
860 5088 1164 5157 intelligere
1215 5088 1457 5154 soleant;
1507 5089 1616 5144 imo
1662 5099 1716 5145 et
1763 5104 1859 5145 eos
1897 5091 1988 5159 qui

407 5181 621 5236 valeant
653 5180 978 5250 intelligere,
1026 5190 1135 5234 tam
1166 5182 1394 5235 subtiles
1429 5196 1513 5236 res
1551 5191 1607 5236 et
1632 5196 1849 5237 omnem
1896 5197 1988 5237 ra-

406 5276 610 5329 tionem
660 5274 1113 5329 transcendentcs
1162 5274 1472 5342 conjectare
1510 5295 1523 5329 :
1558 5276 1791 5331 dicimus
1842 5276 1987 5346 quod

406 5363 599 5421 deceat
631 5366 876 5433 cogitare
904 5367 1180 5436 (quamvis
1227 5368 1405 5423 minor
1438 5367 1508 5423 sit
1536 5368 1711 5423 oratio
1742 5366 1808 5422 ad
1844 5367 1986 5422 veri—

474 5594 519 5626 ’7
552 5593 706 5649 Joan.
755 5613 792 5661 ι,
844 5598 901 5651 5.
995 5598 1039 5628 ’⁸
1072 5595 1200 5653 Luc.
1255 5599 1407 5665 1,51.

1514 5600 1557 5649 ἓν
1594 5600 1753 5655 llcbt'.
1809 5614 1866 5665 ιι,
1924 5598 2006 5653 l-l.

2099 4626 2418 4698 ἡττώμεθα·
2454 4628 2544 4681 ὅτε
2575 4628 2645 4682 τὰ
2679 4629 2801 4682 καθ’
2839 4630 2989 4700 ἡμᾶς
3019 4627 3218 4689 αὐτοὺς
3269 4626 3419 4687 ὅπως
3461 4622 3527 4676 ἂν
3571 4623 3683 4692 ἔχοι

2097 4718 2539 4791 διερευνώμενοι,
2568 4722 2667 4792 τῆς
2718 4720 2952 4791 ἐνούσης
2991 4721 3125 4790 ἡμῖν
3156 4716 3393 4779 διανοίας
3426 4714 3688 4767 ἐπέκεινα

2097 4812 2199 4882 τὴν
2227 4810 2535 4881 κατάληψιν
2559 4812 2934 4883 ὁμολογοῦμεν
2962 4807 3399 4882 ὑπάρχειν.Τίνα
3424 4804 3533 4875 γὰρ
3563 4804 3686 4875 τρό-

2100 4919 2201 4955 πον
2233 4902 2476 4974 ἡνῶσθαι
2517 4902 2749 4972 νοοῦμεν
2792 4902 2892 4975 τὴν
2925 4902 3021 4957 τοῦ
3071 4902 3360 4975 ἀνθρώπου
3401 4899 3580 4969 ψυχὴν
3608 4898 3689 4967 τῷ

2103 4994 2219 5066 ἰδίῳ
2244 4997 2493 5066 σὼματι;
2527 4995 2625 5059 Τίς
2674 4998 2703 5049 ὁ
2741 4996 2948 5067 φράσαι
2992 4994 3323 5064 δυνάμενος;
3350 4992 3415 5044 Εἰ
3448 4990 3507 5043 δὲ
3557 4989 3687 5059 χρὴ.

2098 5088 2273 5160 μικρὰ
2308 5089 2403 5141 καὶ
2423 5087 2577 5158 μόλις
2604 5090 2809 5142 ἐννοεῖν
2848 5088 3129 5151 εἰωθότας,
3154 5086 3249 5141 καὶ
3265 5085 3448 5137 λαλεῖν
3478 5081 3691 5151 ἰσχύον-

2093 5198 2225 5248 τας,
2260 5180 2367 5235 τῶν
2401 5178 2575 5244 οὕτως
2628 5181 2825 5250 ἰσχνῶν
2849 5221 2865 5248 ,
2904 5181 2999 5234 καὶ
3046 5177 3186 5249 ὑπὲρ
3237 5175 3363 5230 νοῦν
3399 5173 3495 5227 καὶ
3529 5172 3691 5238 λόγον

2095 5273 2441 5343 πραγμάτων
2463 5272 3011 5345 κατατεκμήρασθαι,
3038 5269 3242 5340 φαμὲν,
3267 5269 3349 5322 ὅτι
3383 5265 3584 5336 πρέποι
3620 5262 3693 5316 ἂν

2095 5369 2323 5423 ἐννοεῖν·
2357 5365 2525 5441 μείων
2545 5370 2603 5424 δὲ
2635 5366 2980 5437 πάντωςττῆς
3009 5363 3271 5435 ἀληθείας
3293 5362 3323 5415 ὁ
3349 5361 3506 5430 λόγος
3525 5375 3537 5387 ·
3569 5372 3691 5410 τοι-

2699 5596 2739 5626 ³¹
2774 5595 2908 5651 lbid.
2990 5594 3031 5627 ³¹
3063 5592 3229 5649 Josue
3256 5608 3290 5658 ι,
3322 5606 3375 5646 v.

2112 5595 2158 5629 ³⁰
2192 5596 2356 5652 ilcbr.
2389 5613 2463 5662 Ix,
2495 5597 2584 5653 12.

477 5799 548 5866 (l)
614 5802 908 5858 Antbcrtus
961 5804 1263 5859 versionem
1328 5805 1643 5861 Mercatoris
1703 5804 2199 5880 emendarewvoluit
2241 5821 2305 5862 ex
2334 5804 2543 5861 Graeco.
