  <div class='ocr_page' id='page_1' title='image "/cluster/home/n/w/nwhite01/storage/ocr_20150623/75/mdp.39015078384495/702.png"; bbox 0 0 4082 6258; ppageno 0'>
   <div class='ocr_carea' id='block_1_1' title="bbox 423 295 562 354">
    <p class='ocr_par' dir='ltr' id='par_1_1' title="bbox 423 295 562 354">
     <span class='ocr_line' id='line_1_1' title="bbox 423 295 562 354; baseline -0.043 0"><span class='ocrx_word' id='word_1_1' title='bbox 423 295 562 354; x_wconf 74' lang='grc'><strong>157⁸1</strong></span> 
     </span>
    </p>
   </div>
   <div class='ocr_carea' id='block_1_2' title="bbox 1339 282 2736 345">
    <p class='ocr_par' dir='ltr' id='par_1_2' title="bbox 1339 282 2736 345">
     <span class='ocr_line' id='line_1_2' title="bbox 1339 282 2736 345; baseline -0.003 -1"><span class='ocrx_word' id='word_1_2' title='bbox 1339 287 1633 345; x_wconf 77' lang='lat' dir='ltr'><strong>SCHOLIA</strong></span> <span class='ocrx_word' id='word_1_3' title='bbox 1676 286 1762 342; x_wconf 83' lang='lat' dir='ltr'><strong>DE</strong></span> <span class='ocrx_word' id='word_1_4' title='bbox 1801 282 2318 340; x_wconf 75' lang='lat' dir='ltr'><strong>INCARNA&#39;I&#39;IONE</strong></span> <span class='ocrx_word' id='word_1_5' title='bbox 2359 282 2736 341; x_wconf 79' lang='lat' dir='ltr'><strong>UNIGENITI.</strong></span> 
     </span>
    </p>
   </div>
   <div class='ocr_carea' id='block_1_3' title="bbox 3551 292 3685 352">
    <p class='ocr_par' dir='ltr' id='par_1_3' title="bbox 3551 292 3685 352">
     <span class='ocr_line' id='line_1_3' title="bbox 3551 292 3685 352; baseline 0.015 -6"><span class='ocrx_word' id='word_1_6' title='bbox 3551 292 3685 352; x_wconf 66' lang='lat'><strong>£378</strong></span> 
     </span>
    </p>
   </div>
   <div class='ocr_carea' id='block_1_4' title="bbox 423 389 2003 478">
    <p class='ocr_par' dir='ltr' id='par_1_4' title="bbox 423 389 2003 478">
     <span class='ocr_line' id='line_1_4' title="bbox 423 389 2003 478; baseline -0.006 -16"><span class='ocrx_word' id='word_1_7' title='bbox 423 408 596 478; x_wconf 81' lang='grc' dir='ltr'>αὐτην</span> <span class='ocrx_word' id='word_1_8' title='bbox 624 389 764 460; x_wconf 54' lang='grc' dir='ltr'>εἷνδι</span> <span class='ocrx_word' id='word_1_9' title='bbox 792 405 890 476; x_wconf 80' lang='grc' dir='ltr'>τὴν</span> <span class='ocrx_word' id='word_1_10' title='bbox 919 405 1115 458; x_wconf 69' lang='grc' dir='ltr'>ἕνωσιν</span> <span class='ocrx_word' id='word_1_11' title='bbox 1151 400 1246 456; x_wconf 85' lang='grc' dir='ltr'><strong>τοῦ</strong></span> <span class='ocrx_word' id='word_1_12' title='bbox 1303 401 1674 473; x_wconf 82' lang='grc' dir='ltr'>Ἑμμανουὴλ,</span> <span class='ocrx_word' id='word_1_13' title='bbox 1716 401 2003 471; x_wconf 65' lang='grc' dir='ltr'>ὁποίανπεε</span> 
     </span>
    </p>
   </div>
   <div class='ocr_carea' id='block_1_5' title="bbox 2108 389 3688 478">
    <p class='ocr_par' dir='ltr' id='par_1_5' title="bbox 2122 396 3688 468">
     <span class='ocr_line' id='line_1_5' title="bbox 2122 396 3688 468; baseline 0 -16"><span class='ocrx_word' id='word_1_14' title='bbox 2122 397 2309 466; x_wconf 86' lang='lat' dir='ltr'><strong>tatem)</strong></span> <span class='ocrx_word' id='word_1_15' title='bbox 2345 397 2506 451; x_wconf 99' lang='lat' dir='ltr'><strong>talem</strong></span> <span class='ocrx_word' id='word_1_16' title='bbox 2538 412 2658 452; x_wconf 84' lang='lat' dir='ltr'><strong>esse</strong></span> <span class='ocrx_word' id='word_1_17' title='bbox 2703 396 3088 454; x_wconf 85' lang='lat' dir='ltr'><strong>adunationem</strong></span> <span class='ocrx_word' id='word_1_18' title='bbox 3138 398 3308 468; x_wconf 80' lang='lat' dir='ltr'><strong>ipsius</strong></span> <span class='ocrx_word' id='word_1_19' title='bbox 3339 398 3688 466; x_wconf 81' lang='lat' dir='ltr'><strong>Emmanuel,</strong></span> 
     </span>
    </p>
   </div>
   <div class='ocr_carea' id='block_1_6' title="bbox 422 489 2002 566">
    <p class='ocr_par' dir='ltr' id='par_1_6' title="bbox 422 489 2002 566">
     <span class='ocr_line' id='line_1_6' title="bbox 422 489 2002 566; baseline 0.001 -13"><span class='ocrx_word' id='word_1_20' title='bbox 422 500 490 554; x_wconf 72' lang='grc' dir='ltr'>ἂν</span> <span class='ocrx_word' id='word_1_21' title='bbox 521 497 800 566; x_wconf 85' lang='grc' dir='ltr'>λογίσαιτό</span> <span class='ocrx_word' id='word_1_22' title='bbox 832 513 917 559; x_wconf 90' lang='grc' dir='ltr'><strong>τις</strong></span> <span class='ocrx_word' id='word_1_23' title='bbox 947 497 1043 548; x_wconf 69' lang='grc' dir='ltr'>καὶ</span> <span class='ocrx_word' id='word_1_24' title='bbox 1066 495 1166 564; x_wconf 84' lang='grc' dir='ltr'>τὴν</span> <span class='ocrx_word' id='word_1_25' title='bbox 1193 494 1318 565; x_wconf 84' lang='grc' dir='ltr'><strong>[ἵσ.</strong></span> <span class='ocrx_word' id='word_1_26' title='bbox 1348 494 1450 564; x_wconf 85' lang='grc' dir='ltr'>τῆς</span> <span class='ocrx_word' id='word_1_27' title='bbox 1474 493 1570 546; x_wconf 89' lang='grc' dir='ltr'><strong>τοῦ</strong></span> <span class='ocrx_word' id='word_1_28' title='bbox 1597 493 1755 562; x_wconf 87' lang='grc' dir='ltr'>άνθρ.</span> <span class='ocrx_word' id='word_1_29' title='bbox 1783 489 2002 562; x_wconf 75' lang='grc' dir='ltr'>ψυχῆς]</span> 
     </span>
    </p>
   </div>
   <div class='ocr_carea' id='block_1_7' title="bbox 422 583 2004 658">
    <p class='ocr_par' dir='ltr' id='par_1_7' title="bbox 422 583 2004 658">
     <span class='ocr_line' id='line_1_7' title="bbox 422 583 2004 658; baseline -0.006 -14"><span class='ocrx_word' id='word_1_30' title='bbox 422 589 516 646; x_wconf 81' lang='grc' dir='ltr'><strong>τοῦ</strong></span> <span class='ocrx_word' id='word_1_31' title='bbox 539 589 834 658; x_wconf 82' lang='grc' dir='ltr'>ἀνθρώπου</span> <span class='ocrx_word' id='word_1_32' title='bbox 865 588 1042 658; x_wconf 74' lang='grc' dir='ltr'>ψυχὴν</span> <span class='ocrx_word' id='word_1_33' title='bbox 1073 586 1208 656; x_wconf 78' lang='grc' dir='ltr'>πρὸς</span> <span class='ocrx_word' id='word_1_34' title='bbox 1229 587 1290 638; x_wconf 83' lang='grc' dir='ltr'><strong>τὸ</strong></span> <span class='ocrx_word' id='word_1_35' title='bbox 1312 586 1446 639; x_wconf 83' lang='grc' dir='ltr'>ἴδιον</span> <span class='ocrx_word' id='word_1_36' title='bbox 1479 584 1660 656; x_wconf 83' lang='grc' dir='ltr'>σῶμα.</span> <span class='ocrx_word' id='word_1_37' title='bbox 1697 583 2004 638; x_wconf 88' lang='grc' dir='ltr'>Οἰκειοῦται</span> 
     </span>
    </p>
   </div>
   <div class='ocr_carea' id='block_1_8' title="bbox 420 673 2004 751">
    <p class='ocr_par' dir='ltr' id='par_1_8' title="bbox 420 673 2004 751">
     <span class='ocr_line' id='line_1_8' title="bbox 420 673 2004 751; baseline -0.004 -17"><span class='ocrx_word' id='word_1_38' title='bbox 420 681 531 751; x_wconf 85' lang='grc' dir='ltr'><strong>γὰρ</strong></span> <span class='ocrx_word' id='word_1_39' title='bbox 555 683 589 750; x_wconf 75' lang='grc' dir='ltr'><strong>ἠ</strong></span> <span class='ocrx_word' id='word_1_40' title='bbox 614 679 764 750; x_wconf 76' lang='grc' dir='ltr'>ψυχὴ</span> <span class='ocrx_word' id='word_1_41' title='bbox 783 679 851 732; x_wconf 84' lang='grc' dir='ltr'>τὰ</span> <span class='ocrx_word' id='word_1_42' title='bbox 879 677 973 732; x_wconf 87' lang='grc' dir='ltr'><strong>τοῦ</strong></span> <span class='ocrx_word' id='word_1_43' title='bbox 1007 676 1278 748; x_wconf 85' lang='grc' dir='ltr'>σώματος,</span> <span class='ocrx_word' id='word_1_44' title='bbox 1307 674 1483 729; x_wconf 83' lang='grc' dir='ltr'>καίτοι</span> <span class='ocrx_word' id='word_1_45' title='bbox 1515 676 1656 729; x_wconf 78' lang='grc' dir='ltr'>κατὰ</span> <span class='ocrx_word' id='word_1_46' title='bbox 1685 676 1846 744; x_wconf 80' lang='grc' dir='ltr'>φύσιν</span> <span class='ocrx_word' id='word_1_47' title='bbox 1871 673 2004 727; x_wconf 99' lang='grc' dir='ltr'>ἰδίαν</span> 
     </span>
    </p>
   </div>
   <div class='ocr_carea' id='block_1_9' title="bbox 419 763 2002 842">
    <p class='ocr_par' dir='ltr' id='par_1_9' title="bbox 419 763 2002 842">
     <span class='ocr_line' id='line_1_9' title="bbox 419 763 2002 842; baseline -0.005 -17"><span class='ocrx_word' id='word_1_48' title='bbox 419 773 688 842; x_wconf 80' lang='grc' dir='ltr'><strong>ἀμέτοχος</strong></span> <span class='ocrx_word' id='word_1_49' title='bbox 713 766 852 823; x_wconf 83' lang='grc' dir='ltr'>οὖσα</span> <span class='ocrx_word' id='word_1_50' title='bbox 890 767 998 821; x_wconf 82' lang='grc' dir='ltr'><strong>τῶν</strong></span> <span class='ocrx_word' id='word_1_51' title='bbox 1034 766 1198 820; x_wconf 80' lang='grc' dir='ltr'>αὐτοῦ</span> <span class='ocrx_word' id='word_1_52' title='bbox 1232 766 1424 820; x_wconf 86' lang='grc' dir='ltr'>παθῶν</span> <span class='ocrx_word' id='word_1_53' title='bbox 1470 765 1717 834; x_wconf 82' lang='grc' dir='ltr'>φυσικῶν</span> <span class='ocrx_word' id='word_1_54' title='bbox 1763 781 1822 834; x_wconf 75' lang='grc' dir='ltr'><strong>τε</strong></span> <span class='ocrx_word' id='word_1_55' title='bbox 1863 763 2002 835; x_wconf 74' lang='grc' dir='ltr'>ἅμα,</span> 
     </span>
    </p>
   </div>
   <div class='ocr_carea' id='block_1_10' title="bbox 419 855 2004 927">
    <p class='ocr_par' dir='ltr' id='par_1_10' title="bbox 419 855 2004 927">
     <span class='ocr_line' id='line_1_10' title="bbox 419 855 2004 927; baseline -0.005 -12"><span class='ocrx_word' id='word_1_56' title='bbox 419 863 515 916; x_wconf 82' lang='grc' dir='ltr'>καὶ</span> <span class='ocrx_word' id='word_1_57' title='bbox 546 861 656 915; x_wconf 83' lang='grc' dir='ltr'><strong>τῶν</strong></span> <span class='ocrx_word' id='word_1_58' title='bbox 685 861 887 926; x_wconf 74' lang='grc' dir='ltr'>ἔξωθεν</span> <span class='ocrx_word' id='word_1_59' title='bbox 927 859 1307 927; x_wconf 77' lang='grc' dir='ltr'>ἐπαγομένων.</span> <span class='ocrx_word' id='word_1_60' title='bbox 1342 859 1589 910; x_wconf 81' lang='grc' dir='ltr'>Κινεῖται</span> <span class='ocrx_word' id='word_1_61' title='bbox 1641 856 1740 927; x_wconf 78' lang='grc' dir='ltr'>μὲν</span> <span class='ocrx_word' id='word_1_62' title='bbox 1783 855 1894 927; x_wconf 83' lang='grc' dir='ltr'>γὰρ</span> <span class='ocrx_word' id='word_1_63' title='bbox 1923 857 2004 918; x_wconf 88' lang='grc' dir='ltr'><strong>εἰς</strong></span> 
     </span>
    </p>
   </div>
   <div class='ocr_carea' id='block_1_11' title="bbox 419 944 2006 1021">
    <p class='ocr_par' dir='ltr' id='par_1_11' title="bbox 419 944 2006 1021">
     <span class='ocr_line' id='line_1_11' title="bbox 419 944 2006 1021; baseline -0.003 -18"><span class='ocrx_word' id='word_1_64' title='bbox 419 950 629 1021; x_wconf 75' lang='grc' dir='ltr'><strong>ὀρέξεις</strong></span> <span class='ocrx_word' id='word_1_65' title='bbox 658 950 719 1002; x_wconf 84' lang='grc' dir='ltr'><strong>τὸ</strong></span> <span class='ocrx_word' id='word_1_66' title='bbox 755 949 916 1018; x_wconf 82' lang='grc' dir='ltr'>σῶμα</span> <span class='ocrx_word' id='word_1_67' title='bbox 949 947 1207 1016; x_wconf 83' lang='grc' dir='ltr'>φυσικάς,</span> <span class='ocrx_word' id='word_1_68' title='bbox 1229 947 1324 1000; x_wconf 73' lang='grc' dir='ltr'>καὶ</span> <span class='ocrx_word' id='word_1_69' title='bbox 1347 945 1765 998; x_wconf 84' lang='grc' dir='ltr'>συναισθάνεται</span> <span class='ocrx_word' id='word_1_70' title='bbox 1795 944 1882 998; x_wconf 87' lang='grc' dir='ltr'>διὰ</span> <span class='ocrx_word' id='word_1_71' title='bbox 1905 945 2006 1015; x_wconf 80' lang='grc' dir='ltr'><strong>τὴν</strong></span> 
     </span>
    </p>
   </div>
   <div class='ocr_carea' id='block_1_12' title="bbox 418 1035 2003 1109">
    <p class='ocr_par' dir='ltr' id='par_1_12' title="bbox 418 1035 2003 1109">
     <span class='ocr_line' id='line_1_12' title="bbox 418 1035 2003 1109; baseline -0.002 -16"><span class='ocrx_word' id='word_1_72' title='bbox 418 1041 613 1094; x_wconf 70' lang='grc' dir='ltr'>ἕνωσιν</span> <span class='ocrx_word' id='word_1_73' title='bbox 644 1041 678 1109; x_wconf 80' lang='grc' dir='ltr'>ἡ</span> <span class='ocrx_word' id='word_1_74' title='bbox 720 1038 916 1092; x_wconf 77' lang='grc' dir='ltr'><strong>ἐνοῦσα</strong></span> <span class='ocrx_word' id='word_1_75' title='bbox 950 1039 1125 1108; x_wconf 77' lang='grc' dir='ltr'>ψυχή·</span> <span class='ocrx_word' id='word_1_76' title='bbox 1159 1037 1522 1108; x_wconf 88' lang='grc' dir='ltr'>συμμετίσχει</span> <span class='ocrx_word' id='word_1_77' title='bbox 1559 1035 1616 1090; x_wconf 79' lang='grc' dir='ltr'>δὲ</span> <span class='ocrx_word' id='word_1_78' title='bbox 1658 1037 1780 1090; x_wconf 76' lang='grc' dir='ltr'>κατ’</span> <span class='ocrx_word' id='word_1_79' title='bbox 1815 1035 2003 1090; x_wconf 78' lang='grc' dir='ltr'>οὐδένα</span> 
     </span>
    </p>
   </div>
   <div class='ocr_carea' id='block_1_13' title="bbox 415 1121 2004 1204">
    <p class='ocr_par' dir='ltr' id='par_1_13' title="bbox 415 1121 2004 1204">
     <span class='ocr_line' id='line_1_13' title="bbox 415 1121 2004 1204; baseline -0.007 -19"><span class='ocrx_word' id='word_1_80' title='bbox 415 1133 618 1204; x_wconf 81' lang='grc' dir='ltr'>τρόπον</span> <span class='ocrx_word' id='word_1_81' title='bbox 637 1148 651 1161; x_wconf 75' lang='grc' dir='ltr'><strong>ο</strong></span> <span class='ocrx_word' id='word_1_82' title='bbox 682 1129 852 1183; x_wconf 75' lang='grc' dir='ltr'>οἴεταί</span> <span class='ocrx_word' id='word_1_83' title='bbox 884 1145 948 1198; x_wconf 88' lang='grc' dir='ltr'><strong>γε</strong></span> <span class='ocrx_word' id='word_1_84' title='bbox 981 1129 1088 1199; x_wconf 82' lang='grc' dir='ltr'>μὴν</span> <span class='ocrx_word' id='word_1_85' title='bbox 1122 1127 1258 1181; x_wconf 89' lang='grc' dir='ltr'>ἰδίαν</span> <span class='ocrx_word' id='word_1_86' title='bbox 1307 1126 1608 1188; x_wconf 74' lang='grc' dir='ltr'>ἀπόλαυσιν</span> <span class='ocrx_word' id='word_1_87' title='bbox 1639 1121 1780 1179; x_wconf 83' lang='grc' dir='ltr'>εἶναι</span> <span class='ocrx_word' id='word_1_88' title='bbox 1815 1124 1876 1178; x_wconf 82' lang='grc' dir='ltr'>τὸ</span> <span class='ocrx_word' id='word_1_89' title='bbox 1905 1125 2004 1194; x_wconf 80' lang='grc' dir='ltr'>τῆς</span> 
     </span>
    </p>
   </div>
   <div class='ocr_carea' id='block_1_14' title="bbox 415 1215 2004 1295">
    <p class='ocr_par' dir='ltr' id='par_1_14' title="bbox 415 1215 2004 1295">
     <span class='ocr_line' id='line_1_14' title="bbox 415 1215 2004 1295; baseline -0.004 -19"><span class='ocrx_word' id='word_1_90' title='bbox 415 1225 647 1295; x_wconf 78' lang='grc' dir='ltr'><strong>ὀρέξεως</strong></span> <span class='ocrx_word' id='word_1_91' title='bbox 677 1223 1050 1292; x_wconf 77' lang='grc' dir='ltr'>ἀποτέλεσμαο</span> <span class='ocrx_word' id='word_1_92' title='bbox 1083 1221 1186 1274; x_wconf 78' lang='grc' dir='ltr'><strong>κᾶν</strong></span> <span class='ocrx_word' id='word_1_93' title='bbox 1214 1222 1264 1272; x_wconf 90' lang='grc' dir='ltr'><strong>εἰ</strong></span> <span class='ocrx_word' id='word_1_94' title='bbox 1304 1218 1686 1284; x_wconf 77' lang='grc' dir='ltr'>καταξαίνοιτο</span> <span class='ocrx_word' id='word_1_95' title='bbox 1734 1217 1896 1288; x_wconf 79' lang='grc' dir='ltr'>τυχὸν</span> <span class='ocrx_word' id='word_1_96' title='bbox 1941 1215 2004 1269; x_wconf 80' lang='grc' dir='ltr'>τὸ</span> 
     </span>
    </p>
   </div>
   <div class='ocr_carea' id='block_1_15' title="bbox 420 1308 2003 1385">
    <p class='ocr_par' dir='ltr' id='par_1_15' title="bbox 420 1308 2003 1385">
     <span class='ocr_line' id='line_1_15' title="bbox 420 1308 2003 1385; baseline -0.005 -17"><span class='ocrx_word' id='word_1_97' title='bbox 420 1315 603 1385; x_wconf 85' lang='grc' dir='ltr'>σῶμα,</span> <span class='ocrx_word' id='word_1_98' title='bbox 651 1315 745 1367; x_wconf 82' lang='grc' dir='ltr'><strong>καὶ</strong></span> <span class='ocrx_word' id='word_1_99' title='bbox 784 1313 990 1383; x_wconf 86' lang='grc' dir='ltr'>σιδήρῳ</span> <span class='ocrx_word' id='word_1_100' title='bbox 1046 1310 1430 1376; x_wconf 79' lang='grc' dir='ltr'>καταξαίνοιτο</span> <span class='ocrx_word' id='word_1_101' title='bbox 1461 1309 1716 1378; x_wconf 87' lang='grc' dir='ltr'>συναλγεῖ</span> <span class='ocrx_word' id='word_1_102' title='bbox 1768 1309 1887 1380; x_wconf 85' lang='grc' dir='ltr'>μὲν,</span> <span class='ocrx_word' id='word_1_103' title='bbox 1927 1308 2003 1372; x_wconf 87' lang='grc' dir='ltr'>ὡς</span> 
     </span>
    </p>
   </div>
   <div class='ocr_carea' id='block_1_16' title="bbox 421 1400 2002 1476">
    <p class='ocr_par' dir='ltr' id='par_1_16' title="bbox 421 1400 2002 1476">
     <span class='ocr_line' id='line_1_16' title="bbox 421 1400 2002 1476; baseline -0.003 -18"><span class='ocrx_word' id='word_1_104' title='bbox 421 1405 552 1459; x_wconf 89' lang='grc' dir='ltr'>ἰδίου</span> <span class='ocrx_word' id='word_1_105' title='bbox 577 1406 878 1476; x_wconf 79' lang='grc' dir='ltr'>πάσχοντος</span> <span class='ocrx_word' id='word_1_106' title='bbox 907 1403 1189 1472; x_wconf 77' lang='grc' dir='ltr'>σώματος’</span> <span class='ocrx_word' id='word_1_107' title='bbox 1227 1403 1364 1474; x_wconf 82' lang='grc' dir='ltr'>αὐτή</span> <span class='ocrx_word' id='word_1_108' title='bbox 1395 1419 1458 1472; x_wconf 89' lang='grc' dir='ltr'><strong>γε</strong></span> <span class='ocrx_word' id='word_1_109' title='bbox 1489 1404 1596 1473; x_wconf 83' lang='grc' dir='ltr'>μὴν</span> <span class='ocrx_word' id='word_1_110' title='bbox 1631 1404 1712 1466; x_wconf 89' lang='grc' dir='ltr'><strong>εἰς</strong></span> <span class='ocrx_word' id='word_1_111' title='bbox 1743 1401 1876 1455; x_wconf 88' lang='grc' dir='ltr'>ἰδίαν</span> <span class='ocrx_word' id='word_1_112' title='bbox 1903 1400 2002 1470; x_wconf 80' lang='grc' dir='ltr'><strong>φύ-</strong></span> 
     </span>
    </p>
   </div>
   <div class='ocr_carea' id='block_1_17' title="bbox 419 1495 1892 1566">
    <p class='ocr_par' dir='ltr' id='par_1_17' title="bbox 419 1495 1892 1566">
     <span class='ocr_line' id='line_1_17' title="bbox 419 1495 1892 1566; baseline -0.001 -15"><span class='ocrx_word' id='word_1_113' title='bbox 419 1516 504 1551; x_wconf 89' lang='grc' dir='ltr'>σιν</span> <span class='ocrx_word' id='word_1_114' title='bbox 535 1498 636 1550; x_wconf 85' lang='grc' dir='ltr'><strong>οὑκ</strong></span> <span class='ocrx_word' id='word_1_115' title='bbox 665 1498 729 1550; x_wconf 84' lang='grc' dir='ltr'>ἄν</span> <span class='ocrx_word' id='word_1_116' title='bbox 755 1514 808 1549; x_wconf 86' lang='grc' dir='ltr'><strong>τι</strong></span> <span class='ocrx_word' id='word_1_117' title='bbox 844 1495 1008 1550; x_wconf 86' lang='grc' dir='ltr'>πάθοι</span> <span class='ocrx_word' id='word_1_118' title='bbox 1033 1497 1143 1548; x_wconf 82' lang='grc' dir='ltr'><strong>τῶν</strong></span> <span class='ocrx_word' id='word_1_119' title='bbox 1173 1496 1646 1566; x_wconf 80' lang='grc' dir='ltr'>ἐπενηνεγμένων.</span> <span class='ocrx_word' id='word_1_120' title='bbox 1862 1511 1892 1539; x_wconf 70' lang='grc' dir='ltr'><em>ι</em></span> 
     </span>
    </p>
   </div>
   <div class='ocr_carea' id='block_1_18' title="bbox 487 1585 2003 1660">
    <p class='ocr_par' dir='ltr' id='par_1_18' title="bbox 487 1585 2003 1660">
     <span class='ocr_line' id='line_1_18' title="bbox 487 1585 2003 1660; baseline -0.003 -18"><span class='ocrx_word' id='word_1_121' title='bbox 487 1589 636 1660; x_wconf 84' lang='grc' dir='ltr'><strong>Πλὴν</strong></span> <span class='ocrx_word' id='word_1_122' title='bbox 661 1589 755 1641; x_wconf 76' lang='grc' dir='ltr'><strong>καὶ</strong></span> <span class='ocrx_word' id='word_1_123' title='bbox 794 1587 936 1658; x_wconf 83' lang='grc' dir='ltr'>ὑπὲρ</span> <span class='ocrx_word' id='word_1_124' title='bbox 965 1586 1123 1640; x_wconf 85' lang='grc' dir='ltr'>τοῦτό</span> <span class='ocrx_word' id='word_1_125' title='bbox 1165 1604 1348 1657; x_wconf 84' lang='grc' dir='ltr'>φαμεν</span> <span class='ocrx_word' id='word_1_126' title='bbox 1382 1587 1474 1640; x_wconf 74' lang='grc' dir='ltr'>ἐπὶ</span> <span class='ocrx_word' id='word_1_127' title='bbox 1503 1587 1600 1640; x_wconf 84' lang='grc' dir='ltr'><strong>τοῦ</strong></span> <span class='ocrx_word' id='word_1_128' title='bbox 1648 1585 2003 1657; x_wconf 75' lang='grc' dir='ltr'>Ἐμμανουὴλ</span> 
     </span>
    </p>
   </div>
   <div class='ocr_carea' id='block_1_19' title="bbox 415 1675 2001 1750">
    <p class='ocr_par' dir='ltr' id='par_1_19' title="bbox 415 1675 2001 1750">
     <span class='ocr_line' id='line_1_19' title="bbox 415 1675 2001 1750; baseline -0.001 -16"><span class='ocrx_word' id='word_1_129' title='bbox 415 1680 514 1750; x_wconf 81' lang='grc' dir='ltr'>τὴν</span> <span class='ocrx_word' id='word_1_130' title='bbox 545 1675 884 1740; x_wconf 75' lang='grc' dir='ltr'>ἓνωσιν.Ἦν</span> <span class='ocrx_word' id='word_1_131' title='bbox 915 1679 1012 1748; x_wconf 83' lang='grc' dir='ltr'>μὲν</span> <span class='ocrx_word' id='word_1_132' title='bbox 1049 1679 1156 1749; x_wconf 79' lang='grc' dir='ltr'>γὰρ</span> <span class='ocrx_word' id='word_1_133' title='bbox 1188 1680 1507 1748; x_wconf 81' lang='grc' dir='ltr'>ἀναγκαῖον,</span> <span class='ocrx_word' id='word_1_134' title='bbox 1537 1680 1615 1750; x_wconf 83' lang='grc' dir='ltr'>τῷ</span> <span class='ocrx_word' id='word_1_135' title='bbox 1642 1680 1754 1749; x_wconf 84' lang='grc' dir='ltr'>ἰδίῳ</span> <span class='ocrx_word' id='word_1_136' title='bbox 1785 1680 2001 1750; x_wconf 85' lang='grc' dir='ltr'>σώματι</span> 
     </span>
    </p>
   </div>
   <div class='ocr_carea' id='block_1_20' title="bbox 2112 489 3688 560">
    <p class='ocr_par' dir='ltr' id='par_1_20' title="bbox 2112 489 3688 560">
     <span class='ocr_line' id='line_1_20' title="bbox 2112 489 3688 560; baseline 0.004 -17"><span class='ocrx_word' id='word_1_137' title='bbox 2112 490 2325 560; x_wconf 84' lang='lat' dir='ltr'><strong>qualem</strong></span> <span class='ocrx_word' id='word_1_138' title='bbox 2376 491 2497 559; x_wconf 84' lang='lat' dir='ltr'><strong>quis</strong></span> <span class='ocrx_word' id='word_1_139' title='bbox 2547 489 2810 560; x_wconf 79' lang='lat' dir='ltr'><strong>intelligat</strong></span> <span class='ocrx_word' id='word_1_140' title='bbox 2850 495 3086 545; x_wconf 84' lang='lat' dir='ltr'><strong>anituam</strong></span> <span class='ocrx_word' id='word_1_141' title='bbox 3137 492 3372 548; x_wconf 85' lang='lat' dir='ltr'><strong>hominis</strong></span> <span class='ocrx_word' id='word_1_142' title='bbox 3416 494 3481 546; x_wconf 87' lang='lat' dir='ltr'><strong>ad</strong></span> <span class='ocrx_word' id='word_1_143' title='bbox 3531 508 3688 549; x_wconf 86' lang='lat' dir='ltr'><strong>suum</strong></span> 
     </span>
    </p>
   </div>
   <div class='ocr_carea' id='block_1_21' title="bbox 2111 580 3690 654">
    <p class='ocr_par' dir='ltr' id='par_1_21' title="bbox 2111 580 3690 654">
     <span class='ocr_line' id='line_1_21' title="bbox 2111 580 3690 654; baseline 0.002 -18"><span class='ocrx_word' id='word_1_144' title='bbox 2111 595 2309 652; x_wconf 91' lang='lat' dir='ltr'><strong>corpus</strong></span> <span class='ocrx_word' id='word_1_145' title='bbox 2345 581 2566 636; x_wconf 83' lang='lat' dir='ltr'><strong>habere.</strong></span> <span class='ocrx_word' id='word_1_146' title='bbox 2602 580 2708 652; x_wconf 75' lang='lat' dir='ltr'><strong>[(l)</strong></span> <span class='ocrx_word' id='word_1_147' title='bbox 2751 582 2946 636; x_wconf 85' lang='lat' dir='ltr'><strong>Anima</strong></span> <span class='ocrx_word' id='word_1_148' title='bbox 2987 583 3130 636; x_wconf 87' lang='lat' dir='ltr'><strong>enim</strong></span> <span class='ocrx_word' id='word_1_149' title='bbox 3172 584 3354 636; x_wconf 83' lang='lat' dir='ltr'><strong>omnia</strong></span> <span class='ocrx_word' id='word_1_150' title='bbox 3401 598 3521 654; x_wconf 81' lang='lat' dir='ltr'><strong>quae</strong></span> <span class='ocrx_word' id='word_1_151' title='bbox 3562 591 3690 640; x_wconf 84' lang='lat' dir='ltr'><strong>sunt</strong></span> 
     </span>
    </p>
   </div>
   <div class='ocr_carea' id='block_1_22' title="bbox 2111 672 3687 752">
    <p class='ocr_par' dir='ltr' id='par_1_22' title="bbox 2111 672 3687 752">
     <span class='ocr_line' id='line_1_22' title="bbox 2111 672 3687 752; baseline 0.003 -26"><span class='ocrx_word' id='word_1_152' title='bbox 2111 672 2378 752; x_wconf 69' lang='lat' dir='ltr'><strong>corporis,</strong></span> <span class='ocrx_word' id='word_1_153' title='bbox 2409 687 2530 726; x_wconf 88' lang='lat' dir='ltr'><strong>esse</strong></span> <span class='ocrx_word' id='word_1_154' title='bbox 2572 682 2785 740; x_wconf 78' lang='lat' dir='ltr'><strong>reputat</strong></span> <span class='ocrx_word' id='word_1_155' title='bbox 2818 688 2938 737; x_wconf 89' lang='lat' dir='ltr'><strong>sua,</strong></span> <span class='ocrx_word' id='word_1_156' title='bbox 2979 673 3105 728; x_wconf 86' lang='lat' dir='ltr'><strong>licet</strong></span> <span class='ocrx_word' id='word_1_157' title='bbox 3135 688 3231 744; x_wconf 87' lang='lat' dir='ltr'><strong>per</strong></span> <span class='ocrx_word' id='word_1_158' title='bbox 3264 685 3516 730; x_wconf 88' lang='lat' dir='ltr'><strong>naturam</strong></span> <span class='ocrx_word' id='word_1_159' title='bbox 3559 692 3687 746; x_wconf 82' lang='lat' dir='ltr'><strong>pro-</strong></span> 
     </span>
    </p>
   </div>
   <div class='ocr_carea' id='block_1_23' title="bbox 2111 763 3688 835">
    <p class='ocr_par' dir='ltr' id='par_1_23' title="bbox 2111 763 3688 835">
     <span class='ocr_line' id='line_1_23' title="bbox 2111 763 3688 835; baseline 0.003 -19"><span class='ocrx_word' id='word_1_160' title='bbox 2111 765 2285 834; x_wconf 91' lang='lat' dir='ltr'><strong>priam</strong></span> <span class='ocrx_word' id='word_1_161' title='bbox 2315 777 2511 832; x_wconf 83' lang='lat' dir='ltr'><strong>expers</strong></span> <span class='ocrx_word' id='word_1_162' title='bbox 2542 764 2611 817; x_wconf 89' lang='lat' dir='ltr'><strong>sit</strong></span> <span class='ocrx_word' id='word_1_163' title='bbox 2643 763 2722 835; x_wconf 69' lang='lat'><strong>(2)</strong></span> <span class='ocrx_word' id='word_1_164' title='bbox 2755 765 3097 832; x_wconf 89' lang='lat' dir='ltr'><strong>passionibus</strong></span> <span class='ocrx_word' id='word_1_165' title='bbox 3139 766 3408 835; x_wconf 88' lang='lat' dir='ltr'><strong>corporis,</strong></span> <span class='ocrx_word' id='word_1_166' title='bbox 3435 776 3491 820; x_wconf 90' lang='lat' dir='ltr'><strong>et</strong></span> <span class='ocrx_word' id='word_1_167' title='bbox 3527 765 3688 821; x_wconf 84' lang='lat' dir='ltr'><strong>uatu-</strong></span> 
     </span>
    </p>
   </div>
   <div class='ocr_carea' id='block_1_24' title="bbox 2112 855 3685 923">
    <p class='ocr_par' dir='ltr' id='par_1_24' title="bbox 2112 855 3685 923">
     <span class='ocr_line' id='line_1_24' title="bbox 2112 855 3685 923; baseline 0.001 -13"><span class='ocrx_word' id='word_1_168' title='bbox 2112 855 2340 920; x_wconf 75' lang='lat' dir='ltr'><strong>talibus,</strong></span> <span class='ocrx_word' id='word_1_169' title='bbox 2368 863 2422 909; x_wconf 87' lang='lat' dir='ltr'><strong>et</strong></span> <span class='ocrx_word' id='word_1_170' title='bbox 2441 869 2563 923; x_wconf 66' lang='lat' dir='ltr'><strong>quae</strong></span> <span class='ocrx_word' id='word_1_171' title='bbox 2589 857 2928 910; x_wconf 78' lang='lat' dir='ltr'><strong>extrinsecus</strong></span> <span class='ocrx_word' id='word_1_172' title='bbox 2955 857 3250 911; x_wconf 82' lang='lat' dir='ltr'><strong>accedunt:</strong></span> <span class='ocrx_word' id='word_1_173' title='bbox 3271 868 3519 912; x_wconf 81' lang='lat' dir='ltr'><strong>movetur</strong></span> <span class='ocrx_word' id='word_1_174' title='bbox 3539 859 3685 913; x_wconf 86' lang='lat' dir='ltr'><strong>enim</strong></span> 
     </span>
    </p>
   </div>
   <div class='ocr_carea' id='block_1_25' title="bbox 2113 946 3684 1016">
    <p class='ocr_par' dir='ltr' id='par_1_25' title="bbox 2113 946 3684 1016">
     <span class='ocr_line' id='line_1_25' title="bbox 2113 946 3684 1016; baseline 0.001 -14"><span class='ocrx_word' id='word_1_175' title='bbox 2113 961 2315 1016; x_wconf 83' lang='lat' dir='ltr'><strong>corpus</strong></span> <span class='ocrx_word' id='word_1_176' title='bbox 2354 946 2407 1000; x_wconf 89' lang='lat' dir='ltr'><strong>in</strong></span> <span class='ocrx_word' id='word_1_177' title='bbox 2457 947 2930 1015; x_wconf 74' lang='lat' dir='ltr'><strong>concupiscentiae</strong></span> <span class='ocrx_word' id='word_1_178' title='bbox 2969 948 3266 1013; x_wconf 82' lang='lat' dir='ltr'><strong>naturales,</strong></span> <span class='ocrx_word' id='word_1_179' title='bbox 3306 957 3363 1004; x_wconf 86' lang='lat' dir='ltr'><strong>et</strong></span> <span class='ocrx_word' id='word_1_180' title='bbox 3410 949 3684 1004; x_wconf 89' lang='lat' dir='ltr'><strong>consentit</strong></span> 
     </span>
    </p>
   </div>
   <div class='ocr_carea' id='block_1_26' title="bbox 2111 1038 3685 1111">
    <p class='ocr_par' dir='ltr' id='par_1_26' title="bbox 2111 1038 3685 1111">
     <span class='ocr_line' id='line_1_26' title="bbox 2111 1038 3685 1111; baseline 0.001 -18"><span class='ocrx_word' id='word_1_181' title='bbox 2111 1039 2310 1104; x_wconf 85' lang='lat' dir='ltr'><strong>anima,</strong></span> <span class='ocrx_word' id='word_1_182' title='bbox 2359 1047 2413 1092; x_wconf 87' lang='lat' dir='ltr'><strong>ct</strong></span> <span class='ocrx_word' id='word_1_183' title='bbox 2463 1039 2614 1094; x_wconf 91' lang='lat' dir='ltr'><strong>nullo</strong></span> <span class='ocrx_word' id='word_1_184' title='bbox 2658 1038 2783 1092; x_wconf 83' lang='lat' dir='ltr'><strong>licet</strong></span> <span class='ocrx_word' id='word_1_185' title='bbox 2830 1040 2988 1092; x_wconf 87' lang='lat' dir='ltr'><strong>modo</strong></span> <span class='ocrx_word' id='word_1_186' title='bbox 3032 1040 3381 1110; x_wconf 87' lang='lat' dir='ltr'><strong>participans,</strong></span> <span class='ocrx_word' id='word_1_187' title='bbox 3422 1042 3685 1111; x_wconf 83' lang='lat' dir='ltr'><strong>concupi-</strong></span> 
     </span>
    </p>
   </div>
   <div class='ocr_carea' id='block_1_27' title="bbox 2111 1127 3692 1200">
    <p class='ocr_par' dir='ltr' id='par_1_27' title="bbox 2111 1127 3692 1200">
     <span class='ocr_line' id='line_1_27' title="bbox 2111 1127 3692 1200; baseline 0.004 -20"><span class='ocrx_word' id='word_1_188' title='bbox 2111 1127 2330 1180; x_wconf 79' lang='lat' dir='ltr'><strong>scentiae</strong></span> <span class='ocrx_word' id='word_1_189' title='bbox 2368 1134 2549 1180; x_wconf 89' lang='lat' dir='ltr'><strong>tamen</strong></span> <span class='ocrx_word' id='word_1_190' title='bbox 2595 1127 2798 1181; x_wconf 78' lang='lat' dir='ltr'><strong>exitum</strong></span> <span class='ocrx_word' id='word_1_191' title='bbox 2833 1127 3248 1183; x_wconf 77' lang='lat' dir='ltr'><strong>delectationem</strong></span> <span class='ocrx_word' id='word_1_192' title='bbox 3281 1133 3552 1200; x_wconf 88' lang='lat' dir='ltr'><strong>propriam</strong></span> <span class='ocrx_word' id='word_1_193' title='bbox 3588 1132 3692 1186; x_wconf 81' lang='lat' dir='ltr'><strong>du-</strong></span> 
     </span>
    </p>
   </div>
   <div class='ocr_carea' id='block_1_28' title="bbox 2111 1210 3690 1287">
    <p class='ocr_par' dir='ltr' id='par_1_28' title="bbox 2111 1210 3690 1287">
     <span class='ocr_line' id='line_1_28' title="bbox 2111 1210 3690 1287; baseline 0.002 -15"><span class='ocrx_word' id='word_1_194' title='bbox 2111 1218 2206 1272; x_wconf 87' lang='lat' dir='ltr'><strong>cit.</strong></span> <span class='ocrx_word' id='word_1_195' title='bbox 2246 1218 2389 1273; x_wconf 88' lang='lat' dir='ltr'><strong>Etsi</strong></span> <span class='ocrx_word' id='word_1_196' title='bbox 2441 1210 2581 1272; x_wconf 84' lang='lat' dir='ltr'><strong>forte</strong></span> <span class='ocrx_word' id='word_1_197' title='bbox 2611 1219 2755 1272; x_wconf 87' lang='lat' dir='ltr'><strong>ferro</strong></span> <span class='ocrx_word' id='word_1_198' title='bbox 2800 1233 2998 1287; x_wconf 90' lang='lat' dir='ltr'><strong>corpus</strong></span> <span class='ocrx_word' id='word_1_199' title='bbox 3037 1221 3396 1287; x_wconf 77' lang='lat' dir='ltr'><strong>percutiatur,</strong></span> <span class='ocrx_word' id='word_1_200' title='bbox 3435 1230 3526 1275; x_wconf 87' lang='lat' dir='ltr'><strong>aut</strong></span> <span class='ocrx_word' id='word_1_201' title='bbox 3575 1231 3690 1276; x_wconf 88' lang='lat' dir='ltr'><strong>tor-</strong></span> 
     </span>
    </p>
   </div>
   <div class='ocr_carea' id='block_1_29' title="bbox 2058 1293 3688 1380">
    <p class='ocr_par' dir='ltr' id='par_1_29' title="bbox 2058 1293 3688 1380">
     <span class='ocr_line' id='line_1_29' title="bbox 2058 1293 3688 1380; baseline 0.001 -16"><span class='ocrx_word' id='word_1_202' title='bbox 2058 1293 2064 1302; x_wconf 62' lang='grc'><em>’</em></span> <span class='ocrx_word' id='word_1_203' title='bbox 2100 1320 2364 1380; x_wconf 83' lang='lat' dir='ltr'><strong>queatur,</strong></span> <span class='ocrx_word' id='word_1_204' title='bbox 2405 1309 2657 1365; x_wconf 87' lang='lat' dir='ltr'><strong>condolet</strong></span> <span class='ocrx_word' id='word_1_205' title='bbox 2697 1309 2786 1364; x_wconf 90' lang='lat' dir='ltr'><strong>illa</strong></span> <span class='ocrx_word' id='word_1_206' title='bbox 2819 1309 3065 1379; x_wconf 87' lang='lat' dir='ltr'><strong>quidem,</strong></span> <span class='ocrx_word' id='word_1_207' title='bbox 3096 1312 3239 1378; x_wconf 88' lang='lat' dir='ltr'><strong>quod</strong></span> <span class='ocrx_word' id='word_1_208' title='bbox 3287 1326 3442 1365; x_wconf 87' lang='lat' dir='ltr'><strong>suum</strong></span> <span class='ocrx_word' id='word_1_209' title='bbox 3491 1327 3688 1380; x_wconf 87' lang='lat' dir='ltr'><strong>corpus</strong></span> 
     </span>
    </p>
   </div>
   <div class='ocr_carea' id='block_1_30' title="bbox 2108 1401 3688 1473">
    <p class='ocr_par' dir='ltr' id='par_1_30' title="bbox 2108 1401 3688 1473">
     <span class='ocr_line' id='line_1_30' title="bbox 2108 1401 3688 1473; baseline 0.001 -18"><span class='ocrx_word' id='word_1_210' title='bbox 2108 1406 2350 1473; x_wconf 87' lang='lat' dir='ltr'><strong>patiatur</strong></span> <span class='ocrx_word' id='word_1_211' title='bbox 2380 1404 2539 1472; x_wconf 84' lang='lat' dir='ltr'><strong>:ipsa</strong></span> <span class='ocrx_word' id='word_1_212' title='bbox 2591 1417 2716 1456; x_wconf 71' lang='lat' dir='ltr'><strong>vero</strong></span> <span class='ocrx_word' id='word_1_213' title='bbox 2749 1401 2804 1456; x_wconf 92' lang='lat' dir='ltr'><strong>in</strong></span> <span class='ocrx_word' id='word_1_214' title='bbox 2853 1416 2950 1456; x_wconf 86' lang='lat' dir='ltr'><strong>sua</strong></span> <span class='ocrx_word' id='word_1_215' title='bbox 3001 1412 3194 1455; x_wconf 85' lang='lat' dir='ltr'><strong>natura</strong></span> <span class='ocrx_word' id='word_1_216' title='bbox 3246 1403 3450 1456; x_wconf 89' lang='lat' dir='ltr'><strong>nullum</strong></span> <span class='ocrx_word' id='word_1_217' title='bbox 3485 1403 3688 1472; x_wconf 89' lang='lat' dir='ltr'><strong>patitur</strong></span> 
     </span>
    </p>
   </div>
   <div class='ocr_carea' id='block_1_31' title="bbox 2107 1496 2710 1550">
    <p class='ocr_par' dir='ltr' id='par_1_31' title="bbox 2107 1496 2710 1550">
     <span class='ocr_line' id='line_1_31' title="bbox 2107 1496 2710 1550; baseline 0 -1"><span class='ocrx_word' id='word_1_218' title='bbox 2107 1496 2328 1550; x_wconf 88' lang='lat' dir='ltr'><strong>omnino</strong></span> <span class='ocrx_word' id='word_1_219' title='bbox 2358 1503 2710 1549; x_wconf 86' lang='lat' dir='ltr'><strong>tormentum.</strong></span> 
     </span>
    </p>
   </div>
   <div class='ocr_carea' id='block_1_32' title="bbox 2181 1585 3687 1657">
    <p class='ocr_par' dir='ltr' id='par_1_32' title="bbox 2181 1585 3687 1657">
     <span class='ocr_line' id='line_1_32' title="bbox 2181 1585 3687 1657; baseline 0.001 -16"><span class='ocrx_word' id='word_1_220' title='bbox 2181 1587 2387 1642; x_wconf 84' lang='lat' dir='ltr'><strong>Tamen</strong></span> <span class='ocrx_word' id='word_1_221' title='bbox 2431 1602 2596 1657; x_wconf 83' lang='lat' dir='ltr'><strong>super</strong></span> <span class='ocrx_word' id='word_1_222' title='bbox 2645 1587 2747 1641; x_wconf 87' lang='lat' dir='ltr'><strong>hoc</strong></span> <span class='ocrx_word' id='word_1_223' title='bbox 2797 1599 3015 1656; x_wconf 88' lang='lat' dir='ltr'><strong>quoque</strong></span> <span class='ocrx_word' id='word_1_224' title='bbox 3053 1585 3281 1640; x_wconf 90' lang='lat' dir='ltr'><strong>dicimus</strong></span> <span class='ocrx_word' id='word_1_225' title='bbox 3330 1601 3450 1644; x_wconf 87' lang='lat' dir='ltr'><strong>esse</strong></span> <span class='ocrx_word' id='word_1_226' title='bbox 3483 1589 3687 1642; x_wconf 83' lang='lat' dir='ltr'><strong>aduna-</strong></span> 
     </span>
    </p>
   </div>
   <div class='ocr_carea' id='block_1_33' title="bbox 2111 1663 3687 1748">
    <p class='ocr_par' dir='ltr' id='par_1_33' title="bbox 2111 1663 3687 1748">
     <span class='ocr_line' id='line_1_33' title="bbox 2111 1663 3687 1748; baseline -0.001 -16"><span class='ocrx_word' id='word_1_227' title='bbox 2111 1663 2354 1746; x_wconf 22' lang='lat' dir='ltr'><strong>tionem,‘</strong></span> <span class='ocrx_word' id='word_1_228' title='bbox 2387 1694 2506 1748; x_wconf 67' lang='lat' dir='ltr'><strong>quae</strong></span> <span class='ocrx_word' id='word_1_229' title='bbox 2557 1689 2644 1732; x_wconf 89' lang='lat' dir='ltr'><strong>est</strong></span> <span class='ocrx_word' id='word_1_230' title='bbox 2672 1678 2724 1731; x_wconf 91' lang='lat' dir='ltr'><strong>in</strong></span> <span class='ocrx_word' id='word_1_231' title='bbox 2778 1678 3132 1732; x_wconf 81' lang='lat' dir='ltr'><strong>Emmanucle</strong></span> <span class='ocrx_word' id='word_1_232' title='bbox 3159 1678 3302 1732; x_wconf 82' lang='lat' dir='ltr'><strong>facta</strong></span> <span class='ocrx_word' id='word_1_233' title='bbox 3332 1697 3345 1732; x_wconf 91' lang='lat'>:</span> <span class='ocrx_word' id='word_1_234' title='bbox 3378 1688 3496 1744; x_wconf 83' lang='lat' dir='ltr'><strong>erat</strong></span> <span class='ocrx_word' id='word_1_235' title='bbox 3542 1680 3687 1734; x_wconf 90' lang='lat' dir='ltr'><strong>enim</strong></span> 
     </span>
    </p>
   </div>
   <div class='ocr_carea' id='block_1_34' title="bbox 419 1759 2003 1842">
    <p class='ocr_par' dir='ltr' id='par_1_34' title="bbox 419 1768 2000 1842">
     <span class='ocr_line' id='line_1_34' title="bbox 419 1768 2000 1842; baseline -0.001 -18"><span class='ocrx_word' id='word_1_236' title='bbox 419 1770 705 1839; x_wconf 82' lang='grc' dir='ltr'>συναλγεῖν</span> <span class='ocrx_word' id='word_1_237' title='bbox 731 1771 831 1842; x_wconf 86' lang='grc' dir='ltr'><strong>τὴν</strong></span> <span class='ocrx_word' id='word_1_238' title='bbox 865 1768 1162 1823; x_wconf 83' lang='grc' dir='ltr'>ένωθεῖσαν</span> <span class='ocrx_word' id='word_1_239' title='bbox 1207 1770 1388 1840; x_wconf 74' lang='grc' dir='ltr'>ψυχήν</span> <span class='ocrx_word' id='word_1_240' title='bbox 1410 1786 1423 1798; x_wconf 84' lang='lat'><strong><em>°</em></strong></span> <span class='ocrx_word' id='word_1_241' title='bbox 1461 1769 1548 1824; x_wconf 82' lang='grc' dir='ltr'><strong>ἵνα</strong></span> <span class='ocrx_word' id='word_1_242' title='bbox 1584 1769 1862 1838; x_wconf 80' lang='grc' dir='ltr'>φεύγουσα</span> <span class='ocrx_word' id='word_1_243' title='bbox 1899 1768 2000 1833; x_wconf 82' lang='grc' dir='ltr'>τὰς</span> 
     </span>
    </p>
   </div>
   <div class='ocr_carea' id='block_1_35' title="bbox 2108 1759 3688 1842">
    <p class='ocr_par' dir='ltr' id='par_1_35' title="bbox 2112 1768 3688 1836">
     <span class='ocr_line' id='line_1_35' title="bbox 2112 1768 3688 1836; baseline 0 -14"><span class='ocrx_word' id='word_1_244' title='bbox 2112 1782 2334 1824; x_wconf 83' lang='lat' dir='ltr'><strong>necesse</strong></span> <span class='ocrx_word' id='word_1_245' title='bbox 2376 1784 2498 1822; x_wconf 89' lang='lat' dir='ltr'><strong>cum</strong></span> <span class='ocrx_word' id='word_1_246' title='bbox 2531 1783 2630 1822; x_wconf 90' lang='lat' dir='ltr'><strong>suo</strong></span> <span class='ocrx_word' id='word_1_247' title='bbox 2659 1783 2890 1836; x_wconf 87' lang='lat' dir='ltr'><strong>corpore</strong></span> <span class='ocrx_word' id='word_1_248' title='bbox 2916 1769 3207 1823; x_wconf 83' lang='lat' dir='ltr'><strong>adunatam</strong></span> <span class='ocrx_word' id='word_1_249' title='bbox 3241 1770 3289 1822; x_wconf 90' lang='lat' dir='ltr'><strong>ei</strong></span> <span class='ocrx_word' id='word_1_250' title='bbox 3323 1768 3561 1822; x_wconf 86' lang='lat' dir='ltr'><strong>animam</strong></span> <span class='ocrx_word' id='word_1_251' title='bbox 3591 1770 3688 1823; x_wconf 70' lang='lat' dir='ltr'><strong>clo-</strong></span> 
     </span>
    </p>
   </div>
   <div class='ocr_carea' id='block_1_36' title="bbox 417 1861 1999 1932">
    <p class='ocr_par' dir='ltr' id='par_1_36' title="bbox 417 1861 1999 1932">
     <span class='ocr_line' id='line_1_36' title="bbox 417 1861 1999 1932; baseline 0 -18"><span class='ocrx_word' id='word_1_252' title='bbox 417 1861 624 1925; x_wconf 85' lang='grc' dir='ltr'>αἰκίας,</span> <span class='ocrx_word' id='word_1_253' title='bbox 661 1862 872 1931; x_wconf 69' lang='grc' dir='ltr'>εὐήνιον</span> <span class='ocrx_word' id='word_1_254' title='bbox 917 1861 1184 1930; x_wconf 81' lang='grc' dir='ltr'>ὑποφέροι</span> <span class='ocrx_word' id='word_1_255' title='bbox 1230 1862 1309 1932; x_wconf 80' lang='grc' dir='ltr'>τῷ</span> <span class='ocrx_word' id='word_1_256' title='bbox 1348 1861 1467 1932; x_wconf 80' lang='grc' dir='ltr'><strong>Θεῷ</strong></span> <span class='ocrx_word' id='word_1_257' title='bbox 1488 1862 1579 1914; x_wconf 84' lang='grc' dir='ltr'><strong>τὸν</strong></span> <span class='ocrx_word' id='word_1_258' title='bbox 1610 1861 1835 1931; x_wconf 82' lang='grc' dir='ltr'>αὐχένα.</span> <span class='ocrx_word' id='word_1_259' title='bbox 1873 1861 1999 1914; x_wconf 78' lang='grc' dir='ltr'>Ἐπὶ</span> 
     </span>
    </p>
   </div>
   <div class='ocr_carea' id='block_1_37' title="bbox 417 1952 2001 2021">
    <p class='ocr_par' dir='ltr' id='par_1_37' title="bbox 417 1952 2001 2021">
     <span class='ocr_line' id='line_1_37' title="bbox 417 1952 2001 2021; baseline -0.001 -14"><span class='ocrx_word' id='word_1_260' title='bbox 417 1953 476 2007; x_wconf 81' lang='grc' dir='ltr'><strong>δέ</strong></span> <span class='ocrx_word' id='word_1_261' title='bbox 509 1970 572 2020; x_wconf 90' lang='grc' dir='ltr'><strong>γε</strong></span> <span class='ocrx_word' id='word_1_262' title='bbox 602 1953 697 2005; x_wconf 86' lang='grc' dir='ltr'><strong>τοῦ</strong></span> <span class='ocrx_word' id='word_1_263' title='bbox 715 1952 850 2007; x_wconf 86' lang='grc' dir='ltr'>Θεοῦ</span> <span class='ocrx_word' id='word_1_264' title='bbox 886 1953 1065 2021; x_wconf 83' lang='grc' dir='ltr'>Λόγου</span> <span class='ocrx_word' id='word_1_265' title='bbox 1096 1953 1156 2006; x_wconf 83' lang='grc' dir='ltr'><strong>τὸ</strong></span> <span class='ocrx_word' id='word_1_266' title='bbox 1190 1954 1646 2007; x_wconf 83' lang='grc' dir='ltr'>συναισθάνεσθαι</span> <span class='ocrx_word' id='word_1_267' title='bbox 1675 1953 1782 2006; x_wconf 84' lang='grc' dir='ltr'><strong>τῶν</strong></span> <span class='ocrx_word' id='word_1_268' title='bbox 1808 1953 2001 2006; x_wconf 83' lang='grc' dir='ltr'>αἰκιῶν</span> 
     </span>
    </p>
   </div>
   <div class='ocr_carea' id='block_1_38' title="bbox 417 2043 2002 2116">
    <p class='ocr_par' dir='ltr' id='par_1_38' title="bbox 417 2043 2002 2116">
     <span class='ocr_line' id='line_1_38' title="bbox 417 2043 2002 2116; baseline -0.001 -17"><span class='ocrx_word' id='word_1_269' title='bbox 417 2045 618 2099; x_wconf 73' lang='grc' dir='ltr'>ἄτοπον</span> <span class='ocrx_word' id='word_1_270' title='bbox 645 2046 820 2098; x_wconf 84' lang='grc' dir='ltr'>εἰπεῖν</span> <span class='ocrx_word' id='word_1_271' title='bbox 844 2061 857 2074; x_wconf 86' lang='grc'><strong>·</strong></span> <span class='ocrx_word' id='word_1_272' title='bbox 892 2043 1105 2108; x_wconf 84' lang='grc' dir='ltr'>ἀπαθὲς</span> <span class='ocrx_word' id='word_1_273' title='bbox 1131 2045 1238 2116; x_wconf 87' lang='grc' dir='ltr'><strong>γάρ</strong></span> <span class='ocrx_word' id='word_1_274' title='bbox 1267 2045 1328 2098; x_wconf 78' lang='grc' dir='ltr'><strong>τὸ</strong></span> <span class='ocrx_word' id='word_1_275' title='bbox 1372 2045 1549 2108; x_wconf 86' lang='grc' dir='ltr'>Θεῖον,</span> <span class='ocrx_word' id='word_1_276' title='bbox 1593 2045 1686 2098; x_wconf 77' lang='grc' dir='ltr'>καὶ</span> <span class='ocrx_word' id='word_1_277' title='bbox 1711 2045 1811 2098; x_wconf 74' lang='grc' dir='ltr'><strong>οὐκ</strong></span> <span class='ocrx_word' id='word_1_278' title='bbox 1841 2044 1898 2099; x_wconf 75' lang='grc' dir='ltr'>ἐν</span> <span class='ocrx_word' id='word_1_279' title='bbox 1937 2062 2002 2114; x_wconf 83' lang='grc' dir='ltr'><strong>γε</strong></span> 
     </span>
    </p>
   </div>
   <div class='ocr_carea' id='block_1_39' title="bbox 419 2135 2002 2210">
    <p class='ocr_par' dir='ltr' id='par_1_39' title="bbox 419 2135 2002 2210">
     <span class='ocr_line' id='line_1_39' title="bbox 419 2135 2002 2210; baseline 0 -20"><span class='ocrx_word' id='word_1_280' title='bbox 419 2141 530 2200; x_wconf 87' lang='grc' dir='ltr'>τοῖς</span> <span class='ocrx_word' id='word_1_281' title='bbox 550 2137 669 2190; x_wconf 85' lang='grc' dir='ltr'>καθ’</span> <span class='ocrx_word' id='word_1_282' title='bbox 701 2137 851 2208; x_wconf 79' lang='grc' dir='ltr'>ἡμᾶς</span> <span class='ocrx_word' id='word_1_283' title='bbox 872 2151 884 2164; x_wconf 74' lang='grc'>⁸</span> <span class='ocrx_word' id='word_1_284' title='bbox 911 2135 1024 2189; x_wconf 79' lang='grc' dir='ltr'>ἀλλ’</span> <span class='ocrx_word' id='word_1_285' title='bbox 1051 2137 1230 2207; x_wconf 81' lang='grc' dir='ltr'>ἦνωτο</span> <span class='ocrx_word' id='word_1_286' title='bbox 1260 2137 1358 2208; x_wconf 84' lang='grc' dir='ltr'>μὲν</span> <span class='ocrx_word' id='word_1_287' title='bbox 1387 2136 1574 2208; x_wconf 77' lang='grc' dir='ltr'>σαρκὶ,</span> <span class='ocrx_word' id='word_1_288' title='bbox 1598 2136 1775 2208; x_wconf 77' lang='grc' dir='ltr'>ψυχὴν</span> <span class='ocrx_word' id='word_1_289' title='bbox 1799 2137 2002 2210; x_wconf 70' lang='grc' dir='ltr'>ἐχούσῃ</span> 
     </span>
    </p>
   </div>
   <div class='ocr_carea' id='block_1_40' title="bbox 417 2224 2002 2299">
    <p class='ocr_par' dir='ltr' id='par_1_40' title="bbox 417 2224 2002 2299">
     <span class='ocr_line' id='line_1_40' title="bbox 417 2224 2002 2299; baseline 0.001 -21"><span class='ocrx_word' id='word_1_290' title='bbox 417 2227 515 2296; x_wconf 79' lang='grc' dir='ltr'>τὴν</span> <span class='ocrx_word' id='word_1_291' title='bbox 541 2227 764 2298; x_wconf 84' lang='grc' dir='ltr'>λογικήν</span> <span class='ocrx_word' id='word_1_292' title='bbox 786 2242 799 2256; x_wconf 84' lang='grc'><em>’</em></span> <span class='ocrx_word' id='word_1_293' title='bbox 834 2227 1151 2298; x_wconf 83' lang='grc' dir='ltr'>πασχούσης</span> <span class='ocrx_word' id='word_1_294' title='bbox 1176 2227 1234 2281; x_wconf 83' lang='grc' dir='ltr'>δὲ</span> <span class='ocrx_word' id='word_1_295' title='bbox 1263 2229 1454 2299; x_wconf 82' lang='grc' dir='ltr'>αὐτῆς,</span> <span class='ocrx_word' id='word_1_296' title='bbox 1486 2227 1714 2291; x_wconf 78' lang='grc' dir='ltr'>ἀπαθῶς</span> <span class='ocrx_word' id='word_1_297' title='bbox 1737 2224 1805 2299; x_wconf 83' lang='grc' dir='ltr'>ἦν</span> <span class='ocrx_word' id='word_1_298' title='bbox 1837 2229 1894 2282; x_wconf 81' lang='grc' dir='ltr'>ὲν</span> <span class='ocrx_word' id='word_1_299' title='bbox 1921 2231 2002 2281; x_wconf 83' lang='grc' dir='ltr'>εί-</span> 
     </span>
    </p>
   </div>
   <div class='ocr_carea' id='block_1_41' title="bbox 417 2319 2003 2391">
    <p class='ocr_par' dir='ltr' id='par_1_41' title="bbox 417 2319 2003 2391">
     <span class='ocr_line' id='line_1_41' title="bbox 417 2319 2003 2391; baseline 0 -19"><span class='ocrx_word' id='word_1_300' title='bbox 417 2321 571 2390; x_wconf 82' lang='grc' dir='ltr'>δήσει</span> <span class='ocrx_word' id='word_1_301' title='bbox 604 2320 712 2372; x_wconf 83' lang='grc' dir='ltr'>τῶν</span> <span class='ocrx_word' id='word_1_302' title='bbox 743 2321 825 2382; x_wconf 84' lang='grc' dir='ltr'><strong>εἰς</strong></span> <span class='ocrx_word' id='word_1_303' title='bbox 855 2320 1024 2390; x_wconf 75' lang='grc' dir='ltr'>αὐτὴν</span> <span class='ocrx_word' id='word_1_304' title='bbox 1048 2320 1352 2391; x_wconf 80' lang='grc' dir='ltr'>γινομένων</span> <span class='ocrx_word' id='word_1_305' title='bbox 1375 2336 1389 2350; x_wconf 80' lang='grc'><strong>’</strong></span> <span class='ocrx_word' id='word_1_306' title='bbox 1420 2321 1513 2373; x_wconf 73' lang='grc' dir='ltr'><strong>καὶ</strong></span> <span class='ocrx_word' id='word_1_307' title='bbox 1537 2319 1766 2389; x_wconf 75' lang='grc' dir='ltr'>ἠφάνιζε</span> <span class='ocrx_word' id='word_1_308' title='bbox 1799 2320 1898 2390; x_wconf 84' lang='grc' dir='ltr'>μὲν</span> <span class='ocrx_word' id='word_1_309' title='bbox 1925 2319 2003 2384; x_wconf 85' lang='grc' dir='ltr'>ὡς</span> 
     </span>
    </p>
   </div>
   <div class='ocr_carea' id='block_1_42' title="bbox 418 2411 2002 2483">
    <p class='ocr_par' dir='ltr' id='par_1_42' title="bbox 418 2411 2002 2483">
     <span class='ocr_line' id='line_1_42' title="bbox 418 2411 2002 2483; baseline 0.001 -20"><span class='ocrx_word' id='word_1_310' title='bbox 418 2411 550 2475; x_wconf 78' lang='grc' dir='ltr'>Θεὸς</span> <span class='ocrx_word' id='word_1_311' title='bbox 593 2412 692 2474; x_wconf 78' lang='grc' dir='ltr'><strong>τὰς</strong></span> <span class='ocrx_word' id='word_1_312' title='bbox 731 2413 830 2482; x_wconf 78' lang='grc' dir='ltr'>τῆς</span> <span class='ocrx_word' id='word_1_313' title='bbox 864 2411 1064 2480; x_wconf 83' lang='grc' dir='ltr'>σαρκὸς</span> <span class='ocrx_word' id='word_1_314' title='bbox 1110 2412 1430 2475; x_wconf 81' lang='grc' dir='ltr'>ἀσθενείας,</span> <span class='ocrx_word' id='word_1_315' title='bbox 1483 2411 1744 2483; x_wconf 80' lang='grc' dir='ltr'>ᾡκειοῦτό</span> <span class='ocrx_word' id='word_1_316' title='bbox 1785 2429 1849 2480; x_wconf 88' lang='grc' dir='ltr'><strong>γε</strong></span> <span class='ocrx_word' id='word_1_317' title='bbox 1895 2411 2002 2483; x_wconf 84' lang='grc' dir='ltr'>μὴν</span> 
     </span>
    </p>
   </div>
   <div class='ocr_carea' id='block_1_43' title="bbox 417 2503 2001 2575">
    <p class='ocr_par' dir='ltr' id='par_1_43' title="bbox 417 2503 2001 2575">
     <span class='ocr_line' id='line_1_43' title="bbox 417 2503 2001 2575; baseline -0.001 -17"><span class='ocrx_word' id='word_1_318' title='bbox 417 2503 587 2567; x_wconf 72' lang='grc' dir='ltr'>αὑτὰς</span> <span class='ocrx_word' id='word_1_319' title='bbox 623 2504 698 2568; x_wconf 88' lang='grc' dir='ltr'>ὠς</span> <span class='ocrx_word' id='word_1_320' title='bbox 727 2504 856 2557; x_wconf 86' lang='grc' dir='ltr'>ἰδίου</span> <span class='ocrx_word' id='word_1_321' title='bbox 889 2503 1140 2574; x_wconf 83' lang='grc' dir='ltr'>σώματος</span> <span class='ocrx_word' id='word_1_322' title='bbox 1161 2521 1176 2535; x_wconf 87' lang='grc'><strong>·</strong></span> <span class='ocrx_word' id='word_1_323' title='bbox 1205 2503 1349 2557; x_wconf 74' lang='grc' dir='ltr'>οὕτω</span> <span class='ocrx_word' id='word_1_324' title='bbox 1380 2504 1473 2558; x_wconf 77' lang='grc' dir='ltr'><strong>καὶ</strong></span> <span class='ocrx_word' id='word_1_325' title='bbox 1501 2504 1756 2575; x_wconf 85' lang='grc' dir='ltr'>πεινῆσαι</span> <span class='ocrx_word' id='word_1_326' title='bbox 1784 2503 2001 2573; x_wconf 87' lang='grc' dir='ltr'>λέγεται</span> 
     </span>
    </p>
   </div>
   <div class='ocr_carea' id='block_1_44' title="bbox 419 2595 1514 2668">
    <p class='ocr_par' dir='ltr' id='par_1_44' title="bbox 419 2595 1514 2668">
     <span class='ocr_line' id='line_1_44' title="bbox 419 2595 1514 2668; baseline 0 -18"><span class='ocrx_word' id='word_1_327' title='bbox 419 2596 513 2650; x_wconf 73' lang='grc' dir='ltr'>καὶ</span> <span class='ocrx_word' id='word_1_328' title='bbox 545 2599 765 2668; x_wconf 86' lang='grc' dir='ltr'>καμεῖν,</span> <span class='ocrx_word' id='word_1_329' title='bbox 802 2597 897 2652; x_wconf 77' lang='grc' dir='ltr'><strong>καὶ</strong></span> <span class='ocrx_word' id='word_1_330' title='bbox 934 2597 1125 2651; x_wconf 82' lang='grc' dir='ltr'>παθεῖν</span> <span class='ocrx_word' id='word_1_331' title='bbox 1162 2597 1302 2668; x_wconf 74' lang='grc' dir='ltr'>ὑπὲρ</span> <span class='ocrx_word' id='word_1_332' title='bbox 1329 2595 1514 2667; x_wconf 84' lang='grc' dir='ltr'>ἡμῶν.</span> 
     </span>
    </p>
   </div>
   <div class='ocr_carea' id='block_1_45' title="bbox 488 2859 2001 2936">
    <p class='ocr_par' dir='ltr' id='par_1_45' title="bbox 488 2859 2001 2936">
     <span class='ocr_line' id='line_1_45' title="bbox 488 2859 2001 2936; baseline 0 -23"><span class='ocrx_word' id='word_1_333' title='bbox 488 2860 704 2914; x_wconf 77' lang='grc' dir='ltr'>Οὐκοῦν</span> <span class='ocrx_word' id='word_1_334' title='bbox 727 2862 1116 2932; x_wconf 79' lang='grc' dir='ltr'>παρεικάζοιτο</span> <span class='ocrx_word' id='word_1_335' title='bbox 1152 2860 1217 2915; x_wconf 80' lang='grc' dir='ltr'><strong>ἂν</strong></span> <span class='ocrx_word' id='word_1_336' title='bbox 1243 2863 1274 2932; x_wconf 85' lang='grc' dir='ltr'><strong>ὴ</strong></span> <span class='ocrx_word' id='word_1_337' title='bbox 1309 2862 1501 2936; x_wconf 75' lang='grc' dir='ltr'>ἓνωσις</span> <span class='ocrx_word' id='word_1_338' title='bbox 1538 2859 1633 2914; x_wconf 85' lang='grc' dir='ltr'><strong>τοῦ</strong></span> <span class='ocrx_word' id='word_1_339' title='bbox 1663 2861 1839 2929; x_wconf 85' lang='grc' dir='ltr'>Λόγου</span> <span class='ocrx_word' id='word_1_340' title='bbox 1868 2861 2001 2931; x_wconf 79' lang='grc' dir='ltr'>πρὸς</span> 
     </span>
    </p>
   </div>
   <div class='ocr_carea' id='block_1_46' title="bbox 416 2952 2004 3025">
    <p class='ocr_par' dir='ltr' id='par_1_46' title="bbox 416 2952 2004 3025">
     <span class='ocr_line' id='line_1_46' title="bbox 416 2952 2004 3025; baseline 0.001 -21"><span class='ocrx_word' id='word_1_341' title='bbox 416 2955 476 3004; x_wconf 86' lang='grc' dir='ltr'><strong>τὸ</strong></span> <span class='ocrx_word' id='word_1_342' title='bbox 497 2953 836 3024; x_wconf 78' lang='grc' dir='ltr'>ἀνθρώπινον</span> <span class='ocrx_word' id='word_1_343' title='bbox 867 2956 967 3006; x_wconf 81' lang='grc' dir='ltr'>οὑκ</span> <span class='ocrx_word' id='word_1_344' title='bbox 994 2955 1102 3012; x_wconf 78' lang='grc' dir='ltr'>ἀπὸ</span> <span class='ocrx_word' id='word_1_345' title='bbox 1141 2952 1343 3010; x_wconf 78' lang='grc' dir='ltr'>σκοποῦ</span> <span class='ocrx_word' id='word_1_346' title='bbox 1374 2958 1488 3017; x_wconf 85' lang='grc' dir='ltr'>τοῖς</span> <span class='ocrx_word' id='word_1_347' title='bbox 1520 2954 1644 3008; x_wconf 84' lang='grc' dir='ltr'>καθ’</span> <span class='ocrx_word' id='word_1_348' title='bbox 1680 2956 1846 3025; x_wconf 85' lang='grc' dir='ltr'>ἡμᾶς.</span> <span class='ocrx_word' id='word_1_349' title='bbox 1874 2955 2004 3006; x_wconf 81' lang='grc' dir='ltr'><strong>Ὠσ-</strong></span> 
     </span>
    </p>
   </div>
   <div class='ocr_carea' id='block_1_47' title="bbox 417 3040 2003 3118">
    <p class='ocr_par' dir='ltr' id='par_1_47' title="bbox 417 3040 2003 3118">
     <span class='ocr_line' id='line_1_47' title="bbox 417 3040 2003 3118; baseline 0.001 -20"><span class='ocrx_word' id='word_1_350' title='bbox 417 3063 524 3117; x_wconf 85' lang='grc' dir='ltr'>περ</span> <span class='ocrx_word' id='word_1_351' title='bbox 547 3046 656 3116; x_wconf 86' lang='grc' dir='ltr'>γὰρ</span> <span class='ocrx_word' id='word_1_352' title='bbox 686 3047 980 3116; x_wconf 79' lang='grc' dir='ltr'>ὲτεροφυὲς</span> <span class='ocrx_word' id='word_1_353' title='bbox 1015 3047 1114 3116; x_wconf 79' lang='grc' dir='ltr'>μὲν</span> <span class='ocrx_word' id='word_1_354' title='bbox 1140 3048 1200 3100; x_wconf 75' lang='grc' dir='ltr'>τὸ</span> <span class='ocrx_word' id='word_1_355' title='bbox 1229 3046 1392 3116; x_wconf 85' lang='grc' dir='ltr'>σῶμα</span> <span class='ocrx_word' id='word_1_356' title='bbox 1417 3048 1552 3118; x_wconf 78' lang='grc' dir='ltr'>πρὸς</span> <span class='ocrx_word' id='word_1_357' title='bbox 1572 3047 1670 3118; x_wconf 82' lang='grc' dir='ltr'><strong>τὴν</strong></span> <span class='ocrx_word' id='word_1_358' title='bbox 1699 3047 1895 3118; x_wconf 77' lang='grc' dir='ltr'>ψυχὴν,</span> <span class='ocrx_word' id='word_1_359' title='bbox 1921 3040 2003 3110; x_wconf 75' lang='grc' dir='ltr'>εἷς</span> 
     </span>
    </p>
   </div>
   <div class='ocr_carea' id='block_1_48' title="bbox 417 3136 2002 3208">
    <p class='ocr_par' dir='ltr' id='par_1_48' title="bbox 417 3136 2002 3208">
     <span class='ocr_line' id='line_1_48' title="bbox 417 3136 2002 3208; baseline -0.001 -18"><span class='ocrx_word' id='word_1_360' title='bbox 417 3155 481 3207; x_wconf 91' lang='grc' dir='ltr'><strong>γε</strong></span> <span class='ocrx_word' id='word_1_361' title='bbox 516 3137 622 3208; x_wconf 80' lang='grc' dir='ltr'>μὴν</span> <span class='ocrx_word' id='word_1_362' title='bbox 665 3136 724 3201; x_wconf 78' lang='grc' dir='ltr'>ἐξ</span> <span class='ocrx_word' id='word_1_363' title='bbox 757 3139 962 3206; x_wconf 64' lang='grc' dir='ltr'>ἀμφοῖν</span> <span class='ocrx_word' id='word_1_364' title='bbox 1004 3136 1292 3208; x_wconf 78' lang='grc' dir='ltr'>ἄνθρωπος</span> <span class='ocrx_word' id='word_1_365' title='bbox 1319 3137 1665 3190; x_wconf 82' lang='grc' dir='ltr'>ἀποτελεῖται</span> <span class='ocrx_word' id='word_1_366' title='bbox 1702 3138 1798 3191; x_wconf 79' lang='grc' dir='ltr'><strong>καὶ</strong></span> <span class='ocrx_word' id='word_1_367' title='bbox 1846 3136 2002 3205; x_wconf 83' lang='grc' dir='ltr'>λέγε-</span> 
     </span>
    </p>
   </div>
   <div class='ocr_carea' id='block_1_49' title="bbox 416 3225 2003 3290">
    <p class='ocr_par' dir='ltr' id='par_1_49' title="bbox 416 3225 2003 3290">
     <span class='ocr_line' id='line_1_49' title="bbox 416 3225 2003 3290; baseline -0.001 -8"><span class='ocrx_word' id='word_1_368' title='bbox 416 3245 508 3282; x_wconf 82' lang='grc' dir='ltr'><strong>ται</strong></span> <span class='ocrx_word' id='word_1_369' title='bbox 528 3245 542 3258; x_wconf 78' lang='lat'><strong>&#39;</strong></span> <span class='ocrx_word' id='word_1_370' title='bbox 575 3226 717 3280; x_wconf 78' lang='grc' dir='ltr'>οὓτω</span> <span class='ocrx_word' id='word_1_371' title='bbox 751 3228 844 3280; x_wconf 75' lang='grc' dir='ltr'><strong>καὶ</strong></span> <span class='ocrx_word' id='word_1_372' title='bbox 867 3230 932 3280; x_wconf 86' lang='grc' dir='ltr'>ὲκ</span> <span class='ocrx_word' id='word_1_373' title='bbox 962 3226 1176 3289; x_wconf 84' lang='grc' dir='ltr'>τελείας</span> <span class='ocrx_word' id='word_1_374' title='bbox 1208 3226 1560 3290; x_wconf 82' lang='grc' dir='ltr'>ὑποστάσεως</span> <span class='ocrx_word' id='word_1_375' title='bbox 1607 3225 1701 3279; x_wconf 89' lang='grc' dir='ltr'><strong>τοῦ</strong></span> <span class='ocrx_word' id='word_1_376' title='bbox 1736 3225 1870 3279; x_wconf 89' lang='grc' dir='ltr'>Θεοῦ</span> <span class='ocrx_word' id='word_1_377' title='bbox 1899 3226 2003 3280; x_wconf 87' lang='grc' dir='ltr'><strong>Λό-</strong></span> 
     </span>
    </p>
   </div>
   <div class='ocr_carea' id='block_1_50' title="bbox 417 3317 2003 3390">
    <p class='ocr_par' dir='ltr' id='par_1_50' title="bbox 417 3317 2003 3390">
     <span class='ocr_line' id='line_1_50' title="bbox 417 3317 2003 3390; baseline -0.001 -18"><span class='ocrx_word' id='word_1_378' title='bbox 417 3336 539 3388; x_wconf 86' lang='grc' dir='ltr'>γου,</span> <span class='ocrx_word' id='word_1_379' title='bbox 573 3318 668 3372; x_wconf 76' lang='grc' dir='ltr'>καὶ</span> <span class='ocrx_word' id='word_1_380' title='bbox 705 3317 812 3389; x_wconf 84' lang='grc' dir='ltr'>μὴν</span> <span class='ocrx_word' id='word_1_381' title='bbox 853 3318 949 3371; x_wconf 67' lang='grc' dir='ltr'><strong>καὶ</strong></span> <span class='ocrx_word' id='word_1_382' title='bbox 980 3317 1039 3381; x_wconf 84' lang='grc' dir='ltr'><strong>ἐξ</strong></span> <span class='ocrx_word' id='word_1_383' title='bbox 1067 3317 1740 3388; x_wconf 73' lang='grc' dir='ltr'>ἁνθρωπότητοςοτελείως</span> <span class='ocrx_word' id='word_1_384' title='bbox 1770 3317 2003 3390; x_wconf 75' lang='grc' dir='ltr'>ἐχούσης</span> 
     </span>
    </p>
   </div>
   <div class='ocr_carea' id='block_1_51' title="bbox 418 3404 2002 3482">
    <p class='ocr_par' dir='ltr' id='par_1_51' title="bbox 418 3404 2002 3482">
     <span class='ocr_line' id='line_1_51' title="bbox 418 3404 2002 3482; baseline -0.001 -17"><span class='ocrx_word' id='word_1_385' title='bbox 418 3411 560 3466; x_wconf 81' lang='grc' dir='ltr'>κατὰ</span> <span class='ocrx_word' id='word_1_386' title='bbox 580 3409 672 3464; x_wconf 81' lang='grc' dir='ltr'><strong>τὸν</strong></span> <span class='ocrx_word' id='word_1_387' title='bbox 703 3411 834 3464; x_wconf 76' lang='grc' dir='ltr'>[διον</span> <span class='ocrx_word' id='word_1_388' title='bbox 855 3411 1035 3479; x_wconf 82' lang='grc' dir='ltr'>λόγον,</span> <span class='ocrx_word' id='word_1_389' title='bbox 1065 3404 1146 3474; x_wconf 83' lang='grc' dir='ltr'><strong>εἷς</strong></span> <span class='ocrx_word' id='word_1_390' title='bbox 1172 3413 1200 3463; x_wconf 99' lang='lat'><strong>6</strong></span> <span class='ocrx_word' id='word_1_391' title='bbox 1229 3410 1486 3479; x_wconf 86' lang='grc' dir='ltr'>Χριστὸς,</span> <span class='ocrx_word' id='word_1_392' title='bbox 1505 3412 1532 3463; x_wconf 91' lang='lat'><strong>6</strong></span> <span class='ocrx_word' id='word_1_393' title='bbox 1556 3411 1718 3473; x_wconf 79' lang='grc' dir='ltr'>αὐτὸς</span> <span class='ocrx_word' id='word_1_394' title='bbox 1743 3411 2002 3482; x_wconf 83' lang='grc' dir='ltr'>ὑπάρχων</span> 
     </span>
    </p>
   </div>
   <div class='ocr_carea' id='block_1_52' title="bbox 418 3488 2003 3573">
    <p class='ocr_par' dir='ltr' id='par_1_52' title="bbox 418 3488 2003 3573">
     <span class='ocr_line' id='line_1_52' title="bbox 418 3488 2003 3573; baseline -0.001 -16"><span class='ocrx_word' id='word_1_395' title='bbox 418 3506 476 3558; x_wconf 80' lang='grc' dir='ltr'>ὲν</span> <span class='ocrx_word' id='word_1_396' title='bbox 495 3501 676 3573; x_wconf 79' lang='grc' dir='ltr'>ταυτῷ</span> <span class='ocrx_word' id='word_1_397' title='bbox 705 3503 836 3566; x_wconf 81' lang='grc' dir='ltr'>Θεὸς</span> <span class='ocrx_word' id='word_1_398' title='bbox 861 3519 920 3554; x_wconf 90' lang='grc' dir='ltr'><strong>τε</strong></span> <span class='ocrx_word' id='word_1_399' title='bbox 945 3501 1081 3572; x_wconf 84' lang='grc' dir='ltr'>ὁμοῦ</span> <span class='ocrx_word' id='word_1_400' title='bbox 1115 3503 1209 3554; x_wconf 73' lang='grc' dir='ltr'><strong>καὶ</strong></span> <span class='ocrx_word' id='word_1_401' title='bbox 1238 3488 1684 3573; x_wconf 56' lang='grc' dir='ltr'>ἅνθρωποςέΚαὶ</span> <span class='ocrx_word' id='word_1_402' title='bbox 1709 3503 2003 3558; x_wconf 84' lang='grc' dir='ltr'>οἰκειοῦται</span> 
     </span>
    </p>
   </div>
   <div class='ocr_carea' id='block_1_53' title="bbox 423 3581 2004 3667">
    <p class='ocr_par' dir='ltr' id='par_1_53' title="bbox 423 3581 2004 3667">
     <span class='ocr_line' id='line_1_53' title="bbox 423 3581 2004 3667; baseline -0.001 -17"><span class='ocrx_word' id='word_1_403' title='bbox 423 3597 521 3667; x_wconf 81' lang='grc' dir='ltr'><strong>μὲν</strong></span> <span class='ocrx_word' id='word_1_404' title='bbox 548 3598 576 3650; x_wconf 87' lang='grc' dir='ltr'>ὁ</span> <span class='ocrx_word' id='word_1_405' title='bbox 603 3594 797 3663; x_wconf 79' lang='grc' dir='ltr'>Λόγος,</span> <span class='ocrx_word' id='word_1_406' title='bbox 832 3594 907 3656; x_wconf 85' lang='grc' dir='ltr'>ὼς</span> <span class='ocrx_word' id='word_1_407' title='bbox 938 3593 1096 3665; x_wconf 77' lang='grc' dir='ltr'>ἔφην,</span> <span class='ocrx_word' id='word_1_408' title='bbox 1136 3594 1206 3647; x_wconf 83' lang='grc' dir='ltr'><strong>τά</strong></span> <span class='ocrx_word' id='word_1_409' title='bbox 1233 3596 1333 3664; x_wconf 82' lang='grc' dir='ltr'>τῆς</span> <span class='ocrx_word' id='word_1_410' title='bbox 1374 3593 1508 3657; x_wconf 85' lang='grc' dir='ltr'>ἰδίας</span> <span class='ocrx_word' id='word_1_411' title='bbox 1541 3581 1764 3666; x_wconf 80' lang='grc' dir='ltr'>σαρκὸς,</span> <span class='ocrx_word' id='word_1_412' title='bbox 1795 3593 1877 3650; x_wconf 84' lang='grc' dir='ltr'>ὃτι</span> <span class='ocrx_word' id='word_1_413' title='bbox 1914 3595 2004 3650; x_wconf 77' lang='grc' dir='ltr'><strong>καὶ</strong></span> 
     </span>
    </p>
   </div>
   <div class='ocr_carea' id='block_1_54' title="bbox 419 3687 2005 3760">
    <p class='ocr_par' dir='ltr' id='par_1_54' title="bbox 419 3687 2005 3760">
     <span class='ocr_line' id='line_1_54' title="bbox 419 3687 2005 3760; baseline -0.001 -17"><span class='ocrx_word' id='word_1_414' title='bbox 419 3691 585 3744; x_wconf 79' lang='grc' dir='ltr'>αὑτοῦ</span> <span class='ocrx_word' id='word_1_415' title='bbox 615 3690 674 3744; x_wconf 83' lang='grc' dir='ltr'><strong>τὸ</strong></span> <span class='ocrx_word' id='word_1_416' title='bbox 707 3689 886 3760; x_wconf 81' lang='grc' dir='ltr'>σῶμα,</span> <span class='ocrx_word' id='word_1_417' title='bbox 942 3689 1037 3742; x_wconf 79' lang='grc' dir='ltr'>καὶ</span> <span class='ocrx_word' id='word_1_418' title='bbox 1079 3688 1178 3757; x_wconf 85' lang='grc' dir='ltr'><strong>οὐχ</strong></span> <span class='ocrx_word' id='word_1_419' title='bbox 1231 3687 1455 3758; x_wconf 85' lang='grc' dir='ltr'>ἑτέρου·</span> <span class='ocrx_word' id='word_1_420' title='bbox 1511 3688 1896 3742; x_wconf 84' lang='grc' dir='ltr'>κοινοποιεῖται</span> <span class='ocrx_word' id='word_1_421' title='bbox 1946 3687 2005 3741; x_wconf 75' lang='grc' dir='ltr'>δὲ</span> 
     </span>
    </p>
   </div>
   <div class='ocr_carea' id='block_1_55' title="bbox 419 3778 2004 3854">
    <p class='ocr_par' dir='ltr' id='par_1_55' title="bbox 419 3778 2004 3854">
     <span class='ocr_line' id='line_1_55' title="bbox 419 3778 2004 3854; baseline -0.002 -18"><span class='ocrx_word' id='word_1_422' title='bbox 419 3783 608 3853; x_wconf 82' lang='grc' dir='ltr'>ὥσπερ</span> <span class='ocrx_word' id='word_1_423' title='bbox 643 3786 710 3854; x_wconf 82' lang='grc' dir='ltr'>τῇ</span> <span class='ocrx_word' id='word_1_424' title='bbox 750 3782 856 3853; x_wconf 75' lang='grc' dir='ltr'>ἰδίᾳ</span> <span class='ocrx_word' id='word_1_425' title='bbox 889 3781 1056 3853; x_wconf 79' lang='grc' dir='ltr'>σαρκὶ</span> <span class='ocrx_word' id='word_1_426' title='bbox 1082 3781 1182 3852; x_wconf 81' lang='grc' dir='ltr'>τῆς</span> <span class='ocrx_word' id='word_1_427' title='bbox 1219 3779 1446 3850; x_wconf 83' lang='grc' dir='ltr'>ἐνούσης</span> <span class='ocrx_word' id='word_1_428' title='bbox 1485 3778 1634 3852; x_wconf 85' lang='grc' dir='ltr'>αὐτῷ</span> <span class='ocrx_word' id='word_1_429' title='bbox 1667 3779 2004 3852; x_wconf 86' lang='grc' dir='ltr'>θεοπρεποῦς</span> 
     </span>
    </p>
   </div>
   <div class='ocr_carea' id='block_1_56' title="bbox 419 3869 2006 3942">
    <p class='ocr_par' dir='ltr' id='par_1_56' title="bbox 419 3869 2006 3942">
     <span class='ocr_line' id='line_1_56' title="bbox 419 3869 2006 3942; baseline 0.001 -19"><span class='ocrx_word' id='word_1_430' title='bbox 419 3871 700 3942; x_wconf 83' lang='grc' dir='ltr'>δυνάμεως</span> <span class='ocrx_word' id='word_1_431' title='bbox 741 3871 838 3942; x_wconf 81' lang='grc' dir='ltr'><strong>τὴν</strong></span> <span class='ocrx_word' id='word_1_432' title='bbox 891 3872 1203 3942; x_wconf 71' lang='grc' dir='ltr'>ἐνέργειανσ</span> <span class='ocrx_word' id='word_1_433' title='bbox 1249 3871 1390 3924; x_wconf 79' lang='grc' dir='ltr'>ὥστε</span> <span class='ocrx_word' id='word_1_434' title='bbox 1437 3869 1696 3924; x_wconf 86' lang='grc' dir='ltr'>δύνασθαι</span> <span class='ocrx_word' id='word_1_435' title='bbox 1726 3872 1820 3924; x_wconf 82' lang='grc' dir='ltr'><strong>καὶ</strong></span> <span class='ocrx_word' id='word_1_436' title='bbox 1870 3871 2006 3934; x_wconf 80' lang='grc' dir='ltr'>ζωο-</span> 
     </span>
    </p>
   </div>
   <div class='ocr_carea' id='block_1_57' title="bbox 423 3960 2010 4034">
    <p class='ocr_par' dir='ltr' id='par_1_57' title="bbox 423 3960 2010 4034">
     <span class='ocr_line' id='line_1_57' title="bbox 423 3960 2010 4034; baseline -0.004 -19"><span class='ocrx_word' id='word_1_437' title='bbox 423 3965 595 4016; x_wconf 90' lang='grc' dir='ltr'>ποιεῖν</span> <span class='ocrx_word' id='word_1_438' title='bbox 636 3962 765 4026; x_wconf 77' lang='grc' dir='ltr'>τοὺς</span> <span class='ocrx_word' id='word_1_439' title='bbox 825 3963 1087 4034; x_wconf 80' lang='grc' dir='ltr'>νεκροὺς,</span> <span class='ocrx_word' id='word_1_440' title='bbox 1145 3963 1238 4015; x_wconf 82' lang='grc' dir='ltr'><strong>καί</strong></span> <span class='ocrx_word' id='word_1_441' title='bbox 1290 3960 1471 4014; x_wconf 84' lang='grc' dir='ltr'>ἰᾶσθαι</span> <span class='ocrx_word' id='word_1_442' title='bbox 1528 3961 1654 4020; x_wconf 79' lang='grc' dir='ltr'>τοὺς</span> <span class='ocrx_word' id='word_1_443' title='bbox 1706 3961 1762 4011; x_wconf 84' lang='grc' dir='ltr'><strong>ὲν</strong></span> <span class='ocrx_word' id='word_1_444' title='bbox 1815 3960 2010 4030; x_wconf 60' lang='grc' dir='ltr'>άρρωτ,</span> 
     </span>
    </p>
   </div>
   <div class='ocr_carea' id='block_1_58' title="bbox 422 4051 620 4117">
    <p class='ocr_par' dir='ltr' id='par_1_58' title="bbox 422 4051 620 4117">
     <span class='ocr_line' id='line_1_58' title="bbox 422 4051 620 4117; baseline 0.015 -12"><span class='ocrx_word' id='word_1_445' title='bbox 422 4051 620 4117; x_wconf 85' lang='grc' dir='ltr'>στίαις.</span> 
     </span>
    </p>
   </div>
   <div class='ocr_carea' id='block_1_59' title="bbox 1026 4182 1397 4236">
    <p class='ocr_par' dir='ltr' id='par_1_59' title="bbox 1026 4182 1397 4236">
     <span class='ocr_line' id='line_1_59' title="bbox 1026 4182 1397 4236; baseline -0.003 0"><span class='ocrx_word' id='word_1_446' title='bbox 1026 4183 1279 4236; x_wconf 73' lang='grc' dir='ltr'><strong>ΚΕΦΔΛ.</strong></span> <span class='ocrx_word' id='word_1_447' title='bbox 1319 4182 1397 4235; x_wconf 83' lang='grc' dir='ltr'><strong>Θ⁹.</strong></span> 
     </span>
    </p>
   </div>
   <div class='ocr_carea' id='block_1_60' title="bbox 898 4285 1534 4363">
    <p class='ocr_par' dir='ltr' id='par_1_60' title="bbox 898 4285 1534 4363">
     <span class='ocr_line' id='line_1_60' title="bbox 898 4285 1534 4363; baseline 0.003 -17"><span class='ocrx_word' id='word_1_448' title='bbox 898 4293 1038 4362; x_wconf 82' lang='grc' dir='ltr'>Περί</span> <span class='ocrx_word' id='word_1_449' title='bbox 1070 4294 1176 4348; x_wconf 86' lang='grc' dir='ltr'><strong>τοῦ</strong></span> <span class='ocrx_word' id='word_1_450' title='bbox 1218 4285 1534 4363; x_wconf 77' lang='grc' dir='ltr'>ἄνθρακος.</span> 
     </span>
    </p>
   </div>
   <div class='ocr_carea' id='block_1_61' title="bbox 2107 1856 3690 1928">
    <p class='ocr_par' dir='ltr' id='par_1_61' title="bbox 2107 1856 3690 1928">
     <span class='ocr_line' id='line_1_61' title="bbox 2107 1856 3690 1928; baseline 0.003 -18"><span class='ocrx_word' id='word_1_451' title='bbox 2107 1856 2242 1922; x_wconf 91' lang='lat' dir='ltr'><strong>lere,</strong></span> <span class='ocrx_word' id='word_1_452' title='bbox 2277 1856 2357 1927; x_wconf 80' lang='lat'><strong>(3)</strong></span> <span class='ocrx_word' id='word_1_453' title='bbox 2391 1866 2448 1910; x_wconf 95' lang='lat' dir='ltr'><strong>ut</strong></span> <span class='ocrx_word' id='word_1_454' title='bbox 2492 1859 2620 1912; x_wconf 88' lang='lat' dir='ltr'><strong>dum</strong></span> <span class='ocrx_word' id='word_1_455' title='bbox 2653 1857 2876 1912; x_wconf 82' lang='lat' dir='ltr'><strong>timebat</strong></span> <span class='ocrx_word' id='word_1_456' title='bbox 2911 1859 3218 1928; x_wconf 81' lang='lat' dir='ltr'><strong>passiones,</strong></span> <span class='ocrx_word' id='word_1_457' title='bbox 3264 1860 3536 1914; x_wconf 84' lang='lat' dir='ltr'><strong>subditam</strong></span> <span class='ocrx_word' id='word_1_458' title='bbox 3565 1876 3690 1915; x_wconf 89' lang='lat' dir='ltr'><strong>cer-</strong></span> 
     </span>
    </p>
   </div>
   <div class='ocr_carea' id='block_1_62' title="bbox 2106 1947 3691 2022">
    <p class='ocr_par' dir='ltr' id='par_1_62' title="bbox 2106 1947 3691 2022">
     <span class='ocr_line' id='line_1_62' title="bbox 2106 1947 3691 2022; baseline 0.003 -22"><span class='ocrx_word' id='word_1_459' title='bbox 2106 1948 2278 2001; x_wconf 80' lang='lat' dir='ltr'><strong>vicem</strong></span> <span class='ocrx_word' id='word_1_460' title='bbox 2309 1947 2420 2002; x_wconf 90' lang='lat' dir='ltr'><strong>Deo</strong></span> <span class='ocrx_word' id='word_1_461' title='bbox 2441 1949 2834 2022; x_wconf 79' lang='lat' dir='ltr'><strong>submitteret].</strong></span> <span class='ocrx_word' id='word_1_462' title='bbox 2873 1949 2947 2004; x_wconf 88' lang='lat' dir='ltr'><strong>De</strong></span> <span class='ocrx_word' id='word_1_463' title='bbox 2976 1949 3089 2004; x_wconf 90' lang='lat' dir='ltr'><strong>Deo</strong></span> <span class='ocrx_word' id='word_1_464' title='bbox 3125 1959 3308 2003; x_wconf 87' lang='lat' dir='ltr'><strong>autem</strong></span> <span class='ocrx_word' id='word_1_465' title='bbox 3334 1950 3506 2005; x_wconf 84' lang='lat' dir='ltr'><strong>Verbo</strong></span> <span class='ocrx_word' id='word_1_466' title='bbox 3561 1967 3691 2007; x_wconf 77' lang='lat' dir='ltr'><strong>con-</strong></span> 
     </span>
    </p>
   </div>
   <div class='ocr_carea' id='block_1_63' title="bbox 2106 2039 3692 2112">
    <p class='ocr_par' dir='ltr' id='par_1_63' title="bbox 2106 2039 3692 2112">
     <span class='ocr_line' id='line_1_63' title="bbox 2106 2039 3692 2112; baseline 0.003 -18"><span class='ocrx_word' id='word_1_467' title='bbox 2106 2039 2290 2094; x_wconf 86' lang='lat' dir='ltr'><strong>dolere</strong></span> <span class='ocrx_word' id='word_1_468' title='bbox 2319 2041 2664 2110; x_wconf 86' lang='lat' dir='ltr'><strong>passionibus</strong></span> <span class='ocrx_word' id='word_1_469' title='bbox 2691 2041 2844 2097; x_wconf 84' lang='lat' dir='ltr'><strong>nefas</strong></span> <span class='ocrx_word' id='word_1_470' title='bbox 2872 2052 2954 2098; x_wconf 85' lang='lat' dir='ltr'><strong>est</strong></span> <span class='ocrx_word' id='word_1_471' title='bbox 2979 2042 3166 2098; x_wconf 88' lang='lat' dir='ltr'><strong>dicere</strong></span> <span class='ocrx_word' id='word_1_472' title='bbox 3193 2059 3207 2094; x_wconf 88' lang='lat'><strong>:</strong></span> <span class='ocrx_word' id='word_1_473' title='bbox 3239 2042 3406 2112; x_wconf 71' lang='lat'><strong>783</strong></span> <span class='ocrx_word' id='word_1_474' title='bbox 3440 2043 3692 2111; x_wconf 82' lang='lat' dir='ltr'><strong>impassi-</strong></span> 
     </span>
    </p>
   </div>
   <div class='ocr_carea' id='block_1_64' title="bbox 2105 2132 3691 2205">
    <p class='ocr_par' dir='ltr' id='par_1_64' title="bbox 2105 2132 3691 2205">
     <span class='ocr_line' id='line_1_64' title="bbox 2105 2132 3691 2205; baseline 0.004 -20"><span class='ocrx_word' id='word_1_475' title='bbox 2105 2132 2232 2187; x_wconf 86' lang='lat' dir='ltr'><strong>bilis</strong></span> <span class='ocrx_word' id='word_1_476' title='bbox 2253 2133 2400 2188; x_wconf 88' lang='lat' dir='ltr'><strong>enim</strong></span> <span class='ocrx_word' id='word_1_477' title='bbox 2429 2133 2572 2189; x_wconf 85' lang='lat' dir='ltr'><strong>Deus</strong></span> <span class='ocrx_word' id='word_1_478' title='bbox 2598 2144 2704 2201; x_wconf 88' lang='lat' dir='ltr'><strong>est,</strong></span> <span class='ocrx_word' id='word_1_479' title='bbox 2737 2146 2794 2189; x_wconf 88' lang='lat' dir='ltr'><strong>et</strong></span> <span class='ocrx_word' id='word_1_480' title='bbox 2823 2146 3136 2190; x_wconf 89' lang='lat' dir='ltr'><strong>nostrarum</strong></span> <span class='ocrx_word' id='word_1_481' title='bbox 3164 2151 3346 2190; x_wconf 87' lang='lat' dir='ltr'><strong>rerum</strong></span> <span class='ocrx_word' id='word_1_482' title='bbox 3389 2136 3546 2205; x_wconf 73' lang='lat' dir='ltr'><strong>longe</strong></span> <span class='ocrx_word' id='word_1_483' title='bbox 3575 2137 3691 2191; x_wconf 83' lang='lat' dir='ltr'><strong>dis-</strong></span> 
     </span>
    </p>
   </div>
   <div class='ocr_carea' id='block_1_65' title="bbox 2103 2225 3688 2296">
    <p class='ocr_par' dir='ltr' id='par_1_65' title="bbox 2103 2225 3688 2296">
     <span class='ocr_line' id='line_1_65' title="bbox 2103 2225 3688 2296; baseline 0.002 -17"><span class='ocrx_word' id='word_1_484' title='bbox 2103 2225 2336 2291; x_wconf 86' lang='lat' dir='ltr'><strong>similis;</strong></span> <span class='ocrx_word' id='word_1_485' title='bbox 2390 2227 2485 2280; x_wconf 91' lang='lat' dir='ltr'><strong>sed</strong></span> <span class='ocrx_word' id='word_1_486' title='bbox 2527 2227 2797 2281; x_wconf 88' lang='lat' dir='ltr'><strong>adunatus</strong></span> <span class='ocrx_word' id='word_1_487' title='bbox 2831 2227 3048 2296; x_wconf 87' lang='lat' dir='ltr'><strong>quidem</strong></span> <span class='ocrx_word' id='word_1_488' title='bbox 3095 2236 3215 2282; x_wconf 89' lang='lat' dir='ltr'><strong>erat</strong></span> <span class='ocrx_word' id='word_1_489' title='bbox 3260 2228 3413 2282; x_wconf 86' lang='lat' dir='ltr'><strong>carni</strong></span> <span class='ocrx_word' id='word_1_490' title='bbox 3460 2229 3688 2284; x_wconf 81' lang='lat' dir='ltr'><strong>habenti</strong></span> 
     </span>
    </p>
   </div>
   <div class='ocr_carea' id='block_1_66' title="bbox 2105 2317 3692 2388">
    <p class='ocr_par' dir='ltr' id='par_1_66' title="bbox 2105 2317 3692 2388">
     <span class='ocr_line' id='line_1_66' title="bbox 2105 2317 3692 2388; baseline 0.001 -18"><span class='ocrx_word' id='word_1_491' title='bbox 2105 2317 2342 2370; x_wconf 84' lang='lat' dir='ltr'><strong>animam</strong></span> <span class='ocrx_word' id='word_1_492' title='bbox 2385 2317 2782 2381; x_wconf 85' lang='lat' dir='ltr'><strong>rationabilem,</strong></span> <span class='ocrx_word' id='word_1_493' title='bbox 2812 2333 2918 2387; x_wconf 88' lang='lat' dir='ltr'><strong>qua</strong></span> <span class='ocrx_word' id='word_1_494' title='bbox 2946 2320 3189 2387; x_wconf 90' lang='lat' dir='ltr'><strong>patiente</strong></span> <span class='ocrx_word' id='word_1_495' title='bbox 3221 2318 3336 2388; x_wconf 89' lang='lat' dir='ltr'><strong>ipse</strong></span> <span class='ocrx_word' id='word_1_496' title='bbox 3378 2319 3692 2387; x_wconf 81' lang='lat' dir='ltr'><strong>impassibi-</strong></span> 
     </span>
    </p>
   </div>
   <div class='ocr_carea' id='block_1_67' title="bbox 2105 2407 3691 2479">
    <p class='ocr_par' dir='ltr' id='par_1_67' title="bbox 2105 2407 3691 2479">
     <span class='ocr_line' id='line_1_67' title="bbox 2105 2407 3691 2479; baseline 0.003 -19"><span class='ocrx_word' id='word_1_497' title='bbox 2105 2407 2194 2474; x_wconf 90' lang='lat' dir='ltr'><strong>lis,</strong></span> <span class='ocrx_word' id='word_1_498' title='bbox 2235 2423 2300 2462; x_wconf 88' lang='lat' dir='ltr'><strong>ea</strong></span> <span class='ocrx_word' id='word_1_499' title='bbox 2335 2423 2454 2476; x_wconf 70' lang='lat' dir='ltr'><strong>quae</strong></span> <span class='ocrx_word' id='word_1_500' title='bbox 2501 2409 2694 2462; x_wconf 65' lang='lat' dir='ltr'><strong>animae</strong></span> <span class='ocrx_word' id='word_1_501' title='bbox 2739 2410 3143 2478; x_wconf 83' lang='lat' dir='ltr'><strong>contingerent,</strong></span> <span class='ocrx_word' id='word_1_502' title='bbox 3190 2410 3581 2479; x_wconf 80' lang='lat' dir='ltr'><strong>cognoscebat,</strong></span> <span class='ocrx_word' id='word_1_503' title='bbox 3635 2419 3691 2465; x_wconf 85' lang='lat' dir='ltr'><strong>et</strong></span> 
     </span>
    </p>
   </div>
   <div class='ocr_carea' id='block_1_68' title="bbox 2104 2500 3685 2570">
    <p class='ocr_par' dir='ltr' id='par_1_68' title="bbox 2104 2500 3685 2570">
     <span class='ocr_line' id='line_1_68' title="bbox 2104 2500 3685 2570; baseline 0.002 -16"><span class='ocrx_word' id='word_1_504' title='bbox 2104 2500 2469 2555; x_wconf 83' lang='lat' dir='ltr'><strong>contundebat</strong></span> <span class='ocrx_word' id='word_1_505' title='bbox 2513 2501 2753 2570; x_wconf 86' lang='lat' dir='ltr'><strong>quidem,</strong></span> <span class='ocrx_word' id='word_1_506' title='bbox 2784 2509 2840 2554; x_wconf 89' lang='lat' dir='ltr'><strong>ut</strong></span> <span class='ocrx_word' id='word_1_507' title='bbox 2881 2500 3044 2564; x_wconf 81' lang='lat' dir='ltr'><strong>Deus,</strong></span> <span class='ocrx_word' id='word_1_508' title='bbox 3082 2504 3266 2556; x_wconf 87' lang='lat' dir='ltr'><strong>carnis</strong></span> <span class='ocrx_word' id='word_1_509' title='bbox 3309 2503 3685 2569; x_wconf 89' lang='lat' dir='ltr'><strong>inﬁrmitates;</strong></span> 
     </span>
    </p>
   </div>
   <div class='ocr_carea' id='block_1_69' title="bbox 2103 2589 3686 2659">
    <p class='ocr_par' dir='ltr' id='par_1_69' title="bbox 2103 2589 3686 2659">
     <span class='ocr_line' id='line_1_69' title="bbox 2103 2589 3686 2659; baseline 0 -15"><span class='ocrx_word' id='word_1_510' title='bbox 2103 2604 2233 2645; x_wconf 85' lang='lat' dir='ltr'><strong>suas</strong></span> <span class='ocrx_word' id='word_1_511' title='bbox 2268 2598 2449 2643; x_wconf 88' lang='lat' dir='ltr'><strong>tamen</strong></span> <span class='ocrx_word' id='word_1_512' title='bbox 2489 2605 2603 2654; x_wconf 83' lang='lat' dir='ltr'><strong>eas,</strong></span> <span class='ocrx_word' id='word_1_513' title='bbox 2638 2600 2894 2659; x_wconf 85' lang='lat' dir='ltr'><strong>tauquam</strong></span> <span class='ocrx_word' id='word_1_514' title='bbox 2937 2591 3016 2643; x_wconf 90' lang='lat' dir='ltr'><strong>sui</strong></span> <span class='ocrx_word' id='word_1_515' title='bbox 3056 2591 3324 2658; x_wconf 89' lang='lat' dir='ltr'><strong>corporis,</strong></span> <span class='ocrx_word' id='word_1_516' title='bbox 3356 2604 3478 2644; x_wconf 90' lang='lat' dir='ltr'><strong>esse</strong></span> <span class='ocrx_word' id='word_1_517' title='bbox 3519 2589 3686 2644; x_wconf 84' lang='lat' dir='ltr'><strong>duce-</strong></span> 
     </span>
    </p>
   </div>
   <div class='ocr_carea' id='block_1_70' title="bbox 2105 2681 3689 2755">
    <p class='ocr_par' dir='ltr' id='par_1_70' title="bbox 2105 2681 3689 2755">
     <span class='ocr_line' id='line_1_70' title="bbox 2105 2681 3689 2755; baseline 0 -16"><span class='ocrx_word' id='word_1_518' title='bbox 2105 2683 2219 2740; x_wconf 86' lang='lat' dir='ltr'><strong>bat.</strong></span> <span class='ocrx_word' id='word_1_519' title='bbox 2253 2681 2440 2752; x_wconf 88' lang='lat' dir='ltr'><strong>ltaque</strong></span> <span class='ocrx_word' id='word_1_520' title='bbox 2465 2684 2725 2740; x_wconf 85' lang='lat' dir='ltr'><strong>esuriisse</strong></span> <span class='ocrx_word' id='word_1_521' title='bbox 2761 2684 2979 2752; x_wconf 85' lang='lat' dir='ltr'><strong>dicitur,</strong></span> <span class='ocrx_word' id='word_1_522' title='bbox 3018 2682 3277 2755; x_wconf 73' lang='lat' dir='ltr'><strong>fatigatus</strong></span> <span class='ocrx_word' id='word_1_523' title='bbox 3310 2701 3453 2754; x_wconf 88' lang='lat' dir='ltr'><strong>esse,</strong></span> <span class='ocrx_word' id='word_1_524' title='bbox 3492 2700 3689 2754; x_wconf 84' lang='lat' dir='ltr'><strong>passus</strong></span> 
     </span>
    </p>
   </div>
   <div class='ocr_carea' id='block_1_71' title="bbox 2105 2775 2621 2845">
    <p class='ocr_par' dir='ltr' id='par_1_71' title="bbox 2105 2775 2621 2845">
     <span class='ocr_line' id='line_1_71' title="bbox 2105 2775 2621 2845; baseline 0.002 -15"><span class='ocrx_word' id='word_1_525' title='bbox 2105 2775 2277 2830; x_wconf 83' lang='lat' dir='ltr'><strong>fuisse</strong></span> <span class='ocrx_word' id='word_1_526' title='bbox 2307 2793 2406 2845; x_wconf 92' lang='lat' dir='ltr'><strong>pro</strong></span> <span class='ocrx_word' id='word_1_527' title='bbox 2445 2777 2621 2831; x_wconf 82' lang='lat' dir='ltr'><strong>nobis.</strong></span> 
     </span>
    </p>
   </div>
   <div class='ocr_carea' id='block_1_72' title="bbox 2178 2865 3690 2934">
    <p class='ocr_par' dir='ltr' id='par_1_72' title="bbox 2178 2865 3690 2934">
     <span class='ocr_line' id='line_1_72' title="bbox 2178 2865 3690 2934; baseline 0.001 -15"><span class='ocrx_word' id='word_1_528' title='bbox 2178 2865 2322 2933; x_wconf 79' lang='lat' dir='ltr'><strong>Ergo</strong></span> <span class='ocrx_word' id='word_1_529' title='bbox 2369 2865 2534 2920; x_wconf 81' lang='lat' dir='ltr'><strong>Verbi</strong></span> <span class='ocrx_word' id='word_1_530' title='bbox 2584 2867 2864 2930; x_wconf 86' lang='lat' dir='ltr'><strong>adunatio,</strong></span> <span class='ocrx_word' id='word_1_531' title='bbox 2897 2882 3016 2934; x_wconf 83' lang='lat' dir='ltr'><strong>quae</strong></span> <span class='ocrx_word' id='word_1_532' title='bbox 3061 2877 3145 2922; x_wconf 87' lang='lat' dir='ltr'><strong>est</strong></span> <span class='ocrx_word' id='word_1_533' title='bbox 3179 2884 3299 2922; x_wconf 91' lang='lat' dir='ltr'><strong>cum</strong></span> <span class='ocrx_word' id='word_1_534' title='bbox 3352 2870 3690 2925; x_wconf 84' lang='lat' dir='ltr'><strong>humanitate</strong></span> 
     </span>
    </p>
   </div>
   <div class='ocr_carea' id='block_1_73' title="bbox 2107 2955 3689 3030">
    <p class='ocr_par' dir='ltr' id='par_1_73' title="bbox 2107 2955 3689 3030">
     <span class='ocr_line' id='line_1_73' title="bbox 2107 2955 3689 3030; baseline 0.002 -19"><span class='ocrx_word' id='word_1_535' title='bbox 2107 2955 2432 3020; x_wconf 48' lang='lat' dir='ltr'><strong>factafnon</strong></span> <span class='ocrx_word' id='word_1_536' title='bbox 2476 2959 2926 3012; x_wconf 80' lang='lat' dir='ltr'><strong>irrationabiliter</strong></span> <span class='ocrx_word' id='word_1_537' title='bbox 2960 2960 3120 3012; x_wconf 87' lang='lat' dir='ltr'><strong>rebus</strong></span> <span class='ocrx_word' id='word_1_538' title='bbox 3164 2961 3364 3014; x_wconf 85' lang='lat' dir='ltr'><strong>nostris</strong></span> <span class='ocrx_word' id='word_1_539' title='bbox 3401 2975 3689 3030; x_wconf 85' lang='lat' dir='ltr'><strong>compare-</strong></span> 
     </span>
    </p>
   </div>
   <div class='ocr_carea' id='block_1_74' title="bbox 2109 3047 3690 3121">
    <p class='ocr_par' dir='ltr' id='par_1_74' title="bbox 2109 3047 3690 3121">
     <span class='ocr_line' id='line_1_74' title="bbox 2109 3047 3690 3121; baseline 0.002 -19"><span class='ocrx_word' id='word_1_540' title='bbox 2109 3057 2217 3104; x_wconf 88' lang='lat' dir='ltr'><strong>tur.</strong></span> <span class='ocrx_word' id='word_1_541' title='bbox 2255 3047 2388 3104; x_wconf 75' lang='lat' dir='ltr'><strong>Natn</strong></span> <span class='ocrx_word' id='word_1_542' title='bbox 2425 3050 2568 3104; x_wconf 87' lang='lat' dir='ltr'><strong>sicut</strong></span> <span class='ocrx_word' id='word_1_543' title='bbox 2598 3057 2796 3119; x_wconf 88' lang='lat' dir='ltr'><strong>corpus</strong></span> <span class='ocrx_word' id='word_1_544' title='bbox 2839 3049 3069 3104; x_wconf 82' lang='lat' dir='ltr'><strong>alterius</strong></span> <span class='ocrx_word' id='word_1_545' title='bbox 3109 3061 3196 3104; x_wconf 84' lang='lat' dir='ltr'><strong>est</strong></span> <span class='ocrx_word' id='word_1_546' title='bbox 3244 3061 3453 3104; x_wconf 63' lang='lat' dir='ltr'><strong>natura!</strong></span> <span class='ocrx_word' id='word_1_547' title='bbox 3491 3063 3690 3121; x_wconf 69' lang='lat' dir='ltr'><strong>praeter</strong></span> 
     </span>
    </p>
   </div>
   <div class='ocr_carea' id='block_1_75' title="bbox 2112 3141 3690 3209">
    <p class='ocr_par' dir='ltr' id='par_1_75' title="bbox 2112 3141 3690 3209">
     <span class='ocr_line' id='line_1_75' title="bbox 2112 3141 3690 3209; baseline 0.001 -13"><span class='ocrx_word' id='word_1_548' title='bbox 2112 3143 2378 3208; x_wconf 77' lang='lat' dir='ltr'><strong>animam,</strong></span> <span class='ocrx_word' id='word_1_549' title='bbox 2409 3153 2465 3197; x_wconf 90' lang='lat' dir='ltr'><strong>et</strong></span> <span class='ocrx_word' id='word_1_550' title='bbox 2494 3157 2644 3197; x_wconf 86' lang='lat' dir='ltr'><strong>unus</strong></span> <span class='ocrx_word' id='word_1_551' title='bbox 2667 3150 2846 3195; x_wconf 89' lang='lat' dir='ltr'><strong>tamen</strong></span> <span class='ocrx_word' id='word_1_552' title='bbox 2877 3155 2944 3194; x_wconf 84' lang='lat' dir='ltr'><strong>ex</strong></span> <span class='ocrx_word' id='word_1_553' title='bbox 2993 3151 3225 3209; x_wconf 88' lang='lat' dir='ltr'><strong>utroque</strong></span> <span class='ocrx_word' id='word_1_554' title='bbox 3270 3143 3430 3196; x_wconf 84' lang='lat' dir='ltr'><strong>homo</strong></span> <span class='ocrx_word' id='word_1_555' title='bbox 3462 3141 3690 3197; x_wconf 75' lang='lat' dir='ltr'><strong>efﬁcitur</strong></span> 
     </span>
    </p>
   </div>
   <div class='ocr_carea' id='block_1_76' title="bbox 2109 3231 3689 3301">
    <p class='ocr_par' dir='ltr' id='par_1_76' title="bbox 2109 3231 3689 3301">
     <span class='ocr_line' id='line_1_76' title="bbox 2109 3231 3689 3301; baseline -0.002 -10"><span class='ocrx_word' id='word_1_556' title='bbox 2109 3242 2166 3291; x_wconf 86' lang='lat' dir='ltr'><strong>et</strong></span> <span class='ocrx_word' id='word_1_557' title='bbox 2196 3243 2459 3299; x_wconf 73' lang='lat' dir='ltr'><strong>vocatur;</strong></span> <span class='ocrx_word' id='word_1_558' title='bbox 2491 3234 2567 3288; x_wconf 86' lang='lat' dir='ltr'><strong>ita</strong></span> <span class='ocrx_word' id='word_1_559' title='bbox 2609 3233 2774 3288; x_wconf 87' lang='lat' dir='ltr'><strong>etiam</strong></span> <span class='ocrx_word' id='word_1_560' title='bbox 2805 3247 2874 3287; x_wconf 79' lang='lat' dir='ltr'><strong>ex</strong></span> <span class='ocrx_word' id='word_1_561' title='bbox 2908 3231 3148 3301; x_wconf 84' lang='lat' dir='ltr'><strong>perfecta</strong></span> <span class='ocrx_word' id='word_1_562' title='bbox 3176 3233 3271 3287; x_wconf 88' lang='lat' dir='ltr'><strong>Dei</strong></span> <span class='ocrx_word' id='word_1_563' title='bbox 3307 3233 3468 3288; x_wconf 83' lang='lat' dir='ltr'><strong>Verbi</strong></span> <span class='ocrx_word' id='word_1_564' title='bbox 3513 3235 3689 3288; x_wconf 71' lang='lat' dir='ltr'><strong>subsio</strong></span> 
     </span>
    </p>
   </div>
   <div class='ocr_carea' id='block_1_77' title="bbox 2104 3319 3689 3389">
    <p class='ocr_par' dir='ltr' id='par_1_77' title="bbox 2104 3319 3689 3389">
     <span class='ocr_line' id='line_1_77' title="bbox 2104 3319 3689 3389; baseline -0.002 -9"><span class='ocrx_word' id='word_1_565' title='bbox 2104 3324 2300 3380; x_wconf 78' lang='lat' dir='ltr'><strong>stent-ia</strong></span> <span class='ocrx_word' id='word_1_566' title='bbox 2343 3333 2399 3379; x_wconf 87' lang='lat' dir='ltr'><strong>et</strong></span> <span class='ocrx_word' id='word_1_567' title='bbox 2445 3339 2513 3378; x_wconf 80' lang='lat' dir='ltr'><strong>ex</strong></span> <span class='ocrx_word' id='word_1_568' title='bbox 2561 3322 2904 3378; x_wconf 82' lang='lat' dir='ltr'><strong>humanitate</strong></span> <span class='ocrx_word' id='word_1_569' title='bbox 2932 3319 3174 3389; x_wconf 82' lang='lat' dir='ltr'><strong>perfecta</strong></span> <span class='ocrx_word' id='word_1_570' title='bbox 3231 3337 3370 3377; x_wconf 80' lang='lat' dir='ltr'><strong>unus</strong></span> <span class='ocrx_word' id='word_1_571' title='bbox 3417 3331 3499 3377; x_wconf 84' lang='lat' dir='ltr'><strong>est</strong></span> <span class='ocrx_word' id='word_1_572' title='bbox 3531 3322 3689 3377; x_wconf 81' lang='lat' dir='ltr'><strong>Chri-</strong></span> 
     </span>
    </p>
   </div>
   <div class='ocr_carea' id='block_1_78' title="bbox 2105 3416 3685 3482">
    <p class='ocr_par' dir='ltr' id='par_1_78' title="bbox 2105 3416 3685 3482">
     <span class='ocr_line' id='line_1_78' title="bbox 2105 3416 3685 3482; baseline -0.001 -10"><span class='ocrx_word' id='word_1_573' title='bbox 2105 3428 2244 3482; x_wconf 82' lang='lat' dir='ltr'><strong>stus,</strong></span> <span class='ocrx_word' id='word_1_574' title='bbox 2282 3418 2428 3471; x_wconf 82' lang='lat' dir='ltr'><strong>idem</strong></span> <span class='ocrx_word' id='word_1_575' title='bbox 2459 3418 2528 3470; x_wconf 68' lang='lat' dir='ltr'><strong>in&#39;</strong></span> <span class='ocrx_word' id='word_1_576' title='bbox 2555 3417 2744 3470; x_wconf 87' lang='lat' dir='ltr'><strong>eodem</strong></span> <span class='ocrx_word' id='word_1_577' title='bbox 2782 3417 2925 3470; x_wconf 86' lang='lat' dir='ltr'><strong>Deus</strong></span> <span class='ocrx_word' id='word_1_578' title='bbox 2952 3416 3115 3470; x_wconf 87' lang='lat' dir='ltr'><strong>simul</strong></span> <span class='ocrx_word' id='word_1_579' title='bbox 3160 3423 3216 3468; x_wconf 90' lang='lat' dir='ltr'><strong>et</strong></span> <span class='ocrx_word' id='word_1_580' title='bbox 3259 3417 3455 3480; x_wconf 88' lang='lat' dir='ltr'><strong>homo;</strong></span> <span class='ocrx_word' id='word_1_581' title='bbox 3488 3425 3544 3468; x_wconf 89' lang='lat' dir='ltr'><strong>et</strong></span> <span class='ocrx_word' id='word_1_582' title='bbox 3589 3431 3685 3470; x_wconf 83' lang='lat' dir='ltr'><strong>sua</strong></span> 
     </span>
    </p>
   </div>
   <div class='ocr_carea' id='block_1_79' title="bbox 2105 3507 3689 3580">
    <p class='ocr_par' dir='ltr' id='par_1_79' title="bbox 2105 3507 3689 3580">
     <span class='ocr_line' id='line_1_79' title="bbox 2105 3507 3689 3580; baseline -0.002 -17"><span class='ocrx_word' id='word_1_583' title='bbox 2105 3510 2321 3580; x_wconf 86' lang='lat' dir='ltr'><strong>quidem</strong></span> <span class='ocrx_word' id='word_1_584' title='bbox 2369 3508 2520 3564; x_wconf 87' lang='lat' dir='ltr'><strong>ducit</strong></span> <span class='ocrx_word' id='word_1_585' title='bbox 2552 3509 2696 3563; x_wconf 85' lang='lat' dir='ltr'><strong>Deus</strong></span> <span class='ocrx_word' id='word_1_586' title='bbox 2735 3507 2998 3571; x_wconf 80' lang='lat' dir='ltr'><strong>Verbum,</strong></span> <span class='ocrx_word' id='word_1_587' title='bbox 3046 3517 3106 3561; x_wconf 90' lang='lat' dir='ltr'><strong>ut</strong></span> <span class='ocrx_word' id='word_1_588' title='bbox 3137 3517 3266 3561; x_wconf 82' lang='lat' dir='ltr'><strong>ante</strong></span> <span class='ocrx_word' id='word_1_589' title='bbox 3301 3507 3436 3573; x_wconf 79' lang='lat' dir='ltr'><strong>dixi,</strong></span> <span class='ocrx_word' id='word_1_590' title='bbox 3477 3522 3541 3561; x_wconf 83' lang='lat' dir='ltr'><strong>ea</strong></span> <span class='ocrx_word' id='word_1_591' title='bbox 3569 3523 3689 3576; x_wconf 70' lang='lat' dir='ltr'><strong>quae</strong></span> 
     </span>
    </p>
   </div>
   <div class='ocr_carea' id='block_1_80' title="bbox 2107 3600 3687 3670">
    <p class='ocr_par' dir='ltr' id='par_1_80' title="bbox 2107 3600 3687 3670">
     <span class='ocr_line' id='line_1_80' title="bbox 2107 3600 3687 3670; baseline -0.003 -14"><span class='ocrx_word' id='word_1_592' title='bbox 2107 3611 2233 3656; x_wconf 84' lang='lat' dir='ltr'><strong>sunt</strong></span> <span class='ocrx_word' id='word_1_593' title='bbox 2287 3601 2474 3656; x_wconf 86' lang='lat' dir='ltr'><strong>carnis</strong></span> <span class='ocrx_word' id='word_1_594' title='bbox 2508 3603 2750 3670; x_wconf 86' lang='lat' dir='ltr'><strong>propria,</strong></span> <span class='ocrx_word' id='word_1_595' title='bbox 2790 3601 2918 3669; x_wconf 82' lang='lat' dir='ltr'><strong>quia</strong></span> <span class='ocrx_word' id='word_1_596' title='bbox 2970 3600 3142 3668; x_wconf 84' lang='lat' dir='ltr'><strong>ipsius</strong></span> <span class='ocrx_word' id='word_1_597' title='bbox 3182 3609 3272 3654; x_wconf 81' lang='lat' dir='ltr'><strong>est</strong></span> <span class='ocrx_word' id='word_1_598' title='bbox 3317 3614 3534 3669; x_wconf 86' lang='lat' dir='ltr'><strong>corpus,</strong></span> <span class='ocrx_word' id='word_1_599' title='bbox 3582 3617 3687 3652; x_wconf 86' lang='lat' dir='ltr'><strong>unu</strong></span> 
     </span>
    </p>
   </div>
   <div class='ocr_carea' id='block_1_81' title="bbox 2106 3689 3686 3761">
    <p class='ocr_par' dir='ltr' id='par_1_81' title="bbox 2106 3689 3686 3761">
     <span class='ocr_line' id='line_1_81' title="bbox 2106 3689 3686 3761; baseline -0.003 -15"><span class='ocrx_word' id='word_1_600' title='bbox 2106 3691 2356 3748; x_wconf 83' lang='lat' dir='ltr'><strong>alterius.</strong></span> <span class='ocrx_word' id='word_1_601' title='bbox 2391 3691 2722 3747; x_wconf 84' lang='lat' dir='ltr'><strong>Communes</strong></span> <span class='ocrx_word' id='word_1_602' title='bbox 2755 3700 2938 3745; x_wconf 88' lang='lat' dir='ltr'><strong>autem</strong></span> <span class='ocrx_word' id='word_1_603' title='bbox 2979 3689 3115 3746; x_wconf 79' lang='lat' dir='ltr'><strong>facit</strong></span> <span class='ocrx_word' id='word_1_604' title='bbox 3145 3699 3407 3761; x_wconf 83' lang='lat' dir='ltr'><strong>tanquam</strong></span> <span class='ocrx_word' id='word_1_605' title='bbox 3440 3705 3686 3745; x_wconf 76' lang='lat' dir='ltr'><strong>cumsua</strong></span> 
     </span>
    </p>
   </div>
   <div class='ocr_carea' id='block_1_82' title="bbox 2105 3783 3691 3852">
    <p class='ocr_par' dir='ltr' id='par_1_82' title="bbox 2105 3783 3691 3852">
     <span class='ocr_line' id='line_1_82' title="bbox 2105 3783 3691 3852; baseline -0.002 -13"><span class='ocrx_word' id='word_1_606' title='bbox 2105 3797 2276 3839; x_wconf 82' lang='lat' dir='ltr'><strong>carne</strong></span> <span class='ocrx_word' id='word_1_607' title='bbox 2308 3783 2506 3839; x_wconf 66' lang='lat' dir='ltr'><strong>divinae</strong></span> <span class='ocrx_word' id='word_1_608' title='bbox 2532 3797 2646 3837; x_wconf 73' lang='lat' dir='ltr'><strong>suae</strong></span> <span class='ocrx_word' id='word_1_609' title='bbox 2700 3783 3007 3852; x_wconf 83' lang='lat' dir='ltr'><strong>majestatis</strong></span> <span class='ocrx_word' id='word_1_610' title='bbox 3045 3785 3420 3851; x_wconf 84' lang='lat' dir='ltr'><strong>operationes,</strong></span> <span class='ocrx_word' id='word_1_611' title='bbox 3473 3789 3536 3835; x_wconf 90' lang='lat' dir='ltr'><strong>ut</strong></span> <span class='ocrx_word' id='word_1_612' title='bbox 3564 3796 3691 3850; x_wconf 54' lang='lat' dir='ltr'><strong>pos.</strong></span> 
     </span>
    </p>
   </div>
   <div class='ocr_carea' id='block_1_83' title="bbox 2106 3872 3590 3940">
    <p class='ocr_par' dir='ltr' id='par_1_83' title="bbox 2106 3872 3590 3940">
     <span class='ocr_line' id='line_1_83' title="bbox 2106 3872 3590 3940; baseline -0.001 -10"><span class='ocrx_word' id='word_1_613' title='bbox 2106 3886 2190 3930; x_wconf 81' lang='lat' dir='ltr'><strong>set</strong></span> <span class='ocrx_word' id='word_1_614' title='bbox 2221 3876 2386 3930; x_wconf 81' lang='lat' dir='ltr'><strong>etiam</strong></span> <span class='ocrx_word' id='word_1_615' title='bbox 2416 3873 2697 3928; x_wconf 71' lang='lat' dir='ltr'><strong>viviﬁcare</strong></span> <span class='ocrx_word' id='word_1_616' title='bbox 2725 3883 2991 3940; x_wconf 88' lang='lat' dir='ltr'><strong>mortuos,</strong></span> <span class='ocrx_word' id='word_1_617' title='bbox 3015 3882 3072 3928; x_wconf 90' lang='lat' dir='ltr'><strong>et</strong></span> <span class='ocrx_word' id='word_1_618' title='bbox 3099 3887 3296 3929; x_wconf 82' lang='lat' dir='ltr'><strong>sanare</strong></span> <span class='ocrx_word' id='word_1_619' title='bbox 3325 3872 3590 3928; x_wconf 81' lang='lat' dir='ltr'><strong>inﬁrmos.</strong></span> 
     </span>
    </p>
   </div>
   <div class='ocr_carea' id='block_1_84' title="bbox 2711 4160 3045 4233">
    <p class='ocr_par' dir='ltr' id='par_1_84' title="bbox 2711 4160 3045 4233">
     <span class='ocr_line' id='line_1_84' title="bbox 2711 4160 3045 4233; baseline 0 -1"><span class='ocrx_word' id='word_1_620' title='bbox 2711 4160 2716 4165; x_wconf 90' lang='grc'><em>’</em></span> <span class='ocrx_word' id='word_1_621' title='bbox 2761 4176 2916 4233; x_wconf 65' lang='lat' dir='ltr'><strong>car.</strong></span> <span class='ocrx_word' id='word_1_622' title='bbox 2951 4173 3045 4232; x_wconf 80' lang='lat' dir='ltr'><strong>Ix.</strong></span> 
     </span>
    </p>
   </div>
   <div class='ocr_carea' id='block_1_85' title="bbox 2714 4286 3071 4344">
    <p class='ocr_par' dir='ltr' id='par_1_85' title="bbox 2714 4286 3071 4344">
     <span class='ocr_line' id='line_1_85' title="bbox 2714 4286 3071 4344; baseline 0.008 -3"><span class='ocrx_word' id='word_1_623' title='bbox 2714 4286 2792 4343; x_wconf 77' lang='lat' dir='ltr'><strong>De</strong></span> <span class='ocrx_word' id='word_1_624' title='bbox 2827 4289 3071 4344; x_wconf 83' lang='lat' dir='ltr'><strong>carbone.</strong></span> 
     </span>
    </p>
   </div>
   <div class='ocr_carea' id='block_1_86' title="bbox 492 4401 2003 4494">
    <p class='ocr_par' dir='ltr' id='par_1_86' title="bbox 492 4404 2003 4488">
     <span class='ocr_line' id='line_1_86' title="bbox 492 4404 2003 4488; baseline -0.001 -28"><span class='ocrx_word' id='word_1_625' title='bbox 492 4408 555 4460; x_wconf 77' lang='grc' dir='ltr'>Εἰ</span> <span class='ocrx_word' id='word_1_626' title='bbox 585 4406 643 4460; x_wconf 83' lang='grc' dir='ltr'>δὲ</span> <span class='ocrx_word' id='word_1_627' title='bbox 689 4404 817 4476; x_wconf 83' lang='grc' dir='ltr'>χρὴ,</span> <span class='ocrx_word' id='word_1_628' title='bbox 863 4405 958 4458; x_wconf 79' lang='grc' dir='ltr'><strong>καὶ</strong></span> <span class='ocrx_word' id='word_1_629' title='bbox 996 4407 1106 4469; x_wconf 88' lang='grc' dir='ltr'>τοῖς</span> <span class='ocrx_word' id='word_1_630' title='bbox 1146 4407 1211 4459; x_wconf 85' lang='grc' dir='ltr'>ὲκ</span> <span class='ocrx_word' id='word_1_631' title='bbox 1243 4406 1340 4488; x_wconf 80' lang='grc' dir='ltr'>τῆς</span> <span class='ocrx_word' id='word_1_632' title='bbox 1375 4407 1734 4461; x_wconf 81' lang='grc' dir='ltr'>θεοπνεύστου</span> <span class='ocrx_word' id='word_1_633' title='bbox 1779 4409 2003 4482; x_wconf 82' lang='grc' dir='ltr'>Γραφῆς</span> 
     </span>
    </p>
   </div>
   <div class='ocr_carea' id='block_1_87' title="bbox 2108 4401 3686 4494">
    <p class='ocr_par' dir='ltr' id='par_1_87' title="bbox 2182 4401 3686 4476">
     <span class='ocr_line' id='line_1_87' title="bbox 2182 4401 3686 4476; baseline 0.005 -19"><span class='ocrx_word' id='word_1_634' title='bbox 2182 4401 2260 4475; x_wconf 75' lang='grc'>(4)</span> <span class='ocrx_word' id='word_1_635' title='bbox 2299 4402 2372 4458; x_wconf 80' lang='lat' dir='ltr'><strong>At</strong></span> <span class='ocrx_word' id='word_1_636' title='bbox 2417 4403 2462 4458; x_wconf 89' lang='lat' dir='ltr'><strong>si</strong></span> <span class='ocrx_word' id='word_1_637' title='bbox 2501 4404 2755 4459; x_wconf 88' lang='lat' dir='ltr'><strong>convenit</strong></span> <span class='ocrx_word' id='word_1_638' title='bbox 2798 4405 3066 4476; x_wconf 81' lang='lat' dir='ltr'><strong>exemplis</strong></span> <span class='ocrx_word' id='word_1_639' title='bbox 3106 4404 3272 4461; x_wconf 83' lang='lat' dir='ltr'><strong>etiam</strong></span> <span class='ocrx_word' id='word_1_640' title='bbox 3305 4405 3502 4462; x_wconf 67' lang='lat' dir='ltr'><strong>divinae</strong></span> <span class='ocrx_word' id='word_1_641' title='bbox 3537 4406 3686 4464; x_wconf 83' lang='lat' dir='ltr'><strong>Scri-</strong></span> 
     </span>
    </p>
   </div>
   <div class='ocr_carea' id='block_1_88' title="bbox 423 4495 2004 4570">
    <p class='ocr_par' dir='ltr' id='par_1_88' title="bbox 423 4495 2004 4570">
     <span class='ocr_line' id='line_1_88' title="bbox 423 4495 2004 4570; baseline 0.003 -20"><span class='ocrx_word' id='word_1_642' title='bbox 423 4495 833 4567; x_wconf 86' lang='grc' dir='ltr'>παραδείγμασι</span> <span class='ocrx_word' id='word_1_643' title='bbox 866 4496 1260 4567; x_wconf 84' lang='grc' dir='ltr'>κεχρημένους,</span> <span class='ocrx_word' id='word_1_644' title='bbox 1288 4497 1542 4570; x_wconf 88' lang='grc' dir='ltr'>καθάπερ</span> <span class='ocrx_word' id='word_1_645' title='bbox 1578 4500 1636 4551; x_wconf 84' lang='grc' dir='ltr'><strong>ἐν</strong></span> <span class='ocrx_word' id='word_1_646' title='bbox 1669 4498 1860 4565; x_wconf 84' lang='grc' dir='ltr'>τύποις</span> <span class='ocrx_word' id='word_1_647' title='bbox 1913 4501 2004 4556; x_wconf 87' lang='grc' dir='ltr'><strong>τὸν</strong></span> 
     </span>
    </p>
   </div>
   <div class='ocr_carea' id='block_1_89' title="bbox 422 4587 2004 4663">
    <p class='ocr_par' dir='ltr' id='par_1_89' title="bbox 422 4587 2004 4663">
     <span class='ocr_line' id='line_1_89' title="bbox 422 4587 2004 4663; baseline 0.004 -23"><span class='ocrx_word' id='word_1_648' title='bbox 422 4591 518 4659; x_wconf 83' lang='grc' dir='ltr'>τῆς</span> <span class='ocrx_word' id='word_1_649' title='bbox 550 4587 793 4651; x_wconf 83' lang='grc' dir='ltr'>ὲνώσεως</span> <span class='ocrx_word' id='word_1_650' title='bbox 826 4588 1142 4652; x_wconf 80' lang='grc' dir='ltr'>καταδεῖξαι</span> <span class='ocrx_word' id='word_1_651' title='bbox 1186 4590 1406 4659; x_wconf 85' lang='grc' dir='ltr'>τρόπον,</span> <span class='ocrx_word' id='word_1_652' title='bbox 1445 4591 1576 4661; x_wconf 85' lang='grc' dir='ltr'>φέρε</span> <span class='ocrx_word' id='word_1_653' title='bbox 1624 4590 1896 4663; x_wconf 86' lang='grc' dir='ltr'>λέγωμεν.</span> <span class='ocrx_word' id='word_1_654' title='bbox 1945 4592 2004 4646; x_wconf 86' lang='lat'><strong>&#39;0</strong></span> 
     </span>
    </p>
   </div>
   <div class='ocr_carea' id='block_1_90' title="bbox 427 4680 2002 4754">
    <p class='ocr_par' dir='ltr' id='par_1_90' title="bbox 427 4680 2002 4754">
     <span class='ocr_line' id='line_1_90' title="bbox 427 4680 2002 4754; baseline 0.002 -21"><span class='ocrx_word' id='word_1_655' title='bbox 427 4681 692 4750; x_wconf 80' lang='grc' dir='ltr'>μακάριος</span> <span class='ocrx_word' id='word_1_656' title='bbox 723 4680 967 4745; x_wconf 77' lang='grc' dir='ltr'>Ἡσαΐας,</span> <span class='ocrx_word' id='word_1_657' title='bbox 1014 4681 1366 4752; x_wconf 80' lang='grc' dir='ltr'>Ἀπεστάλη,ι</span> <span class='ocrx_word' id='word_1_658' title='bbox 1399 4683 1552 4752; x_wconf 69' lang='grc' dir='ltr'>φησι,</span> <span class='ocrx_word' id='word_1_659' title='bbox 1574 4683 1708 4753; x_wconf 88' lang='grc' dir='ltr'>πρός</span> <span class='ocrx_word' id='word_1_660' title='bbox 1730 4701 1796 4754; x_wconf 90' lang='grc' dir='ltr'><strong>με</strong></span> <span class='ocrx_word' id='word_1_661' title='bbox 1814 4683 1872 4737; x_wconf 87' lang='grc' dir='ltr'>ἓν</span> <span class='ocrx_word' id='word_1_662' title='bbox 1890 4684 2002 4736; x_wconf 83' lang='grc' dir='ltr'><strong>τῶν</strong></span> 
     </span>
    </p>
   </div>
   <div class='ocr_carea' id='block_1_91' title="bbox 428 4769 2001 4846">
    <p class='ocr_par' dir='ltr' id='par_1_91' title="bbox 428 4769 2001 4846">
     <span class='ocr_line' id='line_1_91' title="bbox 428 4769 2001 4846; baseline 0.003 -23"><span class='ocrx_word' id='word_1_663' title='bbox 428 4772 680 4843; x_wconf 77' lang='grc' dir='ltr'>Σεραφίμ</span> <span class='ocrx_word' id='word_1_664' title='bbox 704 4786 716 4798; x_wconf 91' lang='grc'><strong>·</strong></span> <span class='ocrx_word' id='word_1_665' title='bbox 749 4772 841 4824; x_wconf 70' lang='grc' dir='ltr'><strong>καὶ</strong></span> <span class='ocrx_word' id='word_1_666' title='bbox 874 4775 930 4824; x_wconf 82' lang='grc' dir='ltr'>ὲν</span> <span class='ocrx_word' id='word_1_667' title='bbox 955 4775 1021 4842; x_wconf 84' lang='grc' dir='ltr'>τῇ</span> <span class='ocrx_word' id='word_1_668' title='bbox 1064 4775 1210 4844; x_wconf 80' lang='grc' dir='ltr'>χειρὶ</span> <span class='ocrx_word' id='word_1_669' title='bbox 1238 4769 1383 4844; x_wconf 77' lang='grc' dir='ltr'>εἶχεν</span> <span class='ocrx_word' id='word_1_670' title='bbox 1425 4771 1691 4845; x_wconf 73' lang='grc' dir='ltr'>ἄν’θρακα,</span> <span class='ocrx_word' id='word_1_671' title='bbox 1716 4775 1774 4828; x_wconf 82' lang='grc' dir='ltr'><strong>ὃν</strong></span> <span class='ocrx_word' id='word_1_672' title='bbox 1817 4777 1882 4846; x_wconf 80' lang='grc' dir='ltr'>τῇ</span> <span class='ocrx_word' id='word_1_673' title='bbox 1909 4775 2001 4828; x_wconf 80' lang='grc' dir='ltr'>λα-</span> 
     </span>
    </p>
   </div>
   <div class='ocr_carea' id='block_1_92' title="bbox 424 4861 2003 4936">
    <p class='ocr_par' dir='ltr' id='par_1_92' title="bbox 424 4861 2003 4936">
     <span class='ocr_line' id='line_1_92' title="bbox 424 4861 2003 4936; baseline 0.003 -23"><span class='ocrx_word' id='word_1_674' title='bbox 424 4862 531 4915; x_wconf 84' lang='grc' dir='ltr'>6ίδι</span> <span class='ocrx_word' id='word_1_675' title='bbox 559 4863 749 4915; x_wconf 78' lang='grc' dir='ltr'>ἕλαόεν</span> <span class='ocrx_word' id='word_1_676' title='bbox 772 4863 880 4915; x_wconf 80' lang='grc' dir='ltr'><strong>ἀπὸ</strong></span> <span class='ocrx_word' id='word_1_677' title='bbox 911 4862 1006 4915; x_wconf 89' lang='grc' dir='ltr'><strong>τοῦ</strong></span> <span class='ocrx_word' id='word_1_678' title='bbox 1032 4864 1424 4934; x_wconf 87' lang='grc' dir='ltr'>θυσιαστηρίου</span> <span class='ocrx_word' id='word_1_679' title='bbox 1444 4882 1457 4895; x_wconf 92' lang='grc'><strong>·</strong></span> <span class='ocrx_word' id='word_1_680' title='bbox 1479 4865 1574 4917; x_wconf 74' lang='grc' dir='ltr'><strong>καὶ</strong></span> <span class='ocrx_word' id='word_1_681' title='bbox 1593 4861 1725 4935; x_wconf 80' lang='grc' dir='ltr'>ἦλθε</span> <span class='ocrx_word' id='word_1_682' title='bbox 1749 4865 1885 4934; x_wconf 84' lang='grc' dir='ltr'>πρός</span> <span class='ocrx_word' id='word_1_683' title='bbox 1914 4883 2003 4936; x_wconf 84' lang='grc' dir='ltr'><strong>με,</strong></span> 
     </span>
    </p>
   </div>
   <div class='ocr_carea' id='block_1_93' title="bbox 425 4952 2008 5027">
    <p class='ocr_par' dir='ltr' id='par_1_93' title="bbox 425 4952 2008 5027">
     <span class='ocr_line' id='line_1_93' title="bbox 425 4952 2008 5027; baseline 0.004 -23"><span class='ocrx_word' id='word_1_684' title='bbox 425 4955 516 5006; x_wconf 73' lang='grc' dir='ltr'><strong>καὶ</strong></span> <span class='ocrx_word' id='word_1_685' title='bbox 540 4956 718 5024; x_wconf 71' lang='grc' dir='ltr'>ἥψατο</span> <span class='ocrx_word' id='word_1_686' title='bbox 743 4955 852 5006; x_wconf 81' lang='grc' dir='ltr'><strong>τῶν</strong></span> <span class='ocrx_word' id='word_1_687' title='bbox 885 4955 1107 5025; x_wconf 78' lang='grc' dir='ltr'>χειλέων</span> <span class='ocrx_word' id='word_1_688' title='bbox 1151 4969 1276 5026; x_wconf 77' lang='grc' dir='ltr'>μου,</span> <span class='ocrx_word' id='word_1_689' title='bbox 1319 4957 1414 5009; x_wconf 76' lang='grc' dir='ltr'>καὶ</span> <span class='ocrx_word' id='word_1_690' title='bbox 1445 4952 1625 5010; x_wconf 73' lang='grc' dir='ltr'>εἶπενο</span> <span class='ocrx_word' id='word_1_691' title='bbox 1663 4958 1800 5010; x_wconf 84' lang='grc' dir='ltr'>Ἰδοὺ</span> <span class='ocrx_word' id='word_1_692' title='bbox 1830 4957 2008 5027; x_wconf 73' lang='grc' dir='ltr'>ἥψατο</span> 
     </span>
    </p>
   </div>
   <div class='ocr_carea' id='block_1_94' title="bbox 425 5046 2005 5119">
    <p class='ocr_par' dir='ltr' id='par_1_94' title="bbox 425 5046 2005 5119">
     <span class='ocr_line' id='line_1_94' title="bbox 425 5046 2005 5119; baseline 0.003 -23"><span class='ocrx_word' id='word_1_693' title='bbox 425 5046 579 5097; x_wconf 76' lang='grc' dir='ltr'>τοῦτο</span> <span class='ocrx_word' id='word_1_694' title='bbox 614 5047 723 5098; x_wconf 85' lang='grc' dir='ltr'><strong>τῶν</strong></span> <span class='ocrx_word' id='word_1_695' title='bbox 754 5048 978 5115; x_wconf 85' lang='grc' dir='ltr'>χειλέων</span> <span class='ocrx_word' id='word_1_696' title='bbox 1004 5064 1121 5112; x_wconf 90' lang='grc' dir='ltr'>σου,</span> <span class='ocrx_word' id='word_1_697' title='bbox 1157 5049 1251 5101; x_wconf 66' lang='grc' dir='ltr'><strong>καὶ</strong></span> <span class='ocrx_word' id='word_1_698' title='bbox 1288 5049 1480 5117; x_wconf 73' lang='grc' dir='ltr'>ἀφελεῖ</span> <span class='ocrx_word' id='word_1_699' title='bbox 1503 5049 1601 5112; x_wconf 84' lang='grc' dir='ltr'>τὰς</span> <span class='ocrx_word' id='word_1_700' title='bbox 1626 5048 1856 5119; x_wconf 81' lang='grc' dir='ltr'>ἀνομίας</span> <span class='ocrx_word' id='word_1_701' title='bbox 1887 5065 2005 5113; x_wconf 90' lang='grc' dir='ltr'>σου,</span> 
     </span>
    </p>
   </div>
   <div class='ocr_carea' id='block_1_95' title="bbox 426 5138 2000 5212">
    <p class='ocr_par' dir='ltr' id='par_1_95' title="bbox 426 5138 2000 5212">
     <span class='ocr_line' id='line_1_95' title="bbox 426 5138 2000 5212; baseline 0.002 -23"><span class='ocrx_word' id='word_1_702' title='bbox 426 5139 520 5189; x_wconf 71' lang='grc' dir='ltr'>καὶ</span> <span class='ocrx_word' id='word_1_703' title='bbox 557 5138 653 5201; x_wconf 76' lang='grc' dir='ltr'><strong>τὰς</strong></span> <span class='ocrx_word' id='word_1_704' title='bbox 680 5139 957 5209; x_wconf 80' lang='grc' dir='ltr'>ἁμαρτίας</span> <span class='ocrx_word' id='word_1_705' title='bbox 987 5155 1079 5191; x_wconf 87' lang='grc' dir='ltr'><strong>σου</strong></span> <span class='ocrx_word' id='word_1_706' title='bbox 1111 5139 1516 5212; x_wconf 84' lang='grc' dir='ltr'>περικαθαριεῖ.</span> <span class='ocrx_word' id='word_1_707' title='bbox 1543 5159 1562 5192; x_wconf 79' lang='grc' dir='ltr'><strong>ι</strong></span> <span class='ocrx_word' id='word_1_708' title='bbox 1596 5140 1781 5212; x_wconf 82' lang='grc' dir='ltr'>Φαμὲν</span> <span class='ocrx_word' id='word_1_709' title='bbox 1821 5139 1877 5192; x_wconf 84' lang='grc' dir='ltr'>δὲ</span> <span class='ocrx_word' id='word_1_710' title='bbox 1907 5141 2000 5192; x_wconf 78' lang='grc' dir='ltr'><strong>τὸν</strong></span> 
     </span>
    </p>
   </div>
   <div class='ocr_carea' id='block_1_96' title="bbox 500 5314 940 5382">
    <p class='ocr_par' dir='ltr' id='par_1_96' title="bbox 500 5314 940 5382">
     <span class='ocr_line' id='line_1_96' title="bbox 500 5314 940 5382; baseline 0.005 -16"><span class='ocrx_word' id='word_1_711' title='bbox 500 5315 544 5345; x_wconf 79' lang='grc'><strong><em>³⁷</em></strong></span> <span class='ocrx_word' id='word_1_712' title='bbox 579 5314 678 5369; x_wconf 86' lang='lat' dir='ltr'><strong>lsa.</strong></span> <span class='ocrx_word' id='word_1_713' title='bbox 707 5329 780 5377; x_wconf 78' lang='lat' dir='ltr'><strong>Vl,</strong></span> <span class='ocrx_word' id='word_1_714' title='bbox 803 5316 857 5382; x_wconf 88' lang='lat'><em>6,</em></span> <span class='ocrx_word' id='word_1_715' title='bbox 884 5315 940 5368; x_wconf 92' lang='lat'><strong>7.</strong></span> 
     </span>
    </p>
   </div>
   <div class='ocr_carea' id='block_1_97' title="bbox 508 5491 1999 5560">
    <p class='ocr_par' dir='ltr' id='par_1_97' title="bbox 508 5491 1999 5560">
     <span class='ocr_line' id='line_1_97' title="bbox 508 5491 1999 5560; baseline 0.002 -16"><span class='ocrx_word' id='word_1_716' title='bbox 508 5491 582 5558; x_wconf 84' lang='lat' dir='ltr'><strong>(-l)</strong></span> <span class='ocrx_word' id='word_1_717' title='bbox 624 5491 737 5545; x_wconf 86' lang='lat' dir='ltr'><strong>Hoc</strong></span> <span class='ocrx_word' id='word_1_718' title='bbox 782 5491 1146 5560; x_wconf 76' lang='lat' dir='ltr'><strong>fragmentum</strong></span> <span class='ocrx_word' id='word_1_719' title='bbox 1179 5492 1367 5548; x_wconf 86' lang='lat' dir='ltr'><strong>iisdem</strong></span> <span class='ocrx_word' id='word_1_720' title='bbox 1413 5493 1582 5548; x_wconf 82' lang='lat' dir='ltr'><strong>ferme</strong></span> <span class='ocrx_word' id='word_1_721' title='bbox 1611 5493 1791 5548; x_wconf 84' lang='lat' dir='ltr'><strong>verbis</strong></span> <span class='ocrx_word' id='word_1_722' title='bbox 1833 5491 1999 5548; x_wconf 85' lang='lat' dir='ltr'><strong>refert</strong></span> 
     </span>
    </p>
   </div>
   <div class='ocr_carea' id='block_1_98' title="bbox 426 5559 1185 5629">
    <p class='ocr_par' dir='ltr' id='par_1_98' title="bbox 426 5559 1185 5629">
     <span class='ocr_line' id='line_1_98' title="bbox 426 5559 1185 5629; baseline 0.001 -16"><span class='ocrx_word' id='word_1_723' title='bbox 426 5559 712 5613; x_wconf 78' lang='lat' dir='ltr'><strong>Facundus</strong></span> <span class='ocrx_word' id='word_1_724' title='bbox 745 5561 839 5615; x_wconf 89' lang='lat' dir='ltr'><strong>lib.</strong></span> <span class='ocrx_word' id='word_1_725' title='bbox 877 5559 954 5627; x_wconf 69' lang='lat' dir='ltr'><strong>XI,</strong></span> <span class='ocrx_word' id='word_1_726' title='bbox 984 5577 1102 5629; x_wconf 85' lang='lat' dir='ltr'><strong>cap.</strong></span> <span class='ocrx_word' id='word_1_727' title='bbox 1137 5564 1185 5615; x_wconf 91' lang='lat'><strong>7.</strong></span> 
     </span>
    </p>
   </div>
   <div class='ocr_carea' id='block_1_99' title="bbox 501 5629 1993 5700">
    <p class='ocr_par' dir='ltr' id='par_1_99' title="bbox 501 5629 1993 5700">
     <span class='ocr_line' id='line_1_99' title="bbox 501 5629 1993 5700; baseline 0.005 -21"><span class='ocrx_word' id='word_1_728' title='bbox 501 5629 572 5699; x_wconf 72' lang='lat'><strong>(9.)</strong></span> <span class='ocrx_word' id='word_1_729' title='bbox 614 5629 916 5694; x_wconf 86' lang='lat' dir='ltr'><strong>Facundus,</strong></span> <span class='ocrx_word' id='word_1_730' title='bbox 962 5635 1264 5697; x_wconf 82' lang='lat' dir='ltr'><strong>passionum</strong></span> <span class='ocrx_word' id='word_1_731' title='bbox 1314 5633 1546 5700; x_wconf 78' lang='lat' dir='ltr'><strong>corporis</strong></span> <span class='ocrx_word' id='word_1_732' title='bbox 1586 5643 1633 5686; x_wconf 86' lang='lat' dir='ltr'><strong>et</strong></span> <span class='ocrx_word' id='word_1_733' title='bbox 1674 5634 1993 5688; x_wconf 79' lang='lat' dir='ltr'><strong>naturalium</strong></span> 
     </span>
    </p>
   </div>
   <div class='ocr_carea' id='block_1_100' title="bbox 425 5702 1823 5773">
    <p class='ocr_par' dir='ltr' id='par_1_100' title="bbox 425 5702 1823 5773">
     <span class='ocr_line' id='line_1_100' title="bbox 425 5702 1823 5773; baseline 0.003 -19"><span class='ocrx_word' id='word_1_734' title='bbox 425 5711 471 5754; x_wconf 79' lang='lat' dir='ltr'><strong>et</strong></span> <span class='ocrx_word' id='word_1_735' title='bbox 499 5719 614 5770; x_wconf 74' lang='lat' dir='ltr'><strong>qua:</strong></span> <span class='ocrx_word' id='word_1_736' title='bbox 640 5703 960 5756; x_wconf 71' lang='lat' dir='ltr'><strong>extrinsecus</strong></span> <span class='ocrx_word' id='word_1_737' title='bbox 1001 5702 1283 5767; x_wconf 78' lang='lat' dir='ltr'><strong>accidunt;</strong></span> <span class='ocrx_word' id='word_1_738' title='bbox 1319 5703 1461 5773; x_wconf 87' lang='lat' dir='ltr'><strong>quod</strong></span> <span class='ocrx_word' id='word_1_739' title='bbox 1495 5703 1690 5758; x_wconf 85' lang='lat' dir='ltr'><strong>melius</strong></span> <span class='ocrx_word' id='word_1_740' title='bbox 1720 5716 1823 5758; x_wconf 88' lang='lat' dir='ltr'><strong>est.</strong></span> 
     </span>
    </p>
   </div>
   <div class='ocr_carea' id='block_1_101' title="bbox 2110 4496 3687 4567">
    <p class='ocr_par' dir='ltr' id='par_1_101' title="bbox 2110 4496 3687 4567">
     <span class='ocr_line' id='line_1_101' title="bbox 2110 4496 3687 4567; baseline 0.003 -18"><span class='ocrx_word' id='word_1_741' title='bbox 2110 4505 2320 4565; x_wconf 75' lang='lat' dir='ltr'><strong>pturae,</strong></span> <span class='ocrx_word' id='word_1_742' title='bbox 2363 4496 2516 4566; x_wconf 83' lang='lat' dir='ltr'><strong>quasi</strong></span> <span class='ocrx_word' id='word_1_743' title='bbox 2573 4510 2670 4565; x_wconf 89' lang='lat' dir='ltr'><strong>per</strong></span> <span class='ocrx_word' id='word_1_744' title='bbox 2715 4496 2983 4567; x_wconf 70' lang='lat' dir='ltr'><strong>ﬁguram,</strong></span> <span class='ocrx_word' id='word_1_745' title='bbox 3029 4497 3422 4554; x_wconf 87' lang='lat' dir='ltr'><strong>adunationem</strong></span> <span class='ocrx_word' id='word_1_746' title='bbox 3467 4501 3687 4556; x_wconf 86' lang='lat' dir='ltr'><strong>demon-</strong></span> 
     </span>
    </p>
   </div>
   <div class='ocr_carea' id='block_1_102' title="bbox 2111 4587 3685 4657">
    <p class='ocr_par' dir='ltr' id='par_1_102' title="bbox 2111 4587 3685 4657">
     <span class='ocr_line' id='line_1_102' title="bbox 2111 4587 3685 4657; baseline 0.002 -14"><span class='ocrx_word' id='word_1_747' title='bbox 2111 4601 2325 4652; x_wconf 86' lang='lat' dir='ltr'><strong>strare,</strong></span> <span class='ocrx_word' id='word_1_748' title='bbox 2364 4602 2484 4656; x_wconf 74' lang='lat' dir='ltr'><strong>age,</strong></span> <span class='ocrx_word' id='word_1_749' title='bbox 2512 4587 2776 4653; x_wconf 89' lang='lat' dir='ltr'><strong>dicamus,</strong></span> <span class='ocrx_word' id='word_1_750' title='bbox 2821 4599 2879 4642; x_wconf 92' lang='lat' dir='ltr'><strong>ut</strong></span> <span class='ocrx_word' id='word_1_751' title='bbox 2910 4604 3220 4657; x_wconf 85' lang='lat' dir='ltr'><strong>possumus.</strong></span> <span class='ocrx_word' id='word_1_752' title='bbox 3254 4588 3450 4644; x_wconf 81' lang='lat' dir='ltr'><strong>Beatus</strong></span> <span class='ocrx_word' id='word_1_753' title='bbox 3481 4591 3685 4646; x_wconf 81' lang='lat' dir='ltr'><strong>Isaias:</strong></span> 
     </span>
    </p>
   </div>
   <div class='ocr_carea' id='block_1_103' title="bbox 2117 4677 3685 4748">
    <p class='ocr_par' dir='ltr' id='par_1_103' title="bbox 2117 4677 3685 4748">
     <span class='ocr_line' id='line_1_103' title="bbox 2117 4677 3685 4748; baseline 0.003 -18"><span class='ocrx_word' id='word_1_754' title='bbox 2117 4697 2135 4730; x_wconf 76' lang='grc' dir='ltr'><strong>ι</strong></span> <span class='ocrx_word' id='word_1_755' title='bbox 2164 4677 2360 4732; x_wconf 83' lang='lat' dir='ltr'><strong>Missus</strong></span> <span class='ocrx_word' id='word_1_756' title='bbox 2388 4687 2491 4743; x_wconf 90' lang='lat' dir='ltr'><strong>est,</strong></span> <span class='ocrx_word' id='word_1_757' title='bbox 2525 4677 2721 4746; x_wconf 86' lang='lat' dir='ltr'><strong>inquit,</strong></span> <span class='ocrx_word' id='word_1_758' title='bbox 2758 4679 2825 4730; x_wconf 84' lang='lat' dir='ltr'><strong>ad</strong></span> <span class='ocrx_word' id='word_1_759' title='bbox 2871 4693 2956 4732; x_wconf 90' lang='lat' dir='ltr'><strong>me</strong></span> <span class='ocrx_word' id='word_1_760' title='bbox 3000 4695 3140 4733; x_wconf 90' lang='lat' dir='ltr'><strong>unus</strong></span> <span class='ocrx_word' id='word_1_761' title='bbox 3183 4694 3248 4733; x_wconf 79' lang='lat' dir='ltr'><strong>ex</strong></span> <span class='ocrx_word' id='word_1_762' title='bbox 3281 4678 3589 4748; x_wconf 65' lang='lat' dir='ltr'><strong>Seraphin],</strong></span> <span class='ocrx_word' id='word_1_763' title='bbox 3636 4693 3685 4734; x_wconf 91' lang='lat' dir='ltr'><strong>et</strong></span> 
     </span>
    </p>
   </div>
   <div class='ocr_carea' id='block_1_104' title="bbox 2113 4769 3687 4842">
    <p class='ocr_par' dir='ltr' id='par_1_104' title="bbox 2113 4769 3687 4842">
     <span class='ocr_line' id='line_1_104' title="bbox 2113 4769 3687 4842; baseline -0.001 -16"><span class='ocrx_word' id='word_1_764' title='bbox 2113 4773 2165 4826; x_wconf 91' lang='lat' dir='ltr'><strong>in</strong></span> <span class='ocrx_word' id='word_1_765' title='bbox 2203 4785 2366 4824; x_wconf 87' lang='lat' dir='ltr'><strong>manu</strong></span> <span class='ocrx_word' id='word_1_766' title='bbox 2409 4769 2647 4825; x_wconf 84' lang='lat' dir='ltr'><strong>habebat</strong></span> <span class='ocrx_word' id='word_1_767' title='bbox 2693 4770 3005 4836; x_wconf 85' lang='lat' dir='ltr'><strong>carbonem,</strong></span> <span class='ocrx_word' id='word_1_768' title='bbox 3040 4786 3200 4840; x_wconf 91' lang='lat' dir='ltr'><strong>quem</strong></span> <span class='ocrx_word' id='word_1_769' title='bbox 3235 4771 3440 4841; x_wconf 80' lang='lat' dir='ltr'><strong>forcipe</strong></span> <span class='ocrx_word' id='word_1_770' title='bbox 3483 4775 3687 4842; x_wconf 84' lang='lat' dir='ltr'><strong>accepit</strong></span> 
     </span>
    </p>
   </div>
   <div class='ocr_carea' id='block_1_105' title="bbox 2111 4862 3684 4933">
    <p class='ocr_par' dir='ltr' id='par_1_105' title="bbox 2111 4862 3684 4933">
     <span class='ocr_line' id='line_1_105' title="bbox 2111 4862 3684 4933; baseline 0.002 -17"><span class='ocrx_word' id='word_1_771' title='bbox 2111 4865 2180 4917; x_wconf 85' lang='lat' dir='ltr'><strong>sb</strong></span> <span class='ocrx_word' id='word_1_772' title='bbox 2219 4862 2401 4927; x_wconf 86' lang='lat' dir='ltr'><strong>altari,</strong></span> <span class='ocrx_word' id='word_1_773' title='bbox 2433 4873 2490 4917; x_wconf 90' lang='lat' dir='ltr'><strong>et</strong></span> <span class='ocrx_word' id='word_1_774' title='bbox 2533 4862 2683 4917; x_wconf 80' lang='lat' dir='ltr'><strong>venit</strong></span> <span class='ocrx_word' id='word_1_775' title='bbox 2722 4863 2789 4917; x_wconf 90' lang='lat' dir='ltr'><strong>ad</strong></span> <span class='ocrx_word' id='word_1_776' title='bbox 2831 4877 2941 4926; x_wconf 91' lang='lat' dir='ltr'><strong>me,</strong></span> <span class='ocrx_word' id='word_1_777' title='bbox 2973 4874 3028 4917; x_wconf 90' lang='lat' dir='ltr'><strong>et</strong></span> <span class='ocrx_word' id='word_1_778' title='bbox 3067 4865 3241 4933; x_wconf 76' lang='lat' dir='ltr'><strong>tetigit</strong></span> <span class='ocrx_word' id='word_1_779' title='bbox 3277 4865 3418 4919; x_wconf 83' lang='lat' dir='ltr'><strong>labia</strong></span> <span class='ocrx_word' id='word_1_780' title='bbox 3466 4880 3604 4930; x_wconf 84' lang='lat' dir='ltr'><strong>mea,</strong></span> <span class='ocrx_word' id='word_1_781' title='bbox 3634 4875 3684 4919; x_wconf 86' lang='lat' dir='ltr'><strong>et</strong></span> 
     </span>
    </p>
   </div>
   <div class='ocr_carea' id='block_1_106' title="bbox 2109 4953 3683 5022">
    <p class='ocr_par' dir='ltr' id='par_1_106' title="bbox 2109 4953 3683 5022">
     <span class='ocr_line' id='line_1_106' title="bbox 2109 4953 3683 5022; baseline 0.001 -14"><span class='ocrx_word' id='word_1_782' title='bbox 2109 4954 2248 5008; x_wconf 81' lang='lat' dir='ltr'><strong>dixit</strong></span> <span class='ocrx_word' id='word_1_783' title='bbox 2286 4954 2354 5007; x_wconf 86' lang='lat' dir='ltr'><strong>ad</strong></span> <span class='ocrx_word' id='word_1_784' title='bbox 2391 4967 2519 5008; x_wconf 87' lang='lat' dir='ltr'><strong>me:</strong></span> <span class='ocrx_word' id='word_1_785' title='bbox 2555 4953 2693 5008; x_wconf 86' lang='lat' dir='ltr'><strong>Ecce</strong></span> <span class='ocrx_word' id='word_1_786' title='bbox 2728 4953 2904 5022; x_wconf 79' lang='lat' dir='ltr'><strong>tetigit</strong></span> <span class='ocrx_word' id='word_1_787' title='bbox 2953 4955 3054 5008; x_wconf 86' lang='lat' dir='ltr'><strong>hoc</strong></span> <span class='ocrx_word' id='word_1_788' title='bbox 3083 4955 3224 5009; x_wconf 87' lang='lat' dir='ltr'><strong>labia</strong></span> <span class='ocrx_word' id='word_1_789' title='bbox 3271 4964 3381 5020; x_wconf 88' lang='lat' dir='ltr'><strong>tua,</strong></span> <span class='ocrx_word' id='word_1_790' title='bbox 3407 4965 3460 5009; x_wconf 91' lang='lat' dir='ltr'><strong>et</strong></span> <span class='ocrx_word' id='word_1_791' title='bbox 3489 4957 3683 5012; x_wconf 82' lang='lat' dir='ltr'><strong>adimet</strong></span> 
     </span>
    </p>
   </div>
   <div class='ocr_carea' id='block_1_107' title="bbox 2109 5047 3681 5116">
    <p class='ocr_par' dir='ltr' id='par_1_107' title="bbox 2109 5047 3681 5116">
     <span class='ocr_line' id='line_1_107' title="bbox 2109 5047 3681 5116; baseline -0.003 -13"><span class='ocrx_word' id='word_1_792' title='bbox 2109 5049 2422 5116; x_wconf 86' lang='lat' dir='ltr'><strong>iniquitates</strong></span> <span class='ocrx_word' id='word_1_793' title='bbox 2478 5054 2636 5113; x_wconf 88' lang='lat' dir='ltr'><strong>tuas,</strong></span> <span class='ocrx_word' id='word_1_794' title='bbox 2685 5056 2742 5100; x_wconf 87' lang='lat' dir='ltr'><strong>et</strong></span> <span class='ocrx_word' id='word_1_795' title='bbox 2810 5058 3030 5116; x_wconf 88' lang='lat' dir='ltr'><strong>peccata</strong></span> <span class='ocrx_word' id='word_1_796' title='bbox 3085 5056 3174 5100; x_wconf 87' lang='lat' dir='ltr'><strong>tua</strong></span> <span class='ocrx_word' id='word_1_797' title='bbox 3229 5047 3629 5116; x_wconf 80' lang='lat' dir='ltr'><strong>repurgabit&quot;.</strong></span> <span class='ocrx_word' id='word_1_798' title='bbox 3662 5067 3681 5098; x_wconf 79' lang='grc' dir='ltr'><strong>ι</strong></span> 
     </span>
    </p>
   </div>
   <div class='ocr_carea' id='block_1_108' title="bbox 2107 5137 3682 5208">
    <p class='ocr_par' dir='ltr' id='par_1_108' title="bbox 2107 5137 3682 5208">
     <span class='ocr_line' id='line_1_108' title="bbox 2107 5137 3682 5208; baseline -0.001 -15"><span class='ocrx_word' id='word_1_799' title='bbox 2107 5137 2410 5195; x_wconf 84' lang='lat' dir='ltr'><strong>Carbonem</strong></span> <span class='ocrx_word' id='word_1_800' title='bbox 2443 5148 2625 5193; x_wconf 87' lang='lat' dir='ltr'><strong>autem</strong></span> <span class='ocrx_word' id='word_1_801' title='bbox 2658 5137 2895 5192; x_wconf 90' lang='lat' dir='ltr'><strong>dicimus</strong></span> <span class='ocrx_word' id='word_1_802' title='bbox 2933 5137 3161 5207; x_wconf 81' lang='lat' dir='ltr'><strong>ﬁguram</strong></span> <span class='ocrx_word' id='word_1_803' title='bbox 3194 5147 3248 5191; x_wconf 89' lang='lat' dir='ltr'><strong>et</strong></span> <span class='ocrx_word' id='word_1_804' title='bbox 3276 5137 3562 5208; x_wconf 79' lang='lat' dir='ltr'><strong>imaginem</strong></span> <span class='ocrx_word' id='word_1_805' title='bbox 3595 5153 3682 5192; x_wconf 84' lang='lat' dir='ltr'><strong>no-</strong></span> 
     </span>
    </p>
   </div>
   <div class='ocr_carea' id='block_1_109' title="bbox 2180 5497 2999 5566">
    <p class='ocr_par' dir='ltr' id='par_1_109' title="bbox 2180 5497 2999 5566">
     <span class='ocr_line' id='line_1_109' title="bbox 2180 5497 2999 5566; baseline 0.007 -17"><span class='ocrx_word' id='word_1_806' title='bbox 2180 5497 2257 5566; x_wconf 80' lang='lat'><strong>(5)</strong></span> <span class='ocrx_word' id='word_1_807' title='bbox 2298 5497 2611 5563; x_wconf 75' lang='lat' dir='ltr'><strong>Facundos,</strong></span> <span class='ocrx_word' id='word_1_808' title='bbox 2652 5509 2706 5553; x_wconf 72' lang='lat' dir='ltr'><strong>ut</strong></span> <span class='ocrx_word' id='word_1_809' title='bbox 2747 5500 2999 5555; x_wconf 81' lang='lat' dir='ltr'><strong>timendo.</strong></span> 
     </span>
    </p>
   </div>
   <div class='ocr_carea' id='block_1_110' title="bbox 2175 5565 3734 5639">
    <p class='ocr_par' dir='ltr' id='par_1_110' title="bbox 2175 5565 3734 5639">
     <span class='ocr_line' id='line_1_110' title="bbox 2175 5565 3734 5639; baseline 0.004 -21"><span class='ocrx_word' id='word_1_810' title='bbox 2175 5567 2254 5639; x_wconf 72' lang='grc'>(4)</span> <span class='ocrx_word' id='word_1_811' title='bbox 2298 5567 2393 5621; x_wconf 84' lang='lat' dir='ltr'><strong>llic</strong></span> <span class='ocrx_word' id='word_1_812' title='bbox 2428 5570 2622 5621; x_wconf 90' lang='lat' dir='ltr'><strong>iterum</strong></span> <span class='ocrx_word' id='word_1_813' title='bbox 2654 5572 2997 5639; x_wconf 86' lang='lat' dir='ltr'><strong>interpolavit</strong></span> <span class='ocrx_word' id='word_1_814' title='bbox 3027 5565 3676 5624; x_wconf 59' lang='lat' dir='ltr'><strong>Autbertus’Mercaloris</strong></span> <span class='ocrx_word' id='word_1_815' title='bbox 3721 5615 3734 5625; x_wconf 84' lang='lat'><strong>.</strong></span> 
     </span>
    </p>
   </div>
   <div class='ocr_carea' id='block_1_111' title="bbox 2101 5638 3678 5710">
    <p class='ocr_par' dir='ltr' id='par_1_111' title="bbox 2101 5638 3678 5710">
     <span class='ocr_line' id='line_1_111' title="bbox 2101 5638 3678 5710; baseline 0.001 -22"><span class='ocrx_word' id='word_1_816' title='bbox 2101 5638 2429 5710; x_wconf 52' lang='lat' dir='ltr'><strong>gersionem,</strong></span> <span class='ocrx_word' id='word_1_817' title='bbox 2458 5647 2544 5710; x_wconf 25' lang='lat' dir='ltr'><strong>Aut</strong></span> <span class='ocrx_word' id='word_1_818' title='bbox 2581 5647 2635 5692; x_wconf 86' lang='lat' dir='ltr'><strong>et</strong></span> <span class='ocrx_word' id='word_1_819' title='bbox 2681 5640 2733 5694; x_wconf 89' lang='lat' dir='ltr'><strong>iu</strong></span> <span class='ocrx_word' id='word_1_820' title='bbox 2779 5638 3155 5710; x_wconf 71' lang='lat' dir='ltr'><strong>Sequentibus,</strong></span> <span class='ocrx_word' id='word_1_821' title='bbox 3200 5655 3427 5709; x_wconf 84' lang='lat' dir='ltr'><strong>quorum</strong></span> <span class='ocrx_word' id='word_1_822' title='bbox 3471 5648 3678 5694; x_wconf 73' lang='lat' dir='ltr'><strong>textum</strong></span> 
     </span>
    </p>
   </div>
   <div class='ocr_carea' id='block_1_112' title="bbox 2102 5704 2594 5763">
    <p class='ocr_par' dir='ltr' id='par_1_112' title="bbox 2102 5704 2594 5763">
     <span class='ocr_line' id='line_1_112' title="bbox 2102 5704 2594 5763; baseline 0 -1"><span class='ocrx_word' id='word_1_823' title='bbox 2102 5704 2348 5762; x_wconf 70' lang='lat' dir='ltr'><strong>Graecum</strong></span> <span class='ocrx_word' id='word_1_824' title='bbox 2384 5707 2594 5763; x_wconf 83' lang='lat' dir='ltr'><strong>habuit.</strong></span> 
     </span>
    </p>
   </div>
  </div>
