4082 6258
400 306 532 364 1581

1323 307 1613 362 δριιοιιιρι
1654 307 1742 362 ΒΕ
1781 309 2291 366 ILVCARNA'I'IUNE
2334 311 2706 372 UNIGENITI.

3521 323 3658 380 158!

393 428 462 480 ὲκ
501 422 673 490 ξύλων
702 421 986 494 ἅσήπτων,
1007 422 1103 476 δύο
1137 423 1359 494 πήχεων
1392 424 1490 478 καὶ
1513 425 1749 494 ἡμίσους
1788 425 1850 478 τὸ
1883 423 1969 496 μῆ-

2091 429 2256 484 monii
2287 446 2352 484 ex
2388 431 2548 502 lignis
2581 434 3020 504 itnpntribilibns,
3053 435 3214 508 735
3249 437 3476 494 duorum
3507 443 3656 496 cubi-

397 532 493 578 κος
519 531 531 543 ·
559 513 653 566 καὶ
677 513 880 582 πήχεος
909 515 1000 566 καὶ
1034 514 1262 585 ἡμίσους
1297 515 1357 568 τὸ
1380 515 1579 578 πλάτος
1599 531 1614 545 '
1643 517 1738 570 καὶ
1770 517 1972 588 πήχεος

395 605 492 660 καὶ
553 601 783 674 ἡμίσους
839 605 900 658 τὸ
955 604 1118 673 ὕψος·
1175 606 1270 660 καὶ
1320 606 1767 678 καταχρυσώσεις
1802 608 1971 678 αὐτὴν

394 695 605 767 χρυσίῳ
632 693 879 766 καθαρῷ,
907 695 1108 762 ἔξωθεν
1165 697 1262 750 καὶ
1293 695 1496 750 ἔσωθεν
1535 696 1840 770 χρυσώσεις
1870 697 1971 750 αὐ-

393 786 516 854 τήν.
559 784 720 838 Ἀλλὰ
750 785 810 838 τὸ
837 785 938 852 μὲν
969 784 1214 854 ἄσηπτον
1249 784 1405 852 ξύλον
1438 785 1521 856 εἴη
1564 787 1631 841 ἂν
1677 787 1756 852 εἰς
1805 785 1974 842 τύπον

393 875 487 930 τοῦ
513 877 792 948 ἀφθάρτου
826 876 1079 948 σώματος
1105 893 1116 904 ·
1151 877 1396 948 ἄσηπτος
1435 877 1544 952 γὰρ
1583 881 1617 950 ἡ
1649 879 1868 952 κέδρος·
1912 881 1974 934 τὸ

393 967 450 1020 δὲ
481 968 728 1038 χρυσίον,
781 968 855 1032 ὡς
897 967 1000 1038 ὕλη
1047 967 1155 1022 τῶν
1207 969 1383 1022 ἄλλων
1438 971 1832 1042 ὑπερηρμένη,
1874 973 1974 1042 τῆς

394 1058 546 1121 θείας
574 1061 706 1130 ἡμῖν
728 1059 914 1122 οὐσίας
941 1061 1388 1132 κατασημήνειεν
1417 1061 1484 1116 ἂν
1518 1061 1615 1133 τὴν
1643 1063 1936 1134 ὑπεροχήν.

469 1148 659 1222 Ἀθρει
687 1150 764 1216 δὲ,
789 1151 935 1216 ὅπως
963 1153 994 1219 ή
1028 1151 1256 1218 κιϐωτὸς
1285 1153 1382 1224 ὅλη
1409 1155 1724 1224 κεχρύσωτο
1765 1155 1976 1226 χρυσίῳ

395 1240 622 1313 καθαρῷ
691 1241 892 1296 ἔσωθεν
943 1245 1038 1298 καὶ
1081 1243 1300 1308 ἔξωθεν.
1347 1246 1564 1302 Ἦνωτο
1612 1247 1710 1316 μὲν
1749 1248 1857 1318 γὰρ
1906 1247 1972 1320 τῇ

393 1334 526 1404 ἁγίᾳ.
553 1335 717 1406 σαρκὶ
742 1335 874 1398 Θεὸς
902 1335 978 1390 ὢν
1005 1338 1036 1389 ὁ
1063 1337 1235 1406 Λόγος
1257 1352 1268 1365 ·
1312 1339 1406 1391 καὶ
1431 1338 1610 1404 τοῦτο,
1645 1335 1819 1408 οἶμαι,
1859 1340 1976 1392 ἔσει.

393 1426 454 1480 τὸ
495 1423 692 1490 ἔξωθεν
737 1427 1116 1498 κεχρυσῶσθαι
1137 1427 1234 1500 τὴν
1255 1428 1508 1485 κιϐωτόν.
1535 1431 1656 1485 ’Ότι
1677 1430 1734 1484 δὲ
1765 1431 1860 1484 καὶ
1879 1431 1975 1500 τὴν

394 1518 620 1572 ἐνοῦσαν
639 1517 718 1588 τῷ
749 1523 964 1590 σώματι
993 1519 1173 1590 ψυχὴν
1203 1520 1426 1593 λογικὴν
1467 1523 1605 1578 ἰδίαν
1653 1526 1970 1596 ἐποιήσατο,

396 1612 756 1678 καταδείξειεν
775 1613 847 1666 ἂν
874 1613 933 1666 τὸ
956 1613 1052 1666 καὶ
1067 1612 1269 1666 ἔσωθεν
1299 1615 1468 1686 αὐτὴν
1498 1619 1976 1688 καταχρυσοῦσθαι

393 1701 504 1754 δεῖν
550 1700 822 1766 ἐπιτάξαι.
857 1701 980 1755 ’Ότι
1011 1703 1106 1756 καὶ
1151 1703 1448 1776 ἀσύγχυτοι
1497 1710 1874 1779 μεμενήκασιν
1917 1709 1975 1762 αἱ

2081 528 2258 576 torum
2283 533 2338 578 et
2359 525 2566 580 dimidii
2593 527 2956 595 longitudine;
2990 539 3044 584 et
3079 530 3354 584 innurabis
3375 547 3496 584 eam
3525 548 3658 588 auro

2079 627 2234 681 puro,
2269 623 2420 668 extra
2449 622 2504 672 et
2542 617 2683 673 intra
2720 620 2998 674 iuaurabis
3027 621 3228 676 eant“.
3261 640 3280 672 ι
3315 623 3420 676 Sed
3455 623 3656 693 lignum

2079 704 2318 772 quidem,
2354 719 2478 758 cum
2509 707 2838 775 impntribile
2869 709 2961 774 sit,
2985 719 3071 764 est
3095 709 3266 778 ﬁgura
3303 714 3548 780 corporis
3576 713 3657 766 in-

2081 797 2319 862 corrupti
2353 795 2748 866 :_imputribilis
2791 800 2940 854 enim
2988 801 3218 866 cedrus;
3279 817 3474 858 aurum
3507 819 3658 870 vero,

2077 885 2234 954 quasi
2273 887 2526 942 materies
2555 887 2676 944 aliis
2705 892 3018 960 pretiosior,
3041 893 3236 952 divina
3267 894 3424 950 nobis
3449 896 3656 952 indicat

2081 975 2406 1032 substantiae
2441 978 2804 1047 maiestatem.
2877 1047 2881 1054 ι

2149 1155 2430 1212 Διωιιιίἰιο
2477 1156 2639 1227 igitur
2683 1159 2940 1228 quoniam
2976 1175 3100 1216 arca
3147 1171 3258 1216 tota
3308 1163 3554 1220 inaurata
3585 1168 3660 1222 sit

2077 1259 2216 1302 auro
2241 1261 2381 1315 puro
2419 1257 2666 1314 ext_ra.et
2711 1249 2874 1304 intra.
2910 1252 3193 1308 Adunatus
3228 1255 3446 1321 quidem
3480 1255 3658 1322 fuerat

2079 1346 2280 1390 sanctae
2325 1336 2474 1390 carni
2527 1337 2666 1392 Deus
2697 1335 2954 1402 Verbum,
2987 1349 3042 1392 et
3093 1340 3144 1392 id
3189 1350 3291 1404 est,
3338 1350 3396 1394 ut
3445 1343 3655 1410 opinor,

2083 1440 2264 1480 arcam
2288 1425 2458 1482 fuisse
2485 1435 2636 1486 extra
2665 1427 2990 1484 inauratam.
3012 1428 3166 1495 Quod
3189 1447 3318 1485 vero
3340 1439 3394 1486 et
3419 1433 3654 1486 animant

2081 1518 2480 1584 rationabilem,
2508 1534 2630 1590 quae
2660 1521 2878 1590 corpori
2907 1522 3102 1582 iuerat.
3133 1523 3404 1592 propriam
3441 1523 3654 1590 fecerit,

2081 1623 2150 1664 ex
2183 1609 2286 1666 hoc
2309 1621 2551 1679 apparet,
2581 1611 2724 1682 quod
2751 1624 2810 1666 et
2835 1614 2976 1668 intra
3005 1630 3186 1670 arcam
3223 1615 3540 1682 prusceperit
3567 1616 3654 1668 iu-
3737 1671 3740 1673 .

2083 1700 2286 1756 anrari.
2323 1700 2500 1772 [Quod
2532 1714 2710 1756 autem
2745 1716 2952 1760 natura:
2979 1705 3094 1758 sine
3119 1706 3436 1762 substantiae
3468 1705 3656 1763 incon-

395 1792 608 1861 φύσεις,
655 1794 821 1865 ἤγουν
871 1794 1218 1862 ὑποστάσεις,
1263 1796 1512 1852 ἐντεῦθεν
1571 1799 1848 1870 εἰσόμεθα.
1903 1801 1969 1854 Τὸ

2079 1791 2213 1856 [usus
2267 1795 2586 1860 manserint,
2617 1796 2743 1850 hinc
2787 1798 2994 1852 sciurus
3022 1817 3036 1852 :
3066 1813 3257 1868 aurum
3289 1798 3432 1850 enim
3467 1811 3656 1866 super—

393 1883 503 1955 γάρ
529 1903 607 1938 τοι
633 1884 852 1956 χρυσίον
880 1885 1352 1956 ὲπαληλειμμένον
1376 1889 1454 1959 τῷ
1476 1877 1976 1963 ξύλῳ,,ι.ι.εμ.ένηκεν

391 1979 530 2048 ὅπερ
557 1974 624 2049 ἦν
643 1995 658 2009 ·
708 1978 802 2032 καὶ
829 1979 1186 2038 κατεπλούτει
1217 1981 1316 2050 μὲν
1349 1981 1410 2034 τὸ
1435 1981 1591 2048 ξύλον
1617 1983 1710 2036 τοῦ
1751 1985 1975 2054 χρυσίου

391 2068 490 2136 τὴν
513 2069 701 2134 δόξαν·
737 2071 876 2142 πλὴν
902 2072 1002 2126 οὐκ
1029 2074 1244 2145 ἀπέστη
1265 2075 1360 2128 τοῦ
1385 2071 1530 2130 εἶναι.
1553 2075 1730 2142 ξύλον.
1767 2079 1892 2134 Ὅτι
1915 2079 1975 2134 δὲ

393 2159 426 2228 ἠ
461 2159 691 2222 κιὸωτὸς
733 2161 814 2223 εἰς
842 2161 1013 2216 τύπον
1058 2163 1553 2236 προλαμϐάνεται
1593 2167 1688 2222 τοῦ
1713 2167 1972 2238 Χριστοῦ,

390 2249 480 2302 διὰ
507 2249 716 2304 πολλῶν
745 2252 810 2306 ἄν
839 2268 923 2316 τις
941 2254 1277 2310 πιστώσεται
1301 2256 1840 2328 λόγωνιπροεδάδιζε
1867 2259 1975 2330 γὰρ

390 2340 498 2394 τῶν
527 2338 586 2406 ἐξ
619 2342 854 2414 Ἰσραὴλ,
889 2345 1130 2416 ζητοῦσα
1153 2346 1340 2410 αὐτοῖς
1366 2348 1694 2403 ἀνάπαυσιν.
1733 2350 1880 2420 Ἔφη
1916 2349 1973 2402 δέ

393 2449 496 2484 που
515 2434 614 2486 καὶ·
627 2436 654 2487 ὀ
681 2437 933 2507 Χριστός·
967 2457 992 2488 ‹-
1007 2437 1380 2510 Ποριύσομαι,
1399 2441 1496 2494 καὶ
1515 2440 1794 2511 ἑτοιμάσω
1810 2441 1974 2496 τόπον

393 2524 544 2594 ὑμῖν.
571 2545 591 2578 r

1021 2662 1174 2718 CAP.
1213 2661 1332 2718 ΧΗ.

393 2763 546 2842 Quod
574 2779 840 2842 comesset
885 2769 1019 2824 Deus
1063 2769 1306 2840 Verbum,
1341 2773 1515 2842 [actus
1553 2773 1622 2827 sit
1665 2773 1840 2841 homo,
1881 2793 1973 2832 nec

463 2836 616 2888 homo
664 2840 973 2914 simpliciter
1000 2885 1012 2900 ,
1061 2836 1616 2914 πιιάσγεοηξίιιιιετξοιιε
1662 2836 1968 2914 honoratus,

462 2917 674 2979 voratus
697 2911 764 2960 sit
785 2911 854 2960 ad
882 2927 1059 2970 parem
1081 2913 1390 2978 dignitatem
1417 2912 1514 2966 Dei
1550 2911 1728 2979 Verbi,
1749 2917 1856 2972 sive
1877 2911 1972 2972 ob;

459 2976 782 3040 ctoritatem,
821 2979 960 3032 sicut
998 2976 1312 3048 quibusdam
1352 2982 1580 3040 videtur.

461 3085 988 3183 DivinusPaulus“
1033 3107 1283 3162 magnum
1315 3095 1638 3164 quidem‘ait
1690 3109 1810 3154 esse
1857 3114 1972 3169 Ity-
1999 3125 2042 3183 ε

387 3177 616 3232 sterium
665 3179 901 3248 pietatis.
951 3182 1168 3238 Etvere
1195 3183 1272 3236 ita
1329 3197 1388 3238 se
1435 3199 1522 3242 res
1571 3187 1970 3248 habetumni—

389 3266 615 3322 testatus
643 3279 728 3326 est
750 3272 896 3326 enim
931 3273 983 3326 in
1013 3288 1199 3338 carne,
1245 3288 1368 3328 cum
1397 3275 1470 3328 sit
1499 3275 1640 3332 Deus
1691 3277 1965 3347 Verbum;

385 3357 712 3427 jttstiiicatus
735 3371 818 3416 est
845 3375 1024 3418 autem
1061 3363 1118 3416 in
1149 3363 1373 3432 Spiritu.
1413 3362 1572 3420 Nullo
1612 3366 1756 3420 enim
1809 3367 1970 3424 modo

389 3453 590 3506 nostris
619 3452 830 3508 videtur
863 3454 1270 3510 inﬁrmitatibus
1313 3456 1606 3522 contineri,
1641 3456 1772 3510 licet
1811 3456 1969 3525 juxta

391 3555 488 3596 nos
533 3542 698 3596 homo
736 3543 808 3596 sit
853 3542 1026 3600 factus
1059 3561 1072 3596 :
1111 3557 1218 3598 non
1265 3543 1410 3598 eitim
1457 3544 1588 3600 fecit
1639 3557 1966 3614 permunit:

387 3633 642 3699 apparuit
675 3641 856 3686 autem
913 3641 970 3686 et
1027 3633 1266 3703 angelis-
1310 3632 1498 3700 Neque
1555 3636 1700 3692 etiim
1745 3652 1970 3706 genera-

391 3717 589 3772 tionem
604 3718 776 3787 ipsius
795 3721 1094 3776 secundum
1112 3737 1334 3778 carnem
1387 3722 1778 3790 ignoravernut
1796 3744 1809 3778 :
1829 3741 1969 3796 prte-

387 3807 600 3862 dicatus
650 3821 826 3864 autem
881 3822 938 3866 et
981 3814 1264 3881 gentibus,
1315 3815 1470 3882 quasi
1527 3817 1674 3872 Deus
1701 3815 1862 3872 homo
1887 3818 1970 3874 fa-

387 3908 542 3963 ctus;
589 3899 662 3952 ita
709 3911 890 3954 autem
940 3905 1180 3960 creditus
1227 3914 1314 3958 est
1391 3905 1454 3960 in.
1501 3908 1726 3966 mundo.
1765 3907 1967 3964 Proba-

387 3989 464 4040 vit
516 3997 694 4044 autem
729 3993 948 4048 divinus
980 3992 1182 4048 Paulus
1229 3995 1306 4048 ita
1359 3995 1648 4052 scribens:
1685 4011 1704 4043 ι
1739 3995 1967 4064 Propter

387 4079 529 4145 quod
561 4093 827 4136 memores
855 4089 1053 4144 estote,
1081 4081 1224 4150 quod
1254 4081 1548 4148 aliquando
1577 4095 1672 4136 vos
1699 4095 1888 4150 gemes
1911 4085 1964 4140 in

385 4183 574 4236 carne,
595 4173 685 4240 qui
738 4169 982 4224 dicimiui
1028 4170 1374 4238 praeputium,
1399 4172 1468 4224 ab
1516 4185 1578 4228 ea
1621 4185 1739 4240 quin
1769 4173 1966 4232 dicitur

387 4259 730 4316 circumcisio
781 4259 834 4314 in
887 4272 1056 4314 carne
1099 4257 1416 4314 manuiacta
1446 4275 1460 4311 :
1493 4259 1618 4328 quia
1671 4261 1840 4320 eratis
1871 4262 1964 4316 illo

388 4359 629 4418 tempore
655 4352 776 4404 sine
791 4349 1011 4404 Christo
1037 4350 1260 4406 alienati
1289 4365 1320 4402 a
1345 4337 1759 4408 conversatione
1775 4350 1960 4417 lanci,

2077 1883 2314 1952 positum
2361 1885 2506 1954 ligno
2559 1888 2762 1940 timusit
2815 1887 2866 1942 id
2911 1890 3052 1956 quod
3101 1901 3242 1952 erat,
3275 1895 3329 1941 et
3361 1889 3656 1942 ornabatur

2073 1975 2292 2043 quidem
2317 1975 2520 2046 lignum
2549 1977 2666 2030 auri
2692 1979 2924 2044 decore;
2959 1991 3142 2032 tamen
3174 1981 3376 2049 lignum
3403 1995 3526 2036 esse
3547 1995 3652 2036 non

2075 2065 2254 2120 desiit.
2280 2065 2432 2132 Quod
2467 2081 2594 2120 vero
2625 2083 2748 2122 arca
2789 2069 2840 2122 in
2872 2069 3070 2124 Christi
3122 2069 3420 2139 accipiatur
3461 2069 3654 2140 imagi-

2075 2172 2221 2220 nem,
2254 2158 2500 2227 pluribus
2541 2169 2720 2228 potest
2755 2160 3170 2230 probationibus
3219 2160 3478 2216 declarari
3509 2159 3654 2232 (1).]

2075 2247 2504 2304 Prmambulabat
2531 2251 2676 2305 enim
2707 2253 2794 2306 his
2823 2253 2914 2320 qui
2943 2262 3072 2308 sunt
3097 2269 3164 2308 ex
3187 2253 3370 2318 Israel,
3401 2266 3653 2322 quaerens

2073 2339 2210 2410 ipsis
2261 2340 2526 2408 requiem.
2561 2341 2654 2396 Ait
2703 2341 2900 2396 alicubi
2953 2351 3008 2398 et
3050 2342 3344 2398 Christus:
3390 2359 3410 2394 ι
3443 2342 3554 2404 ibo,
3601 2347 3656 2395 et

2071 2431 2278 2500 parabo
2310 2431 2462 2488 vobis
2489 2432 2750 2489 locum”.
2783 2452 2804 2485 ι

2143 2610 2430 2666 Credimus
2457 2611 2644 2684 igitur,
2667 2627 2772 2666 non
2804 2613 2856 2666 iu
2887 2627 3054 2666 unum
3087 2613 3260 2668 nostri
3291 2612 3520 2668 similem
3547 2612 3655 2668 dei-

2075 2709 2186 2758 tate
2211 2717 2308 2774 per
2331 2703 2564 2776 gratiam
2594 2703 2942 2768 honoratum.
2975 2717 3044 2758 ne
3074 2703 3311 2758 cultores
3337 2717 3460 2758 esse
3485 2704 3654 2758 homi-

2075 2794 2162 2850 nis
2188 2795 2535 2865 detegantur;
2567 2794 2662 2852 sed
2687 2797 2738 2850 in
2771 2796 3054 2850 Dominum
3077 2793 3269 2864 magis,
3289 2795 3377 2863 qui
3399 2795 3452 2848 in
3469 2793 3653 2850 servili

2074 2885 2250 2942 forma
2289 2886 2614 2956 comparuit,
2642 2897 2697 2942 et
2729 2887 2821 2956 qui
2853 2885 2955 2940 fuit
2986 2901 3114 2941 vere
3151 2887 3321 2942 nostri
3354 2885 3570 2950 similis,
3599 2894 3655 2940 et

2073 2975 2130 3032 [υ
2159 2975 2499 3032 humanitate
2525 2985 2704 3032 tamen
2733 2977 2878 3032 Deus
2909 2977 3112 3032 mansit
3137 2996 3152 3032 ε
3179 2977 3324 3032 Deus
3349 2979 3492 3032 enim
3526 2977 3655 3032 Ver-

2075 3065 2226 3132 bum,
2255 3083 2416 3137 carne
2439 3077 2740 3140 assumpta,
2773 3083 2878 3124 non
2915 3069 3163 3138 deposuit
3204 3069 3350 3140 quod
3371 3079 3530 3137 erat;
3563 3072 3652 3125 iu-

2077 3159 2335 3230 telligitur
2361 3169 2541 3216 tamen
2570 3160 2712 3214 idem
2743 3159 2888 3216 Deus
2917 3161 3080 3216 simul
3109 3169 3164 3216 et
3189 3161 3372 3218 homo.

2144 3253 2212 3310 Et
2248 3253 2378 3310 lidei.
2419 3254 2636 3324 quidem
2680 3253 2822 3308 ratio
2854 3255 2930 3308 ita
2963 3267 3022 3308 se
3050 3253 3234 3318 habet,
3267 3262 3322 3312 et
3350 3263 3496 3308 recte
3531 3256 3654 3323 qui-

2072 3345 2216 3402 dem.
2244 3343 2350 3402 Sed
2395 3349 2442 3400 si
2485 3345 2624 3402 forte
2669 3345 2868 3414 aliquis
2913 3343 3080 3409 dicat,
3118 3344 3262 3412 Quid
3297 3345 3424 3398 mali
3468 3353 3572 3410 est,
3601 3346 3650 3400 si

2057 3432 2405 3504 intelligatur
2449 3434 2614 3488 homo
2661 3433 2859 3490 similis
2895 3433 3067 3488 nostri
3101 3433 3505 3502 apprehendere
3536 3435 3653 3488 dci-

2073 3532 2262 3588 tatem,
2297 3539 2362 3578 ac
2397 3540 2503 3578 non
2531 3525 2705 3594 magis
2731 3523 2875 3580 Deus
2907 3526 3068 3580 homo
3101 3524 3252 3580 ﬁeri?
3301 3525 3652 3592 respondebi-

2072 3629 2193 3667 mus
2246 3615 2394 3668 mille
2443 3630 2564 3670 esse
2606 3630 2726 3684 quae
2755 3617 3031 3671 contrario
3071 3625 3300 3684 possunt
3347 3617 3570 3684 apponi,
3595 3627 3650 3670 et

2071 3721 2206 3778 pene
2239 3709 2402 3764 etiam
2453 3719 2586 3762 nutu
2633 3707 3018 3780 signiﬁcantia,
3044 3721 3142 3763 nos
3185 3715 3439 3778 oportere
3487 3709 3650 3776 reniti

2069 3807 2404 3866 constanter,
2435 3812 2536 3854 nec
2565 3800 2790 3854 credere
2819 3799 2892 3854 ita
2923 3813 3064 3854 esse.

2141 3889 2255 3958 Age
2283 3892 2451 3953 enim,
2471 3901 2596 3942 ante
2615 3889 2720 3942 alia
2747 3889 3191 3954 dispensationis,
3208 3904 3328 3956 qua:
3343 3905 3649 3952 cumcarne

2067 3977 2212 4034 facta
2260 3987 2364 4042 est,
2400 3976 2616 4030 modum
2669 3990 2985 4040 cernamus,
3021 3987 3076 4032 et
3121 3990 3430 4036 nostrarum
3465 3997 3644 4036 rerum

2067 4076 2316 4124 naturam
2339 4067 2593 4122 subtilius
2623 4077 3026 4136 perscrutemur
3053 4085 3066 4120 :
3101 4069 3402 4140 periclitata
3431 4082 3516 4128 est
3545 4074 3646 4128 ho-

2067 4158 2228 4214 minis
2259 4169 2478 4226 natura,
2503 4168 2558 4216 et
2590 4161 2844 4230 depressa
2877 4168 2959 4216 est
2985 4161 3144 4214 malis
3167 4164 3448 4230 extremis,
3480 4166 3645 4220 malc—

2065 4250 2302 4308 dictioue
2332 4257 2390 4306 et
2415 4261 2592 4308 morte.
2613 4252 2889 4316 damnata,
2921 4260 2974 4306 et
3007 4253 3213 4324 peccati
3260 4254 3468 4324 laqueis
3505 4257 3645 4312 irrc-

2064 4344 2184 4408 tita,
2219 4345 2456 4407 errabat,
2489 4351 2548 4398 et
2581 4352 2698 4399 erat
2731 4343 2900 4418 786
2947 4344 2998 4402 in
3051 4347 3322 4413 tenebris;
3353 4348 3518 4404 Deum
3551 4365 3646 4404 ne-

383 4451 438 4495 et
476 4441 718 4510 hospites
760 4449 1230 4504 testamentorum,
1266 4441 1640 4512 promissionis
1673 4458 1822 4514 spem
1851 4453 2036 4512 noun
2063 4436 2272 4494 sitiebat
2315 4451 2462 4502 eum.
2496 4436 2588 4508 qui
2635 4445 2720 4492 εει
2765 4447 2954 4494 natura
3001 4445 3056 4494 ει
3103 4439 3366 4508 Verilaie;
3409 4456 3506 4510 pro
3535 4442 3645 4496 Deo

383 4531 659 4591 habentes,
681 4540 734 4586 et
750 4531 864 4585 sine
881 4531 990 4586 Deo
1009 4531 1060 4584 in
1096 4531 1196 4586 hoc
1222 4531 1418 4586 mundo
1435 4532 1573 4588 ³²·³³.
1597 4551 1620 4586 ›
1647 4531 1818 4590 Erant
1841 4549 1971 4610 ergo
2005 4527 2010 4530 ’
2067 4528 2236 4584 coluit
2259 4536 2568 4584 creaturam
2579 4526 2646 4580 ³⁵.
2671 4527 2950 4596 Quomodo
2972 4529 3133 4598 igitur
3161 4529 3464 4599 huiusmodi
3489 4533 3643 4590 malis

382 4631 570 4688 gentes
595 4622 648 4674 in
681 4621 881 4676 mundo
923 4623 1043 4675 sine
1077 4621 1207 4686 Deo,
1241 4637 1361 4675 cum
1399 4623 1602 4692 absque
1631 4621 1848 4678 Christo
1878 4641 1964 4680 es-

382 4723 523 4770 sent.
561 4711 760 4766 Verum
800 4713 1054 4782 quoniam
1109 4729 1232 4767 eum
1279 4728 1405 4768 vere
1455 4724 1509 4768 et
1556 4722 1748 4769 natura
1795 4716 1963 4770 Deum

381 4818 500 4857 esse
549 4814 906 4874 agnoverunt,
949 4805 1076 4874 ipsa:
1111 4821 1326 4876 quoque
1369 4807 1435 4861 ab
1470 4821 1536 4862 eo
1568 4808 1764 4875 agnitae
1808 4818 1954 4876 sunt,

383 4893 542 4948 {idem
565 4896 906 4960 conﬁtentes,
927 4909 982 4950 et
1007 4899 1120 4965 ipse
1157 4907 1465 4966 assumptus
1513 4907 1596 4954 est
1649 4901 1700 4953 in
1765 4901 1956 4971 gloria,

378 4999 526 5044 certe
558 4991 760 5045 divina.
801 4991 984 5046 Psallit
1015 4993 1156 5045 enim
1191 4993 1380 5045 beatus
1410 4992 1575 5046 David
1602 5010 1618 5046 ι
1659 5011 1678 5044 ι
1705 4995 1960 5049 Ascendit

379 5081 521 5136 Deus
566 5083 616 5136 in
662 5085 922 5153 iubilo“.
949 5103 970 5136 ι
1007 5084 1268 5139 Ascendit
1313 5085 1462 5137 enim
1493 5094 1644 5139 certe
1672 5099 1792 5142 eum
1837 5101 1958 5139 ror—

377 5187 526 5240 pore,
552 5188 653 5228 nec
679 5175 730 5228 in
765 5177 907 5230 nuda
938 5175 1138 5230 deitate
1166 5193 1179 5228 :
1214 5175 1356 5229 Deus
1383 5175 1530 5230 enim
1561 5185 1680 5232 erat
1707 5176 1956 5230 iucama'

378 5272 484 5317 tus.

447 5418 490 5448 ²⁹
553 5417 723 5470 Exod.
747 5434 878 5484 xxv,
903 5420 993 5473 10.

1099 5421 1144 5451 ³⁸
1184 5422 1340 5476 loan.
1364 5435 1476 5491 xiv,
1501 5421 1556 5476 '5.

375 5495 420 5528 ³1
456 5489 610 5540 limit.
639 5503 677 5544 I.
703 5487 793 5540 95.

1661 5419 1703 5451 ³¹
1739 5419 1926 5474 ITitn.
1973 5436 2054 5483 ιιι,
2109 5419 2195 5474 16.

2063 4627 2280 4692 poterat
2320 4619 2578 4692 liberarii
2622 4619 2705 4674 An
2749 4619 2880 4674 illud
2925 4620 3190 4684 dicemus,
3223 4624 3363 4691 quod
3403 4622 3484 4678 fas
3525 4633 3641 4678 erat

2065 4691 2416 4770 humanitati.
2437 4711 2674 4766 divinam
2734 4723 2982 4765 naturam
3031 4713 3478 4779 apprehendere,
3522 4730 3641 4783 qua:

2069 4808 2300 4861 nesciret
2329 4806 2573 4870 omnino,
2613 4803 2792 4873 qua-lis
2815 4811 2963 4858 esset
2992 4803 3222 4872 dignitas
3250 4815 3452 4858 natura:
3476 4806 3644 4860 etule-

2066 4897 2200 4958 SIis,
2247 4909 2370 4949 cm
2417 4905 2564 4952 esset
2603 4895 2925 4964 ignorantia:
2971 4896 3212 4949 tenebris
3253 4907 3546 4964 occupata,
3586 4908 3642 4952 et

2066 4989 2271 5057 peccati
2304 4989 2555 5043 sordibus
2585 4989 2865 5056 inquinata
2885 4987 2912 5042 ’ἔ
2947 4987 3230 5054 Quomodo
3261 4997 3468 5057 poterat
3521 4990 3636 5043 ﬁeri

2061 5091 2120 5134 ut
2165 5081 2592 5149 apprehenderet
2639 5089 2881 5133 sanctam
2927 5089 3220 5141 naturain,
3269 5088 3326 5133 et
3369 5079 3639 5148 acciperet

2062 5174 2307 5241 gloriam,
2334 5187 2493 5240 quam
2541 5185 2700 5224 nemo
2735 5169 2993 5236 inveniat,
3022 5170 3124 5223 nisi
3161 5169 3463 5238 acceperit?
3490 5169 3634 5225 Cou-

2061 5266 2315 5320 cedamus
2359 5265 2504 5319 euitn
2557 5265 2698 5332 quod
2739 5264 3053 5331 cognoverit
3083 5260 3334 5325 fortasse,
3363 5271 3422 5316 et
3449 5261 3635 5316 scierit

2299 5419 2417 5453 ³¹ο³³
2450 5418 2646 5489 Ephes.
2677 5434 2736 5484 ιι,
2793 5418 2880 5485 Η,
2933 5419 3019 5476 1'2.
3138 5421 3181 5452 “
3212 5419 3356 5476 Psal.
3403 5433 3545 5482 xui,
3575 5395 3630 5472 6.

443 5624 710 5700 (υμνοι)
743 5637 957 5700 quoque
995 5623 1280 5700 locum__ex
1319 5622 1507 5700 eadem
1541 5623 1791 5681 versione
1816 5623 1944 5679 citat
1989 5625 2273 5682 Facntnlus
2331 5627 2549 5683 ibidem.
2613 5630 2751 5685 Citat
2779 5629 2940 5684 etiam
2977 5627 3232 5684 Leontius
3252 5627 3544 5700 Byzantius
3575 5621 3630 5678 in

372 5694 474 5752 ﬁne
519 5697 638 5749 libri
679 5696 838 5764 primi
878 5695 1141 5748 adversus
1185 5694 1572 5763 liutychianos.
