4082 6258
481 325 617 377 «εδδ

1466 318 1524 373 S.
1564 315 1831 374 CYRILLI
1872 314 2345 371 ALEXANDRINI
2384 315 2708 372 ARCHIEP.

3605 317 3745 373 1384

416 444 419 457 ¹
479 438 881 506 apprehendere
928 437 1094 492 Deum
1143 436 1268 508 [pro
1299 436 1600 508 deitatem].
1640 436 1773 503 Quis
1827 447 1912 490 est
1960 437 2051 505 qui
2082 443 2124 498 Α
2157 437 2407 491 deitatis?
2444 435 2537 491 Vel
2578 434 2850 506 quomodo
2874 449 2981 490 non
3008 434 3079 489 sit
3103 433 3278 490 factus
3302 432 3626 501 altissimus,
3654 438 3744 505 qui

477 530 761 583 docuerit?
809 547 826 578 ε
857 528 1136 594 Quomodo
1193 526 1337 581 enim
1395 527 1659 588 credent,
1713 525 1813 579 nisi
1868 526 2058 580 audie-

478 618 683 673 rint“?
710 638 728 671 ι
764 617 1028 673 Caeterum
1072 631 1177 670 non
1231 616 1283 669 id
1328 624 1411 669 est
1446 615 1854 684 apprehendere
1883 614 2059 669 deita-

479 724 611 773 tem,
641 720 693 764 et
721 709 1131 765 convenientem
1171 708 1219 761 ei
1250 707 1477 775 gloriam
1512 721 1725 774 capere.

553 803 695 871 Ergo
729 800 1010 854 decentius
1054 798 1144 861 sit,
1174 806 1230 850 et
1270 804 1419 849 recte
1444 795 1683 863 quidem,
1716 794 1787 847 ita
1833 794 2059 860 sentire,

478 897 621 963 quod
652 906 868 947 servare
894 890 1079 944 volens
1106 890 1157 941 id
1182 887 1325 956 quod
1350 887 1608 956 perierat,
1635 886 1969 940 descendens
1992 886 2060 939 ad

482 1003 578 1039 nos
624 986 761 1037 Deus
801 982 1057 1045 Verbum,
1109 996 1204 1048 per
1242 981 1388 1050 quod
1433 980 1639 1041 omnia,
1678 986 1734 1031 et
1780 978 1833 1031 in
1882 977 1934 1031 id
1977 991 2058 1040 se,

479 1077 622 1145 quod
668 1090 774 1128 non
819 1080 959 1136 erat,
1002 1072 1246 1147 immisit,
1281 1080 1337 1125 ut
1380 1080 1435 1124 et
1483 1069 1718 1123 hominis
1766 1079 1977 1132 natura,
2009 1068 2062 1122 id

478 1167 620 1235 quod
666 1181 770 1219 non
795 1174 931 1231 erat,
966 1164 1149 1230 fieret;
1181 1172 1236 1217 et
1274 1160 1471 1215 divinae
1504 1160 1803 1229 maiestatis
1831 1160 2063 1228 dignita-

480 1259 623 1312 tibus
656 1273 750 1327 per
776 1256 1154 1310 adunationem
1189 1264 1495 1323 patescens,
1527 1266 1647 1320 quae
1677 1250 1955 1305 suhlevata
1980 1258 2065 1305 est

481 1351 654 1417 magis
698 1348 833 1400 ultra
878 1356 1149 1409 naturam,
1194 1359 1356 1413 quam
1400 1343 1584 1411 dejicit
1625 1342 1763 1396 infra
1813 1351 2061 1397 naturam

482 1441 843 1495 iuvertibilem
874 1439 1067 1492 Deum.
1100 1436 1443 1491 Conveniens
1475 1445 1614 1499 erat,
1648 1443 1707 1487 ut
1735 1432 2065 1502 incorrupti-

2161 528 2215 583 itt
2245 528 2471 599 gloriam
2499 542 2788 598 supernam
2816 526 3160 582 ascenderit?

2232 618 2397 689 Igitur
2427 618 2657 672 dicimus
2687 632 2790 672 non
2825 618 3100 671 hominem
3149 616 3318 670 Deum
3366 630 3491 671 esse
3522 616 3744 681 factum,

2160 711 2255 765 sed
2286 710 2464 779 potius
2492 710 2693 765 factum
2714 724 2833 766 esse
2855 709 2910 763 in
2934 709 3285 773 exinanitate,
3306 718 3529 777 prepter
3555 708 3748 762 huma-

2162 802 2407 867 nitatem,
2431 801 2598 857 Deum
2621 800 2878 869 Verbum,
2904 802 2996 871 qui
3024 802 3221 856 eratin
3240 802 3551 870 aequalitate
3573 802 3749 858 Patris

2162 902 2215 949 et
2247 894 2418 948 forma
2456 912 2470 947 :
2516 894 2827 949 exinanitus
2858 903 2941 949 est
2986 894 3132 949 enim
3164 894 3269 947 hoc
3313 892 3497 958 modo,
3531 903 3750 963 propter

2161 984 2574 1039 similitudinem
2617 994 2882 1050 nostram,
2909 1000 3036 1040 cum
3070 993 3216 1039 esset
3242 982 3454 1052 plenus,
3488 995 3550 1037 ut
3590 986 3782 1052 Deusq

2163 1075 2486 1132 Humiliatus
2514 1084 2596 1131 est
2625 1084 2847 1145 propter
2876 1090 3123 1142 carnem,
3153 1050 3321 1129 ita—ut
3346 1090 3375 1129 a
3412 1077 3607 1130 divina:
3639 1050 3782 1145 τηε-ξ

2158 1168 2374 1239 jestatis
2421 1139 2641 1238 fastigio
2687 1139 2793 1223 non
2838 1139 3171 1234 descendat;
3200 1171 3387 1222 sedem
3414 1169 3557 1222 enim
3592 1139 3782 1224 habet?

2162 1258 2506 1315 altissimam.
2552 1259 2752 1315 Factus
2804 1268 2889 1315 est
2940 1260 2994 1313 in
3040 1258 3399 1314 similitudine
3450 1243 3783 1323 hominum;

2163 1365 2285 1404 cum
2321 1350 2396 1405 sit
2422 1350 2661 1419 ejusdem
2696 1350 2883 1406 forma:
2909 1365 3033 1405 cum
3060 1348 3245 1412 Patre,
3268 1359 3457 1418 utpote
3488 1351 3642 1420 cujus
3670 1362 3753 1403 est
3794 1326 3804 1339 ’

2166 1440 2337 1510 ﬁgura
2367 1442 2711 1497 substantiae.
2737 1442 2937 1497 Verum
2975 1442 3232 1510 quoniam
3260 1441 3425 1495 semel
3463 1442 3637 1496 factus
3670 1452 3752 1495 est

481 1532 606 1586 bilis
638 1542 830 1584 natura
866 1528 1297 1598 apprehendi-“Tel
1328 1525 1756 1594 εοΐΓυΡιίυίιεων
1790 1532 1849 1577 ιη
1883 1537 2002 1577 eam
2033 1538 2063 1577 ³
2158 1532 2313 1602 juxta
2352 1548 2471 1599 nos,
2501 1533 2815 1588 ascendisse
2861 1534 3060 1588 dicitur
3090 1548 3214 1587 cum
3248 1545 3411 1586 carne
3442 1532 3490 1584 in
3522 1530 3751 1601 gloriam

482 1622 830 1691 corruptione
883 1620 1161 1674 liberaret.
1212 1617 1553 1673 Conveniens
1607 1626 1728 1671 erat
1777 1625 1923 1680 eum,
1972 1614 2065 1684 qui

481 1730 708 1785 peccare
740 1730 843 1769 non
881 1721 1126 1777 noverat,
1148 1727 1269 1765 eum
1303 1710 1678 1779 peccatoribus
1707 1708 2062 1774 conformari,

2166 1624 2405 1689 deitatis,
2437 1639 2596 1692 quam
2632 1632 2907 1693 patentem
2937 1623 3157 1692 quidem
3206 1621 3369 1676 habet
3417 1621 3567 1690 quasi
3619 1636 3751 1689 pro-

2166 1718 2364 1787 priam,
2402 1716 2508 1771 alio
2541 1725 2719 1771 tamen
2746 1726 2907 1785 pacto
2933 1717 2985 1770 in
3014 1729 3077 1770 ea
3106 1714 3229 1782 fuit,
3257 1723 3479 1784 propter
3507 1713 3755 1766 humani-

483 1816 540 1859 ut
578 1815 796 1875 peccata
839 1811 1229 1873 compesceret.
1259 1802 1725 1868 Quemadmodum
1756 1799 1900 1853 enim
1940 1797 2065 1853 ubi-

2170 1818 2333 1864 tatem
2362 1827 2376 1863 :
2407 1808 2666 1864 Dominus
2690 1782 2835 1864 enim
2871 1808 3112 1864 omnium
3153 1782 3275 1863 esse
3304 1807 3564 1872 creditur,
3594 1807 3755 1859 etiam

488 1909 705 1965 uultque
743 1897 829 1950 lus
885 1895 1078 1960 fuerit,
1118 1894 1291 1964 caligo
1338 1894 1525 1947 interit
1563 1892 1945 1957 tenebrarum;
1993 1890 2068 1945 ita

483 1992 645 2045 etiam
706 1988 1118 2042 immortalitate
1165 1996 1433 2055 praesente
1460 2027 1477 2051 ,
1508 1984 1685 2040 omnis
1719 1992 1868 2038 certe
1900 1984 2069 2051 pestis

484 2082 704 2152 fugitiva
738 2081 1009 2144 discedet;
1043 2089 1097 2133 et
1127 2088 1395 2148 praesente
1420 2091 1486 2132 eo
1535 2078 1626 2146 qui
1655 2084 1933 2146 peccatum
1962 2089 2065 2129 non

484 2174 631 2227 novit
672 2171 990 2241 (quietiam
1024 2169 1305 2237 proprium
1340 2168 1445 2223 sibi
1471 2182 1668 2235 corpus
1697 2165 1897 2231 effecit,
1924 2166 2069 2236 quod

482 2274 569 2318 est
598 2264 717 2317 sine
746 2262 822 2332 (Ι)
850 2259 1114 2331 peccato),
1142 2260 1297 2315 cedet
1328 2273 1489 2313 omne
1518 2247 1819 2328 peceatum.

554 2355 707 2422 Quod
757 2367 887 2408 vero
926 2351 1179 2417 Verbum,
1209 2366 1330 2405 cum
1383 2360 1527 2405 esset
1559 2350 1722 2415 Deus,
1761 2350 1965 2405 factum
1999 2349 2073 2405 sit

484 2447 670 2509 homo,
700 2454 755 2499 et
787 2459 891 2498 nou
922 2443 1099 2512 magis
1126 2443 1287 2496 homo
1316 2436 1771 2511 τεθεοποιημένος
1800 2440 2068 2510 intelliga-

486 2550 573 2593 tur
601 2539 866 2603 Christus,
898 2537 1061 2590 etiam
1104 2551 1171 2589 ex
1207 2535 1378 2588 sacris
1424 2533 1646 2587 Litteris
1674 2533 1854 2588 enitar
1882 2543 2069 2587 osten-

486 2635 634 2687 dere.
682 2633 770 2686 Ait
802 2632 966 2701 igitur
994 2632 1182 2683 beatus
1212 2627 1413 2681 Paulus
1442 2628 1507 2681 de
1544 2625 1837 2696 Unigenito
1868 2645 1883 2680 :
1918 2642 1937 2676 ‹
1965 2624 2070 2692 Qui

485 2740 607 2778 eum
658 2724 711 2777 in
758 2722 929 2776 forma
980 2719 1073 2775 Dei
1118 2729 1284 2783 esset,
1325 2734 1431 2772 non
1484 2719 1728 2787 rapinam
1775 2717 2072 2772 arbitratus

486 2832 592 2884 εει,
619 2825 676 2869 ιιι
706 2823 851 2869 esset
880 2813 1103 2881 aequalis
1129 2814 1267 2878 Deo;
1294 2811 1386 2865 sed
1413 2811 1709 2864 exinauivit
1736 2825 1815 2875 se,
1841 2812 2070 2865 formam

487 2909 628 2963 servi
679 2906 976 2975 accipiens,
1011 2905 1065 2957 in
1114 2902 1520 2957 similitudinem
1566 2901 1843 2956 hominum
1874 2899 2069 2966 factus,

487 3010 544 3054 et
577 2999 759 3053 habitu
797 2997 1048 3051 intentus
1078 3004 1137 3049 ut
1173 2996 1355 3049 homo.
1392 2993 1704 3047 Humillavit
1733 3008 1851 3049 sese
1898 2992 2071 3049 factus

486 3089 748 3145 obedieus
778 3100 949 3156 usque
977 3087 1044 3140 ad
1078 3095 1330 3150 mortem,
1363 3092 1594 3138 mortem
1642 3095 1822 3138 autem
1862 3083 2066 3138 crucis.

488 3185 784 3251 Propterea
811 3191 865 3235 et
897 3180 1038 3234 Deus
1084 3178 1259 3249 ipsum
1291 3178 1744 3246 superexaltavit,
1773 3186 1828 3232 et
1854 3176 2075 3232 donavit

480 3273 562 3327 illi
590 3287 783 3326 nomen
811 3270 953 3339 quod
974 3277 1058 3323 est
1088 3284 1250 3338 super
1276 3282 1438 3321 omne
1471 3276 1761 3333 uomen,nt
1781 3268 1835 3320 in
1858 3267 2076 3322 nomine

487 3363 614 3419 Jesu
645 3364 846 3418 Christi
878 3378 1039 3417 omne
1069 3377 1206 3432 genu
1248 3361 1497 3414 ﬂectatur
1525 3360 1851 3422 caelestium,
1880 3369 1936 3413 et
1966 3366 2078 3413 ter-

492 3473 770 3518 reuorum,
800 3464 856 3509 et
883 3455 1242 3517 infernarum,
1267 3463 1321 3505 et
1347 3448 1524 3505 omnis
1549 3452 1727 3522 lingua
1754 3451 2077 3506 conﬁteatur

490 3550 634 3617 quod
668 3549 927 3602 Dominus
952 3544 1111 3600 Iesus
1145 3545 1398 3599 Christus
1428 3544 1482 3598 in
1510 3545 1682 3614 gloria
1722 3552 1806 3601 est
1851 3543 1941 3600 Dei
1966 3542 2074 3598 Pa-

492 3641 590 3694 tris
607 3639 672 3690 "’.

564 3730 735 3796 Quem
785 3726 951 3798 igitur
998 3725 1267 3791 dicemus,
1299 3725 1354 3779 in
1402 3723 1578 3777 forma
1628 3723 1721 3777 Dei
1765 3737 1906 3788 esse,
1940 3731 1991 3776 et
2021 3722 2076 3775 in

492 3820 801 3891 aequalitate
835 3817 1034 3891 Patris,
1065 3825 1118 3869 et
1149 3816 1262 3870 haec
1291 3830 1392 3869 non
1426 3814 1670 3883 rapinam
1707 3811 2030 3866 arbitratum
2058 3829 2074 3879 ;

494 3914 588 3967 sed
618 3886 966 3965 descendisse
990 3907 1160 3979 magis
1182 3907 1235 3961 itt
1261 3906 1672 3969 exinanitatem,
1696 3915 1750 3959 et
1771 3904 1823 3958 in
1847 3903 2077 3958 formam

492 4004 660 4069 servi,
680 4013 730 4058 et
751 4019 809 4057 se
826 4001 1231 4064 humiliantem,
1251 4010 1304 4053 et
1327 4000 1377 4052 itt
1404 3998 1812 4053 similitudinem
1837 4006 2077 4051 nostram

492 4098 658 4151 fuisse
685 4094 920 4148 factum?
971 4091 1028 4147 Si
1079 4093 1352 4147 hominem
1383 4090 1584 4145 factum
1619 4104 1687 4144 ex
1720 4090 1952 4144 muliere
1980 4104 2079 4142 nu-

494 4190 619 4241 dum
663 4197 717 4240 et
753 4186 926 4240 solum
960 4203 973 4238 :
1006 4184 1278 4253 quomodo
1310 4180 1543 4236 habebat
1572 4174 1988 4250 plenitudinem,
2021 4187 2080 4233 ut

494 4278 826 4346 intelligatur
875 4274 1218 4330 exinanitus?
1270 4271 1363 4327 Vel
1414 4271 1467 4326 in
1522 4287 1623 4340 qua
1677 4283 1837 4327 antea
1870 4272 2080 4342 positus

492 4368 835 4429 celsitudine,
866 4376 1037 4420 semet
1072 4363 1390 4417 humiliasse
1420 4361 1652 4416 dicitur?
1686 4361 1780 4416 Vel
1811 4364 2079 4431 quomodo

2169 1916 2292 1957 cum
2335 1916 2520 1957 carne.

2242 1992 2507 2048 Flectitur
2532 2000 2711 2046 autem
2745 1990 2847 2062 ipsi
2877 2004 3039 2045 omne
3069 2005 3236 2060 genu,
3265 1997 3319 2043 et
3351 1990 3405 2044 id
3439 2005 3543 2045 non
3572 1991 3637 2042 ad
3663 1989 3760 2042 do-

2168 2084 2340 2139 lorem
2363 2094 2418 2140 et
2443 2083 2826 2140 contumeliam
2851 2082 3050 2146 Patris,
3078 2081 3173 2136 sed
3200 2082 3373 2151 magis
3399 2083 3465 2135 ad
3490 2082 3708 2151 gloriam
3740 2097 3754 2134 :

2169 2177 2372 2247 gaudet
2412 2176 2581 2244 enim,
2602 2183 2658 2231 et
2680 2174 3038 2247 gloriﬁcatur,
3060 2174 3183 2228 dum
3231 2173 3300 2226 ab
3330 2174 3634 2227 hominibus
3666 2172 3759 2226 Fi-

2171 2268 2275 2323 lius
2298 2269 2579 2332 adorator,
2600 2267 2728 2322 licet
2759 2254 2936 2320 factus
2959 2266 3030 2321 sit
3051 2264 3243 2320 similis
3268 2265 3461 2319 nostri.
3488 2264 3758 2332 Scriptum

2168 2362 2302 2416 vero
2335 2370 2417 2416 est
2448 2374 2640 2415 rursus
2669 2378 2685 2414 :
2721 2377 2741 2410 ι
2770 2357 2889 2414 Non
2920 2359 3067 2413 enim
3115 2356 3339 2427 angelos
3382 2356 3757 2426 apprehendit,

2172 2453 2267 2507 sed
2291 2466 2475 2508 semen
2501 2451 2769 2518 Abraha;
2796 2452 2941 2505 unde
2964 2449 3152 2505 debuit
3174 2464 3271 2517 per
3294 2449 3475 2502 omnia
3509 2448 3762 2501 fratribus

2176 2544 2555 2600 assimilari“.
2596 2561 2616 2595 ι
2681 2544 2822 2599 Ecce
2875 2557 3058 2597 semen
3116 2541 3351 2595 Abrahae
3407 2539 3766 2609 apprehendit

2172 2636 2410 2693 Verbum
2443 2636 2611 2704 Deus,
2640 2645 2697 2690 et
2736 2651 2846 2690 non
2886 2636 3073 2701 homo,
3118 2634 3304 2689 nescio
3336 2632 3460 2703 quis
3491 2632 3659 2685 nostri
3685 2632 3764 2684 si-

2172 2730 2319 2789 milis
2349 2730 2607 2786 deitatem
2634 2728 3011 2797 apprehendit,
3041 2736 3097 2782 et
3142 2727 3257 2796 ipse
3304 2725 3460 2780 nobis
3498 2724 3763 2779 assimila-

2176 2830 2281 2887 tur,
2326 2830 2382 2876 et
2427 2828 2770 2890 nuncupatur
2819 2817 2988 2873 frater
3038 2827 3250 2884 noster,
3297 2827 3355 2871 ut
3399 2818 3605 2881 homo,
3656 2831 3763 2869 non

2172 2921 2438 2982 quantum
2464 2922 2549 2967 est
2582 2913 2647 2966 ad
2681 2912 2896 2966 deitatis
2935 2920 3209 2964 naturam.
3258 2929 3275 2962 ι
3311 2910 3577 2976 Quoniam
3615 2910 3763 2977 pueri

2173 3004 2716 3061 communicaverunt
2743 3002 2897 3057 carni
2931 3010 2985 3056 et
3006 3002 3281 3072 sanguini,
3301 3010 3355 3055 et
3377 3002 3493 3069 ipse
3516 2997 3767 3054 similiter

2100 3121 2144 3179 ο
2174 3096 2522 3166 participavit
2554 3094 2655 3161 eis,
2684 3104 2745 3149 ut
2772 3108 2872 3164 per
2905 3104 3134 3148 mortem
3169 3093 3479 3147 destrueret
3517 3106 3641 3145 eum
3674 3090 3768 3159 qui

2178 3189 2463 3257 imperium
2504 3185 2716 3241 obtinet
2748 3186 2962 3251 mortis,
2997 3186 3049 3239 id
3076 3194 3181 3250 est,
3213 3184 3510 3248 diabolum,
3542 3192 3597 3237 et
3638 3182 3770 3235 libe-

2178 3288 2328 3335 raret
2354 3294 2449 3334 eos
2469 3278 2562 3348 qui
2586 3277 2779 3332 timore
2808 3276 3002 3331 mortis
3032 3290 3128 3345 per
3151 3289 3367 3329 omnem
3396 3275 3558 3326 vitam
3586 3273 3769 3324 nativa

2178 3369 2601 3424 continebantur
2630 3367 2893 3423 servitute
2908 3367 2975 3421 ⁸’.
2998 3385 3017 3418 ι
3056 3365 3196 3419 Ecce
3229 3364 3426 3418 iterum
3458 3363 3593 3431 ipse,
3620 3360 3773 3413 sitni-

2178 3459 2305 3515 liter
2338 3474 2402 3514 ac
2438 3474 2558 3522 nos,
2584 3456 2925 3528 partieipavit
2952 3456 3202 3527 sanguini
3231 3465 3284 3509 et
3309 3455 3481 3517 carni,
3505 3464 3559 3507 et
3588 3467 3650 3505 ea
3681 3466 3772 3504 res

2178 3564 2402 3605 causam
2459 3549 2623 3603 habet
2685 3548 3035 3616 conjunctam
3081 3548 3263 3601 statim
3311 3561 3375 3599 ae
3423 3544 3726 3613 proximam
3753 3558 3771 3607 ;

2179 3642 2442 3710 scriptum
2487 3648 2574 3694 est
2620 3639 2764 3693 enim
2798 3654 2813 3694 :
2854 3658 2872 3690 ι
2900 3637 3035 3691 Nam
3088 3640 3232 3707 quod
3287 3635 3620 3704 impossibile
3649 3643 3776 3687 erat

2180 3733 2306 3801 legi,
2345 3732 2400 3785 in
2445 3746 2553 3800 quo
2606 3730 2984 3784 inﬁrmabatur
3030 3730 3085 3783 in
3134 3743 3322 3793 carne,
3376 3727 3517 3781 Deus
3568 3724 3772 3777 Filium

2181 3836 2337 3876 suum
2390 3820 2538 3875 misit
2588 3820 2643 3873 in
2688 3819 3043 3875 similitudine
3084 3818 3269 3873 carnis
3318 3818 3546 3887 peccati.
3599 3827 3657 3869 et
3703 3816 3773 3869 de

2180 3921 2406 3984 peccato
2459 3912 2742 3967 damnavit
2792 3921 3077 3983 peccatum
3113 3913 3166 3966 in
3206 3911 3453 3966 carne“.
3484 3928 3503 3961 ι
3537 3910 3774 3964 Attende

2183 4005 2407 4069 iterum,
2436 4004 2579 4072 quod
2614 4017 2719 4058 non
2754 4003 2915 4059 homo
2943 4000 3207 4057 aﬂ'ectans
3246 4011 3494 4055 naturam
3531 4002 3767 4055 divinam

2183 4096 2518 4162 ostenditur,
2558 4104 2613 4149 et
2660 4096 2729 4149 ad
2776 4096 2898 4165 ejus
2937 4094 3256 4165 dignitatem
3297 4093 3633 4159 ascendens;
3674 4095 3767 4146 sed

2182 4188 2407 4242 mittens
2439 4186 2610 4257 magis
2638 4185 2838 4240 Filium
2870 4202 3026 4241 suum
3061 4186 3203 4241 Deus
3231 4192 3287 4238 et
3319 4183 3507 4251 Pater,
3532 4185 3589 4238 in
3625 4184 3770 4238 simi-

2185 4279 2418 4335 litudine
2473 4278 2654 4335 carnis
2704 4280 2939 4349 peccati,
2998 4286 3059 4333 ut
3108 4280 3413 4334 destrueret
3460 4288 3763 4346 peccatum.

2183 4372 2347 4443 787
2379 4372 2518 4442 Ergo
2554 4371 2805 4436 verbum,
2829 4386 2951 4425 cum
2982 4370 3125 4426 Deus
3154 4372 3245 4435 sit,
3283 4384 3343 4425 se
3374 4370 3426 4425 in
3462 4370 3772 4424 exinanita—

493 4462 547 4514 itt
583 4457 994 4513 similitudinem
1025 4456 1301 4509 hominum
1337 4454 1510 4508 factus
1532 4461 1637 4517 est,
1666 4454 1757 4523 qui
1797 4454 1849 4508 id
1880 4464 2001 4507 erat
2024 4463 2080 4510 et
2108 4472 2157 4532 ο
2186 4474 2291 4519 rem
2325 4465 2490 4518 horno
2524 4453 2698 4517 factus
2727 4462 2971 4526 immisit,
3007 4472 3062 4517 et
3095 4476 3200 4516 non
3238 4461 3402 4516 homo
3424 4461 3770 4530 simpliciter,

494 4564 652 4607 antea
671 4565 768 4621 per
788 4560 1060 4612 naturam,
1080 4549 1179 4601 etsi
1208 4548 1258 4602 id
1283 4547 1457 4601 factus
1482 4547 1621 4602 forte
1637 4562 1742 4601 non
1766 4546 2075 4601 diceretur?

494 4645 596 4702 Ubi
631 4654 809 4698 autem
856 4641 1169 4696 exinanitus
1217 4649 1321 4705 est,
1360 4653 1647 4694 assumens
1682 4637 2071 4709 plenitudinem

1107 4774 1258 4831 CAP.
1300 4772 1439 4828 Xlll.

595 4891 747 4956 Quod
770 4890 1011 4944 Christus
1035 4888 1192 4943 Iesus
1215 4901 1425 4942 vocetur
1442 4887 1601 4941 homo
1624 4887 1796 4955 factus
1816 4885 1959 4941 Deus

1162 4958 1404 5012 Verbum.

562 5075 992 5144 Dispensationis
1013 5074 1277 5128 iucaruati
1297 5071 1574 5141 Uuigeniti
1600 5072 1916 5142 mysterium
1939 5073 2067 5127 sub-

488 5167 633 5219 tilius
684 5167 1123 5228 considerantes,
1179 5165 1228 5216 id
1277 5163 1589 5226 “serimus,
1652 5163 1809 5216 Iidem
1865 5172 2065 5217 rectam

486 5268 767 5309 aurvatttes
801 5267 855 5310 et
876 5272 1062 5309 veram
1088 5273 1104 5309 :
1132 5256 1276 5323 quod
1302 5255 1473 5324 ipsum
1494 5252 1671 5308 Patris
1695 5254 1787 5308 Dei
1813 5253 2066 5321 Verbum,

490 5347 626 5400 Deus
661 5364 818 5401 verus
840 5364 905 5402 ex
936 5347 1047 5401 Deo
1079 5362 1230 5410 vero,
1267 5356 1318 5400 et
1350 5345 1530 5398 lumen
1595 5346 1662 5398 de
1722 5345 1946 5413 lumine,
1980 5346 2064 5399 itt-

2148 4553 2420 4643 ‘divinatn
2461 4553 2688 4625 gloriam
2727 4552 3010 4620 aﬂectans,
3047 4554 3301 4609 Christus
3340 4554 3578 4608 videtur.

2739 4775 2989 4829 ΚΕΦΑΛ.
3030 4775 3127 4829 II".

2180 4889 2310 4943 "Ott
2336 4890 2591 4958 Χριστὸς
2619 4889 2860 4956 Ἰησοῦς
2878 4888 3143 4943 καλεῖται
3174 4887 3433 4958 γεγονὼς
3452 4886 3769 4954 ἅνθρωπος

2670 4963 2702 5014 ὀ
2734 4960 2842 5015 τοῦ
2881 4959 3029 5014 Θεοῦ
3052 4962 3262 5028 Λόγος.

2247 5074 2360 5145 Τῆς
2430 5074 2570 5145 μετὰ
2625 5073 2830 5145 σαρκὸς
2894 5074 3211 5142 οἰκονομίας
3274 5070 3369 5125 τοῦ
3423 5052 3767 5139 Μάνογενοῦς

2174 5166 2657 5237 πολυπραγμονεῖν
2731 5163 3014 5227 ἐθέλοντες
3066 5164 3129 5217 τὸ
3184 5163 3525 5233 μυστήριον,
3587 5158 3766 5212 ἐκεῖνό

2176 5274 2377 5328 φαμεν,
2414 5257 2570 5323 δόξαν
2598 5257 2811 5328 ἔχοντες
2849 5256 3049 5326 ἀληθῆ,
3088 5257 3182 5309 καὶ
3214 5255 3398 5306 πίστιν
3428 5253 3621 5324 ὀρθὴν,
3651 5255 3765 5306 ὅτι-

2170 5366 2282 5420 περ
2330 5349 2492 5414 αὐτὸς
2536 5350 2565 5400 ὁ
2614 5351 2678 5402 ὲκ
2729 5348 2864 5401 Θεοῦ
2918 5348 3131 5419 lla-cpe;
3169 5349 3360 5415 Λόγος,
3414 5348 3443 5399 ὁ
3508 5344 3764 5418 ἀληθινὸς

559 5550 606 5579 ιε
644 5550 797 5601 Rom.
824 5522 882 5609 ἰι,
920 5548 1004 5600 l4.
1083 5547 1125 5577 δ’
1164 5546 1397 5614 Philipp.
1432 5562 1488 5609 ιι,
1520 5544 1677 5599 6-H.
1759 5544 1802 5575 ’θ
1843 5545 2005 5600 Ilebr.
2036 5561 2069 5598 ιι

2170 5546 2218 5611 6,
2255 5548 2341 5602 17.
2422 5550 2466 5581 ³⁹
2504 5550 2634 5607 Ibid.
2666 5550 2864 5618 “,15.
2943 5549 2989 5583 ⁸ο
3026 5548 3180 5603 Rom.
3206 5562 3322 5612 vm,
3349 5546 3403 5601 5.

556 5730 637 5801 (1)
680 5729 864 5783 Baluz.
908 5730 1032 5799 legit
1071 5731 1124 5781 in
1173 5744 1268 5799 pro
1308 5729 1436 5799 sine,
1482 5730 1704 5796 rectius,
1749 5740 1803 5783 ut
1843 5730 2073 5786 videtur.
2118 5724 2272 5786 ΕΒΗ.
