4082 6258
308 378 446 434 1⁸585

1228 375 1520 433 SCllOLlA
1561 374 1650 428 DE
1691 369 2201 427 INCARNATIONE
2239 369 2612 427 UNIGENITI.

3411 365 3552 421 1336

303 492 455 570 βεὺς,
485 493 513 546 ὁ
536 493 598 546 ἐκ
626 492 758 546 Θεοῦ
784 493 1063 565 ἀληθινοῦ,
1105 495 1165 547 τὸ
1205 495 1321 563 φῶς
1347 494 1408 546 τὸ
1439 494 1504 545 ἐκ
1540 491 1634 545 τοῦ
1675 491 1873 559 φωτὸς,

1982 496 2260 543 caritatum
2294 488 2385 553 sit,
2422 496 2477 541 et
2501 488 2658 542 homo
2707 485 2929 549 factum,
2977 491 3031 539 et
3075 479 3448 540 descenderit.
3506 494 3561 537 et

305 581 592 653 ἐσαρκώθη
633 599 691 635 τε
732 584 828 635 καὶ
864 582 1254 654 ὲνηνθρὼπησε
1278 601 1291 615 ’
1327 581 1621 652 κατῆλθεν,
1652 581 1875 642 ἔπαθεν,

302 674 599 744 ἐγήγερται
638 673 694 726 δὲ
735 676 800 727 ὲκ
826 674 1052 743 νεκρῶν.
1097 675 1343 744 Ὠρίσατο
1383 673 1493 743 γὰρ
1519 672 1660 726 οὕτω
1690 672 1751 725 τὸ
1781 671 1880 740 τῆς

303 766 539 826 πίστεως
560 763 889 835 Σύμϐολον-ἡ
917 756 1047 834 ἁγία
1075 783 1133 819 τε
1165 767 1261 819 καὶ
1281 767 1492 837 μεγάλη
1522 766 1745 828 Σύνοδος

371 855 791 924 Διερευνώμενοι
837 855 894 908 δὲ
940 857 1034 909 καὶ
1069 856 1259 926 μαθεῖν
1293 857 1568 920 ἐθέλοντες
1612 858 1640 909 ὅ
1664 857 1716 910 τι
1751 855 1881 910 ποτὲ

301 949 417 1000 ἐστι
440 950 559 1000 κατ’
590 948 868 1018 ἀλήθειαν,
898 949 959 1002 τὸ
988 951 1340 1021 σαρκωθῆναί
1382 968 1439 1004 τε
1471 953 1562 1003 καὶ
1597 949 1878 1020 ἐνανθρω-

302 1040 471 1109 στῆσαι
502 1038 590 1091 τὸν
613 1040 805 1108 Λόγον,
840 1040 1298 1112 καταθρήσωμεν,
1341 1044 1423 1095 ὅτι
1454 1042 1553 1095 ούκ
1592 1041 1878 1112 ἄνθρωπόν

304 1133 415 1182 ἐστι
447 1131 773 1201 προσλαϐεῖν
796 1131 872 1195 ὡς
904 1134 961 1185 ὲν
989 1135 1254 1204 συναφείᾳ
1276 1137 1342 1205 τῇ
1375 1135 1518 1188 κατά
1546 1151 1609 1203 γε
1644 1135 1739 1204 τὴν
1770 1136 1878 1188 ἰσό-

306 1237 438 1290 τητα
468 1222 566 1289 τῆς
588 1221 762 1287 ἀξίας,
792 1223 959 1293 ἤγουν
985 1224 1292 1291 αύθεντίας,
1333 1226 1365 1295 ἦ
1395 1227 1488 1278 καὶ
1533 1226 1673 1278 κατὰ
1710 1227 1878 1296 μόνην

300 1314 395 1382 τῆς
421 1315 666 1384 υίότητος
696 1316 1034 1385 ὁμωνυμίαν,
1071 1317 1273 1385 μᾶλλον
1294 1319 1349 1371 δὲ
1381 1318 1440 1371 τὸ
1466 1319 1722 1386 γενέσθαι
1755 1318 1875 1371 καθ’

300 1405 446 1474 ἡμᾶς
473 1405 780 1476 ἄνθρωπον,
813 1407 952 1478 μετὰ
980 1408 1073 1461 τοῦ
1118 1409 1403 1481 ἀτρέπτως
1444 1413 1538 1464 καὶ
1582 1410 1876 1464 ἁναλλοιώ-

299 1512 405 1559 τως
434 1496 574 1566 ἔχειν
603 1497 988 1552 ἀνασώσασθαι
1031 1503 1096 1570 τῇ
1147 1501 1256 1573 ἰδίᾳ
1294 1502 1454 1571 φύσει
1492 1504 1582 1555 τὸν
1615 1504 1673 1556 ἐν
1705 1520 1875 1574 προσ-

299 1587 458 1657 λήψει
485 1589 683 1660 σαρκὸς
722 1591 815 1643 καὶ
850 1592 1080 1661 αἵματος
1106 1595 1466 1664 οἰκονομικῶς
1497 1597 1773 1663 γεγονότα.

370 1755 465 1823 Εἷς
498 1760 594 1829 μὲν
626 1756 716 1815 οὖν
741 1765 885 1816 ἐστιν
904 1765 1010 1835 ἄρα
1035 1766 1140 1836 πρὸ
1170 1768 1266 1837 μὲν
1286 1770 1382 1839 τῆς
1405 1770 1873 1843 ὲνανθρωπήσεως

1981 594 2195 649 passum
2227 580 2318 640 sit.
2344 589 2398 633 et
2422 578 2723 632 surrexerit
2752 592 2817 632 ex
2865 576 3113 631 mortuis.
3140 575 3213 629 Ita
3245 575 3386 629 enim
3415 574 3550 630 deti-

1982 672 2114 726 nivit
2152 671 2275 726 fidei
2317 669 2628 742 Symbolum
2661 669 2911 740 Synodus
2948 683 3145 739 magna
3182 675 3237 722 et
3272 677 3481 726 sancta.

2051 847 2432 918 Perquirentes
2459 856 2636 901 autem
2671 856 2724 902 et
2769 861 2887 914 nos,
2916 856 2972 900 et
2995 844 3306 900 discernere
3328 844 3558 911 cupien-

1982 950 2085 1003 tes,
2115 941 2242 1011 quid
2273 940 2344 993 sit
2373 942 2608 1003 tandem,
2641 940 2978 993 incarnatum
3012 951 3152 1002 esse,
3183 946 3237 990 et
3280 935 3554 988 hominem

1981 1032 2182 1086 factum
2221 1032 2309 1085 Dei
2343 1030 2574 1085 Verlmm
2608 1049 2621 1084 :
2650 1032 2943 1092 cernimus,
2972 1030 3113 1098 quod
3156 1044 3260 1082 non
3310 1028 3414 1081 hoc
3451 1036 3552 1090 est,

1983 1123 2252 1176 hominem
2299 1136 2575 1176 assumere
2607 1131 2860 1188 tanquam
2907 1118 2962 1173 ir't
2998 1117 3401 1186 conjunctione,
3436 1111 3554 1184 qua:

1982 1213 2075 1265 ﬁat
2121 1227 2219 1281 per
2262 1212 2623 1280 mqnalitatem
2671 1212 2968 1280 dignitatis,
3020 1210 3137 1264 sive
3187 1209 3552 1271 auctoritatis,

1981 1303 2062 1357 vel
2086 1318 2179 1373 per
2198 1304 2366 1358 solam
2394 1304 2632 1358 ﬁlietatis
2657 1302 3010 1373 ὁμωνυμίαν;
3040 1300 3209 1370 magis
3234 1312 3410 1353 autem
3437 1297 3554 1353 ﬁeri

1974 1393 2126 1460 juxta
2162 1410 2260 1450 nos
2294 1395 2564 1449 hominem
2601 1395 2717 1465 (ita
2760 1403 2935 1448 tamen
2986 1403 3044 1445 ut
3091 1390 3233 1443 nulla
3275 1390 3555 1444 conversio

1978 1488 2060 1541 vel
2093 1489 2446 1542 commutatio
2483 1486 2888 1556 subsequatur),
2916 1493 2971 1537 et
3013 1483 3298 1538 sublevare
3349 1481 3556 1551 pariter

1978 1594 2098 1632 cum
2129 1595 2223 1633 sua
2261 1587 2453 1633 natura
2478 1594 2600 1636 eum
2646 1579 2737 1647 qui
2771 1580 2823 1632 in
2854 1575 3224 1645 assumptione
3255 1572 3554 1627 iuitcarnis

1976 1677 2029 1724 et
2067 1671 2347 1741 sanguinis
2382 1671 2802 1740 disiiensatorie.

2050 1761 2200 1816 Unus
2236 1763 2398 1832 igitur
2434 1775 2540 1828 est,
2569 1763 2663 1833 qui
2695 1773 2820 1816 ante
2847 1761 3273 1815 incarnationem
3310 1775 3338 1811 a
3375 1757 3552 1813 divina

298 1850 705 1921 ὀνομαζόμενος
754 1853 840 1907 διὰ
892 1856 991 1924 τῆς
1020 1856 1388 1912 θεοπνεύστου
1435 1861 1656 1932 Γραφῆς
1704 1865 1877 1917 Μονο·

1982 1854 2264 1923 Scriptura
2301 1854 2631 1914 nominatur,
2648 1865 2704 1908 et
2739 1852 3083 1923 Unigenitus,
3124 1864 3177 1905 et
3204 1850 3464 1913 Verbum,
3500 1858 3557 1901 et

297 1943 482 2012 γενὴς,
522 1944 618 1996 καὶ
646 1945 832 2014 Λόγος,
877 1947 971 1999 καὶ
1009 1948 1160 2012 Θεὸς,
1204 1951 1294 2002 καὶ
1328 1950 1513 2016 εἰκὼν,
1561 1955 1655 2007 καὶ
1699 1956 1875 2008 ἀπαύ-

298 2049 509 2101 γασμα.
555 2034 646 2084 καὶ
676 2036 964 2106 χαρακτὴρ
999 2038 1096 2107 τῆς
1136 2039 1486 2104 ὑποστάσεως
1514 2042 1605 2094 τοῦ
1644 2045 1871 2114 Πατρος,

299 2119 431 2192 ζωὴ·
481 2121 625 2187 δόξαν
674 2123 810 2191 φῶς,
863 2127 1044 2195 σοφία,
1087 2127 1334 2198 δύναμις,
1401 2131 1665 2202 βραχίων,
1703 2133 1872 2199 δεξιὰ,

300 2212 540 2282 ὕψιστος,
598 2214 1062 2286 μεγαλοπρέπεια,
1107 2219 1308 2288 Κύριος
1333 2222 1581 2286 Σαϐαὼθ,
1627 2227 1722 2277 καὶ
1755 2228 1874 2279 ἐτέ-

305 2321 417 2376 ροις
455 2306 567 2357 ’τισὶ⁵
606 2306 867 2371 τοιούτοις
895 2309 1143 2380 ὀνόμασι,
1176 2315 1285 2374 τοῖς
1316 2314 1533 2384 ἀληθῶς
1579 2315 1875 2388 θεοπρεπε-

303 2395 549 2458 στάτοιςσ
594 2397 731 2466 μετά
764 2398 821 2450 δέ.
866 2416 929 2466 γε
968 2401 1064 2471 τὴν
1111 2402 1545 2475 ἐνανθρὼπησιν,
1588 2406 1875 2478 ἄνθρωπος

302 2486 533 2555 Χριστὸς
577 2487 801 2557 Ἰησοῦς,
840 2490 1172 2562 ἱλαστήριον,
1227 2495 1474 2565 μεσίτης,
1508 2498 1729 2569 ἀπαρχὴ
1768 2501 1875 2552 τῶν

303 2579 738 2648 κεκοιμημένων,
790 2584 1132 2650 πρωτότοκος
1191 2588 1254 2638 ἐκ
1320 2588 1549 2658 νεκρῶν,
1624 2590 1875 2662 δεύτερος

317 2668 505 2738 Ἀδὰμ,
543 2670 751 2741 κεφαλὴ
780 2671 872 2724 τοῦ
925 2672 1176 2743 σώματος
1220 2675 1318 2745 τῆς
1357 2679 1701 2749 Ἐκκλησίας,
1751 2683 1874 2734 ἐπο-

300 2761 481 2830 μένων
503 2762 652 2832 αὐτῷ
681 2764 774 2816 καὶ
806 2765 913 2816 τῶν
938 2768 995 2817 ἐν
1022 2767 1212 2835 ἀρχαῖς
1233 2769 1531 2838 ὀνομάτων.
1563 2773 1747 2826 Πάντα
1767 2775 1875 2845 γὰρ

299 2852 484 2916 αὑτοῦ,
516 2853 584 2907 τά
621 2871 679 2907 τε
717 2855 932 2924 πρῶτα,
959 2858 1050 2909 καὶ
1086 2858 1151 2909 τὰ
1192 2859 1246 2910 ἐν
1279 2860 1524 2929 ἐσχάτοις
1557 2862 1648 2915 τοῦ
1682 2866 1875 2928 αξςῖδνος

299 2946 530 3014 καιροῖς.

370 3031 465 3099 Εἷς
493 3037 599 3106 ἄρα
624 3039 774 3091 ἐστὶν
795 3041 821 3092 ὀ
859 3041 948 3092 καὶ
981 3042 1083 3111 πρὸ
1110 3042 1205 3110 τῆς
1244 3044 1710 3119 ὲνανθρωπήσεως
1742 3050 1874 3113 Θεὸς

300 3126 573 3196 ἀληθινὸς,
612 3129 707 3182 καὶ
746 3132 803 3181 ὲν
832 3130 1212 3201 ἀνθρωπότητι
1267 3138 1591 3207 μεμενηκὼς
1623 3141 1759 3212 ὅπερ
1781 3139 1868 3212 ἧν.
1904 3189 1945 3212 ,,

1926 3225 1944 3245 ί
1975 3226 2151 3282 etest,
2171 3227 2225 3271 et
2249 3218 2370 3271 erit.
2401 3217 2515 3273 Non
2542 3219 2927 3273 discernendus
2954 3217 3115 3290 igitur
3141 3233 3280 3270 unus
3301 3217 3556 3269 Dominus

300 3219 394 3270 καὶ
424 3218 560 3284 ἔστι,
606 3221 699 3273 καὶ
740 3221 912 3275 ἔσται.
946 3223 1019 3275 Ού
1053 3225 1351 3296 διοριστέον
1386 3224 1477 3281 ούν
1512 3230 1620 3300 ἄρα
1652 3231 1744 3285 τὸν
1775 3234 1872 3286 ἕνα

301 3309 505 3381 Κύριον
541 3311 747 3382 Ἰησοῦν
793 3315 1046 3385 Χριστὸν,
1097 3319 1175 3380 εἰς
1219 3319 1398 3384 ἰδ.κῶς
1436 3320 1749 3391 ἄνθρωπον,
1780 3327 1873 3378 καὶ

303 3403 382 3464 εἰς
426 3401 556 3454 Θεὸν
592 3403 792 3466 ιδικῶς,
836 3406 950 3458 ἀλλ’
1003 3407 1096 3461 ἕνα
1155 3409 1247 3460 καὶ
1307 3411 1396 3461 τὸν
1459 3412 1621 3464 αὑτὸν
1669 3414 1872 3483 Ἰησοῦν

307 3492 540 3561 Χριστόν
566 3512 745 3563 φαμεν
775 3492 937 3559 εἶναι,
971 3498 1070 3566 τὴν
1097 3498 1203 3550 τῶν
1238 3499 1450 3567 φύσεων
1480 3503 1677 3564 εἰδότες
1700 3503 1874 3572 διαχεο-

304 3582 423 3653 ρὰν,
472 3584 566 3636 καὶ
610 3584 949 3654 ἀσυγχύτους
990 3587 1247 3657 ἀλλήλαις
1291 3589 1583 3660 τηροῦντες
1612 3590 1800 3654 αὐτάς.

376 3673 542 3726 Ὅταν
589 3672 682 3727 οὖν
721 3674 855 3748 λέγῃ
884 3677 941 3728 τὸ
974 3678 1210 3748 Γρὰμμα
1243 3680 1305 3732 τὸ
1342 3681 1508 3752 ἱερὸν,
1545 3683 1627 3736 ὅτι
1658 3686 1716 3737 ὲν
1746 3687 1876 3754 X9:-

303 3765 413 3835 στῴ
453 3788 469 3814 ι
511 3767 796 3837 κατῴκησε
820 3770 927 3822 πᾶν
955 3770 1015 3821 τὸ
1055 3772 1326 3842 πλήρωμα
1357 3775 1452 3844 τῆς
1491 3774 1740 3846 θεότητος
1775 3796 1873 3828 σω-

305 3856 572 3926 ματικῶς,
596 3878 612 3907 ι
645 3859 705 3909 οὐ
735 3859 821 3911 διὰ
842 3861 997 3913 τοῦτό
1026 3880 1226 3931 φαμεν,
1262 3866 1336 3929 ὡς
1372 3869 1428 3919 ἐν
1458 3867 1627 3938 ἑτέρῳ
1653 3869 1875 3938 Χριστῷ

301 3947 379 4017 τῷ
432 3946 723 4018 ἀνθρώπῳ,
785 3953 1098 4020 καταμόνας
1153 3958 1630 4024 κατοικῆσαιητὸν
1681 3959 1873 4021 Λόγον·

304 4036 427 4090 οὔτε
501 4038 605 4109 μὴν
656 4039 989 4104 διασπῶντες
1048 4043 1293 4111 ἀλλήλων
1344 4045 1411 4095 τὰ
1470 4046 1724 4112 ἡνωμένα
1783 4045 1877 4095 δύο

304 4127 530 4197 νοοῦμεν
573 4130 754 4191 υἱούςο
807 4133 983 4181 ἐκεῖνο
1017 4131 1073 4181 δὲ
1110 4132 1329 4199 μᾶλλον,
1374 4133 1455 4184 ὅτι
1485 4134 1718 4202 Χριστὸν
1762 4136 1877 4186 ὀνο-

309 4216 468 4286 μάζει
509 4218 570 4268 τὸ
614 4218 846 4286 Γράμμα
882 4218 942 4269 τὸ
983 4219 1145 4289 ἱερὸν,
1198 4222 1291 4272 καὶ
1320 4221 1394 4283 ὡς
1440 4224 1501 4274 ἐκ
1530 4224 1724 4292 μέρους
1764 4224 1876 4277 ἔσθ’

304 4311 416 4370 ὅτε,
448 4308 545 4378 τὴν
571 4308 968 4378 ἀνθρωπότητα
992 4309 1084 4362 τοῦ
1116 4311 1250 4362 ε’)εοῦ
1291 4314 1466 4380 Λᾲγου
1495 4315 1630 4366 ἰδίαν
1657 4315 1795 4385 ἔχων
1822 4319 1878 4368 ὲν

304 4394 456 4458 τάξει
499 4395 789 4463 πεποίηται
842 4396 991 4451 ναοῦ.
1024 4398 1336 4469 Γέγραπται
1383 4402 1437 4454 δέ
1473 4420 1574 4456 που
1614 4407 1708 4458 καὶ
1751 4407 1878 4477 περὶ

304 4486 412 4538 τῶν
460 4485 814 4555 ἀνθρωπίνων
872 4486 1059 4558 ψυχῶν
1090 4507 1102 4520 ·
1140 4492 1322 4555 (Τοὺς
1379 4493 1434 4546 δὲ
1488 4495 1876 4560 κατοικοῦντας

1981 4503 2035 4546 et
2081 4493 2147 4547 de
2200 4497 2484 4548 animabus
2536 4495 2784 4548 humanis

304 4576 483 4637 οἰκίας
512 4575 759 4646 πηλίνας,
791 4576 850 4642 ἐξ
875 4572 947 4631 ὧν
990 4580 1084 4633 καὶ
1111 4582 1264 4635 αὐτοὶ
1294 4584 1358 4636 ἐκ
1395 4584 1489 4636 τοῦ
1516 4586 1680 4638 αὐτοῦ
1705 4588 1878 4656 πηλοῦ

307 4667 496 4737 ἐσμεν.
530 4685 547 4717 ι
583 4662 711 4737 ’Ἆρ’
738 4662 831 4720 οὖν
863 4669 1161 4742 ἐπειδήπερ
1193 4673 1371 4736 οἰκίας
1422 4673 1650 4741 πηλίνας
1678 4677 1746 4730 τὰ
1774 4678 1881 4731 τῶν

305 4757 605 4826 ἀνθρώπων
643 4757 899 4829 ὀνομάζει
926 4759 1173 4830 σώματα,
1199 4762 1599 4818 διαϐεϐαιοῦται
1624 4766 1678 4818 δὲ
1705 4784 1881 4821 κατοι-

307 4850 424 4901 κεῖν
452 4852 514 4903 ὲν
556 4848 749 4912 αὐταῖς
790 4853 889 4914 τὰς
937 4852 1136 4922 ψυχὰς,
1192 4854 1271 4915 εἰς
1318 4853 1412 4907 δύο
1460 4859 1877 4930 κατατεμοῦμεν

305 4935 621 5006 ἀνθρώπους
671 4939 762 4992 τὸν
810 4941 945 5008 Eva;
1010 4943 1202 4996 Καίτοι
1261 4944 1376 5007 πῶς
1434 4947 1533 5000 οὐκ
1577 4948 1880 5021 ἀμώμητον

306 5029 603 5094 παντελῶς,
638 5032 698 5084 τὸ
723 5033 813 5085 καὶ
847 5035 904 5085 ἐν
934 5032 1205 5106 ἀνθρώπῳ
1235 5035 1484 5105 λέγεσθαι
1513 5045 1786 5096 κατοικεῖν
1817 5045 1875 5097 τὸ

312 5126 530 5195 πνεῦμα
570 5129 769 5194 αὐτούς
804 5131 968 5183 Ὥστε
1021 5132 1123 5184 κᾶν
1164 5134 1211 5184 εἰ
1258 5133 1318 5185 τὸ
1355 5134 1449 5188 τοῦ
1490 5136 1648 5203 λόγου
1691 5139 1875 5209 σχῆμα

307 5218 393 5270 διὰ
449 5219 701 5273 τοιούτων
742 5222 961 5292 ἔρχεται
1017 5223 1270 5293 τρόπων.
1331 5224 1428 5295 οὐχ
1476 5227 1678 5297 ἑτέρως
1733 5229 1873 5300 ἔχειν

306 5308 621 5382 δυνάμενον,
688 5310 746 5362 ού
807 5313 903 5373 τὰς
970 5311 1080 5364 τῶν
1155 5312 1495 5382 πραγμάτων
1569 5315 1871 5372 ἀδικεῖσθαι

308 5400 496 5469 φύσεις
526 5400 613 5453 διὰ
653 5399 812 5452 τοῦτο
848 5400 1066 5469 πρέπει,
1103 5403 1299 5453 ὲννοεῖν
1339 5401 1394 5453 δὲ
1442 5401 1641 5470 μᾶλλον
1682 5405 1870 5473 αὐτὰς,

308 5491 401 5545 tu).
429 5488 663 5543 κατευθὺ
692 5488 791 5557 τῆς
814 5488 1071 5558 ἀληθείας
1101 5490 1441 5544 διασπεύδειν
1466 5493 1797 5562 ἐπείγεσθαι.

382 5624 426 5655 ⁸³
480 5623 687 5677 Coloss.
718 5638 778 5687 tt,
806 5626 861 5678 9.
938 5622 982 5653 “
1010 5622 1111 5678 Job
1136 5640 1208 5687 tv,
1236 5624 1323 5678 l9.

1978 1947 2142 2012 Deus,
2183 1955 2238 1999 et
2281 1947 2478 2016 imago,
2507 1956 2561 2000 et
2588 1945 2868 2005 lumen,et
2894 1944 3062 2012 ﬁgura
3097 1942 3416 1996 substantiae
3453 1940 3558 1993 Pa-

1982 2037 2098 2102 tris,
2128 2048 2183 2091 et
2220 2038 2353 2100 vita,
2386 2047 2439 2091 et
2468 2036 2660 2106 gloria,
2689 2045 2743 2090 et
2781 2034 3055 2104 splendor,
3095 2044 3150 2088 et
3180 2033 3464 2102 sapientia,
3500 2041 3558 2086 et

1978 2128 2170 2189 virtus,
2196 2136 2252 2181 et
2282 2128 2583 2191 brachium,
2611 2137 2666 2181 et
2695 2129 2904 2192 dextra,
2936 2136 2987 2181 et
3016 2125 3343 2191 Altissimus,
3367 2135 3421 2179 et
3442 2141 3556 2179 ma-

1976 2216 2304 2286 gniﬁcentia,
2342 2227 2395 2271 et
2422 2217 2680 2272 Dominus
2702 2214 2962 2281 Sabaoth,
2995 2226 3047 2270 et
3073 2216 3196 2270 aliis
3232 2216 3434 2269 talibus
3461 2231 3553 2270 no-

1979 2310 2235 2371 minibus,
2263 2325 2383 2377 qua‘:
2424 2322 2550 2361 vere
2587 2308 2918 2363 conveniunt
2956 2308 3161 2361 deitati.
3198 2307 3328 2361 Post
3376 2310 3557 2361 incar-

1979 2399 2251 2454 nationem
2295 2414 2425 2454 vero
2465 2401 2648 2462 homo,
2693 2397 2965 2465 Christus,
3000 2398 3178 2464 Jesus,
3235 2399 3555 2469 pmpitiato-

1980 2492 2138 2555 rium,
2183 2492 2465 2554 mediator,
2524 2492 2776 2561 primitiae
2831 2491 3236 2554 dormientium,
3286 2492 3580 2560 primoge-.

1978 2583 2123 2637 nitus
2167 2599 2198 2636 a
2246 2583 2501 2646 mortuis,
2543 2583 2810 2637 secundus
2860 2584 3070 2646 Adam,
3110 2592 3272 2651 caput
3312 2584 3556 2651 corporis

1980 2673 2252 2739 Ecclesia,
2270 2690 2391 2729 cum
2417 2690 2540 2729 eum
2564 2676 2727 2729 etiam
2759 2675 2976 2729 nomina
3008 2675 3186 2747 prisca
3210 2684 3509 2744 sequantur
3537 2692 3552 2726 :

1978 2766 2156 2820 omnia
2191 2769 2335 2820 enim
2371 2767 2537 2836 ipsius
2567 2768 2781 2834 propria
2836 2775 2987 2831 sunt,
3017 2777 3069 2821 et
3098 2767 3300 2837 priora,
3351 2777 3406 2821 et
3434 2782 3557 2836 quat

1979 2858 2284 2913 novissimis
2316 2859 2457 2914 facta
2488 2858 2840 2930 temporibus.

2048 3034 2195 3089 Unus
2225 3036 2383 3104 igitur
2408 3044 2509 3099 est,
2550 3043 2603 3090 et
2627 3035 2719 3104 qui
2771 3045 2895 3089 ante
2937 3034 3363 3088 incarnationem
3416 3035 3556 3087 Deus

1977 3136 2095 3181 erat
2119 3141 2297 3189 verus,
2327 3127 2485 3196 etqui
2519 3127 2571 3179 in
2602 3127 2935 3180 humanitate
2961 3125 3227 3180 mansitid
3245 3125 3553 3194 quioderat,

1975 3307 2131 3363 Jesus
2159 3309 2422 3376 Christus,
2457 3311 2508 3363 in
2538 3311 2807 3364 hominem
2840 3324 3116 3372 seorsum,
3142 3318 3198 3363 et
3230 3324 3473 3362 seorsum
3501 3307 3553 3360 in

1978 3401 2144 3455 Deum
2173 3419 2187 3467 ;
2218 3402 2311 3455 sed
2342 3417 2503 3455 unum
2545 3402 2897 3469 ettmilemque
2922 3400 3103 3454 Jesum
3134 3400 3410 3454 Christum
3436 3414 3555 3453 esse

1979 3493 2238 3556 dicimus,
2281 3509 2385 3546 non
2444 3493 2753 3562 ignorantes
2799 3492 3157 3546 differentiam
3215 3501 3555 3553 naturarum,

1977 3586 2145 3656 788
2173 3585 2267 3640 sed
2296 3602 2387 3640 eas
2427 3587 2736 3639 inconfusus
2767 3587 2907 3639 inter
2938 3601 3059 3639 sese
3085 3596 3383 3640 servantes.

2051 3676 2274 3743 Quoties
2304 3677 2468 3743 igitur
2498 3676 2698 3730 Littera
2730 3680 3303 3747 sacra‘commemorat
3328 3675 3471 3743 quod
3501 3675 3552 3728 in

1975 3769 2199 3824 Christo
2248 3788 2266 3819 ι
2318 3768 2638 3823 inhabitavit
2681 3769 2864 3823 omnis
2919 3768 3191 3835 plenitudo
3257 3767 3556 3821 divinitatis

1977 3861 2332 3930 corporaliter
2363 3860 2406 3890 “
2438 3877 2453 3923 ;
2496 3880 2513 3909 ι
2549 3876 2653 3912 non
2687 3861 2806 3912 ideo
2835 3860 3061 3912 dicimus
3085 3867 3337 3925 tanquam
3369 3857 3420 3909 in
3447 3857 3553 3909 alio

1979 3952 2213 4012 Christo,
2251 3952 2302 4002 itt
2330 3949 2545 4001 homine
2577 3964 2820 4001 seorsum
2852 3949 3186 4001 inhabitasse
3215 3948 3380 4001 Deum
3414 3947 3548 4001 Ver-

1979 4039 2102 4090 bum
2134 4053 2148 4101 ;
2181 4051 2279 4088 nec
2310 4049 2470 4103 porro
2501 4035 2799 4089 dividentes
2827 4051 2890 4089 ea
2922 4050 3039 4104 quae
3070 4037 3215 4089 unita
3242 4046 3389 4097 sunt,
3417 4037 3549 4089 duos

1980 4127 2328 4195 intelligimus
2368 4125 2532 4190 filios;
2581 4126 2707 4180 illud
2733 4134 2913 4180 autem
2952 4128 3152 4192 magis,
3190 4128 3330 4194 quod
3389 4125 3542 4182 Chri-

1979 4231 2119 4272 stum
2153 4219 2395 4272 nominat
2426 4216 2625 4272 Littera
2653 4232 2808 4272 sacra
2840 4233 2906 4271 ex
2945 4229 3097 4288 parte
3146 4234 3553 4290 nonnunquam,

1979 4310 2194 4376 etquod
2250 4309 2635 4364 humanitatem
2672 4310 2765 4364 Dei
2799 4310 3052 4376 Verbum,
3089 4326 3248 4381 quam
3280 4314 3550 4383 propriam
3606 4294 3615 4301 ’

1983 4402 2172 4466 habet,
2203 4403 2253 4454 in
2287 4403 2456 4456 locum
2508 4404 2684 4470 pOsuit
2709 4403 2910 4472 templi.
2960 4404 3233 4474 Scriptum
3263 4415 3346 4459 est
3373 4414 3551 4460 autem

2830 4513 2842 4548 :
2887 4513 2905 4545 ι
2950 4495 3320 4550 lnhabitantes
3374 4511 3551 4553 autem

1977 4586 2164 4638 (lOIIIOS
2190 4585 2382 4650 luteas,
2419 4587 2486 4638 de
2509 4587 2702 4654 quibus
2736 4595 2787 4639 et
2822 4601 2918 4642 ncs
2966 4603 3033 4642 ex
3062 4590 3250 4642 eodem
3301 4589 3413 4641 luto
3461 4606 3557 4643 su-

1980 4690 2098 4727 mus
2128 4674 2190 4726 ".
2246 4696 2265 4728 ι
2300 4676 2547 4745 Ergone,
2580 4678 2833 4745 quoniam
2870 4678 3040 4731 luteas
3077 4680 3268 4733 domos
3315 4682 3550 4733 humana

1980 4782 2205 4837 corpora
2233 4770 2495 4833 nominat,
2522 4779 2576 4823 et
2601 4768 2832 4823 alﬁrmat
2858 4770 2907 4822 in
2939 4768 3023 4822 his
3048 4770 3257 4824 animas
3284 4771 3554 4836 habitare,

1986 4861 2035 4913 in
2067 4862 2199 4913 duos
2227 4861 2471 4915 homines
2491 4877 2650 4915 unum
2682 4861 2950 4914 hominem
2992 4860 3289 4914 dividemus
3313 4860 3361 4913 ’ἒ-
3391 4862 3552 4929 Atqm

1988 4964 2091 5003 non
2146 4950 2455 5004 irrationale
2485 4951 2704 5005 omnino
2737 4950 2838 5014 sit,
2879 4959 2938 5003 ut
2985 4949 3037 5003 in
3074 4950 3289 5002 homine
3334 4950 3557 5019 spiritus

1983 5056 2115 5096 suus
2157 5041 2461 5097 inhabitare
2500 5043 2726 5096 dicatur.
2771 5042 2939 5109 Ergo,
2975 5042 3075 5096 etsi
3106 5058 3202 5111 per
3249 5041 3554 5110 hujusmodi

1985 5133 2172 5187 modos
2200 5134 2464 5189 orationis
2511 5134 2678 5204 ﬁgura
2743 5135 3019 5201 procedat,
3064 5149 3184 5187 cum
3235 5132 3391 5186 aliter
3441 5133 3553 5185 ﬁeri

1984 5242 2086 5280 non
2124 5226 2312 5296 possit,
2340 5242 2445 5281 non
2476 5237 2652 5279 tamen
2681 5226 2799 5281 ideo
2833 5240 3010 5280 rerum
3033 5225 3305 5293 corrumpi
3334 5234 3553 5278 naturas

1980 5327 2245 5386 Oporteat,
2288 5319 2383 5374 sed
2421 5318 2593 5388 magis
2622 5332 2712 5374 eas
2754 5327 2901 5374 recto
2938 5317 3177 5373 veritatis
3207 5323 3392 5372 tenore
3435 5331 3551 5370 ser-

1979 5427 2117 5465 Vill'l.

381 5761 457 5831 (l)
487 5761 720 5831 Intelligo
749 5777 994 5831 magnam
1027 5761 1168 5815 illam
1201 5775 1253 5818 et
1273 5765 1652 5833 οἱκουμενικὴν
1684 5763 1877 5833 synodu

1978 5763 2270 5820 Nicaanam.

666 5857 930 5917 PATROL.
972 5860 1085 5920 (in.
1122 5858 1350 5918 LXXV.
