4082 6258
532 299 667 357 1⁸38Ὶ
1547 295 1606 351 S.
1648 292 1921 352 CYRILLI
1961 292 2426 351 ALEXANDRINI
2470 293 2788 351 ARCIIIEP.
3638 296 3772 352 {388

600 418 823 485 Quoties
878 417 1040 488 igitur
1093 418 1391 489 quaepiam,
1441 430 1560 486 quae
1612 415 1928 470 dissimilem
1985 422 2110 469 sunt
2138 421 2181 476 Α

2162 422 2181 476 ι
2282 416 2450 470 Ὅταν
2471 417 2651 470 τοίνυν
2677 415 2798 468 τινὰ
2830 413 2935 467 τῶν
2971 414 3220 484 ἀλλήλοις
3248 414 3347 483 οὐχ
3376 413 3569 483 ὁμοίαν
3597 415 3774 486 λαχόν-

528 513 672 566 inter
687 527 748 566 se
765 510 950 565 sortita
977 518 1243 575 naturam,
1263 509 1487 565 collecta
1508 510 1558 563 in
1584 508 1965 563 adunationein
2011 521 2105 574 per

2208 523 2314 558 των
2363 507 2462 577 τὴν
2513 505 2674 575 φύσιν
2715 505 2886 577 ὁρῷτο
2935 505 3323 575 συνειλεγμένα
3363 505 3502 576 πρὸς
3559 508 3770 578 ἑνότητα

527 602 967 671 compositionem
985 601 1233 655 videntur
1261 618 1274 654 :
1300 600 1491 656 deinde
1507 600 1822 653 alterutrum
1852 614 1913 652 ex
1944 596 2028 650 his
2053 597 2103 650 in

2210 595 2354 649 κατά
2403 595 2689 649 σύνθεσιν’
2769 593 2887 649 εἷτα
2942 595 3001 648 τὸ
3045 595 3105 648 δέ
3152 613 3204 648 τι
3261 597 3427 666 τυχὸν
3487 600 3546 652 ἐν
3599 601 3776 671 ἐκείνῳ

513 695 791 748 .alterutro
819 693 1065 747 habitare
1096 692 1311 753 dicitur,
1345 706 1452 745 non
1493 690 1835 744 dividendum
1883 689 1935 743 in
1977 689 2102 751 duo,

2209 683 2421 751 λέγοιτο
2469 680 2764 747 κατοικεῖν,
2814 686 2876 737 οὐ
2938 685 3238 756 διοριστέον
3277 687 3358 747 εἰς
3400 685 3524 751 δύο,
3561 688 3663 756 τῆς
3707 690 3775 752 είς

530 785 871 841 adunationis
917 782 1272 838 conventione
1315 782 1536 836 minime
1565 781 1792 845 violata,
1818 781 1942 834 licet
1992 782 2106 834 suis

2213 776 2440 846 ἑνότητα
2473 775 2777 846 συνδρομῆς
2805 774 2927 828 κατ’
2950 775 3141 828 οὐδένα
3170 774 3371 845 τρόπον
3408 776 3776 849 ἀδικουμένης,

534 875 839 930 nominibus
877 888 974 943 per
1023 887 1144 929 sese
1184 888 1249 927 ea
1307 887 1427 941 qua!
1476 872 1707 926 adunata
1755 882 1882 925 sunt
1931 871 2106 923 uomi-

2209 867 2310 919 κᾶν
2348 869 2395 919 εἰ
2438 867 2543 920 τῶν
2594 867 2887 937 ήνωμένων
2929 866 3191 937 ἑκάτερον
3240 865 3422 930 ίδικῶς
3475 868 3779 938 ὀνομάζοιτο

530 972 726 1019 nentur
753 977 781 1016 α
816 961 991 1016 nobis.
1025 961 1229 1017 Dicitur
1261 975 1513 1030 namque,
1550 968 1609 1013 ut
1645 970 1771 1013 ante
1799 959 1931 1023 dixi,
1969 968 2022 1012 et
2051 959 2103 1012 in

2208 956 2341 1026 πρὸς
2374 957 2554 1027 ⁴ἡμῶν,
2581 957 2728 1010 τοῦθ’
2771 958 2908 1029 ὅπερ
2957 958 3022 1011 ἂν
3067 954 3177 1010 εἷεν
3215 957 3525 1030 ἀμφότερα.
3555 961 3776 1028 Λέγεται

530 1055 751 1110 homine
800 1053 1042 1108 habitare
1099 1053 1324 1122 spiritus
1365 1067 1535 1117 suus,
1565 1067 1665 1105 nec
1723 1062 1898 1105 tamen
1946 1051 2105 1104 homo

2184 1049 2333 1119 γάρ,
2377 1049 2450 1111 ὡς
2479 1049 2635 1118 ἔφην,
2675 1050 2765 1102 καὶ
2792 1052 2849 1102 ἐν
2877 1049 3150 1119 ἀνθρώπῳ
3180 1053 3458 1106 κατοικεῖν
3487 1052 3549 1104 τὸ
3576 1052 3779 1123 πνεῦμα

530 1144 751 1207 dicitur,
772 1153 826 1198 et
851 1157 1090 1197 seorsum
1117 1142 1341 1209 Spiritus
1361 1156 1509 1205 suns,
1546 1155 1787 1195 seorsum
1810 1148 1864 1193 et
1889 1153 2102 1207 corpus.

2207 1139 2409 1191 αὐτοῦ·
2473 1140 2612 1209 πλὴν
2656 1139 2943 1211 ἄνθρωπος
3011 1141 3253 1209 λέγεται,
3320 1144 3416 1196 καὶ
3491 1144 3673 1207 ἰδικῶς
3726 1146 3778 1199 τὸ

530 1235 598 1289 Et
622 1235 724 1289 tale
748 1235 876 1304 qttid
911 1234 1062 1287 nobis
1088 1233 1304 1286 divinus
1348 1231 1539 1285 Paulus
1569 1231 1788 1299 obliqua
1829 1228 2103 1299 significa-

2210 1228 2453 1296 πνεῦμα,
2481 1231 2574 1282 καὶ
2612 1229 2718 1301 μὴν
2748 1231 2842 1284 καὶ
2870 1230 2930 1283 τὸ
2960 1230 3140 1300 σῶμα.
3175 1232 3369 1286 Καίτοι
3398 1233 3639 1289 τοιοῦτον
3661 1237 3777 1306 ἡμῖν

531 1329 676 1380 tione
725 1325 742 1397 [
785 1326 836 1378 id
860 1332 943 1378 est
987 1324 1217 1378 obscure
1255 1331 1311 1375 et
1341 1322 1495 1390 quasi
1523 1320 1861 1388 :enigmatice
1895 1318 1905 1389 ι
1953 1332 2097 1371 com-

2252 1319 2578 1373 ιταινίττεται
2601 1322 2628 1373 ὀ
2663 1322 2972 1390 σοφώτατος
3003 1321 3215 1387 Παῦλος
3255 1324 3450 1392 λέγων’
3499 1344 3518 1378 ι
3542 1326 3604 1379 Ei
3631 1327 3775 1397 γὰρὸ
3862 1392 3864 1395 λ

531 1424 825 1480 memorat,
851 1416 1035 1469 dicens
1070 1432 1083 1467 :
1118 1430 1138 1465 ι
1174 1412 1308 1465 ham
1335 1412 1437 1467 etsi
1478 1411 1712 1465 exterior
1741 1422 1924 1465 noster
1948 1411 2106 1462 homo

2208 1409 2313 1476 ἔξω
2337 1409 2492 1481 ἡμῶν
2516 1411 2798 1482 ἄνθρωπος
2826 1412 3219 1482 διαφθείρεται,
3244 1414 3360 1468 ἀλλ’
3388 1418 3416 1469 ὁ
3442 1417 3549 1470 ἔσω
3566 1417 3777 1472 ἀνακαι-

529 1507 951 1577 corrumpitur;
1001 1503 1377 1560 sed.interior
1446 1510 1733 1555 renovatur
1792 1502 1857 1553 de
1910 1499 1995 1552 die
2053 1500 2103 1551 in

2205 1501 2390 1555 νοῦται
2409 1502 2591 1573 ἡμέρᾳ
2628 1503 2721 1555 καὶ
2742 1503 2943 1575 ἡμέρᾳ.
2961 1523 2977 1555 ι
2996 1505 3167 1558 Ὅταν
3181 1501 3272 1559 οὖν
3288 1523 3372 1570 τις
3388 1506 3529 1575 λέγοι
3551 1507 3644 1561 τὸν
3678 1510 3780 1563 ἔσω

531 1600 671 1653 diem
702 1599 767 1652 ”.
802 1618 820 1651 ι
853 1596 907 1652 Si
936 1599 1059 1666 quis
1084 1595 1244 1666 igitur
1269 1593 1465 1648 dixerit
1521 1592 1833 1647 interiorem
1864 1599 2102 1643 nostrum

2204 1590 2361 1661 ἡμῶν
2388 1591 2669 1662 ἄνθρωπον
2710 1595 2765 1644 ἐν
2799 1593 2873 1663 τῷ
2911 1595 3015 1658 ἔξω
3047 1595 3318 1667 ἀνθρώπῳ
3335 1601 3626 1662 κατοικεῖν,
3647 1599 3779 1672 ἀλη-

533 1691 803 1745 hominetn
823 1689 874 1743 in
895 1687 1165 1743 exteriore
1183 1686 1402 1743 homine
1426 1683 1662 1738 inhabita
1673 1696 1748 1745 re,
1779 1697 1961 1737 verum
1986 1680 2105 1749 qui-

2206 1680 2352 1733 θεόει
2384 1681 2501 1751 μὲν,
2539 1682 2618 1745 είς
2640 1682 2811 1750 δύογε
2846 1683 2952 1753 μὴν
2981 1684 3074 1737 τὸν
3097 1685 3192 1738 ἕνα
3213 1684 3397 1755 τεμὼν
3428 1687 3527 1757 οὐχ
3552 1687 3743 1759 ὁρᾶται
3763 1705 3777 1719 ο

530 1782 649 1836 dem
683 1779 1035 1843 memoravit,
1075 1778 1128 1832 in
1161 1777 1268 1831 duo
1305 1789 1481 1830 tamen
1522 1790 1686 1829 unum
1718 1773 1955 1828 dividere
2003 1786 2106 1826 non

2176 1780 2180 1819 ι
2211 1773 2344 1841 φησὶ
2376 1772 2432 1825 δέ
2474 1790 2576 1825 που
2618 1775 2712 1825 καὶ
2739 1776 2767 1826 ό
2790 1778 3074 1846 προφήτης
3113 1776 3342 1841 Ἡσαΐας
3362 1794 3375 1806 ·
3415 1795 3433 1829 ι
3456 1778 3550 1831 Ἐκ
3598 1780 3788 1842 νυκτὸς

532 1873 816 1927 videbitur.
866 1870 954 1923 Ait
988 1880 1165 1923 autem
1190 1868 1384 1922 alicubi
1407 1867 1569 1921 etiam
1609 1865 1866 1935 propheta
1899 1864 2103 1916 Isaias:

2207 1863 2448 1933 όρθρίζει
2476 1864 2534 1917 τὸ
2555 1865 2774 1935 πνεῦμά
2804 1884 2902 1936 μου
2926 1868 3060 1938 πρὸς
3088 1870 3167 1933 σὲ,
3184 1869 3378 1932 ὁΘεός.
3403 1889 3421 1920 ι
3439 1866 3566 1941 ’Ἆρ’
3601 1867 3694 1925 οὖν
3714 1870 3785 1937 ὡς

537 1983 553 2013 ι
588 1962 660 2016 De
684 1971 840 2017 nocte
867 1960 1055 2031 vigilat
1079 1962 1299 2030 spiritus
1330 1973 1480 2015 mens
1505 1959 1569 2009 ad
1601 1965 1683 2021 te,
1721 1955 1944 2011 Domine
1974 1955 2039 2009 “.
2082 1974 2100 2006 ι

2208 1954 2391 2023 ἕτερον
2425 1958 2554 2024 παρ’
2584 1957 2743 2009 αὑτὸν
2765 1959 2824 2010 τὸ
2851 1958 3065 2029 πνεῦμα
3097 1961 3260 2014 αὐτοῦ
3289 1963 3425 2034 πρὸς
3459 1963 3593 2016 Θεὸν
3612 1964 3782 2036 ὀρθρί-

535 2054 799 2110 Utrumne
848 2062 1105 2122 tanquam
1149 2051 1286 2104 alius
1328 2058 1519 2118 printer
1556 2050 1726 2117 ipsum
1773 2048 1993 2116 spiritus
2023 2049 2105 2115 ip-

2208 2047 2319 2112 ζειν
2369 2047 2621 2114 Mysten;
2680 2050 2870 2102 Καίτοι
2929 2051 3045 2114 πῶς
3097 2053 3196 2106 οὐκ
3242 2055 3438 2108 ἄτοπον
3499 2055 3562 2108 τὸ
3625 2057 3782 2124 φάναι

534 2149 645 2201 sius
670 2149 735 2199 ad
782 2151 944 2199 Deum
975 2144 1174 2198 dicitur
1204 2143 1435 2211 vigilare
1465 2140 1489 2193 ?
1525 2139 1714 2194 Nonne
1747 2140 1797 2192 id
1830 2140 2103 2207 ineptissi-

2206 2138 2448 2191 τοιοῦτόν
2480 2157 2565 2205 τι;
2617 2139 2825 2193 Οὐκοῦν
2865 2142 3062 2196 εἰδέναι
3101 2143 3202 2214 μὲν
3241 2145 3540 2213 ἀναγκαῖον
3573 2147 3642 2200 τὰ
3681 2147 3783 2201 τῶν

533 2253 678 2292 ιιιιιιιι
710 2234 996 2291 videatur?
1049 2235 1188 2303 Ergo
1220 2233 1361 2287 scire
1385 2232 1600 2301 quidem
1626 2244 1848 2285 necesse
1872 2239 1955 2283 est
1979 2244 2105 2284 ora-

2206 2232 2377 2308 λόγων
2420 2234 2704 2303 σχήματα,
2753 2234 2813 2284 οὐ
2874 2235 2979 2303 μὴν
3017 2235 3110 2287 καὶ
3167 2236 3479 2302 ἐξίστασθαι
3521 2237 3617 2292 τοῦ
3653 2239 3786 2292 εἰκό-

533 2331 696 2385 tionis
753 2330 984 2399 ﬁguras,
1021 2344 1126 2382 non
1175 2338 1351 2379 tamen
1393 2327 1460 2378 ab
1520 2324 1789 2378 intellectu
1830 2323 2107 2377 discedere

2206 2340 2318 2387 τος,
2367 2324 2652 2396 περιάγειν
2690 2324 2747 2377 δὲ
2798 2323 2996 2394 μᾶλλον
3043 2325 3151 2378 τῶν
3203 2328 3623 2397 σημαινομένων
3694 2328 3786 2397 τὴν

531 2421 894 2491 competenti,
927 2420 1020 2473 sed
1048 2417 1254 2472 referre
1288 2416 1456 2486 magis
1485 2414 1875 2469 sententiarum
1903 2412 2009 2464 vim
2039 2413 2105 2466 ad

2204 2412 2433 2482 δύναμιν
2464 2415 2557 2485 ἐπὶ
2584 2413 2674 2467 τὸν
2708 2414 2922 2483 ἑκάστῳ
2950 2415 3235 2485 πράγματι
3260 2416 3537 2487 πρέποντα
3566 2418 3781 2472 σκοπόν.

530 2528 752 2568 sensum
787 2512 880 2581 qui
915 2511 1202 2579 unicuique
1243 2509 1317 2563 rei
1345 2508 1652 2562 conveniat.
2621 2544 2629 2551 .

594 2603 760 2674 789
780 2602 845 2655 Et
865 2603 909 2656 si
939 2603 1147 2655 dicatur
1171 2617 1189 2650 ι
1222 2602 1482 2666 prolicere
1510 2595 1666 2650 Jesus
1689 2605 1868 2657 aetate,
1901 2594 2106 2663 sapien-

2276 2592 2338 2644 Εἰ
2359 2591 2416 2646 δὲ
2436 2592 2500 2663 δὴ
2522 2593 2618 2646 καὶ⁵
2640 2593 2851 2661 λέγοιτο
2876 2613 2893 2644 ι
2923 2595 3248 2662 προκόπτειν
3277 2599 3306 2650 ὁ
3338 2597 3548 2669 Ἰησοῦς
3580 2599 3784 2672 ἡλικίᾳ,

534 2694 609 2749 tia
649 2705 705 2748 et
732 2694 900 2762 gratia
935 2690 1004 2754 ⁸⁸,
1045 2710 1064 2742 ι
1098 2687 1514 2757 dispensationis
1555 2686 1671 2739 haec
1700 2699 1785 2739 res
1829 2692 1928 2737 est.
1967 2682 2107 2736 Deus

2207 2682 2299 2735 καὶ
2354 2682 2515 2753 σοφίᾳ
2557 2684 2653 2736 καὶ
2702 2683 2950 2753 χάριτι,ι
3025 2686 3126 2755 τῆς
3173 2688 3486 2758 οἰκονομίας
3536 2687 3693 2743 ἔσται.
3729 2692 3790 2744 τὸ

532 2785 729 2841 etenim
784 2784 1012 2839 Verbum
1075 2780 1463 2851 humanitatem
1511 2792 1660 2832 more
1711 2790 1810 2830 suo
1842 2775 2105 2843 prolicere

2205 2773 2416 2844 χρῆμα.
2459 2774 2763 2846 Συνεχώρει
2794 2776 2902 2847 γὰρ
2940 2778 2969 2829 ὁ
3012 2776 3149 2829 Θεοῦ
3193 2778 3367 2845 Λόγος
3415 2779 3504 2833 διὰ
3541 2782 3651 2835 τῶν
3691 2782 3789 2853 τῆς

534 2876 896 2947 permittebat,
936 2886 989 2929 et
1011 2874 1161 2943 quasi
1204 2872 1459 2940 paulatim
1503 2868 1802 2924 divinitatis
1831 2882 1942 2920 suae
1990 2865 2103 2937 glo-

2208 2863 2344 2926 ίδίας
2402 2863 2621 2933 φύσεως
2661 2865 2800 2918 ἐθῶν
2844 2867 2982 2920 ἰέναι
3020 2867 3082 2919 τὸ
3125 2868 3501 2939 ἀνθρώπινον·
3545 2873 3642 2926 καὶ
3680 2868 3791 2929 οἷον

533 2969 666 3021 riam
728 2965 942 3020 volebat
1006 2964 1319 3031 declarare,
1356 2973 1412 3015 et
1468 2977 1590 3015 cum
1645 2962 1885 3029 corporis
1945 2968 2104 3013 aetate

2205 2954 2345 3008 κατὰ
2385 2954 2559 3026 βραχὺ
2589 2955 2688 3025 τῆς
2717 2957 2912 3010 ἑαυτοῦ
2943 2958 3196 3030 θεότητος
3234 2960 3396 3031 ἤθελε
3435 2966 3792 3036 κατευρύνειν

531 3061 692 3115 etiam
750 3074 844 3114 sua
887 3059 1212 3118 extendere,
1259 3068 1328 3108 ne
1385 3054 1512 3124 quid
1568 3068 1762 3107 novum
1810 3052 2143 3152 videretur,‘

2210 3045 2271 3097 τὸ
2323 3046 2660 3115 περιφανές·
2718 3048 2812 3100 καὶ
2860 3052 2922 3119 τῇ
2952 3044 3044 3102 τοῦ
3108 3049 3362 3121 σώματος
3400 3054 3588 3126 ἡλικίᾳ
3650 3074 3792 3128 συμ-

2213 3136 2588 3159 --------ι-.--..
2615 3140 2680 3159 ,ι-
2711 3137 2895 3159 seu“:
2924 3155 2935 3159 -
2970 3140 2994 3159 ,.
3027 3157 3039 3159 _
3070 3140 3095 3159 π
3217 3143 3229 3159 ,
3369 3143 3383 3159 .
3419 3144 3472 3159 ρ.
3600 3148 3614 3159 .
3670 3148 3697 3159 -

534 3150 693 3220 idque
742 3149 1026 3203 nonnullos
1075 3148 1238 3201 nimia
1299 3145 1533 3200 novitate
1587 3151 1931 3213 perterreret.
1966 3136 2146 3195 Cum‘

2213 3136 2588 3205 παρεκτείνειν
2613 3140 2682 3191 τὰ
2706 3137 2897 3191 ἑαυτοῦ
2923 3155 2936 3168 ⁸
2965 3140 3040 3203 ὡς
3065 3140 3131 3194 ἂν
3164 3143 3238 3213 μή
3264 3160 3316 3195 τι
3334 3143 3397 3197 τὸ
3415 3144 3570 3208 ξένον
3589 3148 3791 3219 ὁρῷτο,

533 3238 831 3308 υιωεειιίιιι
888 3240 967 3294 sic
1013 3253 1227 3307 quoque
1272 3237 1512 3291 dicerent
1554 3252 1567 3288 :
1613 3252 1631 3285 ι
1691 3233 1971 3300 Quomodo
2016 3231 2104 3284 hic

2210 3228 2305 3279 καὶ
2357 3227 2435 3297 τῷ
2492 3227 2610 3281 λίαν
2666 3230 2925 3300 ἀσυνήθει
2974 3232 3230 3304 ταράττοι
3282 3237 3458 3300 τινάς.
3511 3239 3644 3292 Ὅτε
3696 3242 3799 3295 καὶ

533 3340 739 3384 ntteras
791 3329 914 3394 scit,
952 3345 1072 3383 cum
1111 3343 1216 3382 non
1256 3327 1509 3383 didicerit
1540 3325 1635 3379 "7
1669 3344 1688 3377 ι
1724 3325 1868 3395 Ergo
1919 3337 2103 3392 corpo-

2209 3317 2378 3381 οὕτως
2409 3318 2677 3387 ἔφασκον·
2717 3341 2736 3371 ι
2770 3321 2894 3385 Πῶς
2918 3312 3072 3387 οὗτος
3094 3321 3199 3377 οἶδε
3241 3327 3541 3398 γράμματα
3576 3331 3657 3403 μὴ
3695 3350 3800 3404 με-

535 3420 643 3473 rale
673 3431 1047 3489 augmentum,
1070 3430 1124 3475 et
1177 3418 1446 3487 profectus
1477 3419 1662 3488 gratia:
1704 3431 1769 3471 ac
1807 3416 2099 3485 sapientiae,

2213 3411 2507 3481 μαθηκὼς;
2544 3431 2562 3464 ›
2607 3414 2815 3467 Οὐκοῦν
2845 3418 3130 3487 σωματικὴ
3163 3420 3260 3489 μὲν
3293 3421 3325 3490 ή
3364 3419 3526 3493 αὔξη,
3582 3426 3683 3477 καὶ
3740 3425 3802 3477 τὸ

533 3512 881 3566 humanitatis
916 3526 1181 3565 mensurae
1219 3513 1510 3576 convenit;
1541 3512 1714 3580 ipsum
1761 3522 1889 3563 vero
1935 3506 2101 3563 Deum

2210 3503 2538 3573 προκόπτειν
2572 3507 2630 3558 ὲν
2656 3507 2838 3576 χάριτι
2879 3508 2971 3561 καὶ
3015 3512 3197 3579 σοφίᾳ,
3226 3514 3424 3580 πρέποι
3451 3514 3517 3567 ἂν
3550 3518 3667 3579 τοῖς
3695 3516 3802 3586 τῆς

539 3600 768 3655 Verbum
801 3616 895 3670 per
925 3617 1076 3653 suam
1108 3612 1351 3654 naturain
1384 3601 1831 3669 perfectissimum
1878 3598 2102 3653 conﬁte-

2209 3593 2626 3667 ἁνθρωπότητος
2670 3598 2912 3670 μέτροις.
2972 3601 3145 3654 Αὐτόν
3190 3619 3255 3670 γε
3311 3603 3418 3674 μὴν
3471 3604 3595 3657 κατ’
3658 3605 3803 3658 ἰδίαν

536 3705 690 3754 mur,
741 3706 844 3745 non
889 3704 1113 3762 egenum
1168 3689 1467 3757 profectus,
1498 3705 1601 3742 non
1642 3689 1954 3757 sapientiae,
2000 3704 2101 3741 non

2210 3685 2370 3752 φύσιν
2404 3688 2713 3741 παντέλειον
2740 3687 2877 3742 εἶναί
2905 3707 3084 3760 φαμεν
3121 3692 3212 3745 τὸν
3244 3696 3305 3746 ἐκ
3332 3692 3466 3746 Θεοῦ
3494 3695 3705 3762 Λόγον,
3741 3698 3800 3749 σὺ

535 3781 738 3851 gratiae.
770 3781 951 3849 Ipsum
989 3796 1131 3835 enim
1173 3791 1436 3836 creatura:
1470 3792 1527 3834 et
1563 3779 1878 3848 sapientiam
1908 3790 2101 3850 etgra-

2211 3778 2495 3848 προκοπῆς
2513 3778 2788 3850 δεόμενον,
2806 3784 2865 3835 οὐ
2896 3784 3106 3853 σοφίας,
3134 3786 3194 3838 οὗ
3221 3789 3437 3857 χάριτος
3462 3805 3477 3818 ·
3510 3788 3803 3860 διανέμειν

538 3874 686 3938 tiam,
717 3884 771 3929 et
805 3874 938 3927 bona
968 3875 1147 3927 omnia
1181 3874 1435 3943 impertit.

2209 3866 2266 3920 δὲ
2295 3867 2495 3939 μᾶλλον
2521 3873 2586 3939 τῇ
2608 3871 2783 3924 κτίσει
2821 3874 3011 3941 σοφίαν
3044 3875 3140 3929 καὶ
3178 3877 3359 3949 χάριν,
3393 3879 3491 3930 καὶ
3520 3880 3592 3933 τὰ
3622 3880 3694 3934 δι’
3723 3873 3802 3935 ὧν

1130 4010 1133 4011 ,
2210 3958 2323 4029 ἔχοι
2358 3959 2555 4024 καλῶς.
2741 4005 2749 4023 ,

607 4051 662 4104 Si
700 4064 825 4104 vero
855 4049 1008 4104 .lesus
1038 4064 1227 4118 passus
1252 4063 1371 4103 esse
1409 4049 1655 4113 dientur,
1682 4047 1859 4117 passio
1887 4048 2100 4117 quidem

2282 4050 2343 4103 El
2370 4050 2426 4102 δὲ
2454 4050 2518 4122 δὴ
2564 4051 2774 4120 λέγοιτο
2810 4054 3000 4106 παθεῖν
3040 4058 3069 4109 ὁ
3111 4057 3334 4128 Ἰησοῦς,
3378 4058 3441 4113 τὸ
3479 4061 3585 4132 μὲν
3619 4060 3804 4125 πάθος

534 4146 638 4198 erit
677 4143 1130 4212 dispensationis;
1161 4144 1324 4211 ipsius
1373 4154 1552 4197 tamen
1603 4143 1821 4206 dicitur,
1868 4153 1921 4197 et
1962 4153 2107 4199 recte

2211 4139 2363 4194 ἔσται
2388 4140 2488 4210 τῆς
2519 4143 2860 4212 οἰκονομίας·
2893 4144 3059 4198 αὐτοῦ
3102 4147 3160 4200 δὲ
3185 4147 3425 4217 λέγεται,
3456 4153 3553 4207 καὶ
3583 4154 3804 4226 σφόδρα

536 4236 774 4303 quidem,
800 4236 926 4303 quia
978 4249 1173 4301 corpus
1214 4234 1383 4302 ipsius
1422 4235 1693 4302 proprium
1744 4250 1959 4302 passum
2001 4245 2103 4299 est,

2211 4233 2434 4294 εἰκότως
2453 4249 2466 4262 ·
2499 4235 2579 4286 ὅτι
2613 4235 2705 4287 καὶ¹
2734 4236 2863 4289 ἴδιον
2887 4239 3053 4291 αὐτοῦ
3082 4239 3143 4292 τὸ
3172 4243 3459 4306 πεπονθός.
3496 4246 3614 4298 Καὶ
3636 4242 3712 4317 ἦν
3738 4248 3798 4299 ἒν

537 4337 592 4379 et
618 4336 733 4378 erat
758 4326 809 4376 in
833 4338 1056 4390 corpore
1092 4324 1323 4391 patiente
1344 4325 1478 4393 ipse,
1500 4324 1588 4393 qui
1613 4325 1722 4393 pati
1745 4339 1849 4379 non
1874 4335 2104 4392 poterat,

2210 4320 2288 4391 τῷ
2321 4321 2582 4390 πάσχοντι
2620 4322 2854 4392 σώματι,
2884 4325 3115 4396 πάσχειν
3145 4327 3245 4396 μὲν
3274 4328 3373 4381 οὐκ
3413 4329 3576 4395 εἰδὼς
3598 4349 3613 4361 ⁸
3649 4335 3805 4386 ἀπα-

540 4417 885 4488 impassibilis
917 4426 1001 4471 est
1024 4417 1190 4481 enim,
1220 4425 1278 4469 ut
1310 4414 1453 4472 Deus
1485 4431 1499 4469 :
1530 4428 1790 4485 quantum
1816 4425 1996 4472 tamen
2037 4421 2104 4472 ad
2139 4454 2152 4507 1

2214 4410 2312 4481 θὴς
2343 4410 2451 4479 γάρ
2499 4411 2647 4464 ἐστιν
2676 4411 2748 4476 ὡς
2779 4413 2907 4476 Θεός
2934 4431 2947 4444 °
2987 4415 3109 4469 ὅσον
3141 4417 3197 4470 δὲ
3223 4411 3358 4489 ἦκεν
3397 4418 3482 4482 είς
3504 4435 3572 4488 γε
3600 4422 3665 4475 τὸ
3690 4422 3807 4475 τῶν

540 4513 961 4567 conviciatorum
987 4509 1332 4579 petulantiam
1357 4510 1635 4578 pertinuit,
1658 4525 1848 4576 passus
1869 4521 2032 4574 esset,
2056 4513 2099 4565 si
2139 4502 2152 4507 ’

2210 4502 2734 4572 ὲμπαροινησάντων
2763 4503 2984 4576 θράσος,
3021 4506 3229 4575 παθὼν,
3268 4510 3372 4564 κᾶν
3401 4513 3448 4564 εί
3485 4512 3577 4583 μὴ
3602 4513 3807 4569 παθεῖν

496 4596 505 4603 ’
536 4605 646 4673 pati
674 4615 874 4673 posset.
918 4602 1056 4672 Ergo
1094 4603 1343 4669 quoniam
1383 4602 1550 4655 nostri
1580 4602 1772 4657 similis
1812 4600 1984 4657 factus
2021 4613 2102 4656 est

2210 4590 2447 4644 ἐδύνατο.
2499 4594 2707 4647 Οὐκοῦν
2760 4596 3061 4668 ἐπειδήπερ
3106 4600 3226 4653 καθ’
3286 4602 3433 4671 ἡμᾶς
3492 4604 3731 4672 γέγονεν
3779 4607 3808 4656 ό

539 4694 876 4765 Unigenitus,
906 4695 1326 4763 quotiescunque
1358 4692 1517 4747 homo
1538 4692 1848 4747 nominatur
1869 4709 1898 4746 a
1922 4693 2100 4747 divina

2210 4683 2542 4753 Μονογενὴς,
2580 4686 2772 4749 ὁσάκις
2814 4686 2880 4741 ἂν
2922 4688 3207 4759 ἄνθρωπος
3260 4692 3605 4765 ὀνομάζηται
3646 4699 3806 4767 παρὰ

536 4786 1144 4855 Seriptura,intuentes
1203 4785 1677 4853 dispensationem,
1710 4783 1876 4839 Deum
1930 4785 2100 4854 ipsum

2211 4774 2310 4844 τῆς
2359 4774 2719 4833 θεοπνεύστου
2769 4781 3013 4852 Γραφῆς,
3063 4783 3371 4849 ἐννοοῦντες
3429 4785 3535 4856 τὴν
3584 4790 3806 4842 οἰκονο-

537 4888 724 4931 natura
755 4877 833 4931 sic
861 4889 1072 4945 quoque
1104 4880 1473 4931 conﬁteantur.

2215 4864 2366 4934 μίαν,
2397 4866 2528 4920 Θεὸν
2553 4867 2682 4923 ὄντα
2708 4870 2850 4925 κατά
2870 4872 3032 4941 φύσιν
3067 4875 3229 4929 αὐτὸν
3270 4877 3367 4931 καὶ
3393 4876 3575 4943 οὕτως
3600 4881 3806 4950 ὁμολο-

2210 4955 2278 5024 γή
2287 4972 2486 5025 σωμεν.

2011 5062 2164 5123 CAP.
2187 5065 2326 5125 XIV.

736 5174 989 5244 Exempla
1016 5176 1203 5231 divina:
1247 5175 1536 5246 Scriptum
1567 5174 1705 5248 quod
1742 5179 1835 5233 Dei
1887 5180 2109 5237 Verbum
2154 5185 2306 5241 homo
2345 5188 2544 5256 factum
2581 5194 2828 5246 manserit
2867 5194 3025 5250 Deus.
3077 5196 3153 5251 De
3179 5201 3577 5267 prapitialorio.

604 5287 693 5388 Ait
717 5284 911 5386 alicubi
938 5285 1077 5387 Deus
1099 5286 1495 5388 adpoutiticeiu
1521 5287 1736 5360 Moysen
1769 5307 1786 5346 :
1822 5290 1916 5345 ιΕι
1942 5292 2106 5348 facies
2218 5315 2336 5356 reos
2391 5315 2653 5371 ornatos,
2713 5314 2768 5361 et
2819 5307 3100 5378 imponens
3139 5312 3257 5368 illos
3300 5328 3371 5370 ex
3424 5330 3669 5388 utroque
3728 5322 3817 5374 la-

537 5376 967 5446 propitiatorium
996 5377 1340 5445 iiupositione
1376 5379 1490 5432 auri
1524 5382 1641 5449 puri
1678 5383 1903 5435 duormn
1954 5384 2105 5437 cubi-
2215 5402 2346 5447 iere.
2393 5392 2611 5451 Chal-ub
2647 5414 2785 5455 unus
2815 5376 3082 5459 δείδιθι-ε
3138 5406 3261 5473 hoc,
3297 5418 3353 5464 ρι
3382 5376 3609 5466 (merui)
3666 5427 3819 5467 unus

538 5482 711 5526 terum
747 5481 800 5526 et
847 5472 1050 5526 dimidii
1090 5472 1495 5541 longitudinem,
1532 5486 1584 5529 et
1629 5478 1795 5531 cubiti
1835 5479 1993 5533 unius
2046 5490 2101 5532 et
2212 5485 2275 5538 de
2303 5484 2468 5541 latere
2497 5488 2599 5542 isto
2629 5491 3007 5561 propitiatorii.
3044 5495 3109 5549 Et
3136 5472 3302 5552 facies
3337 5499 3472 5555 duos
3499 5501 3817 5557 Cherubim

541 5562 745 5616 dimidii
779 5563 1113 5618 altitudinem
1151 5581 1165 5616 :
1200 5574 1252 5615 et
1301 5564 1462 5619 facies
1520 5568 1652 5621 duos
1682 5567 1971 5623 Cherubim
2002 5586 2100 5623 au-
2211 5589 2374 5645 super
2395 5577 2499 5630 duo
2534 5581 2724 5636 latera.
2752 5583 2923 5639 Erunt
2954 5584 3245 5642 Cherubim
3276 5591 3647 5648 extendentes
3670 5607 3823 5662 peu-

614 5736 658 5769 ⁹³
682 5737 721 5791 ιι
746 5737 866 5792 Cor.
895 5756 968 5805 tv,
995 5741 1079 5791 lli.
1156 5740 1197 5770 “
1227 5741 1328 5795 lsa.
1358 5756 1500 5804 xxvi,
1528 5741 1580 5794 9.
1658 5742 1700 5772 ’⁵⁵
1733 5741 1860 5797 Luc.
1891 5761 1948 5810 ll,
1977 5746 2062 5798 52.
2143 5747 2188 5778 “
2223 5785 2226 5799 .

1007 5741 1079 5791 ιιι.
1156 5740 1197 5770 ⁸⁵
1227 5741 1328 5795 lsa.
1358 5756 1500 5804 xxvi,
1528 5741 1580 5794 9.
1658 5742 1700 5772 ’⁵⁸
1733 5741 1860 5797 Luc.
1891 5761 1948 5810 ll,
1977 5746 2062 5798 52.
2143 5747 2188 5778 “
2223 5747 2374 5804 Joau.
2400 5766 2501 5818 vn,
2537 5752 2619 5807 l5.
