4082 6258
339 355 476 415 1389

1251 347 1539 407 SCllOLIA
1585 351 1668 408 DE
1709 348 2221 408 INCAItNA'I‘IONE
2265 345 2635 402 UNIGENlTl.

3453 347 3592 402 i590
3625 349 3632 356 ’

339 485 436 526 nas
485 481 698 522 sursum
753 463 1299 532 superohumhrantes
1349 468 1542 534 pennis
1571 469 1696 524 suis
1748 483 1910 536 super
1941 475 1981 528 Α
2016 465 2192 518 minus
2259 474 2443 518 noster
2499 463 2653 516 Jesus
2691 462 2958 524 Christus,
3013 461 3244 526 imagine
3285 471 3338 516 et
3399 461 3588 532 figura,

335 559 766 635 propitiatur-ium
785 573 800 623 ;
819 568 872 609 ct
889 555 1064 610 vultus
1080 572 1266 610 eorum
1293 559 1592 612 adinvicem
1625 560 1910 628 respicien-

339 669 416 710 tes
442 648 870 722 propitiatorium
897 649 1138 701 erunt".
1161 667 1178 699 ι
1211 647 1460 718 ιΕιιίειιιιι
1479 653 1839 706 certissimum
1861 651 1910 702 id

338 747 430 806 sit,
465 744 630 794 Deum
663 739 894 793 Verbum
921 737 1084 790 etiam
1115 737 1164 792 in
1202 740 1534 794 hmuanitate
1567 743 1730 794 Deum
1762 757 1913 798 mau-

336 837 580 898 sisse,et
610 832 661 883 in
713 845 806 882 sua
852 828 1020 898 gloria
1067 845 1130 883 ac
1183 829 1493 896 majestate,
1537 833 1635 886 etsi
1691 843 1913 902 propter

340 921 798 990 dispensationem
855 920 1030 973 factus
1092 923 1161 975 sit
1211 922 1404 976 similis
1464 923 1680 976 nostri:
1728 924 1914 991 Propi-

337 1015 610 1069 tiatorium
643 1026 872 1078 namque
897 1025 990 1077 per
1023 1013 1176 1064 fidem
1214 1012 1387 1064 factus
1409 1022 1493 1067 est
1518 1014 1672 1067 nobis
1698 1012 1913 1066 Elimia-

339 1104 480 1158 nuel.
521 1102 576 1155 Id
625 1111 800 1154 autem
856 1101 1008 1154 nobis
1055 1101 1423 1169 comprobavit
1480 1103 1912 1169 sapientissimus

337 1193 571 1248 Joannes
630 1195 812 1246 dicens
863 1207 874 1242 :
922 1209 940 1242 ι
977 1191 1184 1256 Filioli,
1219 1193 1400 1246 scribo
1459 1193 1640 1254 vobis,
1690 1202 1747 1246 ut
1807 1209 1910 1246 non

341 1287 570 1352 peCcetis
597 1302 612 1349 ;
643 1287 735 1337 sed
769 1285 814 1336 si
854 1284 976 1352 quis
1022 1286 1355 1350 peccaverit,
1388 1285 1786 1338 consolatorem
1821 1286 1913 1336 ha-

351 1377 535 1429 bemus
587 1378 726 1442 apud
793 1374 1043 1436 Patrem,
1104 1371 1285 1426 Jesnm
1337 1374 1606 1426 Christum
1653 1373 1852 1439 jnstmn
1896 1389 1910 1438 ;

344 1477 398 1518 et
431 1467 542 1534 ipse
572 1475 654 1518 est
717 1464 1020 1533 propitiatio
1081 1479 1176 1531 pro
1223 1467 1454 1530 peccatis
1493 1466 1690 1518 nostris
1719 1461 1856 1517 ‘3'”.
1888 1484 1906 1512 ι

344 1557 449 1611 Nec
481 1573 583 1609 non
633 1557 790 1610 etiam
831 1557 1021 1607 Paulus
1047 1599 1060 1618 ,
1117 1576 1132 1604 ι
1164 1555 1330 1620 Quem
1389 1558 1680 1624 proposuit,
1718 1556 1909 1621 inquit,

345 1647 484 1701 Dens
524 1649 922 1716 propitiatorem
957 1661 1050 1714 per
1097 1647 1248 1698 fidem
1285 1647 1334 1698 in
1365 1662 1462 1700 suo
1496 1649 1756 1716 sanguine
1799 1646 1906 1696 ⁵ο.»

412 1740 676 1794 Caeterum
717 1755 874 1792 cerne
899 1738 1188 1792 Cherubin)
1218 1739 1628 1792 circumstantes
1655 1739 1911 1806 proliitia-

341 1833 568 1895 torium,
599 1841 652 1885 et
681 1831 1231 1898 superohnmbrantes
1265 1833 1480 1898 quidem
1507 1832 1698 1898 pennis
1729 1848 1741 1894 ;
1770 1847 1903 1883 t'tm-
1943 1813 1982 1866 Β

340 1937 523 1975 versos
590 1933 768 1976 autem
821 1924 886 1975 ad
939 1923 1402 1990 propitiatminm,
1451 1933 1504 1974 et
1567 1937 1702 1988 pene
1761 1923 1907 1975 untni

339 2011 618 2066 Dnutinico
643 2013 853 2066 oculum
905 2014 1258 2066 intendentes.
1297 2013 1373 2064 Ad
1415 1995 1512 2078 Dei
1534 2013 1676 2064 enim
1719 2011 1909 2064 volun-

340 2111 498 2156 tatem
533 2111 735 2156 tantum
784 2103 999 2168 respicit
1034 2111 1218 2155 sancta
1271 2101 1572 2154 catlestium
1624 2101 1908 2166 Spiritnum

340 2192 657 2254 multitudo,
689 2203 742 2245 et
790 2207 1060 2259 nunquam
1109 2193 1198 2245 Dei
1253 2195 1481 2244 satiatur
1538 2201 1777 2257 aspectu.
1836 2191 1910 2240 lta

339 2283 531 2337 Filium
587 2286 844 2353 propheta
905 2286 1069 2340 Isaias
1123 2285 1323 2338 vidisse
1368 2299 1425 2338 se
1476 2285 1601 2335 dicit
1672 2283 1721 2336 iu
1785 2285 1908 2334 sete

341 2375 597 2428 altissima
645 2387 699 2428 et
739 2377 1189 2436 etninentissima.
1239 2374 1715 2428 tiri-nmsIantihns
1743 2373 1908 2424 Sera-

340 2466 486 2533 pltim
511 2477 564 2521 et
587 2467 998 2535 obsequentihns
1023 2469 1068 2520 ei
1104 2480 1160 2520 ut
1183 2466 1291 2518 Deo
1317 2467 1358 2494 ⁵¹
1381 2492 1391 2504 -

885 2598 1047 2668 79o
1077 2599 1226 2650 ean
1263 2597 1379 2650 xv.

792 2716 946 2766 Aliud
987 2715 1048 2766 de
1081 2716 1224 2783 virga
1261 2711 1444 2765 Mosis.

411 2831 784 2886 Destittabatnr
831 2829 1116 2897 aliquando
1151 2829 1362 2882 divintts
1411 2825 1618 2895 Moyses
1659 2837 1716 2877 ut
1749 2825 1912 2880 lsracl

338 2921 404 2976 ab
429 2922 802 2992 Egyptiorum
826 2921 1074 2972 violentia
1113 2919 1384 2971 liberaret.
1421 2917 1613 2970 Verum
1655 2917 1910 2984 quoniam

339 3028 559 3068 necesse
612 3021 728 3065 erat
782 3027 903 3074 eos,
945 3012 1034 3078 qui
1088 3011 1185 3063 sub
1217 3012 1340 3076 jugo
1394 3017 1576 3062 essent
1639 3008 1911 3062 servitutis

339 3104 589 3168 insolita),
634 3105 779 3172 prius
823 3104 1015 3157 docere
1085 3103 1226 3168 quoi
1281 3103 1358 3154 eis
1414 3101 1552 3152 Dens
1596 3101 1707 3167 jam
1764 3105 1908 3151 esse:

338 3197 739 3257 reconciliatus,
776 3195 1011 3262 prodigia
1041 3207 1162 3245 eum
1200 3191 1376 3244 facere
1423 3193 1719 3256 imperabat
1750 3207 1762 3242 :
1801 3189 1905 3256 ple-

340 3301 563 3353 rumque
585 3287 727 3339 enim
770 3284 1088 3338 miraCnInm
1132 3297 1227 3336 nos
1265 3282 1480 3334 adducit
1521 3283 1570 3333 in
1601 3281 1777 3334 iidem.
1817 3283 1906 3334 Ait

342 3379 501 3446 igitur
529 3375 736 3445 Moyses
767 3376 832 3428 ad
866 3375 1030 3434 Deum
1063 3373 1488 3439 omnipotentem
1521 3388 1532 3422 :
1572 3389 1590 3419 ι
1630 3370 1685 3422 Si
1723 3379 1902 3422 autent

339 3481 442 3518 non
471 3466 792 3519 crediderint
824 3465 974 3518 mihi.
1011 3476 1182 3529 neque
1207 3461 1470 3514 audierint
1503 3473 1682 3512 vocem
1707 3473 1902 3520 meam,

339 3558 573 3610 dicentes
607 3574 620 3608 :
657 3555 770 3608 Non
803 3555 1047 3624 apparuit
1078 3553 1166 3608 tibi
1202 3552 1340 3605 Deus
1369 3569 1383 3614 ;
1410 3551 1536 3618 quid
1562 3551 1736 3604 dicam
1767 3551 1907 3603 illis“!

343 3645 482 3698 Dixit
516 3647 706 3698 deimle
749 3644 1000 3697 Dominus
1041 3660 1052 3693 :
1095 3641 1230 3705 Quid
1269 3643 1368 3695 hoc
1421 3651 1505 3694 est
1545 3642 1684 3708 quod
1722 3649 1806 3694 est
1852 3643 1903 3694 iu

341 3753 498 3790 manu
541 3746 627 3790 tua
659 3737 679 3788 1‘
713 3735 1006 3802 Respondit
1041 3752 1053 3786 :
1088 3732 1266 3802 Virga.
1324 3734 1384 3785 Et
1423 3734 1498 3786 ait
1539 3733 1610 3786 illi
1648 3751 1660 3784 :
1699 3732 1905 3800 Projice

341 3825 482 3878 illam
507 3826 556 3878 in
589 3835 782 3878 terram
813 3844 824 3886 ;
855 3836 908 3878 et
932 3826 1068 3878 facta
1092 3834 1172 3876 est
1200 3839 1443 3892 serpens,
1468 3832 1522 3876 et
1547 3823 1676 3893 fugit
1698 3822 1906 3893 Moyses

340 3916 406 3967 ah
436 3928 518 3966 ea.
559 3915 621 3966 Et
655 3914 788 3967 dixit
817 3912 1070 3968 Dominus
1100 3915 1164 3966 ad
1203 3912 1413 3985 Moysen
1454 3929 1468 3965 :
1504 3913 1743 3966 Extende
1790 3927 1904 3964 ma-

341 4021 465 4058 num
499 4015 674 4070 tuam,
713 4016 764 4060 et
798 4007 1135 4074 apprehende
1180 4008 1402 4058 caudam
1437 4003 1552 4068 cjns
1584 4021 1607 4064 ;-
1631 4013 1684 4054 et
1717 4011 1904 4056 cxten-

340 4099 471 4149 detts
502 4113 713 4150 manum
757 4098 1107 4164 apprehendit
1133 4099 1378 4158 caudam,
1410 4105 1462 4145 et
1495 4093 1628 4144 facta
1658 4103 1738 4146 est
1761 4095 1905 4160 virga

341 4186 393 4240 in
440 4203 596 4242 manu
635 4190 768 4253 ejus.
801 4187 859 4237 Et
911 4185 1044 4236 dixit
1084 4184 1153 4235 illi
1198 4201 1209 4236 :
1243 4185 1309 4237 Ut
1348 4185 1566 4234 credant
1616 4183 1744 4248 tibi,
1782 4185 1906 4250 quia

340 4259 582 4344 apparuit
615 4275 703 4328 tibi
747 4273 1002 4326 Dominus
1051 4275 1186 4326 Deus
1227 4283 1436 4342 patrttm
1479 4289 1733 4336 suormn,
1771 4276 1906 4326 licus

341 4369 632 4429 Abraham,
669 4375 721 4419 et
766 4366 900 4418 Dens
925 4367 1092 4430 Isaac,
1124 4375 1177 4418 et
1214 4366 1349 4419 Dens
1381 4363 1629 4418 Iacob".
1669 4384 1686 4415 ι
1721 4365 1907 4418 Anim-

2015 563 2231 623 propter
2254 554 2708 622 dispensationem
2754 552 2947 606 factam
2974 566 3093 605 cum
3119 566 3282 606 carne
3312 591 3326 616 ,
3362 569 3457 622 pro
3481 569 3594 608 ser-

2015 655 2175 714 pente
2201 645 2462 712 accipitur
2495 658 2656 708 aereo,
2691 657 2849 710 quem
2895 642 3067 696 erexit
3102 641 3428 711 Moyses,-ttt
3475 657 3595 697 ser—

2019 746 2237 804 pentum
2299 750 2510 788 morsus
2551 743 2760 788 arceret
2795 735 2863 788 ".
2924 734 3176 787 Aitenim
3217 751 3230 786 :
3267 753 3284 784 ι
3345 733 3411 786 Ει
3457 735 3597 788 sicut.

2017 827 2224 897 Moyses
2270 827 2525 882 exaltavit
2563 837 2864 894 serpentem
2897 825 2946 877 in
2973 827 3220 890 deserto,
3257 826 3328 878 ita
3373 835 3592 893 oportet

2015 919 2242 972 exaltari
2285 916 2474 970 Filium
2515 917 2770 978 hominis,
2817 927 2872 968 ut
2909 917 3230 984 omnesqui
3276 919 3501 970 credunt
3539 917 3592 968 in

2017 1009 2211 1078 ipsum,
2247 1025 2350 1062 non
2379 1021 2619 1078 pereant,
2643 1010 2732 1062 sed
2757 1009 2986 1062 habeant
3007 1007 3170 1060 vitam
3196 1019 3450 1062 :cternam
3474 1008 3540 1062 ⁵⁵.
3569 1026 3588 1058 ι

2016 1099 2477 1166 Quemadmodum
2508 1099 2649 1152 enim
2686 1115 2907 1166 serpens
2955 1099 3127 1153 factus
3157 1114 3223 1153 ex
3249 1114 3356 1152 acre
3406 1099 3594 1152 salutis

2016 1202 2132 1248 erat
2163 1193 2594 1260 periclitantibus
2616 1207 2778 1245 causa
2813 1194 3184 1263 (sanabantur
3213 1195 3357 1245 enim
3390 1193 3440 1246 in
3469 1208 3590 1244 enm

2017 1286 2368 1354 reSpicientes
2396 1286 2413 1352 )
2449 1303 2462 1338 :
2497 1298 2560 1338 eo
2589 1285 2746 1338 modo
2770 1285 2929 1338 etiam
2963 1285 3217 1338 Dominus
3241 1283 3398 1338 Jesus
3439 1283 3594 1338 Chri-

2016 1387 2134 1430 stus
2183 1379 2262 1429 eis
2313 1377 2401 1444 qni
2461 1391 2580 1427 enm
2639 1375 2820 1427 vident
2869 1374 3082 1442 quidem
3126 1375 3176 1426 iit
3242 1375 3592 1428 similitudine

2017 1467 2391 1535 malignorum,
2417 1483 2481 1520 eo
2511 1469 2650 1535 quod
2690 1466 2860 1518 factus
2883 1467 2952 1518 sit
2985 1457 3180 1528 homo,
3205 1481 3308 1516 non
3344 1465 3594 1532 ignorant

2019 1568 2196 1610 tamen
2253 1560 2393 1626 quod
2453 1558 2592 1610 Deus
2625 1559 2696 1610 sit
2737 1557 2981 1610 vivilicns
3032 1572 3191 1609 causa
3227 1556 3328 1608 erit
3363 1557 3511 1618 vitae,
3540 1567 3593 1608 et

2016 1649 2105 1700 dat
2133 1664 2288 1717 posse
2312 1649 2563 1701 animalia
2595 1663 2856 1702 venenosa
2885 1650 3076 1712 vitare,
3105 1649 3272 1710 idest,
3297 1649 3593 1700 contrarias

2017 1747 2159 1804 putes
2173 1749 2218 1788 la
2230 1749 2325 1790 tes.

2084 1825 2136 1878 ltl
2164 1841 2375 1893 quoque
2401 1827 2555 1890 hujus
2585 1828 2658 1879 rei
2695 1827 2860 1892 figura
2887 1829 2977 1892 sit,
3004 1827 3144 1895 quod
3181 1827 3421 1892 Moyseos
3444 1829 3588 1897 virga

2013 1915 2189 1984 virgas
2235 1917 2369 1968 alias
2399 1916 2758 1978 t'evoraverit,
2796 1934 2932 1985 quas
2961 1919 3012 1970 iu
3056 1928 3253 1970 terram
3286 1919 3422 1986 magi
3467 1933 3592 1984 pro-

2007 2006 2247 2074 jecerant
2288 2006 2354 2057 ⁵⁷.
2399 2004 2572 2074 lbitur
2602 2007 2748 2073 virga
2776 2008 2992 2074 quidem
3035 2007 3087 2059 in
3123 2017 3322 2059 terram
3359 2007 3591 2075 projecta

2011 2107 2092 2148 est
2129 2114 2142 2162 ;
2184 2113 2286 2151 noti
2321 2105 2500 2150 tamen
2535 2113 2747 2166 seniper
2775 2101 3051 2152 remansit.
3097 2101 3386 2166 Resumpta
3415 2109 3590 2153 autem

2016 2189 2206 2240 iternnt
2279 2189 2376 2241 fuit
2407 2190 2546 2257 quod
2578 2199 2694 2241 erat
2724 2206 2736 2241 :
2774 2205 2893 2242 nam
2927 2192 3045 2244 licet
3085 2191 3222 2245 facta
3253 2193 3343 2257 sit,
3381 2203 3436 2245 ut
3468 2202 3593 2246 ante

2013 2277 2142 2339 dixi,
2165 2279 2214 2329 in
2235 2279 2584 2331 similitudine
2609 2288 2790 2330 nostra
2820 2278 2992 2331 Patris
3017 2281 3185 2349 virga,
3216 2281 3264 2333 id
3283 2291 3384 2342 est,
3405 2279 3588 2341 Filius,

2015 2387 2107 2438 per
2132 2386 2288 2437 quem
2323 2372 2484 2424 habet
2507 2371 2746 2422 osttnittut
2790 2381 3104 2436 potestatem
3141 2388 3154 2434 ;
3194 2381 3456 2435 attamen,
3490 2373 3590 2425 im-

2013 2461 2152 2526 pleta
2214 2462 2645 2529 dispensatione,
2699 2462 2955 2515 revolavit
3014 2463 3063 2514 in
3103 2463 3330 2527 emittm,
3386 2473 3438 2514 et
3489 2462 3588 2516 fuit

2017 2554 2208 2606 iterum
2262 2566 2514 2622 tanquam
2564 2556 2614 2607 itt
2671 2572 2826 2608 nmnu
2875 2556 3046 2608 Patris
3108 2557 3254 2624 virga
3321 2557 3592 2624 a-quitatis

2013 2660 2073 2696 ac.
2108 2645 2251 2712 regni
2283 2663 2292 2696 :
2322 2651 2468 2699 sedet
2525 2649 2664 2700 enim
2710 2648 2775 2700 ad
2807 2649 3081 2706 dexteram
3127 2648 3395 2702 Genitoris
3422 2651 3498 2700 sui
3531 2651 3582 2700 in

2014 2737 2224 2801 propria
2264 2738 2562 2802 majestate,
2598 2739 2754 2790 sedes
2794 2737 3084 2790 altissimas
3107 2738 3355 2792 obtinens
3382 2777 3396 2801 ,
3428 2739 3588 2791 etiam

2014 2839 2133 2876 cmn
2170 2842 2331 2879 carne
2360 2827 2428 2879 ⁵⁸.

2636 2957 2784 3011 CAP.
2827 2957 2967 3012 XVI.

2085 3070 2242 3122 Aliud
2268 3071 2330 3122 de
2359 3083 2516 3124 manu
2545 3071 2963 3140 Moysisleprosn
2995 3083 3041 3124 ct
3081 3074 3278 3142 integre
3309 3086 3517 3130 sanam.

2085 3203 2103 3234 ι
2137 3183 2272 3237 Dixit
2303 3186 2557 3238 anlemad
2582 3201 2700 3237 eum
2743 3188 2881 3238 Dens
2908 3187 3163 3240 Dominus
3186 3188 3377 3240 iterum
3405 3205 3417 3239 :
3449 3188 3589 3243 lnfer

2012 3293 2224 3329 manum
2253 3289 2397 3330 tuam
2433 3279 2483 3328 in
2519 3278 2692 3328 sinum
2719 3285 2864 3329 tttnm
2895 3295 2907 3338 ;
2939 3289 2991 3332 et
3021 3280 3238 3346 protulit
3267 3295 3480 3334 manum
3520 3282 3588 3335 de

2012 3371 2128 3422 sinu
2165 3383 2282 3430 suo,
2316 3378 2368 3420 et
2399 3369 2536 3421 facta
2568 3377 2649 3421 est
2679 3381 2866 3421 manus
2900 3369 3018 3437 ejus
3057 3369 3194 3422 sicut
3225 3371 3334 3424 nix.
3375 3372 3431 3424 Et
3453 3373 3587 3425 dixit

2012 3459 2201 3511 iterum
2233 3476 2245 3511 :
2279 3457 2419 3512 infer
2455 3471 2667 3509 mannm
2699 3467 2846 3508 tttam
2882 3459 2932 3510 in
2981 3460 3155 3516 sinum
3195 3469 3342 3514 tuum
3374 3480 3387 3515 :
3414 3473 3468 3516 et
3503 3463 3584 3515 itt-

2013 3549 2128 3601 tnlit
2157 3565 2370 3602 mannm
2411 3565 2562 3604 suam
2605 3550 2852 3602 iusinum
2897 3567 3087 3614 suum,
3127 3561 3179 3606 et
3218 3555 3436 3621 protulit
3465 3570 3583 3608 eam

2010 3639 2076 3694 dc
2099 3642 2216 3692 sinu
2248 3653 2437 3705 sun,et
2472 3643 2663 3694 iterum
2695 3643 2939 3704 restituta
2967 3653 3050 3695 est
3083 3643 3135 3696 iu
3155 3643 3388 3698 colorem
3407 3647 3586 3700 carnis

2010 3733 2125 3799 cjus
2148 3734 2211 3786 θ’.
2251 3751 2268 3781 ι
2313 3733 2522 3786 Manum
2551 3735 2613 3784 ad
2647 3737 2918 3786 dexteram
2962 3734 3050 3787 Dei
3087 3743 3140 3788 et
3177 3734 3352 3789 Patris
3395 3752 3580 3791 verum

2010 3822 2201 3877 Filium
2227 3824 2339 3891 ejus
2375 3825 2554 3878 divina
2583 3824 2860 3891 Scriptura
2894 3827 3156 3878 nominat.
3187 3828 3399 3880 lnduxit
3435 3830 3580 3884 enim

2011 3915 2182 3981 ipsum
2236 3915 2500 3966 dicentem
2541 3931 2552 3965 :
2591 3933 2608 3963 ι
2657 3914 2767 3980 Ego
2825 3930 2983 3968 manu
3037 3932 3152 3968 mea
3203 3919 3408 3972 firmavi
3469 3937 3584 3976 cm-

2012 4003 2116 4056 lmu
2150 4003 2193 4032 ⁸ο
2237 4019 2250 4064 ;
2293 4021 2310 4050 ι
2367 4015 2464 4052 nec
2518 4015 2622 4053 non
2683 4002 2847 4054 etiam
2891 4003 3052 4057 David
3090 4005 3300 4061 divinus
3346 4020 3527 4064 cantat
3565 4031 3579 4066 :

2015 4110 2032 4142 ι
2061 4092 2232 4144 Verbo
2267 4091 2475 4144 Domini
2510 4091 2628 4144 ςαξιί
2661 4091 2852 4146 firmati
2885 4105 3008 4147 sunt
3035 4096 3078 4127 σι
3137 4115 3155 4146 ι
3201 4098 3370 4154 Cerne
3400 4101 3581 4171 igitur,

2013 4184 2062 4235 in
2096 4185 2273 4240 sinum
2301 4184 2514 4250 quidem
2551 4183 2746 4253 Mnysis
2789 4186 2964 4239 adlme
2999 4202 3216 4241 manum
3253 4189 3370 4258 ejus
3396 4195 3580 4247 occul-

2013 4276 2141 4338 tari,
2180 4285 2234 4330 et
2266 4275 2499 4328 nondum
2555 4275 2752 4329 factam
2805 4277 3068 4347 lcprosam
3093 4319 3107 4342 ,
3145 4283 3410 4350 prolatam
3451 4303 3581 4341 vero

2011 4368 2190 4421 statim
2247 4369 2510 4437 leprosum
2569 4369 2764 4425 faetam
2795 4389 2807 4424 :
2840 4371 3033 4428 deimle
3079 4389 3199 4427 mox
3260 4375 3460 4430 illatam
3484 4418 3499 4442 ,
3529 4391 3584 4431 et

342 4459 560 4510 adverte
623 4457 675 4508 iit
722 4455 808 4508 his
859 4464 1048 4506 natura
1111 4463 1164 4506 et
1239 4454 1466 4506 veritate
1535 4452 1729 4505 Filium
1785 4453 1901 4512 Dei,
1941 4475 2198 4532 Drin-sus
2256 4461 2549 4529 prolatam,
2605 4471 2658 4514 οι
2717 4463 2779 4516 uc
2831 4473 3024 4517 amem
3085 4481 3184 4518 non
3262 4467 3576 4536 tcpmsam:

343 4561 595 4616 tanquam
655 4549 896 4615 mundam
951 4547 1097 4614 virga
1151 4545 1219 4598 sit
1269 4545 1484 4608 Patris;
1524 4545 1667 4610 virga
1729 4554 1904 4596 autem

342 4642 550 4708 insigne
581 4649 662 4691 est
710 4638 858 4707 regni
891 4656 902 4690 :
946 4656 964 4688 ι
1007 4636 1142 4690 Filio
1176 4636 1318 4690 enim
1374 4637 1518 4688 dedit
1558 4637 1756 4688 habere
1788 4649 1906 4688 0m-

342 4733 486 4784 nimn
535 4741 848 4799 potestatem
892 4729 954 4780 ⁸³.
1006 4747 1024 4780 ι
1058 4727 1206 4782 Unde
1241 4729 1404 4781 etiam
1445 4725 1656 4779 divinus
1687 4726 1852 4779 David
1893 4743 1907 4778 :

347 4843 363 4873 ι
409 4822 653 4876 Thronus
684 4833 823 4884 tuus,
855 4823 1045 4890 inquit,
1081 4821 1239 4882 Dens,
1270 4821 1320 4871 in
1343 4819 1594 4872 sarculum
1619 4817 1818 4880 saeculi,
1859 4826 1913 4870 et

342 4916 481 4983 virga
504 4915 791 4982 :eqnitatis,
816 4915 961 4980 virga
990 4910 1133 4980 regni
1159 4911 1348 4964 ttti5".t
1386 4910 1488 4963 Sed
1523 4926 1642 4963 eam
1679 4910 1905 4978 projecit

336 5006 390 5060 in
421 5016 640 5070 terram,
671 5007 859 5067 idest,
893 5018 1116 5072 corpore
1142 5013 1354 5054 terreno
1383 5002 1755 5063 circmndedit,
1790 5003 1904 5055 sive

337 5114 432 5166 per
479 5097 864 5153 humanitatcn‘t
922 5095 1066 5148 misit
1104 5094 1154 5144 in
1210 5103 1406 5145 terram
1445 5111 1458 5145 :
1495 5104 1620 5146 tunc
1654 5093 1795 5144 enim
1847 5093 1898 5144 iu
1945 5159 1952 5166 .

335 5190 680 5242 similitudine
711 5186 882 5241 factus
912 5195 993 5238 est
1027 5185 1382 5252 malignorum
1424 5183 1724 5246 hominum,
1749 5183 1899 5237 scili-

335 5291 418 5333 cet
449 5279 794 5347 malignitatis
834 5278 1039 5344 signum
1073 5287 1154 5329 est
1185 5289 1424 5342 serpens.
1471 5275 1474 5280 ’

367 5370 518 5438 Quod
542 5379 716 5421 autem
745 5383 924 5420 verum
950 5370 1036 5430 sit,
1067 5367 1188 5419 hinc
1214 5367 1434 5419 scimus.
1475 5365 1589 5434 Ipse
1619 5366 1761 5419 enim
1789 5365 1897 5419 Do-

336 5533 377 5563 "
481 5533 648 5584 Exod.
673 5548 801 5592 xxv,
832 5533 916 5583 Π.
993 5531 1106 5562 δ”-⁸³
1143 5529 1337 5584 IJoan.
1369 5547 1430 5596 tt,
1475 5533 1524 5596 1,
1562 5533 1616 5586 2.

335 5601 540 5664 xvn,2.
617 5601 662 5631 δι
699 5602 835 5654 Psal.
878 5618 1022 5664 xm,
1083 5603 1160 5652 7.-
1211 5603 1256 5633 ⁸⁵
1292 5601 1448 5655 Νιιιιι.
1503 5618 1616 5665 xu,
1673 5600 1727 5655 8.

333 5675 379 5702 '9
408 5667 572 5724 Exod.
604 5686 678 5731 tv,
701 5673 752 5724 6.
868 5672 910 5700 5°
941 5674 1040 5726 lsa.
1071 5686 1257 5736 XLVIII,
1288 5673 1369 5724 15.

336 5745 378 5771 5"
413 5742 580 5797 chit.
609 5756 727 5805 xui,
754 5742 807 5792 2,

1695 5533 1740 5561 ¹⁰
1775 5531 1930 5584 Rom.
1959 5547 2040 5595 ιιι,
2099 5531 2190 5586 25.

1807 5602 1850 5631 ⁵⁵
1914 5600 2070 5654 Joan.

1483 5675 1522 5703 δι
1560 5673 1696 5725 l’sal.
1728 5686 1897 5735 xxxii,
1922 5673 1972 5724 6.

2013 4551 2314 4604 «Restituta
2329 4559 2413 4603 est
2434 4551 2598 4614 enim,
2631 4550 2822 4618 inquit,
2854 4551 2904 4604 in
2935 4552 3168 4606 colorem
3191 4556 3368 4608 carnis
3390 4557 3525 4624 ejus.
3555 4576 3575 4606 ι

2009 4642 2147 4708 Ergo
2197 4641 2432 4710 quandiu
2507 4642 2718 4708 quidem
2781 4654 2899 4695 erat
2951 4644 3002 4696 in
3059 4644 3178 4697 sinu
3235 4643 3408 4700 Patris
3440 4649 3579 4702 Deus

2011 4727 2263 4791 Verbum,
2303 4727 2600 4780 divinitatis
2634 4729 2808 4782 nitore
2844 4727 3114 4800 fulgebat;
3153 4747 3336 4786 verum
3362 4737 3579 4805 quando

2010 4819 2188 4886 aliquo
2250 4820 2405 4870 modo
2467 4830 2616 4872 extra
2670 4818 2767 4872 fuit
2825 4835 2920 4889 per
2979 4823 3400 4880 incarnationem
3463 4829 3580 4882 sive

2011 4910 2453 4979 ὲνανϐρώπησιν,
2493 4913 2665 4968 factus
2712 4926 2790 4966 est
2833 4931 2849 4959 ι
2899 4915 2949 4968 iit
2999 4915 3348 4972 similitudine
3400 4922 3580 4973 carnis

2011 5003 2251 5068 peccati.
2291 5013 2344 5054 et
2395 5003 2532 5056 inter
2592 5005 2804 5070 iniquos
2855 5015 3134 5072 reputattts
3184 5017 3266 5062 est
3296 5009 3361 5060 θ’.
3428 5030 3446 5061 ι
3486 5012 3578 5066 Ait

2009 5094 2148 5146 enim
2177 5094 2388 5145 divinus
2417 5093 2649 5157 Paulus,
2686 5111 2702 5142 ι
2746 5101 2866 5148 eum
2903 5096 2990 5162 qui
3025 5107 3304 5164 peccatum
3342 5116 3445 5154 non
3479 5116 3598 5164 nos

2008 5195 2178 5246 verat,
2203 5200 2296 5252 pro
2319 5184 2460 5236 nohit
2495 5195 2772 5251 peccatmn
2803 5185 2984 5252 fuisse,
3011 5197 3067 5240 ut
3097 5203 3191 5243 uos
3220 5189 3469 5246 fierentus
3488 5193 3578 5262 ju-

2009 5275 2152 5328 stitia
2194 5276 2244 5326 in
2273 5276 2384 5342 ipso
2423 5275 2488 5329 ⁸³.
2533 5294 2553 5328 ι
2591 5274 2700 5329 Hoc
2725 5277 2976 5330 existimo
3007 5277 3205 5347 lepram
3240 5281 3568 5348 Significare,

2009 5367 2314 5420 immundus
2359 5369 2500 5422 enim
2533 5369 2826 5422 secundum
2865 5369 3033 5440 legem
3075 5371 3318 5440 leprosus
3348 5373 3412 5428 “.
3469 5375 3574 5429 Sed

2269 5532 2311 5562 δι
2350 5531 2451 5586 lsa.
2477 5547 2549 5594 vi,
2580 5533 2629 5585 Ἰ.
2705 5533 2751 5562 ⁸³
2788 5531 2955 5588 Exod.
3010 5552 3084 5599 iv,
3135 5537 3257 5593 1-5.

2139 5617 2220 5662 III,
2281 5602 2364 5654 14.
2442 5603 2485 5632 ⁵⁷
2525 5603 2690 5656 Exod.
2749 5619 2821 5668 Iv,
2869 5604 2921 5657 2.

2053 5673 2097 5703 θ’
2130 5671 2286 5726 Rom.
2318 5689 2432 5734 vm,
2462 5672 2526 5738 '5;
2555 5673 2657 5726 lsa.
2687 5690 2808 5738 ι.ιιι,
2885 5674 2971 5729 12.

3336 5537 3382 5571 ³³
3411 5537 3568 5594 Joan.

3003 5607 3048 5636 "
3105 5607 3246 5662 Psal.
3312 5623 3452 5672 xuv,
3514 5610 3568 5664 7.

3051 5677 3096 5707 ⁸³
3128 5677 3145 5731 Ι
3175 5677 3300 5741 Cor.
3357 5695 3409 5743 v,
3477 5679 3566 5730 91.
