4082 6258
479 362 599 418 13‘.”

474 492 546 546 qu

479 573 529 620 in
565 558 1010 618 resurrectionem
1058 568 1084 603 a
1123 543 1384 614 mortuis)
1409 586 1421 606 ,
1456 541 1658 609 prolata
1706 537 1898 588 iterum
1942 546 2056 581 nta-

480 672 578 712 nus
608 652 889 706 videbatur
922 643 1115 698 nmnda
1151 655 1164 690 :
1200 637 1446 690 adveniet
1481 633 1624 685 enim
1659 636 1787 697 post
1817 635 2055 690 tempora

485 735 1102 802 ItnminusnosterJesus
1124 729 1404 790 Christus,
1431 725 1481 777 in
1512 720 1823 776 sinceritate
1872 712 2059 767 divini-

485 841 607 891 tatis
636 850 688 889 et
713 832 902 904 gloria,
948 824 1195 896 quamvis
1225 818 1635 874 similitudinem
1673 820 1910 865 nostram
1953 819 2057 858 non

486 900 786 1000 projecerit.
838 922 926 975 Ait
962 920 1105 973 enim
1138 926 1191 968 et
1225 915 1412 968 beatus
1454 905 1653 960 Paulus
1701 904 1768 957 de
1786 900 2006 955 Christo
2040 915 2053 949 :

491 1041 510 1073 ι
543 1021 676 1087 Quia
709 1015 872 1071 semel
905 1019 1148 1065 mortuus
1171 1015 1255 1061 est
1283 1005 1348 1057 ad
1377 1001 1660 1054 multorum
1696 988 2060 1048 exhattrienda

488 1121 728 1180 peccata.
772 1104 1020 1160 Secundo
1055 1101 1168 1154 sine
1199 1107 1417 1166 peccato
1439 1089 1716 1160 apparebit
1746 1091 2062 1151 exspectan-

493 1206 632 1254 tihus
674 1216 731 1253 se
785 1199 837 1251 in
873 1195 1099 1250 salutem
1131 1191 1195 1242 ⁸⁵.
1250 1209 1267 1238 ι
1304 1187 1444 1254 Ergo
1471 1181 1682 1251 quoties
1721 1177 1878 1230 nobis
1911 1186 2063 1227 sacra

491 1294 695 1346 Littera
728 1289 971 1342 nominat
999 1278 1490 1338 Christuntlesum,
1520 1271 1676 1341 791
1705 1283 1770 1321 ne
1793 1267 2064 1320 hominem

491 1398 730 1436 seorsum
791 1375 1089 1448 putaveris,
1142 1387 1245 1424 non
1302 1382 1423 1421 vere
1486 1367 1716 1416 adunato
1795 1358 1893 1425 ipsi
1961 1356 2066 1408 Deo

500 1477 671 1527 Verbo
707 1490 720 1536 ;
763 1470 853 1523 sed
884 1461 1281 1520 existimaveris
1314 1457 1479 1525 magis
1503 1455 1675 1520 ipsum
1713 1463 1830 1504 esse
1853 1465 1917 1500 es
1963 1446 2068 1496 Deo

497 1577 549 1616 et
584 1562 744 1616 Patre
797 1558 1027 1612 Verbum
1066 1552 1252 1605 Jesutn
1294 1548 1602 1608 Christum,
1629 1559 1746 1594 cum
1781 1539 1956 1593 factus
2003 1537 2070 1588 sit

498 1659 674 1709 It"l|l0.

1109 1777 1258 1831 CAP.
1294 1772 1452 1828 XVII.

505 1900 655 1963 Quod
688 1896 924 1951 Christus
959 1911 1056 1945 non
1086 1901 1193 1963 erat
1218 1892 1366 1963 homo
1393 1884 1666 1963 Θεοφέρος,
1692 1895 1781 1932 nec
1809 1874 2066 1963 simplici:

505 1943 580 2021 iiu-
623 1972 675 2019 in
720 1967 923 2017 nomine
981 1961 1284 2014 iulmbilnrit
1327 1956 1461 2007 Deus
1498 1943 1774 2010 'VErbum;
1809 1947 1895 1998 sed
1935 1943 2071 2021 quod

508 2040 668 2105 magis
696 2052 816 2088 caro
849 2035 913 2085 sit
939 2033 1156 2100 factum,
1185 2029 1288 2080 sive
1310 2029 1460 2078 homo
1484 2023 1756 2091 perfectus,
1793 2015 2073 2070 secundum

509 2095 824 2175 Scﬁpmrus.
939 2095 949 2100 ⁷
1740 2095 1765 2109 ⁵

580 2243 679 2308 Qui
732 2239 888 2293 ﬁdem
940 2237 1138 2290 habent
1189 2236 1240 2287 in
1295 2232 1511 2287 Christo
1570 2224 1966 2280 imtnaculatam
2025 2227 2081 2272 et

513 2332 673 2387 rectis
701 2331 952 2384 omnibus
975 2325 1240 2395 sull’ragiis
1273 2322 1694 2391 comprobatam,
1736 2316 1915 2370 dicant
1938 2312 2084 2365 vide-

514 2427 636 2478 licet
675 2423 814 2491 quod
847 2423 958 2490 ipse
974 2435 1038 2474 ex
1065 2419 1171 2470 Deo
1192 2415 1350 2469 Patre
1377 2415 1515 2468 Dens
1544 2408 1777 2463 Verbum
1807 2407 1858 2458 itt
1896 2404 2082 2456 exina-

517 2518 738 2569 nitatent
825 2509 1197 2570 descenderit,
1283 2506 1508 2557 Iortnam
1574 2499 1716 2554 servi
1792 2495 2081 2564 accipiens,

518 2607 896 2676 prepriumque
937 2602 1036 2656 sibi
1067 2598 1272 2653 faciens
1319 2608 1536 2662 corpus,
1588 2589 1731 2659 quod
1773 2595 1856 2641 est
1899 2593 2083 2638 natum

520 2715 584 2751 ex
607 2697 859 2765 Virgine;
886 2693 1022 2760 quod
1061 2690 1232 2744 factus
1264 2687 1334 2740 sit
1368 2684 1530 2738 nostri
1566 2666 1777 2743 similis,
1805 2689 1859 2732 et
1885 2691 2090 2730 nuncu-

525 2796 679 2855 palus
702 2785 866 2838 Filius
891 2780 1142 2835 hominis.
1176 2779 1267 2831 Est
1293 2785 1471 2829 autem
1493 2771 1633 2826 Deus
1657 2770 1866 2839 quidem
1896 2782 2088 2820 secun-

525 2881 647 2929 dum
669 2876 911 2942 spiritum
942 2888 956 2936 ;
989 2872 1147 2923 homo
1169 2879 1344 2920 autem
1373 2866 1511 2918 idem
1536 2861 1829 2916 secundum
1852 2873 2088 2914 carnem.

530 2966 727 3020 Deinde
753 2964 963 3018 divinus
990 2960 1187 3013 Paulus
1211 2957 1518 3012 Iudaeorum
1557 2953 1806 3024 populum
1850 2952 2091 3018 alloque-

531 3060 686 3112 batur
725 3058 948 3110 diceus:
981 3073 998 3105 ι
1033 3051 1369 3106 Multifariam
1419 3048 1705 3116 multisque
1752 3044 1924 3098 modis
1967 3042 2092 3095 olim

535 3151 670 3204 Deus
687 3150 909 3217 loquens
933 3148 1177 3215 patribus
1197 3145 1247 3198 in
1273 3142 1568 3210 prophetis,
1587 3137 1894 3192 novissimis
1913 3136 2096 3189 diebus
2124 3136 2165 3193 C

537 3244 653 3296 istis
674 3241 881 3296 locutus
905 3247 985 3292 est
1012 3238 1164 3291 nobis
1196 3237 1245 3288 itt
1272 3235 1406 3288 Filio
1427 3233 1490 3286 εδ.
1535 3251 1552 3283 ι
1585 3233 1645 3284 Et
1671 3244 1901 3298 quonam
1947 3225 2103 3280 modo

537 3333 868 3402 intelligatur
902 3331 1110 3383 locutus
1146 3327 1311 3381 fuisse
1342 3326 1480 3380 Deus
1520 3333 1572 3377 et
1601 3323 1764 3376 Pater
1800 3317 2105 3373 novissimis

537 3423 725 3477 diebus
757 3421 805 3474 in
833 3419 1012 3474 Filio?
1053 3417 1283 3471 Locutus
1317 3425 1398 3470 est
1424 3415 1566 3469 enim
1597 3410 1992 3482 antiquioribus
2013 3421 2106 3476 per

540 3523 712 3590 ipsum
755 3519 886 3572 dans
917 3517 1188 3586 legem,.et
1241 3514 1440 3568 idcirco
1463 3513 1576 3581 ipse
1614 3509 1780 3563 Filius
1815 3521 1942 3561 suos
1977 3504 2108 3558 dicit

541 3625 661 3664 esse
690 3623 992 3670 sermones,
1018 3623 1112 3674 per
1134 3605 1584 3674 sapientissimum
1608 3602 1824 3671 Moysen
1850 3599 2105 3670 prolatos.

541 3701 628 3754 Ait
649 3698 790 3750 enim
823 3713 835 3749 :
877 3713 894 3745 ι
926 3695 1098 3749 Nolite
1134 3705 1319 3760 putare
1347 3694 1469 3760 quia
1511 3693 1631 3744 veni
1678 3691 1887 3744 solvere
1914 3690 2102 3758 legem,

544 3803 632 3846 attt
656 3793 962 3861 prophetas.
999 3787 1112 3842 Non
1143 3788 1261 3841 veni
1303 3786 1528 3847 solvere,
1571 3784 1664 3836 sed
1696 3782 1936 3851 implere.
1977 3779 2107 3832 Dico

544 3887 686 3939 enim
727 3884 898 3948 vobis,
925 3883 1031 3934 iota
1057 3895 1239 3943 unum,
1267 3887 1363 3932 aut
1393 3892 1528 3931 unus
1559 3891 1690 3945 apex
1719 3892 1822 3929 non
1862 3870 2109 3926 transibit

547 3997 573 4030 a
599 3978 916 4047 Iege,donee
937 3975 1114 4028 omnia
1139 3975 1290 4026 iiant.
1317 3971 1521 4026 C(eltnn
1539 3979 1593 4023 et
1621 3978 1758 4021 terra
1787 3965 2106 4026 transibunt,

549 4072 708 4123 verba
750 4078 926 4122 autem
976 4081 1090 4121 mea
1141 4081 1255 4123 non
1285 4064 1587 4119 transibunt
1625 4061 1690 4113 θ’.
1724 4079 1740 4109 ι
1777 4056 1926 4111 Adde
1947 4057 2109 4109 etiam

549 4163 819 4231 prophetae
878 4174 1059 4213 vocem
1115 4175 1127 4211 :
1189 4177 1205 4206 ι
1248 4155 1373 4222 Ipse
1441 4155 1530 4222 qui
1585 4152 1861 4219 loquebar,
1917 4157 2111 4216 praesto

551 4277 668 4315 sum
698 4259 763 4314 ⁸⁸.
803 4277 820 4308 ι
866 4255 1007 4323 Ergo
1055 4265 1176 4306 eum
1238 4250 1408 4300 laetus
1463 4255 1546 4298 est
1595 4243 1761 4296 Filius
1813 4243 1863 4292 in
1924 4251 2108 4300 carne,

554 4367 679 4406 tune
729 4353 936 4401 locutus
985 4353 1068 4396 est
1128 4342 1279 4393 nobis
1331 4340 1490 4392 Pater
1559 4337 1609 4388 in
1645 4336 1779 4403 ipso,
1845 4332 1985 4385 sicut
2037 4331 2114 4382 ait

554 4443 741 4493 beatus
806 4435 1022 4496 Paulus,
1077 4431 1382 4483 novissimis
1432 4425 1696 4480 diebus“.
1770 4421 1874 4476 Sed
1913 4435 1978 4472 ne
2018 4435 2110 4488 pa-

557 4549 669 4585 rum
695 4529 996 4590 credamus,
1031 4526 1174 4594 quod
1205 4526 1315 4591 ipse
1345 4522 1413 4574 sit
1444 4521 1532 4572 ille
1555 4518 1643 4585 qui
1672 4517 1833 4570 etiam
1866 4522 1989 4566 ante
2016 4526 2112 4563 sa:-

555 4625 672 4680 enla
735 4620 922 4685 Filius,
977 4619 1154 4671 intulit
1205 4615 1431 4670 statim:
1474 4631 1490 4662 t
1521 4612 1621 4665 Per
1670 4623 1826 4677 quem
1886 4603 2012 4657 fecit
2064 4610 2118 4653 et

555 4716 747 4774 secula
781 4713 859 4779 7°,
895 4731 912 4764 ι
963 4710 1303 4779 splendorem
1358 4707 1517 4759 etiam
1556 4702 1736 4770 gloriae
1783 4706 1837 4750 et
1893 4695 2114 4757 ﬁguram

558 4803 868 4862 substantia:
901 4801 1076 4853 Patris
1107 4811 1226 4851 esse
1264 4805 1693 4849 commemorans
1718 4787 1784 4839 '“.

631 4902 800 4954 IIotno
831 4899 989 4964 igitur
1018 4895 1189 4946 iactus
1216 4899 1297 4945 est
1339 4899 1465 4940 vere
1505 4882 1550 4935 is
1592 4894 1686 4950 per
1719 4889 1876 4946 quem
1909 4873 2036 4926 fecit
2066 4879 2120 4924 et

558 4995 750 5050 saecula
784 4992 919 5046 Deus
947 4989 1142 5050 Pater;
1169 4991 1222 5037 et
1253 4997 1378 5042 non,
1412 4988 1468 5029 ut
1498 4970 1736 5029 nonnulli
1779 4965 2110 5024 existimant,

562 5090 613 5141 itt
647 5084 864 5140 homine
901 5081 1020 5144 fuit,
1053 5087 1108 5131 ut
1152 5084 1308 5128 homo
1358 5067 1682 5135 intelligatur
1723 5076 1754 5115 a
1800 5058 1952 5112 nobis
1999 5065 2117 5108 tan-
2181 5117 2190 5124 ν

561 5193 718 5246 quam
751 5174 913 5226 Deum
935 5166 1139 5222 habens
1164 5159 1575 5215 inhabitantem.
1608 5149 1738 5202 Nam
1767 5148 1810 5199 si
1839 5147 1953 5199 haec
1976 5148 2120 5194 recte

564 5281 620 5319 se
652 5264 848 5317 habere
900 5271 1022 5311 vere
1049 5252 1343 5310 conlidunt,
1372 5249 1808 5311 supervacaneus
1831 5247 1950 5286 esse
1977 5231 2116 5282 vide-

566 5357 707 5408 hitnr
729 5354 916 5406 beatus
942 5344 1265 5412 evangelista
1302 5336 1541 5390 Joannes
1578 5332 1764 5386 dicens
1797 5340 1810 5378 :
1848 5343 1865 5375 t
1897 5324 1961 5376 Et
1991 5320 2122 5376 Ver-

568 5447 689 5496 hum
721 5457 845 5496 caro
875 5442 1069 5492 factum
1095 5444 1176 5488 est
1202 5431 1270 5483 τί.
1304 5447 1322 5480 ι
1361 5425 1458 5480 Ubi
1483 5425 1623 5477 enim
1655 5417 1944 5473 necessitas
1971 5415 2124 5463 ἐναν-

638 5587 681 5614 “
718 5585 878 5639 llebr.
907 5599 982 5644 ιχ,
1006 5578 1092 5633 28.
1171 5577 1214 5608 “
1249 5573 1408 5627 IIebr.
1427 5525 1474 5636 αι,
1501 5567 1892 5644 I._“7_bl_attlt.
1921 5581 1971 5627 v,

571 5651 614 5681 "
645 5634 981 5715 ιυὲὲιῗιζῆζ
1083 5648 1132 5679 ⁷³
1169 5645 1336 5700 Levii.
1386 5634 1524 5703 xxvi,
1559 5639 1651 5698 ICZ;
1683 5639 1698 5689 I
1727 5639 1850 5690 L‘or.
1903 5651 1974 5696 vt,
2014 5634 2099 5688 16.

573 5720 615 5749 ’⁸
648 5722 666 5772 ι
696 5721 816 5773 Cor.
845 5737 914 5785 vt,
947 5722 1029 5772 I‘J.

1488 337 1545 391 s.
1585 325 1860 386 (:YRIIJJ
1894 313 2363 378 numnum
2402 283 2721 364 Attonitae.

554 474 731 528 oniam
771 467 964 519 iterum
989 462 1044 514 in
1078 458 1196 512 sinu
1241 454 1337 508 fuit
1370 451 1543 508 Patris
1571 450 1922 518 (assumptus
1969 447 2053 492 est
2083 463 2094 495 Α

2193 429 2487 502 ρωπήσεως
2508 429 2524 474 ‘1

2155 525 2302 582 Imm,
2348 519 2391 572 si
2441 530 2544 568 non

2153 628 2206 670 et
2231 613 2461 666 similem
2490 604 2659 660 nostri
2683 615 2804 655 eum
2832 596 3029 649 factum
3055 603 3176 643 esse
3195 583 3485 654 signiﬁcat,
3512 589 3562 631 et
3580 593 3731 630 man-

2155 705 2288 758 sisse
2314 710 2490 754 tamen
2527 697 2605 750 sic
2631 702 2843 762 quoque
2897 684 3070 753 ipsum
3125 690 3286 744 supra
3334 685 3460 734 nos,
3507 668 3614 721 imo
3642 682 3733 719 su-

2163 5561 2207 5592 ⁶⁸
2245 5559 2343 5612 Isa.
2375 5572 2472 5617 ιιι,
2499 5553 2550 5605 8.

3580 284 3598 334 I
3611 282 3724 336 592'

2508 423 2531 474 ?
2558 422 2661 474 Ant
2688 427 2855 486 quare
2890 410 3224 464 incarnatum
3252 399 3381 454 dicit
3405 396 3567 449 Deum
3591 395 3722 447 Ver-

2586 511 2763 563 l‘actus
2797 512 2878 558 est
2917 497 3084 554 caro?
3121 494 3218 548 Vis
3258 487 3728 558 ὲνανθρωπὴσεως

2159 812 2252 866 pra
2287 795 2593 846 universam
2623 787 2793 854 ipsam
2820 786 3147 832 creaturam.

2228 887 2491 954 Oportere
2534 889 2710 932 autem
2749 869 3022 928 existimo,
3053 879 3113 917 ea
3155 874 3274 929 qua:
3303 858 3437 920 dixi,
3474 850 3735 919 exemplis

2161 981 2320 1032 etiam
2365 972 2718 1042 comprobare
2764 973 2819 1016 et
2863 956 3207 1029 persuadere,
3239 948 3384 1018 quod
3416 945 3736 1011 Unigettitus

2165 1071 2342 1124 factus
2377 1067 2449 1118 sit
2483 1065 2662 1122 homo,
2695 1070 2749 1110 et
2790 1054 2859 1108 sit
2887 1050 3046 1110 Deus,
3080 1045 3240 1098 etiam
3279 1053 3398 1092 cum
3446 1050 3634 1096 carne,
3677 1048 3738 1085 ae

2166 1173 2270 1218 nun
2310 1169 2517 1213 tantum
2549 1146 2868 1207 inhabitarit
2901 1144 2954 1195 itt
2995 1138 3234 1196 homine,
3275 1130 3536 1199 θεοφόρον
3566 1128 3737 1194 ipsum

2165 1253 2420 1314 eiliciens,
2457 1257 2712 1314 tanquam
2757 1239 2911 1299 alios,
2939 1233 3030 1302 qui
3063 1226 3360 1284 divinitatis
3393 1222 3559 1290 ipsius
3595 1218 3739 1271 fuere

2167 1343 2473 1416 participes.

2761 1485 2912 1542 CAP.
2951 1479 3135 1537 XVIII.

2173 1612 2323 1678 Quod
2350 1605 2663 1665 Emmanuel
2695 1603 2861 1656 Deum
2889 1597 3126 1651 habuerit
3151 1594 3306 1646 aliter
3337 1585 3740 1649 inhabitantem,

2804 1684 2960 1740 quant
3001 1682 3112 1718 nos.

2100 1795 2142 1846 Β
2241 1796 2330 1848 Ait
2358 1789 2551 1846 alicubi
2582 1789 2728 1842 Dens
2765 1785 2829 1838 de
2871 1781 3063 1836 nobis:
3097 1797 3116 1830 ι
3147 1775 3459 1831 lnhabitabo
3509 1772 3560 1824 in
3602 1769 3748 1838 ipsis,

2175 1900 2227 1942 et
2254 1882 2617 1941 inambulabo,
2657 1887 2712 1956 et
2744 1890 2836 1929 ero
2865 1873 2998 1942 ipsis
3034 1871 3196 1932 Deus,
3229 1877 3279 1920 et
3305 1865 3402 1933 ipsi
3433 1872 3600 1916 erunt
3626 1860 3751 1912 tuihi

2176 1977 2399 2047 populus
2428 1973 2494 2026 ⁷³.
2531 1991 2547 2021 ι
2593 1955 2699 2022 Nec
2744 1980 2850 2020 non
2889 1963 3051 2016 etiam
3105 1961 3218 2028 ipse
3265 1955 3523 2010 Dominus
3570 1962 3754 2004 noster

2172 2069 2333 2124 Jestts
2359 2063 2607 2118 Christus
2641 2078 2654 2113 :
2702 2077 2720 2108 ε
2754 2057 2891 2110 Ecce
2921 2069 3020 2124 ego
3069 2051 3259 2115 venio;
3296 2059 3351 2102 et
3378 2047 3421 2100 si
3462 2044 3589 2112 quis
3628 2042 3750 2094 mihi

2180 2157 2469 2228 aperuerit,
2525 2151 2734 2206 intrabo
2780 2163 2900 2217 ego,
2953 2153 3006 2198 et
3047 2141 3184 2212 apud
3221 2155 3344 2193 eum
3400 2137 3658 2195 cantabo,
3705 2143 3755 2186 et

2181 2250 2360 2312 Pater,
2386 2257 2437 2300 et
2467 2246 2532 2298 ad
2562 2258 2682 2297 emn
2707 2241 3000 2298 veniemus,
3033 2244 3086 2289 et
3109 2232 3440 2286 mansionem
3467 2229 3616 2296 apud
3641 2240 3752 2280 eum

2186 2339 2528 2396 faciemus”.
2566 2355 2584 2388 ι
2625 2331 2892 2389 Nominati
2923 2342 3109 2384 sumus
3131 2326 3294 2379 etiam
3323 2321 3580 2388 templum
3629 2317 3752 2371 Dei:

2190 2455 2207 2487 ι
2245 2436 2346 2489 Vos
2389 2432 2553 2494 enim,
2605 2426 2796 2496 inquit,
2834 2419 3029 2490 templa
3058 2417 3189 2472 estis
3234 2414 3326 2468 Dei
3371 2413 3474 2466 vivi
3519 2411 3592 2461 ".
3630 2427 3648 2459 ι
3701 2407 3758 2461 Et

2191 2540 2374 2580 rursus
2398 2543 2408 2578 :
2429 2543 2446 2574 ι
2471 2519 2697 2576 Nescitis
2713 2530 2938 2585 corpora
2963 2519 3138 2565 vestra
3163 2506 3418 2575 templum
3448 2516 3567 2557 esse
3604 2499 3762 2568 Spiri-

2191 2628 2274 2672 tns
2302 2614 2494 2679 sancti,
2520 2611 2608 2681 qui
2635 2618 2716 2664 est
2753 2609 2803 2659 in
2834 2605 3003 2668 vobis,
3029 2615 3185 2670 quem
3210 2597 3419 2651 habetis
3441 2611 3469 2647 a
3493 2594 3611 2646 Deo
3631 2592 3711 2645 "1'
3737 2609 3754 2641 ι

2198 2708 2389 2763 Verum
2413 2707 2454 2759 si
2482 2705 2554 2757 ita
2583 2702 2751 2766 aiunt,
2775 2701 2945 2766 ipsum
2983 2705 3197 2763 quoque
3221 2704 3278 2742 se
3311 2689 3511 2742 habere
3547 2685 3759 2737 Emma-

2194 2800 2336 2862 nuel,
2352 2808 2426 2860 et,
2442 2807 2696 2864 tanquam
2720 2796 3155 2856 unumquemque
3173 2793 3288 2836 nost
3303 2794 3438 2844 rum,
3459 2776 3762 2830 inhabitan-

2197 2901 2301 2943 tem
2322 2889 2372 2941 in
2392 2901 2510 2940 sese
2529 2885 2693 2936 Deum
2717 2878 2991 2940 habuisse,
3021 2881 3203 2943 aperte
3222 2869 3625 2933 conﬁteantur;
3647 2879 3761 2918 cum

2199 2979 2368 3047 ipsttnt
2420 2971 2634 3026 adorari
2681 2967 3040 3034 conspiciunt,
3080 2973 3185 3015 tam
3224 2977 3252 3012 a
3300 2958 3473 3020 nobis,
3506 2971 3670 3024 quam
3700 2954 3764 3007 ab

2198 3067 2420 3137 angelis,
2453 3066 2503 3117 itt
2541 3061 2677 3117 ctelo
2703 3060 2906 3128 pariter
2931 3055 3064 3109 etin
3101 3063 3264 3115 terra,
3298 3049 3627 3104 erubescant
3653 3054 3767 3098 tan-

2203 3177 2360 3231 quam
2407 3159 2618 3212 diversa
2666 3152 2948 3220 alienaque
2997 3145 3310 3204 sentientes,
3342 3150 3396 3196 et
3443 3141 3766 3194 Litterarum

2205 3264 2480 3307 sacrarum
2523 3246 2851 3315 propositum
2889 3239 3210 3300 nescientes,
3256 3249 3353 3288 nec
3402 3233 3666 3286 habentes
3719 3228 3768 3280 in

2205 3359 2262 3399 se
2296 3342 2474 3404 Iidem,
2510 3353 2667 3407 quam
2708 3333 2862 3388 nobis
2894 3330 3250 3390 tradiderunt,
3298 3325 3388 3394 qui
3426 3324 3478 3376 in
3509 3319 3772 3389 principio

2206 3443 2259 3488 et
2284 3433 2553 3493 viderunt,
2587 3436 2643 3481 et
2676 3424 3116 3478 ministravernnt
3153 3414 3349 3469 Verbo.

2280 3524 2336 3577 Si
2377 3534 2557 3576 autem
2600 3518 2800 3579 dicant,
2835 3513 2977 3582 quod
3009 3516 3290 3579 propterea
3336 3505 3474 3558 Deus
3505 3502 3601 3568 sit,
3639 3509 3688 3554 et
3721 3507 3775 3551 ut

2209 3616 2349 3669 Dens
2377 3611 2727 3683 glolrli‘teetnr,
2761 3608 2886 3674 quia
2921 3605 2972 3658 in
2998 3618 3063 3656 eo
3087 3610 3291 3654 tantum
3327 3595 3650 3650 inbabitavit
3681 3593 3771 3646 Dei

2207 3709 2381 3762 Patris
2423 3705 2693 3765 Verbum,
2733 3714 2795 3752 ac
2828 3713 2931 3752 non
2977 3703 3280 3765 propterea,
3321 3689 3440 3759 quia
3481 3686 3664 3740 factus
3707 3685 3777 3738 sit

2210 3801 2405 3862 homo;
2430 3796 2648 3849 audient
2672 3806 2857 3845 rursus
2888 3807 2914 3843 a
2942 3787 3092 3841 nobis
3122 3803 3134 3838 :
3160 3782 3327 3848 Si'iis,
3351 3780 3439 3850 qui
3467 3777 3774 3831 inhabitan-

2213 3903 2318 3946 tetn
2354 3891 2404 3943 itt
2443 3903 2500 3942 se
2530 3885 2695 3938 Deum
2729 3880 3032 3945 habuerint,
3063 3877 3192 3931 satis
3213 3883 3315 3932 est.
3341 3880 3398 3924 ut
3428 3870 3634 3924 idcirco
3658 3881 3776 3919 vere

2210 3987 2283 4040 dii
2317 3999 2436 4038 esse
2463 3980 2688 4050 possint,
2717 3985 2771 4031 et
2798 3975 2864 4027 ah
2901 3969 3207 4025 hominibus
3247 3964 3565 4025 adorentur,
3597 3972 3775 4013 omnes

2211 4092 2344 4131 sane
2379 4073 2552 4144 angeli
2587 4068 2940 4134 hominesque
2969 4065 3080 4116 sint
3119 4061 3186 4113 dii
3215 4067 3267 4111 et
3297 4053 3599 4116 adorandi;
3630 4052 3777 4104 inha-

2213 4170 2346 4223 bitat
2369 4140 2510 4220 eniin
2548 4164 2686 4216 Deus
2721 4159 2773 4212 in
2806 4153 3005 4211 sanctis
3027 4148 3252 4218 angelis.
3293 4144 3591 4199 Habuimus
3623 4140 3772 4194 etiam

2215 4275 2311 4314 nos
2346 4259 2520 4325 ipsum
2552 4254 2603 4306 in
2637 4249 2790 4304 nobis
2815 4261 2910 4316 per
2941 4243 3200 4312 Spiritum
3234 4246 3511 4301 sanciunt;
3553 4235 3648 4288 sed
3676 4246 3775 4284 non

2214 4349 2411 4405 sullieit
2435 4348 2534 4400 hoc
2565 4342 2868 4402 ostendere,
2904 4345 3092 4390 natura
3116 4332 3244 4385 deos
3265 4340 3318 4383 et
3361 4326 3667 4380 adorandos
3693 4337 3778 4375 eos

2146 4471 2190 4525 Ι)
2216 4443 2307 4510 qui
2345 4440 2541 4493 habent
2577 4432 2835 4502 Spiritum
2865 4436 3132 4481 sanctum.
3170 4423 3336 4490 Igitur
3367 4434 3469 4472 non
3502 4425 3779 4485 propterea

2219 4531 2362 4585 Deus
2397 4538 2499 4589 est,
2528 4537 2578 4578 et
2607 4522 2912 4577 adorandus
2942 4511 3278 4576 Emmanuel,
3301 4511 3443 4580 quod
3471 4505 3780 4563 inbabitarit

2216 4623 2266 4675 itt
2303 4636 2386 4679 eo.
2441 4630 2690 4686 tanquam
2741 4615 2794 4666 itt
2845 4610 3059 4664 homine
3103 4603 3395 4668 communi,
3446 4611 3500 4656 et
3543 4611 3779 4654 seorsum

2217 4709 2566 4781 intelligendo
2615 4718 2668 4760 et
2700 4708 2751 4758 in
2783 4712 2933 4773 parte
2973 4702 3137 4755 Deum
3174 4694 3450 4756 'Verbutn;
3500 4691 3595 4744 sed
3645 4686 3780 4756 quod

2217 4805 2416 4857 factum
2463 4802 2534 4854 sit
2559 4812 2709 4860 caro,
2747 4798 2934 4855 idest,
2972 4793 3134 4845 homo
3172 4806 3184 4842 :
3234 4785 3430 4840 mansit
3458 4784 3604 4838 enim
3650 4781 3781 4834 idem

2216 4904 2270 4949 et
2297 4893 2455 4956 Deus,
2489 4903 2542 4946 et
2569 4885 2896 4944 adorandus.

2741 5019 2901 5089 792
2938 5013 3092 5070 CAP.
3121 5010 3270 5064 ius.

2297 5145 2449 5197 Dicta
2489 5137 2776 5209 apostolica
2813 5132 3090 5257 inanibus
3129 5128 3268 5181 Deus
3305 5121 3606 5176 nominatus
3646 5124 3718 5168 est

2663 5229 2674 5244 ι
2937 5211 3134 5254 matus.

2663 5229 2674 5244 ι
2878 5211 3134 5254 Christus.

2303 5328 2378 5380 De
2407 5321 2664 5392 mysterio
2696 5317 2880 5371 dicens
2910 5309 3202 5365 secundum
3237 5303 3512 5360 Christum
3542 5316 3554 5352 :
3590 5317 3609 5347 σ
3641 5291 3786 5361 Quod

2224 5419 2360 5480 aliis,
2376 5383 2569 5483 inq'uit,
2595 5402 3036 5479 generationibus
3053 5405 3256 5453 nonest
3279 5393 3516 5463 agnitum
3537 5387 3659 5442 [iliis
3691 5383 3784 5437 lto-

3121 5539 3165 5569 "°
3203 5534 3334 5590 ibid.
3360 5533 3416 5586 2.
3494 5531 3536 5562 τί
3575 5525 3706 5579 ibid.
3731 5521 3781 5573 5.

2647 5549 2689 5579 ⁶⁹
2724 5543 2887 5598 Hebr.
2918 5557 2960 5603 I.
2992 5542 3040 5593 Ι.
3121 5542 3165 5569 "°
3203 5542 3334 5590 ibid.
3360 5542 3416 5586 2.
3494 5542 3536 5562 τι
3576 5542 3706 5579 ιυιιι.
3731 5542 3781 5573 ο.

2647 5617 2727 5655 Μὶ-
2783 5615 2937 5655 .Inmt-
2972 5625 3077 5655 xw-
3135 5610 3219 5655 16.
3315 5603 3361 5634 ⁷⁵
3397 5599 3563 5654 Ιῦοτ.
3593 5609 3675 5655 ΙΙΙ,
3707 5591 3784 5644 Π.

2211 5610 2469 5696 “Apoc;
2501 5638 2578 5686 ιιι,
2632 5617 2729 5680 20;
2783 5615 2937 5670 Joan.
2971 5625 3078 5674 XIV.
3135 5610 3219 5661 16-
