4082 6258
383 333 520 388 1595

1304 339 1588 393 SCIIULIA
1633 341 1719 394 DE
1757 341 2271 400 lNCAII-NATIONE
2312 345 2682 402 UNICENITI.

3505 353 3636 404 ιδιιι

379 448 762 510 minuin,sieut
779 464 920 504 nunc
941 451 1232 504 revelatum
1253 455 1942 525 estsanctisapestolislh
1979 462 2024 516 Α
2057 476 2074 508 ι
2109 458 2372 530 Apparuit
2397 461 2540 514 enim
2567 461 2736 532 gratia
2765 461 2855 516 Dei
2887 462 3174 517 salvatoris
3206 465 3476 528 omnibus,
3507 481 3635 518 eru-

379 538 488 592 Et:
542 557 560 589 ι
593 538 906 608 Mysteriqu
942 544 1083 610 quod
1134 546 1508 601 absconditum
1555 548 1655 603 fuit
1681 567 1710 603 a
1745 551 1956 605 saeculis

381 640 436 683 et
463 630 924 698 generationibus,
959 648 1101 688 nunc
1125 643 1305 689 autem
1341 639 1682 694 manifestum
1719 651 1802 696 est
1827 656 1953 695 san-

377 719 476 772 ctis
507 718 642 785 ejus,
675 720 870 788 quibus
900 721 1068 778 voluit
1097 726 1338 780 revelare
1372 729 1585 784 divitias
1615 731 1798 801 gloria:
1836 749 1954 804 my-

376 812 524 866 sterii
556 812 713 880 hujus
739 814 792 868 in
818 816 1090 885 gentibus,
1121 821 1264 888 quod
1297 831 1380 875 est
1407 822 1678 892 Christus,
1713 827 1765 880 in
1803 828 1954 882 vobis

375 917 498 970 spes
543 903 748 971 gloriae,
781 920 940 974 quem
985 924 1084 964 nos
1123 913 1589 968 annuntiamus".
1630 935 1650 968 ι
1686 918 1742 972 Si
1795 919 1954 987 igitur

375 1005 456 1047 est
499 993 780 1065 θεοφόρος,
811 1009 864 1052 et
899 1016 1002 1055 non
1046 1001 1184 1058 Deus
1231 1019 1376 1068 vere,
1409 1009 1680 1074 quomodo
1723 1011 1834 1079 ipse
1872 1020 1953 1066 est

373 1083 576 1138 divitia:
603 1087 787 1154 gloriae
824 1093 1088 1158 mysterii,
1117 1095 1258 1163 quod
1286 1099 1634 1153 annuntiatur
1665 1103 1956 1172 gentibus?

378 1173 468 1226 Vel
504 1178 772 1242 quomodo
797 1181 1017 1236 omnino
1044 1183 1183 1240 Deus
1207 1189 1600 1245 aununtiatur?
1919 1209 1922 1212 '

1010 1292 1161 1347 CAP.
1197 1293 1316 1352 XX.

1070 1408 1258 1463 Aliud.

448 1525 466 1556 ι
501 1507 630 1563 Volo
659 1510 801 1564 enim
838 1529 934 1569 vos
967 1517 1110 1573 scire
1147 1523 1361 1590 qualem
1394 1529 1809 1589 sollicitudinem
1855 1539 1948 1590 ha-

373 1597 523 1650 beam
565 1615 660 1668 pro
681 1603 830 1658 vobis
853 1616 908 1660 et
938 1622 1034 1676 pro
1064 1610 1128 1665 iis
1152 1614 1241 1680 qui
1265 1629 1388 1672 sunt
1413 1619 1712 1691 Laodicetc,
1739 1637 1793 1681 et
1821 1630 1944 1697 qui-

370 1703 581 1756 cunque
631 1709 738 1747 nou
792 1696 1043 1755 viderunt
1078 1701 1269 1759 faciem
1327 1725 1499 1766 meam
1552 1715 1602 1767 in
1656 1696 1852 1782 carne,
1891 1731 1948 1775 ιιι

369 1782 719 1838 consolentur
749 1788 909 1841 corda
961 1791 1224 1864 ipsorum,
1260 1799 1508 1858 instructi
1559 1809 1608 1860 in
1655 1809 1940 1878 charitatc,
1979 1813 2019 1866 Β

367 1879 418 1970 et
443 1870 495 1925 in
528 1889 714 1930 onmes
738 1878 950 1936 divitias
980 1885 1332 1952 plenitudinis
1357 1893 1680 1964 intellectus,
1713 1903 1766 1956 in
1796 1908 1942 1972 agni-

371 1960 566 2015 tionem
619 1969 860 2036 mysterii
893 1970 988 2026 Dei
1042 1975 1241 2032 Christi
1278 1981 1344 2034 ⁷⁸.
1379 2002 1396 2033 ι
1439 1983 1576 2041 Ecce
1628 1960 1938 2060 mysterium

370 2053 480 2117 Dei,
511 2059 822 2125 mysterium
860 2065 1102 2120 nominat
1123 2067 1344 2136 Christi,
1370 2088 1422 2130 et
1456 2077 1614 2144 plene
1643 2053 1940 2154 intelligere

364 2146 618 2240 quosdam
646 2149 760 2203 vult
789 2151 840 2205 in
870 2157 1194 2224 agnitionem
1228 2162 1416 2231 ipsius.
1447 2168 1563 2234 Quo
1585 2171 1746 2240 igitur
1779 2146 1936 2230 intel-

365 2235 501 2288 lectu
549 2253 682 2305 opus
716 2253 854 2306 erat,
910 2247 1210 2305 volentibus
1245 2254 1442 2310 Christi
1493 2235 1804 2330 mysterium
1857 2267 1938 2320 di-

362 2340 539 2392 scere,
565 2329 608 2380 si
647 2329 862 2388 fuerant
895 2339 1152 2407 audituri,
1193 2347 1336 2412 quod
1381 2329 1708 2407 inliabitaret
1755 2355 1806 2408 in
1843 2359 1938 2410 ho-

362 2415 505 2511 mine
544 2417 728 2474 Deus?
774 2423 919 2494 Opus
959 2440 1042 2484 est
1084 2441 1260 2489 autem
1315 2439 1481 2493 nimio
1532 2443 1825 2511 intellectu,
1880 2461 1935 2503 ιιι

359 2505 501 2560 scias
528 2516 714 2565 contra
745 2516 887 2583 quod
930 2517 1186 2588 Verbum,
1237 2541 1361 2580 cum
1417 2531 1486 2584 sit
1537 2533 1694 2600 Deus,
1733 2536 1932 2594 factum

357 2598 426 2651 sit
463 2599 644 2655 homo.

977 2723 1129 2780 CAP.
1173 2728 1310 2785 XXI.

1065 2840 1244 2896 Aliud.

433 2958 451 2989 ι
492 2941 528 2991 Α
565 2943 714 2998 vobis
747 2947 886 3000 enim
923 2952 1098 3005 sonuit
1127 2969 1306 3010 sermo
1337 2957 1568 3024 Domini,
1607 2981 1711 3020 non
1756 2970 1928 3024 solum

355 3029 408 3082 in
439 3029 752 3091 Macedonia
786 3049 838 3091 et
863 3039 1096 3111 Achaia;
1127 3047 1220 3101 sed
1245 3053 1389 3106 omni
1422 3053 1538 3110 loco
1565 3057 1694 3112 fides
1727 3073 1926 3132 vestra,

354 3139 474 3189 quae
506 3134 587 3178 est
616 3127 681 3180 ad
725 3129 912 3196 Deum,
940 3136 1104 3190 exivit
1135 3139 1200 3193 ⁸ο.
1235 3159 1254 3191 ›
1291 3141 1428 3198 Ecce
1458 3147 1650 3202 iterum
1683 3152 1733 3205 in
1765 3127 1928 3212 Deuni
1959 3172 2000 3229 α

356 3215 512 3269 tidem
543 3219 734 3274 factam
777 3238 898 3278 esse
930 3241 1335 3299 commemorat,
1363 3251 1482 3290 cum
1502 3242 1664 3294 etiam
1687 3243 1935 3306 Christus

352 3307 525 3362 dicat:
556 3329 573 3361 ι
605 3311 703 3377 Qui
735 3318 912 3370 credit
939 3319 992 3372 in
1019 3336 1122 3387 me,
1149 3323 1309 3378 habet
1335 3327 1494 3382 vitam
1527 3341 1781 3390 aeternam
1808 3341 1874 3396 ⁸¹.
1911 3363 1928 3394 ι

354 3399 667 3459 Sermonem
699 3417 876 3464 autem
910 3413 1344 3478 prmdicationem
1379 3421 1508 3476 dicit
1541 3426 1604 3479 de
1635 3429 1828 3497 seipso.

957 3546 1106 3602 CAP.
1153 3550 1317 3607 XXII.

1046 3661 1228 3719 Aliud.

427 3778 445 3810 ι
483 3763 586 3830 Ipsi
639 3769 780 3820 enim
831 3774 980 3828 scitis
1017 3777 1298 3836 introitum
1349 3797 1587 3843 nostrum
1625 3795 1764 3862 apud
1807 3813 1922 3860 vos,

347 3853 600 3919 quoniam
649 3873 753 3912 non
785 3861 962 3919 inanis
1003 3867 1102 3923 fuit
1129 3887 1142 3934 ;
1183 3875 1276 3927 sed
1308 3885 1432 3930 ante
1473 3881 1633 3932 multa
1661 3853 1842 3950 passi,
1872 3896 1926 3938 et

347 3948 688 4036 contumeliis
721 3951 920 4020 allecti,
957 3959 1288 4026 sicutscitis,
1326 3966 1376 4016 in
1413 3948 1698 4036 Philippis,
1730 3976 1917 4027 confisi

349 4034 545 4092 fuimus
572 4041 622 4093 in
657 4043 780 4104 Deo,
801 4048 1033 4114 colloqui
1066 4052 1131 4103 ad
1168 4068 1261 4107 vos
1303 4056 1652 4127 Evangelium
1689 4063 1776 4116 Dei
1806 4065 1870 4116 ³⁸.
1895 4084 1914 4116 ι

345 4124 482 4181 Ecce
523 4130 746 4198 loquens
775 4135 826 4186 in
871 4137 1004 4204 Deo,
1045 4140 1139 4194 Dei
1189 4144 1532 4214 Evangelium
1564 4156 1914 4221 memoravit;

342 4217 431 4285 qui
459 4221 713 4286 pra-dicat
749 4226 1004 4292 gentibus
1030 4230 1328 4288 Christum.

935 4358 1087 4417 CAP.
1129 4363 1314 4422 XXIII.

1034 4473 1220 4531 Aliud.

417 4599 436 4632 ι
457 4579 856 4650 Recordatnini,
877 4587 1092 4657 fratres,
1117 4591 1349 4648 laborem
1375 4605 1616 4650 nostrum
1639 4609 1692 4652 et
1717 4615 1906 4654 azrum-

337 4689 479 4737 uam,
515 4686 674 4730 nocte
702 4689 755 4730 et
782 4679 866 4732 die
889 4693 1198 4749 operantes,
1233 4702 1296 4738 ne
1319 4703 1476 4755 quem
1509 4697 1746 4744 vestrum
1774 4709 1901 4762 gra-

335 4780 604 4828 varemus;
629 4770 1034 4835 praedicavimus
1059 4774 1398 4844 Evangeliqu
1423 4777 1511 4832 Dei
1538 4781 1674 4834 inter
1692 4784 1856 4837 vos”.
1873 4803 1888 4834 ι

335 4853 400 4906 Ει
432 4856 624 4908 iterum
659 4871 671 4904 :
713 4875 730 4906 ι
762 4857 1050 4926 Propterea
1095 4872 1150 4914 et
1183 4878 1281 4918 nos
1312 4866 1512 4933 gratias
1552 4869 1759 4936 agimus
1793 4870 1898 4926 Deo

331 4945 447 4999 sine
499 4947 944 5017 intermissione;
990 4953 1242 5020 quoniam
1291 4973 1412 5009 cum
1448 4959 1821 5027 percepisse-tis
1868 4979 1897 5016 a

331 5037 485 5090 nobis
513 5039 758 5104 verbum,
783 5044 966 5096 auditu
999 5043 1092 5098 Dei
1132 5047 1437 5114 cxcepistis,
1465 5065 1568 5102 non
1597 5059 1651 5102 ιιι
1678 5054 1897 5106 verbum

330 5126 627 5194 Inmtinum,
658 5131 749 5183 sed
779 5140 835 5183 ιιι
860 5133 1078 5186 verbum
1110 5135 1224 5200 Dei,
1254 5137 1340 5203 qui
1366 5148 1618 5205 operatur
1647 5140 1700 5194 in
1723 5143 1896 5208 vobis,

326 5219 416 5283 qui
459 5222 764 5277 credidistis
810 5225 876 5278 3“.
914 5245 932 5275 ι
985 5227 1177 5280 Nonne
1221 5229 1500 5283 evidenter
1549 5233 1895 5301 Evangelium

329 5307 450 5370 Dei,
474 5318 523 5362 et
559 5313 648 5364 Dei
685 5316 903 5368 verbum
936 5318 1370 5384 praedicationem
1409 5322 1474 5375 de
1510 5323 1726 5378 Christo
1747 5339 1895 5379 com~

327 5403 628 5453 meruerat?
657 5405 852 5473 quippe
879 5406 929 5459 id
953 5409 1202 5462 omnibus
1235 5410 1730 5468 manifestissimum
1765 5425 1845 5469 est
1878 5433 1892 5470 :

396 5601 666 5679 7_7__l_'3phes.
702 5621 778 5669 ιιι,
807 5607 858 5660 5.
939 5611 980 5640 ⁷⁸
1012 5611 1214 5668 Coloss.
1247 5632 1283 5679 ι,
1311 5617 1396 5671 “26.

327 5675 370 5702 ’-³
409 5671 424 5722 I
459 5673 645 5724 Thess.
683 5691 738 5738 ιι,
766 5677 817 5726 ι.
934 5681 976 5708 ⁸³
1033 5682 1160 5737 ibid.
1196 5672 1276 5739 15,

327 5745 365 5768 “
387 5739 561 5799 Galat.
591 5758 628 5810 ι,
658 5748 706 5798 ti.
789 5747 829 5778 ⁸³
866 5748 992 5804 ibid.

1478 5621 1520 5648 ⁷³
1555 5620 1759 5672 Coloss.
1789 5637 1846 5680 ιι,
1881 5623 1922 5674 I.

1393 5688 1455 5718 ‘"
1493 5687 1595 5742 Tit.
1654 5706 1712 5754 It,
1785 5693 1865 5746 II.

1946 5694 1986 5720 ’⁵⁵
2022 5692 2220 5748 J'et'eni.
2273 5709 2309 5759 ι,
2355 5695 2406 5747 Ei.

2058 552 2209 607 diens
2243 569 2361 618 nos,
2399 563 2456 607 ut
2503 557 2830 620 abnegantes
2877 557 3210 625 impietatem
3264 568 3318 613 et
3349 560 3632 614 saecularia

2057 643 2345 710 desideria,
2401 644 2582 700 sobrie
2626 645 2865 712 et‘juste
2892 656 2946 702 et
2981 651 3067 718 pie
3115 652 3379 713 vivamus,
3433 651 3483 702 in
3536 652 3636 704 hoc

2056 734 2273 799 saeculo,
2327 747 2704 802 exspectantes
2757 739 2968 794 beatam
3019 756 3194 810 spem,
3238 751 3294 795 et
3341 742 3630 796 adventum

2055 823 2239 892 gloriae
2259 827 2434 896 magni
2451 827 2542 880 Dei
2559 838 2615 898 et;
2630 827 2924 884 Salvatoris
2946 831 3112 884 nostri
3135 829 3261 885 .lesu
3287 831 3490 886 Christi
3510 831 3627 886 “1a

2055 915 2195 970 Ecce
2237 917 2396 984 Deus,
2446 927 2502 972 et
2546 937 2792 992 magnus,
2845 923 3156 991 plenissime
3193 925 3500 978 nominatus
3551 935 3636 978 est

2058 1009 2314 1063 Dominus
2343 1023 2528 1066 noster
2553 1011 2708 1069 Iesus
2738 1015 2988 1070 Christus
3017 1035 3030 1072 :
3058 1017 3169 1084 ipse
3195 1027 3278 1071 est
3311 1019 3454 1070 enim
3481 1011 3633 1084 cujus

2054 1099 2338 1154 adventum
2390 1103 2572 1170 gloriae
2638 1117 3053 1175 exspectantes,
3113 1109 3292 1162 sobrie
3346 1109 3526 1162 vivere
3579 1119 3634 1163 et

2053 1192 2601 1260 irrcprehensibiliter
2662 1197 3002 1253 festinamus.
3063 1199 3168 1254 Sed
3229 1201 3273 1253 si
3337 1211 3422 1254 est
3465 1203 3627 1254 homo

2052 1279 2331 1352 θεοφόρος,
2367 1287 2638 1352 quomodo
2665 1288 2735 1340 sit
2764 1303 2987 1358 magnus
3018 1290 3198 1342 Deus?
3231 1289 3322 1344 Vel
3362 1291 3632 1358 quomodo

2051 1372 2208 1427 beata
2243 1389 2366 1444 spes
2396 1375 2446 1428 in
2473 1389 2592 1428 eum
2613 1375 2939 1445 ?'Siquidem
2972 1394 3134 1434 verus
3158 1389 3241 1434 est
3273 1379 3514 1446 profecto
3543 1379 3631 1434 Je-

2051 1465 2248 1518 remias
2274 1464 2458 1517 dicens
2488 1484 2502 1518 :
2544 1483 2562 1515 ι
2601 1465 2919 1522 M-aledictus
2949 1470 3048 1538 qui
3080 1484 3230 1538 spem
3281 1487 3434 1526 suam
3479 1474 3630 1540 ponit

2050 1555 2102 1608 in
2135 1556 2351 1609 homine
2376 1555 2442 1608 ⁸⁵.
2477 1575 2496 1608 ι
2537 1555 2719 1626 Neque
2741 1560 2884 1613 enim
2917 1560 3080 1614 Deum
3113 1562 3282 1630 ipsum
3316 1565 3486 1630 possit
3511 1563 3626 1616 elli-

2050 1661 2190 1713 ccre,
2223 1656 2281 1701 ut
2321 1658 2448 1702 ante
2477 1649 2613 1713 dixi,
2652 1652 2702 1704 id
2739 1653 2881 1720 quod
2917 1665 3002 1708 est
3049 1655 3211 1708 Demn
3256 1667 3492 1724 portare.
3527 1657 3626 1710 De-

2049 1738 2212 1806 nique
2243 1739 2472 1794 doceant
2495 1756 2615 1805 nos,
2652 1742 2778 1810 quid
2807 1744 3058 1812 impediat
3085 1745 3220 1799 alios
3245 1748 3406 1800 etiam
3439 1763 3626 1800 onttics

2049 1832 2178 1886 deos
2209 1846 2340 1886 esse
2373 1842 2426 1886 et
2453 1833 2778 1898 adorandus,
2807 1837 2894 1902 qui
2929 1836 2980 1888 in
3012 1851 3068 1890 se
3101 1836 3386 1892 habuerint
3417 1837 3626 1893 Deum?

2045 1921 2212 1974 Deum
2248 1933 2426 1976 autem
2458 1933 2512 1978 et
2547 1941 2796 1997 maguum
2830 1936 2878 1980 et
2913 1928 3154 1990 beatum,
3188 1929 3470 1984 habentem
3503 1933 3625 1984 illn-

2045 2014 2392 2069 minationem
2438 2017 2712 2072 Christum
2750 2019 2990 2072 nominat
3040 2021 3229 2075 beatus
3265 2020 3484 2087 Paulus,
3532 2025 3622 2092 qui

2045 2107 2315 2161 invenitur
2337 2108 2522 2164 dicens
2551 2110 2618 2164 de
2640 2109 2840 2165 Iudaeis
2865 2122 2917 2164 et
2941 2111 3263 2166 Emmanuel
3289 2131 3302 2166 :
3335 2131 3353 2163 ι
3385 2112 3621 2179 Quorum

2043 2207 2244 2264 patres,
2279 2207 2331 2252 et
2365 2208 2766 2264 testamentum,
2802 2211 2856 2254 et
2888 2202 3296 2270 promissiones,
3331 2213 3386 2258 et
3409 2220 3470 2258 ex
3499 2206 3620 2274 qui-

2041 2289 2139 2343 bus
2174 2289 2422 2344 Christus
2463 2293 2760 2346 seeundum
2798 2307 3038 2359 carnem,
3073 2294 3164 2360 qui
3198 2305 3277 2348 est
3314 2312 3474 2364 super
3505 2314 3622 2351 om-

2042 2379 2124 2432 nia
2159 2381 2472 2435 benedictus
2504 2396 2555 2433 in
2585 2382 2780 2436 saecula
2818 2384 3162 2440 saeculorum.
3201 2386 3379 2439 A-men
3418 2387 3484 2438 “.
3525 2408 3543 2438 ι

2107 2469 2258 2536 Quod
2309 2487 2442 2525 vero
2473 2474 2765 2527 secundum
2822 2475 3055 2528 divinam
3109 2477 3494 2530 revelationem
3539 2477 3616 2531 fa-

2037 2563 2210 2617 ciebat
2243 2564 2706 2632 prmdieationcm,
2735 2566 3074 2634 perspicuum
3105 2567 3185 2630 tit,
3219 2569 3332 2636 ipso
3362 2569 3574 2624 dicente
3601 2589 3614 2623 .-

2042 2669 2062 2702 ι
2108 2651 2309 2706 Deinde
2353 2663 2473 2722 post
2504 2669 2676 2708 annos
2706 2656 3116 2724 qnatuordecim
3155 2657 3346 2711 iterum
3397 2662 3612 2714 ascendi

2037 2741 2462 2815 Hierosolymam
2495 2760 2617 2799 cum
2655 2745 2928 2811 Barnaba,
2951 2757 3233 2817 assumpto
3273 2749 3434 2802 etiam
3469 2749 3613 2803 Tito.

2034 2835 2262 2888 Ascendi
2307 2845 2484 2889 autem
2527 2839 2822 2892 secundum
2864 2839 3271 2903 revelatiouem,
3303 2849 3358 2893 et
3390 2842 3612 2907 exposui

2033 2923 2115 2978 eis
2157 2924 2532 2995 Evangelium,
2575 2928 2715 2994 quod
2761 2930 2997 2996 prredico
3029 2929 3318 2998 gentibus;
3370 2946 3611 2984 seorsum

2035 3027 2212 3072 autem
2267 3019 2332 3072 iis
2377 3019 2469 3086 qui
2517 3019 2841 3074 videbantur
2868 3020 3068 3089 aliquid
3107 3035 3245 3084 esse,
3285 3037 3351 3074 ne
3391 3023 3530 3077 forte
3560 3025 3610 3076 in

2035 3121 2258 3161 vacuum
2281 3123 2580 3173 currerem,
2609 3119 2699 3163 aut
2723 3113 3082 3166 cucurrissent
3115 3113 3181 3166 ε’.
3221 3133 3239 3165 ι
3266 3113 3424 3184 793
3451 3115 3611 3169 Chri-

2037 3209 2178 3253 stum
2206 3201 2507 3268 prmdicans
2537 3203 2804 3272 gentibus,
2838 3215 2895 3257 ut
2933 3205 3122 3269 Deum,
3159 3206 3397 3260 divimun
3431 3209 3607 3262 neniis

2039 3301 2128 3344 nat
2159 3291 2326 3358 ipsius
2364 3292 2560 3362 ubique
2599 3296 2933 3365 mysterium.
2978 3297 3234 3351 Ascendit
3271 3313 3366 3366 per
3401 3300 3609 3354 revela-

2038 3383 2234 3436 tionetu
2287 3382 2736 3453 Hierosolymam,
2781 3395 2834 3440 et
2882 3389 3133 3457 exposuit
3178 3389 3262 3442 bis
3307 3391 3396 3458 qui
3459 3392 3608 3444 vide-

2033 3472 2230 3524 bantur
2259 3472 2460 3542 aliquid
2505 3487 2644 3536 esse,
2687 3474 2735 3527 id
2767 3484 2869 3540 est,
2921 3477 3124 3531 sanctis
3169 3479 3450 3546 apostolis,
3495 3481 3607 3532 sive

2033 3564 2330 3632 discipulis,
2365 3579 2434 3618 ne
2469 3565 2606 3620 forte
2639 3565 2690 3618 in
2724 3582 2948 3621 vacumu
2989 3577 3192 3622 Currat.
3223 3569 3355 3624 Cum
3386 3587 3511 3624 vero
3539 3571 3606 3624 ab

2031 3652 2420 3724 Hierosolymis
2452 3657 2841 3718 descendisset,
2876 3665 2928 3709 et
2977 3644 3164 3712 rursiis
3207 3660 3446 3727 gentium
3479 3675 3602 3727 gre-

2028 3745 2183 3810 gibus
2213 3744 2568 3810 interfuisset,
2593 3746 2970 3800 emendavitue
2995 3747 3194 3815 aliquid
3215 3764 3276 3800 ex
3302 3748 3604 3814 prioribus?

2025 3835 2214 3890 Nonne
2251 3836 2616 3902 perseveravit
2661 3836 2829 3887 Deum
2871 3837 3134 3889 contitens
3159 3835 3478 3889 Christum?
3506 3838 3600 3889 At-

2024 3943 2128 3994 que
2155 3927 2275 3979 ideo
2310 3925 2497 3979 scribit
2523 3925 2844 3992 quibusdam
2890 3943 2902 3976 :
2939 3943 2958 3976 ι
2997 3925 3161 3979 Miror
3198 3929 3338 3994 quod
3375 3930 3452 3982 sic
3491 3931 3597 3982 cito

2025 4014 2413 4067 trausferimini
2447 4014 2512 4068 ab
2540 4028 2624 4078 eo,
2655 4015 2742 4080 qui
2787 4027 2882 4068 vos
2917 4017 3128 4069 vocavit
3162 4017 3211 4069 in
3246 4017 3387 4070 aliud
3432 4035 3597 4072 cvan-

2020 4106 2239 4176 gelium,
2275 4104 2418 4174 quod
2453 4119 2555 4157 non
2581 4114 2662 4157 est
2691 4104 2854 4167 aliud,
2884 4105 2986 4159 nisi
3021 4107 3183 4176 aliqui
3223 4117 3348 4161 sunt
3378 4121 3597 4162 contur-

2019 4199 2207 4252 bantes
2235 4213 2330 4250 vos
2358 4204 2412 4250 et
2437 4197 2678 4250 volentes
2713 4207 3030 4252 convertere
3064 4198 3408 4266 Evangelium
3439 4200 3592 4254 Chri-

2016 4291 2083 4345 sti
2120 4289 2187 4340 ⁸⁸.
2226 4307 2243 4339 ι
2289 4289 2378 4342 Ait
2421 4297 2600 4342 autem
2651 4287 2844 4343 iterum
2896 4305 2908 4338 :
2962 4307 2979 4340 ι
3024 4288 3127 4343 Sed
3183 4292 3282 4344 etsi
3347 4308 3442 4346 nos
3502 4303 3594 4346 aut

2016 4382 2238 4451 angelus
2285 4383 2354 4435 de
2401 4380 2538 4434 coelo
2587 4381 3040 4451 evangelizaverit
3077 4383 3245 4443 vobis,
3302 4393 3494 4452 praeter
3540 4385 3590 4438 id

1946 4504 1988 4557 Β
2017 4475 2157 4541 quod
2203 4473 2508 4541 accepistis,
2555 4472 2836 4526 anathema
2869 4473 2937 4526 sit
2968 4473 3035 4528 “9.
3089 4493 3106 4525 ι
3149 4474 3251 4529 Pro
3282 4491 3384 4543 qua
3429 4475 3591 4541 igitur

2015 4581 2173 4619 causa
2218 4567 2350 4617 alios
2387 4580 2574 4618 omnes
2608 4567 2884 4631 omittens,
2919 4566 3046 4620 licet
3079 4567 3244 4619 Detnn
3279 4568 3586 4623 inhabitan-

2017 4667 2122 4708 tcm
2146 4657 2452 4721 habuerint,
2478 4656 2648 4710 solum
2672 4655 3199 4725 prazdicabatJesum
3228 4659 3367 4711 sicut
3397 4657 3581 4711 Deum.

2605 4809 2752 4866 CAP.
2797 4811 3000 4866 XXIV-

2699 4925 2888 4979 Aliud..

2079 5054 2348 5123 Scriptum
2381 5065 2462 5110 est
2493 5059 2557 5110 de
2604 5057 2819 5111 Christo
2857 5075 2870 5110 :
2918 5078 2938 5108 ι
2968 5059 3098 5113 Cum
3135 5071 3310 5113 autem
3349 5072 3490 5114 esset
3525 5061 3575 5114 in

2010 5143 2394 5214 Hierosolymis
2420 5147 2472 5200 iu
2513 5148 2596 5201 die
2633 5149 2977 5212 festo,_multi
3019 5150 3364 5204 crediderunt
3397 5151 3446 5203 in
3482 5169 3576 5204 no-

2009 5235 2151 5288 mine
2177 5237 2292 5304 ejus
2327 5238 2568 5292 videntes
2602 5241 2752 5308 signa
2783 5231 2902 5308 quin
2949 5239 3213 5306 faciebat;
3248 5241 3360 5310 ipse
3393 5253 3571 5296 autem

2003 5324 2157 5379 Jesus
2181 5343 2282 5380 non
2305 5329 2556 5383 credebat
2580 5345 2637 5383 se
2666 5330 2803 5396 illis;
2831 5332 2966 5399 quod
2995 5331 3108 5400 ipse
3133 5335 3342 5388 sciebat
3362 5349 3569 5396 omnes,

2003 5427 2055 5472 ct
2085 5420 2224 5487 quod
2252 5435 2358 5475 non
2382 5435 2600 5476 neceSse
2626 5423 2876 5488 habebat,
2909 5433 2967 5480 ut
2985 5423 3178 5494 aliquis
3204 5427 3564 5480 testimonium

2543 5624 2583 5652 ⁸¹
2617 5621 2771 5676 Jnan.
2805 5641 2894 5687 \‘ll,
2917 5625 3006 5680 ‘25.

2487 5695 2528 5724 ’δί’
2568 5693 2722 5748 Rom.
2775 5710 2844 5760 ιγ,
2908 5696 2958 5748 tl;

3083 5625 3125 5654 θ’
3164 5625 3392 5681 lThess.
3425 5643 3482 5693 ιι,
3509 5629 3560 5681 2.

3094 5696 3136 5726 ⁸⁷
3167 5696 3340 5750 Galat.
3387 5713 3448 5762 ιι,
3513 5699 3558 5753 ιτ

2004 5623 2046 5652 ⁵ο
2083 5623 2099 5674 l
2129 5623 2321 5677 Thess.
2351 5641 2386 5685 ι,
2413 5623 2464 5676 8.
