4082 6258
530 376 669 432 1395
1549 378 1604 431 S.
1645 377 1920 431 CYHILLI
1964 373 2426 429 ALEXANDHINI
2467 373 2784 428 .-\HCIlil*lP.
3626 375 3760 429 {396

529 490 836 558 perhiberet
868 489 933 542 de
962 489 1180 546 homine
1209 509 1221 544 :
1267 492 1378 561 ipse
1416 490 1558 545 ettim
1593 490 1796 544 sciebat
1821 490 1947 558 quid
1979 500 2095 543 crat
2122 493 2170 550 Α
2197 504 2317 542 esse
2370 487 2514 550 talia,
2552 488 2602 540 in
2661 487 2852 554 quibus
2925 487 3184 540 habitavit
3233 487 3373 542 Deus
3422 491 3776 557 omnipotens.

528 582 582 634 in
615 581 833 634 homine
871 582 960 636 ⁸⁸⁸.
999 600 1016 633 ι
1040 581 1096 636 Si
1142 583 1302 636 homo
1330 593 1475 635 esset
1516 583 1791 654 Θεοφὸρος,
1837 585 2102 650 quomodo
2275 581 2504 648 Scripsit
2531 588 2710 632 autem
2745 577 2937 632 alicubi
2959 579 3119 630 etiam
3148 578 3363 632 divinus
3392 577 3588 634 Paulus
3617 599 3630 634 :
3666 603 3683 633 ι
3710 583 3777 637 lr-

529 686 636 725 non
664 671 872 740 decepti
905 682 1030 726 sunt
1067 671 1241 736 multi,
1277 672 1365 739 qui
1405 672 1794 743 Hierosolymis
1823 675 1875 725 in
1908 689 2101 726 nomen
2206 672 2362 725 ritam
2412 672 2617 725 faciens
2651 672 2770 738 quis
2807 670 2974 739 legem
3009 668 3231 736 Moysis,
3257 669 3375 723 sine
3405 670 3513 724 ulla
3559 674 3780 728 misera-

528 764 647 831 ejns
685 764 1068 818 crediderunt?
1143 762 1234 816 Vel
1275 780 1442 842 quare
1489 765 1634 819 solus
1673 765 1943 833 cognoscit
1988 778 2106 831 qua:
2207 762 2352 817 tione
2396 762 2604 817 duobus
2653 772 2746 814 aut
2784 761 2956 816 tribus
2993 761 3218 815 testibus
3270 763 3519 827 moritur,
3584 773 3782 830 quanto

530 862 656 906 sttttt
692 853 742 906 in
781 853 1027 916 homine,
1061 867 1181 906 cum
1230 854 1527 922 praesertim
1565 868 1723 906 neruo
1757 855 1895 907 alius
1934 853 2106 906 sciat?
2207 856 2378 923 magis
2409 855 2607 923 putatis
2627 854 2899 908 deteriora
2932 853 3126 907 mereri
3148 853 3432 921 supplicia,
3464 856 3556 921 qui
3589 855 3778 910 Filium

529 941 781 994 Finxisse
801 942 942 994 enini
966 941 1168 995 dicitur
1193 943 1332 995 Deus
1355 942 1514 996 corda
1541 952 1720 996 nostra
1744 941 2014 1011 sigillatim
2035 941 2100 994 ’°.
2208 947 2304 1007 Dei
2331 945 2754 1006 conculcaverit,
2785 953 2837 997 et
2860 945 3173 1012 sanguinem
3199 948 3505 999 testamenti
3527 947 3780 1013 pollutum

537 1031 628 1084 Vel
659 1045 824 1098 quare
853 1031 999 1086 solus
1037 1032 1266 1086 remittit
1301 1033 1562 1101 peccata?
1587 1033 1676 1084 Ait
1702 1035 1843 1087 enim
1871 1047 1885 1085 :
1923 1052 1940 1083 ι
1969 1031 2104 1097 Quia
2207 1037 2418 1094 duxerit
2444 1037 2532 1089 9‘?
2562 1056 2579 1086 ι
2606 1037 2767 1102 Atqui
2794 1035 2971 1088 divina
2995 1045 3114 1089 erat
3137 1035 3242 1100 lex,
3276 1045 3332 1090 et
3361 1038 3615 1090 mandata
3647 1041 3780 1092 dicta

532 1131 846 1190 potestatem
869 1123 1030 1177 habet
1048 1121 1215 1176 Filius
1238 1123 1288 1176 in
1311 1133 1456 1176 terra
1477 1125 1748 1178 remittere
1767 1134 1983 1190 peccata
2001 1125 2100 1178 ⁹¹.›
2207 1146 2302 1199 per
2335 1129 2576 1195 angelos.
2627 1125 2907 1192 Quomodo
2940 1126 3100 1194 igitur
3130 1127 3324 1195 dignus
3367 1129 3472 1182 erit
3515 1130 3783 1184 deteriore

532 1216 712 1280 Quare
750 1215 895 1268 solus
931 1225 1123 1283 prteter
1154 1211 1288 1269 alios
1333 1230 1579 1269 assessor
1608 1217 1759 1268 sedet
1796 1216 1890 1270 Dei
1914 1226 1967 1268 et
2000 1214 2104 1268 Pa-
2208 1218 2493 1286 supplicio,
2533 1216 2624 1284 qui
2649 1215 2907 1283 pollutum
2935 1215 3150 1268 duxerit
3183 1217 3500 1284 sanguinem
3543 1219 3786 1272 Christi?

533 1306 677 1359 tris?
709 1306 888 1372 Quare
921 1307 1020 1360 soli
1044 1308 1419 1375 obsequuntur
1452 1303 1666 1372 angeli?
1697 1308 1805 1361 Cur
1851 1323 1948 1361 nos
1988 1309 2108 1373 qui-
2211 1309 2302 1362 Vel
2328 1308 2596 1377 quomodo
2619 1306 2793 1375 potior
2815 1315 2897 1360 est
2928 1307 3206 1374 religione,
3241 1322 3358 1374 quae
3381 1317 3464 1362 est
3491 1313 3783 1363 secondum

533 1397 653 1452 dem
700 1397 883 1450 docuit
924 1411 1264 1450 communem
1300 1405 1491 1465 putare
1525 1397 1762 1458 l’atrem,
1807 1399 1895 1465 qui
1930 1408 2014 1450 est
2051 1398 2104 1472 in
2210 1400 2400 1465 legem,
2429 1397 2561 1450 lides
2584 1397 2635 1448 in
2664 1395 2981 1450 Christum?
3006 1395 3132 1457 Sed,
3164 1403 3222 1448 ut
3243 1397 3354 1462 jam
3382 1407 3505 1449 ante
3532 1399 3785 1462 diximus,

534 1489 720 1552 caelis;
749 1489 851 1542 sibi
887 1498 1062 1562 autem
1095 1504 1216 1543 eum
1247 1489 1555 1558 specialiter
1586 1489 1899 1543 scribebat?
2208 1491 2457 1544 Christus
2481 1504 2584 1542 non
2622 1488 3075 1542 similis‘aliorum
3111 1499 3446 1555 sanctorum,
3481 1492 3639 1543 honm
3677 1492 3788 1543 Oso-

605 1580 709 1633 Sed
743 1579 879 1632 forte
908 1579 1057 1633 dices
1084 1580 1226 1648 quod
1257 1577 1562 1646 huiusmodi
1592 1593 1753 1632 voces
1792 1579 2108 1633 inhabitanti
2211 1580 2397 1651 φόρος,
2424 1581 2516 1633 sed
2558 1579 2700 1632 Deus
2726 1578 2895 1647 magis
2921 1593 3066 1643 vere,
3096 1587 3150 1632 et
3179 1581 3325 1632 omni
3367 1581 3558 1633 mumlo
3591 1583 3788 1634 celsio-

537 1668 711 1721 Verbo
745 1669 1062 1736 deputanda:
1086 1669 1214 1723 sint.
1244 1666 1431 1722 Nonne
1458 1669 1623 1737 igitur
1657 1682 1776 1722 eum
1807 1670 2108 1736 Oportebat,
2213 1688 2324 1726 rem
2355 1670 2593 1739 possidet
2616 1668 2860 1737 gloriam,
2894 1669 3177 1737 quodcum
3209 1670 3352 1723 Deus
3377 1670 3446 1724 sit
3476 1679 3663 1723 natura
3697 1670 3790 1724 Dei

526 1758 678 1824 juxta
709 1759 985 1828 prophetis
1009 1759 1416 1813 convenientem
1442 1759 1959 1824 mensuram,ipsum
1978 1774 2108 1825 quo-
2221 1761 2472 1822 Verbum,
2525 1761 2699 1813 factus
2741 1769 2826 1814 est
2874 1774 3023 1821 caro,
3086 1759 3199 1814 sive
3253 1762 3413 1814 homo
3461 1760 3736 1828 perfectus
3778 1781 3792 1815 :

534 1867 638 1918 que
669 1851 887 1904 dicere:
927 1868 943 1900 ι
978 1850 1100 1902 Haec
1127 1850 1258 1902 dicit
1283 1848 1575 1913 Dominus?
1607 1869 1625 1898 ι
1669 1847 1861 1900 Verum
1899 1863 2017 1898 cum
2049 1861 2110 1898 ea
2149 1835 2187 1888 Β
2219 1853 2514 1906 animatum
2547 1853 2690 1904 enim
2715 1861 2770 1904 et
2804 1832 3123 1904 rationabile
3153 1867 3294 1915 esse,
3327 1853 3470 1919 quod
3498 1852 3792 1904 adunatmn

537 1956 653 2008 qum
669 1957 828 2009 supra
849 1941 1020 2008 legem
1044 1941 1257 1993 sancire
1277 1940 1455 2002 vellet,
1484 1954 1764 1991 assumens
1792 1940 1893 1992 sibi
1916 1954 2111 1992 cenve-
2219 1954 2299 1996 est
2329 1943 2400 2005 ei,
2444 1940 2606 2012 794
2638 1942 2906 1996 credimus
2941 1957 3156 2010 corpus,
3201 1951 3256 1995 et
3303 1957 3426 1995 vera
3458 1941 3679 1995 omnino
3717 1952 3798 1994 est

537 2033 770 2086 nientent
797 2033 1088 2100 legislatori
1119 2032 1519 2094 auctoritatem,
1547 2031 1725 2083 aiebat
1761 2047 1774 2083 :
1813 2048 1831 2079 ι
1861 2030 1969 2097 Ego
1995 2031 2113 2081 dico
2221 2033 2490 2083 adunatio.

541 2124 692 2180 vobis
718 2126 766 2156 θ’
795 2124 889 2192 (l).
933 2143 954 2176 ι

609 2212 888 2277 Quomodo
919 2211 1150 2266 liberttm
1186 2229 1245 2264 se
1280 2213 1373 2272 ait,
1407 2219 1459 2261 et
1494 2225 1596 2261 non
1637 2210 1926 2260 olntoxium
1968 2209 2116 2260 Deo?
2829 2210 2977 2264 CAP.
3018 2207 3182 2263 XXV.

539 2305 661 2356 meo
684 2304 806 2372 qui“
839 2314 922 2358 95"
971 2304 1134 2357 Filius
1167 2305 1218 2357 i“
1271 2303 1542 2356 "emam?
1580 2302 1643 2354 Et
1691 2302 1733 2354 Si
1772 2312 1915 2354 655""
1959 2304 2116 2391 ¹¹¹³¹¹¹ίξ
2226 2325 2495 2390 Quomodo
2525 2335 2758 2391 oporteat
2788 2324 3110 2389 intelligere:
3137 2343 3153 2373 ‹
3187 2321 3412 2375 Verbum
3443 2339 3564 2374 raro
3597 2323 3792 2390 factum

538 2393 813 2464 Θεοφόρος,
849 2402 1064 2448 essetne
1112 2395 1274 2446 etiam
1319 2393 1453 2446 liber
1481 2391 1776 2444 secundum
1826 2388 2113 2444 naturam?
2248 2388 2259 2390 ⁷
2293 2404 2389 2456 εει,
2422 2408 2467 2446 ει
2501 2388 2753 2447 habitavit
2793 2395 2846 2446 in
2878 2395 3060 2458 nobis;
3099 2412 3116 2444 ι
3152 2405 3198 2445 et
3233 2396 3494 2463 quomodo
3525 2388 3792 2459 proprium

543 2486 710 2554 llnjus
753 2486 894 2538 enim
931 2484 1069 2538 Dens
1118 2485 1270 2546 liber,
1318 2495 1478 2551 atque
1522 2483 1732 2536 solutus
1776 2492 1860 2535 est
1909 2502 1921 2536 :
1971 2483 2116 2538 solus

1318 2495 1478 2551 atque
1522 2483 1732 2536 solutus
1776 2492 1860 2535 est
1909 2502 1921 2536 :
1971 2483 2116 2538 solus
2295 2466 2456 2534 ipsi”
2487 2467 2697 2517 ίίίίάηίν
2719 2481 2922 2531 corpus-

540 2578 681 2629 enim
705 2577 854 2643 quasi
895 2575 1092 2628 tributa
1118 2577 1356 2628 omnium
1379 2575 1578 2642 exigit;
1613 2585 1666 2626 et
1713 2589 1974 2640 tanquam
2001 2574 2117 2627 loro
2297 2576 2490 2630 Semen
2525 2576 2754 2630 Abrahae
2788 2573 3209 2643 apprehendisse
3241 2570 3476 2626 Verbum
3495 2571 3587 2625 Dei
3612 2571 3794 2640 unige-

541 2668 1196 2724 debitorumabomnibns
1220 2666 1411 2733 recipit
1436 2665 1768 2734 religionem.
1808 2665 1912 2718 Etsi
1943 2666 2118 2718 exitus
2228 2668 2416 2729 nitmn,
2468 2667 2656 2720 beatus
2721 2665 2918 2718 Paulus
2968 2674 3354 2718 commemorat
3404 2664 3486 2726 ";
3545 2677 3640 2714 nec
3696 2677 3794 2713 non

544 2759 675 2826 legis
706 2771 758 2811 et
786 2761 1168 2826 prophetarum
1205 2756 1450 2810 Christus
1487 2764 1590 2820 est,
1625 2765 1708 2809 est
1745 2771 1923 2808 autem
1960 2759 2118 2810 homo
2225 2760 2408 2823 etiam,
2442 2761 2583 2826 quod
2621 2758 3002 2826 protiemodum
3039 2772 3100 2809 ac
3133 2771 3230 2809 nos
3269 2756 3610 2823 participavit
3649 2754 3797 2807 carni

544 2849 836 2917 (“εοφόρος;
863 2863 1040 2902 nonne
1070 2849 1251 2904 dicere
1294 2850 1475 2910 liceat,
1511 2847 1651 2916 quod
1683 2850 2116 2917 propheticarum
2227 2859 2280 2901 et
2324 2850 2570 2915 sanguini
2603 2851 2671 2902 9".
2721 2849 2982 2902 Memores
3014 2859 3192 2900 autem
3227 2863 3412 2900 sumus
3438 2849 3599 2899 etiam
3633 2844 3801 2899 Joan-

545 2942 980 3008 pr.:,dicationum
1008 2944 1185 2996 exitus
1219 2941 1696 3013 ἀνθρωπολατρίας
1730 2941 1883 2995 nobis
1914 2942 2116 2995 crimen
2228 2938 2342 3000 nis;
2380 2940 2453 2991 ait
2482 2939 2624 2992 enim
2654 2957 2666 2992 :
2704 2957 2721 2989 t
2761 2940 2990 2990 Verbum
3020 2954 3146 2990 caro
3175 2938 3372 2990 factum
3407 2947 3510 2998 est,
3553 2947 3605 2989 et
3651 2935 3803 2989 habi—

545 3034 855 3087 indnxerit?
2231 3028 2354 3079 tavit
2390 3028 2438 3079 in
2477 3028 2632 3080 nobis
2652 3028 2718 3081 ”.
2754 3047 2769 3076 ι
2805 3028 2932 3082 Idne
2962 3028 3122 3096 igitur
3159 3026 3257 3080 fuit
3300 3028 3634 3094 propositum
3671 3027 3804 3078 viris

617 3125 821 3177 Deinde
853 3125 934 3178 lex
959 3125 1170 3192 quidem
1207 3127 1567 3190 prrt‘tlicabal:
1596 3146 1611 3179 ι
1641 3127 1920 3178 numinum
1953 3126 2117 3178 Deum
2155 3180 2192 3192 ﬂ
2229 3117 2582 3185 sttirilalilms,
2616 3118 2829 3181 docere,
2870 3119 3008 3185 quod
3044 3119 3132 3171 Dei
3165 3115 3400 3170 Verbum
3430 3116 3806 3170 conversionis

547 3224 696 3270 tuum
723 3217 994 3273 adorabis.
1031 3227 1082 3268 et
1113 3216 1182 3266 illi
1213 3217 1307 3267 soli
1340 3219 1541 3270 servies
1569 3219 1632 3268 νδ,
1668 3237 1684 3267 ι
1719 3217 1831 3282 Qua
1864 3233 1960 3268 nos
1998 3231 2121 3270 em-
2151 3180 2194 3238 Ο
2226 3209 2294 3260 sit
2329 3209 2576 3274 patiens;
2611 3218 2700 3260 ant
2731 3211 2869 3276 quod
2903 3211 3073 3277 ipsum
3104 3209 3182 3263 fas
3211 3208 3279 3262 sit
3300 3209 3803 3269 commutationem,

547 3304 750 3357 ditione
782 3305 1028 3372 perduxit
1061 3306 1126 3356 ad
1172 3305 1468 3368 Christum,
1505 3307 1654 3371 quasi
1690 3307 1752 3358 ad
1796 3306 2122 3374 agnitionem
2224 3315 2343 3367 quae
2386 3302 2554 3366 magis
2589 3313 2850 3353 creaturae
2882 3301 3185 3364 conveniat,
3224 3300 3532 3353 sustinere:
3581 3297 3714 3351 adeo
3749 3306 3809 3351 ut

550 3393 655 3446 illis
701 3396 788 3461 qui
821 3396 874 3447 in
905 3395 1112 3448 umbris
1134 3395 1348 3448 fuerant
1404 3396 1708 3463 potiorem:
1741 3407 2122 3464 spernentesne
2227 3390 2276 3440 id
2310 3388 2451 3456 quod
2507 3406 2610 3442 non
2646 3398 2783 3452 erat,
2829 3388 3054 3441 forsitan
3092 3387 3143 3440 in
3193 3389 3242 3440 id
3286 3402 3380 3439 sua
3422 3395 3612 3454 sponte
3640 3385 3806 3436 deve-

551 3485 712 3552 igitur
740 3488 899 3538 Deum
933 3488 1067 3555 legis
1097 3497 1149 3539 et
1183 3489 1562 3555 proplwtarum
1595 3490 1839 3549 adorare,
1873 3488 2122 3539 adorabi-
2226 3481 2366 3544 nihl;
2420 3487 2514 3531 τιιιι
2557 3479 2694 3531 illius
2729 3490 2915 3531 00mm
2961 3479 3125 3546 ipSiIIS
3161 3477 3494 3529 νοιιιιιῑειιεηι
3532 3475 3598 3526 ³ι¹
3643 3473 3807 3525 alim“

553 3590 669 3625 inus
702 3576 973 3629 hominem
1024 3577 1304 3630 habentem
1353 3579 1514 3631 Deum
1550 3579 1975 3632 inhabitantetn?
2024 3577 2121 3632 Ubi
2227 3583 2470 3624 naturam
2518 3571 2858 3638 intpellatnr?
2903 3571 3062 3624 absit.
3095 3569 3274 3622 Manet
3315 3584 3546 3634 namque
3573 3567 3737 3626 idem,
3779 3580 3808 3616 ει

549 3664 692 3714 enim
725 3665 1081 3728 praestabilius
1110 3675 1227 3715 erat
1269 3668 1431 3717 Deum
1473 3667 1737 3732 intelligi?
1777 3667 1829 3718 In
1862 3666 2019 3724 rualo,
2055 3682 2121 3717 an
2227 3681 2320 3717 sua
2356 3677 2543 3727 natura
2569 3665 3048 3717 commutationem
3077 3677 3292 3715 omnem
3319 3661 3630 3719 excludens,
3669 3674 3811 3710 con—

553 3751 604 3802 in
637 3752 816 3804 terra?
841 3753 891 3804 In
925 3753 1231 3821 Seraphim,
1262 3770 1328 3806 an
1363 3756 1412 3806 in
1448 3764 1664 3808 terreno
1691 3759 1961 3822 corpore?
2230 3757 2491 3808 versionis
2515 3757 2758 3809 umbram
2792 3756 3036 3809 nesciens
3060 3757 3164 3822 pali
3194 3775 3205 3806 :
3242 3755 3342 3806 fisa
3374 3762 3455 3806 est
3484 3750 3629 3803 enim
3659 3765 3812 3802 Sem-

624 3842 678 3895 Si
709 3854 827 3896 erat
867 3844 1027 3898 homo
1067 3845 1342 3916 θεοφόρος,
1384 3846 1651 3913 quomodo
1687 3866 1703 3896 ι
1739 3845 2122 3914 propemodum
2227 3859 2319 3912 per
2347 3845 2398 3895 in
2426 3846 2538 3897 suis
2569 3859 2799 3908 superna
2835 3845 2920 3895 illa
2950 3843 3294 3910 cmlestisqne
3327 3851 3532 3894 natura.

553 3948 616 3984 ac
659 3948 754 3986 nos
798 3936 1136 4003 participavit
1167 3938 1313 3989 carni
1357 3952 1418 3989 ac
1448 3938 1694 4004 sanguini
1727 3937 1816 3988 os?
1858 3959 1874 3989 ι
1919 3938 2045 3992 Nam
2079 3942 2122 3993 si
2296 3935 2574 3998 Quomodo
2625 3936 2787 4002 igitur
2828 3936 3060 3987 Verbum
3090 3951 3218 3988 caro
3265 3933 3465 3986 factum
3493 3931 3585 3994 sit,
3618 3930 3812 3982 videre

551 4024 678 4090 quia
713 4025 851 4078 Deus
883 4025 1222 4090 inhabitavit,
1259 4028 1358 4080 hoc
1385 4028 1430 4080 ei
1465 4029 1677 4091 sullicit,
1711 4038 1766 4079 nt
1792 4030 2041 4082 similiter
2065 4048 2127 4084 ac
2229 4041 2446 4079 necesse
2471 4036 2571 4080 est.
2598 4026 2832 4079 Primum
2855 4027 3068 4094 quidem
3089 4025 3261 4078 divina
3282 4023 3568 4089 Scriptura
3588 4035 3808 4074 carnem

554 4128 657 4169 nos
676 4115 1022 4184 participaret
1061 4118 1208 4170 carni
1247 4130 1300 4170 et
1338 4119 1622 4185 sanguini;
1664 4132 1714 4172 et
1747 4121 1815 4171 ita
1849 4120 1930 4172 his
1963 4123 2127 4188 parti-
2229 4118 2542 4185 plerumque
2568 4119 2806 4170 nominat.
2834 4117 3126 4181 hominem,
3156 4123 3209 4169 et
3240 4114 3388 4183 quasi
3411 4130 3476 4167 ex
3515 4122 3671 4180 parte
3693 4112 3812 4163 ani-

553 4207 734 4272 cipare
760 4207 809 4259 id
844 4209 1019 4275 ipsum
1048 4218 1149 4270 est,
1171 4210 1309 4274 quod
1345 4211 1614 4262 hominem
1652 4210 1847 4264 factum
1867 4227 1986 4267 esse
2008 4231 2020 4266 :
2046 4216 2125 4265 in-
2231 4210 2384 4262 malis
2419 4211 2583 4263 totius
2616 4211 3063 4278 significationem
3104 4209 3251 4268 facit,
3294 4223 3393 4259 nec
3437 4221 3546 4257 non
3580 4207 3744 4259 etiam
3779 4220 3806 4254 τι

553 4298 815 4351 habitavit
855 4308 1031 4351 autem
1068 4311 1120 4352 et
1165 4301 1216 4349 in
1259 4300 1439 4352 multis
1484 4302 1720 4364 sanctis;
1763 4303 1922 4354 homo
1964 4304 2128 4371 igitur
2230 4303 2341 4355 sola
2371 4303 2838 4355 animainterdnm
2883 4302 3215 4353 tantumdem
3253 4302 3393 4367 agit;
3426 4299 3692 4366 scriptum
3724 4306 3813 4348 est

559 4402 664 4441 non
714 4389 901 4453 semel,
939 4390 1032 4442 sed
1079 4389 1374 4456 sarpissimc
1418 4390 1591 4444 factus
1628 4400 1728 4444 est.
1781 4393 1957 4457 Qunre
2000 4409 2127 4463 ergo
2229 4393 2372 4444 enim
2397 4393 2536 4458 quod
2570 4410 2587 4442 ι
2625 4392 2834 4444 Videbit
2872 4391 3050 4445 omnis
3077 4406 3206 4443 caro
3235 4390 3475 4443 salutare
3501 4389 3596 4442 Dei
3623 4390 3665 4440 ¹.
3703 4407 3720 4438 ι
3745 4389 3811 4440 Ει

562 4495 581 4526 t
614 4475 779 4529 sentcl
805 4477 853 4529 in
888 4481 1350 4534 consummatione
1375 4481 1714 4547 saeculorum,
1740 4483 1788 4535 in
1816 4483 2129 4537 destructio-
2161 4517 2204 4569 υ
2235 4485 2347 4552 ipse
2376 4484 2585 4536 divinus
2627 4483 2819 4535 Paulus
2847 4501 2861 4536 :
2906 4501 2922 4532 ι
2962 4481 3074 4534 Non
3104 4481 3374 4542 consensi,
3417 4479 3612 4548 inquit,
3660 4477 3810 4531 carni

561 4580 679 4620 nem
700 4569 1038 4637 peccati,per
1056 4569 1283 4623 hostiam
1309 4586 1458 4624 suant
1478 4571 1999 4641 diciturapparuisse
2022 4576 2120 4627 ’5?»
2236 4584 2289 4628 et
2311 4575 2558 4643 sanguini
2584 4577 2625 4628 ².
2654 4595 2671 4625 ι
2711 4574 2988 4628 Allocutus
3013 4583 3092 4627 est
3123 4583 3302 4626 autem
3330 4588 3422 4627 eos
3458 4573 3548 4640 qui
3580 4580 3712 4623 sunt
3743 4583 3811 4621 ex

558 4659 836 4722 Quomodo
876 4672 1054 4713 autem
1087 4677 1250 4714 unum
1289 4664 1440 4715 nobis
1482 4663 1642 4717 Verbi
1678 4665 1962 4718 adventum
1992 4682 2124 4732 prat-
2237 4666 2396 4719 Israel
2425 4667 2660 4732 pontifex
2689 4667 2896 4735 Moyses
2929 4684 2940 4720 :
2981 4685 2999 4718 ε
3032 4666 3087 4719 In
3112 4665 3455 4734 septuaginta
3483 4674 3535 4717 et
3569 4663 3817 4732 quinque

555 4751 740 4805 dicant
763 4752 956 4806 divina
991 4752 1302 4821 Scripturte,
1331 4755 1374 4806 si
1407 4755 1661 4824 Θεοφόρος
1698 4767 1813 4809 erat
1841 4759 2040 4812 homo?
2066 4757 2118 4811 Si
2229 4759 2508 4811 animabus
2537 4759 2925 4811 desrenderunt
2967 4770 3144 4826 patres
3180 4758 3253 4810 tui
3299 4759 3349 4809 in
3386 4755 3686 4825 Egyptum
3713 4755 3754 4806 ³.
3793 4773 3810 4803 ι

557 4842 810 4911 templum
841 4853 893 4897 et
921 4845 1035 4911 ipse
1061 4844 1233 4898 factus
1259 4856 1340 4898 est
1366 4845 1480 4909 Dei,
1523 4847 1788 4912 quomodo
1810 4861 1861 4902 et
1893 4850 1942 4900 iu
1974 4850 2123 4903 nobis
2231 4847 2334 4902 Sed
2369 4864 2470 4900 non
2498 4849 2697 4901 ideirco
2723 4849 2941 4914 dixeris,
2971 4851 3114 4919 quod
3145 4849 3300 4902 nuda:
3324 4857 3378 4902 et
3403 4849 3521 4901 sine
3552 4846 3819 4901 carnibus

556 4935 717 4986 etiam
767 4933 1016 4988 Christus
1048 4936 1173 4989 est?
1222 4935 1441 4989 Sicutne
1488 4937 1740 5004 templum
1786 4939 1837 4991 in
1878 4942 2125 5007 templis?
2231 4941 2422 4992 animae
2472 4941 2520 4992 in
2578 4940 2862 5009 Egyptum
2906 4941 3308 5004 descenderint;
3346 4951 3444 4992 nec
3477 4953 3642 5007 porro
3670 4936 3818 5003 quod

555 5025 636 5078 An
666 5032 724 5077 ut
753 5018 894 5078 Dens
925 5026 1095 5095 magis
1119 5026 1170 5079 in
1201 5028 1410 5095 templis
1439 5043 1532 5095 per
1563 5026 1866 5095 Spiritum?
1907 5029 1960 5082 Si
2003 5031 2119 5082 Osc-
2223 5015 2478 5084 inanimis
2532 5033 2871 5097 corporibus,
2933 5041 2988 5084 et
3047 5031 3177 5084 solis
3233 5029 3517 5092 carnibus,
3572 5029 3820 5081 salutare

557 5113 720 5182 φόρος
758 5123 875 5165 erat
905 5116 1084 5180 homo,
1119 5130 1216 5168 cur
1258 5128 1339 5168 est
1367 5117 1533 5170 solius
1573 5117 1737 5185 ipsius
1764 5133 1958 5185 corpus
1990 5119 2122 5171 vivi-
2230 5137 2382 5174 suum
2420 5111 2558 5175 Deus
2594 5123 2895 5179 indulserit.
2934 5122 3156 5188 Quoties
3195 5123 3355 5192 igitur
3389 5121 3644 5173 audimus
3690 5135 3822 5172 car-

563 5204 766 5288 fieum?
821 5203 1142 5273 Oportuerat
1213 5208 1356 5260 enim
1407 5208 1636 5262 aliorum
1695 5211 1854 5262 etiam
1899 5227 2120 5280 corpora
2231 5227 2351 5266 nem
2383 5214 2580 5268 factum
2613 5229 2731 5268 esse
2763 5214 3022 5279 Verbum,
3061 5215 3328 5267 hominem
3361 5213 3721 5282 intelligimus
3751 5225 3825 5263 ex

631 5360 698 5428 ξιξ*
732 5360 891 5415 Joan.
922 5374 978 5419 ll,
1012 5357 1105 5417 25.
1166 5359 1210 5389 ⁹⁰
1228 5358 1374 5410 Psal.
1404 5374 1576 5418 xxx",
1611 5361 1690 5413 l5.
1768 5363 1810 5392 ⁹¹
1842 5361 2030 5414 Matth.
2060 5379 2135 5427 Ix,
2164 5363 2214 5417 6.

2203 5405 2214 5417 .
2292 5367 2337 5396 "
2366 5365 2552 5420 Matth.
2579 5383 2630 5428 v,
2654 5367 2741 5420 52.
2819 5369 2866 5399 ⁵³
2903 5369 3055 5421 Deut.
3085 5383 3156 5426 \‘I,
3185 5365 3269 5418 l3.
3353 5367 3400 5398 9"
3435 5363 3604 5419 Hebr.
3631 5383 3694 5425 tt.
3729 5366 3815 5417 μ.

559 5430 602 5501 ίξδ
631 5427 803 5501 llebr.
843 5428 1044 5501 tx,g?6.
1086 5499 1100 5501 _
1141 5429 1199 5501 _"
1236 5428 1395 5483 Hebr.
1433 5445 1510 5501 λ,
1549 5430 1639 5494 28,
1683 5432 1772 5487 29.
1881 5433 1925 5463 ⁹⁷
1971 5432 2130 5488 Hebr.

2203 5451 2250 5498 il,
2297 5437 2380 5490 16.
2456 5437 2499 5467 ³⁸
2538 5427 2670 5492 ibid.
2733 5439 2815 5493 Η.
2893 5436 3123 5494 I"Joan.
3167 5451 3206 5501 Ι,
3254 5435 3337 5489 14.
3417 5436 3429 5465 ¹
3468 5435 3603 5491 Luc.
3636 5452 3728 5500 Ill.
3763 5436 3815 5488 6-

561 5498 580 5526 '
620 5496 794 5552 Galat.
838 5513 878 5562 t,
921 5498 1006 5550 16.
1084 5499 1103 5527 ³
1141 5496 1290 5552 Deut.
1336 5515 1390 5562 κ,
1428 5497 1545 5552 22..

632 5676 974 5797 (litYidetnr
1001 5680 1198 5750 aliquid
1236 5679 1320 5735 hic
1347 5680 1559 5745 deesse;
1597 5682 1670 5743 id,
1717 5677 1927 5749 opinor,
1980 5680 2118 5749 quod
2159 5681 2472 5738 Anastasius
2543 5685 2746 5739 Sinaita
2775 5697 3039 5741 memorat
3070 5690 3133 5744 de
3173 5697 3370 5742 statere
3439 5688 3494 5744 in
3545 5689 3822 5745 tributum

632 5762 706 5797 llSl
737 5761 762 5797 Il
793 5763 844 5797 0.

559 5760 844 5815 pensnato.
