4082 6258
346 285 483 342 i397

1261 287 1549 345 SCHOLIA
1590 288 1679 347 DE
1717 291 2236 352 INCABNATIONE
2280 302 2648 363 [ΜΟΕΝΙΤΙ.

3466 317 3600 373 1398

337 405 517 462 anima
546 412 601 459 et
631 418 877 473 corpore.
909 404 1130 462 Factum
1166 416 1250 463 est
1290 418 1471 463 autem
1504 409 1758 477 Verbum,
1787 428 1911 467 cum

2022 420 2147 474 Υῐὸν
2207 420 2315 478 οἶδε
2382 427 2643 498 μονογενῆ
2689 425 2779 482 τὸν
2852 430 2994 484 enim
3038 387 3201 485 unum
3242 444 3362 487 esse
3407 429 3602 486 Filium

337 498 409 552 sit
435 497 595 562 Deus,
623 498 783 551 homo
801 496 1093 567 perlectus,
1107 512 1303 567 corpus
1326 502 1597 573 accipiens
1617 504 1914 558 animatum

335 597 394 642 et
432 587 774 652 rationabile,
822 588 981 657 idque
1008 588 1110 645 sibi
1144 604 1269 646 vere
1295 593 1557 651 adunavit
1595 614 1609 653 :
1645 601 1919 667 quomodo

339 682 454 750 ipse
488 680 646 743 sciat,
676 681 879 735 nostris
911 682 1054 736 enim
1093 684 1339 740 sensibus
1372 686 1679 756 hujusmodi
1708 691 1916 760 cogita-

338 774 510 827 tiones
536 773 758 827 omnino
779 774 928 827 cerni
960 787 1063 828 non
1085 786 1309 844 possunt
1338 796 1354 832 :
1379 787 1435 833 et
1469 792 1807 851 nuncupatas
1836 794 1919 839 est

339 862 503 917 Filius
541 862 796 919 hominis.

408 953 513 1009 Sed
542 954 587 1010 si
615 965 830 1026 oportet
860 964 1116 1027 tanquam
1154 958 1205 1013 in
1231 963 1510 1031 speculum
1545 966 1814 1023 intuentes
1836 968 1918 1024 di-

338 1058 486 1112 cere,
517 1044 788 1113 conjec-tat
817 1046 999 1118 aliquo
1034 1049 1194 1105 modo
1233 1065 1423 1109 sensus
1487 1055 1778 1123 humanus,
1812 1060 1910 1114 ad-

344 1146 566 1192 unatum
600 1137 771 1193 fuisse
799 1136 1036 1194 Verbqu
1057 1145 1270 1209 corpori
1307 1144 1526 1201 habenti
1561 1149 1795 1203 animam
1831 1166 1917 1204 ra-

344 1227 651 1282 tionabilem
685 1226 919 1298 qualiter
946 1232 1108 1286 etiam
1140 1231 1376 1290 hominis
1401 1238 1635 1293 animam
1668 1253 1767 1294 suo
1797 1257 1917 1297 cor-

342 1319 483 1388 pori,
510 1318 679 1388 ipsam
704 1320 920 1389 quidem
949 1323 1176 1378 diversae
1204 1335 1427 1395 naturae,
1460 1331 1707 1384 sortitam
1739 1341 1920 1389 tamen

344 1410 774 1463 communionem
813 1411 1304 1484 adnnationemque
1357 1432 1478 1472 cum
1533 1434 1794 1491 corpore;
1858 1437 1919 1478 ut

343 1511 479 1566 pene
507 1499 754 1553 videatur
785 1516 891 1555 non
921 1516 1045 1558 esse
1073 1503 1177 1558 alia
1203 1516 1398 1576 praeter
1427 1523 1646 1577 corpus,
1677 1525 1743 1566 eo
1770 1514 1916 1581 quod

343 1602 439 1655 per
467 1589 911 1658 compositionem
945 1608 1010 1648 ex
1038 1602 1265 1666 utroque
1291 1599 1492 1653 animal
1528 1616 1690 1654 unum
1720 1601 1919 1658 eﬂici‘a-

346 1687 452 1747 tur,
485 1690 735 1736 manente
761 1692 940 1738 tamen
971 1683 1106 1753 ipsa,
1140 1697 1199 1742 ut
1233 1697 1359 1744 ante
1389 1693 1707 1757 memoravi,
1738 1693 1788 1747 in
1819 1709 1913 1749 sua

345 1780 560 1824 natura.
588 1770 732 1838 Ergo
778 1788 883 1827 non
930 1788 1025 1843 per
1056 1779 1531 1835 commutationem
1564 1793 1657 1837 aut
1688 1797 1916 1840 couver-
1947 1753 1989 1806 Β

344 1858 549 1913 sionem
581 1861 850 1915 hominem
877 1861 1079 1917 factum
1120 1864 1209 1917 Dei
1240 1867 1471 1922 dicimus
1500 1868 1773 1936 Verbum;
1813 1889 1911 1927 nec

346 1963 585 2016 prorsus,
617 1951 757 2020 quod
790 1951 929 2009 Deus
960 1966 1082 2010 esse
1109 1955 1362 2024 desierit;
1392 1957 1484 2013 sed
1514 1962 1656 2028 quod
1691 1977 1910 2017 carnem

344 2040 613 2107 accipiens
653 2058 719 2099 ex
756 2047 997 2114 muliere,
1027 2057 1082 2103 et
1107 2048 1156 2103 ei
1188 2063 1251 2103 ex
1284 2058 1439 2105 utero
1466 2059 1755 2118 adunatns.
1783 2058 1916 2112 exiit

346 2132 505 2188 homo
540 2134 676 2189 idem
710 2138 870 2197 simul
902 2150 955 2192 et
1000 2141 1168 2208 Deus;
1201 2157 1377 2213 neque
1418 2144 1509 2199 Dei
1543 2157 1598 2199 et
1626 2146 1800 2202 Patris
1827 2167 1917 2218 ge-

344 2223 681 2279 nerationem
722 2235 976 2283 aeternam
1019 2233 1328 2302 projiciens,
1359 2234 1613 2291 sustinuit
1648 2248 1920 2309 tempora-

346 2312 470 2378 lem,
500 2330 565 2369 ex
597 2317 821 2375 muliere
851 2321 974 2376 inde
1024 2323 1259 2389 initium,
1300 2337 1356 2379 ut
1404 2340 1563 2390 esset.
1623 2331 1917 2400 accipiens.

346 2405 695 2463 l’ermittebat
739 2422 915 2467 autem
943 2417 1090 2468 carni
1131 2419 1362 2486 propriae
1401 2434 1511 2475 suae
1549 2430 1754 2477 natura:
1787 2425 1920 2495 h-gi-

346 2499 443 2553 bus
489 2501 657 2565 nasci,
705 2504 1002 2561 nativitatis
1051 2508 1260 2563 ratione
1309 2511 1591 2567 duntaxat.
1648 2515 1916 2571 Caeterum

346 2586 505 2643 habet
541 2589 591 2644 in
642 2606 701 2646 se
745 2594 944 2664 aliquid
981 2599 1048 2651 ab
1108 2600 1337 2655 humana
1385 2613 1575 2658 natura
1606 2605 1916 2663 dissimile:

345 2690 502 2736 natus
530 2693 611 2738 est
634 2689 775 2740 enim
800 2703 863 2742 ex
892 2687 1131 2759 Virgine,
1151 2701 1205 2746 et
1228 2695 1373 2749 solus
1405 2697 1563 2753 habet
1587 2698 1663 2773 (l)
1691 2710 1918 2758 matrem

346 2772 655 2843 innuptam;
701 2777 901 2835 factum
950 2793 1126 2839 autem
1162 2787 1338 2854 ipsum
1379 2790 1543 2844 etiam
1585 2772 1829 2861 carnem,
1867 2809 1923 2854 et

345 2863 396 2917 in
431 2867 584 2923 nobis
636 2870 990 2940 inhabitasse,
1027 2880 1358 2948 evangelista
1410 2896 1816 2956 connnemorat,
1865 2902 1923 2946 ut

345 2964 569 3025 utroque
596 2963 996 3030 comprobaret,
1027 2976 1079 3021 et
1109 2968 1305 3023 factum
1345 2970 1512 3028 fuisse
1548 2975 1844 3045 hominem,
1869 2991 1923 3036 et
1964 3042 1974 3051 _

349 3062 502 3101 suum
533 3066 640 3105 non
674 3055 972 3122 perdidisse
1001 3077 1014 3112 :
1043 3061 1240 3115 mansit
1262 3065 1403 3117 enim
1434 3069 1575 3135 quod
1607 3080 1744 3124 erat.

441 3138 763 3212 lntelligitur
860 3162 1095 3219 namque
1237 3153 1457 3209 Nosi'rat
1517 3159 1626 3230 γὰρ
1680 3164 1926 3230 πάντως,

342 3240 487 3284 certe
542 3243 796 3301 tanquam
848 3229 989 3295 aliud
1040 3243 1091 3297 in
1169 3243 1243 3308 ὡς
1288 3245 1473 3318 ἕτερον
1522 3240 1928 3326 ἐνέτέρριξτὸ

342 3321 448 3373 alio
516 3323 841 3396 inhabitare,
896 3332 946 3387 id
988 3346 1090 3396 eSt,
1171 3339 1479 3400 κατοικοῦν,
1521 3341 1664 3394 τοῦτ’
1693 3321 1860 3410 ἒ-σειν,
1895 3351 1927 3418 ἡ

343 3410 519 3468 divina
550 3427 735 3473 natura
772 3421 824 3475 in
857 3424 1094 3479 httmani-
1170 3428 1288 3482 Θεία
1335 3431 1489 3499 φύσις
1544 3435 1600 3487 ὲν
1644 3410 1926 3508 ἀνθρωπόί

344 3511 484 3570 tate,
524 3522 626 3563 non
670 3526 920 3582 perpessa
952 3531 1097 3571 com-
1170 3539 1312 3592 τητι,
1332 3527 1421 3578 καὶ
1442 3528 1499 3579 οὐ
1521 3529 1768 3583 παθοῦσα
1800 3551 1928 3603 φυρ-

344 3596 681 3663 mixtionem,
706 3614 799 3658 aut
821 3607 1095 3663 confusio—
1175 3617 1294 3686 μὸν,
1325 3617 1356 3688 ἣ
1382 3596 1927 3697 ἀνάχυσὶνςειναξκαὶ

345 3704 464 3743 nem
491 3730 506 3754 ,
566 3704 659 3747 aut
713 3703 1095 3757 commutatio-
1174 3710 1526 3779 μετάστασιν,
1559 3713 1657 3786 τὴν
1687 3718 1764 3780 εἰς
1790 3719 1928 3790 ὅπερ

345 3795 487 3846 nem,
523 3794 581 3837 ut
635 3800 776 3841 esset
813 3795 953 3861 quod
990 3812 1093 3851 non

342 3883 482 3928 erat.
526 3876 790 3946 Quidquid
847 3887 987 3939 enim
1039 3889 1090 3942 iu

343 3962 451 4017 alio
477 3965 716 4023 habitare
739 3973 952 4043 dicitur,
988 3997 1092 4031 nun

344 4055 514 4122 ipsum
535 4060 590 4112 lit
605 4062 726 4124 tale,
745 4067 903 4132 quale
920 4078 1003 4120 est
1045 4070 1093 4122 id

344 4143 395 4196 in
424 4162 529 4213 quo
562 4149 799 4216 habitat;
830 4156 922 4208 sed
952 4156 1095 4210 aliud

345 4237 397 4289 in
452 4237 557 4289 alio
614 4242 786 4309 magis
850 4244 1098 4316 intelligi.

347 4335 450 4378 tur.
483 4329 552 4381 At
579 4344 705 4385 vero
742 4331 794 4385 in
822 4335 980 4390 Verbi
1011 4355 1098 4393 na-

345 4427 463 4470 tura
501 4429 555 4473 et
590 4419 969 4491 humanitatis,
1002 4444 1090 4483 so-

346 4509 448 4561 lam
466 4512 618 4566 nobis
631 4513 986 4572 differentiam
1002 4522 1092 4574 de-

343 4601 513 4669 signat
557 4606 836 4664 diversitas
876 4623 1093 4669 natura-

344 4708 481 4748 rum.
506 4695 654 4752 Umts
683 4701 826 4756 enim
854 4721 917 4758 ex
948 4717 1093 4764 utro-

343 4800 447 4851 que
480 4786 794 4866 iutelligitur
823 4797 1090 4856 Christus.

347 4875 953 4949 Ergoinconl‘usioue,nt
970 4906 1095 4947 ante.

344 4969 474 5031 dixi,
500 4987 731 5041 servata,
763 4980 1094 5042 inhabitasse

350 5058 576 5118 Verbutn
601 5069 673 5120 ait
698 5070 747 5122 in
771 5074 925 5128 nobis
955 5094 968 5129 :
994 5081 1095 5133 scit

414 5242 436 5269 ⁸
467 5240 672 5298 Coloss.
703 5260 760 5309 ll,
802 5251 856 5304 9.

1167 3804 1265 3855 οὐκ
1302 3799 1390 3876 ἦν.
1439 3805 1512 3858 Τὸ
1539 3808 1647 3878 γὰρ
1696 3810 1927 3863 ἐνοικεῖν

1168 3896 1338 3969 ἑτέρῳ
1366 3897 1677 3965 λεγόμενον,
1705 3901 1805 3952 οὐκ
1831 3902 1927 3953 αὐ-

1166 3988 1227 4038 τὸ
1242 3987 1484 4054 γέγονεν,
1509 3989 1647 4058 ὅπερ
1672 3990 1788 4042 ἐστὶ
1810 3993 1927 4043 τοῦ-

1167 4087 1248 4135 το,
1268 4073 1324 4124 ὲν
1350 4066 1393 4140 ᾦ
1427 4079 1693 4128 κατοικεῖ·
1720 4080 1922 4131 νοεῖται

1168 4162 1223 4215 δὲ
1238 4163 1435 4232 μᾶλλον
1457 4167 1542 4219 ἓτε
1553 4184 1641 4237 ρον
1658 4170 1714 4220 ὲν
1730 4170 1920 4240 ἑτέρῳ.

1182 4254 1269 4306 Ἑν
1302 4255 1359 4309 δέ
1398 4274 1461 4325 γε
1516 4262 1580 4327 τῇ
1625 4259 1784 4328 φύσει
1830 4261 1922 4313 τοῦ

1174 4349 1371 4417 Λόγου,
1402 4354 1495 4405 καὶ
1521 4353 1620 4425 τῆς
1633 4354 1919 4427 ἀνθρωπό-

2021 515 2201 586 σάρκα
2272 518 2606 589 γενόμενον,
2683 520 2779 574 καὶ
2852 521 3183 591 unigenitum
3214 537 3430 580 carnem
3488 524 3601 580 fac-
3668 520 3685 536 ’

2019 605 2536 680 ὲνανθρωπήσαντα.
2853 623 2986 677 tum,
3016 620 3069 668 et
3097 614 3394 670 hominem.

2093 697 2172 770 (2)
2205 698 2383 755 Carne
2405 711 2583 759 autem
2622 704 2752 760 mihi
2781 706 2992 762 videtur
3025 706 3242 762 divinus
3265 706 3602 777 Evangelista

2025 796 2191 842 totam
2227 790 2506 861 sapienter
2542 801 2788 848 naturam
2838 795 3116 850 hominum
3167 789 3450 852 nominare
3481 814 3496 852 :
3528 797 3603 851 ait

2020 881 2164 934 enim
2196 878 2433 936 Verbum
2465 882 2795 941 inhabitasse
2827 886 2878 940 in
2912 888 3087 953 nobis,
3121 901 3228 941 non
3259 886 3506 953 alterius,
3542 898 3604 941 ut

2019 983 2118 1041 ego
2147 972 2358 1041 opinor,
2386 974 2580 1043 gratia,
2608 974 3033 1031 incarnationem
3052 975 3216 1032 Verbi
3240 978 3437 1032 factam
3462 992 3603 1044 esse,

2019 1076 2487 1132 commemorans;
2527 1066 2630 1121 nisi
2656 1076 2715 1119 ut
2743 1066 2906 1121 etiam
2931 1083 3049 1134 nos,
3077 1069 3400 1138 participatu:
3434 1070 3605 1139 ipsius

2020 1171 2117 1225 per
2154 1156 2419 1226 Spiritum
2455 1167 2702 1213 sanctum
2731 1158 3064 1228 locupletati,
3099 1161 3408 1227 ad0ptionis
3444 1162 3605 1215 bene-

2022 1247 2200 1302 llcium
2232 1248 2586 1307 lucraremur.
2625 1250 2796 1321 igitur
2830 1253 2886 1305 in
2920 1252 3139 1306 Christo
3170 1254 3430 1307 unitatem
3457 1268 3606 1308 sum-

2022 1354 2163 1394 mam
2195 1354 2484 1412 vcramque
2506 1342 2778 1398 credimus
2807 1341 3025 1398 iactam.
3053 1340 3147 1397 Sin
3172 1354 3351 1399 autem
3374 1344 3426 1397 in
3453 1342 3605 1398 nobis

2019 1427 2270 1486 Christus
2301 1429 2603 1487 inhabitare
2629 1431 2868 1501 dicatur,
2904 1432 3160 1504 σχετικὴν
3193 1432 3308 1502 ipse
3330 1430 3493 1500 faciet
3524 1431 3607 1485 iu-
3648 1448 3657 1453 ‘

2022 1518 2437 1577 habitationem.
2463 1520 2580 1577 Non
2611 1532 2790 1577 autem
2825 1539 2947 1577 cum
2985 1523 3124 1579 Deus
3152 1522 3354 1577 dicitur
3393 1521 3605 1576 inhabi—

2023 1619 2165 1667 tasse
2197 1612 2249 1666 in
2283 1611 2503 1668 Christo
2536 1629 2551 1667 :
2592 1631 2611 1665 ι
2651 1611 2973 1670 Inhabitavit
3005 1628 3237 1685 namque
3260 1615 3311 1668 in
3340 1628 3405 1668 eo
3433 1614 3619 1667 omnis-

2022 1698 2297 1777 pleuitudo
2327 1702 2632 1760 divinitatis
2667 1704 3096 1773 corporaliter‘;
3129 1725 3146 1758 ι
3184 1722 3290 1761 non
3323 1721 3421 1776 per
3444 1706 3608 1775 parti-

2017 1789 2273 1858 cipatnm,
2308 1794 2387 1846 vel
2424 1793 2609 1865 σχέσιν
2633 1796 2958 1866 simplicem,
2994 1798 3149 1866 quasi
3187 1800 3301 1853 sol’e
3329 1798 3606 1858 illucente.

2017 1893 2109 1938 aut
2138 1886 2259 1954 igne
2295 1884 2518 1938 insitum
2550 1887 2654 1941 sibi
2684 1886 2916 1942 calurem
2944 1888 3065 1943 aliis
3097 1890 3450 1956 immittente‘;
3489 1890 3607 1952 sed.

2017 1982 2077 2029 ut
2106 1977 2178 2031 ita
2211 1974 2410 2043 dicam,
2455 1977 2569 2047 ipsa
2616 1978 2797 2033 divina
2844 1981 3165 2051 sinceraque
3201 1990 3419 2044 natura,
3458 1981 3626 2051 juxtaa

2018 2075 2187 2122 totum
2226 2067 2277 2122 id
2309 2070 2450 2138 quod
2482 2080 2588 2133 est,
2621 2069 3067 2125 inhabitationem
3098 2071 3198 2125 sibi
3232 2072 3485 2141 faciente,
3516 2089 3612 2143 per

2018 2172 2228 2223 veram,
2258 2167 2316 2210 nt
2343 2169 2469 2212 ante
2497 2160 2756 2222 diximus,
2795 2161 3078 2224 unitatem,
3123 2161 3176 2214 in
3216 2161 3416 2231 templo
3466 2162 3608 2233 quod

2019 2258 2102 2301 est
2131 2257 2313 2301 natum
2348 2265 2414 2304 ex
2444 2248 2663 2320 Virgine
2692 2267 2708 2304 :
2742 2252 2813 2305 ita
2849 2253 2992 2306 enim
3033 2267 3173 2308 unus
3217 2264 3270 2307 et
3301 2264 3406 2321 εει,
3437 2261 3495 2308 et
3524 2253 3607 2308 in-

2023 2338 2279 2409 telligitur
2300 2340 2552 2395 Christus
2582 2341 2762 2397 Jesus.

2093 2432 2247 2497 Quod
2279 2447 2406 2488 vero
2442 2434 2492 2487 in
2520 2435 2929 2502 expressiouum
2963 2452 3171 2492 summa
3215 2447 3400 2492 uoster
3429 2452 3609 2492 sermo

2023 2524 2289 2589 vincatur,
2316 2538 2421 2578 non
2453 2526 2694 2592 negabo;
2738 2528 2832 2580 sed
2866 2541 2971 2581 non
3019 2528 3223 2582 idcirco
3253 2528 3453 2584 Christi
3495 2544 3611 2600 my-

2022 2611 2244 2666 sterium
2270 2627 2377 2667 non
2411 2614 2702 2682 credatur;
2729 2617 2823 2669 sed
2856 2617 3029 2686 magis
3054 2618 3125 2672 sit
3161 2619 3358 2673 merito
3392 2618 3611 2673 mirabi«

2022 2701 2145 2757 lius.
2176 2704 2388 2771 Quanto
2423 2707 2567 2760 enim
2602 2707 2746 2759 omni
2780 2717 2864 2761 est
2908 2716 3087 2763 mente
3127 2709 3378 2777 superius
3415 2717 3469 2764 et
3499 2723 3610 2763 ser-

2023 2812 2204 2862 mone,
2234 2808 2384 2852 tanto
2417 2798 2586 2868 magis
2615 2798 2754 2852 ultra
2797 2813 3013 2855 omnem
3061 2799 3479 2855 admirationem
3517 2816 3611 2869 po-

2026 2890 2257 2944 nendum
2294 2898 2395 2945 est.

2094 2980 2325 3044 Carnem
2377 2997 2505 3037 vero
2539 2982 2740 3037 factum
2792 2982 3053 3047 Verbum,
3090 2979 3146 3035 id
3192 2991 3298 3045 est,
3337 2980 3609 3036 hominem

1953 3096 1998 3157 ρ
2029 3072 2353 3144 perfectum,
2386 3088 2489 3129 non
2519 3075 2755 3129 dicimus
2809 3089 3063 3128 mensura
3098 3073 3345 3142 corporis
3371 3082 3609 3138 compre-

2033 3166 2218 3232 hendi,
2252 3167 2304 3220 id
2346 3168 2488 3220 enim
2540 3165 2933 3235 ineptissimum
2961 3175 3085 3232 est;
3123 3164 3218 3220 sed
3268 3162 3491 3233 implere
3534 3162 3608 3216 sic

2032 3275 2244 3330 quoque
2274 3261 2567 3325 credimus,
2606 3260 2743 3313 sicut
2775 3259 2931 3324 solet,
2977 3258 3172 3312 malum
3210 3269 3263 3312 et
3299 3264 3523 3338 terram,
3557 3264 3609 3309 et

2031 3366 2150 3418 quae
2176 3350 2404 3406 inferius
2432 3350 2605 3420 posita
2641 3359 2769 3404 sunt.
2807 3367 2820 3404 :
2853 3350 3032 3403 munia
3068 3350 3265 3404 etenim
3296 3348 3452 3417 plena
3485 3356 3607 3402 sunt

2030 3443 2160 3508 Deo,
2189 3453 2244 3498 et
2272 3444 2450 3497 omnia
2483 3444 2585 3513 ipsi
2614 3441 2835 3511 parvula
2870 3449 3018 3496 sunt.
3053 3443 3121 3495 At
3162 3440 3433 3510 quomodo
3463 3440 3517 3493 et
3555 3440 3607 3492 in

2028 3537 2276 3606 singulis,
2304 3546 2356 3590 et
2383 3535 2436 3590 in
2467 3536 2720 3590 omnibus
2750 3545 2896 3589 totus
2926 3539 3018 3600 sit,
3052 3534 3326 3589 intellectu
3359 3533 3613 3600 dictuque

2029 3625 2241 3681 diﬂieile
2272 3636 2377 3691 cst,
2413 3626 2522 3679 imo
2555 3640 2683 3680 vero
2717 3626 2881 3680 etiam
2927 3622 3279 3693 impossibile.
3325 3620 3379 3677 ω
3407 3631 3609 3686 autem,

2028 3728 2089 3772 ut
2113 3719 2405 3788 opinor,eo
2432 3717 2690 3788 possidet,
2709 3716 2852 3787 quod
2881 3718 3235 3785 incorporeus
3259 3712 3325 3769 sil
3358 3724 3412 3768 et
3442 3711 3613 3767 iudisv

2027 3810 2331 3887 pertibilis.‘

2097 3899 2380 3965 Proprium
2414 3908 2592 3949 autem
2649 3897 2807 3949 Verbi
2844 3911 3043 3964 corpus
3084 3896 3283 3949 dicitur
3315 3910 3344 3949 a
3393 3893 3548 3950 nobis
3591 3912 3605 3948 :

2027 4004 2133 4041 non
2172 3987 2624 4054 quemadmodum
2663 3985 2913 4055 proprius
2957 3995 3040 4040 est
3075 3984 3308 4040 hominis
3335 3985 3494 4045 risus.
3527 3984 3609 4039 vel

2023 4079 2146 4147 equi
2176 4077 2446 4141 hinnitus;
2495 4077 2590 4131 sed
2625 4077 2790 4146 quod,
2837 4075 3037 4130 factum
3073 4077 3240 4145 ipsius
3276 4092 3370 4146 per
3400 4077 3607 4130 aduna-

2027 4170 2225 4223 tionem
2258 4183 2462 4232 veram,
2509 4169 2854 4224 instrumenti
2886 4168 2933 4224 ei
2981 4170 3222 4238 praebeat
3254 4170 3511 4235 alliciunt,
3541 4171 3608 4223 ad

2024 4262 2424 4332 exsequendum
2451 4277 2511 4316 ea
2543 4277 2661 4332 quae
2705 4276 2854 4317 more
2894 4261 3054 4317 solito
3087 4267 3361 4332 operatur,
3405 4263 3610 4333 absque

2027 4354 2145 4409 solo
2172 4364 2412 4423 peccato.

1169 4460 1350 4512 τητος,
1398 4444 1567 4514 μόνην
1635 4449 1766 4517 ἡμῖν
1828 4466 1922 4518 σηη

2093 4448 2187 4503 Sin
2216 4427 2351 4504 vero.
2380 4450 2519 4503 Deus
2557 4450 2786 4503 Verbum
2822 4448 2986 4502 etiam
3020 4447 3241 4501 missum
3273 4445 3447 4501 fuisse
3469 4443 3608 4501 forte

1170 4534 1349 4602 μαίνει
1389 4535 1651 4607 διαφορὰν
1679 4539 1784 4592 τῶν
1820 4541 1922 4609 φύς-

1167 4643 1301 4679 σεων
1365 4630 1422 4680 τὸ
1488 4628 1761 4702 διάφορον.
1830 4630 1923 4695 Εἷς

1165 4714 1271 4785 γὰρ
1320 4717 1378 4783 ἐξ
1455 4720 1658 4788 ἀμφοῖν
1724 4724 1925 4776 νοεῖται

1167 4808 1415 4875 Χριστός.
1445 4808 1654 4863 Οὐκοῦν
1677 4812 1734 4864 τὸ
1751 4812 1919 4882 ἀσύγλο

1168 4919 1327 4970 χυτον
1345 4899 1554 4973 εὖμάλα
1582 4907 1918 4977 τετηρηκὼς,

1170 4991 1329 5061 φησὶν
1358 4994 1414 5044 ἐν
1449 4996 1583 5064 ἡμῖν
1618 4997 1922 5067 ἐσκηνωκέ-

1169 5100 1255 5136 ναι
1294 5085 1381 5137 τὸν
1426 5088 1618 5156 Λόγον.
1648 5087 1781 5141 Ἕνα
1815 5091 1921 5161 γὰρ

417 5419 747 5504 (1)]ι1ωυει,
795 5443 912 5504 qua:
956 5431 1054 5504 viri
1100 5433 1436 5499 amplexibus
1485 5412 1767 5504 inquinata
1816 5454 1919 5491 non

351 5488 558 5574 luisset.
605 5488 843 5574 [iubendi
883 5501 1029 5574 enim
1083 5488 1600 5574 rogabulunrsmp'e
1654 5488 1922 5574 reperitur

351 5559 401 5610 itt
434 5559 703 5638 obscenis.
737 5561 870 5619 llinc
907 5567 1029 5621 illud
1059 5586 1120 5622 cx
1159 5571 1446 5638 Evangelii)
1485 5559 1545 5627 D:
1584 5559 1785 5629 Marci;
1816 5559 1922 5629 Nc-

351 5645 449 5702 que
502 5631 712 5702 nubent,
756 5649 916 5702 neque
949 5641 1224 5695 nubemur.

1296 5644 1358 5696 Et
1401 5645 1490 5696 lib.
1530 5661 1605 5703 Vl.
1650 5646 1924 5712 Capitula-

354 5701 489 5752 t‘itltli
524 5716 636 5767 «την.
674 5700 777 5755 209
811 5700 918 5758 {Si
952 5711 1054 5775 ipsc
1086 5720 1256 5764 (eum:
1303 5718 1548 5779 inut/plus
1588 5700 1664 5768 rel
1707 5700 1923 5780 innupta

2031 4540 2263 4605 dicatur,
2299 4557 2365 4594 ne
2395 4541 2515 4609 quis
2551 4548 2788 4593 vestrum
2835 4547 3124 4601 terreatur,
3160 4537 3288 4590 illud
3319 4536 3602 4606 cogitans:

2029 4632 2146 4699 Quo
2175 4640 2357 4700 perget
2380 4631 2777 4699 incorporeum,
2802 4629 2884 4685 vel
2916 4644 3021 4696 quo
3058 4629 3210 4681 cedet
3237 4629 3282 4682 is
3315 4643 3422 4694 quo
3449 4626 3603 4696 plena

2027 4734 2158 4777 sunt
2186 4721 2412 4776 omnia?
2443 4721 2591 4775 Sciat
2637 4730 2815 4775 autem
2867 4718 3056 4788 magis,
3102 4718 3245 4787 quod
3273 4717 3338 4771 sit
3384 4725 3438 4769 et
3469 4713 3606 4770 alius

2032 4814 2305 4870 missionis
2327 4816 2535 4869 modus.
2566 4811 2676 4866 Non
2706 4822 2762 4865 ut
2790 4812 2964 4865 locum
2990 4810 3055 4863 de
3082 4810 3221 4874 loco,
3240 4808 3330 4877 qui
3355 4809 3603 4873 mittitur,

2033 4917 2234 4973 ututet;
2268 4908 2361 4962 sed
2396 4918 2450 4959 ut
2488 4904 2844 4959 ministerium
2877 4902 3049 4971 magis
3076 4915 3293 4955 sacrum
3322 4899 3603 4969 suscipiat,

2030 5001 2171 5070 quod
2223 5000 2384 5053 etiam
2431 4996 2707 5064 discipulis
2760 4994 3058 5064 iniunctum
3113 5008 3235 5047 esse
3286 4990 3543 5045 discimus
3573 5005 3602 5044 a

2030 5091 2244 5144 Christo
2273 5089 2510 5144 omnium
2548 5088 2846 5141 Salvatore.

2030 5442 2390 5505 permanserit.
2436 5441 2630 5495 BALL'Z.

2095 5508 2175 5581 (“li
2213 5512 2343 5573 Una:
2369 5523 2685 5576 sequuntur,
2721 5525 2887 5581 usque
2922 5512 2986 5565 ad
3014 5512 3211 5566 luctam
3252 5510 3436 5568 Jacobi
3479 5527 3598 5566 cum

2023 5579 2213 5650 augrln
2261 5594 2432 5648 eaque
2463 5585 2648 5642 verba,
2688 5579 2811 5648 cap.
2853 5580 2912 5635 5i
2942 5621 2956 5645 ,
3002 5582 3334 5636 latitudinem
3387 5583 3599 5650 {cineris

2024 5648 2161 5767 rj’us,
2190 5650 2379 5703 drsuut
2412 5651 2461 5703 in
2494 5651 2817 5705 cdiliunibus
2843 5652 3097 5722 vulgatis,
3117 5665 3166 5708 et
3196 5668 3334 5707 nunc
3368 5648 3596 5723 primum

2026 5736 2073 5767 Ct
2096 5727 2276 5767 untur.

2026 5727 2276 5771 eduntur.
