4082 6258
521 318 658 373 1593

1504 298 1875 362 δίοιίιιιιι
1915 297 2385 354 ΑιΕΧΑΝοιιιΝι
2424 298 2743 356 ARCIIIEP.

3631 289 3780 345 14ῢο

591 428 828 497 Denique
863 426 1023 480 etiam
1073 425 1288 478 divinus
1332 422 1532 477 Paulus
1577 423 1656 476 ait
1708 421 1774 476 de
1823 419 2087 473 Christo:
2119 418 2165 475 A
2201 439 2217 464 ι
2249 418 2416 472 Amen
2457 418 2578 472 dico
2627 416 2801 481 vobis,
2839 422 3126 481 antequam
3167 410 3443 464 Abraham
3478 417 3642 470 esset,
3676 422 3778 476 ego

525 540 541 570 ι
581 520 739 588 Ergo,
767 518 958 571 fratres
987 518 1179 578 sancti,
1205 515 1502 568 vocationis
1526 513 1758 568 caelestis
1780 511 2086 580 participes,

521 610 859 663 considerate
913 607 1210 676 apostolum
1267 618 1318 659 ct
1374 607 1685 673 pontiﬁcem
1739 600 2092 657 conlessionis

521 712 721 757 nostra:
770 699 952 752 Jesum
978 700 1020 750 ³.
1058 718 1075 749 ι
1119 698 1501 752 Animadverte
1544 703 1721 749 autem
1759 696 1922 764 quod,
1969 708 2090 745 cum

521 809 641 849 cum
693 791 1085 845 ministrantem
1139 789 1414 842 hominum
1464 803 1614 840 more
1655 786 1922 848 ostendit,
1969 784 2094 836 licet

523 892 710 937 natura
744 882 812 934 sit
843 881 1000 941 Deus,
1036 888 1163 931 tunc
1199 879 1246 932 ei
1282 879 1443 931 etiam
1488 877 1720 931 ofﬁcium
1767 875 2094 944 apostolatus

521 973 763 1026 attribuit
804 990 816 1025 :
863 970 997 1022 nihil
1042 980 1240 1034 autem,
1274 978 1331 1022 ιιι
1361 980 1485 1022 ante
1523 969 1776 1032 diximus,
1805 967 2092 1020 absurdum

521 1072 622 1125 est,
659 1061 702 1115 si
745 1061 883 1114 Deus
913 1059 1146 1113 Verbum
1187 1061 1322 1112 mitti
1370 1060 1531 1113 etiam
1582 1059 1789 1111 dicatur
1832 1073 1860 1110 a
1900 1055 2091 1121 Patre;

523 1152 705 1221 implet
736 1166 968 1219 namque
999 1151 1302 1204 certissime
1343 1149 1548 1212 omnia,
1585 1159 1638 1203 et
1686 1149 1813 1202 nulli
1856 1148 1974 1202 loco
2005 1162 2098 1215 pe-

525 1245 665 1297 nitus
691 1243 843 1296 deest
875 1260 887 1295 :
923 1255 1022 1295 nos
1065 1255 1193 1294 vero
1239 1240 1486 1292 humanis
1531 1239 1754 1292 vocibus
1790 1238 1967 1290 divina
2013 1239 2096 1290 irt-

525 1342 903 1401 terprctantes,
936 1332 1342 1402 ﬁguratiouibus
1378 1331 1620 1399 corporis
1652 1328 1974 1382 immortalis
2006 1342 2100 1380 na-

523 1434 660 1478 turae
685 1425 1137 1492 dispensationem
1169 1424 1403 1476 solemus
1431 1421 1749 1490 intelligere.

601 1515 839 1582 Denique
890 1530 1012 1569 cum
1068 1524 1287 1568 sanctus
1344 1512 1578 1580 Spiritus
1628 1512 1806 1564 omnia
1864 1511 2098 1578 impleat,

527 1607 710 1661 seribil
750 1608 938 1660 beatus
971 1605 1189 1666 Paulus,
1221 1613 1276 1657 et
1324 1604 1454 1656 dicit
1505 1621 1517 1656 :
1555 1621 1572 1652 ι
1607 1601 1870 1668 Quoniam
1921 1612 2098 1653 autem

527 1703 657 1752 estis
695 1699 806 1761 ﬁlii,
853 1698 996 1750 misit
1053 1695 1191 1751 Deus
1241 1693 1500 1765 Spiritum
1548 1693 1669 1747 Filii
1719 1694 1800 1746 sui
1839 1694 1891 1745 in
1939 1693 2099 1745 corda

2193 524 2312 562 Sum
2354 509 2494 562 ¹⁰-¹¹.
2545 528 2562 560 ι
2613 505 2893 573 Quomodo
2939 503 3083 557 enim
3122 502 3281 555 aliter
3332 510 3458 555 ante
3501 499 3774 552 Abraham

2193 610 2335 661 erat,
2368 601 2458 668 qui
2492 597 2671 652 multis
2701 605 2820 666 post
2862 594 3191 662 temporibus
3222 591 3521 644 secundum
3554 603 3776 642 carnem

2194 702 2352 744 natus
2387 690 2514 743 est?
2555 689 2698 742 Satis
2735 697 2911 741 autem
2957 688 3119 755 ipsos,
3150 692 3210 736 ut
3239 682 3451 750 opinor,
3491 679 3779 745 redarguet

2195 781 2412 835 divinus
2438 780 2674 835 Joannes
2697 779 2878 832 dicens
2907 795 2922 832 :
2951 797 2968 828 ι
2993 778 3094 830 Hic
3115 782 3253 838 erat,
3277 773 3343 826 de
3365 785 3470 839 quo
3497 784 3600 838 ego
3627 769 3736 822 disi
3762 786 3776 821 :

2197 872 2319 926 Post
2348 886 2432 925 me
2457 873 2600 924 venit
2625 871 2728 934 vir,
2754 871 2841 938 qui
2873 878 2996 922 ante
3028 882 3114 921 me
3138 865 3315 919 iactus
3341 872 3444 926 est,
3471 861 3595 930 quia
3632 861 3780 929 prior

2197 979 2280 1017 me
2313 976 2428 1015 erat
2453 964 2512 1015 ".
2559 981 2575 1012 ι

2270 1053 2452 1125 794⁸
2495 1051 2977 1108 Praelermittentes
3021 1049 3186 1119 igitur
3227 1047 3284 1100 in
3334 1059 3391 1099 re
3430 1053 3538 1098 tam
3586 1040 3778 1094 frivola

2197 1147 2315 1200 sine
2343 1162 2506 1198 causa
2548 1153 2782 1210 certare,
2824 1144 2888 1197 ad
2926 1143 3054 1197 illud
3091 1139 3262 1208 magis
3297 1136 3602 1195 veniamus,
3636 1131 3776 1200 quod

2198 1236 2358 1288 etiam
2399 1235 2745 1288 emolumenti
2793 1232 2995 1302 aliquid
3039 1231 3210 1300 possit
3240 1226 3454 1288 afferre,
3499 1239 3564 1278 ne
3609 1221 3778 1275 mole-

2199 1334 2280 1379 ste
2321 1323 2495 1378 ferant
2533 1321 2770 1377 nonnulli
2813 1321 3114 1382 audientes,
3158 1331 3278 1370 esse
3325 1323 3564 1367 sanctam
3602 1307 3777 1377 Virgi-

2201 1430 2324 1468 nem
2365 1414 2648 1476 Θεοτόκον,
2689 1427 2787 1466 nec
2818 1409 3218 1466 incredulitatis
3258 1404 3494 1460 Iudaicae
3521 1417 3650 1456 suas
3681 1415 3780 1467 op-

2201 1506 2384 1576 pleant
2411 1517 2640 1568 mentes,
2666 1505 2774 1557 imo
2798 1517 2925 1556 vero
2962 1503 3122 1555 etiam
3147 1497 3422 1569 paganica:
3458 1495 3776 1563 impietatis.

2202 1598 2366 1652 Judaei
2413 1597 2608 1650 etenim
2660 1594 3112 1664 aggrediebautur
3163 1589 3434 1644 Christum
3478 1585 3777 1639 dicentes:

2210 1710 2227 1742 ι
2260 1689 2335 1743 De
2369 1690 2510 1743 bono
2537 1701 2698 1757 opere
2723 1702 2828 1741 non
2867 1685 3164 1755 lapidamus
3197 1691 3277 1743 te;
3311 1680 3403 1734 sed
3428 1679 3493 1732 de
3523 1676 3782 1744 blasphe-

529 1798 732 1849 uostra,
753 1788 804 1839 in
839 1803 943 1854 quo
967 1787 1259 1841 clamamus
1289 1805 1301 1839 :
1329 1785 1478 1838 Abba
1507 1783 1662 1837 Pater
1685 1783 1725 1836 ⁸.
1752 1801 1770 1833 ι
1809 1783 1897 1835 Ait
1920 1791 2095 1834 autem
2133 1769 2170 1826 Β
2203 1782 2330 1844 mia,
2360 1779 2640 1849 quodcum
2665 1777 2742 1832 sis
2764 1777 2949 1838 homo,
2974 1773 3107 1828 lacis
3131 1781 3183 1826 te
3217 1772 3381 1825 Deum
3404 1769 3468 1825 ι’,
3505 1788 3523 1820 ι
3554 1769 3620 1821 At
3651 1780 3784 1819 vero

527 1889 581 1931 et
615 1879 730 1946 ipse
762 1878 1008 1931 Salvator
1041 1894 1053 1927 :
1088 1895 1105 1926 ι
1141 1875 1364 1942 Expedit
1394 1873 1564 1936 vobis,
1597 1884 1653 1924 ut
1681 1886 1778 1939 ego
1803 1885 1951 1934 eam;
1980 1884 2100 1922 nam

527 1971 572 2022 si
611 1983 714 2021 non
765 1969 970 2027 abiero,
1015 1965 1330 2018 Paracletus
1382 1979 1486 2016 non
1533 1964 1710 2015 veniet
1746 1964 1811 2014 ad
1857 1976 1952 2014 vos
1991 1961 2032 2012 ".
2079 1977 2099 2009 ι

528 2055 753 2126 Oportet
777 2056 938 2126 igitur
964 2056 1027 2109 ad
1055 2057 1318 2109 rationem
1345 2055 1560 2123 pietatis
1581 2053 1759 2106 omnia
1787 2051 2100 2113 referentes,

525 2157 671 2200 certa
700 2136 1253 2214 cogitatioue'sectari
1299 2164 1310 2197 :
1350 2146 1400 2197 id
1439 2143 1581 2198 enim
1629 2141 1886 2196 facientes
1924 2141 2104 2195 nobis-

528 2237 770 2307 metipsis
801 2237 1035 2289 maxime
1063 2235 1443 2304 proluerimus.

1124 2373 1506 2467 car.var

632 2551 905 2613 Ouornodo
941 2549 1254 2618 intelligitur
1290 2548 1549 2610 Θεοτὸκος
1593 2547 1750 2616 Virgo
1785 2560 1990 2602 sancta.

597 2682 788 2736 Natum
822 2691 902 2735 est
933 2681 1150 2749 quidem
1180 2680 1628 2735 iuaastimabiliter
1660 2681 1894 2734 Verbum
1931 2681 2020 2734 Dei
2050 2693 2103 2736 et

527 2773 735 2833 Patris;
771 2783 822 2826 et
857 2775 969 2826 haec
998 2773 1274 2842 generatio
1316 2787 1530 2825 omnem
1563 2785 1778 2826 sensum
1821 2773 2134 2840 cogitatio—,

527 2879 760 2931 nemque
797 2865 1150 2927 transcendit,
1187 2873 1238 2918 et
1271 2873 1352 2917 est
1384 2865 1706 2934 incorporali
1737 2874 1942 2919 naturae
1972 2881 2104 2919 con-

528 2954 770 3008 veniens.
799 2953 1183 3008 Vermntamen
1227 2955 1278 3008 id
1324 2957 1464 3022 quod
1501 2965 1685 3008 natum
1723 2965 1828 3021 est,
1859 2957 2104 3025 proprius
2130 2931 2173 2988 α

529 3053 714 3113 partus
741 3045 1060 3113 intelligitur
1083 3044 1445 3108 Genitoris,et
1474 3047 1710 3115 ejusdem
1741 3063 1861 3100 cmn
1894 3063 1958 3102 eo
1982 3049 2107 3102 sub-

530 3136 779 3199 stantia};
835 3137 1062 3205 ideoque
1101 3139 1262 3192 etiam
1295 3136 1463 3192 Filius
1515 3139 1840 3200 nominatur,
1894 3139 2109 3194 nomine

531 3228 736 3281 scilicet
777 3229 1046 3283 indicante
1080 3231 1230 3298 quasi
1279 3245 1460 3284 veram
1504 3233 1883 3300 sinceramque
1915 3247 2108 3296 proge-

533 3317 707 3383 niem;
747 3317 838 3371 sed
870 3332 990 3371 cum
1017 3319 1090 3372 sit
1115 3318 1267 3370 vivus
1299 3318 1350 3371 in
1383 3329 1645 3372 aeternum
1674 3317 1855 3384 Pater,
1890 3334 2111 3372 necesse

533 3417 638 3473 est,
671 3423 789 3459 eum
821 3423 1034 3476 quoque
1066 3409 1249 3462 vivere
1290 3411 1341 3462 iu
1370 3421 1653 3474 aeternum,
1702 3420 1918 3480 propter
1949 3427 2107 3480 quem

533 3507 616 3549 est
672 3496 849 3551 Pater.
903 3499 1068 3566 igitur
1121 3518 1139 3550 ‹
1177 3499 1231 3552 lu
1287 3500 1552 3568 principio
1601 3510 1718 3554 erat
1753 3501 2005 3564 Verbum,
2059 3511 2111 3553 et

536 3586 676 3639 Deus
723 3599 840 3641 crat
897 3589 1152 3652 Verbum,
1200 3600 1253 3644 et
1301 3599 1419 3644 erat
1471 3593 1632 3644 etiam
1691 3591 1923 3646 Verbum
1971 3596 2110 3662 apud

536 3677 701 3730 Deum
736 3678 778 3739 ⁸,
812 3697 828 3728 ι
870 3689 924 3730 ιιι
949 3681 1377 3746 sapientissimus
1417 3681 1750 3750 Evangelista
1788 3699 2113 3737 commemo-

538 3780 641 3821 rat.
689 3767 743 3819 lu
783 3769 1244 3823 consummatione
1287 3782 1466 3823 autem
1515 3781 1835 3841 temporum,
1892 3784 2113 3842 propter

537 3847 932 3920 nos'homiues.
967 3871 1021 3915 ct
1060 3871 1283 3930 propter
1323 3873 1560 3916 nostram
1600 3866 1822 3918 salutem
1863 3865 2113 3919 incarna-

541 3964 651 4006 tnm
686 3961 786 4017 cst,
830 3961 883 4007 et
917 3955 1074 4006 homo
1116 3963 1198 4007 est
1245 3954 1481 4021 factum;
1531 3971 1633 4008 non
1679 3957 1929 4011 amittens
1972 3959 2111 4022 quod

538 4053 678 4108 erat,
712 4044 804 4097 sed
840 4043 1078 4096 retinens
1124 4043 1590 4098 inconvertibilem
1636 4059 1787 4097 suam
1840 4057 2110 4109 naturam,

541 4143 596 4188 et
625 4149 838 4202 semper
861 4135 910 4186 in
941 4123 1241 4187 divinitaiis
1272 4135 1486 4204 fastigio
1519 4136 1867 4199 collocatam;
1898 4136 2114 4189 subiens

2207 1871 2299 1925 ﬁlii
2357 1885 2684 1939 paganorum
2738 1867 2996 1922 Ecclesiae
3043 1867 3293 1932 dogmata
3336 1860 3628 1920 derident,
3683 1872 3783 1908 au-

2204 1963 2410 2016 dientes
2439 1975 2502 2015 ex
2530 1961 2751 2014 muliere
2780 1957 2947 2013 Deum
2991 1971 3110 2012 esse
3151 1954 3526 2025 progenitum;
3570 1952 3665 2005 sed
3705 1949 3780 2001 illi

2205 2054 2417 2119 quidem
2453 2068 2563 2107 sua:
2593 2053 2878 2106 dementiae
2919 2050 3154 2104 exedeut
3195 2048 3430 2108 fructus,
3465 2055 3521 2097 et
3560 2043 3782 2098 audient

2204 2164 2232 2200 a
2291 2149 2443 2203 nobis
2476 2166 2487 2200 :
2524 2166 2541 2198 ι
2574 2145 2784 2200 Stultus
2836 2143 2996 2198 stulte
3048 2142 3304 2210 loquitur,
3361 2148 3416 2190 ct
3470 2152 3565 2190 cor
3613 2136 3779 2202 ipsius

2204 2255 2338 2294 vana
2370 2239 2648 2308 intelliget.
2680 2258 2697 2288 ι
2741 2236 2920 2290 Nostri
2961 2235 3103 2288 enim
3157 2231 3400 2303 mysterii
3446 2229 3612 2290 ratio,
3654 2227 3778 2280 licet

2203 2331 2403 2387 Iudaeis
2445 2333 2516 2385 sit
2554 2329 2888 2391 scandalum,
2935 2326 3184 2396 gentibus
3219 2333 3396 2377 autem
3437 2321 3668 2376 stultitia
3693 2321 3776 2385 ἐς

2205 2423 2358 2477 nobis
2389 2432 2587 2485 tamen,
2635 2421 2775 2490 quod
2813 2419 3036 2482 scimus,
3064 2432 3190 2471 vere
3229 2424 3313 2469 est
3355 2411 3696 2476 admirabile,
3726 2420 3782 2464 et

2205 2513 2461 2577 salutare,
2493 2521 2547 2564 et
2581 2511 2954 2578 dignissimum
2985 2508 3128 2561 credi
3163 2524 3174 2559 :
3206 2515 3260 2560 et
3299 2504 3344 2559 si
3375 2513 3520 2558 esset
3561 2501 3783 2554 omnino

2205 2603 2512 2670 quisquam,
2541 2601 2630 2670 qui
2669 2601 2847 2654 dicere
2885 2599 3128 2663 auderet,
3175 2599 3315 2650 hanc
3347 2583 3571 2649 carnem
3612 2603 3780 2646 terre-

2205 2709 2326 2747 nam
2366 2694 2519 2747 nudae
2567 2693 2863 2746 divinitatis
2905 2691 3100 2744 fuisse-
3123 2688 3461 2758 genitricem,
3519 2699 3574 2739 et
3617 2701 3681 2739 ex
3716 2699 3779 2738 ea

2204 2794 2448 2840 creatura
2497 2783 2644 2837 omni
2684 2781 3016 2850 superiorem
3070 2789 3248 2831 natam
3298 2777 3466 2831 fuisse
3507 2787 3779 2837 naturam,

2207 2876 2414 2930 insania
2450 2876 2498 2927 id
2539 2884 2683 2928 esset
2715 2883 2768 2927 et
2813 2873 2984 2925 furor.
3025 2869 3210 2937 Neque
3245 2869 3386 2921 enim
3438 2884 3503 2921 ex
3543 2879 3685 2922 terra
3705 2867 3782 2920 di-

2212 2968 2331 3020 vina
2359 2977 2440 3020 est
2472 2966 2612 3018 facta
2640 2975 2866 3026 natura;
2907 2977 3005 3015 nec
3043 2962 3391 3030 corruptibile
3425 2960 3786 3025 incorruptio-

2210 3059 2294 3112 nis
2328 3058 2476 3111 radix
2534 3071 2768 3125 unquam
2819 3053 2950 3118 ﬁet;
2997 3067 3096 3106 nec
3143 3051 3452 3105 mortalitas
3497 3051 3672 3117 pariet
3707 3048 3786 3099 vi-

2211 3158 2318 3202 tam
2349 3163 2362 3211 ;
2399 3161 2497 3200 nec
2528 3145 2774 3212 corporis
2804 3140 3099 3196 tractabilis
3150 3139 3488 3209 incorporale
3538 3138 3629 3192 ﬁet
3658 3153 3784 3205 ger-

2212 3254 2369 3302 men;
2404 3253 2502 3292 nec
2546 3238 2844 3290 iucreatum
2882 3251 2910 3288 a
2960 3247 3143 3289 creato
3180 3242 3464 3296 nascetur;
3507 3245 3604 3285 nec
3639 3228 3785 3297 quod

2213 3331 2414 3398 absque
2445 3328 2616 3390 initio,
2653 3328 2717 3381 ab
2745 3341 2809 3380 eo
2834 3325 2975 3395 quod
3010 3325 3169 3378 habet
3195 3323 3426 3376 initium.

2285 3422 2480 3474 Verum
2526 3419 2785 3488 quoniam
2839 3417 2932 3471 Dei
2977 3415 3208 3470 Verbum
3249 3415 3401 3483 juvta
3449 3430 3547 3468 nos
3587 3414 3789 3468 factum

2213 3527 2331 3565 esse
2361 3510 2714 3574 aﬂirmamus,
2747 3517 2800 3561 et
2829 3507 3030 3560 nostris
3059 3508 3378 3574 corporibus
3406 3521 3600 3574 corpus
3636 3521 3794 3558 sum-

2217 3602 2390 3670 psisse
2449 3601 2746 3663 consimile,
2801 3599 2962 3666 idque
3012 3596 3113 3650 sibi
3167 3597 3445 3650 verissime
3493 3597 3792 3657 adunasse,

2215 3707 2412 3745 arcana
2454 3691 2915 3759 ineuarrabilique
2946 3693 3175 3754 ratione,
3210 3701 3260 3743 et
3288 3691 3367 3743 sic
3399 3688 3670 3742 hominem
3711 3687 3786 3740 fa-

2213 3791 2359 3834 ctum
2392 3781 2686 3834 carnaliter
2711 3791 2894 3834 natum
2925 3797 3067 3845 esse,
3097 3781 3226 3850 quid
3253 3780 3540 3833 absurdum
3573 3790 3684 3843 cst,
3712 3779 3794 3832 vel

2217 3874 2358 3941 quod
2405 3871 2553 3941 credi
2601 3887 2706 3926 non
2754 3873 2980 3928 debeat?
3021 3875 3153 3929 Cum
3205 3875 3504 3944 praesertim
3555 3876 3793 3928 hominis

2218 3965 2418 4028 anima,
2453 3973 2509 4016 ut
2538 3963 2837 4032 saepissime
2861 3965 3119 4028 diximus,
3156 3980 3277 4019 cum
3305 3967 3374 4019 sit
3419 3975 3629 4018 natura:
3661 3965 3793 4018 alte-

2216 4057 2330 4110 rius
2356 4065 2548 4124 prmtcr
2577 4071 2792 4125 corpus,
2824 4066 3078 4111 nascatur
3111 4066 3286 4111 tamen
3331 4072 3452 4110 cum
3493 4057 3632 4125 ipso,
3671 4072 3790 4109 cum

2218 4150 2288 4202 sit
2336 4147 2382 4201 ei
2429 4149 2683 4210 adunata,
2737 4163 2834 4200 nec
2877 4148 3163 4216 quisquam
3205 4148 3500 4202 arbitretur
3542 4144 3789 4201 naturam

547 4237 725 4280 tamen
758 4235 978 4294 propter
1007 4239 1104 4278 nos
1139 4226 1533 4293 dispensator-ie
1567 4227 2108 4292 exinanitatem;nec

2220 4241 2459 4306 corporis
2494 4242 2688 4293 animae
2735 4241 2946 4294 initium
2997 4241 3238 4309 przebere
3279 4243 3637 4305 substantia»;
3697 4243 3788 4296 sed

543 4317 876 4372 inhonorans
927 4316 1021 4386 [id
1072 4327 1180 4378 est,
1231 4332 1332 4370 non
1385 4315 1725 4388 despiciens]
1780 4321 2110 4384 pauperiem,

539 4421 659 4474 qum
708 4406 952 4456 humana:
1007 4414 1208 4458 naturae
1241 4406 1490 4458 convenit
1537 4423 1549 4457 :
1599 4421 1718 4458 nam
1758 4425 1774 4455 ι
1807 4422 1927 4460 cum
1973 4417 2113 4461 esset

541 4495 710 4555 dives,
740 4508 940 4562 pauper
965 4504 1048 4546 est
1080 4493 1274 4556 lactus,
1308 4495 1447 4547 sicut
1475 4495 1733 4562 scriptum
1768 4504 1852 4548 est
1881 4514 1894 4549 :
1926 4506 1984 4549 ut
2015 4511 2113 4548 nos

541 4592 855 4652 paupertate
908 4584 1025 4651 ejus
1065 4584 1257 4638 divites
1305 4599 1546 4639 essemus
1597 4587 1637 4637 ε’.
1675 4603 1695 4637 ι
1760 4585 1980 4639 Factum
2033 4595 2115 4640 est

545 4677 706 4746 igitur
745 4676 924 4736 homo,
959 4685 1012 4728 et
1041 4675 1441 4745 generationem
1469 4691 1532 4728 ex
1561 4676 1782 4730 muliere
1801 4691 2017 4745 passum
2037 4677 2114 4730 di-

543 4767 699 4818 citur.
736 4763 900 4834 Igitur
925 4776 1207 4833 propterea
1235 4765 1374 4832 quod
1421 4781 1484 4818 ex
1521 4776 1702 4819 sancta
1744 4766 1957 4835 Virgine
1993 4782 2115 4821 vere

542 4857 643 4912 sibi
666 4858 956 4912 adunatum
981 4871 1174 4924 corpus
1201 4857 1508 4924 acceperit;
1546 4857 1666 4911 inde
1705 4859 1963 4911 Θεοτόκον
1995 4873 2115 4913 esse

543 4946 772 4999 dicimus
815 4944 1087 5012 Virginem
1131 4954 1397 5007 sanctam,
1438 4945 1562 5013 quia
1609 4946 1658 4998 id
1708 4947 1959 5013 humane,
2007 4949 2120 5003 sive

543 5037 839 5092 secundum
865 5051 1081 5088 carnem
1116 5036 1345 5103 peperit,
1376 5036 1499 5090 licet
1526 5037 1748 5091 haberet
1771 5047 1894 5092 ante
1923 5041 2116 5093 saecula

544 5131 944 5199 generationem
978 5145 1040 5183 ex
1072 5128 1249 5182 Patre.

615 5219 834 5286 Opinari
880 5229 1057 5272 autem
1111 5217 1397 5272 nonnullos
1445 5215 1679 5270 Verbum
1727 5218 1853 5273 hinc
1905 5220 2116 5273 initium

547 5310 716 5365 fuisse
749 5313 1021 5375 sortitum,
1068 5327 1188 5364 cum
1235 5311 1396 5363 homo
1432 5310 1502 5361 sit
1554 5309 1776 5373 factum,
1829 5311 2120 5379 impietatis

544 5412 628 5455 est
673 5401 978 5471 furorisque
1028 5401 1418 5470 pleuissimmu.
1475 5400 1578 5454 Eos
1625 5403 1821 5455 etenim
1865 5402 2121 5472 insipien-

549 5495 787 5549 tissimos
809 5510 949 5558 esse,
976 5494 1292 5546 monstravit
1323 5495 1435 5561 ipse
1457 5493 1703 5547 Salvator
1725 5495 1788 5546 dc
1811 5511 1867 5548 se
1896 5496 2078 5550 diccus
2104 5515 2117 5550 :

615 5652 636 5683 "
669 5652 833 5705 Hebr.
881 5670 962 5710 Ill,
1007 5655 1055 5705 l.

1133 5654 1151 5681 ⁸
1191 5651 1366 5704 Galat.
1402 5668 1472 5715 tv,
1515 5655 1566 5706 6.
1643 5656 1660 5684 '
1701 5653 1852 5707 Joau.
1897 5671 2005 5715 xw,
2039 5657 2090 5709 '7.

557 5714 597 5744 ¹²
626 5719 785 5775 Juan.
829 5739 864 5786 I,
896 5723 984 5775 31).

1064 5722 1104 5750 ¹³
1137 5721 1289 5775 Joan.
1323 5738 1373 5786 .\,
1403 5723 1491 5774 ‘25.
1574 5724 1612 5753 “‘
1646 5725 1659 5776 I
1701 5726 1824 5778 Cor.
1859 5741 1896 5790 Ι,
1925 5727 1994 5779 ‘25

2217 4330 2457 4384 immittit
2487 4329 2699 4396 quidem
2733 4330 2898 4396 ipsam
2933 4331 3379 4385 inmstimabilitcr
3413 4334 3550 4387 Deus
3587 4334 3640 4386 in
3674 4349 3792 4387 cor-

2217 4436 2335 4489 pus,
2369 4431 2415 4473 el
2464 4436 2585 4473 cum
2639 4420 2751 4486 ipso
2791 4421 2955 4474 etiam
3001 4423 3278 4476 nascitur:
3311 4439 3472 4476 unum
3506 4432 3685 4476 tamen
3729 4439 3792 4476 ex

2219 4519 2444 4577 utroque
2477 4508 2672 4561 animal
2703 4509 3012 4571 deﬁnimus,
3046 4511 3314 4564 hominem
3361 4511 3589 4565 scilicet.
3630 4510 3794 4581 igitur

2223 4600 2454 4654 Verbum
2498 4599 2712 4667 quidem
2763 4600 2904 4655 Deus
2952 4611 3093 4665 erat,
3140 4600 3343 4655 factum
3376 4612 3462 4655 cst
3510 4613 3696 4655 autem
3742 4609 3796 4653 et

2225 4691 2405 4749 Ιιοιιιο,
2442 4699 2493 4741 et
2515 4687 2640 4756 quia
2671 4696 2851 4740 uatum
2876 4698 2957 4741 est
2987 4688 3282 4742 secundum
3308 4703 3549 4749 carnem,
3581 4697 3799 4754 prepter

2224 4781 2614 4833 lunuanitatem
2663 4779 3030 4832 necessarium
3074 4790 3178 4841 est,
3230 4791 3289 4833 ut
3324 4793 3443 4847 quae
3489 4778 3665 4845 ipsum
3705 4792 3798 4844 pe-

2221 4874 2381 4942 perit,
2414 4875 2484 4924 sit
2514 4872 2807 4934 Θεοτόκοςι
2843 4886 2964 4924 nam
2989 4871 3033 4925 si
3063 4887 3166 4924 non
3199 4872 3404 4940 peperit
3432 4870 3624 4935 Deum,
3652 4881 3800 4924 certe

2227 4979 2325 5016 nec
2363 4963 2571 5015 dicetur
2619 4960 2780 5024 Deus,
2814 4960 2906 5028 qui
2941 4969 3025 5014 est
3065 4961 3131 5013 ab
3172 4961 3284 5027 ipsa
3332 4961 3687 5029 progenitus;
3717 4960 3798 5012 sin

2224 5068 2354 5106 vero
2387 5053 2550 5106 Deum
2585 5051 2756 5118 ipsum
2799 5051 2995 5105 divina:
3029 5049 3324 5118 Scriptura:
3357 5050 3662 5112 nominant,
3711 5066 3801 5118 pe-

2227 5143 2362 5208 perit
2395 5142 2507 5210 ipsa
2556 5141 2721 5194 Deum
2767 5141 3036 5196 hominem
3083 5141 3304 5204 factum,
3336 5142 3603 5210 siquidem
3642 5143 3802 5195 homo

2226 5233 2381 5286 aliter
2422 5233 2536 5286 ﬁeri
2585 5247 2689 5286 non
2738 5242 2938 5300 posset,
2993 5232 3093 5286 nisi
3145 5247 3240 5299 per
3287 5234 3697 5301 generationem
3737 5248 3799 5287 ex

2228 5323 2470 5376 muliere.
2506 5323 2785 5389 Quomodo
2822 5323 2984 5393 igitur
3014 5338 3118 5375 non
3149 5323 3240 5385 sit,
3281 5338 3400 5391 qua:
3433 5324 3610 5392 ipsum
3638 5340 3801 5393 pop-*-

2227 5413 2635 5482 rit,jB.-:0r6xog?
2661 5414 2811 5480 Quod
2835 5424 3012 5468 autem
3051 5415 3190 5468 Deus
3217 5415 3289 5467 sit
3315 5430 3495 5479 verus,
3525 5417 3619 5484 qui
3646 5426 3805 5468 natus

2229 5503 2350 5556 inde
2376 5511 2477 5567 est,
2512 5518 2573 5557 ex
2607 5504 2787 5557 divina
2830 5503 3110 5571 Scriptura
3141 5501 3422 5556 discimus.

2167 5662 2186 5692 ⁸
2221 5659 2376 5717 Joan.
2417 5679 2449 5728 ι,
2490 5664 2537 5718 l.
2614 5665 2632 5695 θ
2665 5661 2701 5716 ΙΙ
2743 5663 2863 5716 Cor.
2900 5677 3016 5728 vttt,
3059 5662 3110 5716 9.
3193 5664 3310 5696 '°-“
3343 5661 3501 5720 Joan.
3549 5680 3670 5728 vui,
3706 5661 3798 5717 58.
