4082 6258
371 320 495 374 I-iUI

942 438 1094 493 CAP.
1135 439 1346 497 XXVII.

889 550 1046 606 Dicta
1086 554 1149 606 de
1177 554 1410 610 Christo.

442 679 458 712 ι
489 662 626 716 Ecce
673 663 824 732 virgo
866 663 918 718 in
954 674 1108 719 utero
1149 669 1399 738 accipiet,
1439 682 1493 724 et
1527 671 1698 738 pariet
1738 671 1930 735 lilium,

363 762 412 806 ct
455 754 729 808 vocabunt
770 771 963 810 nomen
995 756 1114 826 ejus
1153 759 1464 814 Emmanuel
1494 763 1559 816 “‘.
1596 782 1614 814 ι
1652 763 1930 830 Quomodo

361 857 490 911 ergo
522 844 572 896 id
605 845 744 914 quod
783 856 966 900 uatum
1003 861 1087 902 est
1123 863 1188 902 ex
1219 861 1402 904 sancta
1439 851 1679 922 Virgine,
1715 852 1930 906 Emma-

363 935 481 988 nuel
525 937 853 1004 nominatur,
896 953 1017 992 cum
1063 939 1399 1009 Emmanuel,
1429 953 1486 996 ut
1533 954 1658 997 ante
1687 945 1818 1006 dixi,
1855 944 1928 998 si-

361 1025 580 1092 gniticet
629 1028 682 1081 in
735 1040 920 1083 nostra
970 1039 1159 1086 natura
1211 1043 1432 1102 propter
1477 1051 1702 1090 carnem
1762 1036 1928 1090 fuisse

361 1115 616 1182 Verbum,
665 1121 806 1188 quod
857 1134 941 1176 est
989 1121 1128 1178 Deus
1173 1141 1330 1181 verus
1367 1127 1434 1181 de
1481 1130 1587 1182 Deo
1621 1128 1788 1182 vero?
1820 1127 1926 1182 Sed

361 1209 531 1264 factus
567 1220 651 1265 est
681 1213 995 1269 Emmanuel
1027 1233 1040 1269 :
1071 1217 1372 1272 exinanivit
1411 1221 1556 1274 enim
1585 1236 1642 1274 se
1671 1219 1734 1284 ",
1763 1235 1925 1288 gene-

355 1303 617 1354 rationem
650 1313 892 1358 nostram
923 1316 979 1360 et
1018 1307 1248 1362 similem
1279 1324 1487 1377 passus,
1522 1325 1585 1365 ac
1615 1311 1694 1364 sic
1740 1311 1924 1365 uobis-

356 1407 478 1446 cum
528 1403 874 1450 conversatus
926 1405 1027 1452 est.
1071 1397 1210 1467 Ergo
1249 1407 1303 1454 et
1345 1401 1484 1455 Deus
1537 1401 1587 1454 in
1635 1417 1828 1466 carne,
1869 1412 1924 1457 et

354 1481 614 1546 Θεοτόκος
637 1500 764 1538 vere
791 1497 874 1541 est
913 1502 1032 1556 qua‘.
1060 1504 1181 1542 eum
1213 1491 1526 1557 carnaliter,
1570 1495 1684 1548 sive
1724 1509 1922 1550 secun-

354 1575 482 1629 dum
514 1591 730 1631 carnem
772 1581 1070 1648 generavit.

908 1693 1058 1747 CAP.
1117 1692 1352 1748 XXVIII.

1036 1802 1218 1859 Aliud.

427 1931 446 1964 ι
476 1913 743 1980 Quoniam
784 1929 972 1969 omnes
1014 1915 1208 1970 stolam
1255 1917 1376 1971 dolo
1406 1929 1811 1990 eongregatam,
1861 1931 1916 1976 et

343 2008 723 2060 vestimentum
762 2023 883 2061 cum
933 2011 1354 2065 commutatione
1401 2023 1682 2082 reponem,
1723 2025 1777 2070 et
1823 2030 1914 2068 vo-

344 2097 476 2162 lent,
506 2101 551 2150 si
595 2098 820 2152 fuissent
863 2098 950 2152 isti
1003 2101 1300 2168 combusti;
1351 2104 1604 2172 quoniam
1653 2107 1912 2174 parvulus

342 2198 502 2244 natus
549 2198 632 2242 est
684 2188 858 2253 nobis,
900 2201 951 2243 et
1003 2190 1142 2244 ﬁlius
1192 2191 1350 2247 datus
1393 2203 1476 2248 est
1529 2197 1706 2262 nobis,
1757 2198 1912 2267 cujus

339 2281 676 2349 principatus
726 2281 900 2336 factus
934 2295 1015 2337 est
1049 2283 1100 2335 in
1148 2283 1374 2339 humero
1417 2286 1552 2353 ejus,
1600 2297 1654 2340 et
1688 2299 1912 2342 vocatur

340 2388 536 2426 nomen
564 2373 676 2441 eius
701 2375 878 2444 magni
907 2375 1118 2430 consilii
1152 2377 1374 2432 nuntius
1401 2379 1465 2431 ”.
1497 2397 1516 2429 ›
1550 2379 1742 2443 Audis,
1767 2381 1908 2448 quod

339 2480 477 2532 puer
511 2466 814 2520 nominatus
849 2466 940 2532 sit,
971 2467 1226 2536 quodque
1257 2471 1660 2538 generationem
1695 2473 1764 2526 sit
1805 2487 1908 2526 no-

335 2564 465 2608 strae
511 2557 739 2610 similem
783 2573 991 2626 passus.
1042 2559 1114 2612 At
1147 2572 1530 2629 eumpuerum
1571 2562 1768 2616 caelum
1811 2579 1908 2632 per

332 2647 546 2701 stellam
581 2648 932 2704 clarissimam
961 2650 1250 2718 indicavit;
1280 2654 1418 2722 magi
1450 2653 1814 2708 adoravcrunt
1837 2671 1903 2709 ex

330 2738 540 2792 ultimis
577 2741 1016 2796 terraelimitibus
1052 2744 1442 2812 adventantes;
1469 2747 1641 2816 angeli
1675 2748 1906 2816 pastori-

329 2828 432 2882 bus
461 2830 925 2900 evangelizabant,
969 2833 1302 2886 Salvatorem
1337 2851 1456 2890 esse
1496 2846 1676 2890 natum
1715 2839 1900 2891 dicen-

329 2929 438 2982 tes,
471 2931 526 2974 et
551 2937 737 2988 pacem
772 2937 870 2978 nec
903 2939 1006 2978 non
1041 2927 1206 2979 etiam
1237 2928 1409 2982 Patris
1437 2930 1632 2984 bonam
1657 2935 1903 2986 volunta-

325 3021 438 3064 tem
478 3016 903 3070 annuutiantes:
946 3036 964 3068 ι
998 3017 1096 3072 Est
1129 3022 1303 3088 magni
1342 3023 1552 3076 consilii
1599 3025 1842 3078 nuntius.
1875 3044 1896 3076 ι

1277 329 1566 386 SCHOLIA
1607 331 1693 386 DE
1729 331 2240 388 INCAHNATIONE
2275 333 2641 390 UNIGENITI.

1959 450 2015 508 Α
2040 457 2122 501 est
2154 448 2494 504 benedictum
2529 449 2582 503 in
2627 457 2788 503 terra.
2823 446 3060 505 Observa
3091 455 3268 502 autem
3301 449 3446 518 quod
3481 464 3606 518 pro—

3473 334 3488 385 I
3511 331 3608 388 5-09.

2036 539 2208 608 priam
2243 542 2482 596 nominet
2515 549 2769 606 matrem,
2810 555 2928 608 quae
2957 555 3112 594 suum
3145 540 3353 608 peperit
3381 554 3602 608 corpus.

2033 629 2174 700 Ergo
2218 631 2261 685 si
2308 631 2474 686 Deum
2513 646 2697 685 verum
2744 645 2806 685 se
2842 645 2964 684 esse
3012 633 3311 698 cognoscit,
3348 631 3436 684 illa
3483 646 3604 700 quze

2031 738 2156 779 eum
2185 724 2478 779 carnaliter
2505 725 2735 793 peperit,
2764 723 3025 786 Θεοτὸκος
3052 723 3270 788 dicitur,
3301 731 3357 777 et
3385 722 3602 792 quidem

2033 816 2327 870 recte:siu
2374 829 2502 870 vero
2553 830 2656 869 non
2700 823 2782 870 est
2837 813 3002 880 Deus,
3036 815 3086 867 id
3137 816 3280 883 quod
3323 813 3602 877 audacter,

2034 905 2142 959 imo
2163 905 2343 973 potius
2365 904 2630 958 scelerate
2653 903 2892 960 nonnulli
2915 905 3176 968 sentiunt,
3202 904 3406 972 privari
3437 917 3601 971 opor-

2033 1005 2110 1051 tet
2145 997 2314 1064 ipsam
2353 995 2626 1064 Virginem
2657 1007 2902 1052 sanctam
2933 997 3037 1050 hoc
3082 995 3298 1052 nomine
3329 1010 3434 1066 quo
3467 995 3598 1050 Θεο-

2030 1087 2187 1149 τόκος
2219 1100 2344 1142 esse
2391 1087 2628 1141 dicatur.

2618 1215 2768 1273 CAP.
2809 1214 3004 1270 XXIX.

2029 1351 2182 1418 Quod
2213 1351 2352 1406 Deus
2383 1352 2685 1406 nominatur
2706 1361 2752 1404 et
2781 1351 2937 1404 homo
2969 1365 3228 1418 apparens
3263 1346 3600 1418 Unigenitus.

2095 1485 2349 1541 Salomon
2401 1487 2476 1538 ait
2530 1499 2694 1538 orans
2723 1525 2736 1538 .
2777 1503 2794 1536 ι
2831 1483 2896 1536 Ει
2942 1497 3122 1547 nunc,
3179 1481 3407 1536 Domine
3457 1481 3598 1536 Deus

2025 1578 2209 1643 Israel,
2247 1577 2502 1632 credibile
2536 1577 2628 1630 liat
2659 1576 2882 1629 verbum
2915 1584 3086 1637 tuum,
3129 1576 3271 1642 quod
3302 1575 3510 1627 locutus
3539 1589 3597 1628 es

2021 1685 2188 1738 puero
2219 1678 2310 1724 tuo
2343 1669 2529 1722 David.
2575 1669 2786 1736 Ergone
2807 1666 3066 1721 Credibile
3101 1667 3350 1736 estquod
3384 1667 3596 1720 habita-

1947 1786 1990 1840 Β
2022 1761 2097 1814 vit
2125 1761 2264 1814 Deus
2286 1773 2406 1813 cum
2437 1758 2749 1812 hominibus
2784 1757 2834 1810 in
2864 1765 3006 1810 terra
3025 1756 3110 1808 "?
3137 1773 3156 1806 ι
3189 1756 3591 1820 Animadverte,

2019 1852 2160 1920 quod
2193 1851 2416 1903 miretur
2445 1847 2606 1901 Verbi
2641 1847 3070 1901 incarnationem
3101 1863 3114 1899 :
3153 1847 3416 1900 habitavit
3441 1862 3596 1899 tiam-

2017 1956 2122 2011 que
2153 1951 2274 1996 cum
2304 1939 2611 1994 hominibus
2636 1938 2686 1990 iu
2717 1947 2880 2000 terra,
2908 1951 3029 1989 cum
3058 1937 3220 1989 homo
3249 1947 3333 1990 est
3363 1935 3592 2000 factum,

2015 2049 2103 2089 res
2135 2035 2278 2088 extim
2304 2031 2637 2087 incredibilis
2677 2029 2982 2084 videbatur.
3020 2027 3276 2096 Alioquin
3321 2028 3591 2095 quomodo

2023 2126 2074 2179 id
2111 2124 2440 2193 praecipuum
2473 2121 2727 2190 quiddam
2765 2121 2854 2188 sit,
2901 2119 2985 2172 vel
3021 2121 3290 2186 quomodo
3339 2119 3390 2172 id
3427 2119 3592 2171 mira-

2017 2217 2162 2270 ti0ue
2193 2215 2434 2284 dignum,
2471 2228 2593 2265 cum
2632 2212 2771 2265 Deus
2811 2213 2878 2265 ab
2919 2211 3023 2272 his,
3059 2225 3178 2279 qua:
3227 2210 3340 2278 ipse
3370 2223 3592 2263 creave-

2013 2307 2102 2371 rit,
2145 2320 2251 2359 non
2296 2303 2560 2366 discedat,
2595 2303 2782 2356 fovens
2814 2317 2877 2355 ea
2915 2301 3144 2364 scilicet,
3174 2309 3227 2354 et
3263 2315 3325 2352 ea
3375 2300 3590 2367 quidem

2013 2398 2318 2460 continens,
2355 2410 2474 2463 quae
2503 2395 2613 2463 jam
2652 2394 2792 2447 facta
2837 2401 3000 2454 sunt;
3035 2406 3099 2445 ea
3127 2406 3259 2445 vero
3301 2405 3422 2460 quae
3453 2405 3590 2444 nou-

2010 2490 2137 2543 dum
2187 2488 2326 2541 facta
2379 2495 2538 2547 sunt,
2587 2486 2817 2539 cretus?
2855 2483 3172 2538 Miraculum
3222 2493 3399 2536 autem
3457 2495 3585 2536 vere

2011 2579 2362 2651 prmcipuum,
2401 2577 2542 2646 quod
2569 2577 2620 2629 in
2657 2585 2798 2630 terra
2829 2591 2954 2630 cum
2985 2575 3296 2630 hominibus
3327 2574 3590 2628 habitarit

2010 2675 2172 2730 homo
2220 2673 2395 2726 factus
2445 2671 2606 2733 Deus,
2657 2670 2808 2738 juxta
2852 2669 3242 2738 promissiones
3281 2666 3390 2734 jam
3431 2675 3586 2720 antea

2008 2767 2159 2819 datas
2200 2764 2384 2818 divino
2422 2763 2622 2824 David;
2659 2761 2923 2830 scriptum
2969 2769 3054 2815 est
3094 2760 3242 2812 enim
3279 2777 3292 2812 :
3325 2777 3344 2808 ι
3379 2756 3591 2811 Juravit

2008 2854 2268 2910 Dominus
2331 2853 2492 2906 David
2551 2853 2876 2916 veritatem,
2950 2859 3005 2904 et
3064 2865 3169 2904 non
3236 2849 3589 2903 l‘rustrabitur

2005 2961 2124 3001 eam
2147 2945 2212 2996 ".
2249 2963 2266 2995 ›
2307 2942 2444 3009 Quid
2489 2954 2671 2994 autem
2707 2941 2951 3008 juravit?
2985 2958 3003 2990 ‹
3038 2939 3111 2993 De
3168 2939 3344 2993 fructu
3377 2939 3583 2992 ventris

2009 3042 2082 3092 tui
2143 3052 2336 3106 ponam
2384 3051 2549 3104 super
2593 3035 2774 3088 sedem
2833 3041 2982 3085 tuam
3005 3032 3072 3084 ’7.
3107 3049 3126 3081 ›
3181 3031 3248 3083 Ει
3293 3044 3421 3082 vero
3468 3028 3580 3092 ille,

327 3102 697 3157 Mauifestavit
742 3108 943 3160 etenim
997 3111 1152 3163 nobis
1192 3109 1370 3166 Patris
1412 3113 1759 3179 voluntatem,
1812 3117 1896 3170 cui
1927 3122 1968 3178 C
2004 3102 2250 3200 quamvis
2283 3102 2623 3192 credidisset,
2661 3123 2804 3193 quod
2874 3137 3148 3189 nunquam
3194 3121 3424 3186 abneget
3461 3132 3584 3185 pro-

327 3212 346 3246 ι
386 3195 436 3247 in
472 3209 536 3249 eo
570 3197 893 3265 complacuit
921 3199 1105 3254 orbem
1149 3203 1360 3256 salvare
1395 3211 1659 3258 terrarum
1684 3206 1750 3270 ιθ,
1787 3226 1804 3258 ι
1845 3217 1898 3260 ct

321 3303 424 3356 per
457 3291 629 3356 ipsum
679 3300 734 3343 et
779 3291 832 3342 in
879 3291 996 3358 ipso
1045 3293 1303 3346 mundum
1350 3294 1450 3346 sibi
1498 3297 1893 3352 reconciliare:

319 3380 544 3434 Christo
570 3381 713 3434 enim
746 3382 1100 3448 reconciliati,
1137 3385 1243 3438 Deo
1269 3401 1454 3438 smnus
1477 3389 1807 3442 reconciliati
1830 3390 1894 3454 ¹⁹,

323 3471 470 3524 Deus
501 3480 581 3524 est
621 3473 764 3524 enim
797 3487 922 3526 vere
959 3472 1125 3528 Filius
1175 3475 1265 3528 Dei
1297 3487 1348 3528 et
1387 3477 1581 3534 Patris.
1616 3479 1894 3544 Quodnam

323 3560 494 3627 igitur
534 3561 602 3614 sit
638 3563 814 3614 Patris
844 3563 1152 3630 consilium,
1185 3567 1339 3632 cujus
1373 3569 1528 3622 nobis
1560 3569 1720 3623 fuerit
1753 3586 1894 3623 nun-

323 3650 456 3714 tius,
497 3651 611 3719 ipse
643 3652 860 3706 docebit
907 3653 1134 3708 dicens:
1175 3673 1191 3705 ι
1225 3653 1300 3709 Ita
1334 3657 1478 3710 enim
1527 3659 1716 3713 dilexit
1755 3659 1896 3715 Deus

321 3737 607 3802 mundum,
662 3749 716 3790 ut
762 3738 957 3792 Filium
1007 3758 1162 3795 suum
1215 3746 1547 3813 unigenitum
1598 3749 1772 3815 daret,
1838 3759 1895 3805 ut

318 3824 504 3878 onmis
537 3825 628 3893 qui
664 3827 838 3880 credit
876 3829 926 3882 in
962 3830 1156 3899 ipsum,
1185 3850 1287 3888 non
1321 3847 1526 3905 pereat,
1563 3841 1657 3892 sed
1701 3842 1894 3905 habeat

321 3916 488 3969 vitam
520 3927 774 3971 aeternam
795 3920 860 3974 ὀ.
896 3941 912 3972 ι
940 3921 1106 3977 Filius
1143 3937 1324 3980 autem
1357 3929 1662 3994 unigenitus
1697 3903 1784 3982 ille
1813 3941 1896 3984 est

319 4008 414 4077 qui
459 4017 544 4061 est
576 4025 638 4061 ex
674 4020 859 4063 sancta
888 4010 1110 4079 Virgine
1145 4023 1466 4080 procreatus
1499 4031 1511 4067 :
1547 4017 1718 4083 ipsum
1749 4021 1892 4072 enim

321 4099 561 4153 Verbum
584 4100 742 4152 homo
763 4100 984 4164 factum,
1006 4104 1146 4169 quod
1168 4102 1266 4156 fuit
1289 4102 1426 4158 Deus
1445 4105 1498 4158 in
1523 4121 1708 4171 carne,
1735 4123 1796 4161 ac
1817 4109 1896 4162 sic

323 4190 556 4244 terrenis
589 4189 857 4255 apparuit.
898 4189 1139 4258 Denique
1169 4194 1381 4247 dicebat
1409 4213 1420 4248 :
1459 4215 1476 4246 ‹
1507 4195 1609 4261 Qui
1640 4197 1813 4251 credit
1839 4199 1891 4251 in

321 4296 430 4345 me,
463 4281 620 4333 habet
643 4281 807 4333 vitam
840 4291 1096 4336 aeternam
1122 4284 1185 4339 “.
1223 4304 1240 4336 ι
1273 4285 1422 4350 Quod
1452 4301 1577 4340 vero
1601 4303 1697 4355 per
1722 4290 1890 4355 ipsum

321 4385 376 4428 ct
409 4375 459 4425 in
493 4374 605 4440 ipso
635 4374 921 4428 credamus
945 4372 1114 4439 Patri,
1149 4379 1456 4446 explanavit
1484 4381 1702 4435 dicens:
1745 4400 1762 4433 ι
1793 4383 1891 4449 Qui

2005 3223 2318 3277 missionem
2352 3223 2492 3276 Deus
2530 3218 2894 3286 omnipotens,
2935 3225 3110 3268 tamen
3155 3213 3328 3281 ipsum
3360 3225 3585 3280 genera-

2005 3315 2167 3369 tionis
2192 3314 2369 3367 locum
2405 3311 2671 3365 curiosius
2703 3308 3039 3376 inquirebat,
3075 3305 3303 3373 ideoque
3333 3302 3580 3356 diccbat:

2009 3426 2027 3457 ‹
2060 3405 2115 3460 Si
2157 3405 2452 3459 ascendero
2502 3416 2664 3471 super
2709 3400 2907 3454 lectmn
2958 3398 3108 3451 strati
3147 3395 3274 3462 mei,
3311 3396 3354 3448 si
3385 3393 3583 3448 dedero

2003 3510 2252 3548 somnum
2295 3492 2468 3548 oculis
2507 3491 2661 3555 meis,
2702 3499 2794 3542 aut
2839 3487 3109 3556 palpebris
3143 3485 3278 3538 meis
3317 3484 3582 3537 dormita-

2002 3587 2225 3647 tionem,
2260 3569 2354 3638 aut
2384 3583 2624 3651 requiem
2656 3581 2989 3649 temporibus
3032 3579 3188 3640 meis,
3226 3577 3401 3630 donec
3429 3577 3582 3629 inve-

2002 3677 2144 3730 niam
2177 3676 2352 3730 locum
2389 3675 2636 3737 Domino,
2677 3670 3084 3726 tabernaculum
3119 3670 3230 3722 Deo
3258 3667 3519 3722 Jacob".
3555 3683 3576 3718 ι

2001 3768 2205 3822 Deinde
2247 3782 2367 3820 cum
2416 3766 2464 3818 id
2495 3779 2709 3833 quoque
2761 3778 2854 3828 per
2897 3762 3145 3829 spiritum
3179 3759 3492 3827 reperisset,
3529 3765 3582 3810 et

2000 3858 2235 3912 carnalis
2279 3855 2640 3923 generationis
2681 3851 2956 3920 Uuigeuiti
2995 3851 3172 3903 locum
3209 3849 3576 3916 cognovisset,

2000 3947 2406 4014 evangelizabat
2475 3955 2529 3996 et
2589 3942 2802 3995 dicebat
2853 3959 2865 3994 :
2923 3959 2941 3992 ι
2985 3939 3300 3993 Audivimus
3347 3953 3464 3992 eam
3525 3943 3576 3995 in

1999 4038 2260 4105 Ephrata,
2292 4053 2310 4085 ι
2350 4035 2399 4086 id
2426 4043 2526 4098 est,
2561 4035 2610 4086 in
2645 4031 2959 4098 Bethleem;
2997 4050 3016 4081 ι
3044 4031 3346 4086 invenimus
3377 4047 3495 4086 eam
3525 4034 3576 4086 in

1999 4129 2202 4196 campis
2232 4126 2380 4180 silvze
2400 4127 2466 4177 ‘9.
2504 4145 2522 4176 ι
2570 4125 2722 4192 Quod
2759 4139 2885 4178 vero
2912 4125 3097 4179 dicens
3121 4125 3374 4192 prrata,
3403 4126 3576 4194 signi-

2000 4219 2122 4273 ﬁcet
2169 4217 2443 4270 Bethleem
2475 4257 2489 4280 ,
2538 4217 2798 4286 propheta
2849 4215 3221 4285 comprobavit
3267 4233 3280 4268 :
3335 4235 3353 4266 ‹
3386 4216 3449 4269 Ει
3483 4229 3574 4280 ιιι,

1999 4306 2295 4370 Bethleem,
2324 4307 2512 4360 domus
2546 4306 2778 4374 Ephrata
2811 4306 2876 4358 ³ο.
2911 4325 2928 4357 ι
2968 4305 3205 4361 Observa
3235 4315 3414 4359 autem
3450 4321 3576 4374 quo-

2001 4398 2158 4453 modo
2195 4413 2341 4461 eum,
2379 4413 2536 4467 quem
2577 4399 2884 4453 crediderat
2911 4398 3330 4467 creatumjuxta
3382 4413 3482 4452 nos
3519 4399 3571 4450 in

321 4467 500 4522 credit
526 4468 578 4518 in
621 4481 723 4530 me,
755 4482 858 4520 non
886 4469 1060 4522 credit
1091 4468 1142 4522 in
1169 4485 1273 4534 me,
1308 4471 1400 4524 sed
1429 4472 1479 4524 in
1511 4487 1631 4526 eum
1665 4474 1752 4540 qui
1787 4474 1888 4526 mi-

2008 4490 2253 4560 prrata,
2305 4489 2468 4544 Deum
2513 4489 2679 4544 Jacob
2733 4491 2991 4554 nominet,
3049 4491 3204 4560 cujus
3256 4490 3574 4544 iuhabitatio

319 4559 391 4614 sit
436 4573 518 4611 me
541 4559 620 4623 ";
651 4577 669 4609 ι
705 4567 756 4610 et
791 4576 802 4610 :
843 4576 860 4609 ι
894 4558 994 4625 Qui
1023 4559 1156 4612 vidit
1188 4576 1293 4627 me,
1345 4562 1476 4615 vidit
1507 4578 1630 4616 eum
1662 4565 1750 4633 qui
1790 4567 1888 4618 ιιιὶ-

317 4650 386 4703 sit
422 4665 505 4701 tne
529 4651 594 4702 ’³.
627 4668 645 4701 ι

393 4757 410 4790 ι
443 4741 634 4793 Audite
679 4757 784 4803 me,
827 4741 1034 4806 insula),
1084 4753 1135 4798 et
1185 4745 1464 4812 attendite,
1510 4757 1716 4816 gentes.
1765 4750 1891 4807 Post

319 4831 544 4886 multum
598 4837 854 4904 temporis
884 4836 1068 4900 stabit,
1105 4837 1232 4892 dicit
1275 4837 1569 4906 Dominus;
1618 4855 1682 4896 ex
1735 4833 1890 4898 utero

317 4925 510 4979 matris
553 4929 826 4981 vocabunt
870 4944 1062 4982 nomen
1102 4944 1278 4982 meum
1303 4929 1370 4984 "’.
1407 4949 1425 4982 ι
1473 4932 1605 4985 Cum
1652 4931 1885 4990 Verbum

316 5016 386 5068 sit
413 5015 578 5080 Deus,
605 5033 710 5071 non
738 5019 1006 5088 ignoravit
1029 5021 1171 5088 quod
1197 5021 1597 5088 generationem
1628 5024 1884 5092 patietur,

316 5123 384 5160 ex
417 5109 644 5161 muliere
687 5111 1023 5165 incarnatum
1057 5113 1406 5178 propter'nos
1456 5111 1672 5168 Sciebat
1709 5126 1885 5171 autem

317 5199 460 5264 quod
507 5201 790 5253 vocabitur
844 5202 1094 5255 Christus
1137 5201 1292 5255 Jesus
1341 5219 1369 5256 a
1423 5201 1530 5258 Deo
1586 5218 1638 5260 et
1693 5205 1886 5272 ratrc;

315 5289 568 5344 omnibus
612 5291 770 5346 nobis
805 5307 998 5345 novum
1027 5291 1125 5347 ﬁlii
1161 5309 1356 5348 nomen
1390 5297 1707 5364 praedicans,
1744 5305 1886 5368 quod

388 5510 430 5541 ’⁵
465 5509 566 5562 Isa.
612 5523 706 5568 vn,
739 5509 824 5572 Η,
851 5511 1002 5576 juxta
1043 5509 1230 5564 Matth.
1266 5523 1318 5566 et
1356 5515 1540 5576 Cyrilli
1570 5516 1873 5576 lectionem.

313 5577 524 5633 Coloss.
562 5595 602 5638 ι,
633 5579 720 5631 9.0.
805 5583 846 5611 ¹⁹
879 5579 1032 5631 Boni.
1063 5597 1112 5632 v.
1143 5583 1226 5635 10.
1306 5586 1350 5614 ²⁰
1388 5577 1544 5639 .loau.
1573 5603 1650 5648 ιιι,
1687 5591 1770 5645 16.

317 5719 359 5749 ²⁹
393 5723 520 5777 ibid.
555 5721 611 5774 6.

692 5719 920 5776 3"1llit‘h.
959 5736 1007 5784 γ,
1042 5721 1094 5773 ε.
1175 5724 1216 5752 ³¹
1257 5719 1395 5778 I’sal.
1444 5719 1582 5792 λιιι,
1627 5731 1706 5783 lU.

1949 5527 1990 5595 ξθ
2018 5525 2245 5595 Philipp.
2294 5545 2351 5592 ll,
2386 5531 2437 5582 7.

601 5593 720 5661 ιιζυ.
806 5593 1239 5662 ’.νιιιςιιιιῂνε-ιυλ
1306 5593 1358 5662 ’³.
1388 5593 1544 5639 Jonu.
1573 5593 1770 5662 u_t,_l6.
1850 5595 1891 5624 ²¹
1933 5593 2088 5648 Joan.
2137 5593 2208 5656 vi,
2239 5599 2326 5650 47.

317 5663 458 5733 ξμς,
489 5651 543 5733 .I,
573 5649 972 5733 juxtanlhx.
1006 5651 1073 5733 ³δὶ
1113 5649 1150 5703 ll
1178 5653 1437 5733 ___l‘aI':ilip.
1494 5671 1565 5721 vi,
1603 5658 1686 5718 I7,
1740 5662 1888 5732 juxta

2008 5667 2091 5722 LX.
2170 5669 2215 5698 ²⁶
2243 5668 2381 5725 I’sal.
2415 5687 2600 5733 «xxxi,
2643 5671 2724 5724 Il.

1999 4580 2098 4632 l'uit
2133 4581 2184 4631 in
2218 4578 2568 4632 tabernaculo
2601 4598 2613 4633 :
2645 4580 2713 4632 ibi
2747 4581 2892 4634 enim
2929 4581 3140 4648 peperit
3167 4579 3351 4632 Jesum
3380 4587 3570 4632 sancta

2001 4671 2184 4740 Virgo.

2065 4762 2318 4816 Nominat
2348 4771 2524 4816 autem
2557 4775 2679 4814 eum
2706 4768 2762 4813 et
2793 4759 2918 4812 alibi
2959 4759 3126 4812 Deum
3169 4759 3440 4813 Abraham
3479 4761 3558 4812 di-

1997 4869 2126 4909 cens
2160 4872 2172 4907 :
2207 4873 2223 4904 ι
2256 4853 2533 4920 Principes
2562 4849 2878 4919 pupulorum
2924 4851 3234 4918 congregati
3281 4860 3407 4903 sunt
3449 4865 3570 4903 cum

1997 4946 2106 5000 Deo
2148 4943 2418 4998 Abraham
2449 4944 2513 4995 ³¹.
2553 4961 2570 4993 ι
2604 4942 2749 4996 Pene
2782 4941 2924 4995 enim
2979 4944 3175 4995 mentis
3219 4957 3327 4996 suae
3377 4941 3567 5006 oculis,

1999 5052 2093 5104 per
2116 5035 2559 5088 illuminationcm
2581 5033 2814 5101 Spiritus
2837 5032 3036 5095 sancti,
3063 5031 3364 5086 futurorum
3388 5035 3569 5087 scien-

2001 5127 2068 5179 tia
2113 5127 2379 5193 eruditus,
2417 5125 2686 5196 principes
2729 5125 3069 5196 populorum,
3120 5127 3170 5179 id
3218 5138 3320 5192 est,
3352 5137 3566 5181 sanctos

1999 5218 2271 5284 apostolos
2313 5220 2363 5272 in
2417 5219 2624 5272 Domini
2674 5219 2841 5272 nostri
2887 5217 3016 5274 Jesu
3063 5219 3261 5273 Christi
3311 5219 3565 5272 cernebat

1998 5309 2275 5378 obsequio.
2321 5311 2453 5365 Cum
2492 5309 2654 5379 igitur
2690 5329 2708 5362 ι
2740 5309 2881 5365 Deus
2919 5311 3192 5365 Abraham
3227 5329 3244 5361 ι
3278 5321 3331 5365 ct
3372 5329 3390 5360 ι
3423 5308 3564 5364 Deus

2556 5531 2596 5560 ¹⁷
2638 5530 2736 5585 lsa.
2779 5545 2866 5610 xi,
2900 5525 3418 5610 5,§,1j_ti_x-tamLxx-_l
3459 5598 3475 5610 -
3518 5525 3559 5562 tl

2405 5603 2450 5630 "
2481 5599 2635 5654 .Ioan.
2677 5617 2771 5664 xu,
2807 5599 2893 5652 .M.
2973 5599 3016 5628 ’³
3053 5598 3179 5653 ibid.
3210 5598 3296 5650 45.
3377 5598 3424 5630 ’⁸
3459 5598 3559 5652 Isn.

2415 5687 2600 5726 «xxxi.
2643 5671 2724 5724 Il.
2839 5672 2880 5702 ²⁷
2925 5670 3053 5725 ibid.
3166 5671 3210 5701 ³⁸
3271 5669 3400 5726 ibid.
3442 5669 3477 5724 5
3507 5669 3556 5722 5-
