2041 3129
246 208 249 210 η
264 188 331 216 I503

771 183 800 210 S.
821 182 958 210 C‘l’lllLLl
979 178 1212 208 ALEXANDBIM
1232 176 1388 205 AllCHlEP.

1795 166 1802 192 l
1808 164 1849 192 404

265 243 356 274 Iacob,
372 252 381 267 1
403 241 449 276 qui
465 245 508 269 est
528 246 607 268 natus
621 248 654 267 ex
683 239 807 271 muliere,
829 238 983 266 nominatus
997 238 1042 270 sit,
1059 241 1081 269 Α
1097 236 1184 262 anima
1208 242 1277 262 mea.
1294 243 1303 259 ι
1325 232 1394 258 Deus
1409 235 1524 264 namque
1542 230 1583 253 est
1599 229 1695 252 natura
1713 221 1848 276 Emmanuel.

264 295 348 323 quare
361 295 413 314 non
425 287 461 314 sit
474 287 555 321 Virgo
567 291 660 313 salicta
679 283 826 316 Θεοτόκοςῖ

561 349 637 377 CAP.
662 347 747 376 XXX.

610 416 700 443 Aliud.

301 474 434 509 Propheta
459 473 584 501 Habacuc
600 481 608 501 :
627 482 636 499 ‹
652 472 779 504 Domine,
802 471 905 506 inquit,
931 471 1048 498 inandivi

266 521 385 547 auditum
402 523 489 548 tuum.
503 524 529 545 et
554 519 643 546 timui.
660 517 835 545 Consideravi
849 524 929 551 opera
944 521 999 548 tua,
1022 520 1050 543 et

266 565 372 600 expavi.
391 564 419 591 In
439 565 527 591 medio
548 565 662 591 duorum
684 563 839 590 animalium
858 562 1048 596 cognosceris:

268 611 295 637 in
313 610 456 636 adventum
474 609 601 642 temporis
620 608 771 635 ostenderis
790 607 861 634 ineo
876 615 882 632 :
900 607 962 632 dum
983 613 1049 632 con-

269 656 374 683 turbata
395 655 474 681 fuerit
494 655 582 681 anima
598 662 667 684 mea,
685 654 711 679 in
727 653 766 679 ira
787 651 978 679 inisericordim
994 659 1051 677 me-

269 710 328 729 mor
346 701 410 729 eris.
434 701 503 727 Deus
526 702 558 726 de
577 699 698 726 Theman
721 698 821 730 veniet,
847 702 874 725 et
895 701 1005 723 sanctus
1020 696 1053 723 de

269 752 361 774 monte
380 747 485 774 Pbaran
498 746 531 772 ³³.
548 755 558 770 ›
579 746 657 776 Vide,
680 744 815 779 quomodo
832 743 858 770 in
885 743 972 769 medio
984 742 1052 768 duo-

269 800 328 819 rum
344 792 501 819 animalium
518 795 695 825 cognoscetur
710 798 717 816 :
736 797 797 816 nam
810 796 870 815 cum
887 794 967 815 natus
981 793 1053 815 esset

267 846 299 864 ex
326 837 447 869 muliere,
461 842 487 862 et
507 837 618 863 vixisset
640 843 725 870 uSqne
748 835 780 861 ad
800 839 904 867 tempus
930 833 1053 867 pretiosa-

267 883 373 915 erucis;
390 891 399 907 ‹
417 881 509 909 Gratia
537 881 593 913 Dei,
610 881 680 907 sicut
707 881 744 906 ait
768 880 862 906 beatus
880 879 987 911 Paulus,
1006 886 1052 911 per

268 935 346 955 suum
363 934 460 961 corpus
472 934 520 960 pro
531 926 655 953 omnibus
667 925 785 959 gustavit
798 929 911 951 mortem
923 924 955 951 ".
971 933 980 948 ι
1000 923 1051 950 Sed

268 973 394 1007 quoniam
417 977 513 999 natura
542 976 601 998 erat
628 971 714 1003 Deus,
739 970 887 997 resurrexit
909 971 997 997 denuo
1026 970 1051 995 in

269 1019 461 1053 sempiternam
477 1018 569 1044 vitam.
585 1017 713 1051 Coguitus
728 1020 770 1043 est
786 1016 867 1050 igitur
880 1016 932 1047 hic,
947 1015 992 1049 qui
1005 1021 1053 1049 pro

269 1064 347 1092 nobis
362 1063 506 1098 pretiosam
521 1062 649 1089 sustinuit
663 1070 770 1089 crucem
791 1063 816 1088 in
834 1062 923 1088 medio
938 1062 1051 1088 duorum

268 1109 435 1137 animalium.
450 1107 515 1134 Nam
534 1108 591 1141 ipse
602 1108 700 1134 alicubi
716 1108 753 1134 ait
769 1107 802 1134 ad
819 1106 945 1133 Iudaeos:
966 1115 974 1131 ι
987 1105 1052 1132 Cum

267 1151 454 1179 cxaltaveritis
469 1149 565 1176 Filiqu
584 1151 713 1182 hominis,
730 1156 784 1177 tum
804 1150 973 1184 cognoscetis
991 1150 1053 1184 quia

268 1206 318 1231 ego
341 1206 399 1225 sum
412 1198 445 1224 3‘.
463 1207 472 1223 ι
493 1198 559 1225 Vide
579 1197 674 1228 etiam,
697 1197 832 1230 quomodo
856 1197 937 1222 Deum
967 1196 1053 1229 ipsum

268 1244 423 1276 nominans,
449 1251 483 1271 ex
506 1243 626 1270 Theman
652 1247 808 1274 venturum,
836 1246 863 1267 et
890 1248 922 1267 ex
950 1241 1054 1267 Pharan

269 1294 360 1316 monte
373 1289 526 1324 pronuntiat
542 1290 746 1323 (interpretatur
759 1293 848 1314 autem
863 1287 984 1314 Theman
1000 1288 1055 1313 Au-

268 1335 355 1368 ster):
373 1335 496 1368 apparuit
520 1335 590 1361 enim
615 1334 748 1364 Christus,
779 1341 830 1358 non
857 1340 870 1358 a
900 1332 1055 1366 regionibus

272 1380 420 1415 Aquilonis,
447 1380 494 1407 sed
521 1380 554 1406 ab
578 1378 690 1405 an‘strali
717 1378 821 1408 Judara.
847 1379 872 1404 in
900 1386 952 1412 qua
973 1378 1055 1404 etiam

269 1427 406 1454 Bethleem
421 1431 473 1453 est.
492 1426 556 1454 Cum
579 1426 661 1459 igitur
676 1426 709 1454 is.
724 1425 769 1458 qui
794 1424 923 1450 Dominus
940 1428 967 1450 et
988 1424 1057 1450 Deus

269 1473 424 1501 nominatus
438 1477 489 1505 est,
506 1480 538 1498 ex
554 1472 643 1499 .lnda-a
660 1471 763 1497 venerit
782 1470 903 1500 australi,
921 1475 999 1495 natus
1017 1473 1056 1495 est

269 1519 341 1545 enim
363 1519 388 1545 iu
412 1517 717 1551 Betlileemmuomodo
742 1523 794 1543 non
818 1516 852 1543 sit
869 1520 961 1542 sancta
976 1514 1056 1549 Virgo

269 1564 400 1596 Θεοτόκος
405 1563 417 1590 '2

565 1619 640 1648 CAP.
662 1618 759 1646 XXXI.

621 1676 710 1703 Aliud.

305 1735 335 1763 lu
358 1734 456 1763 Genesi
484 1734 615 1767 scriptum
640 1738 680 1760 est
703 1742 709 1759 :
730 1743 738 1758 ε
754 1731 945 1760 Subremansit
968 1738 1057 1766 autem

270 1780 355 1808 Iacob
369 1780 452 1813 solus,
470 1785 496 1806 et
509 1779 661 1806 luctabatur
674 1780 754 1805 horno
770 1786 830 1805 cum
853 1779 912 1812 ipso
927 1786 1011 1812 usque
1025 1778 1057 1804 ad

273 1834 351 1854 mane
366 1835 373 1852 :
389 1825 455 1852 vidit
469 1829 558 1850 autem
574 1824 644 1858 quod
668 1832 718 1849 non
734 1823 893 1857 praevaleret
907 1824 939 1850 ad
958 1824 1057 1857 ipsum,

271 1876 300 1899 ct
317 1870 406 1906 tetigit
431 1869 598 1896 latitudinem
615 1867 695 1902 795
708 1868 817 1894 femoris
843 1867 911 1901 ejus,
931 1876 991 1894 cum
1017 1869 1057 1894 lu-

272 1921 393 1945 ctaretur
409 1923 469 1942 cum
490 1922 532 1946 eo,
552 1920 578 1940 et
595 1914 664 1941 dixit
679 1913 702 1940 ci
720 1922 727 1939 :
748 1913 858 1939 Dimitte
882 1920 934 1944 me,
959 1921 1055 1940 ascen-

272 1963 312 1991 dit
332 1963 402 1989 enim
416 1967 501 1988 ortus.
522 1960 568 1986 Ille
592 1964 680 1986 autem
699 1959 788 1985 dixit:
808 1958 865 1985 Non
889 1963 914 1985 te
937 1958 1057 1991 dimitto,

272 2009 324 2037 nisi
337 2007 508 2036 benedixeris
520 2005 585 2033 mihi
599 2006 631 2032 ³⁵.
650 2015 659 2031 ι
679 2004 711 2032 Ει
724 2010 782 2039 post
798 2005 849 2031 alia
868 2014 875 2032 :
895 2015 903 2031 ι
918 2005 1059 2032 Benedixit

272 2060 362 2082 autem
381 2062 441 2081 cum
457 2053 505 2085 ibi,
521 2057 548 2080 et
565 2052 671 2079 vocavit
686 2059 783 2078 nomen
801 2051 850 2079 loci
866 2051 947 2083 illius,
963 2052 1057 2078 faciem

273 2102 341 2129 Dei:
358 2100 412 2128 vidi
429 2100 514 2131 enim,
530 2098 628 2133 inquit,
656 2097 738 2125 Deum
759 2097 828 2124 facie
850 2098 882 2124 ad
902 2097 1009 2129 faciem,
1032 2101 1059 2125 et

271 2148 374 2176 salvata
397 2151 439 2174 est
463 2146 552 2172 anima
579 2144 795 2171 meazascendit
822 2150 911 2171 autem
942 2144 999 2176 sol,
1031 2149 1059 2171 et

271 2193 381 2220 transiit
406 2191 489 2218 facies
514 2191 575 2223 Dei;
601 2192 658 2224 ipse
681 2196 768 2217 autem
796 2190 930 2216 titubabat
956 2189 1058 2217 femore

271 2245 322 2266 suo
332 2237 366 2263 ".
383 2246 392 2263 ›
406 2236 535 2271 Mystirus
546 2235 652 2270 quidem
665 2240 706 2261 est
721 2234 922 2268 Scripturarum
940 2242 1035 2261 sensus
1049 2244 1055 2261 :

270 2282 442 2310 subindicare
460 2281 531 2309 enim
545 2280 651 2308 videtur
666 2280 817 2307 Judaeorunt
835 2280 1055 2313 obluctatimicm,

271 2337 325 2364 qua
342 2328 486 2356 utebantur
505 2335 567 2355 cum
583 2326 702 2358 Christo,
720 2333 786 2359 pene
805 2333 864 2351 cum
883 2326 939 2359 ipso
953 2326 1056 2352 luctan-

270 2379 332 2407 tes;
348 2374 393 2409 qui
410 2378 497 2400 tamen
517 2372 637 2407 superati
662 2376 735 2402 sunt,
752 2376 777 2397 et
802 2371 849 2405 ipsi
867 2371 948 2397 etiam
965 2372 1051 2406 impe-

271 2420 368 2447 traturi
381 2419 597 2447 benedictionem
613 2419 706 2453 ipsius,
731 2417 751 2443 si
781 2426 828 2452 per
847 2418 925 2444 tidem
942 2418 975 2444 ad
995 2425 1055 2444 cum

270 2465 425 2493 novissimis
449 2464 616 2499 temporibus
642 2472 671 2490 se
692 2464 902 2490 convenissent.
929 2464 1056 2490 Attamen

269 2510 314 2538 ille
328 2515 402 2538 certe
421 2510 500 2537 homo
516 2513 586 2541 erat,
607 2509 651 2543 qui
669 2510 830 2540 luctabatur,
848 2513 874 2534 et
889 2516 950 2534 eum
965 2512 1055 2540 tamen

269 2556 353 2584 Jacob
371 2556 419 2583 Dei
435 2555 530 2583 faciem
553 2554 725 2587 nominabat;
742 2562 829 2589 neque
847 2554 871 2581 id
893 2554 1021 2589 solumd

269 2601 375 2629 sciebat
388 2609 449 2629 eum
463 2601 545 2628 Deum
558 2608 618 2628 esse
630 2601 778 2628 secundum
791 2600 931 2628 veritatem
945 2594 986 2629 ε]

269 2648 353 2682 enim,
370 2648 467 2683 inquit,
483 2647 566 2675 Deum
588 2646 656 2674 facie
674 2646 706 2673 ad
730 2646 837 2680 faciem,
853 2650 880 2674 et
895 2646 938 2683 ad

701 2715 722 2731 ³³
746 2715 826 2742 llehr.
844 2722 869 2742 ll:

317 2716 340 2732 "
358 2715 457 2744 llabac.
477 2724 525 2747 ιιι,
550 2716 560 2742 l
584 2722 660 2750 seqq.
701 2715 722 2731 ³³
746 2715 860 2766 [lehnq

319 2751 377 2766 Ιιιιι..
413 2760 419 2766 .
448 2752 462 2766 π
526 2750 548 2766 ιι
571 2749 633 2766 Ῐηη..
663 2760 677 2766 ι.
705 2752 738 2766 ’ΧΩ
788 2751 809 2766 ³9
826 2750 847 2766 19

271 2750 292 2766 ³⁷
307 2751 387 2779 Ilehr.
412 2760 433 2783 I,
447 2752 473 2778 5.
526 2750 548 2766 ³⁸
567 2749 649 2777 Ιοθιιξ
663 2760 689 2782 ν,
705 2752 748 2778 58.

270 2785 296 2812 9.
353 2786 375 2802 ⁸³
390 2785 398 2812 I
411 2787 473 2814 Cor.
493 2794 537 2817 xv,
556 2785 583 2812 5.

306 2853 344 2886 (Ι)
366 2852 412 2881 Hic
430 2854 504 2881 locus
520 2853 634 2881 habetur
649 2853 800 2887 descripta!

270 2887 367 2915 llum.

1100 281 1202 307 Dll'lllll‘
1224 284 1313 306 autem
1339 278 1421 304 etiam
1439 275 1523 302 facies
1541 272 1599 300 Dei.
1619 271 1686 298 Nam
1706 273 1745 296 est
1763 268 1851 301 tligura

1097 325 1254 353 substantiae
1278 323 1366 350 Patris
1376 322 1410 354 ⁸⁷,
1431 331 1440 347 ι
1454 325 1480 347 et
1501 313 1536 346 ita
1558 325 1588 345 se
1612 315 1725 342 vocabat
1747 312 1803 346 apud
1814 310 1853 338 Ju-

1097 373 1182 404 daaos,
1196 378 1257 397 cum
1271 370 1373 396 diceret
1388 367 1421 394 de
1434 366 1487 393 Deo
1499 369 1526 391 et
1541 363 1621 390 Patre
1634 370 1640 388 :
1656 369 1666 385 ‹
1683 359 1766 404 Neque
1777 356 1854 404 facient

1098 416 1156 449 ejus
1174 400 1287 446 iiidistis,
1303 419 1329 441 et
1350 411 1460 440 verbum
1484 409 1543 443 ejus
1565 414 1617 434 non
1639 403 1740 431 habetis
1758 402 1780 429 in
1793 400 1856 428 vobis

1100 468 1224 492 manens,
1243 460 1306 494 quia
1331 465 1412 494 quem
1435 455 1509 483 tuisit
1525 454 1580 485 ille,
1600 451 1663 479 huic
1677 456 1725 476 vos
1746 455 1789 475 non
1805 453 1856 473 ere-

1100 506 1163 533 ditis
1175 504 1207 530 ".
1224 512 1233 529 ›

1137 550 1212 583 Quod
1229 556 1293 575 vero
1312 547 1383 574 Deus
1397 546 1432 572 sit
1444 551 1526 571 verus
1541 543 1623 570 homo
1637 540 1682 567 ille
1704 539 1745 573 qni
1759 535 1859 564 luctaba-

1102 582 1227 622 turrcnm
1244 593 1337 623 Jacob,
1353 597 1430 618 sacra
1454 589 1550 616 iterum
1573 587 1663 613 littera
1680 584 1756 610 faciet
1775 582 1858 612 ﬁdem;

1102 640 1169 667 dixit
1194 639 1265 666 enim
1283 646 1290 663 :
1311 647 1319 663 ι
1337 635 1425 670 lnquit
1455 634 1584 661 Dominus
1608 626 1641 658 ad
1657 629 1758 657 .Iacob:
1775 627 1860 660 Surge.

1102 685 1218 711 ascende
1234 684 1260 710 in
1284 683 1370 709 locum
1394 679 1542 711 Bethleem,
1561 677 1651 704 habita
1677 675 1724 706 ibi,
1740 678 1764 700 et
1777 672 1813 699 fac
1831 672 1862 698 ibi

1103 730 1189 757 altare
1209 729 1274 759 Deo,
1296 728 1340 761 qui
1367 725 1492 760 apparuit
1506 723 1554 750 tibi
1578 729 1639 749 cum
1655 721 1756 754 fugeres
1776 726 1789 744 a
1805 716 1865 743 facie

1104 775 1196 802 fratris
1213 774 1250 801 tui
1271 773 1342 800 Esau
1353 772 1384 798 ".
1403 780 1412 796 ι
1428 771 1577 797 Revertens
1591 767 1663 794 enim
1686 773 1718 792 ex
1733 763 1867 797 Mesopota-

1104 822 1155 848 mia
1174 821 1219 848 Dei
1232 820 1319 855 jussu,
1343 823 1369 845 et
1386 818 1484 844 timens
1501 815 1583 846 Esau,
1602 812 1708 846 trajecit
1728 810 1867 842 tacobpne-

1106 876 1149 894 ros
1162 871 1189 893 et
1199 853 1289 892 omnia
1307 872 1369 891 vasa
1387 870 1434 890 sua
1449 871 1456 889 :
1475 870 1484 886 ε
1502 857 1692 895 Subrcmansit
1703 859 1783 882 autem
1793 853 1870 884 solus,

1070 905 1089 932 Β
1104 918 1130 939 ct
1145 912 1295 939 luctabatur
1310 910 1389 936 homo
1401 914 1461 935 cum
1477 914 1520 932 eo.
1537 914 1546 930 ›

1394 964 1470 992 CAP.
1490 961 1598 990 XXXII.

1451 1019 1541 1046 Aliud.

1140 1081 1237 1108 Beatus
1263 1078 1354 1106 Daniel
1381 1076 1538 1104 horribilem
1558 1075 1687 1101 visionem
1714 1071 1787 1098 nobis
1805 1077 1882 1104 expo-

1106 1134 1172 1154 nens
1186 1136 1193 1153 :
1210 1135 1219 1151 ‹
1236 1125 1376 1156 Videbam,
1390 1123 1488 1157 inquit,
1505 1122 1531 1147 in
1545 1120 1650 1147 visione
1663 1117 1760 1148 noctis,
1774 1121 1799 1143 et
1809 1122 1881 1147 ecce,

1106 1180 1166 1199 cum
1188 1171 1302 1198 nubibns
1320 1169 1380 1196 rmli
1402 1168 1478 1203 quasi
1492 1166 1578 1194 Filius
1591 1164 1710 1193 hominis
1726 1162 1842 1192 veniens,
1859 1164 1884 1187 et

1107 1225 1193 1251 usque
1212 1217 1244 1243 ad
1261 1215 1401 1242 Vetustum
1417 1215 1521 1240 dierum
1539 1211 1672 1246 pervenit,
1692 1213 1720 1236 et
1735 1209 1760 1235 in
1777 1214 1885 1240 conspev

1106 1268 1179 1290 ctum
1193 1262 1250 1295 eius
1265 1262 1434 1288 adduxerunt
1449 1266 1520 1290 enin,
1539 1263 1567 1285 et
1582 1257 1632 1291 ipsi
1646 1257 1725 1284 datus
1740 1259 1780 1281 est
1793 1255 1886 1283 honor,

1107 1314 1132 1336 et
1150 1316 1259 1343 regnum
1274 1317 1282 1334 τ
1296 1312 1322 1334 et
1338 1313 1432 1333 omnes
1450 1304 1551 1340 p0puli,
1570 1304 1667 1334 tribus,
1691 1306 1718 1328 et
1732 1301 1827 1335 liugtue
1840 1299 1885 1333 ipsi

1107 1355 1227 1382 servient
1241 1363 1247 1381 :
1261 1358 1381 1388 potestas
1401 1352 1459 1385 ejus
1482 1355 1603 1384 potestas
1625 1349 1651 1375 in
1675 1352 1817 1378 attentum,
1834 1351 1888 1379 qu:e

1108 1408 1159 1428 non
1176 1399 1402 1434 transgredietur,
1420 1402 1448 1424 et
1467 1402 1579 1431 regnum
1595 1394 1654 1427 ejus
1670 1400 1722 1419 non
1736 1396 1888 1423 corrumpe-

1109 1451 1150 1473 tur
1161 1446 1194 1473 ⁸⁸,
1211 1455 1220 1471 ι
1237 1445 1320 1472 Audis
1334 1442 1559 1479 quemadmodum
1572 1447 1624 1467 non
1637 1439 1775 1467 hominem
1793 1435 1887 1470 simpli—

1109 1493 1177 1519 citer
1189 1499 1219 1519 se
1232 1491 1333 1517 vidisse
1348 1492 1554 1519 commemoret,
1578 1494 1611 1513 ne
1630 1493 1700 1512 unus
1715 1492 1746 1511 ex
1764 1484 1850 1512 nobis.
1866 1486 1890 1508 et

1108 1539 1182 1573 juxta
1201 1544 1250 1564 nos
1270 1535 1428 1563 Emmanuel
1448 1541 1508 1561 esse
1529 1532 1674 1564 credatur;
1690 1531 1743 1558 sed,
1759 1530 1835 1564 quasi
1849 1527 1890 1553 Fi-

1110 1586 1175 1613 lium
1197 1583 1323 1612 hominis.
1346 1582 1405 1618 [(1)
1424 1581 1491 1608 Cum
1507 1580 1578 1607 enim
1595 1574 1722 1605 ‘Verhum
1744 1581 1838 1603 natura
1859 1573 1890 1601 sit

1111 1632 1196 1664 Deus,
1226 1630 1271 1657 «in
1296 1628 1474 1657 similitudine
1500 1631 1590 1653 tamen
1619 1624 1758 1651 hominum
1791 1622 1887 1648 factum

1110 1678 1169 1709 fuit,
1186 1681 1215 1704 et'
1229 1677 1367 1703 inventum
1382 1679 1423 1701 est
1437 1673 1529 1700 habitu
1543 1677 1573 1699 ut
1590 1672 1671 1698 homo
1685 1669 1717 1700 “,
1731 1680 1740 1694 ι
1758 1673 1786 1694 ιιι
1802 1667 1830 1693 in
1848 1673 1890 1691 co-

1109 1724 1168 1750 dem
1195 1727 1338 1755 utrumqne
1362 1719 1538 1752 intelligatur,
1569 1717 1594 1743 id
1619 1721 1679 1748 est,
1703 1721 1788 1748 neque
1813 1712 1890 1738 homo

1109 1769 1207 1800 nudus,
1221 1775 1307 1802 neque
1321 1766 1437 1794 Verbum
1454 1766 1556 1798 absque
1568 1761 1736 1790 humanitate
1749 1763 1775 1786 et
1789 1755 1890 1790 carne.l

1110 1814 1210 1840 Tamen
1228 1813 1251 1839 ei
1264 1801 1442 1847 principatum
1458 1815 1484 1837 et
1499 1809 1641 1839 honorem,
1653 1814 1713 1841 qua:
1726 1811 1832 1838 semper
1845 1801 1890 1828 ha-

1109 1860 1182 1890 beat,
1196 1858 1257 1885 data
1274 1864 1335 1884 esse
1352 1859 1568 1884 commemorat:
1585 1854 1623 1880 ait
1636 1853 1708 1880 enim
1722 1850 1793 1885 quod
1813 1858 1822 1874 ι
1835 1854 1889 1874 om-

1110 1910 1157 1930 nes
1173 1903 1275 1937 populi,
1298 1902 1394 1934 tribus,
1412 1907 1441 1928 et
1465 1900 1562 1935 lingua:
1587 1898 1636 1932 ipsi
1654 1896 1783 1924 servient.
1800 1903 1810 1919 ι
1827 1893 1891 1920 Cum

1111 1936 1192 1982 igitur
1208 1936 1290 1975 etiam
1304 1947 1331 1974 in
1347 1946 1515 1973 humanitate
1530 1945 1645 1979 positum
1663 1941 1833 1976 unigenitum
1848 1936 1888 1963 Dei

1111 1992 1228 2020 Verbum
1253 1992 1414 2019 servientem
1443 1991 1540 2018 habeat
1557 1993 1730 2019 creaturam,
1755 1989 1786 2012 et
1808 1981 1891 2009 Patris

1110 2038 1262 2072 principatu
1268 2045 1293 2064 ιιι
1303 2041 1330 2064 et
1340 2044 1429 2068 suum,
1439 2035 1574 2070 pepererit
1583 2038 1671 2060 autem
1678 2030 1829 2058 secundum
1836 2033 1890 2054 car-

1110 2090 1170 2110 nem
1196 2083 1283 2117 ipsum
1300 2087 1391 2109 saucta
1410 2081 1505 2116 Virgo;
1520 2078 1653 2114 quomodo
1668 2084 1715 2103 non
1734 2072 1893 2106 intelligitut

1109 2129 1236 2160 Θεοτόκος
1241 2127 1253 2154 ?

1389 2180 1465 2211 CAP.
1486 2177 1601 2208 XXXIII.

1075 2241 1096 2268 ι)
1115 2242 1150 2267 De
1168 2241 1266 2267 Christi
1280 2246 1420 2273 passione,-
1436 2242 1460 2264 et
1477 2235 1545 2271 quod
1559 2233 1621 2261 utile
1634 2236 1679 2273 fit,
1701 2229 1902 2273 Traduce}:-

1148 2265 1209 2301 .Iilui
1226 2265 1299 2301 riliild
1318 2280 1341 2300 et
1356 2265 1427 2299 almil
1444 2265 1537 2298 tle'uno
1556 2274 1580 2295 et
1592 2268 1677 2301 eodem
1691 2265 1822 2294 dicitur,
1852 2267 1896 2287 nec

1145 2311 1283 2337 dividimus
1297 2311 1323 2335 in
1341 2310 1402 2335 duo.

1157 2368 1274 2394 Sanctus
1289 2364 1386 2392 Paulus
1400 2362 1543 2391 salutarem
1563 2362 1643 2394 psset:

1107 2413 1190 2448 ροιιίι.
1213 2402 1525 2448 nam

1157 2368 1274 2394 Sanctus
1289 2364 1386 2392 Paulus
1400 2362 1543 2391 salutarem
1640 2360 1724 2394 nem
1750 2354 1843 2382 nobis
1865 2355 1911 2376 ex-

1106 2465 1155 2471 -..ρ
1220 2463 1223 2465 -
1278 2449 1282 2451 Δ
1650 2442 1654 2447 ,
1683 2453 1686 2455 ’
1701 2463 1704 2468 ι
1719 2449 1733 2469 ι’
1745 2461 1748 2464 ν
1774 2458 1777 2465 λ
1799 2444 1832 2471 m
1844 2440 1912 2470 αἶα

995 2516 1055 2540 men
1671 2520 1688 2537 ἶ
1795 2516 1805 2518 τ

1020 2562 1021 2567 η
1664 2553 1758 2564 ,πλη-χι
1779 2547 1794 2560 .\

993 2516 1840 2620 ι

825 2620 830 2626 .
840 2620 931 2628 .....ν...
1452 2624 1468 2632 _.
1796 2628 1800 2630 .
1919 2625 1926 2634 .

1424 2638 1444 2644 -¹’
1801 2642 1813 2648 ,.
1822 2645 1825 2648 ,
1842 2642 1847 2646 ν
1880 2638 1889 2644 ι
1916 2636 1926 2645 ρ

822 2657 837 2680 I,
853 2650 880 2674 et
900 2654 938 2676 καί
1360 2650 1424 2676 ,_.—-"
1784 2632 1808 2674 ,le
1827 2659 1831 2662 .

1288 2676 1352 2708 __‘_._r
1388 2680 1452 2706 ILI'__-—-
1460 2676 1512 2690 —‘-|_,
1532 2688 1538 2692 _
1546 2688 1576 2706 ,IL
1716 2700 1732 2710 Γ
1759 2676 1784 2706 ἐι·
1828 2682 1847 2692 V;
1861 2683 1873 2690 ν.
1886 2672 1912 2714 ἶ,

864 2723 866 2725 ,
1256 2708 1288 2728 __.—
1384 2708 1386 2716 .
1570 2712 1576 2724 Δ
1732 2704 1748 2710 .,
1821 2705 1823 2707 ,
1845 2707 1848 2709 λ
1917 2705 1925 2713 ,

822 2732 869 2765 ’
1190 2750 1212 2768 r,
1222 2728 1256 2748 ΑΗ
1364 2752 1370 2764 Ι.
1392 2720 1410 2754 ,ἶΊ
1564 2736 1572 2760 _‘.
1734 2726 1744 2728 “
1760 2735 1772 2740 -έ
1812 2731 1845 2750 "3.
1855 2733 1878 2752 ι’.
1891 2729 1921 2753 ΙΙ.

728 2853 733 2857 _
1094 2838 1108 2852 μ’
1260 2836 1282 2852 ;·’
1518 2838 1536 2852 .·-“
1760 2832 1834 2848 --“·’¹’

728 2855 775 2887 ιρι
797 2868 800 2870 Ἴ
1050 2860 1080 2896 .·“¹Γ
1200 2872 1234 2904 τί
1244 2852 1258 2862 -Ι
1426 2888 1432 2892 Α
1442 2854 1516 2888 ,δ”-Ἀ-
1700 2884 1706 2886 .
1716 2856 1760 2884 HJ—
1887 2849 1898 2871 "
1913 2848 1919 2855 Δ

1026 2908 1044 2916 Α
1168 2920 1170 2924 Ι
1180 2912 1192 2918 λ
1400 2896 1424 2908 “‘
1644 2908 1660 2918 ,πη
1676 2892 1696 2902 “-

1010 2926 1024 2948 5
1100 2948 1104 2952 .
1124 2924 1162 2944 —~'
1354 2946 1356 2948 .
1368 2926 1380 2936 ι-
1588 2920 1600 2948 ιι
1620 2920 1635 2926 Α

1100 2956 1120 2968 ‘1'
1144 2956 1152 2972 Ἰ
1334 2948 1352 2972 ,Γ
1584 2948 1602 2967 LI

974 2978 1008 3004 rh
1036 3004 1052 3016 LI
1116 2978 1154 3016 Erl
1276 3003 1280 3012 1
1288 2974 1328 2996 1—,.
1556 2964 1583 3010 Ι’,ι-ι

1052 3016 1064 3040 ’ξ’
1074 3040 1104 3054 ·Α.
1132 3028 1142 3060 Il
1257 3032 1264 3048 ι’
1270 3014 1276 3016 -
1516 3012 1552 3052 μ’-Ιῐ

1104 3056 1132 3074 'Lr
1245 3047 1248 3079 Ι
1504 3052 1516 3064 ,-

1254 3100 1260 3116 τ
1460 3072 1508 3114 ,μί
1985 3081 1988 3108 ι
