  <div class='ocr_page' id='page_1' title='image "/cluster/home/n/w/nwhite01/storage/ocr_20150623/75/mdp.39015078384495/716.png"; bbox 0 0 4082 6258; ppageno 0'>
   <div class='ocr_carea' id='block_1_1' title="bbox 261 361 464 417">
    <p class='ocr_par' dir='ltr' id='par_1_1' title="bbox 261 361 464 417">
     <span class='ocr_line' id='line_1_1' title="bbox 261 361 464 417; baseline 0 -1"><span class='ocrx_word' id='word_1_1' title='bbox 261 387 264 392; x_wconf 94' lang='grc'>·</span> <span class='ocrx_word' id='word_1_2' title='bbox 327 361 464 417; x_wconf 65' lang='grc'><strong>1605</strong></span> 
     </span>
    </p>
   </div>
   <div class='ocr_carea' id='block_1_2' title="bbox 1241 357 2597 433">
    <p class='ocr_par' dir='ltr' id='par_1_2' title="bbox 1241 357 2597 433">
     <span class='ocr_line' id='line_1_2' title="bbox 1241 357 2597 433; baseline 0.006 -10"><span class='ocrx_word' id='word_1_3' title='bbox 1241 357 1527 425; x_wconf 66' lang='lat' dir='ltr'><strong>scaou’a</strong></span> <span class='ocrx_word' id='word_1_4' title='bbox 1571 373 1654 425; x_wconf 74' lang='lat' dir='ltr'><strong>os</strong></span> <span class='ocrx_word' id='word_1_5' title='bbox 1689 373 2195 432; x_wconf 73' lang='lat' dir='ltr'><strong>lNCABNA&#39;I&#39;lONE</strong></span> <span class='ocrx_word' id='word_1_6' title='bbox 2231 375 2597 433; x_wconf 79' lang='lat' dir='ltr'><strong>UNIGENITI.</strong></span> 
     </span>
    </p>
   </div>
   <div class='ocr_carea' id='block_1_3' title="bbox 3433 377 3566 432">
    <p class='ocr_par' dir='ltr' id='par_1_3' title="bbox 3433 377 3566 432">
     <span class='ocr_line' id='line_1_3' title="bbox 3433 377 3566 432; baseline 0.008 -1"><span class='ocrx_word' id='word_1_7' title='bbox 3433 377 3566 432; x_wconf 67' lang='grc'><strong>1406</strong></span> 
     </span>
    </p>
   </div>
   <div class='ocr_carea' id='block_1_4' title="bbox 331 479 3564 564">
    <p class='ocr_par' dir='ltr' id='par_1_4' title="bbox 331 479 3564 564">
     <span class='ocr_line' id='line_1_4' title="bbox 331 479 3564 564; baseline 0.005 -34"><span class='ocrx_word' id='word_1_8' title='bbox 331 499 350 530; x_wconf 74' lang='grc' dir='ltr'><strong>ι</strong></span> <span class='ocrx_word' id='word_1_9' title='bbox 391 479 628 544; x_wconf 77' lang='lat' dir='ltr'><strong>Christo,</strong></span> <span class='ocrx_word' id='word_1_10' title='bbox 660 479 852 548; x_wconf 89' lang='lat' dir='ltr'><strong>inquit,</strong></span> <span class='ocrx_word' id='word_1_11' title='bbox 907 497 1066 550; x_wconf 86' lang='lat' dir='ltr'><strong>passo</strong></span> <span class='ocrx_word' id='word_1_12' title='bbox 1098 499 1194 548; x_wconf 91' lang='lat' dir='ltr'><strong>pro</strong></span> <span class='ocrx_word' id='word_1_13' title='bbox 1219 487 1373 541; x_wconf 85' lang='lat' dir='ltr'><strong>nobis</strong></span> <span class='ocrx_word' id='word_1_14' title='bbox 1405 503 1572 543; x_wconf 88' lang='lat' dir='ltr'><strong>carne</strong></span> <span class='ocrx_word' id='word_1_15' title='bbox 1595 489 1656 541; x_wconf 72' lang='lat'><strong>“.</strong></span> <span class='ocrx_word' id='word_1_16' title='bbox 1704 509 1720 540; x_wconf 84' lang='grc' dir='ltr'><strong>ι</strong></span> <span class='ocrx_word' id='word_1_17' title='bbox 1753 490 1886 543; x_wconf 86' lang='lat' dir='ltr'><strong>Cum</strong></span> <span class='ocrx_word' id='word_1_18' title='bbox 1919 495 1966 550; x_wconf 76' lang='grc' dir='ltr'><strong>Α</strong></span> <span class='ocrx_word' id='word_1_19' title='bbox 1995 492 2156 546; x_wconf 86' lang='lat' dir='ltr'><strong>Pullis</strong></span> <span class='ocrx_word' id='word_1_20' title='bbox 2185 495 2390 549; x_wconf 86' lang='lat' dir='ltr'><strong>duobus</strong></span> <span class='ocrx_word' id='word_1_21' title='bbox 2423 505 2768 564; x_wconf 72' lang='lat' dir='ltr'><strong>comparatur</strong></span> <span class='ocrx_word' id='word_1_22' title='bbox 2806 495 3074 558; x_wconf 73' lang='lat' dir='ltr'><strong>Christus,</strong></span> <span class='ocrx_word' id='word_1_23' title='bbox 3127 509 3235 547; x_wconf 90' lang='lat' dir='ltr'><strong>non</strong></span> <span class='ocrx_word' id='word_1_24' title='bbox 3263 495 3405 562; x_wconf 88' lang='lat' dir='ltr'><strong>quod</strong></span> <span class='ocrx_word' id='word_1_25' title='bbox 3457 497 3564 548; x_wconf 89' lang='lat' dir='ltr'><strong>duo</strong></span> 
     </span>
    </p>
   </div>
   <div class='ocr_carea' id='block_1_5' title="bbox 327 569 1888 638">
    <p class='ocr_par' dir='ltr' id='par_1_5' title="bbox 327 569 1888 638">
     <span class='ocr_line' id='line_1_5' title="bbox 327 569 1888 638; baseline 0.005 -14"><span class='ocrx_word' id='word_1_26' title='bbox 327 587 490 624; x_wconf 90' lang='lat' dir='ltr'><strong>unum</strong></span> <span class='ocrx_word' id='word_1_27' title='bbox 543 569 704 638; x_wconf 79' lang='lat' dir='ltr'><strong>igitur</strong></span> <span class='ocrx_word' id='word_1_28' title='bbox 761 572 1032 627; x_wconf 84' lang='lat' dir='ltr'><strong>credimus</strong></span> <span class='ocrx_word' id='word_1_29' title='bbox 1083 573 1364 630; x_wconf 82' lang='lat' dir='ltr'><strong>Dominum</strong></span> <span class='ocrx_word' id='word_1_30' title='bbox 1414 589 1655 633; x_wconf 88' lang='lat' dir='ltr'><strong>nostrum</strong></span> <span class='ocrx_word' id='word_1_31' title='bbox 1707 580 1888 634; x_wconf 82' lang='lat' dir='ltr'><strong>Jesutn</strong></span> 
     </span>
    </p>
   </div>
   <div class='ocr_carea' id='block_1_6' title="bbox 325 659 1889 736">
    <p class='ocr_par' dir='ltr' id='par_1_6' title="bbox 325 659 1889 736">
     <span class='ocr_line' id='line_1_6' title="bbox 325 659 1889 736; baseline 0.004 -22"><span class='ocrx_word' id='word_1_32' title='bbox 325 659 618 724; x_wconf 84' lang='lat' dir='ltr'><strong>Christum,</strong></span> <span class='ocrx_word' id='word_1_33' title='bbox 653 660 704 713; x_wconf 93' lang='lat' dir='ltr'><strong>id</strong></span> <span class='ocrx_word' id='word_1_34' title='bbox 729 671 836 736; x_wconf 83' lang='lat' dir='ltr'><strong>est,</strong></span> <span class='ocrx_word' id='word_1_35' title='bbox 895 663 946 716; x_wconf 91' lang='lat' dir='ltr'><strong>in</strong></span> <span class='ocrx_word' id='word_1_36' title='bbox 983 662 1216 718; x_wconf 83' lang='lat' dir='ltr'><strong>humana</strong></span> <span class='ocrx_word' id='word_1_37' title='bbox 1266 665 1441 720; x_wconf 82' lang='lat' dir='ltr'><strong>forma</strong></span> <span class='ocrx_word' id='word_1_38' title='bbox 1493 679 1838 736; x_wconf 73' lang='lat' dir='ltr'><strong>conspectum</strong></span> <span class='ocrx_word' id='word_1_39' title='bbox 1873 711 1889 736; x_wconf 88' lang='lat'><strong>,</strong></span> 
     </span>
    </p>
   </div>
   <div class='ocr_carea' id='block_1_7' title="bbox 324 751 1888 824">
    <p class='ocr_par' dir='ltr' id='par_1_7' title="bbox 324 751 1888 824">
     <span class='ocr_line' id='line_1_7' title="bbox 324 751 1888 824; baseline 0.007 -23"><span class='ocrx_word' id='word_1_40' title='bbox 324 751 438 804; x_wconf 85' lang='lat' dir='ltr'><strong>sive</strong></span> <span class='ocrx_word' id='word_1_41' title='bbox 469 751 740 804; x_wconf 86' lang='lat' dir='ltr'><strong>hominem</strong></span> <span class='ocrx_word' id='word_1_42' title='bbox 788 751 988 806; x_wconf 82' lang='lat' dir='ltr'><strong>factum</strong></span> <span class='ocrx_word' id='word_1_43' title='bbox 1039 754 1195 824; x_wconf 81' lang='lat' dir='ltr'><strong>juxta</strong></span> <span class='ocrx_word' id='word_1_44' title='bbox 1247 770 1364 818; x_wconf 91' lang='lat' dir='ltr'><strong>nos,</strong></span> <span class='ocrx_word' id='word_1_45' title='bbox 1401 758 1567 812; x_wconf 86' lang='lat' dir='ltr'><strong>Deum</strong></span> <span class='ocrx_word' id='word_1_46' title='bbox 1605 759 1836 814; x_wconf 78' lang='lat' dir='ltr'><strong>Verbum</strong></span> <span class='ocrx_word' id='word_1_47' title='bbox 1872 799 1888 824; x_wconf 91' lang='lat'><strong>,</strong></span> 
     </span>
    </p>
   </div>
   <div class='ocr_carea' id='block_1_8' title="bbox 324 839 1888 920">
    <p class='ocr_par' dir='ltr' id='par_1_8' title="bbox 324 839 1888 920">
     <span class='ocr_line' id='line_1_8' title="bbox 324 839 1888 920; baseline 0.01 -29"><span class='ocrx_word' id='word_1_48' title='bbox 324 843 593 909; x_wconf 85' lang='lat' dir='ltr'><strong>quomodo</strong></span> <span class='ocrx_word' id='word_1_49' title='bbox 628 853 682 897; x_wconf 89' lang='lat' dir='ltr'><strong>et</strong></span> <span class='ocrx_word' id='word_1_50' title='bbox 720 843 1022 912; x_wconf 86' lang='lat' dir='ltr'><strong>passionem</strong></span> <span class='ocrx_word' id='word_1_51' title='bbox 1059 846 1157 914; x_wconf 88' lang='lat' dir='ltr'><strong>ipsi</strong></span> <span class='ocrx_word' id='word_1_52' title='bbox 1198 839 1546 915; x_wconf 70' lang='lat' dir='ltr'><strong>deputemus,</strong></span> <span class='ocrx_word' id='word_1_53' title='bbox 1581 859 1638 904; x_wconf 87' lang='lat' dir='ltr'><strong>et</strong></span> <span class='ocrx_word' id='word_1_54' title='bbox 1686 851 1888 920; x_wconf 85' lang='lat' dir='ltr'><strong>impas-</strong></span> 
     </span>
    </p>
   </div>
   <div class='ocr_carea' id='block_1_9' title="bbox 323 933 1352 1000">
    <p class='ocr_par' dir='ltr' id='par_1_9' title="bbox 323 933 1352 1000">
     <span class='ocr_line' id='line_1_9' title="bbox 323 933 1352 1000; baseline 0.008 -17"><span class='ocrx_word' id='word_1_55' title='bbox 323 933 478 986; x_wconf 84' lang='lat' dir='ltr'><strong>sibile</strong></span> <span class='ocrx_word' id='word_1_56' title='bbox 518 941 691 986; x_wconf 87' lang='lat' dir='ltr'><strong>tamen</strong></span> <span class='ocrx_word' id='word_1_57' title='bbox 711 949 1009 1000; x_wconf 80' lang='lat' dir='ltr'><strong>servemus,</strong></span> <span class='ocrx_word' id='word_1_58' title='bbox 1047 944 1106 990; x_wconf 90' lang='lat' dir='ltr'><strong>ut</strong></span> <span class='ocrx_word' id='word_1_59' title='bbox 1139 935 1352 991; x_wconf 77' lang='lat' dir='ltr'><strong>Deum?</strong></span> 
     </span>
    </p>
   </div>
   <div class='ocr_carea' id='block_1_10' title="bbox 387 1023 1884 1099">
    <p class='ocr_par' dir='ltr' id='par_1_10' title="bbox 387 1023 1884 1099">
     <span class='ocr_line' id='line_1_10' title="bbox 387 1023 1884 1099; baseline 0.007 -23"><span class='ocrx_word' id='word_1_60' title='bbox 387 1023 526 1093; x_wconf 83' lang='lat' dir='ltr'><strong>Ergo</strong></span> <span class='ocrx_word' id='word_1_61' title='bbox 560 1025 738 1091; x_wconf 87' lang='lat' dir='ltr'><strong>passio</strong></span> <span class='ocrx_word' id='word_1_62' title='bbox 766 1024 1185 1094; x_wconf 89' lang='lat' dir='ltr'><strong>dispensationis</strong></span> <span class='ocrx_word' id='word_1_63' title='bbox 1209 1039 1350 1094; x_wconf 90' lang='lat' dir='ltr'><strong>erat,</strong></span> <span class='ocrx_word' id='word_1_64' title='bbox 1383 1045 1478 1084; x_wconf 87' lang='lat' dir='ltr'><strong>sua</strong></span> <span class='ocrx_word' id='word_1_65' title='bbox 1512 1031 1730 1099; x_wconf 81' lang='lat' dir='ltr'><strong>quidem</strong></span> <span class='ocrx_word' id='word_1_66' title='bbox 1781 1033 1884 1086; x_wconf 87' lang='lat' dir='ltr'><strong>du-</strong></span> 
     </span>
    </p>
   </div>
   <div class='ocr_carea' id='block_1_11' title="bbox 323 1113 1883 1187">
    <p class='ocr_par' dir='ltr' id='par_1_11' title="bbox 323 1113 1883 1187">
     <span class='ocr_line' id='line_1_11' title="bbox 323 1113 1883 1187; baseline 0.004 -20"><span class='ocrx_word' id='word_1_67' title='bbox 323 1124 477 1167; x_wconf 89' lang='lat' dir='ltr'><strong>cente</strong></span> <span class='ocrx_word' id='word_1_68' title='bbox 519 1115 626 1168; x_wconf 90' lang='lat' dir='ltr'><strong>Deo</strong></span> <span class='ocrx_word' id='word_1_69' title='bbox 666 1113 845 1168; x_wconf 88' lang='lat' dir='ltr'><strong>Verbo</strong></span> <span class='ocrx_word' id='word_1_70' title='bbox 886 1129 973 1178; x_wconf 91' lang='lat' dir='ltr'><strong>ea,</strong></span> <span class='ocrx_word' id='word_1_71' title='bbox 1031 1131 1150 1184; x_wconf 87' lang='lat' dir='ltr'><strong>quae</strong></span> <span class='ocrx_word' id='word_1_72' title='bbox 1205 1127 1332 1172; x_wconf 89' lang='lat' dir='ltr'><strong>sunt</strong></span> <span class='ocrx_word' id='word_1_73' title='bbox 1388 1121 1602 1187; x_wconf 85' lang='lat' dir='ltr'><strong>propria</strong></span> <span class='ocrx_word' id='word_1_74' title='bbox 1655 1123 1838 1174; x_wconf 88' lang='lat' dir='ltr'><strong>carnis</strong></span> <span class='ocrx_word' id='word_1_75' title='bbox 1868 1159 1883 1186; x_wconf 93' lang='lat'><strong>,</strong></span> 
     </span>
    </p>
   </div>
   <div class='ocr_carea' id='block_1_12' title="bbox 323 1206 1886 1275">
    <p class='ocr_par' dir='ltr' id='par_1_12' title="bbox 323 1206 1886 1275">
     <span class='ocr_line' id='line_1_12' title="bbox 323 1206 1886 1275; baseline 0.006 -18"><span class='ocrx_word' id='word_1_76' title='bbox 323 1215 540 1274; x_wconf 80' lang='lat' dir='ltr'><strong>propter</strong></span> <span class='ocrx_word' id='word_1_77' title='bbox 595 1206 1013 1261; x_wconf 85' lang='lat' dir='ltr'><strong>inenarrabilem</strong></span> <span class='ocrx_word' id='word_1_78' title='bbox 1063 1207 1379 1275; x_wconf 86' lang='lat' dir='ltr'><strong>unitatem;</strong></span> <span class='ocrx_word' id='word_1_79' title='bbox 1438 1220 1691 1263; x_wconf 87' lang='lat' dir='ltr'><strong>manente</strong></span> <span class='ocrx_word' id='word_1_80' title='bbox 1757 1227 1886 1266; x_wconf 88' lang='lat' dir='ltr'><strong>vero</strong></span> 
     </span>
    </p>
   </div>
   <div class='ocr_carea' id='block_1_13' title="bbox 320 1299 1885 1371">
    <p class='ocr_par' dir='ltr' id='par_1_13' title="bbox 320 1299 1885 1371">
     <span class='ocr_line' id='line_1_13' title="bbox 320 1299 1885 1371; baseline 0.008 -25"><span class='ocrx_word' id='word_1_81' title='bbox 320 1308 474 1349; x_wconf 80' lang='lat' dir='ltr'><strong>extra</strong></span> <span class='ocrx_word' id='word_1_82' title='bbox 505 1299 833 1365; x_wconf 82' lang='lat' dir='ltr'><strong>passionem,</strong></span> <span class='ocrx_word' id='word_1_83' title='bbox 857 1307 1117 1367; x_wconf 87' lang='lat' dir='ltr'><strong>quantum</strong></span> <span class='ocrx_word' id='word_1_84' title='bbox 1150 1299 1216 1353; x_wconf 91' lang='lat' dir='ltr'><strong>ad</strong></span> <span class='ocrx_word' id='word_1_85' title='bbox 1263 1300 1434 1368; x_wconf 90' lang='lat' dir='ltr'><strong>ipsius</strong></span> <span class='ocrx_word' id='word_1_86' title='bbox 1478 1311 1723 1356; x_wconf 82' lang='lat' dir='ltr'><strong>naturam</strong></span> <span class='ocrx_word' id='word_1_87' title='bbox 1760 1321 1885 1371; x_wconf 87' lang='lat' dir='ltr'><strong>per-</strong></span> 
     </span>
    </p>
   </div>
   <div class='ocr_carea' id='block_1_14' title="bbox 321 1387 1881 1462">
    <p class='ocr_par' dir='ltr' id='par_1_14' title="bbox 321 1387 1881 1462">
     <span class='ocr_line' id='line_1_14' title="bbox 321 1387 1881 1462; baseline 0.005 -22"><span class='ocrx_word' id='word_1_88' title='bbox 321 1387 454 1440; x_wconf 81' lang='lat' dir='ltr'><strong>tinet</strong></span> <span class='ocrx_word' id='word_1_89' title='bbox 487 1405 500 1440; x_wconf 91' lang='lat'><strong>:</strong></span> <span class='ocrx_word' id='word_1_90' title='bbox 532 1387 873 1456; x_wconf 91' lang='lat' dir='ltr'><strong>impassibilis</strong></span> <span class='ocrx_word' id='word_1_91' title='bbox 894 1390 1036 1442; x_wconf 89' lang='lat' dir='ltr'><strong>enim</strong></span> <span class='ocrx_word' id='word_1_92' title='bbox 1069 1389 1209 1444; x_wconf 90' lang='lat' dir='ltr'><strong>Deus</strong></span> <span class='ocrx_word' id='word_1_93' title='bbox 1240 1402 1343 1446; x_wconf 87' lang='lat' dir='ltr'><strong>est.</strong></span> <span class='ocrx_word' id='word_1_94' title='bbox 1367 1391 1622 1462; x_wconf 79' lang='lat' dir='ltr'><strong>Nequeid</strong></span> <span class='ocrx_word' id='word_1_95' title='bbox 1652 1395 1844 1448; x_wconf 90' lang='lat' dir='ltr'><strong>mirmu</strong></span> <span class='ocrx_word' id='word_1_96' title='bbox 1866 1437 1881 1460; x_wconf 96' lang='lat'><strong>,</strong></span> 
     </span>
    </p>
   </div>
   <div class='ocr_carea' id='block_1_15' title="bbox 320 1479 1882 1554">
    <p class='ocr_par' dir='ltr' id='par_1_15' title="bbox 320 1479 1882 1554">
     <span class='ocr_line' id='line_1_15' title="bbox 320 1479 1882 1554; baseline 0.006 -24"><span class='ocrx_word' id='word_1_97' title='bbox 320 1493 438 1530; x_wconf 89' lang='lat' dir='ltr'><strong>cum</strong></span> <span class='ocrx_word' id='word_1_98' title='bbox 471 1489 523 1531; x_wconf 90' lang='lat' dir='ltr'><strong>et</strong></span> <span class='ocrx_word' id='word_1_99' title='bbox 551 1479 717 1546; x_wconf 90' lang='lat' dir='ltr'><strong>ipsam</strong></span> <span class='ocrx_word' id='word_1_100' title='bbox 754 1479 986 1533; x_wconf 87' lang='lat' dir='ltr'><strong>hominis</strong></span> <span class='ocrx_word' id='word_1_101' title='bbox 1015 1479 1249 1534; x_wconf 86' lang='lat' dir='ltr'><strong>animam</strong></span> <span class='ocrx_word' id='word_1_102' title='bbox 1280 1483 1560 1538; x_wconf 79' lang='lat' dir='ltr'><strong>videamus</strong></span> <span class='ocrx_word' id='word_1_103' title='bbox 1590 1525 1604 1549; x_wconf 92' lang='lat'><strong>,</strong></span> <span class='ocrx_word' id='word_1_104' title='bbox 1661 1487 1704 1540; x_wconf 88' lang='lat' dir='ltr'><strong>si</strong></span> <span class='ocrx_word' id='word_1_105' title='bbox 1757 1488 1882 1554; x_wconf 89' lang='lat' dir='ltr'><strong>quid</strong></span> 
     </span>
    </p>
   </div>
   <div class='ocr_carea' id='block_1_16' title="bbox 317 1567 1882 1641">
    <p class='ocr_par' dir='ltr' id='par_1_16' title="bbox 317 1567 1882 1641">
     <span class='ocr_line' id='line_1_16' title="bbox 317 1567 1882 1641; baseline 0.004 -20"><span class='ocrx_word' id='word_1_106' title='bbox 317 1583 514 1632; x_wconf 85' lang='lat' dir='ltr'><strong>corpus</strong></span> <span class='ocrx_word' id='word_1_107' title='bbox 535 1583 746 1636; x_wconf 84' lang='lat' dir='ltr'><strong>passum</strong></span> <span class='ocrx_word' id='word_1_108' title='bbox 776 1567 957 1632; x_wconf 79' lang='lat' dir='ltr'><strong>fuerit,</strong></span> <span class='ocrx_word' id='word_1_109' title='bbox 983 1578 1134 1622; x_wconf 85' lang='lat' dir='ltr'><strong>extra</strong></span> <span class='ocrx_word' id='word_1_110' title='bbox 1169 1571 1474 1637; x_wconf 84' lang='lat' dir='ltr'><strong>passionem</strong></span> <span class='ocrx_word' id='word_1_111' title='bbox 1504 1573 1717 1641; x_wconf 82' lang='lat' dir='ltr'><strong>quidem</strong></span> <span class='ocrx_word' id='word_1_112' title='bbox 1770 1591 1882 1628; x_wconf 85' lang='lat' dir='ltr'><strong>ma-</strong></span> 
     </span>
    </p>
   </div>
   <div class='ocr_carea' id='block_1_17' title="bbox 320 1661 1879 1730">
    <p class='ocr_par' dir='ltr' id='par_1_17' title="bbox 320 1661 1879 1730">
     <span class='ocr_line' id='line_1_17' title="bbox 320 1661 1879 1730; baseline 0.006 -20"><span class='ocrx_word' id='word_1_113' title='bbox 320 1669 558 1723; x_wconf 88' lang='lat' dir='ltr'><strong>nentem,</strong></span> <span class='ocrx_word' id='word_1_114' title='bbox 610 1669 868 1730; x_wconf 85' lang='lat' dir='ltr'><strong>quantum</strong></span> <span class='ocrx_word' id='word_1_115' title='bbox 907 1661 1144 1728; x_wconf 71' lang='lat' dir='ltr'><strong>pertinet</strong></span> <span class='ocrx_word' id='word_1_116' title='bbox 1195 1662 1260 1715; x_wconf 89' lang='lat' dir='ltr'><strong>ad</strong></span> <span class='ocrx_word' id='word_1_117' title='bbox 1311 1673 1594 1730; x_wconf 89' lang='lat' dir='ltr'><strong>naturam;</strong></span> <span class='ocrx_word' id='word_1_118' title='bbox 1644 1675 1879 1720; x_wconf 88' lang='lat' dir='ltr'><strong>attamen</strong></span> 
     </span>
    </p>
   </div>
   <div class='ocr_carea' id='block_1_18' title="bbox 319 1751 1879 1823">
    <p class='ocr_par' dir='ltr' id='par_1_18' title="bbox 319 1751 1879 1823">
     <span class='ocr_line' id='line_1_18' title="bbox 319 1751 1879 1823; baseline 0.006 -24"><span class='ocrx_word' id='word_1_119' title='bbox 319 1765 424 1801; x_wconf 90' lang='lat' dir='ltr'><strong>non</strong></span> <span class='ocrx_word' id='word_1_120' title='bbox 457 1759 610 1802; x_wconf 80' lang='lat' dir='ltr'><strong>extra</strong></span> <span class='ocrx_word' id='word_1_121' title='bbox 636 1751 938 1817; x_wconf 82' lang='lat' dir='ltr'><strong>passionem</strong></span> <span class='ocrx_word' id='word_1_122' title='bbox 967 1765 1086 1805; x_wconf 88' lang='lat' dir='ltr'><strong>esse</strong></span> <span class='ocrx_word' id='word_1_123' title='bbox 1138 1751 1365 1821; x_wconf 89' lang='lat' dir='ltr'><strong>intelligi</strong></span> <span class='ocrx_word' id='word_1_124' title='bbox 1399 1795 1414 1820; x_wconf 91' lang='lat'><strong>,</strong></span> <span class='ocrx_word' id='word_1_125' title='bbox 1452 1769 1518 1807; x_wconf 90' lang='lat' dir='ltr'><strong>eo</strong></span> <span class='ocrx_word' id='word_1_126' title='bbox 1564 1757 1704 1822; x_wconf 86' lang='lat' dir='ltr'><strong>quod</strong></span> <span class='ocrx_word' id='word_1_127' title='bbox 1749 1773 1879 1823; x_wconf 89' lang='lat' dir='ltr'><strong>pro-</strong></span> 
     </span>
    </p>
   </div>
   <div class='ocr_carea' id='block_1_19' title="bbox 316 1818 1955 1916">
    <p class='ocr_par' dir='ltr' id='par_1_19' title="bbox 316 1818 1955 1916">
     <span class='ocr_line' id='line_1_19' title="bbox 316 1818 1955 1916; baseline 0.007 -26"><span class='ocrx_word' id='word_1_128' title='bbox 316 1841 490 1907; x_wconf 91' lang='lat' dir='ltr'><strong>prium</strong></span> <span class='ocrx_word' id='word_1_129' title='bbox 523 1842 593 1893; x_wconf 88' lang='lat' dir='ltr'><strong>sit</strong></span> <span class='ocrx_word' id='word_1_130' title='bbox 627 1855 820 1910; x_wconf 90' lang='lat' dir='ltr'><strong>corpus</strong></span> <span class='ocrx_word' id='word_1_131' title='bbox 851 1841 1018 1910; x_wconf 89' lang='lat' dir='ltr'><strong>ipsius</strong></span> <span class='ocrx_word' id='word_1_132' title='bbox 1047 1844 1188 1910; x_wconf 91' lang='lat' dir='ltr'><strong>quod</strong></span> <span class='ocrx_word' id='word_1_133' title='bbox 1223 1818 1440 1912; x_wconf 77' lang='lat' dir='ltr'><strong>patitur.</strong></span> <span class='ocrx_word' id='word_1_134' title='bbox 1473 1818 1636 1916; x_wconf 58' lang='lat'><strong>796</strong></span> <span class='ocrx_word' id='word_1_135' title='bbox 1667 1847 1731 1900; x_wconf 84' lang='lat' dir='ltr'><strong>Et</strong></span> <span class='ocrx_word' id='word_1_136' title='bbox 1753 1818 1879 1901; x_wconf 83' lang='lat' dir='ltr'><strong>licet</strong></span> <span class='ocrx_word' id='word_1_137' title='bbox 1915 1818 1955 1874; x_wconf 69' lang='grc' dir='ltr'><strong>Β</strong></span> 
     </span>
    </p>
   </div>
   <div class='ocr_carea' id='block_1_20' title="bbox 317 1927 1882 2004">
    <p class='ocr_par' dir='ltr' id='par_1_20' title="bbox 317 1927 1882 2004">
     <span class='ocr_line' id='line_1_20' title="bbox 317 1927 1882 2004; baseline 0.007 -24"><span class='ocrx_word' id='word_1_138' title='bbox 317 1927 623 1998; x_wconf 81' lang='lat' dir='ltr'><strong>incohtigua</strong></span> <span class='ocrx_word' id='word_1_139' title='bbox 655 1930 746 1994; x_wconf 90' lang='lat' dir='ltr'><strong>sit,</strong></span> <span class='ocrx_word' id='word_1_140' title='bbox 800 1941 851 1984; x_wconf 87' lang='lat' dir='ltr'><strong>et</strong></span> <span class='ocrx_word' id='word_1_141' title='bbox 889 1931 1118 2000; x_wconf 76' lang='lat' dir='ltr'><strong>simplex</strong></span> <span class='ocrx_word' id='word_1_142' title='bbox 1153 1951 1168 1999; x_wconf 90' lang='lat'><strong>;</strong></span> <span class='ocrx_word' id='word_1_143' title='bbox 1217 1944 1394 1990; x_wconf 87' lang='lat' dir='ltr'><strong>tamen</strong></span> <span class='ocrx_word' id='word_1_144' title='bbox 1428 1936 1478 1989; x_wconf 92' lang='lat' dir='ltr'><strong>id</strong></span> <span class='ocrx_word' id='word_1_145' title='bbox 1509 1941 1649 2004; x_wconf 88' lang='lat' dir='ltr'><strong>quod</strong></span> <span class='ocrx_word' id='word_1_146' title='bbox 1678 1938 1882 2004; x_wconf 88' lang='lat' dir='ltr'><strong>patitur</strong></span> 
     </span>
    </p>
   </div>
   <div class='ocr_carea' id='block_1_21' title="bbox 316 2020 1881 2093">
    <p class='ocr_par' dir='ltr' id='par_1_21' title="bbox 316 2020 1881 2093">
     <span class='ocr_line' id='line_1_21' title="bbox 316 2020 1881 2093; baseline 0.007 -23"><span class='ocrx_word' id='word_1_147' title='bbox 316 2029 532 2072; x_wconf 82' lang='lat' dir='ltr'><strong>nonest</strong></span> <span class='ocrx_word' id='word_1_148' title='bbox 570 2020 824 2075; x_wconf 87' lang='lat' dir='ltr'><strong>alienum.</strong></span> <span class='ocrx_word' id='word_1_149' title='bbox 872 2022 962 2076; x_wconf 80' lang='lat' dir='ltr'><strong>Sic</strong></span> <span class='ocrx_word' id='word_1_150' title='bbox 1007 2023 1276 2093; x_wconf 83' lang='lat' dir='ltr'><strong>intelliges</strong></span> <span class='ocrx_word' id='word_1_151' title='bbox 1327 2027 1489 2080; x_wconf 88' lang='lat' dir='ltr'><strong>etiam</strong></span> <span class='ocrx_word' id='word_1_152' title='bbox 1543 2027 1609 2080; x_wconf 90' lang='lat' dir='ltr'><strong>de</strong></span> <span class='ocrx_word' id='word_1_153' title='bbox 1663 2029 1881 2082; x_wconf 76' lang='lat' dir='ltr'><strong>Christo</strong></span> 
     </span>
    </p>
   </div>
   <div class='ocr_carea' id='block_1_22' title="bbox 314 2111 1876 2192">
    <p class='ocr_par' dir='ltr' id='par_1_22' title="bbox 314 2111 1876 2192">
     <span class='ocr_line' id='line_1_22' title="bbox 314 2111 1876 2192; baseline 0.009 -29"><span class='ocrx_word' id='word_1_154' title='bbox 314 2112 550 2164; x_wconf 77' lang='lat' dir='ltr'><strong>ontnium</strong></span> <span class='ocrx_word' id='word_1_155' title='bbox 575 2111 872 2166; x_wconf 87' lang='lat' dir='ltr'><strong>Salvatore.</strong></span> <span class='ocrx_word' id='word_1_156' title='bbox 902 2114 1038 2170; x_wconf 90' lang='lat' dir='ltr'><strong>Utar</strong></span> <span class='ocrx_word' id='word_1_157' title='bbox 1060 2125 1235 2170; x_wconf 92' lang='lat' dir='ltr'><strong>autem</strong></span> <span class='ocrx_word' id='word_1_158' title='bbox 1264 2120 1548 2186; x_wconf 84' lang='lat' dir='ltr'><strong>exemplis,</strong></span> <span class='ocrx_word' id='word_1_159' title='bbox 1578 2137 1696 2189; x_wconf 70' lang='lat' dir='ltr'><strong>qua:</strong></span> <span class='ocrx_word' id='word_1_160' title='bbox 1723 2125 1876 2192; x_wconf 70' lang='lat' dir='ltr'><strong>quasi</strong></span> 
     </span>
    </p>
   </div>
   <div class='ocr_carea' id='block_1_23' title="bbox 313 2201 1871 2277">
    <p class='ocr_par' dir='ltr' id='par_1_23' title="bbox 313 2201 1871 2277">
     <span class='ocr_line' id='line_1_23' title="bbox 313 2201 1871 2277; baseline 0.008 -24"><span class='ocrx_word' id='word_1_161' title='bbox 313 2215 408 2267; x_wconf 87' lang='lat' dir='ltr'><strong>per</strong></span> <span class='ocrx_word' id='word_1_162' title='bbox 444 2201 672 2269; x_wconf 82' lang='lat' dir='ltr'><strong>amigma</strong></span> <span class='ocrx_word' id='word_1_163' title='bbox 715 2203 869 2257; x_wconf 92' lang='lat' dir='ltr'><strong>nobis</strong></span> <span class='ocrx_word' id='word_1_164' title='bbox 918 2205 1125 2272; x_wconf 81' lang='lat' dir='ltr'><strong>possint</strong></span> <span class='ocrx_word' id='word_1_165' title='bbox 1175 2206 1492 2268; x_wconf 89' lang='lat' dir='ltr'><strong>ostendere,</strong></span> <span class='ocrx_word' id='word_1_166' title='bbox 1533 2211 1677 2277; x_wconf 88' lang='lat' dir='ltr'><strong>quod</strong></span> <span class='ocrx_word' id='word_1_167' title='bbox 1721 2229 1871 2265; x_wconf 86' lang='lat' dir='ltr'><strong>com-</strong></span> 
     </span>
    </p>
   </div>
   <div class='ocr_carea' id='block_1_24' title="bbox 313 2291 1872 2370">
    <p class='ocr_par' dir='ltr' id='par_1_24' title="bbox 313 2291 1872 2370">
     <span class='ocr_line' id='line_1_24' title="bbox 313 2291 1872 2370; baseline 0.008 -28"><span class='ocrx_word' id='word_1_168' title='bbox 313 2291 604 2344; x_wconf 87' lang='lat' dir='ltr'><strong>municarit</strong></span> <span class='ocrx_word' id='word_1_169' title='bbox 647 2293 862 2360; x_wconf 87' lang='lat' dir='ltr'><strong>quidem</strong></span> <span class='ocrx_word' id='word_1_170' title='bbox 917 2296 1154 2362; x_wconf 91' lang='lat' dir='ltr'><strong>passioni</strong></span> <span class='ocrx_word' id='word_1_171' title='bbox 1198 2295 1560 2366; x_wconf 89' lang='lat' dir='ltr'><strong>Unigenitns,</strong></span> <span class='ocrx_word' id='word_1_172' title='bbox 1613 2311 1872 2370; x_wconf 86' lang='lat' dir='ltr'><strong>quantum</strong></span> 
     </span>
    </p>
   </div>
   <div class='ocr_carea' id='block_1_25' title="bbox 317 2383 1876 2458">
    <p class='ocr_par' dir='ltr' id='par_1_25' title="bbox 317 2383 1876 2458">
     <span class='ocr_line' id='line_1_25' title="bbox 317 2383 1876 2458; baseline 0.01 -26"><span class='ocrx_word' id='word_1_173' title='bbox 317 2383 588 2450; x_wconf 77' lang='lat' dir='ltr'><strong>pertineat</strong></span> <span class='ocrx_word' id='word_1_174' title='bbox 617 2389 684 2437; x_wconf 86' lang='lat' dir='ltr'><strong>ad</strong></span> <span class='ocrx_word' id='word_1_175' title='bbox 721 2385 1144 2441; x_wconf 79' lang='lat' dir='ltr'><strong>familiaritatem</strong></span> <span class='ocrx_word' id='word_1_176' title='bbox 1200 2391 1443 2458; x_wconf 87' lang='lat' dir='ltr'><strong>corporis</strong></span> <span class='ocrx_word' id='word_1_177' title='bbox 1477 2394 1580 2455; x_wconf 85' lang='lat' dir='ltr'><strong>sui,</strong></span> <span class='ocrx_word' id='word_1_178' title='bbox 1616 2395 1876 2448; x_wconf 84' lang='lat' dir='ltr'><strong>manserit</strong></span> 
     </span>
    </p>
   </div>
   <div class='ocr_carea' id='block_1_26' title="bbox 310 2476 1308 2546">
    <p class='ocr_par' dir='ltr' id='par_1_26' title="bbox 310 2476 1308 2546">
     <span class='ocr_line' id='line_1_26' title="bbox 310 2476 1308 2546; baseline 0.009 -20"><span class='ocrx_word' id='word_1_179' title='bbox 310 2485 488 2528; x_wconf 87' lang='lat' dir='ltr'><strong>autem</strong></span> <span class='ocrx_word' id='word_1_180' title='bbox 519 2476 782 2542; x_wconf 87' lang='lat' dir='ltr'><strong>passionis</strong></span> <span class='ocrx_word' id='word_1_181' title='bbox 811 2492 1027 2546; x_wconf 83' lang='lat' dir='ltr'><strong>expers,</strong></span> <span class='ocrx_word' id='word_1_182' title='bbox 1061 2490 1118 2532; x_wconf 87' lang='grc' dir='ltr'><strong>ιιι</strong></span> <span class='ocrx_word' id='word_1_183' title='bbox 1151 2480 1308 2534; x_wconf 88' lang='lat' dir='ltr'><strong>Deus.</strong></span> 
     </span>
    </p>
   </div>
   <div class='ocr_carea' id='block_1_27' title="bbox 383 2564 1876 2642">
    <p class='ocr_par' dir='ltr' id='par_1_27' title="bbox 383 2564 1876 2642">
     <span class='ocr_line' id='line_1_27' title="bbox 383 2564 1876 2642; baseline 0.01 -26"><span class='ocrx_word' id='word_1_184' title='bbox 383 2564 561 2633; x_wconf 85' lang='lat' dir='ltr'><strong>Itaque</strong></span> <span class='ocrx_word' id='word_1_185' title='bbox 599 2569 738 2622; x_wconf 87' lang='lat' dir='ltr'><strong>Deus</strong></span> <span class='ocrx_word' id='word_1_186' title='bbox 783 2571 1130 2638; x_wconf 87' lang='lat' dir='ltr'><strong>ontnipotens</strong></span> <span class='ocrx_word' id='word_1_187' title='bbox 1177 2573 1418 2642; x_wconf 82' lang='lat' dir='ltr'><strong>prodigia</strong></span> <span class='ocrx_word' id='word_1_188' title='bbox 1464 2575 1876 2639; x_wconf 85' lang='lat' dir='ltr'><strong>sapientissimo</strong></span> 
     </span>
    </p>
   </div>
   <div class='ocr_carea' id='block_1_28' title="bbox 309 2657 1872 2736">
    <p class='ocr_par' dir='ltr' id='par_1_28' title="bbox 309 2657 1872 2736">
     <span class='ocr_line' id='line_1_28' title="bbox 309 2657 1872 2736; baseline 0.01 -28"><span class='ocrx_word' id='word_1_189' title='bbox 309 2657 478 2727; x_wconf 81' lang='lat' dir='ltr'><strong>Moysi</strong></span> <span class='ocrx_word' id='word_1_190' title='bbox 506 2657 728 2724; x_wconf 87' lang='lat' dir='ltr'><strong>jnbebat</strong></span> <span class='ocrx_word' id='word_1_191' title='bbox 762 2659 994 2724; x_wconf 72' lang='lat' dir='ltr'><strong>efﬁcere,</strong></span> <span class='ocrx_word' id='word_1_192' title='bbox 1041 2677 1098 2715; x_wconf 90' lang='lat' dir='ltr'><strong>ut</strong></span> <span class='ocrx_word' id='word_1_193' title='bbox 1120 2664 1370 2716; x_wconf 86' lang='lat' dir='ltr'><strong>crederet</strong></span> <span class='ocrx_word' id='word_1_194' title='bbox 1392 2665 1441 2718; x_wconf 91' lang='lat' dir='ltr'><strong>ei</strong></span> <span class='ocrx_word' id='word_1_195' title='bbox 1481 2663 1648 2720; x_wconf 87' lang='lat' dir='ltr'><strong>Israel</strong></span> <span class='ocrx_word' id='word_1_196' title='bbox 1679 2707 1693 2730; x_wconf 89' lang='lat'><strong>,</strong></span> <span class='ocrx_word' id='word_1_197' title='bbox 1730 2672 1872 2736; x_wconf 82' lang='lat' dir='ltr'><strong>quod</strong></span> 
     </span>
    </p>
   </div>
   <div class='ocr_carea' id='block_1_29' title="bbox 306 2751 1873 2824">
    <p class='ocr_par' dir='ltr' id='par_1_29' title="bbox 306 2751 1873 2824">
     <span class='ocr_line' id='line_1_29' title="bbox 306 2751 1873 2824; baseline 0.008 -22"><span class='ocrx_word' id='word_1_198' title='bbox 306 2759 447 2802; x_wconf 82' lang='lat' dir='ltr'><strong>esset</strong></span> <span class='ocrx_word' id='word_1_199' title='bbox 482 2753 674 2804; x_wconf 86' lang='lat' dir='ltr'><strong>missus</strong></span> <span class='ocrx_word' id='word_1_200' title='bbox 705 2769 732 2803; x_wconf 87' lang='lat' dir='ltr'><strong>a</strong></span> <span class='ocrx_word' id='word_1_201' title='bbox 767 2751 894 2814; x_wconf 86' lang='lat' dir='ltr'><strong>Deo,</strong></span> <span class='ocrx_word' id='word_1_202' title='bbox 923 2763 976 2806; x_wconf 86' lang='lat' dir='ltr'><strong>et</strong></span> <span class='ocrx_word' id='word_1_203' title='bbox 997 2764 1053 2806; x_wconf 88' lang='lat' dir='ltr'><strong>ttt</strong></span> <span class='ocrx_word' id='word_1_204' title='bbox 1079 2769 1106 2807; x_wconf 88' lang='lat' dir='ltr'><strong>a</strong></span> <span class='ocrx_word' id='word_1_205' title='bbox 1135 2754 1385 2808; x_wconf 82' lang='lat' dir='ltr'><strong>violentia</strong></span> <span class='ocrx_word' id='word_1_206' title='bbox 1407 2757 1729 2812; x_wconf 80' lang='lat' dir='ltr'><strong>liberaretur</strong></span> <span class='ocrx_word' id='word_1_207' title='bbox 1754 2776 1767 2824; x_wconf 93' lang='lat'><strong>;</strong></span> <span class='ocrx_word' id='word_1_208' title='bbox 1798 2762 1873 2814; x_wconf 85' lang='lat' dir='ltr'><strong>ait</strong></span> 
     </span>
    </p>
   </div>
   <div class='ocr_carea' id='block_1_30' title="bbox 305 2842 1872 2911">
    <p class='ocr_par' dir='ltr' id='par_1_30' title="bbox 305 2842 1872 2911">
     <span class='ocr_line' id='line_1_30' title="bbox 305 2842 1872 2911; baseline 0.007 -19"><span class='ocrx_word' id='word_1_209' title='bbox 305 2849 519 2894; x_wconf 89' lang='lat' dir='ltr'><strong>autem:</strong></span> <span class='ocrx_word' id='word_1_210' title='bbox 558 2862 576 2893; x_wconf 75' lang='grc' dir='ltr'><strong>ι</strong></span> <span class='ocrx_word' id='word_1_211' title='bbox 614 2842 676 2895; x_wconf 85' lang='grc' dir='ltr'>Ει</span> <span class='ocrx_word' id='word_1_212' title='bbox 706 2844 938 2911; x_wconf 85' lang='lat' dir='ltr'><strong>accipies</strong></span> <span class='ocrx_word' id='word_1_213' title='bbox 964 2859 1160 2911; x_wconf 88' lang='lat' dir='ltr'><strong>aquam</strong></span> <span class='ocrx_word' id='word_1_214' title='bbox 1189 2845 1255 2900; x_wconf 90' lang='lat' dir='ltr'><strong>de</strong></span> <span class='ocrx_word' id='word_1_215' title='bbox 1287 2846 1524 2911; x_wconf 84' lang='lat' dir='ltr'><strong>ﬂumine,</strong></span> <span class='ocrx_word' id='word_1_216' title='bbox 1555 2859 1608 2902; x_wconf 90' lang='lat' dir='ltr'><strong>et</strong></span> <span class='ocrx_word' id='word_1_217' title='bbox 1631 2848 1872 2903; x_wconf 78' lang='lat' dir='ltr'><strong>eli&#39;tmdes</strong></span> 
     </span>
    </p>
   </div>
   <div class='ocr_carea' id='block_1_31' title="bbox 303 2937 1866 3008">
    <p class='ocr_par' dir='ltr' id='par_1_31' title="bbox 303 2937 1866 3008">
     <span class='ocr_line' id='line_1_31' title="bbox 303 2937 1866 3008; baseline 0.006 -21"><span class='ocrx_word' id='word_1_218' title='bbox 303 2951 464 3002; x_wconf 84' lang='lat' dir='ltr'><strong>super</strong></span> <span class='ocrx_word' id='word_1_219' title='bbox 493 2943 709 2997; x_wconf 90' lang='lat' dir='ltr'><strong>terram,</strong></span> <span class='ocrx_word' id='word_1_220' title='bbox 736 2945 792 2990; x_wconf 89' lang='lat' dir='ltr'><strong>et</strong></span> <span class='ocrx_word' id='word_1_221' title='bbox 823 2937 928 2989; x_wconf 86' lang='lat' dir='ltr'><strong>erit</strong></span> <span class='ocrx_word' id='word_1_222' title='bbox 958 2952 1096 3004; x_wconf 88' lang='lat' dir='ltr'><strong>aqua</strong></span> <span class='ocrx_word' id='word_1_223' title='bbox 1122 2954 1281 3007; x_wconf 91' lang='lat' dir='ltr'><strong>quam</strong></span> <span class='ocrx_word' id='word_1_224' title='bbox 1307 2941 1544 3008; x_wconf 79' lang='lat' dir='ltr'><strong>accipies</strong></span> <span class='ocrx_word' id='word_1_225' title='bbox 1578 2941 1866 3006; x_wconf 82' lang='lat' dir='ltr'><strong>allumine,</strong></span> 
     </span>
    </p>
   </div>
   <div class='ocr_carea' id='block_1_32' title="bbox 303 3025 1868 3101">
    <p class='ocr_par' dir='ltr' id='par_1_32' title="bbox 303 3025 1868 3101">
     <span class='ocr_line' id='line_1_32' title="bbox 303 3025 1868 3101; baseline 0.006 -24"><span class='ocrx_word' id='word_1_226' title='bbox 303 3025 521 3093; x_wconf 81' lang='lat' dir='ltr'><strong>sanguis</strong></span> <span class='ocrx_word' id='word_1_227' title='bbox 561 3041 724 3093; x_wconf 86' lang='lat' dir='ltr'><strong>super</strong></span> <span class='ocrx_word' id='word_1_228' title='bbox 762 3037 961 3080; x_wconf 89' lang='lat' dir='ltr'><strong>terram</strong></span> <span class='ocrx_word' id='word_1_229' title='bbox 1013 3029 1079 3082; x_wconf 65' lang='grc'><strong>⁸⁵.</strong></span> <span class='ocrx_word' id='word_1_230' title='bbox 1119 3049 1137 3080; x_wconf 78' lang='grc' dir='ltr'><strong>ι</strong></span> <span class='ocrx_word' id='word_1_231' title='bbox 1185 3029 1496 3098; x_wconf 88' lang='lat' dir='ltr'><strong>lnquimtts,</strong></span> <span class='ocrx_word' id='word_1_232' title='bbox 1541 3034 1682 3100; x_wconf 90' lang='lat' dir='ltr'><strong>quod</strong></span> <span class='ocrx_word' id='word_1_233' title='bbox 1731 3049 1868 3101; x_wconf 90' lang='lat' dir='ltr'><strong>aqua</strong></span> 
     </span>
    </p>
   </div>
   <div class='ocr_carea' id='block_1_33' title="bbox 303 3115 1866 3189">
    <p class='ocr_par' dir='ltr' id='par_1_33' title="bbox 303 3115 1866 3189">
     <span class='ocr_line' id='line_1_33' title="bbox 303 3115 1866 3189; baseline 0.008 -25"><span class='ocrx_word' id='word_1_234' title='bbox 303 3115 518 3181; x_wconf 84' lang='lat' dir='ltr'><strong>quidem</strong></span> <span class='ocrx_word' id='word_1_235' title='bbox 551 3116 717 3184; x_wconf 80' lang='lat' dir='ltr'><strong>ﬁgura</strong></span> <span class='ocrx_word' id='word_1_236' title='bbox 751 3119 822 3172; x_wconf 86' lang='lat' dir='ltr'><strong>sit</strong></span> <span class='ocrx_word' id='word_1_237' title='bbox 856 3120 999 3181; x_wconf 75' lang='lat' dir='ltr'><strong>vitae,</strong></span> <span class='ocrx_word' id='word_1_238' title='bbox 1033 3129 1084 3174; x_wconf 90' lang='lat' dir='ltr'><strong>et</strong></span> <span class='ocrx_word' id='word_1_239' title='bbox 1115 3121 1255 3188; x_wconf 89' lang='lat' dir='ltr'><strong>quod</strong></span> <span class='ocrx_word' id='word_1_240' title='bbox 1288 3122 1356 3174; x_wconf 90' lang='lat' dir='ltr'><strong>sit</strong></span> <span class='ocrx_word' id='word_1_241' title='bbox 1383 3137 1475 3189; x_wconf 90' lang='lat' dir='ltr'><strong>per</strong></span> <span class='ocrx_word' id='word_1_242' title='bbox 1495 3134 1741 3177; x_wconf 89' lang='lat' dir='ltr'><strong>naturam</strong></span> <span class='ocrx_word' id='word_1_243' title='bbox 1763 3124 1866 3176; x_wconf 90' lang='lat' dir='ltr'><strong>vita</strong></span> 
     </span>
    </p>
   </div>
   <div class='ocr_carea' id='block_1_34' title="bbox 305 3205 1872 3292">
    <p class='ocr_par' dir='ltr' id='par_1_34' title="bbox 305 3205 1872 3292">
     <span class='ocr_line' id='line_1_34' title="bbox 305 3205 1872 3292; baseline 0.007 -34"><span class='ocrx_word' id='word_1_244' title='bbox 305 3205 471 3260; x_wconf 84' lang='lat' dir='ltr'><strong>Filius</strong></span> <span class='ocrx_word' id='word_1_245' title='bbox 494 3222 558 3261; x_wconf 80' lang='lat' dir='ltr'><strong>ex</strong></span> <span class='ocrx_word' id='word_1_246' title='bbox 593 3207 753 3262; x_wconf 83' lang='lat' dir='ltr'><strong>Patre</strong></span> <span class='ocrx_word' id='word_1_247' title='bbox 783 3219 1040 3280; x_wconf 88' lang='lat' dir='ltr'><strong>tanquam</strong></span> <span class='ocrx_word' id='word_1_248' title='bbox 1071 3229 1134 3267; x_wconf 77' lang='lat' dir='ltr'><strong>ex</strong></span> <span class='ocrx_word' id='word_1_249' title='bbox 1163 3212 1380 3267; x_wconf 85' lang='lat' dir='ltr'><strong>ﬂumine</strong></span> <span class='ocrx_word' id='word_1_250' title='bbox 1405 3217 1611 3292; x_wconf 55' lang='lat' dir='ltr'><strong>eriens,</strong></span> <span class='ocrx_word' id='word_1_251' title='bbox 1631 3217 1872 3285; x_wconf 86' lang='lat' dir='ltr'><strong>ejusdem</strong></span> 
     </span>
    </p>
   </div>
   <div class='ocr_carea' id='block_1_35' title="bbox 306 3302 1873 3372">
    <p class='ocr_par' dir='ltr' id='par_1_35' title="bbox 306 3302 1873 3372">
     <span class='ocr_line' id='line_1_35' title="bbox 306 3302 1873 3372; baseline 0.003 -17"><span class='ocrx_word' id='word_1_252' title='bbox 306 3302 614 3357; x_wconf 76' lang='lat' dir='ltr'><strong>substantia:</strong></span> <span class='ocrx_word' id='word_1_253' title='bbox 669 3305 908 3370; x_wconf 89' lang='lat' dir='ltr'><strong>ratione;</strong></span> <span class='ocrx_word' id='word_1_254' title='bbox 962 3306 1142 3372; x_wconf 82' lang='lat' dir='ltr'><strong>itaque</strong></span> <span class='ocrx_word' id='word_1_255' title='bbox 1186 3306 1364 3359; x_wconf 88' lang='lat' dir='ltr'><strong>omnia</strong></span> <span class='ocrx_word' id='word_1_256' title='bbox 1413 3307 1664 3360; x_wconf 88' lang='lat' dir='ltr'><strong>vivilicat.</strong></span> <span class='ocrx_word' id='word_1_257' title='bbox 1705 3327 1723 3359; x_wconf 79' lang='grc' dir='ltr'><strong>ι</strong></span> <span class='ocrx_word' id='word_1_258' title='bbox 1771 3309 1873 3362; x_wconf 85' lang='lat' dir='ltr'><strong>Sed</strong></span> 
     </span>
    </p>
   </div>
   <div class='ocr_carea' id='block_1_36' title="bbox 305 3397 1874 3466">
    <p class='ocr_par' dir='ltr' id='par_1_36' title="bbox 305 3397 1874 3466">
     <span class='ocr_line' id='line_1_36' title="bbox 305 3397 1874 3466; baseline 0.003 -18"><span class='ocrx_word' id='word_1_259' title='bbox 305 3410 427 3448; x_wconf 92' lang='lat' dir='ltr'><strong>cum</strong></span> <span class='ocrx_word' id='word_1_260' title='bbox 453 3411 668 3463; x_wconf 88' lang='lat' dir='ltr'><strong>aquam,</strong></span> <span class='ocrx_word' id='word_1_261' title='bbox 694 3398 888 3466; x_wconf 90' lang='lat' dir='ltr'><strong>inqttil,</strong></span> <span class='ocrx_word' id='word_1_262' title='bbox 918 3397 1170 3452; x_wconf 79' lang='lat' dir='ltr'><strong>effuderis</strong></span> <span class='ocrx_word' id='word_1_263' title='bbox 1198 3413 1357 3465; x_wconf 87' lang='lat' dir='ltr'><strong>super</strong></span> <span class='ocrx_word' id='word_1_264' title='bbox 1379 3411 1596 3463; x_wconf 86' lang='lat' dir='ltr'><strong>terram,</strong></span> <span class='ocrx_word' id='word_1_265' title='bbox 1623 3401 1725 3453; x_wconf 88' lang='lat' dir='ltr'><strong>erit</strong></span> <span class='ocrx_word' id='word_1_266' title='bbox 1751 3418 1874 3454; x_wconf 88' lang='lat' dir='ltr'><strong>san-</strong></span> 
     </span>
    </p>
   </div>
   <div class='ocr_carea' id='block_1_37' title="bbox 307 3486 1874 3558">
    <p class='ocr_par' dir='ltr' id='par_1_37' title="bbox 307 3486 1874 3558">
     <span class='ocr_line' id='line_1_37' title="bbox 307 3486 1874 3558; baseline 0.008 -24"><span class='ocrx_word' id='word_1_267' title='bbox 307 3486 444 3554; x_wconf 85' lang='lat' dir='ltr'><strong>guis.</strong></span> <span class='ocrx_word' id='word_1_268' title='bbox 483 3506 500 3539; x_wconf 81' lang='grc' dir='ltr'><strong>ι</strong></span> <span class='ocrx_word' id='word_1_269' title='bbox 535 3487 789 3553; x_wconf 84' lang='lat' dir='ltr'><strong>Verbum,</strong></span> <span class='ocrx_word' id='word_1_270' title='bbox 823 3506 942 3544; x_wconf 91' lang='lat' dir='ltr'><strong>cum</strong></span> <span class='ocrx_word' id='word_1_271' title='bbox 981 3490 1179 3544; x_wconf 85' lang='lat' dir='ltr'><strong>laetum</strong></span> <span class='ocrx_word' id='word_1_272' title='bbox 1231 3501 1312 3544; x_wconf 87' lang='lat' dir='ltr'><strong>est</strong></span> <span class='ocrx_word' id='word_1_273' title='bbox 1348 3507 1474 3546; x_wconf 87' lang='lat' dir='ltr'><strong>caro</strong></span> <span class='ocrx_word' id='word_1_274' title='bbox 1522 3493 1586 3546; x_wconf 90' lang='lat' dir='ltr'><strong>de</strong></span> <span class='ocrx_word' id='word_1_275' title='bbox 1617 3501 1782 3558; x_wconf 86' lang='lat' dir='ltr'><strong>terra,</strong></span> <span class='ocrx_word' id='word_1_276' title='bbox 1823 3494 1874 3546; x_wconf 91' lang='lat' dir='ltr'><strong>id</strong></span> 
     </span>
    </p>
   </div>
   <div class='ocr_carea' id='block_1_38' title="bbox 305 3565 1870 3650">
    <p class='ocr_par' dir='ltr' id='par_1_38' title="bbox 305 3565 1870 3650">
     <span class='ocr_line' id='line_1_38' title="bbox 305 3565 1870 3650; baseline 0.003 -19"><span class='ocrx_word' id='word_1_277' title='bbox 305 3587 406 3643; x_wconf 90' lang='lat' dir='ltr'><strong>est,</strong></span> <span class='ocrx_word' id='word_1_278' title='bbox 443 3565 655 3648; x_wconf 86' lang='lat' dir='ltr'><strong>quando</strong></span> <span class='ocrx_word' id='word_1_279' title='bbox 678 3597 705 3634; x_wconf 91' lang='lat' dir='ltr'><strong>a</strong></span> <span class='ocrx_word' id='word_1_280' title='bbox 743 3592 882 3636; x_wconf 90' lang='lat' dir='ltr'><strong>terra</strong></span> <span class='ocrx_word' id='word_1_281' title='bbox 909 3598 1124 3636; x_wconf 72' lang='lat' dir='ltr'><strong>carnem</strong></span> <span class='ocrx_word' id='word_1_282' title='bbox 1154 3584 1252 3637; x_wconf 86' lang='lat' dir='ltr'><strong>sibi</strong></span> <span class='ocrx_word' id='word_1_283' title='bbox 1275 3584 1648 3650; x_wconf 86' lang='lat' dir='ltr'><strong>circumdedit,</strong></span> <span class='ocrx_word' id='word_1_284' title='bbox 1676 3585 1870 3638; x_wconf 89' lang='lat' dir='ltr'><strong>tuncin</strong></span> 
     </span>
    </p>
   </div>
   <div class='ocr_carea' id='block_1_39' title="bbox 306 3675 1874 3746">
    <p class='ocr_par' dir='ltr' id='par_1_39' title="bbox 306 3675 1874 3746">
     <span class='ocr_line' id='line_1_39' title="bbox 306 3675 1874 3746; baseline 0.003 -20"><span class='ocrx_word' id='word_1_285' title='bbox 306 3689 367 3726; x_wconf 83' lang='lat' dir='ltr'><strong>ea</strong></span> <span class='ocrx_word' id='word_1_286' title='bbox 412 3683 635 3728; x_wconf 90' lang='lat' dir='ltr'><strong>mortem</strong></span> <span class='ocrx_word' id='word_1_287' title='bbox 680 3684 878 3730; x_wconf 70' lang='lat' dir='ltr'><strong>nostra:</strong></span> <span class='ocrx_word' id='word_1_288' title='bbox 928 3675 1158 3730; x_wconf 86' lang='lat' dir='ltr'><strong>similem</strong></span> <span class='ocrx_word' id='word_1_289' title='bbox 1216 3676 1414 3731; x_wconf 84' lang='lat' dir='ltr'><strong>dicitur</strong></span> <span class='ocrx_word' id='word_1_290' title='bbox 1471 3694 1710 3746; x_wconf 83' lang='lat' dir='ltr'><strong>passum,</strong></span> <span class='ocrx_word' id='word_1_291' title='bbox 1749 3679 1874 3733; x_wconf 84' lang='lat' dir='ltr'><strong>licet</strong></span> 
     </span>
    </p>
   </div>
   <div class='ocr_carea' id='block_1_40' title="bbox 306 3763 932 3828">
    <p class='ocr_par' dir='ltr' id='par_1_40' title="bbox 306 3763 932 3828">
     <span class='ocr_line' id='line_1_40' title="bbox 306 3763 932 3828; baseline 0.01 -17"><span class='ocrx_word' id='word_1_292' title='bbox 306 3774 399 3828; x_wconf 88' lang='lat' dir='ltr'><strong>per</strong></span> <span class='ocrx_word' id='word_1_293' title='bbox 427 3772 670 3815; x_wconf 84' lang='lat' dir='ltr'><strong>naturam</strong></span> <span class='ocrx_word' id='word_1_294' title='bbox 707 3764 778 3818; x_wconf 86' lang='lat' dir='ltr'><strong>sit</strong></span> <span class='ocrx_word' id='word_1_295' title='bbox 804 3763 932 3818; x_wconf 85' lang='lat' dir='ltr'><strong>vita.</strong></span> 
     </span>
    </p>
   </div>
   <div class='ocr_carea' id='block_1_41' title="bbox 871 3901 1294 3958">
    <p class='ocr_par' dir='ltr' id='par_1_41' title="bbox 871 3901 1294 3958">
     <span class='ocr_line' id='line_1_41' title="bbox 871 3901 1294 3958; baseline 0.005 -4"><span class='ocrx_word' id='word_1_296' title='bbox 871 3901 1021 3958; x_wconf 84' lang='lat' dir='ltr'><strong>CAP.</strong></span> <span class='ocrx_word' id='word_1_297' title='bbox 1057 3901 1294 3956; x_wconf 74' lang='lat' dir='ltr'><strong>XXXIV.</strong></span> 
     </span>
    </p>
   </div>
   <div class='ocr_carea' id='block_1_42' title="bbox 991 4015 1174 4069">
    <p class='ocr_par' dir='ltr' id='par_1_42' title="bbox 991 4015 1174 4069">
     <span class='ocr_line' id='line_1_42' title="bbox 991 4015 1174 4069; baseline 0.027 -5"><span class='ocrx_word' id='word_1_298' title='bbox 991 4015 1174 4069; x_wconf 82' lang='lat' dir='ltr'><strong>Aliud.</strong></span> 
     </span>
    </p>
   </div>
   <div class='ocr_carea' id='block_1_43' title="bbox 376 4123 1869 4196">
    <p class='ocr_par' dir='ltr' id='par_1_43' title="bbox 376 4123 1869 4196">
     <span class='ocr_line' id='line_1_43' title="bbox 376 4123 1869 4196; baseline 0.003 -18"><span class='ocrx_word' id='word_1_299' title='bbox 376 4124 430 4178; x_wconf 89' lang='lat' dir='ltr'><strong>ln</strong></span> <span class='ocrx_word' id='word_1_300' title='bbox 454 4123 690 4178; x_wconf 82' lang='lat' dir='ltr'><strong>Levitico</strong></span> <span class='ocrx_word' id='word_1_301' title='bbox 725 4127 984 4193; x_wconf 89' lang='lat' dir='ltr'><strong>pollutum</strong></span> <span class='ocrx_word' id='word_1_302' title='bbox 1013 4126 1148 4178; x_wconf 86' lang='lat' dir='ltr'><strong>Deus</strong></span> <span class='ocrx_word' id='word_1_303' title='bbox 1170 4135 1222 4179; x_wconf 88' lang='lat' dir='ltr'><strong>et</strong></span> <span class='ocrx_word' id='word_1_304' title='bbox 1247 4127 1576 4180; x_wconf 84' lang='lat' dir='ltr'><strong>immundum</strong></span> <span class='ocrx_word' id='word_1_305' title='bbox 1605 4129 1869 4196; x_wconf 71' lang='lat' dir='ltr'><strong>leprosum</strong></span> 
     </span>
    </p>
   </div>
   <div class='ocr_carea' id='block_1_44' title="bbox 303 4215 1872 4287">
    <p class='ocr_par' dir='ltr' id='par_1_44' title="bbox 303 4215 1872 4287">
     <span class='ocr_line' id='line_1_44' title="bbox 303 4215 1872 4287; baseline 0.003 -19"><span class='ocrx_word' id='word_1_306' title='bbox 303 4230 425 4268; x_wconf 88' lang='lat' dir='ltr'><strong>esse</strong></span> <span class='ocrx_word' id='word_1_307' title='bbox 459 4215 752 4281; x_wconf 82' lang='lat' dir='ltr'><strong>signiﬁcat,</strong></span> <span class='ocrx_word' id='word_1_308' title='bbox 789 4223 951 4282; x_wconf 86' lang='lat' dir='ltr'><strong>atque</strong></span> <span class='ocrx_word' id='word_1_309' title='bbox 979 4215 1050 4266; x_wconf 86' lang='lat' dir='ltr'><strong>ita</strong></span> <span class='ocrx_word' id='word_1_310' title='bbox 1074 4231 1198 4268; x_wconf 87' lang='lat' dir='ltr'><strong>eum</strong></span> <span class='ocrx_word' id='word_1_311' title='bbox 1234 4217 1298 4268; x_wconf 85' lang='lat' dir='ltr'><strong>de</strong></span> <span class='ocrx_word' id='word_1_312' title='bbox 1318 4218 1511 4272; x_wconf 82' lang='lat' dir='ltr'><strong>castris</strong></span> <span class='ocrx_word' id='word_1_313' title='bbox 1535 4219 1652 4285; x_wconf 84' lang='lat' dir='ltr'><strong>t-jici</strong></span> <span class='ocrx_word' id='word_1_314' title='bbox 1685 4222 1872 4287; x_wconf 81' lang='lat' dir='ltr'><strong>pra-ci-</strong></span> 
     </span>
    </p>
   </div>
   <div class='ocr_carea' id='block_1_45' title="bbox 305 4301 1869 4370">
    <p class='ocr_par' dir='ltr' id='par_1_45' title="bbox 305 4301 1869 4370">
     <span class='ocr_line' id='line_1_45' title="bbox 305 4301 1869 4370; baseline 0.004 -16"><span class='ocrx_word' id='word_1_315' title='bbox 305 4303 382 4369; x_wconf 89' lang='lat' dir='ltr'><strong>pit</strong></span> <span class='ocrx_word' id='word_1_316' title='bbox 414 4313 664 4370; x_wconf 88' lang='lat' dir='ltr'><strong>oportere</strong></span> <span class='ocrx_word' id='word_1_317' title='bbox 682 4301 726 4332; x_wconf 71' lang='grc'>⁵⁸</span> <span class='ocrx_word' id='word_1_318' title='bbox 753 4319 768 4367; x_wconf 91' lang='lat'><strong>;</strong></span> <span class='ocrx_word' id='word_1_319' title='bbox 799 4311 852 4355; x_wconf 93' lang='lat' dir='ltr'><strong>et</strong></span> <span class='ocrx_word' id='word_1_320' title='bbox 887 4303 929 4355; x_wconf 88' lang='lat' dir='ltr'><strong>si</strong></span> <span class='ocrx_word' id='word_1_321' title='bbox 965 4311 1190 4358; x_wconf 85' lang='lat' dir='ltr'><strong>sanatus</strong></span> <span class='ocrx_word' id='word_1_322' title='bbox 1247 4306 1410 4358; x_wconf 78' lang='lat' dir='ltr'><strong>fuerit</strong></span> <span class='ocrx_word' id='word_1_323' title='bbox 1459 4309 1709 4370; x_wconf 84' lang='lat' dir='ltr'><strong>morbus,</strong></span> <span class='ocrx_word' id='word_1_324' title='bbox 1772 4308 1869 4360; x_wconf 79' lang='lat' dir='ltr'><strong>hoc</strong></span> 
     </span>
    </p>
   </div>
   <div class='ocr_carea' id='block_1_46' title="bbox 305 4392 1871 4465">
    <p class='ocr_par' dir='ltr' id='par_1_46' title="bbox 305 4392 1871 4465">
     <span class='ocr_line' id='line_1_46' title="bbox 305 4392 1871 4465; baseline 0.003 -19"><span class='ocrx_word' id='word_1_325' title='bbox 305 4407 426 4446; x_wconf 91' lang='lat' dir='ltr'><strong>cum</strong></span> <span class='ocrx_word' id='word_1_326' title='bbox 479 4402 634 4460; x_wconf 89' lang='lat' dir='ltr'><strong>pacto</strong></span> <span class='ocrx_word' id='word_1_327' title='bbox 681 4392 897 4459; x_wconf 77' lang='lat' dir='ltr'><strong>purgari</strong></span> <span class='ocrx_word' id='word_1_328' title='bbox 941 4409 952 4443; x_wconf 90' lang='lat'><strong>:</strong></span> <span class='ocrx_word' id='word_1_329' title='bbox 1011 4412 1028 4443; x_wconf 80' lang='grc' dir='ltr'><strong>ι</strong></span> <span class='ocrx_word' id='word_1_330' title='bbox 1086 4393 1152 4446; x_wconf 84' lang='grc' dir='ltr'>Ει</span> <span class='ocrx_word' id='word_1_331' title='bbox 1195 4396 1466 4464; x_wconf 90' lang='lat' dir='ltr'><strong>accipiens</strong></span> <span class='ocrx_word' id='word_1_332' title='bbox 1513 4398 1646 4450; x_wconf 84' lang='lat' dir='ltr'><strong>duos</strong></span> <span class='ocrx_word' id='word_1_333' title='bbox 1700 4399 1871 4465; x_wconf 73' lang='lat' dir='ltr'><strong>pullus</strong></span> 
     </span>
    </p>
   </div>
   <div class='ocr_carea' id='block_1_47' title="bbox 1995 584 3566 654">
    <p class='ocr_par' dir='ltr' id='par_1_47' title="bbox 1995 584 3566 654">
     <span class='ocr_line' id='line_1_47' title="bbox 1995 584 3566 654; baseline 0.001 -17"><span class='ocrx_word' id='word_1_334' title='bbox 1995 584 2100 637; x_wconf 89' lang='lat' dir='ltr'><strong>sint</strong></span> <span class='ocrx_word' id='word_1_335' title='bbox 2133 584 2248 647; x_wconf 84' lang='lat' dir='ltr'><strong>lilii,</strong></span> <span class='ocrx_word' id='word_1_336' title='bbox 2285 589 2378 639; x_wconf 86' lang='lat' dir='ltr'><strong>sed</strong></span> <span class='ocrx_word' id='word_1_337' title='bbox 2427 589 2568 653; x_wconf 88' lang='lat' dir='ltr'><strong>quod</strong></span> <span class='ocrx_word' id='word_1_338' title='bbox 2615 602 2754 641; x_wconf 90' lang='lat' dir='ltr'><strong>unus</strong></span> <span class='ocrx_word' id='word_1_339' title='bbox 2803 586 2982 654; x_wconf 87' lang='lat' dir='ltr'><strong>potius</strong></span> <span class='ocrx_word' id='word_1_340' title='bbox 3020 599 3086 638; x_wconf 83' lang='lat' dir='ltr'><strong>ex</strong></span> <span class='ocrx_word' id='word_1_341' title='bbox 3138 585 3384 648; x_wconf 90' lang='lat' dir='ltr'><strong>duobus,</strong></span> <span class='ocrx_word' id='word_1_342' title='bbox 3429 586 3566 638; x_wconf 81' lang='lat' dir='ltr'><strong>divi-</strong></span> 
     </span>
    </p>
   </div>
   <div class='ocr_carea' id='block_1_48' title="bbox 1991 675 3558 731">
    <p class='ocr_par' dir='ltr' id='par_1_48' title="bbox 1991 675 3558 731">
     <span class='ocr_line' id='line_1_48' title="bbox 1991 675 3558 731; baseline 0.001 -5"><span class='ocrx_word' id='word_1_343' title='bbox 1991 675 2162 729; x_wconf 81' lang='lat' dir='ltr'><strong>nitate</strong></span> <span class='ocrx_word' id='word_1_344' title='bbox 2205 685 2260 727; x_wconf 91' lang='lat' dir='ltr'><strong>et</strong></span> <span class='ocrx_word' id='word_1_345' title='bbox 2301 677 2637 731; x_wconf 89' lang='lat' dir='ltr'><strong>lmmanitate</strong></span> <span class='ocrx_word' id='word_1_346' title='bbox 2686 678 2738 729; x_wconf 91' lang='lat' dir='ltr'><strong>in</strong></span> <span class='ocrx_word' id='word_1_347' title='bbox 2785 677 3044 731; x_wconf 89' lang='lat' dir='ltr'><strong>unitatem</strong></span> <span class='ocrx_word' id='word_1_348' title='bbox 3091 676 3324 731; x_wconf 88' lang='lat' dir='ltr'><strong>collatis.</strong></span> <span class='ocrx_word' id='word_1_349' title='bbox 3373 675 3558 730; x_wconf 80' lang='lat' dir='ltr'><strong>Mundi</strong></span> 
     </span>
    </p>
   </div>
   <div class='ocr_carea' id='block_1_49' title="bbox 1991 767 3564 838">
    <p class='ocr_par' dir='ltr' id='par_1_49' title="bbox 1991 767 3564 838">
     <span class='ocr_line' id='line_1_49' title="bbox 1991 767 3564 838; baseline 0.001 -20"><span class='ocrx_word' id='word_1_350' title='bbox 1991 777 2167 820; x_wconf 87' lang='lat' dir='ltr'><strong>autem</strong></span> <span class='ocrx_word' id='word_1_351' title='bbox 2199 768 2326 838; x_wconf 86' lang='lat' dir='ltr'><strong>pulli</strong></span> <span class='ocrx_word' id='word_1_352' title='bbox 2356 785 2368 819; x_wconf 90' lang='lat'><strong>:</strong></span> <span class='ocrx_word' id='word_1_353' title='bbox 2399 783 2574 836; x_wconf 87' lang='lat' dir='ltr'><strong>neque</strong></span> <span class='ocrx_word' id='word_1_354' title='bbox 2605 769 2746 823; x_wconf 89' lang='lat' dir='ltr'><strong>enim</strong></span> <span class='ocrx_word' id='word_1_355' title='bbox 2779 769 2907 823; x_wconf 79' lang='lat' dir='ltr'><strong>fecit</strong></span> <span class='ocrx_word' id='word_1_356' title='bbox 2943 777 3219 836; x_wconf 86' lang='lat' dir='ltr'><strong>peccatum</strong></span> <span class='ocrx_word' id='word_1_357' title='bbox 3265 767 3404 822; x_wconf 89' lang='lat' dir='ltr'><strong>Dens</strong></span> <span class='ocrx_word' id='word_1_358' title='bbox 3461 781 3564 820; x_wconf 87' lang='lat' dir='ltr'><strong>no-</strong></span> 
     </span>
    </p>
   </div>
   <div class='ocr_carea' id='block_1_50' title="bbox 1991 857 3563 923">
    <p class='ocr_par' dir='ltr' id='par_1_50' title="bbox 1991 857 3563 923">
     <span class='ocr_line' id='line_1_50' title="bbox 1991 857 3563 923; baseline 0.002 -14"><span class='ocrx_word' id='word_1_359' title='bbox 1991 866 2106 911; x_wconf 90' lang='lat' dir='ltr'><strong>ster</strong></span> <span class='ocrx_word' id='word_1_360' title='bbox 2133 857 2290 911; x_wconf 80' lang='lat' dir='ltr'><strong>Jesns</strong></span> <span class='ocrx_word' id='word_1_361' title='bbox 2326 858 2608 920; x_wconf 83' lang='lat' dir='ltr'><strong>Christus;</strong></span> <span class='ocrx_word' id='word_1_362' title='bbox 2637 859 2733 914; x_wconf 88' lang='lat' dir='ltr'><strong>sed</strong></span> <span class='ocrx_word' id='word_1_363' title='bbox 2760 869 2878 915; x_wconf 88' lang='lat' dir='ltr'><strong>erat</strong></span> <span class='ocrx_word' id='word_1_364' title='bbox 2925 859 3158 915; x_wconf 88' lang='lat' dir='ltr'><strong>Verbum</strong></span> <span class='ocrx_word' id='word_1_365' title='bbox 3191 868 3466 923; x_wconf 89' lang='lat' dir='ltr'><strong>sanctum,</strong></span> <span class='ocrx_word' id='word_1_366' title='bbox 3509 866 3563 912; x_wconf 88' lang='lat' dir='ltr'><strong>et</strong></span> 
     </span>
    </p>
   </div>
   <div class='ocr_carea' id='block_1_51' title="bbox 1990 945 3562 1002">
    <p class='ocr_par' dir='ltr' id='par_1_51' title="bbox 1990 945 3562 1002">
     <span class='ocr_line' id='line_1_51' title="bbox 1990 945 3562 1002; baseline 0.003 -6"><span class='ocrx_word' id='word_1_367' title='bbox 1990 945 2284 998; x_wconf 83' lang='lat' dir='ltr'><strong>divinitatis</strong></span> <span class='ocrx_word' id='word_1_368' title='bbox 2330 955 2382 999; x_wconf 91' lang='lat' dir='ltr'><strong>et</strong></span> <span class='ocrx_word' id='word_1_369' title='bbox 2414 947 2768 1002; x_wconf 84' lang='lat' dir='ltr'><strong>humanitatis</strong></span> <span class='ocrx_word' id='word_1_370' title='bbox 2801 949 3030 1001; x_wconf 85' lang='lat' dir='ltr'><strong>ratione.</strong></span> <span class='ocrx_word' id='word_1_371' title='bbox 3071 945 3400 1002; x_wconf 84' lang='lat' dir='ltr'><strong>Vulneribus</strong></span> <span class='ocrx_word' id='word_1_372' title='bbox 3431 962 3562 1000; x_wconf 87' lang='lat' dir='ltr'><strong>vero</strong></span> 
     </span>
    </p>
   </div>
   <div class='ocr_carea' id='block_1_52' title="bbox 1989 1039 3560 1108">
    <p class='ocr_par' dir='ltr' id='par_1_52' title="bbox 1989 1039 3560 1108">
     <span class='ocr_line' id='line_1_52' title="bbox 1989 1039 3560 1108; baseline 0.001 -20"><span class='ocrx_word' id='word_1_373' title='bbox 1989 1047 2368 1105; x_wconf 82' lang='lat' dir='ltr'><strong>comparatur,</strong></span> <span class='ocrx_word' id='word_1_374' title='bbox 2422 1039 2563 1106; x_wconf 87' lang='lat' dir='ltr'><strong>quod</strong></span> <span class='ocrx_word' id='word_1_375' title='bbox 2595 1039 2748 1106; x_wconf 88' lang='lat' dir='ltr'><strong>quasi</strong></span> <span class='ocrx_word' id='word_1_376' title='bbox 2786 1041 2838 1093; x_wconf 90' lang='lat' dir='ltr'><strong>in</strong></span> <span class='ocrx_word' id='word_1_377' title='bbox 2875 1039 3093 1093; x_wconf 86' lang='lat' dir='ltr'><strong>sublimi</strong></span> <span class='ocrx_word' id='word_1_378' title='bbox 3131 1039 3202 1094; x_wconf 88' lang='lat' dir='ltr'><strong>sit</strong></span> <span class='ocrx_word' id='word_1_379' title='bbox 3248 1054 3410 1108; x_wconf 86' lang='lat' dir='ltr'><strong>supra</strong></span> <span class='ocrx_word' id='word_1_380' title='bbox 3447 1049 3560 1094; x_wconf 90' lang='lat' dir='ltr'><strong>ter-</strong></span> 
     </span>
    </p>
   </div>
   <div class='ocr_carea' id='block_1_53' title="bbox 1989 1129 3564 1199">
    <p class='ocr_par' dir='ltr' id='par_1_53' title="bbox 1989 1129 3564 1199">
     <span class='ocr_line' id='line_1_53' title="bbox 1989 1129 3564 1199; baseline 0.003 -20"><span class='ocrx_word' id='word_1_381' title='bbox 1989 1141 2126 1189; x_wconf 86' lang='lat' dir='ltr'><strong>ram,</strong></span> <span class='ocrx_word' id='word_1_382' title='bbox 2167 1138 2222 1182; x_wconf 88' lang='lat' dir='ltr'><strong>et</strong></span> <span class='ocrx_word' id='word_1_383' title='bbox 2259 1143 2294 1182; x_wconf 85' lang='grc' dir='ltr'>ο</span> <span class='ocrx_word' id='word_1_384' title='bbox 2335 1129 2474 1183; x_wconf 69' lang='lat' dir='ltr'><strong>coelo</strong></span> <span class='ocrx_word' id='word_1_385' title='bbox 2523 1130 2800 1199; x_wconf 84' lang='lat' dir='ltr'><strong>desuper:</strong></span> <span class='ocrx_word' id='word_1_386' title='bbox 2841 1132 3035 1186; x_wconf 72' lang='lat' dir='ltr'><strong>ecmlo</strong></span> <span class='ocrx_word' id='word_1_387' title='bbox 3071 1133 3216 1186; x_wconf 88' lang='lat' dir='ltr'><strong>enim</strong></span> <span class='ocrx_word' id='word_1_388' title='bbox 3273 1132 3437 1186; x_wconf 88' lang='lat' dir='ltr'><strong>homo</strong></span> <span class='ocrx_word' id='word_1_389' title='bbox 3478 1138 3564 1186; x_wconf 84' lang='lat' dir='ltr'><strong>est</strong></span> 
     </span>
    </p>
   </div>
   <div class='ocr_carea' id='block_1_54' title="bbox 1987 1220 3560 1290">
    <p class='ocr_par' dir='ltr' id='par_1_54' title="bbox 1987 1220 3560 1290">
     <span class='ocr_line' id='line_1_54' title="bbox 1987 1220 3560 1290; baseline -0.001 -15"><span class='ocrx_word' id='word_1_390' title='bbox 1987 1220 2251 1285; x_wconf 80' lang='lat' dir='ltr'><strong>Christus,</strong></span> <span class='ocrx_word' id='word_1_391' title='bbox 2289 1220 2410 1274; x_wconf 92' lang='lat' dir='ltr'><strong>licet</strong></span> <span class='ocrx_word' id='word_1_392' title='bbox 2442 1236 2659 1274; x_wconf 87' lang='lat' dir='ltr'><strong>carnem</strong></span> <span class='ocrx_word' id='word_1_393' title='bbox 2707 1233 2896 1276; x_wconf 87' lang='lat' dir='ltr'><strong>sancta</strong></span> <span class='ocrx_word' id='word_1_394' title='bbox 2949 1221 3116 1290; x_wconf 80' lang='lat' dir='ltr'><strong>Virgo</strong></span> <span class='ocrx_word' id='word_1_395' title='bbox 3141 1222 3460 1290; x_wconf 87' lang='lat' dir='ltr'><strong>pepererit;</strong></span> <span class='ocrx_word' id='word_1_396' title='bbox 3493 1237 3560 1274; x_wconf 88' lang='lat' dir='ltr'><strong>eo</strong></span> 
     </span>
    </p>
   </div>
   <div class='ocr_carea' id='block_1_55' title="bbox 1988 1311 3560 1380">
    <p class='ocr_par' dir='ltr' id='par_1_55' title="bbox 1988 1311 3560 1380">
     <span class='ocr_line' id='line_1_55' title="bbox 1988 1311 3560 1380; baseline -0.001 -16"><span class='ocrx_word' id='word_1_397' title='bbox 1988 1311 2146 1365; x_wconf 90' lang='lat' dir='ltr'><strong>modo</strong></span> <span class='ocrx_word' id='word_1_398' title='bbox 2169 1312 2329 1380; x_wconf 79' lang='lat' dir='ltr'><strong>igitur</strong></span> <span class='ocrx_word' id='word_1_399' title='bbox 2350 1312 2581 1380; x_wconf 87' lang='lat' dir='ltr'><strong>desuper</strong></span> <span class='ocrx_word' id='word_1_400' title='bbox 2598 1323 2651 1368; x_wconf 89' lang='lat' dir='ltr'><strong>et</strong></span> <span class='ocrx_word' id='word_1_401' title='bbox 2675 1315 2741 1367; x_wconf 92' lang='lat' dir='ltr'><strong>de</strong></span> <span class='ocrx_word' id='word_1_402' title='bbox 2771 1313 2931 1366; x_wconf 63' lang='lat' dir='ltr'><strong>cutio.</strong></span> <span class='ocrx_word' id='word_1_403' title='bbox 2963 1313 3104 1366; x_wconf 86' lang='lat' dir='ltr'><strong>Deus</strong></span> <span class='ocrx_word' id='word_1_404' title='bbox 3127 1313 3272 1366; x_wconf 89' lang='lat' dir='ltr'><strong>enim</strong></span> <span class='ocrx_word' id='word_1_405' title='bbox 3297 1311 3560 1377; x_wconf 88' lang='lat' dir='ltr'><strong>Verbum,</strong></span> 
     </span>
    </p>
   </div>
   <div class='ocr_carea' id='block_1_56' title="bbox 1987 1401 3562 1472">
    <p class='ocr_par' dir='ltr' id='par_1_56' title="bbox 1987 1401 3562 1472">
     <span class='ocr_line' id='line_1_56' title="bbox 1987 1401 3562 1472; baseline 0.003 -20"><span class='ocrx_word' id='word_1_406' title='bbox 1987 1401 2128 1468; x_wconf 88' lang='lat' dir='ltr'><strong>quod</strong></span> <span class='ocrx_word' id='word_1_407' title='bbox 2153 1411 2238 1456; x_wconf 89' lang='lat' dir='ltr'><strong>est</strong></span> <span class='ocrx_word' id='word_1_408' title='bbox 2271 1403 2501 1470; x_wconf 88' lang='lat' dir='ltr'><strong>desuper</strong></span> <span class='ocrx_word' id='word_1_409' title='bbox 2533 1413 2586 1457; x_wconf 94' lang='lat' dir='ltr'><strong>et</strong></span> <span class='ocrx_word' id='word_1_410' title='bbox 2615 1419 2678 1458; x_wconf 82' lang='lat' dir='ltr'><strong>ex</strong></span> <span class='ocrx_word' id='word_1_411' title='bbox 2708 1404 2866 1458; x_wconf 86' lang='lat' dir='ltr'><strong>Patre</strong></span> <span class='ocrx_word' id='word_1_412' title='bbox 2891 1443 2906 1468; x_wconf 92' lang='lat'><strong>,</strong></span> <span class='ocrx_word' id='word_1_413' title='bbox 2952 1419 3172 1457; x_wconf 87' lang='lat' dir='ltr'><strong>carnem</strong></span> <span class='ocrx_word' id='word_1_414' title='bbox 3219 1417 3286 1456; x_wconf 82' lang='lat' dir='ltr'><strong>ex</strong></span> <span class='ocrx_word' id='word_1_415' title='bbox 3341 1401 3562 1472; x_wconf 82' lang='lat' dir='ltr'><strong>Virgine</strong></span> 
     </span>
    </p>
   </div>
   <div class='ocr_carea' id='block_1_57' title="bbox 1983 1493 3546 1564">
    <p class='ocr_par' dir='ltr' id='par_1_57' title="bbox 1983 1493 3546 1564">
     <span class='ocr_line' id='line_1_57' title="bbox 1983 1493 3546 1564; baseline -0.002 -18"><span class='ocrx_word' id='word_1_416' title='bbox 1983 1501 2168 1548; x_wconf 85' lang='lat' dir='ltr'><strong>sancta</strong></span> <span class='ocrx_word' id='word_1_417' title='bbox 2193 1494 2480 1560; x_wconf 88' lang='lat' dir='ltr'><strong>accipiens,</strong></span> <span class='ocrx_word' id='word_1_418' title='bbox 2513 1503 2568 1549; x_wconf 92' lang='lat' dir='ltr'><strong>et</strong></span> <span class='ocrx_word' id='word_1_419' title='bbox 2592 1511 2710 1550; x_wconf 90' lang='lat' dir='ltr'><strong>eam</strong></span> <span class='ocrx_word' id='word_1_420' title='bbox 2753 1510 2906 1549; x_wconf 88' lang='lat' dir='ltr'><strong>suam</strong></span> <span class='ocrx_word' id='word_1_421' title='bbox 2933 1495 3316 1564; x_wconf 87' lang='lat' dir='ltr'><strong>propriamque</strong></span> <span class='ocrx_word' id='word_1_422' title='bbox 3351 1493 3546 1546; x_wconf 76' lang='lat' dir='ltr'><strong>existi-</strong></span> 
     </span>
    </p>
   </div>
   <div class='ocr_carea' id='block_1_58' title="bbox 1984 1581 3554 1654">
    <p class='ocr_par' dir='ltr' id='par_1_58' title="bbox 1984 1581 3554 1654">
     <span class='ocr_line' id='line_1_58' title="bbox 1984 1581 3554 1654; baseline -0.001 -20"><span class='ocrx_word' id='word_1_423' title='bbox 1984 1597 2156 1646; x_wconf 89' lang='lat' dir='ltr'><strong>mans,</strong></span> <span class='ocrx_word' id='word_1_424' title='bbox 2195 1594 2446 1652; x_wconf 89' lang='lat' dir='ltr'><strong>tanquam</strong></span> <span class='ocrx_word' id='word_1_425' title='bbox 2477 1585 2523 1638; x_wconf 88' lang='lat' dir='ltr'><strong>si</strong></span> <span class='ocrx_word' id='word_1_426' title='bbox 2552 1601 2672 1638; x_wconf 92' lang='lat' dir='ltr'><strong>eam</strong></span> <span class='ocrx_word' id='word_1_427' title='bbox 2717 1585 2948 1654; x_wconf 91' lang='lat' dir='ltr'><strong>desuper</strong></span> <span class='ocrx_word' id='word_1_428' title='bbox 2979 1595 3034 1640; x_wconf 90' lang='lat' dir='ltr'><strong>et</strong></span> <span class='ocrx_word' id='word_1_429' title='bbox 3081 1585 3150 1638; x_wconf 87' lang='lat' dir='ltr'><strong>de</strong></span> <span class='ocrx_word' id='word_1_430' title='bbox 3194 1582 3334 1638; x_wconf 63' lang='lat' dir='ltr'><strong>cosio</strong></span> <span class='ocrx_word' id='word_1_431' title='bbox 3391 1581 3554 1636; x_wconf 73' lang='lat' dir='ltr'><strong>detu—</strong></span> 
     </span>
    </p>
   </div>
   <div class='ocr_carea' id='block_1_59' title="bbox 1983 1672 3556 1736">
    <p class='ocr_par' dir='ltr' id='par_1_59' title="bbox 1983 1672 3556 1736">
     <span class='ocr_line' id='line_1_59' title="bbox 1983 1672 3556 1736; baseline -0.001 -11"><span class='ocrx_word' id='word_1_432' title='bbox 1983 1672 2150 1736; x_wconf 89' lang='lat' dir='ltr'><strong>lisset,</strong></span> <span class='ocrx_word' id='word_1_433' title='bbox 2185 1673 2440 1728; x_wconf 90' lang='lat' dir='ltr'><strong>dicebat:</strong></span> <span class='ocrx_word' id='word_1_434' title='bbox 2485 1693 2503 1725; x_wconf 81' lang='grc' dir='ltr'><strong>ι</strong></span> <span class='ocrx_word' id='word_1_435' title='bbox 2547 1673 2710 1728; x_wconf 86' lang='lat' dir='ltr'><strong>Nemo</strong></span> <span class='ocrx_word' id='word_1_436' title='bbox 2759 1675 3004 1729; x_wconf 86' lang='lat' dir='ltr'><strong>ascendit</strong></span> <span class='ocrx_word' id='word_1_437' title='bbox 3059 1674 3111 1727; x_wconf 88' lang='lat' dir='ltr'><strong>itt</strong></span> <span class='ocrx_word' id='word_1_438' title='bbox 3160 1675 3397 1736; x_wconf 73' lang='lat' dir='ltr'><strong>emtum,</strong></span> <span class='ocrx_word' id='word_1_439' title='bbox 3451 1672 3556 1726; x_wconf 92' lang='lat' dir='ltr'><strong>nisi</strong></span> 
     </span>
    </p>
   </div>
   <div class='ocr_carea' id='block_1_60' title="bbox 1983 1763 3556 1832">
    <p class='ocr_par' dir='ltr' id='par_1_60' title="bbox 1983 1763 3556 1832">
     <span class='ocr_line' id='line_1_60' title="bbox 1983 1763 3556 1832; baseline 0.001 -17"><span class='ocrx_word' id='word_1_440' title='bbox 1983 1765 2072 1832; x_wconf 92' lang='lat' dir='ltr'><strong>qui</strong></span> <span class='ocrx_word' id='word_1_441' title='bbox 2107 1765 2173 1818; x_wconf 87' lang='lat' dir='ltr'><strong>de</strong></span> <span class='ocrx_word' id='word_1_442' title='bbox 2225 1765 2365 1818; x_wconf 72' lang='lat' dir='ltr'><strong>cmlo</strong></span> <span class='ocrx_word' id='word_1_443' title='bbox 2415 1766 2696 1820; x_wconf 83' lang='lat' dir='ltr'><strong>descendit</strong></span> <span class='ocrx_word' id='word_1_444' title='bbox 2730 1765 2898 1820; x_wconf 88' lang='lat' dir='ltr'><strong>Filius</strong></span> <span class='ocrx_word' id='word_1_445' title='bbox 2939 1765 3212 1828; x_wconf 88' lang='lat' dir='ltr'><strong>hominis,</strong></span> <span class='ocrx_word' id='word_1_446' title='bbox 3258 1764 3456 1831; x_wconf 87' lang='lat' dir='ltr'><strong>quiest</strong></span> <span class='ocrx_word' id='word_1_447' title='bbox 3503 1763 3556 1816; x_wconf 90' lang='lat' dir='ltr'><strong>in</strong></span> 
     </span>
    </p>
   </div>
   <div class='ocr_carea' id='block_1_61' title="bbox 1991 1855 3554 1924">
    <p class='ocr_par' dir='ltr' id='par_1_61' title="bbox 1991 1855 3554 1924">
     <span class='ocr_line' id='line_1_61' title="bbox 1991 1855 3554 1924; baseline -0.004 -14"><span class='ocrx_word' id='word_1_448' title='bbox 1991 1857 2128 1911; x_wconf 78' lang='lat' dir='ltr'><strong>cmlo</strong></span> <span class='ocrx_word' id='word_1_449' title='bbox 2155 1857 2219 1910; x_wconf 71' lang='grc'><strong>³⁸.</strong></span> <span class='ocrx_word' id='word_1_450' title='bbox 2262 1875 2280 1907; x_wconf 79' lang='grc' dir='ltr'><strong>ι</strong></span> <span class='ocrx_word' id='word_1_451' title='bbox 2320 1857 2392 1910; x_wconf 86' lang='lat' dir='ltr'><strong>Ea</strong></span> <span class='ocrx_word' id='word_1_452' title='bbox 2423 1858 2564 1909; x_wconf 89' lang='lat' dir='ltr'><strong>enim</strong></span> <span class='ocrx_word' id='word_1_453' title='bbox 2617 1873 2736 1924; x_wconf 65' lang='lat' dir='ltr'><strong>quae</strong></span> <span class='ocrx_word' id='word_1_454' title='bbox 2783 1872 2878 1910; x_wconf 89' lang='lat' dir='ltr'><strong>sua</strong></span> <span class='ocrx_word' id='word_1_455' title='bbox 2918 1865 3083 1920; x_wconf 88' lang='lat' dir='ltr'><strong>sunt,</strong></span> <span class='ocrx_word' id='word_1_456' title='bbox 3133 1855 3362 1924; x_wconf 84' lang='lat' dir='ltr'><strong>propriae</strong></span> <span class='ocrx_word' id='word_1_457' title='bbox 3407 1855 3554 1906; x_wconf 79' lang='lat' dir='ltr'><strong>carni</strong></span> 
     </span>
    </p>
   </div>
   <div class='ocr_carea' id='block_1_62' title="bbox 1991 1944 3555 2016">
    <p class='ocr_par' dir='ltr' id='par_1_62' title="bbox 1991 1944 3555 2016">
     <span class='ocr_line' id='line_1_62' title="bbox 1991 1944 3555 2016; baseline -0.003 -16"><span class='ocrx_word' id='word_1_458' title='bbox 1991 1964 2204 2016; x_wconf 89' lang='lat' dir='ltr'><strong>semper</strong></span> <span class='ocrx_word' id='word_1_459' title='bbox 2241 1948 2526 2012; x_wconf 89' lang='lat' dir='ltr'><strong>attribuit;</strong></span> <span class='ocrx_word' id='word_1_460' title='bbox 2553 1948 2844 2000; x_wconf 89' lang='lat' dir='ltr'><strong>adunatum</strong></span> <span class='ocrx_word' id='word_1_461' title='bbox 2882 1961 3007 1999; x_wconf 88' lang='lat' dir='ltr'><strong>vero</strong></span> <span class='ocrx_word' id='word_1_462' title='bbox 3031 1945 3198 1999; x_wconf 87' lang='lat' dir='ltr'><strong>semel</strong></span> <span class='ocrx_word' id='word_1_463' title='bbox 3227 1983 3242 2008; x_wconf 88' lang='lat'><strong>,</strong></span> <span class='ocrx_word' id='word_1_464' title='bbox 3285 1944 3398 2013; x_wconf 80' lang='lat' dir='ltr'><strong>jam</strong></span> <span class='ocrx_word' id='word_1_465' title='bbox 3433 1957 3555 1996; x_wconf 86' lang='lat' dir='ltr'><strong>cum</strong></span> 
     </span>
    </p>
   </div>
   <div class='ocr_carea' id='block_1_63' title="bbox 1992 2038 2883 2106">
    <p class='ocr_par' dir='ltr' id='par_1_63' title="bbox 1992 2038 2883 2106">
     <span class='ocr_line' id='line_1_63' title="bbox 1992 2038 2883 2106; baseline -0.002 -14"><span class='ocrx_word' id='word_1_466' title='bbox 1992 2041 2104 2106; x_wconf 88' lang='lat' dir='ltr'><strong>ipsa</strong></span> <span class='ocrx_word' id='word_1_467' title='bbox 2139 2055 2300 2091; x_wconf 90' lang='lat' dir='ltr'><strong>unum</strong></span> <span class='ocrx_word' id='word_1_468' title='bbox 2331 2039 2539 2092; x_wconf 85' lang='lat' dir='ltr'><strong>scilicet</strong></span> <span class='ocrx_word' id='word_1_469' title='bbox 2564 2038 2883 2091; x_wconf 72' lang='lat' dir='ltr'><strong>mstimatur.</strong></span> 
     </span>
    </p>
   </div>
   <div class='ocr_carea' id='block_1_64' title="bbox 2060 2126 3554 2195">
    <p class='ocr_par' dir='ltr' id='par_1_64' title="bbox 2060 2126 3554 2195">
     <span class='ocr_line' id='line_1_64' title="bbox 2060 2126 3554 2195; baseline -0.001 -13"><span class='ocrx_word' id='word_1_470' title='bbox 2060 2128 2323 2182; x_wconf 67' lang='lat' dir='ltr'><strong>Caeterum</strong></span> <span class='ocrx_word' id='word_1_471' title='bbox 2353 2129 2494 2191; x_wconf 89' lang='lat' dir='ltr'><strong>vide,</strong></span> <span class='ocrx_word' id='word_1_472' title='bbox 2534 2128 2716 2182; x_wconf 88' lang='lat' dir='ltr'><strong>occiso</strong></span> <span class='ocrx_word' id='word_1_473' title='bbox 2749 2144 2856 2180; x_wconf 89' lang='lat' dir='ltr'><strong>uno</strong></span> <span class='ocrx_word' id='word_1_474' title='bbox 2905 2127 3070 2195; x_wconf 89' lang='lat' dir='ltr'><strong>pullo,</strong></span> <span class='ocrx_word' id='word_1_475' title='bbox 3113 2126 3280 2179; x_wconf 87' lang='lat' dir='ltr'><strong>lavari</strong></span> <span class='ocrx_word' id='word_1_476' title='bbox 3333 2127 3554 2195; x_wconf 79' lang='lat' dir='ltr'><strong>quidem</strong></span> 
     </span>
    </p>
   </div>
   <div class='ocr_carea' id='block_1_65' title="bbox 1986 2217 3556 2288">
    <p class='ocr_par' dir='ltr' id='par_1_65' title="bbox 1986 2217 3556 2288">
     <span class='ocr_line' id='line_1_65' title="bbox 1986 2217 3556 2288; baseline -0.002 -16"><span class='ocrx_word' id='word_1_477' title='bbox 1986 2221 2210 2274; x_wconf 87' lang='lat' dir='ltr'><strong>alterum</strong></span> <span class='ocrx_word' id='word_1_478' title='bbox 2239 2220 2352 2288; x_wconf 84' lang='lat' dir='ltr'><strong>ejus</strong></span> <span class='ocrx_word' id='word_1_479' title='bbox 2385 2221 2667 2287; x_wconf 85' lang='lat' dir='ltr'><strong>sanguine,</strong></span> <span class='ocrx_word' id='word_1_480' title='bbox 2705 2229 2882 2272; x_wconf 90' lang='lat' dir='ltr'><strong>tamen</strong></span> <span class='ocrx_word' id='word_1_481' title='bbox 2916 2233 3022 2272; x_wconf 92' lang='lat' dir='ltr'><strong>non</strong></span> <span class='ocrx_word' id='word_1_482' title='bbox 3069 2217 3239 2270; x_wconf 89' lang='lat' dir='ltr'><strong>emori</strong></span> <span class='ocrx_word' id='word_1_483' title='bbox 3270 2235 3284 2280; x_wconf 90' lang='lat'><strong>;</strong></span> <span class='ocrx_word' id='word_1_484' title='bbox 3333 2225 3389 2270; x_wconf 88' lang='lat' dir='ltr'><strong>et</strong></span> <span class='ocrx_word' id='word_1_485' title='bbox 3421 2217 3556 2284; x_wconf 84' lang='lat' dir='ltr'><strong>quid</strong></span> 
     </span>
    </p>
   </div>
   <div class='ocr_carea' id='block_1_66' title="bbox 1987 2307 3554 2375">
    <p class='ocr_par' dir='ltr' id='par_1_66' title="bbox 1987 2307 3554 2375">
     <span class='ocr_line' id='line_1_66' title="bbox 1987 2307 3554 2375; baseline -0.006 -11"><span class='ocrx_word' id='word_1_486' title='bbox 1987 2313 2088 2366; x_wconf 82' lang='lat' dir='ltr'><strong>hoc</strong></span> <span class='ocrx_word' id='word_1_487' title='bbox 2112 2312 2222 2366; x_wconf 86' lang='lat' dir='ltr'><strong>sit?</strong></span> <span class='ocrx_word' id='word_1_488' title='bbox 2281 2311 2503 2365; x_wconf 71' lang='lat' dir='ltr'><strong>Vivebat</strong></span> <span class='ocrx_word' id='word_1_489' title='bbox 2550 2309 2807 2375; x_wconf 83' lang='lat' dir='ltr'><strong>Verbum,</strong></span> <span class='ocrx_word' id='word_1_490' title='bbox 2852 2308 2980 2361; x_wconf 90' lang='lat' dir='ltr'><strong>licet</strong></span> <span class='ocrx_word' id='word_1_491' title='bbox 3037 2322 3137 2360; x_wconf 86' lang='lat' dir='ltr'><strong>sua</strong></span> <span class='ocrx_word' id='word_1_492' title='bbox 3189 2321 3316 2360; x_wconf 86' lang='lat' dir='ltr'><strong>caro</strong></span> <span class='ocrx_word' id='word_1_493' title='bbox 3362 2307 3554 2360; x_wconf 81' lang='lat' dir='ltr'><strong>fuisset</strong></span> 
     </span>
    </p>
   </div>
   <div class='ocr_carea' id='block_1_67' title="bbox 1985 2397 3558 2467">
    <p class='ocr_par' dir='ltr' id='par_1_67' title="bbox 1985 2397 3558 2467">
     <span class='ocr_line' id='line_1_67' title="bbox 1985 2397 3558 2467; baseline -0.003 -14"><span class='ocrx_word' id='word_1_494' title='bbox 1985 2412 2252 2464; x_wconf 89' lang='lat' dir='ltr'><strong>emortua,</strong></span> <span class='ocrx_word' id='word_1_495' title='bbox 2299 2408 2353 2453; x_wconf 85' lang='lat' dir='ltr'><strong>et</strong></span> <span class='ocrx_word' id='word_1_496' title='bbox 2391 2415 2730 2454; x_wconf 89' lang='lat' dir='ltr'><strong>communem</strong></span> <span class='ocrx_word' id='word_1_497' title='bbox 2781 2399 3089 2467; x_wconf 82' lang='lat' dir='ltr'><strong>passionem</strong></span> <span class='ocrx_word' id='word_1_498' title='bbox 3129 2411 3248 2450; x_wconf 88' lang='lat' dir='ltr'><strong>esse</strong></span> <span class='ocrx_word' id='word_1_499' title='bbox 3298 2397 3510 2451; x_wconf 85' lang='lat' dir='ltr'><strong>dicebat</strong></span> <span class='ocrx_word' id='word_1_500' title='bbox 3537 2434 3558 2458; x_wconf 77' lang='lat'><strong>,</strong></span> 
     </span>
    </p>
   </div>
   <div class='ocr_carea' id='block_1_68' title="bbox 1984 2489 3556 2562">
    <p class='ocr_par' dir='ltr' id='par_1_68' title="bbox 1984 2489 3556 2562">
     <span class='ocr_line' id='line_1_68' title="bbox 1984 2489 3556 2562; baseline -0.003 -18"><span class='ocrx_word' id='word_1_501' title='bbox 1984 2504 2200 2562; x_wconf 89' lang='lat' dir='ltr'><strong>propter</strong></span> <span class='ocrx_word' id='word_1_502' title='bbox 2231 2492 2604 2546; x_wconf 87' lang='lat' dir='ltr'><strong>adunatiouetn</strong></span> <span class='ocrx_word' id='word_1_503' title='bbox 2629 2503 2682 2544; x_wconf 89' lang='lat' dir='ltr'><strong>et</strong></span> <span class='ocrx_word' id='word_1_504' title='bbox 2701 2492 3117 2544; x_wconf 77' lang='lat' dir='ltr'><strong>familiaritatem</strong></span> <span class='ocrx_word' id='word_1_505' title='bbox 3138 2505 3295 2555; x_wconf 90' lang='lat' dir='ltr'><strong>quam</strong></span> <span class='ocrx_word' id='word_1_506' title='bbox 3324 2489 3556 2542; x_wconf 83' lang='lat' dir='ltr'><strong>habebat</strong></span> 
     </span>
    </p>
   </div>
   <div class='ocr_carea' id='block_1_69' title="bbox 1982 2577 3552 2648">
    <p class='ocr_par' dir='ltr' id='par_1_69' title="bbox 1982 2577 3552 2648">
     <span class='ocr_line' id='line_1_69' title="bbox 1982 2577 3552 2648; baseline -0.003 -13"><span class='ocrx_word' id='word_1_507' title='bbox 1982 2599 2102 2635; x_wconf 90' lang='lat' dir='ltr'><strong>cmn</strong></span> <span class='ocrx_word' id='word_1_508' title='bbox 2133 2597 2316 2635; x_wconf 86' lang='lat' dir='ltr'><strong>carne.</strong></span> <span class='ocrx_word' id='word_1_509' title='bbox 2359 2579 2523 2648; x_wconf 87' lang='lat' dir='ltr'><strong>Igitur</strong></span> <span class='ocrx_word' id='word_1_510' title='bbox 2551 2580 2726 2647; x_wconf 90' lang='lat' dir='ltr'><strong>ipsum</strong></span> <span class='ocrx_word' id='word_1_511' title='bbox 2773 2579 2988 2648; x_wconf 88' lang='lat' dir='ltr'><strong>quidem</strong></span> <span class='ocrx_word' id='word_1_512' title='bbox 3035 2578 3208 2642; x_wconf 90' lang='lat' dir='ltr'><strong>vivit,</strong></span> <span class='ocrx_word' id='word_1_513' title='bbox 3257 2587 3314 2632; x_wconf 91' lang='lat' dir='ltr'><strong>ut</strong></span> <span class='ocrx_word' id='word_1_514' title='bbox 3365 2577 3552 2643; x_wconf 87' lang='lat' dir='ltr'><strong>Deus;</strong></span> 
     </span>
    </p>
   </div>
   <div class='ocr_carea' id='block_1_70' title="bbox 1982 2669 3550 2740">
    <p class='ocr_par' dir='ltr' id='par_1_70' title="bbox 1982 2669 3550 2740">
     <span class='ocr_line' id='line_1_70' title="bbox 1982 2669 3550 2740; baseline -0.003 -15"><span class='ocrx_word' id='word_1_515' title='bbox 1982 2687 2177 2738; x_wconf 90' lang='lat' dir='ltr'><strong>corpus</strong></span> <span class='ocrx_word' id='word_1_516' title='bbox 2201 2687 2330 2724; x_wconf 85' lang='lat' dir='ltr'><strong>vero</strong></span> <span class='ocrx_word' id='word_1_517' title='bbox 2358 2680 2618 2740; x_wconf 78' lang='lat' dir='ltr'><strong>tanquam</strong></span> <span class='ocrx_word' id='word_1_518' title='bbox 2647 2671 2922 2740; x_wconf 89' lang='lat' dir='ltr'><strong>proprium</strong></span> <span class='ocrx_word' id='word_1_519' title='bbox 2969 2670 3222 2733; x_wconf 75' lang='lat' dir='ltr'><strong>faciebat,</strong></span> <span class='ocrx_word' id='word_1_520' title='bbox 3275 2680 3328 2721; x_wconf 89' lang='lat' dir='ltr'><strong>et</strong></span> <span class='ocrx_word' id='word_1_521' title='bbox 3367 2669 3446 2722; x_wconf 88' lang='lat' dir='ltr'><strong>sic</strong></span> <span class='ocrx_word' id='word_1_522' title='bbox 3497 2669 3550 2722; x_wconf 92' lang='lat' dir='ltr'><strong>in</strong></span> 
     </span>
    </p>
   </div>
   <div class='ocr_carea' id='block_1_71' title="bbox 1980 2761 3543 2839">
    <p class='ocr_par' dir='ltr' id='par_1_71' title="bbox 1980 2761 3543 2839">
     <span class='ocr_line' id='line_1_71' title="bbox 1980 2761 3543 2839; baseline -0.006 -22"><span class='ocrx_word' id='word_1_523' title='bbox 1980 2779 2038 2818; x_wconf 90' lang='lat' dir='ltr'><strong>se</strong></span> <span class='ocrx_word' id='word_1_524' title='bbox 2068 2761 2404 2816; x_wconf 80' lang='lat' dir='ltr'><strong>familiariter</strong></span> <span class='ocrx_word' id='word_1_525' title='bbox 2425 2761 2723 2830; x_wconf 90' lang='lat' dir='ltr'><strong>accipiebat</strong></span> <span class='ocrx_word' id='word_1_526' title='bbox 2768 2762 3010 2830; x_wconf 86' lang='lat' dir='ltr'><strong>corporis</strong></span> <span class='ocrx_word' id='word_1_527' title='bbox 3055 2763 3372 2829; x_wconf 78' lang='lat' dir='ltr'><strong>passiones,</strong></span> <span class='ocrx_word' id='word_1_528' title='bbox 3421 2774 3543 2839; x_wconf 79' lang='lat' dir='ltr'><strong>cum</strong></span> 
     </span>
    </p>
   </div>
   <div class='ocr_carea' id='block_1_72' title="bbox 1981 2850 3550 2922">
    <p class='ocr_par' dir='ltr' id='par_1_72' title="bbox 1981 2850 3550 2922">
     <span class='ocr_line' id='line_1_72' title="bbox 1981 2850 3550 2922; baseline -0.004 -16"><span class='ocrx_word' id='word_1_529' title='bbox 1981 2855 2156 2922; x_wconf 83' lang='lat' dir='ltr'><strong>ipsum</strong></span> <span class='ocrx_word' id='word_1_530' title='bbox 2194 2852 2324 2906; x_wconf 89' lang='lat' dir='ltr'><strong>nihil</strong></span> <span class='ocrx_word' id='word_1_531' title='bbox 2376 2854 2428 2905; x_wconf 91' lang='lat' dir='ltr'><strong>in</strong></span> <span class='ocrx_word' id='word_1_532' title='bbox 2477 2861 2664 2905; x_wconf 89' lang='lat' dir='ltr'><strong>natura</strong></span> <span class='ocrx_word' id='word_1_533' title='bbox 2718 2851 2934 2920; x_wconf 90' lang='lat' dir='ltr'><strong>propria</strong></span> <span class='ocrx_word' id='word_1_534' title='bbox 2971 2859 3269 2919; x_wconf 87' lang='lat' dir='ltr'><strong>pateretur.</strong></span> <span class='ocrx_word' id='word_1_535' title='bbox 3321 2850 3550 2904; x_wconf 87' lang='lat' dir='ltr'><strong>Prodest</strong></span> 
     </span>
    </p>
   </div>
   <div class='ocr_carea' id='block_1_73' title="bbox 1980 2939 3542 3012">
    <p class='ocr_par' dir='ltr' id='par_1_73' title="bbox 1980 2939 3542 3012">
     <span class='ocr_line' id='line_1_73' title="bbox 1980 2939 3542 3012; baseline -0.003 -15"><span class='ocrx_word' id='word_1_536' title='bbox 1980 2945 2140 3012; x_wconf 83' lang='lat' dir='ltr'><strong>igitur</strong></span> <span class='ocrx_word' id='word_1_537' title='bbox 2167 2955 2220 2996; x_wconf 90' lang='lat' dir='ltr'><strong>et</strong></span> <span class='ocrx_word' id='word_1_538' title='bbox 2247 2943 2605 2997; x_wconf 85' lang='lat' dir='ltr'><strong>necessarium</strong></span> <span class='ocrx_word' id='word_1_539' title='bbox 2639 2951 2742 3004; x_wconf 89' lang='lat' dir='ltr'><strong>est,</strong></span> <span class='ocrx_word' id='word_1_540' title='bbox 2778 2943 2820 2995; x_wconf 92' lang='lat' dir='ltr'><strong>si</strong></span> <span class='ocrx_word' id='word_1_541' title='bbox 2856 2945 2906 2994; x_wconf 95' lang='lat' dir='ltr'><strong>in</strong></span> <span class='ocrx_word' id='word_1_542' title='bbox 2934 2958 3040 2995; x_wconf 85' lang='lat' dir='ltr'><strong>uno</strong></span> <span class='ocrx_word' id='word_1_543' title='bbox 3067 2941 3283 2996; x_wconf 81' lang='lat' dir='ltr'><strong>Christo</strong></span> <span class='ocrx_word' id='word_1_544' title='bbox 3315 2939 3365 2992; x_wconf 91' lang='lat' dir='ltr'><strong>id</strong></span> <span class='ocrx_word' id='word_1_545' title='bbox 3392 2941 3542 2993; x_wconf 79' lang='lat' dir='ltr'><strong>acci-</strong></span> 
     </span>
    </p>
   </div>
   <div class='ocr_carea' id='block_1_74' title="bbox 1978 3033 3554 3105">
    <p class='ocr_par' dir='ltr' id='par_1_74' title="bbox 1978 3033 3554 3105">
     <span class='ocr_line' id='line_1_74' title="bbox 1978 3033 3554 3105; baseline -0.003 -17"><span class='ocrx_word' id='word_1_546' title='bbox 1978 3038 2190 3105; x_wconf 89' lang='lat' dir='ltr'><strong>piantus</strong></span> <span class='ocrx_word' id='word_1_547' title='bbox 2226 3036 2368 3101; x_wconf 90' lang='lat' dir='ltr'><strong>quod</strong></span> <span class='ocrx_word' id='word_1_548' title='bbox 2416 3033 2717 3088; x_wconf 89' lang='lat' dir='ltr'><strong>secundum</strong></span> <span class='ocrx_word' id='word_1_549' title='bbox 2764 3034 2905 3087; x_wconf 88' lang='lat' dir='ltr'><strong>aliud</strong></span> <span class='ocrx_word' id='word_1_550' title='bbox 2942 3042 2995 3088; x_wconf 90' lang='lat' dir='ltr'><strong>et</strong></span> <span class='ocrx_word' id='word_1_551' title='bbox 3025 3033 3168 3084; x_wconf 92' lang='lat' dir='ltr'><strong>aliud</strong></span> <span class='ocrx_word' id='word_1_552' title='bbox 3210 3033 3274 3085; x_wconf 91' lang='lat' dir='ltr'><strong>de</strong></span> <span class='ocrx_word' id='word_1_553' title='bbox 3313 3047 3421 3084; x_wconf 90' lang='lat' dir='ltr'><strong>uno</strong></span> <span class='ocrx_word' id='word_1_554' title='bbox 3456 3046 3554 3083; x_wconf 81' lang='lat' dir='ltr'><strong>eo-</strong></span> 
     </span>
    </p>
   </div>
   <div class='ocr_carea' id='block_1_75' title="bbox 1978 3121 3552 3195">
    <p class='ocr_par' dir='ltr' id='par_1_75' title="bbox 1978 3121 3552 3195">
     <span class='ocr_line' id='line_1_75' title="bbox 1978 3121 3552 3195; baseline -0.004 -14"><span class='ocrx_word' id='word_1_555' title='bbox 1978 3129 2210 3195; x_wconf 89' lang='lat' dir='ltr'><strong>demque</strong></span> <span class='ocrx_word' id='word_1_556' title='bbox 2260 3127 2646 3190; x_wconf 89' lang='lat' dir='ltr'><strong>constituatur,</strong></span> <span class='ocrx_word' id='word_1_557' title='bbox 2697 3136 2750 3178; x_wconf 92' lang='lat' dir='ltr'><strong>ct</strong></span> <span class='ocrx_word' id='word_1_558' title='bbox 2791 3126 2930 3194; x_wconf 90' lang='lat' dir='ltr'><strong>quod</strong></span> <span class='ocrx_word' id='word_1_559' title='bbox 2983 3124 3036 3177; x_wconf 89' lang='lat' dir='ltr'><strong>in</strong></span> <span class='ocrx_word' id='word_1_560' title='bbox 3089 3123 3195 3176; x_wconf 91' lang='lat' dir='ltr'><strong>duo</strong></span> <span class='ocrx_word' id='word_1_561' title='bbox 3231 3121 3396 3176; x_wconf 86' lang='lat' dir='ltr'><strong>dividi</strong></span> <span class='ocrx_word' id='word_1_562' title='bbox 3443 3137 3552 3176; x_wconf 89' lang='lat' dir='ltr'><strong>non</strong></span> 
     </span>
    </p>
   </div>
   <div class='ocr_carea' id='block_1_76' title="bbox 1979 3214 3548 3288">
    <p class='ocr_par' dir='ltr' id='par_1_76' title="bbox 1979 3214 3548 3288">
     <span class='ocr_line' id='line_1_76' title="bbox 1979 3214 3548 3288; baseline -0.004 -16"><span class='ocrx_word' id='word_1_563' title='bbox 1979 3221 2327 3288; x_wconf 86' lang='lat' dir='ltr'><strong>permittatur</strong></span> <span class='ocrx_word' id='word_1_564' title='bbox 2353 3260 2366 3281; x_wconf 91' lang='lat'><strong>,</strong></span> <span class='ocrx_word' id='word_1_565' title='bbox 2407 3219 2530 3272; x_wconf 86' lang='lat' dir='ltr'><strong>licet</strong></span> <span class='ocrx_word' id='word_1_566' title='bbox 2553 3219 2764 3272; x_wconf 85' lang='lat' dir='ltr'><strong>diversa</strong></span> <span class='ocrx_word' id='word_1_567' title='bbox 2795 3217 2936 3270; x_wconf 90' lang='lat' dir='ltr'><strong>inter</strong></span> <span class='ocrx_word' id='word_1_568' title='bbox 2969 3230 3047 3278; x_wconf 89' lang='lat' dir='ltr'><strong>se,</strong></span> <span class='ocrx_word' id='word_1_569' title='bbox 3087 3223 3141 3268; x_wconf 92' lang='lat' dir='ltr'><strong>et</strong></span> <span class='ocrx_word' id='word_1_570' title='bbox 3173 3214 3396 3268; x_wconf 90' lang='lat' dir='ltr'><strong>minime</strong></span> <span class='ocrx_word' id='word_1_571' title='bbox 3424 3227 3548 3267; x_wconf 90' lang='lat' dir='ltr'><strong>cou-</strong></span> 
     </span>
    </p>
   </div>
   <div class='ocr_carea' id='block_1_77' title="bbox 1976 3309 2858 3373">
    <p class='ocr_par' dir='ltr' id='par_1_77' title="bbox 1976 3309 2858 3373">
     <span class='ocr_line' id='line_1_77' title="bbox 1976 3309 2858 3373; baseline -0.002 -13"><span class='ocrx_word' id='word_1_572' title='bbox 1976 3312 2263 3373; x_wconf 85' lang='lat' dir='ltr'><strong>venientia,</strong></span> <span class='ocrx_word' id='word_1_573' title='bbox 2298 3323 2417 3362; x_wconf 81' lang='lat' dir='ltr'><strong>actu</strong></span> <span class='ocrx_word' id='word_1_574' title='bbox 2445 3324 2565 3363; x_wconf 79' lang='lat' dir='ltr'><strong>esse</strong></span> <span class='ocrx_word' id='word_1_575' title='bbox 2591 3309 2858 3362; x_wconf 84' lang='lat' dir='ltr'><strong>dicantur.</strong></span> 
     </span>
    </p>
   </div>
   <div class='ocr_carea' id='block_1_78' title="bbox 2051 3395 3548 3469">
    <p class='ocr_par' dir='ltr' id='par_1_78' title="bbox 2051 3395 3548 3469">
     <span class='ocr_line' id='line_1_78' title="bbox 2051 3395 3548 3469; baseline -0.004 -15"><span class='ocrx_word' id='word_1_576' title='bbox 2051 3403 2141 3457; x_wconf 86' lang='lat' dir='ltr'><strong>Est</strong></span> <span class='ocrx_word' id='word_1_577' title='bbox 2173 3413 2350 3456; x_wconf 89' lang='lat' dir='ltr'><strong>autem</strong></span> <span class='ocrx_word' id='word_1_578' title='bbox 2386 3402 2490 3456; x_wconf 91' lang='lat' dir='ltr'><strong>tale</strong></span> <span class='ocrx_word' id='word_1_579' title='bbox 2521 3401 2660 3469; x_wconf 88' lang='lat' dir='ltr'><strong>quod</strong></span> <span class='ocrx_word' id='word_1_580' title='bbox 2698 3400 2839 3453; x_wconf 80' lang='lat' dir='ltr'><strong>diro.</strong></span> <span class='ocrx_word' id='word_1_581' title='bbox 2874 3397 3068 3452; x_wconf 83' lang='lat' dir='ltr'><strong>Natum</strong></span> <span class='ocrx_word' id='word_1_582' title='bbox 3099 3412 3222 3451; x_wconf 88' lang='lat' dir='ltr'><strong>esse</strong></span> <span class='ocrx_word' id='word_1_583' title='bbox 3251 3395 3548 3451; x_wconf 89' lang='lat' dir='ltr'><strong>secundum</strong></span> 
     </span>
    </p>
   </div>
   <div class='ocr_carea' id='block_1_79' title="bbox 1975 3485 3554 3551">
    <p class='ocr_par' dir='ltr' id='par_1_79' title="bbox 1975 3485 3554 3551">
     <span class='ocr_line' id='line_1_79' title="bbox 1975 3485 3554 3551; baseline -0.006 -6"><span class='ocrx_word' id='word_1_584' title='bbox 1975 3507 2195 3545; x_wconf 85' lang='lat' dir='ltr'><strong>earnern</strong></span> <span class='ocrx_word' id='word_1_585' title='bbox 2227 3507 2291 3544; x_wconf 87' lang='lat' dir='ltr'><strong>ex</strong></span> <span class='ocrx_word' id='word_1_586' title='bbox 2320 3490 2540 3544; x_wconf 88' lang='lat' dir='ltr'><strong>muliere</strong></span> <span class='ocrx_word' id='word_1_587' title='bbox 2579 3489 2742 3543; x_wconf 90' lang='lat' dir='ltr'><strong>Deum</strong></span> <span class='ocrx_word' id='word_1_588' title='bbox 2777 3487 3009 3542; x_wconf 90' lang='lat' dir='ltr'><strong>dicimus</strong></span> <span class='ocrx_word' id='word_1_589' title='bbox 3053 3485 3279 3539; x_wconf 88' lang='lat' dir='ltr'><strong>Verbum</strong></span> <span class='ocrx_word' id='word_1_590' title='bbox 3309 3523 3326 3547; x_wconf 91' lang='lat'><strong>,</strong></span> <span class='ocrx_word' id='word_1_591' title='bbox 3358 3498 3554 3551; x_wconf 83' lang='lat' dir='ltr'><strong>qnam-</strong></span> 
     </span>
    </p>
   </div>
   <div class='ocr_carea' id='block_1_80' title="bbox 1974 3576 3546 3650">
    <p class='ocr_par' dir='ltr' id='par_1_80' title="bbox 1974 3576 3546 3650">
     <span class='ocr_line' id='line_1_80' title="bbox 1974 3576 3546 3650; baseline -0.004 -17"><span class='ocrx_word' id='word_1_592' title='bbox 1974 3583 2056 3636; x_wconf 81' lang='lat' dir='ltr'><strong>vis</strong></span> <span class='ocrx_word' id='word_1_593' title='bbox 2091 3584 2339 3636; x_wconf 82' lang='lat' dir='ltr'><strong>omnibus</strong></span> <span class='ocrx_word' id='word_1_594' title='bbox 2376 3583 2489 3650; x_wconf 81' lang='lat' dir='ltr'><strong>ipse</strong></span> <span class='ocrx_word' id='word_1_595' title='bbox 2525 3582 2759 3650; x_wconf 70' lang='lat' dir='ltr'><strong>prrebeat</strong></span> <span class='ocrx_word' id='word_1_596' title='bbox 2794 3578 2962 3642; x_wconf 86' lang='lat' dir='ltr'><strong>nasci,</strong></span> <span class='ocrx_word' id='word_1_597' title='bbox 2999 3587 3052 3632; x_wconf 88' lang='lat' dir='ltr'><strong>et.</strong></span> <span class='ocrx_word' id='word_1_598' title='bbox 3083 3578 3147 3629; x_wconf 89' lang='lat' dir='ltr'><strong>ad</strong></span> <span class='ocrx_word' id='word_1_599' title='bbox 3182 3576 3546 3639; x_wconf 87' lang='lat' dir='ltr'><strong>nativitatem,</strong></span> 
     </span>
    </p>
   </div>
   <div class='ocr_carea' id='block_1_81' title="bbox 1973 3669 3556 3746">
    <p class='ocr_par' dir='ltr' id='par_1_81' title="bbox 1973 3669 3556 3746">
     <span class='ocr_line' id='line_1_81' title="bbox 1973 3669 3556 3746; baseline -0.005 -16"><span class='ocrx_word' id='word_1_600' title='bbox 1973 3693 2092 3746; x_wconf 66' lang='lat' dir='ltr'><strong>quae</strong></span> <span class='ocrx_word' id='word_1_601' title='bbox 2122 3678 2355 3730; x_wconf 88' lang='lat' dir='ltr'><strong>nomlum</strong></span> <span class='ocrx_word' id='word_1_602' title='bbox 2401 3687 2522 3728; x_wconf 89' lang='lat' dir='ltr'><strong>nata</strong></span> <span class='ocrx_word' id='word_1_603' title='bbox 2555 3685 2699 3737; x_wconf 87' lang='lat' dir='ltr'><strong>sunt,</strong></span> <span class='ocrx_word' id='word_1_604' title='bbox 2735 3686 2905 3727; x_wconf 78' lang='lat' dir='ltr'><strong>vocet.</strong></span> <span class='ocrx_word' id='word_1_605' title='bbox 2962 3671 3268 3725; x_wconf 89' lang='lat' dir='ltr'><strong>Secundum</strong></span> <span class='ocrx_word' id='word_1_606' title='bbox 3316 3669 3457 3723; x_wconf 92' lang='lat' dir='ltr'><strong>aliud</strong></span> <span class='ocrx_word' id='word_1_607' title='bbox 3499 3684 3556 3722; x_wconf 84' lang='lat' dir='ltr'><strong>et.</strong></span> 
     </span>
    </p>
   </div>
   <div class='ocr_carea' id='block_1_82' title="bbox 1975 3761 3547 3835">
    <p class='ocr_par' dir='ltr' id='par_1_82' title="bbox 1975 3761 3547 3835">
     <span class='ocr_line' id='line_1_82' title="bbox 1975 3761 3547 3835; baseline -0.006 -13"><span class='ocrx_word' id='word_1_608' title='bbox 1975 3769 2117 3823; x_wconf 90' lang='lat' dir='ltr'><strong>aliud</strong></span> <span class='ocrx_word' id='word_1_609' title='bbox 2147 3780 2328 3822; x_wconf 88' lang='lat' dir='ltr'><strong>natum</strong></span> <span class='ocrx_word' id='word_1_610' title='bbox 2363 3777 2464 3830; x_wconf 89' lang='lat' dir='ltr'><strong>est,</strong></span> <span class='ocrx_word' id='word_1_611' title='bbox 2491 3784 2555 3820; x_wconf 90' lang='lat' dir='ltr'><strong>eo</strong></span> <span class='ocrx_word' id='word_1_612' title='bbox 2587 3767 2729 3835; x_wconf 85' lang='lat' dir='ltr'><strong>quod</strong></span> <span class='ocrx_word' id='word_1_613' title='bbox 2773 3766 2936 3820; x_wconf 90' lang='lat' dir='ltr'><strong>homo</strong></span> <span class='ocrx_word' id='word_1_614' title='bbox 2964 3764 3132 3817; x_wconf 89' lang='lat' dir='ltr'><strong>nostri</strong></span> <span class='ocrx_word' id='word_1_615' title='bbox 3167 3762 3360 3816; x_wconf 90' lang='lat' dir='ltr'><strong>similis</strong></span> <span class='ocrx_word' id='word_1_616' title='bbox 3389 3761 3547 3815; x_wconf 89' lang='lat' dir='ltr'><strong>intel-</strong></span> 
     </span>
    </p>
   </div>
   <div class='ocr_carea' id='block_1_83' title="bbox 1989 3852 3552 3928">
    <p class='ocr_par' dir='ltr' id='par_1_83' title="bbox 1989 3852 3552 3928">
     <span class='ocr_line' id='line_1_83' title="bbox 1989 3852 3552 3928; baseline -0.004 -16"><span class='ocrx_word' id='word_1_617' title='bbox 1989 3863 2223 3928; x_wconf 82' lang='lat' dir='ltr'><strong>ligatur;</strong></span> <span class='ocrx_word' id='word_1_618' title='bbox 2249 3869 2403 3911; x_wconf 89' lang='lat' dir='ltr'><strong>vocat</strong></span> <span class='ocrx_word' id='word_1_619' title='bbox 2434 3867 2610 3912; x_wconf 88' lang='lat' dir='ltr'><strong>autem</strong></span> <span class='ocrx_word' id='word_1_620' title='bbox 2644 3859 2706 3908; x_wconf 88' lang='lat' dir='ltr'><strong>ad</strong></span> <span class='ocrx_word' id='word_1_621' title='bbox 2745 3855 3074 3908; x_wconf 89' lang='lat' dir='ltr'><strong>nativitatem</strong></span> <span class='ocrx_word' id='word_1_622' title='bbox 3097 3855 3296 3915; x_wconf 86' lang='lat' dir='ltr'><strong>omnia,</strong></span> <span class='ocrx_word' id='word_1_623' title='bbox 3321 3867 3386 3905; x_wconf 90' lang='lat' dir='ltr'><strong>eo</strong></span> <span class='ocrx_word' id='word_1_624' title='bbox 3407 3852 3552 3918; x_wconf 81' lang='lat' dir='ltr'><strong>quod</strong></span> 
     </span>
    </p>
   </div>
   <div class='ocr_carea' id='block_1_84' title="bbox 1974 3948 2452 4001">
    <p class='ocr_par' dir='ltr' id='par_1_84' title="bbox 1974 3948 2452 4001">
     <span class='ocr_line' id='line_1_84' title="bbox 1974 3948 2452 4001; baseline -0.006 0"><span class='ocrx_word' id='word_1_625' title='bbox 1974 3961 2163 4001; x_wconf 86' lang='lat' dir='ltr'><strong>natura</strong></span> <span class='ocrx_word' id='word_1_626' title='bbox 2194 3948 2261 4000; x_wconf 87' lang='lat' dir='ltr'><strong>sit</strong></span> <span class='ocrx_word' id='word_1_627' title='bbox 2293 3949 2452 3999; x_wconf 86' lang='lat' dir='ltr'><strong>Deus.</strong></span> 
     </span>
    </p>
   </div>
   <div class='ocr_carea' id='block_1_85' title="bbox 2044 4031 3550 4101">
    <p class='ocr_par' dir='ltr' id='par_1_85' title="bbox 2044 4031 3550 4101">
     <span class='ocr_line' id='line_1_85' title="bbox 2044 4031 3550 4101; baseline -0.005 -12"><span class='ocrx_word' id='word_1_628' title='bbox 2044 4037 2316 4101; x_wconf 85' lang='lat' dir='ltr'><strong>Scriptum</strong></span> <span class='ocrx_word' id='word_1_629' title='bbox 2342 4045 2424 4088; x_wconf 70' lang='lat' dir='ltr'><strong>cst</strong></span> <span class='ocrx_word' id='word_1_630' title='bbox 2461 4036 2621 4088; x_wconf 87' lang='lat' dir='ltr'><strong>etiam</strong></span> <span class='ocrx_word' id='word_1_631' title='bbox 2652 4035 2716 4086; x_wconf 90' lang='lat' dir='ltr'><strong>de</strong></span> <span class='ocrx_word' id='word_1_632' title='bbox 2744 4035 2860 4100; x_wconf 89' lang='lat' dir='ltr'><strong>ipso</strong></span> <span class='ocrx_word' id='word_1_633' title='bbox 2899 4047 2909 4080; x_wconf 97' lang='lat'>:</span> <span class='ocrx_word' id='word_1_634' title='bbox 2953 4051 2972 4082; x_wconf 76' lang='grc' dir='ltr'><strong>ι</strong></span> <span class='ocrx_word' id='word_1_635' title='bbox 3028 4031 3166 4085; x_wconf 83' lang='lat' dir='ltr'><strong>Puer</strong></span> <span class='ocrx_word' id='word_1_636' title='bbox 3203 4031 3550 4101; x_wconf 88' lang='lat' dir='ltr'><strong>proliciebat,</strong></span> 
     </span>
    </p>
   </div>
   <div class='ocr_carea' id='block_1_86' title="bbox 1972 4121 3550 4190">
    <p class='ocr_par' dir='ltr' id='par_1_86' title="bbox 1972 4121 3550 4190">
     <span class='ocr_line' id='line_1_86' title="bbox 1972 4121 3550 4190; baseline -0.003 -11"><span class='ocrx_word' id='word_1_637' title='bbox 1972 4141 2022 4179; x_wconf 89' lang='lat' dir='ltr'><strong>et</strong></span> <span class='ocrx_word' id='word_1_638' title='bbox 2058 4125 2489 4186; x_wconf 70' lang='lat' dir='ltr'><strong>confer-labatur,</strong></span> <span class='ocrx_word' id='word_1_639' title='bbox 2537 4138 2592 4178; x_wconf 85' lang='lat' dir='ltr'><strong>et</strong></span> <span class='ocrx_word' id='word_1_640' title='bbox 2626 4123 2953 4190; x_wconf 85' lang='lat' dir='ltr'><strong>implcbatur</strong></span> <span class='ocrx_word' id='word_1_641' title='bbox 3000 4121 3264 4189; x_wconf 87' lang='lat' dir='ltr'><strong>sapientia</strong></span> <span class='ocrx_word' id='word_1_642' title='bbox 3319 4130 3372 4176; x_wconf 84' lang='lat' dir='ltr'><strong>et</strong></span> <span class='ocrx_word' id='word_1_643' title='bbox 3421 4137 3550 4190; x_wconf 86' lang='lat' dir='ltr'><strong>gra-</strong></span> 
     </span>
    </p>
   </div>
   <div class='ocr_carea' id='block_1_87' title="bbox 1975 4207 3549 4277">
    <p class='ocr_par' dir='ltr' id='par_1_87' title="bbox 1975 4207 3549 4277">
     <span class='ocr_line' id='line_1_87' title="bbox 1975 4207 3549 4277; baseline -0.001 -13"><span class='ocrx_word' id='word_1_644' title='bbox 1975 4219 2042 4265; x_wconf 84' lang='lat' dir='ltr'><strong>tia</strong></span> <span class='ocrx_word' id='word_1_645' title='bbox 2078 4215 2137 4268; x_wconf 61' lang='lat'><strong>&quot;9.</strong></span> <span class='ocrx_word' id='word_1_646' title='bbox 2175 4233 2192 4262; x_wconf 73' lang='grc' dir='ltr'><strong>ι</strong></span> <span class='ocrx_word' id='word_1_647' title='bbox 2229 4213 2361 4267; x_wconf 87' lang='lat' dir='ltr'><strong>Cttut</strong></span> <span class='ocrx_word' id='word_1_648' title='bbox 2410 4221 2599 4265; x_wconf 89' lang='lat' dir='ltr'><strong>natura</strong></span> <span class='ocrx_word' id='word_1_649' title='bbox 2634 4215 2702 4263; x_wconf 89' lang='lat' dir='ltr'><strong>sit</strong></span> <span class='ocrx_word' id='word_1_650' title='bbox 2742 4209 3131 4277; x_wconf 65' lang='lat' dir='ltr'><strong>perlertum‘nt</strong></span> <span class='ocrx_word' id='word_1_651' title='bbox 3182 4207 3357 4275; x_wconf 87' lang='lat' dir='ltr'><strong>Deus,</strong></span> <span class='ocrx_word' id='word_1_652' title='bbox 3403 4220 3456 4262; x_wconf 87' lang='lat' dir='ltr'><strong>et</strong></span> <span class='ocrx_word' id='word_1_653' title='bbox 3483 4224 3549 4262; x_wconf 83' lang='lat' dir='ltr'><strong>ex</strong></span> 
     </span>
    </p>
   </div>
   <div class='ocr_carea' id='block_1_88' title="bbox 1970 4298 3545 4372">
    <p class='ocr_par' dir='ltr' id='par_1_88' title="bbox 1970 4298 3545 4372">
     <span class='ocr_line' id='line_1_88' title="bbox 1970 4298 3545 4372; baseline -0.005 -14"><span class='ocrx_word' id='word_1_654' title='bbox 1970 4322 2063 4358; x_wconf 80' lang='lat' dir='ltr'><strong>sua</strong></span> <span class='ocrx_word' id='word_1_655' title='bbox 2107 4304 2433 4372; x_wconf 87' lang='lat' dir='ltr'><strong>plenitudine</strong></span> <span class='ocrx_word' id='word_1_656' title='bbox 2478 4302 2740 4371; x_wconf 78' lang='lat' dir='ltr'><strong>spiritalia</strong></span> <span class='ocrx_word' id='word_1_657' title='bbox 2787 4301 2990 4354; x_wconf 79' lang='lat' dir='ltr'><strong>sanctis</strong></span> <span class='ocrx_word' id='word_1_658' title='bbox 3046 4298 3323 4367; x_wconf 90' lang='lat' dir='ltr'><strong>impertiat</strong></span> <span class='ocrx_word' id='word_1_659' title='bbox 3362 4316 3376 4363; x_wconf 90' lang='lat'><strong>;</strong></span> <span class='ocrx_word' id='word_1_660' title='bbox 3422 4313 3545 4352; x_wconf 92' lang='lat' dir='ltr'><strong>cum</strong></span> 
     </span>
    </p>
   </div>
   <div class='ocr_carea' id='block_1_89' title="bbox 1972 4385 3546 4462">
    <p class='ocr_par' dir='ltr' id='par_1_89' title="bbox 1972 4385 3546 4462">
     <span class='ocr_line' id='line_1_89' title="bbox 1972 4385 3546 4462; baseline -0.006 -15"><span class='ocrx_word' id='word_1_661' title='bbox 1972 4398 2140 4462; x_wconf 86' lang='lat' dir='ltr'><strong>ipsum</strong></span> <span class='ocrx_word' id='word_1_662' title='bbox 2184 4394 2252 4447; x_wconf 88' lang='lat' dir='ltr'><strong>sit</strong></span> <span class='ocrx_word' id='word_1_663' title='bbox 2279 4393 2560 4461; x_wconf 73' lang='lat' dir='ltr'><strong>sapientia:</strong></span> <span class='ocrx_word' id='word_1_664' title='bbox 2591 4393 2744 4443; x_wconf 85' lang='lat' dir='ltr'><strong>dator</strong></span> <span class='ocrx_word' id='word_1_665' title='bbox 2771 4399 2822 4442; x_wconf 87' lang='lat' dir='ltr'><strong>et</strong></span> <span class='ocrx_word' id='word_1_666' title='bbox 2848 4389 3057 4458; x_wconf 67' lang='lat' dir='ltr'><strong>gratim,</strong></span> <span class='ocrx_word' id='word_1_667' title='bbox 3107 4385 3374 4457; x_wconf 90' lang='lat' dir='ltr'><strong>quomodo</strong></span> <span class='ocrx_word' id='word_1_668' title='bbox 3421 4401 3546 4454; x_wconf 89' lang='lat' dir='ltr'><strong>pro-</strong></span> 
     </span>
    </p>
   </div>
   <div class='ocr_carea' id='block_1_90' title="bbox 305 4479 3536 4569">
    <p class='ocr_par' dir='ltr' id='par_1_90' title="bbox 305 4479 3536 4569">
     <span class='ocr_line' id='line_1_90' title="bbox 305 4479 3536 4569; baseline -0.001 -34"><span class='ocrx_word' id='word_1_669' title='bbox 305 4483 552 4544; x_wconf 90' lang='lat' dir='ltr'><strong>mnndos,</strong></span> <span class='ocrx_word' id='word_1_670' title='bbox 581 4489 634 4534; x_wconf 90' lang='lat' dir='ltr'><strong>et</strong></span> <span class='ocrx_word' id='word_1_671' title='bbox 664 4482 865 4548; x_wconf 80' lang='lat' dir='ltr'><strong>lignum</strong></span> <span class='ocrx_word' id='word_1_672' title='bbox 899 4485 1199 4549; x_wconf 88' lang='lat' dir='ltr'><strong>cedrinum,</strong></span> <span class='ocrx_word' id='word_1_673' title='bbox 1229 4497 1284 4539; x_wconf 87' lang='lat' dir='ltr'><strong>et</strong></span> <span class='ocrx_word' id='word_1_674' title='bbox 1330 4490 1609 4541; x_wconf 89' lang='lat' dir='ltr'><strong>coccinum</strong></span> <span class='ocrx_word' id='word_1_675' title='bbox 1649 4499 1702 4543; x_wconf 87' lang='lat' dir='ltr'><strong>et.</strong></span> <span class='ocrx_word' id='word_1_676' title='bbox 1740 4491 1864 4558; x_wconf 68' lang='lat' dir='ltr'><strong>hys-</strong></span> <span class='ocrx_word' id='word_1_677' title='bbox 1905 4518 1943 4569; x_wconf 74' lang='grc' dir='ltr'>υ</span> <span class='ocrx_word' id='word_1_678' title='bbox 1974 4489 2080 4539; x_wconf 78' lang='lat' dir='ltr'><strong>tit-it</strong></span> <span class='ocrx_word' id='word_1_679' title='bbox 2108 4502 2258 4552; x_wconf 86' lang='lat' dir='ltr'><strong>puer,</strong></span> <span class='ocrx_word' id='word_1_680' title='bbox 2291 4495 2343 4539; x_wconf 88' lang='lat' dir='ltr'><strong>et</strong></span> <span class='ocrx_word' id='word_1_681' title='bbox 2368 4485 2626 4552; x_wconf 85' lang='lat' dir='ltr'><strong>sapientia</strong></span> <span class='ocrx_word' id='word_1_682' title='bbox 2663 4483 2916 4552; x_wconf 88' lang='lat' dir='ltr'><strong>impletur</strong></span> <span class='ocrx_word' id='word_1_683' title='bbox 2966 4493 3018 4534; x_wconf 90' lang='lat' dir='ltr'><strong>ct</strong></span> <span class='ocrx_word' id='word_1_684' title='bbox 3071 4479 3293 4548; x_wconf 85' lang='lat' dir='ltr'><strong>gratia?</strong></span> <span class='ocrx_word' id='word_1_685' title='bbox 3338 4480 3536 4569; x_wconf 61' lang='lat' dir='ltr'><strong>Serti-J-</strong></span> 
     </span>
    </p>
   </div>
   <div class='ocr_carea' id='block_1_91' title="bbox 302 4572 1866 4645">
    <p class='ocr_par' dir='ltr' id='par_1_91' title="bbox 302 4572 1866 4645">
     <span class='ocr_line' id='line_1_91' title="bbox 302 4572 1866 4645; baseline 0.003 -18"><span class='ocrx_word' id='word_1_686' title='bbox 302 4587 515 4640; x_wconf 87' lang='lat' dir='ltr'><strong>sopum,</strong></span> <span class='ocrx_word' id='word_1_687' title='bbox 539 4581 593 4624; x_wconf 86' lang='lat' dir='ltr'><strong>et</strong></span> <span class='ocrx_word' id='word_1_688' title='bbox 617 4572 892 4641; x_wconf 70' lang='lat' dir='ltr'><strong>praecipiet</strong></span> <span class='ocrx_word' id='word_1_689' title='bbox 933 4574 1187 4628; x_wconf 86' lang='lat' dir='ltr'><strong>sacerdos</strong></span> <span class='ocrx_word' id='word_1_690' title='bbox 1212 4614 1226 4637; x_wconf 92' lang='lat'><strong>,</strong></span> <span class='ocrx_word' id='word_1_691' title='bbox 1276 4585 1329 4629; x_wconf 91' lang='lat' dir='ltr'><strong>ct</strong></span> <span class='ocrx_word' id='word_1_692' title='bbox 1362 4578 1614 4632; x_wconf 87' lang='lat' dir='ltr'><strong>occidens</strong></span> <span class='ocrx_word' id='word_1_693' title='bbox 1661 4581 1866 4645; x_wconf 87' lang='lat' dir='ltr'><strong>pullum</strong></span> 
     </span>
    </p>
   </div>
   <div class='ocr_carea' id='block_1_92' title="bbox 301 4663 1864 4738">
    <p class='ocr_par' dir='ltr' id='par_1_92' title="bbox 301 4663 1864 4738">
     <span class='ocr_line' id='line_1_92' title="bbox 301 4663 1864 4738; baseline 0.004 -22"><span class='ocrx_word' id='word_1_694' title='bbox 301 4679 468 4716; x_wconf 90' lang='lat' dir='ltr'><strong>unum</strong></span> <span class='ocrx_word' id='word_1_695' title='bbox 500 4663 551 4716; x_wconf 92' lang='lat' dir='ltr'><strong>in</strong></span> <span class='ocrx_word' id='word_1_696' title='bbox 584 4679 710 4717; x_wconf 87' lang='lat' dir='ltr'><strong>vase</strong></span> <span class='ocrx_word' id='word_1_697' title='bbox 739 4665 906 4730; x_wconf 85' lang='lat' dir='ltr'><strong>tictili,</strong></span> <span class='ocrx_word' id='word_1_698' title='bbox 943 4666 994 4718; x_wconf 90' lang='lat' dir='ltr'><strong>in</strong></span> <span class='ocrx_word' id='word_1_699' title='bbox 1043 4682 1177 4735; x_wconf 89' lang='lat' dir='ltr'><strong>aqua</strong></span> <span class='ocrx_word' id='word_1_700' title='bbox 1225 4669 1341 4719; x_wconf 88' lang='lat' dir='ltr'><strong>viva</strong></span> <span class='ocrx_word' id='word_1_701' title='bbox 1373 4710 1386 4732; x_wconf 94' lang='lat'><strong>,</strong></span> <span class='ocrx_word' id='word_1_702' title='bbox 1453 4676 1507 4721; x_wconf 87' lang='lat' dir='ltr'><strong>et</strong></span> <span class='ocrx_word' id='word_1_703' title='bbox 1542 4670 1740 4737; x_wconf 89' lang='lat' dir='ltr'><strong>pullum</strong></span> <span class='ocrx_word' id='word_1_704' title='bbox 1776 4671 1864 4738; x_wconf 77' lang='lat' dir='ltr'><strong>qui</strong></span> 
     </span>
    </p>
   </div>
   <div class='ocr_carea' id='block_1_93' title="bbox 302 4755 1856 4831">
    <p class='ocr_par' dir='ltr' id='par_1_93' title="bbox 302 4755 1856 4831">
     <span class='ocr_line' id='line_1_93' title="bbox 302 4755 1856 4831; baseline 0.004 -23"><span class='ocrx_word' id='word_1_705' title='bbox 302 4755 434 4808; x_wconf 90' lang='lat' dir='ltr'><strong>vivit</strong></span> <span class='ocrx_word' id='word_1_706' title='bbox 484 4756 718 4825; x_wconf 89' lang='lat' dir='ltr'><strong>accipiet</strong></span> <span class='ocrx_word' id='word_1_707' title='bbox 749 4797 764 4820; x_wconf 92' lang='lat'><strong>,</strong></span> <span class='ocrx_word' id='word_1_708' title='bbox 821 4766 875 4810; x_wconf 88' lang='lat' dir='ltr'><strong>et</strong></span> <span class='ocrx_word' id='word_1_709' title='bbox 903 4757 1106 4811; x_wconf 89' lang='lat' dir='ltr'><strong>lavabit</strong></span> <span class='ocrx_word' id='word_1_710' title='bbox 1160 4759 1309 4812; x_wconf 84' lang='lat' dir='ltr'><strong>illum</strong></span> <span class='ocrx_word' id='word_1_711' title='bbox 1349 4762 1403 4812; x_wconf 88' lang='lat' dir='ltr'><strong>in</strong></span> <span class='ocrx_word' id='word_1_712' title='bbox 1435 4763 1697 4831; x_wconf 82' lang='lat' dir='ltr'><strong>sanguine</strong></span> <span class='ocrx_word' id='word_1_713' title='bbox 1729 4763 1856 4828; x_wconf 84' lang='lat' dir='ltr'><strong>pulli</strong></span> 
     </span>
    </p>
   </div>
   <div class='ocr_carea' id='block_1_94' title="bbox 301 4847 1854 4919">
    <p class='ocr_par' dir='ltr' id='par_1_94' title="bbox 301 4847 1854 4919">
     <span class='ocr_line' id='line_1_94' title="bbox 301 4847 1854 4919; baseline 0.004 -20"><span class='ocrx_word' id='word_1_714' title='bbox 301 4847 464 4902; x_wconf 84' lang='lat' dir='ltr'><strong>occisi</strong></span> <span class='ocrx_word' id='word_1_715' title='bbox 496 4847 546 4900; x_wconf 90' lang='lat' dir='ltr'><strong>in</strong></span> <span class='ocrx_word' id='word_1_716' title='bbox 569 4863 706 4916; x_wconf 90' lang='lat' dir='ltr'><strong>aqua</strong></span> <span class='ocrx_word' id='word_1_717' title='bbox 737 4849 882 4910; x_wconf 84' lang='lat' dir='ltr'><strong>viva,</strong></span> <span class='ocrx_word' id='word_1_718' title='bbox 910 4857 964 4901; x_wconf 92' lang='lat' dir='ltr'><strong>et</strong></span> <span class='ocrx_word' id='word_1_719' title='bbox 991 4859 1236 4919; x_wconf 87' lang='lat' dir='ltr'><strong>aspergat</strong></span> <span class='ocrx_word' id='word_1_720' title='bbox 1267 4866 1428 4918; x_wconf 89' lang='lat' dir='ltr'><strong>super</strong></span> <span class='ocrx_word' id='word_1_721' title='bbox 1450 4867 1571 4904; x_wconf 90' lang='lat' dir='ltr'><strong>eum</strong></span> <span class='ocrx_word' id='word_1_722' title='bbox 1605 4853 1693 4918; x_wconf 84' lang='lat' dir='ltr'><strong>qui</strong></span> <span class='ocrx_word' id='word_1_723' title='bbox 1727 4869 1854 4918; x_wconf 91' lang='lat' dir='ltr'><strong>pur-</strong></span> 
     </span>
    </p>
   </div>
   <div class='ocr_carea' id='block_1_95' title="bbox 265 4935 1862 5008">
    <p class='ocr_par' dir='ltr' id='par_1_95' title="bbox 265 4935 1862 5008">
     <span class='ocr_line' id='line_1_95' title="bbox 265 4935 1862 5008; baseline 0.001 -20"><span class='ocrx_word' id='word_1_724' title='bbox 265 5003 270 5008; x_wconf 89' lang='lat'><em>_</em></span> <span class='ocrx_word' id='word_1_725' title='bbox 301 4945 456 5006; x_wconf 87' lang='lat' dir='ltr'><strong>gatus</strong></span> <span class='ocrx_word' id='word_1_726' title='bbox 493 4945 573 4989; x_wconf 88' lang='lat' dir='ltr'><strong>est</strong></span> <span class='ocrx_word' id='word_1_727' title='bbox 602 4953 631 4989; x_wconf 92' lang='lat' dir='ltr'><strong>a</strong></span> <span class='ocrx_word' id='word_1_728' title='bbox 662 4935 806 5006; x_wconf 89' lang='lat' dir='ltr'><strong>lepra</strong></span> <span class='ocrx_word' id='word_1_729' title='bbox 842 4937 1059 5006; x_wconf 88' lang='lat' dir='ltr'><strong>septies,</strong></span> <span class='ocrx_word' id='word_1_730' title='bbox 1090 4947 1144 4990; x_wconf 89' lang='lat' dir='ltr'><strong>et</strong></span> <span class='ocrx_word' id='word_1_731' title='bbox 1176 4940 1405 4993; x_wconf 88' lang='lat' dir='ltr'><strong>mundus</strong></span> <span class='ocrx_word' id='word_1_732' title='bbox 1431 4939 1535 4992; x_wconf 88' lang='lat' dir='ltr'><strong>erit</strong></span> <span class='ocrx_word' id='word_1_733' title='bbox 1562 4939 1628 4992; x_wconf 68' lang='grc'><strong>⁸⁷.</strong></span> <span class='ocrx_word' id='word_1_734' title='bbox 1667 4959 1684 4990; x_wconf 82' lang='grc' dir='ltr'><strong>ι</strong></span> <span class='ocrx_word' id='word_1_735' title='bbox 1724 4941 1862 4992; x_wconf 78' lang='lat' dir='ltr'><strong>lted-</strong></span> 
     </span>
    </p>
   </div>
   <div class='ocr_carea' id='block_1_96' title="bbox 302 5027 1873 5099">
    <p class='ocr_par' dir='ltr' id='par_1_96' title="bbox 302 5027 1873 5099">
     <span class='ocr_line' id='line_1_96' title="bbox 302 5027 1873 5099; baseline 0.003 -19"><span class='ocrx_word' id='word_1_736' title='bbox 302 5027 382 5080; x_wconf 92' lang='lat' dir='ltr'><strong>dit</strong></span> <span class='ocrx_word' id='word_1_737' title='bbox 435 5027 648 5094; x_wconf 88' lang='lat' dir='ltr'><strong>quidem</strong></span> <span class='ocrx_word' id='word_1_738' title='bbox 719 5043 815 5081; x_wconf 90' lang='lat' dir='ltr'><strong>nos</strong></span> <span class='ocrx_word' id='word_1_739' title='bbox 859 5031 1089 5083; x_wconf 90' lang='lat' dir='ltr'><strong>mundos</strong></span> <span class='ocrx_word' id='word_1_740' title='bbox 1123 5071 1138 5094; x_wconf 94' lang='lat'><strong>,</strong></span> <span class='ocrx_word' id='word_1_741' title='bbox 1182 5038 1234 5083; x_wconf 89' lang='lat' dir='ltr'><strong>et</strong></span> <span class='ocrx_word' id='word_1_742' title='bbox 1272 5029 1628 5099; x_wconf 89' lang='lat' dir='ltr'><strong>pollutionmn</strong></span> <span class='ocrx_word' id='word_1_743' title='bbox 1683 5033 1873 5085; x_wconf 85' lang='lat' dir='ltr'><strong>sordes</strong></span> 
     </span>
    </p>
   </div>
   <div class='ocr_carea' id='block_1_97' title="bbox 302 5115 1866 5185">
    <p class='ocr_par' dir='ltr' id='par_1_97' title="bbox 302 5115 1866 5185">
     <span class='ocr_line' id='line_1_97' title="bbox 302 5115 1866 5185; baseline 0.002 -17"><span class='ocrx_word' id='word_1_744' title='bbox 302 5115 491 5178; x_wconf 87' lang='lat' dir='ltr'><strong>abluit,</strong></span> <span class='ocrx_word' id='word_1_745' title='bbox 524 5127 578 5169; x_wconf 83' lang='lat' dir='ltr'><strong>et</strong></span> <span class='ocrx_word' id='word_1_746' title='bbox 610 5117 846 5170; x_wconf 87' lang='lat' dir='ltr'><strong>carnalis</strong></span> <span class='ocrx_word' id='word_1_747' title='bbox 881 5117 1336 5185; x_wconf 70' lang='lat' dir='ltr'><strong>concupiscentiae</strong></span> <span class='ocrx_word' id='word_1_748' title='bbox 1365 5119 1747 5174; x_wconf 80' lang='lat' dir='ltr'><strong>mortalitatem</strong></span> <span class='ocrx_word' id='word_1_749' title='bbox 1786 5138 1866 5172; x_wconf 84' lang='lat' dir='ltr'><strong>re-</strong></span> 
     </span>
    </p>
   </div>
   <div class='ocr_carea' id='block_1_98' title="bbox 303 5206 1867 5280">
    <p class='ocr_par' dir='ltr' id='par_1_98' title="bbox 303 5206 1867 5280">
     <span class='ocr_line' id='line_1_98' title="bbox 303 5206 1867 5280; baseline 0.007 -26"><span class='ocrx_word' id='word_1_750' title='bbox 303 5206 403 5272; x_wconf 73' lang='lat' dir='ltr'><strong>pe&quot;</strong></span> <span class='ocrx_word' id='word_1_751' title='bbox 583 5207 718 5264; x_wconf 71' lang='lat' dir='ltr'><strong>ignis</strong></span> <span class='ocrx_word' id='word_1_752' title='bbox 767 5207 1192 5273; x_wconf 83' lang='lat' dir='ltr'><strong>pretiosissimas</strong></span> <span class='ocrx_word' id='word_1_753' title='bbox 1244 5209 1480 5272; x_wconf 86' lang='lat' dir='ltr'><strong>Christi,</strong></span> <span class='ocrx_word' id='word_1_754' title='bbox 1528 5221 1582 5263; x_wconf 91' lang='lat' dir='ltr'><strong>et</strong></span> <span class='ocrx_word' id='word_1_755' title='bbox 1621 5211 1867 5280; x_wconf 84' lang='lat' dir='ltr'><strong>purgatio</strong></span> 
     </span>
    </p>
   </div>
   <div class='ocr_carea' id='block_1_99' title="bbox 689 5299 1864 5371">
    <p class='ocr_par' dir='ltr' id='par_1_99' title="bbox 689 5299 1864 5371">
     <span class='ocr_line' id='line_1_99' title="bbox 689 5299 1864 5371; baseline 0.007 -21"><span class='ocrx_word' id='word_1_756' title='bbox 689 5299 1044 5352; x_wconf 88' lang='lat' dir='ltr'><strong>sacrosancti.</strong></span> <span class='ocrx_word' id='word_1_757' title='bbox 1119 5299 1384 5354; x_wconf 71' lang='lat' dir='ltr'><strong>Caeterum</strong></span> <span class='ocrx_word' id='word_1_758' title='bbox 1449 5301 1577 5354; x_wconf 91' lang='lat' dir='ltr'><strong>illud</strong></span> <span class='ocrx_word' id='word_1_759' title='bbox 1643 5303 1864 5371; x_wconf 86' lang='lat' dir='ltr'><strong>aspice:</strong></span> 
     </span>
    </p>
   </div>
   <div class='ocr_carea' id='block_1_100' title="bbox 735 5389 1866 5463">
    <p class='ocr_par' dir='ltr' id='par_1_100' title="bbox 735 5389 1866 5463">
     <span class='ocr_line' id='line_1_100' title="bbox 735 5389 1866 5463; baseline 0.019 -32"><span class='ocrx_word' id='word_1_760' title='bbox 735 5389 804 5424; x_wconf 68' lang='lat' dir='ltr'><strong>im</strong></span> <span class='ocrx_word' id='word_1_761' title='bbox 852 5390 955 5424; x_wconf 69' lang='grc' dir='ltr'><strong>ατη-τ</strong></span> <span class='ocrx_word' id='word_1_762' title='bbox 1130 5409 1176 5432; x_wconf 73' lang='grc' dir='ltr'><strong>ἰι</strong></span> <span class='ocrx_word' id='word_1_763' title='bbox 1234 5393 1338 5444; x_wconf 86' lang='lat' dir='ltr'><strong>vitn</strong></span> <span class='ocrx_word' id='word_1_764' title='bbox 1373 5394 1685 5448; x_wconf 84' lang='lat' dir='ltr'><strong>exatninare</strong></span> <span class='ocrx_word' id='word_1_765' title='bbox 1727 5395 1866 5463; x_wconf 77' lang='lat' dir='ltr'><strong>quod</strong></span> 
     </span>
    </p>
   </div>
   <div class='ocr_carea' id='block_1_101' title="bbox 1253 5485 1860 5542">
    <p class='ocr_par' dir='ltr' id='par_1_101' title="bbox 1253 5485 1860 5542">
     <span class='ocr_line' id='line_1_101' title="bbox 1253 5485 1860 5542; baseline 0.003 -4"><span class='ocrx_word' id='word_1_766' title='bbox 1253 5485 1357 5538; x_wconf 84' lang='lat' dir='ltr'><strong>utin</strong></span> <span class='ocrx_word' id='word_1_767' title='bbox 1427 5488 1860 5542; x_wconf 79' lang='lat' dir='ltr'><strong>memorabimus.</strong></span> 
     </span>
    </p>
   </div>
   <div class='ocr_carea' id='block_1_102' title="bbox 1243 5690 1719 5757">
    <p class='ocr_par' dir='ltr' id='par_1_102' title="bbox 1243 5690 1719 5757">
     <span class='ocr_line' id='line_1_102' title="bbox 1243 5690 1719 5757; baseline 0.008 -17"><span class='ocrx_word' id='word_1_768' title='bbox 1243 5693 1378 5757; x_wconf 76' lang='lat' dir='ltr'><strong>v,‘.l.</strong></span> <span class='ocrx_word' id='word_1_769' title='bbox 1459 5693 1500 5724; x_wconf 69' lang='grc'><strong>³⁸</strong></span> <span class='ocrx_word' id='word_1_770' title='bbox 1556 5690 1719 5747; x_wconf 82' lang='lat' dir='ltr'><strong>Let&#39;il.</strong></span> 
     </span>
    </p>
   </div>
   <div class='ocr_carea' id='block_1_103' title="bbox 1787 5677 2458 5756">
    <p class='ocr_par' dir='ltr' id='par_1_103' title="bbox 1787 5677 2458 5756">
     <span class='ocr_line' id='line_1_103' title="bbox 1787 5677 2458 5756; baseline -0.01 -12"><span class='ocrx_word' id='word_1_771' title='bbox 1787 5707 1896 5756; x_wconf 75' lang='lat' dir='ltr'><strong>Uti,</strong></span> <span class='ocrx_word' id='word_1_772' title='bbox 1941 5691 1972 5741; x_wconf 73' lang='grc' dir='ltr'><strong>ξ’.</strong></span> <span class='ocrx_word' id='word_1_773' title='bbox 2013 5702 2158 5754; x_wconf 75' lang='lat' dir='ltr'><strong>seqq.</strong></span> <span class='ocrx_word' id='word_1_774' title='bbox 2235 5682 2272 5710; x_wconf 66' lang='grc' dir='ltr'><strong>δ’</strong></span> <span class='ocrx_word' id='word_1_775' title='bbox 2313 5677 2458 5728; x_wconf 56' lang='grc' dir='ltr'><strong>[με’-’³</strong></span> 
     </span>
    </p>
   </div>
   <div class='ocr_carea' id='block_1_104' title="bbox 1978 4568 3538 4641">
    <p class='ocr_par' dir='ltr' id='par_1_104' title="bbox 1978 4568 3538 4641">
     <span class='ocr_line' id='line_1_104' title="bbox 1978 4568 3538 4641; baseline -0.008 -11"><span class='ocrx_word' id='word_1_776' title='bbox 1978 4579 2099 4632; x_wconf 92' lang='lat' dir='ltr'><strong>dum</strong></span> <span class='ocrx_word' id='word_1_777' title='bbox 2129 4577 2270 4630; x_wconf 86' lang='lat' dir='ltr'><strong>aliud</strong></span> <span class='ocrx_word' id='word_1_778' title='bbox 2303 4587 2356 4629; x_wconf 89' lang='lat' dir='ltr'><strong>et</strong></span> <span class='ocrx_word' id='word_1_779' title='bbox 2383 4575 2524 4628; x_wconf 89' lang='lat' dir='ltr'><strong>aliud</strong></span> <span class='ocrx_word' id='word_1_780' title='bbox 2565 4593 2575 4628; x_wconf 95' lang='lat'>:</span> <span class='ocrx_word' id='word_1_781' title='bbox 2611 4591 2729 4627; x_wconf 91' lang='lat' dir='ltr'><strong>cum</strong></span> <span class='ocrx_word' id='word_1_782' title='bbox 2771 4577 2840 4627; x_wconf 88' lang='lat' dir='ltr'><strong>sit</strong></span> <span class='ocrx_word' id='word_1_783' title='bbox 2864 4574 3008 4627; x_wconf 90' lang='lat' dir='ltr'><strong>enim</strong></span> <span class='ocrx_word' id='word_1_784' title='bbox 3063 4573 3182 4641; x_wconf 86' lang='lat' dir='ltr'><strong>ipse</strong></span> <span class='ocrx_word' id='word_1_785' title='bbox 3205 4573 3342 4624; x_wconf 90' lang='lat' dir='ltr'><strong>idem</strong></span> <span class='ocrx_word' id='word_1_786' title='bbox 3381 4568 3538 4620; x_wconf 54' lang='lat' dir='ltr'><strong>hst</strong></span> 
     </span>
    </p>
   </div>
   <div class='ocr_carea' id='block_1_105' title="bbox 1977 4663 3528 4733">
    <p class='ocr_par' dir='ltr' id='par_1_105' title="bbox 1977 4663 3528 4733">
     <span class='ocr_line' id='line_1_105' title="bbox 1977 4663 3528 4733; baseline -0.006 -13"><span class='ocrx_word' id='word_1_787' title='bbox 1977 4669 2134 4720; x_wconf 90' lang='lat' dir='ltr'><strong>simul</strong></span> <span class='ocrx_word' id='word_1_788' title='bbox 2177 4677 2229 4720; x_wconf 87' lang='lat' dir='ltr'><strong>et</strong></span> <span class='ocrx_word' id='word_1_789' title='bbox 2275 4666 2433 4726; x_wconf 88' lang='lat' dir='ltr'><strong>Deus,</strong></span> <span class='ocrx_word' id='word_1_790' title='bbox 2480 4675 2698 4733; x_wconf 86' lang='lat' dir='ltr'><strong>propter</strong></span> <span class='ocrx_word' id='word_1_791' title='bbox 2746 4666 3004 4717; x_wconf 87' lang='lat' dir='ltr'><strong>unitatem</strong></span> <span class='ocrx_word' id='word_1_792' title='bbox 3051 4663 3264 4730; x_wconf 84' lang='lat' dir='ltr'><strong>quidem</strong></span> <span class='ocrx_word' id='word_1_793' title='bbox 3313 4665 3528 4724; x_wconf 50' lang='lat' dir='ltr'><strong>rat-emi</strong></span> 
     </span>
    </p>
   </div>
   <div class='ocr_carea' id='block_1_106' title="bbox 1977 4749 3532 4825">
    <p class='ocr_par' dir='ltr' id='par_1_106' title="bbox 1977 4749 3532 4825">
     <span class='ocr_line' id='line_1_106' title="bbox 1977 4749 3532 4825; baseline -0.003 -15"><span class='ocrx_word' id='word_1_794' title='bbox 1977 4759 2122 4811; x_wconf 88' lang='lat' dir='ltr'><strong>ducit</strong></span> <span class='ocrx_word' id='word_1_795' title='bbox 2154 4760 2384 4811; x_wconf 86' lang='lat' dir='ltr'><strong>humana</strong></span> <span class='ocrx_word' id='word_1_796' title='bbox 2410 4773 2424 4820; x_wconf 90' lang='lat'><strong>;</strong></span> <span class='ocrx_word' id='word_1_797' title='bbox 2453 4766 2533 4811; x_wconf 76' lang='lat' dir='ltr'><strong>est</strong></span> <span class='ocrx_word' id='word_1_798' title='bbox 2555 4769 2735 4810; x_wconf 87' lang='lat' dir='ltr'><strong>autem</strong></span> <span class='ocrx_word' id='word_1_799' title='bbox 2769 4755 3062 4825; x_wconf 80' lang='lat' dir='ltr'><strong>perfectus,</strong></span> <span class='ocrx_word' id='word_1_800' title='bbox 3099 4763 3150 4804; x_wconf 77' lang='lat' dir='ltr'><strong>et</strong></span> <span class='ocrx_word' id='word_1_801' title='bbox 3401 4759 3442 4788; x_wconf 62' lang='grc' dir='ltr'><strong>ιη’</strong></span> <span class='ocrx_word' id='word_1_802' title='bbox 3473 4749 3532 4790; x_wconf 57' lang='grc' dir='ltr'><strong>δι’*</strong></span> 
     </span>
    </p>
   </div>
   <div class='ocr_carea' id='block_1_107' title="bbox 1974 4835 2655 4918">
    <p class='ocr_par' dir='ltr' id='par_1_107' title="bbox 1974 4835 2655 4918">
     <span class='ocr_line' id='line_1_107' title="bbox 1974 4835 2655 4918; baseline 0 -18"><span class='ocrx_word' id='word_1_803' title='bbox 1974 4835 2159 4918; x_wconf 74' lang='lat' dir='ltr'><strong>gratia:</strong></span> <span class='ocrx_word' id='word_1_804' title='bbox 2190 4851 2367 4912; x_wconf 90' lang='lat' dir='ltr'><strong>dator,</strong></span> <span class='ocrx_word' id='word_1_805' title='bbox 2401 4857 2456 4901; x_wconf 88' lang='grc' dir='ltr'><strong>ιιι</strong></span> <span class='ocrx_word' id='word_1_806' title='bbox 2495 4848 2655 4900; x_wconf 86' lang='lat' dir='ltr'><strong>Deus.</strong></span> 
     </span>
    </p>
   </div>
   <div class='ocr_carea' id='block_1_108' title="bbox 2046 4929 3526 5012">
    <p class='ocr_par' dir='ltr' id='par_1_108' title="bbox 2046 4929 3526 5012">
     <span class='ocr_line' id='line_1_108' title="bbox 2046 4929 3526 5012; baseline 0.016 -23"><span class='ocrx_word' id='word_1_807' title='bbox 2046 4938 2393 5007; x_wconf 77' lang='lat' dir='ltr'><strong>Nnncupatus</strong></span> <span class='ocrx_word' id='word_1_808' title='bbox 2448 4949 2530 4992; x_wconf 88' lang='lat' dir='ltr'><strong>est</strong></span> <span class='ocrx_word' id='word_1_809' title='bbox 2585 4937 2745 4991; x_wconf 90' lang='lat' dir='ltr'><strong>etiam</strong></span> <span class='ocrx_word' id='word_1_810' title='bbox 2783 4943 2836 4986; x_wconf 83' lang='lat' dir='ltr'><strong>el</strong></span> <span class='ocrx_word' id='word_1_811' title='bbox 2873 4933 3274 4996; x_wconf 39' lang='lat' dir='ltr'><strong>Priﬂh‘?&quot;&quot;&quot;&quot;$&#39;</strong></span> <span class='ocrx_word' id='word_1_812' title='bbox 3311 4933 3364 4966; x_wconf 45' lang='grc' dir='ltr'><strong>’μ’</strong></span> <span class='ocrx_word' id='word_1_813' title='bbox 3403 4929 3426 4962; x_wconf 35' lang='grc'>³³</span> <span class='ocrx_word' id='word_1_814' title='bbox 3453 4929 3526 5012; x_wconf 30' lang='grc' dir='ltr'><strong>’ξ’</strong></span> 
     </span>
    </p>
   </div>
   <div class='ocr_carea' id='block_1_109' title="bbox 1976 5015 3520 5104">
    <p class='ocr_par' dir='ltr' id='par_1_109' title="bbox 1976 5015 3520 5104">
     <span class='ocr_line' id='line_1_109' title="bbox 1976 5015 3520 5104; baseline -0.031 -4"><span class='ocrx_word' id='word_1_815' title='bbox 1976 5032 2226 5100; x_wconf 75' lang='grc' dir='ltr'>εθιιίίιιδς</span> <span class='ocrx_word' id='word_1_816' title='bbox 2280 5032 2373 5086; x_wconf 90' lang='lat' dir='ltr'><strong>sed</strong></span> <span class='ocrx_word' id='word_1_817' title='bbox 2427 5031 2468 5084; x_wconf 91' lang='lat' dir='ltr'><strong>si</strong></span> <span class='ocrx_word' id='word_1_818' title='bbox 2503 5029 2624 5100; x_wconf 90' lang='lat' dir='ltr'><strong>quis</strong></span> <span class='ocrx_word' id='word_1_819' title='bbox 2667 5027 2770 5080; x_wconf 88' lang='lat' dir='ltr'><strong>vim</strong></span> <span class='ocrx_word' id='word_1_820' title='bbox 2811 5025 2976 5088; x_wconf 46' lang='lat' dir='ltr'><strong>iram</strong></span> <span class='ocrx_word' id='word_1_821' title='bbox 3017 5023 3240 5104; x_wconf 73' lang='grc' dir='ltr'><strong>τ’.</strong></span> <span class='ocrx_word' id='word_1_822' title='bbox 3293 5021 3362 5052; x_wconf 72' lang='lat' dir='ltr'><strong>wn</strong></span> <span class='ocrx_word' id='word_1_823' title='bbox 3387 5015 3520 5056; x_wconf 49' lang='lat' dir='ltr'><strong>terit</strong></span> 
     </span>
    </p>
   </div>
   <div class='ocr_carea' id='block_1_110' title="bbox 1977 5107 3512 5188">
    <p class='ocr_par' dir='ltr' id='par_1_110' title="bbox 1977 5107 3512 5188">
     <span class='ocr_line' id='line_1_110' title="bbox 1977 5107 3512 5188; baseline -0.005 -14"><span class='ocrx_word' id='word_1_824' title='bbox 1977 5121 2292 5184; x_wconf 90' lang='lat' dir='ltr'><strong>dictionum,</strong></span> <span class='ocrx_word' id='word_1_825' title='bbox 2325 5118 2704 5188; x_wconf 79' lang='lat' dir='ltr'><strong>primogenitus</strong></span> <span class='ocrx_word' id='word_1_826' title='bbox 2723 5125 2822 5164; x_wconf 70' lang='lat' dir='ltr'><strong>est-</strong></span> <span class='ocrx_word' id='word_1_827' title='bbox 2867 5123 2932 5158; x_wconf 71' lang='grc' dir='ltr'>(ιιε</span> <span class='ocrx_word' id='word_1_828' title='bbox 2985 5109 3116 5148; x_wconf 40' lang='lat' dir='ltr'><strong>&quot;ac&quot;?</strong></span> <span class='ocrx_word' id='word_1_829' title='bbox 3163 5107 3352 5143; x_wconf 56' lang='lat'><strong>5&quot;&quot;&quot;5</strong></span> 
     </span>
    </p>
   </div>
   <div class='ocr_carea' id='block_1_111' title="bbox 1979 5201 3406 5288">
    <p class='ocr_par' dir='ltr' id='par_1_111' title="bbox 1979 5201 3406 5288">
     <span class='ocr_line' id='line_1_111' title="bbox 1979 5201 3406 5288; baseline -0.011 -24"><span class='ocrx_word' id='word_1_830' title='bbox 1979 5214 2140 5265; x_wconf 86' lang='lat' dir='ltr'><strong>ritttos</strong></span> <span class='ocrx_word' id='word_1_831' title='bbox 2167 5211 2546 5281; x_wconf 72' lang='lat' dir='ltr'><strong>primogenita;</strong></span> <span class='ocrx_word' id='word_1_832' title='bbox 2567 5226 2582 5268; x_wconf 85' lang='lat'><strong>;</strong></span> <span class='ocrx_word' id='word_1_833' title='bbox 2607 5207 2782 5268; x_wconf 66' lang='grc' dir='ltr'>ιιςιῖςξιι</span> <span class='ocrx_word' id='word_1_834' title='bbox 2807 5211 2898 5244; x_wconf 54' lang='grc' dir='ltr'><strong>..ειν</strong></span> <span class='ocrx_word' id='word_1_835' title='bbox 2931 5201 3054 5234; x_wconf 48' lang='grc' dir='ltr'><strong>νέμει</strong></span> <span class='ocrx_word' id='word_1_836' title='bbox 3075 5223 3094 5236; x_wconf 60' lang='grc' dir='ltr'>η</span> <span class='ocrx_word' id='word_1_837' title='bbox 3151 5201 3200 5230; x_wconf 54' lang='grc'><strong>⁸⁵4</strong></span> <span class='ocrx_word' id='word_1_838' title='bbox 3249 5201 3298 5231; x_wconf 61' lang='grc' dir='ltr'>ω</span> <span class='ocrx_word' id='word_1_839' title='bbox 3343 5201 3406 5288; x_wconf 55' lang='grc' dir='ltr'><strong>ἐξ</strong></span> 
     </span>
    </p>
   </div>
   <div class='ocr_carea' id='block_1_112' title="bbox 1973 5287 3500 5370">
    <p class='ocr_par' dir='ltr' id='par_1_112' title="bbox 1973 5287 3500 5370">
     <span class='ocr_line' id='line_1_112' title="bbox 1973 5287 3500 5370; baseline -0.018 -14"><span class='ocrx_word' id='word_1_840' title='bbox 1973 5313 2077 5369; x_wconf 90' lang='lat' dir='ltr'><strong>tus,</strong></span> <span class='ocrx_word' id='word_1_841' title='bbox 2109 5320 2209 5357; x_wconf 87' lang='lat' dir='ltr'><strong>non</strong></span> <span class='ocrx_word' id='word_1_842' title='bbox 2235 5303 2344 5370; x_wconf 88' lang='lat' dir='ltr'><strong>jam</strong></span> <span class='ocrx_word' id='word_1_843' title='bbox 2377 5303 2646 5368; x_wconf 68' lang='lat' dir='ltr'><strong>prinmgr-n</strong></span> <span class='ocrx_word' id='word_1_844' title='bbox 2677 5305 2770 5338; x_wconf 42' lang='grc' dir='ltr'>,με</span> <span class='ocrx_word' id='word_1_845' title='bbox 2793 5297 2888 5370; x_wconf 68' lang='grc' dir='ltr'>ἰιεί</span> <span class='ocrx_word' id='word_1_846' title='bbox 2933 5289 3054 5324; x_wconf 59' lang='grc' dir='ltr'><strong>’Μεθ’</strong></span> <span class='ocrx_word' id='word_1_847' title='bbox 3095 5289 3130 5336; x_wconf 61' lang='grc' dir='ltr'>ξι</span> <span class='ocrx_word' id='word_1_848' title='bbox 3155 5287 3354 5326; x_wconf 50' lang='grc' dir='ltr'><strong>ις’-ιι·ῑά</strong></span> <span class='ocrx_word' id='word_1_849' title='bbox 3397 5287 3500 5329; x_wconf 54' lang='lat'><strong>3-1-</strong></span> 
     </span>
    </p>
   </div>
   <div class='ocr_carea' id='block_1_113' title="bbox 1972 5369 3500 5458">
    <p class='ocr_par' dir='ltr' id='par_1_113' title="bbox 1972 5369 3500 5458">
     <span class='ocr_line' id='line_1_113' title="bbox 1972 5369 3500 5458; baseline -0.007 -13"><span class='ocrx_word' id='word_1_850' title='bbox 1972 5406 2097 5448; x_wconf 91' lang='lat' dir='ltr'><strong>trcs.</strong></span> <span class='ocrx_word' id='word_1_851' title='bbox 2128 5395 2194 5447; x_wconf 80' lang='lat' dir='ltr'><strong>At</strong></span> <span class='ocrx_word' id='word_1_852' title='bbox 2223 5369 2300 5447; x_wconf 79' lang='lat' dir='ltr'><strong>est</strong></span> <span class='ocrx_word' id='word_1_853' title='bbox 2333 5395 2460 5458; x_wconf 61' lang='lat' dir='ltr'><strong>ipse.</strong></span> <span class='ocrx_word' id='word_1_854' title='bbox 2499 5397 2550 5437; x_wconf 74' lang='lat' dir='ltr'><strong>et</strong></span> <span class='ocrx_word' id='word_1_855' title='bbox 2591 5387 2700 5432; x_wconf 65' lang='grc' dir='ltr'>ιιι-ιτ..</span> <span class='ocrx_word' id='word_1_856' title='bbox 2733 5385 2778 5424; x_wconf 58' lang='grc' dir='ltr'><strong>ἐκ</strong></span> <span class='ocrx_word' id='word_1_857' title='bbox 2823 5369 2924 5412; x_wconf 50' lang='lat' dir='ltr'><strong>tm”</strong></span> <span class='ocrx_word' id='word_1_858' title='bbox 2959 5383 2976 5414; x_wconf 63' lang='grc'><em>4</em></span> <span class='ocrx_word' id='word_1_859' title='bbox 3029 5375 3284 5414; x_wconf 66' lang='grc' dir='ltr'><strong>ί¹¹⁵ϋί⁸ί¹³</strong></span> <span class='ocrx_word' id='word_1_860' title='bbox 3329 5381 3446 5434; x_wconf 51' lang='grc' dir='ltr'><strong>ἐπ’ξί</strong></span> <span class='ocrx_word' id='word_1_861' title='bbox 3483 5373 3500 5394; x_wconf 71' lang='grc'><strong>⁸·</strong></span> 
     </span>
    </p>
   </div>
   <div class='ocr_carea' id='block_1_114' title="bbox 1971 5465 3490 5540">
    <p class='ocr_par' dir='ltr' id='par_1_114' title="bbox 1971 5465 3490 5540">
     <span class='ocr_line' id='line_1_114' title="bbox 1971 5465 3490 5540; baseline -0.018 1"><span class='ocrx_word' id='word_1_862' title='bbox 1971 5489 2264 5540; x_wconf 78' lang='lat' dir='ltr'><strong>Secundum</strong></span> <span class='ocrx_word' id='word_1_863' title='bbox 2299 5481 2434 5532; x_wconf 60' lang='lat' dir='ltr'><strong>alidl</strong></span> <span class='ocrx_word' id='word_1_864' title='bbox 2475 5487 2522 5525; x_wconf 64' lang='lat' dir='ltr'><strong>et</strong></span> <span class='ocrx_word' id='word_1_865' title='bbox 2571 5479 2688 5518; x_wconf 55' lang='lat'><strong>53&#39;&quot;-</strong></span> <span class='ocrx_word' id='word_1_866' title='bbox 2743 5477 2748 5482; x_wconf 83' lang='grc'><em>’</em></span> <span class='ocrx_word' id='word_1_867' title='bbox 2789 5473 2814 5498; x_wconf 73' lang='grc'><strong>’³</strong></span> <span class='ocrx_word' id='word_1_868' title='bbox 2841 5465 3042 5515; x_wconf 43' lang='grc' dir='ltr'><strong>ἠνθέῗπ</strong></span> <span class='ocrx_word' id='word_1_869' title='bbox 3077 5469 3166 5504; x_wconf 51' lang='grc' dir='ltr'><strong>ηυξ</strong></span> <span class='ocrx_word' id='word_1_870' title='bbox 3219 5471 3270 5506; x_wconf 62' lang='grc' dir='ltr'><strong>ἐκ</strong></span> <span class='ocrx_word' id='word_1_871' title='bbox 3303 5477 3348 5509; x_wconf 85' lang='grc' dir='ltr'>.ιι</span> <span class='ocrx_word' id='word_1_872' title='bbox 3441 5477 3490 5513; x_wconf 83' lang='grc' dir='ltr'>ιι.</span> 
     </span>
    </p>
   </div>
   <div class='ocr_carea' id='block_1_115' title="bbox 3151 5197 3498 5250">
    <p class='ocr_par' dir='ltr' id='par_1_115' title="bbox 3151 5197 3498 5250">
     <span class='ocr_line' id='line_1_115' title="bbox 3151 5197 3498 5250; baseline 0.014 -20"><span class='ocrx_word' id='word_1_873' title='bbox 3151 5197 3200 5230; x_wconf 71' lang='lat' dir='ltr'><strong>l&#39;-‘.&#39;</strong></span> <span class='ocrx_word' id='word_1_874' title='bbox 3249 5197 3298 5231; x_wconf 74' lang='grc' dir='ltr'><strong>ιι</strong></span> <span class='ocrx_word' id='word_1_875' title='bbox 3343 5199 3498 5250; x_wconf 50' lang='grc' dir='ltr'>ζει--</span> 
     </span>
    </p>
   </div>
   <div class='ocr_carea' id='block_1_116' title="bbox 2443 5653 3274 5714">
    <p class='ocr_par' dir='ltr' id='par_1_116' title="bbox 2443 5653 3274 5714">
     <span class='ocr_line' id='line_1_116' title="bbox 2443 5653 3274 5714; baseline -0.006 0"><span class='ocrx_word' id='word_1_876' title='bbox 2443 5677 2636 5714; x_wconf 73' lang='lat'><strong>:1&#39;.</strong></span> <span class='ocrx_word' id='word_1_877' title='bbox 2701 5653 2834 5705; x_wconf 44' lang='lat'><strong>53*&quot;</strong></span> <span class='ocrx_word' id='word_1_878' title='bbox 2967 5655 3176 5710; x_wconf 58' lang='grc' dir='ltr'>πει.</span> <span class='ocrx_word' id='word_1_879' title='bbox 3263 5679 3274 5714; x_wconf 74' lang='grc' dir='ltr'><strong><em>ε</em></strong></span> 
     </span>
    </p>
   </div>
  </div>
