4082 6258
503 380 639 436 1107

418 553 420 556 ,
504 495 644 546 inter
665 487 823 558 797
852 484 1112 554 plurimos
1145 481 1361 541 fratres,
1395 487 1612 545 propter
1636 472 2030 528 humanitatem
2061 485 2075 531 ;
2109 471 2154 523 Α

505 582 814 651 nnigeuitus
845 591 1005 645 porro
1037 574 1199 636 idem,
1245 580 1303 624 ut
1335 569 1484 623 solus
1528 582 1595 622 ex
1631 566 1748 620 solo
1780 565 1942 618 Patre
1977 577 2078 613 na-

507 683 617 732 tus,
644 679 696 724 et
726 679 783 722 ιιι
819 670 979 719 Deus.

579 760 972 816 Sanctificatus
1024 753 1189 805 fuisse
1241 750 1439 805 dicitur
1481 763 1575 818 per
1618 747 1878 816 Spiritum
1907 785 1921 810 ,
1961 758 2080 797 cum

510 858 628 924 ipse
657 853 997 908 sanctiticare
1038 845 1214 900 soleat
1245 843 1600 904 accedentes;
1650 839 1960 906 baptizatus
1999 849 2084 888 se-

509 947 742 999 cundum
774 955 1015 1001 carnem,
1061 938 1152 1004 qui
1191 938 1242 988 in
1275 944 1465 990 saneto
1494 931 1698 1000 Spiritu
1751 927 2083 995 baptizabat.

510 1034 794 1103 Quomodo
841 1031 1004 1099 igitur
1052 1033 1190 1086 idem
1228 1037 1286 1081 et
1333 1022 1636 1078 sanctificat
1677 1029 1732 1073 et
1781 1016 2087 1071 sanctifica-

513 1135 635 1186 tur,
688 1124 927 1191 baptizat
971 1133 1023 1176 et
1076 1117 1430 1190 baptizatur?
1487 1114 1794 1166 Secundum
1843 1109 1986 1163 aliud
2033 1118 2088 1162 et

513 1213 656 1266 aliud
688 1233 701 1267 :
734 1212 1102 1266 sanetiﬁeatur
1130 1210 1276 1263 enim
1300 1209 1552 1267 humane,
1582 1205 1722 1259 sicut
1748 1201 1911 1256 etiam
1953 1204 2088 1269 bap-

514 1308 754 1371 tizatur;
815 1304 1121 1358 sanctiﬁcat
1165 1309 1346 1353 autem
1393 1298 1606 1360 divine,
1661 1305 1717 1349 et
1751 1293 1988 1362 baptizat
2037 1292 2090 1344 in

1529 363 1587 415 S.
1621 355 1907 414 CYRILLI
1943 343 2409 405 ALEXANDRINI
2453 335 2772 394 ARClllEP.

517 1399 725 1468 Spiritu
752 1409 964 1450 saneto.

583 1489 716 1543 Cum
746 1489 858 1557 ipse
881 1487 1102 1541 suscitet
1125 1501 1266 1537 mor—

515 1593 634 1633 tuos
665 1618 678 1644 ,
721 1579 1018 1633 resurrexit
1050 1593 1078 1630 a
1121 1593 1266 1629 mor-

517 1675 644 1734 tuis,
681 1682 872 1726 etcum
897 1673 964 1724 sit
998 1687 1092 1738 per
1119 1679 1269 1722 natu-

517 1784 629 1822 raut
653 1767 785 1828 vita,
835 1764 1096 1818 vivilicari
1134 1764 1268 1816 dici-

521 1870 637 1924 tur;
675 1860 775 1912 hoc
816 1874 1048 1926 quonam
1076 1855 1272 1908 modo?

517 1949 823 2002 Secundum
843 1947 986 2000 aliud
1008 1962 1197 2013 nempe
1219 1955 1272 1997 et

515 2037 660 2091 aliud
705 2037 861 2104 :ipse
903 2035 1045 2086 enim
1100 2049 1275 2086 resur-

521 2130 659 2184 rexit
698 2131 910 2198 quidem
956 2145 982 2179 a
1025 2127 1270 2191 mortuis,

517 2231 571 2274 et
588 2221 847 2274 vivilicari
878 2220 1064 2272 dicitut
1088 2234 1278 2271 secun-

518 2317 641 2368 dum
701 2329 961 2379 carnem;
1033 2313 1274 2366 vivilicat

518 2419 694 2461 autem
730 2418 783 2461 ct
814 2407 1044 2460 suscitat
1071 2422 1098 2457 a
1129 2420 1273 2457 mor-

520 2501 644 2566 tuis,
692 2511 876 2570 utpote
929 2501 1085 2554 Deus.
1131 2498 1274 2551 l’ati-

520 2607 628 2660 tur,
672 2606 723 2649 et
775 2612 876 2649 non
923 2595 1142 2662 patitur,
1187 2609 1268 2647 se-

520 2685 754 2737 cundum
800 2685 942 2736 alutd
993 2694 1046 2736 et
1081 2683 1222 2736 aliud
1258 2697 1270 2732 :

520 2777 728 2844 patitur
773 2777 988 2844 quidem
1043 2777 1275 2829 humane

520 2881 781 2925 earne.eo
807 2868 947 2936 quod
978 2867 1135 2919 homo
1166 2864 1270 2931 sit;

521 2961 864 3029 impassibilis
895 2970 1070 3014 autem
1097 2961 1275 3015 divine

1409 1481 1579 1545 Αὐτὸς
1596 1481 1822 1551 ἐγείρων
1856 1481 1981 1540 τοὺς
2006 1493 2094 1530 νε-

1340 1579 1525 1645 κροὺςτ
1551 1577 1613 1627 ἐκ
1637 1573 1844 1643 νεκρῶν
1866 1572 2097 1639 ἐγήγερ-

1339 1686 1459 1722 ται·
1500 1669 1593 1720 καὶ
1625 1667 1731 1730 ζῶν
1762 1663 1904 1717 κατὰ
1936 1661 2096 1731 φύσιν

1341 1763 1654 1830 τυγχάνων,
1716 1756 2094 1821 ξωοποιεῖσθαι

1342 1859 1578 1926 λέγεται.
1615 1855 1722 1906 Καὶ
1753 1854 1870 1915 πῶς
1907 1852 2096 1915 τοῦ-ξος

1346 1951 1479 2002 Κατ’
1530 1950 1656 2003 ἄλλο
1708 1952 1800 2004 καὶ
1852 1952 1996 2005 ἄλλο.
2043 1949 2100 2000 Ὁ

1347 2042 1453 2114 γὰρ
1476 2043 1632 2106 αὐτὸς
1668 2046 1964 2115 ἐγήγερται
2003 2042 2100 2114 μὲν

1346 2135 1410 2186 ἐκ
1451 2133 1681 2204 νεκρῶν,
1727 2133 2102 2195 ζωοποιείσοαὶ

1344 2245 1403 2280 τε
1451 2227 1667 2294 λέγεται
1716 2227 1856 2279 κατὰ
1903 2227 2100 2295 σάρκα,

1336 2320 1602 2384 ’ζωοποιεῖ
1622 2321 1678 2374 δὲ
1705 2322 1796 2374 καὶ
1821 2321 2103 2389 ἀνίστησιν

1345 2411 1470 2472 τοὺς
1516 2410 1760 2480 νεκροὺς,
1813 2409 1887 2471 ὡς
1935 2409 2098 2472 Θεὸς·

1347 2503 1567 2571 πάσχει.
1620 2503 1714 2554 καὶ
1758 2503 1816 2552 οὐ
1883 2500 2100 2569 πάσχει,

1349 2598 1469 2648 κατ’
1512 2594 1637 2647 ἄλλο
1683 2593 1772 2644 καὶ
1817 2592 1970 2646 ἄλλο·
2007 2591 2104 2644 πά-

1350 2707 1465 2759 σχει
1517 2689 1614 2760 μὲν
1668 2691 1775 2757 γὰρ
1823 2687 2099 2756 ἀνθρωπί-

1347 2798 1452 2844 νως
1485 2779 1676 2850 σαρκὶ,
1721 2779 1855 2832 καθὸ
1898 2779 2103 2849 ἄνθρω-

1347 2891 1446 2936 πος
1469 2889 1480 2902 ·
1516 2873 1730 2939 ἀπαθὴς
1759 2872 1814 2923 δέ
1849 2873 1964 2924 ἐστι
1997 2870 2104 2923 Θεῖ-

1347 2967 1479 3029 κῶς,
1511 2965 1584 3028 ὡς
1614 2965 1765 3028 Θεός.

524 3065 724 3118 manet,
755 3064 809 3106 ut
834 3054 992 3109 Deus.

592 3145 848 3198 Adoravit
880 3146 991 3214 ipse
1014 3144 1292 3198 nobiseum
1324 3162 1336 3196 :
1367 3161 1384 3194 ι
1429 3141 1538 3196 Vos
1579 3141 1743 3203 enim,
1777 3138 1968 3206 inquit,
2005 3138 2069 3190 ad
2126 3140 2168 3198 C

523 3233 688 3286 oratis
707 3233 848 3301 quod
876 3234 1132 3300 nescitis;
1153 3249 1250 3287 nos
1271 3233 1557 3286 adoramus
1581 3228 1718 3298 quod
1739 3228 1940 3282 scimus
1960 3227 2042 3293 ⁵ος
2075 3247 2092 3278 υ

523 3333 578 3375 et
604 3332 688 3375 est
720 3323 882 3376 etiam
907 3325 1214 3378 adorandus
1249 3339 1262 3374 :
1299 3343 1314 3373 ι
1352 3321 1611 3375 Flectitur
1629 3319 1769 3374 enim
1804 3318 1902 3386 ipsi
1938 3334 2096 3371 onme
2182 3317 2184 3343 τ

524 3429 662 3483 genu
713 3415 780 3467 δι.
819 3434 836 3464 ›
873 3415 983 3470 Hoc
1033 3431 1248 3484 quoque
1292 3413 1586 3468 secundum
1649 3410 1792 3464 aliud
1841 3419 1897 3464 et
1927 3411 2093 3466 aliud.

525 3507 729 3560 Adorat
759 3507 927 3570 enim,
953 3510 1080 3576 quia
1116 3518 1358 3560 naturam
1385 3505 1698 3573 assumpsit,
1745 3517 1864 3570 qua:
1904 3503 2101 3556 debeat

527 3597 754 3649 adorare
785 3616 799 3662 ;
837 3600 1094 3650 adoratur
1125 3609 1303 3652 autem
1343 3613 1503 3667 porro
1535 3598 1699 3662 idem,
1743 3596 1896 3663 quasi
1931 3595 2100 3663 major

528 3684 791 3740 adorante
839 3695 1052 3750 natura,
1101 3700 1166 3738 eo
1215 3686 1357 3752 quod
1408 3685 1726 3751 intelligitur
1774 3686 1933 3737 Deus.
1991 3687 2096 3737 Ad-

527 3779 778 3836 oratioue
801 3793 930 3831 vero
961 3793 1064 3829 non
1094 3787 1176 3831 est
1198 3775 1541 3829 dividendum
1575 3775 1627 3828 in
1655 3775 1925 3828 hominem
1949 3791 2098 3829 seor-

530 3889 621 3926 sus
648 3881 702 3926 ct
730 3885 946 3924 seorsus
981 3870 1032 3923 in
1080 3869 1280 3934 Deum;
1323 3883 1500 3936 neque
1534 3883 1662 3922 vero
1705 3879 1958 3936 tanquam
1996 3867 2102 3920 Deo

529 3962 874 4029 conjuncwm
893 3961 1198 4028 :equalitate
1218 3959 1516 4029 dignitatis,
1540 3958 1731 4012 divisis
1759 3956 2099 4022 substantiis,

529 4068 652 4107 cum
700 4053 816 4121 ipso
865 4054 1077 4107 adorari
1107 4052 1336 4106 dicimus
1390 4051 1664 4104 hominem
1726 4049 1802 4119 (id
1835 4050 1978 4103 enim
2008 4064 2102 4102 ex-

533 4153 719 4196 tremae
749 4143 1038 4212 impietatis
1066 4143 1436 4210 plenissimum
1465 4141 1570 4209 est)
1607 4143 1737 4195 :sed
1793 4156 1957 4192 unum
1995 4141 2094 4190 ad-

530 4235 794 4289 orandum
837 4234 1106 4288 hominem
1146 4233 1436 4296 factum,et
1467 4233 1807 4286 incarnatum
1841 4233 1929 4285 Dei
1971 4231 2105 4285 Ver-

533 4327 680 4390 hum;
706 4327 776 4377 ita
811 4337 1012 4385 tamen,
1046 4334 1103 4376 ut
1145 4326 1428 4378 credanms
1471 4339 1668 4390 corpus
1713 4324 1759 4376 ei
1806 4327 2099 4376 adunatmn

532 4415 768 4466 animum
799 4413 950 4479 juxta
1002 4429 1100 4466 nos
1155 4413 1408 4467 habuisse
1466 4412 1866 4466 rationabilem.
1922 4413 2103 4481 Neque

532 4499 676 4552 enim
713 4501 851 4554 Deus
878 4501 1215 4568 onmipotcns
1247 4500 1383 4555 duos
1415 4502 1808 4570 primogenitos
1845 4505 2103 4571 prazcepit

533 4599 804 4660 oportere,
841 4601 946 4644 tam
985 4608 1013 4646 a
1044 4592 1199 4646 nobis
1233 4608 1392 4661 quam
1416 4608 1444 4645 a
1482 4593 1687 4646 sanctis
1741 4594 1968 4663 angelis,
2002 4597 2099 4648 ad-

533 4683 705 4733 orari.
735 4679 885 4734 Unus
911 4693 993 4737 est
1023 4683 1190 4750 enim,
1216 4684 1305 4752 qui
1341 4693 1424 4738 est
1461 4684 1800 4738 introductus
1829 4686 1881 4739 iu
1914 4687 2100 4740 orbem

533 4784 798 4827 terrarum
827 4775 904 4840 ⁵²;
942 4776 1066 4829 etsi
1101 4777 1515 4831 iutroductiouis
1563 4777 1777 4830 modum
1826 4779 2106 4846 curiosius

534 4873 969 4931 perscrutemur,
1009 4865 1243 4919 carnalis
1302 4867 1726 4934 dispensationis
1779 4869 2099 4938 mysterimn

537 4955 892 5008 inveniemus.
925 4953 1272 5010 Introductus
1302 4967 1392 5011 est.
1433 4968 1612 5011 autem
1669 4958 1719 5010 iu
1756 4961 1941 5013 orbem
1999 4971 2105 5014 ter-

535 5061 739 5126 rarum,
776 5057 903 5099 tunc
930 5060 1052 5099 cmn
1087 5047 1260 5102 factus
1297 5059 1378 5102 est
1410 5049 1590 5113 homo,
1625 5047 1748 5103 licet
1784 5058 1979 5102 natura
2009 5066 2103 5103 sua

539 5139 744 5214 distare
766 5141 831 5193 ab
854 5142 985 5196 orbe
1010 5140 1323 5210 longissime
1347 5141 1612 5204 videatur,
1645 5151 1696 5192 et
1725 5140 1776 5193 in
1801 5141 2100 5195 divinitatis

533 5229 826 5282 eminentia
845 5244 971 5283 vere
989 5243 1108 5284 esse
1135 5230 1389 5284 credatur
1423 5246 1439 5283 :
1474 5230 1610 5283 alitts
1634 5241 1713 5284 est
1737 5230 1879 5283 enim
1909 5242 2104 5299 [ιι-εωθι-

533 5318 797 5374 elementa
824 5331 1035 5376 creator
1060 5323 1320 5394 ipsorum.
1358 5320 1496 5391 Ergo
1528 5337 1689 5390 super
1714 5336 1796 5384 ea,
1825 5337 1942 5389 qua!
1974 5323 2087 5389 ipse

534 5413 793 5476 condidit,
833 5414 1124 5466 secundum
1159 5425 1406 5467 naturam
1441 5425 1558 5476 est,
1597 5415 1738 5482 quod
1792 5424 1988 5466 natura
2036 5413 2106 5465 sit

540 5499 699 5556 Deus.
736 5503 885 5558 Unus
923 5515 1124 5569 tamen,
1189 5514 1246 5560 ut
1275 5514 1401 5560 ante
1427 5505 1537 5559 dixi
1568 5545 1582 5569 ,
1637 5505 1945 5559 adorandus
1980 5515 2060 5559 est
2090 5545 2105 5570 ,

610 5702 654 5733 '°
674 5701 841 5776 gyan.
883 5724 951 5776 tv,
977 5709 1066 5762 2'2.

673 5711 841 5788 393a.
883 5724 951 5776 tv,
977 5711 1066 5762 2'2.
1183 5711 1224 5742 δ’
1262 5711 1489 5782 Philipp,
1524 5728 1580 5778 ιι,
1621 5713 1702 5766 ιο⁹

537 5786 648 5839 ιμ’,
673 5774 762 5828 '55.

1815 5714 1858 5746 "
1896 5713 2056 5768 llebr.
2093 5731 2131 5781 ι,
2173 5715 2222 5769 6.

3615 323 3636 374 1
3655 317 3760 374 108

2183 463 2492 516 etiamtunc
2512 470 2632 509 cum
2659 453 2712 505 in
2733 447 2913 504 Imiltis
2937 445 3097 499 fuerit.
3134 442 3392 497 fratribus
3417 459 3432 494 :
3465 447 3593 493 tunc
3615 438 3766 491 enim

2182 560 2466 621 propterea
2506 547 2688 598 dictus
2719 549 2802 594 est
2834 535 3246 609 primogenitus.

2259 641 2442 694 Unum
2474 636 2666 690 Filimn
2701 631 2952 687 adoravit
3001 641 3177 682 caecus
3231 639 3258 677 a
3295 623 3580 676 nativitate
3621 635 3720 673 sua
3751 659 3768 682 ,

2108 729 2126 739 ’
2185 725 2305 785 cum
2335 730 2621 798 praecipuo
2648 721 2993 789 mirabilique
3029 718 3188 770 modo
3222 721 3445 768 sanatus
3475 721 3582 766 est.
3609 709 3771 771 Nam,

2192 841 2210 874 ι
2251 835 2372 873 cmn
2416 817 2714 871 invenisset
2740 828 2862 869 eum
2892 813 2942 864 in
2977 807 3174 876 templo
3204 803 3385 868 Jesus,
3437 802 3577 856 dixit
3619 821 3635 856 :
3692 800 3771 852 Tu

2188 911 2364 965 credis
2388 910 2438 963 in
2481 908 2674 962 Filium
2715 903 2848 956 Dei?
2875 901 2966 955 llle
3014 907 3195 952 autem
3231 895 3368 950 dixit
3402 913 3416 946 :
3453 891 3590 959 Quis
3639 902 3770 952 est,

2191 999 2435 1059 Domine,
2467 1006 2525 1050 ut
2558 995 2776 1049 credam
2824 992 2877 1044 in
2924 1005 3047 1044 eum
3069 987 3159 1040 ⁸⁸2
3214 1004 3232 1036 ι
3262 983 3518 1039 Christus
3549 997 3684 1037 vero
3726 981 3772 1033 ei

2192 1089 2426 1155 seipsmn
2469 1101 2590 1138 Cllttl
2644 1096 2873 1150 corpore
2923 1080 3333 1139 demonstrans,
3371 1076 3550 1128 aiebat
3586 1090 3618 1138 ε,
3655 1091 3675 1122 ι
3713 1069 3776 1124 Et

2192 1178 2370 1233 vidisti
2405 1178 2619 1246 quidem
2652 1189 2798 1238 emn,
2849 1181 2902 1226 et
2949 1171 3039 1240 qui
3095 1168 3331 1237 loquitur
3386 1176 3562 1237 tecum
3596 1204 3612 1228 ,
3664 1163 3778 1232 ipse

2193 1279 2279 1323 est
2312 1267 2376 1320 “.
2412 1287 2429 1318 ι
2469 1265 2626 1319 Vides
2647 1263 2791 1333 quod
2833 1259 3091 1329 singulari
3130 1273 3360 1312 numero
3397 1267 3579 1310 utatur
3605 1295 3620 1318 ,
3670 1271 3776 1306 non

2197 1358 2515 1426 permittens
2570 1355 2736 1409 Deum
2790 1362 2844 1407 et
2891 1353 3165 1406 tto-minem
3223 1365 3442 1404 seorsus
3501 1346 3776 1415 intelligi;

2199 1448 2309 1502 imo
2351 1462 2479 1500 vero
2517 1453 2569 1499 et
2615 1445 2660 1499 si
2690 1444 2810 1512 quis
2840 1443 3117 1496 hominem
3173 1438 3532 1493 nominaverit
3557 1437 3784 1490 Emma—
3831 1492 3836 1496 _

2201 1539 2345 1603 nuel,
2382 1539 2606 1591 minime
2647 1537 2861 1604 quidem
2894 1547 3239 1587 conuuunem
3297 1530 3564 1583 hominem
3597 1528 3784 1597 signi-

2203 1632 2477 1699 ﬁcaverit;
2504 1632 2595 1685 sed
2620 1630 2712 1684 Dei
2743 1626 2978 1682 Verbum
2997 1625 3297 1678 adunatnm
3321 1633 3512 1676 nostra-
3543 1632 3783 1674 naturae.

2188 1727 2358 1780 'llunc
2390 1725 2530 1778 sicut
2565 1736 2728 1775 unum
2753 1762 2768 1786 ,
2802 1719 3074 1772 hominem
3128 1718 3424 1770 adoravere
3476 1714 3620 1767 beati
3673 1713 3785 1766 dis-

2137 1808 2177 1862 B
2204 1818 2386 1886 cipuli,
2418 1832 2540 1870 etnn
2575 1829 2695 1866 eum
2727 1813 2971 1866 videntes
3026 1809 3178 1863 miris
3222 1809 3394 1860 tnodis
3442 1808 3582 1859 inter
3612 1821 3790 1873 aquas

2204 1907 2507 1970 ambulare,
2531 1907 2845 1967 adoravere,
2883 1902 3130 1956 dicentes
3182 1917 3195 1952 :
3251 1917 3269 1950 ι
3308 1897 3448 1952 Vere
3491 1898 3584 1952 Dei
3615 1896 3788 1953 Filius

2203 2016 2262 2054 cs
2281 2000 2347 2052 ".
2389 2018 2407 2050 ›

2277 2092 2332 2146 Si
2365 2105 2496 2145 vero
2527 2088 2798 2145 hominem
2829 2103 2950 2142 eum
2993 2087 3104 2140 Deo
3131 2085 3412 2139 coadorari
3457 2083 3784 2144 dixerimm,

2205 2185 2522 2238 divisionem
2584 2180 3032 2248 spatiosissimam
3073 2179 3434 2232 inducemus:
3489 2175 3588 2226 σὺν
3634 2176 3780 2227 enim

2204 2291 2417 2344 semper
2450 2275 2613 2345 (quod
2646 2282 2728 2326 est
2763 2272 2950 2326 Latine
2972 2270 3136 2338 cum),
3167 2270 3268 2323 nisi
3301 2270 3352 2322 in
3386 2266 3786 2337 signiﬁcatione

2207 2369 2455 2432 unitatis,
2487 2383 2606 2436 qua:
2633 2376 2715 2420 est
2737 2381 2834 2434 per
2865 2363 3336 2432 compositionem,
3370 2370 3622 2426 ponatur,
3676 2359 3785 2410 duo

2205 2461 2427 2513 omnino
2452 2466 2607 2528 coget
2641 2456 2887 2525 intelligi.
2925 2453 3396 2521 Quemadmodum
3434 2450 3580 2505 enim
3619 2465 3780 2502 nemo

2204 2551 2305 2605 sibi
2334 2554 2623 2604 convenire
2646 2550 2856 2603 dicatur
2882 2586 2900 2612 ,
2927 2561 3109 2617 neque
3129 2560 3480 2608 concmnare,
3507 2554 3599 2596 aut
3619 2541 3779 2597 coad-

2204 2652 2480 2706 orare,ant
2499 2639 2844 2694 coamhulare
2871 2658 2884 2707 ;
2913 2640 3138 2694 duarum
3165 2639 3307 2692 enim
3333 2651 3690 2706 personarum
3708 2635 3783 2688 si-

2204 2731 2603 2800 gniﬁcationem
2633 2732 2835 2786 inducit
2861 2733 3172 2802 praepositio
3235 2731 3404 2786 verbo
3442 2731 3729 2796 prmposita
3769 2747 3781 2780 :

2207 2823 2278 2877 ita
2299 2824 2458 2876 etiam
2483 2823 2527 2877 si
2557 2825 2680 2890 quis
2697 2824 2978 2876 coadorari
3002 2825 3273 2876 hominem
3287 2837 3408 2874 cum
3432 2820 3541 2873 Deo
3564 2821 3784 2882 dixerit,

2205 2915 2340 2969 duos
2380 2915 2538 2983 plane
2574 2914 2712 2968 [ilius
2741 2915 2894 2978 dicit,
2928 2924 3030 2968 eta
3056 2928 3175 2968 sese
3193 2914 3494 2980 disjunetos
3519 2929 3533 2974 ;
3562 2912 3787 2964 unitatis

2210 3006 2352 3059 enim
2385 3006 2541 3069 ratio,
2569 3005 2611 3057 si
2637 3005 2687 3057 in
2715 3005 2828 3058 sola
2868 3004 3143 3075 dignitatis
3187 3003 3495 3072 :equalitate
3525 3003 3641 3054 sive
3686 3016 3785 3053 au-

2205 3096 2473 3151 ctoritatis
2499 3095 2847 3164 intelligatur,
2867 3111 2974 3149 non
3001 3110 3122 3150 esse
3149 3111 3272 3148 vera
3294 3093 3661 3156 convincitur,
3700 3092 3786 3145 id-

2203 3204 2309 3258 que
2336 3205 2364 3241 a
2399 3188 2552 3242 nobis
2581 3189 2691 3258 jam
2725 3187 2966 3256 pluribus
3017 3197 3145 3239 ante
3190 3187 3474 3254 probatum
3533 3193 3640 3237 est.

2692 3301 2858 3371 798
2882 3299 3035 3354 CAP.
3069 3299 3288 3353 XXXV.

2203 3414 2465 3468 Adversus
2498 3413 2619 3466 iHos
2648 3413 2740 3480 qui
2770 3413 2942 3475 aiunt,
2986 3412 3125 3474 quod
3174 3412 3287 3464 sola
3330 3409 3580 3463 relatione
3620 3408 3789 3460 Deum

2611 3482 2833 3536 Verbum
2867 3485 3086 3534 deceant
3115 3482 3372 3534 humana.

2274 3595 2533 3648 Garriuut
2563 3592 2799 3646 nonnulli
2834 3593 2898 3646 de
2948 3590 3150 3645 carnali
3193 3589 3602 3656 dispensatian
3636 3587 3772 3641 Uni-

2204 3687 2390 3754 geniti,
2423 3695 2475 3738 et
2519 3683 2846 3746 venerabile,
2877 3698 2942 3736 ac
2985 3698 3255 3752 magnum,
3284 3691 3340 3735 et
3366 3682 3621 3749 superuis
3664 3681 3783 3747 Spi-

2206 3775 2398 3828 ritibus
2426 3775 2873 3827 amabilissimmn
2909 3774 3246 3844 mysterium,
3291 3789 3386 3841 per
3417 3773 3562 3842 quod
3619 3773 3783 3825 etiam

2206 3865 2399 3918 salvati
2433 3879 2640 3928 smnus,
2674 3866 2740 3916 ad
2775 3880 2968 3920 sensus
2996 3863 3215 3933 fragiles
3254 3860 3588 3925 deterentes,
3626 3862 3787 3915 decus

2205 3955 2582 4009 contaminant
2608 3954 3184 4024 pulchritudinemque
3208 3953 3502 4016 veritatis;
3543 3968 3666 4005 cum
3693 3968 3786 4005 eos

2208 4056 2476 4116 oporteat,
2511 4063 2616 4100 non
2647 4047 2690 4100 si
2728 4047 2856 4116 quid
2902 4047 3033 4114 ipsis
3073 4057 3221 4104 recte
3269 4045 3470 4100 habere
3515 4045 3782 4107 videatur,

2207 4138 2464 4192 roborare
2495 4135 2701 4203 conari;
2743 4137 2834 4190 sed
2868 4136 3136 4206 inspicere
3169 4137 3362 4207 magis,
3388 4135 3574 4189 subtili
3595 4143 3786 4188 acuto-

2205 4244 2308 4298 que
2327 4229 2524 4282 mentis
2543 4228 2722 4293 oculo,
2745 4242 3026 4281 sacrarum
3066 4229 3398 4296 propositum
3427 4225 3784 4286 Litterarum,

2206 4328 2366 4386 atque
2396 4328 2599 4372 rectum
2633 4317 2704 4369 ita
2737 4317 2841 4372 iter
2867 4317 3098 4386 ingredi,
3133 4326 3407 4372 sectantes
3437 4330 3497 4369 ea
3535 4331 3658 4378 quae
3690 4314 3787 4367 Pa—

2210 4420 2321 4466 tres
2347 4410 2676 4464 sauetissimi
2712 4411 3135 4474 examinarunt,
3190 4410 3282 4479 qui
3323 4409 3495 4463 sancti
3551 4407 3790 4475 Spiritus

2211 4501 2690 4556 illuminationibus
2737 4500 2959 4563 eruditi,
3007 4515 3240 4554 sanxere
3289 4501 3442 4554 nobis
3479 4498 3788 4570 symbolum

2213 4593 2355 4658 ﬁdei,
2388 4594 2558 4663 ipsum
2584 4594 2847 4657 dicentes,
2879 4593 3021 4660 quod
3051 4609 3116 4647 ex
3142 4593 3318 4646 Patris
3347 4591 3657 4647 substantia
3701 4591 3789 4642 in-

2208 4685 2597 4740 :cstimabiliter
2629 4695 2812 4740 natum
2844 4695 2947 4749 est,
2988 4683 3156 4739 Deum
3205 4683 3466 4749 Verbum,
3517 4698 3613 4752 per
3645 4681 3790 4750 quod

2207 4778 2388 4831 omnia
2418 4777 2559 4830 facta
2584 4784 2732 4838 sunt,
2758 4792 2878 4847 qua:
2901 4777 2954 4830 in
2987 4777 3148 4842 cmlo,
3172 4787 3224 4831 et
3243 4792 3360 4844 qiue
3392 4776 3443 4828 in
3473 4785 3640 4837 terra,
3666 4787 3791 4841 pro-

2210 4880 2330 4938 pter
2361 4884 2460 4922 nos
2486 4868 2755 4930 homines,
2790 4878 2844 4922 et
2887 4880 3086 4922 nostra:
3130 4869 3324 4924 salutis
3354 4882 3516 4920 causa
3550 4867 3787 4920 descen-

2208 4960 2372 5023 disse,
2413 4959 2683 5013 hominem
2719 4957 2942 5024 l‘actum,
2987 4974 3333 5028 passumque,
3371 4957 3690 5012 ascendisse
3736 4956 3789 5008 in

2209 5050 2428 5113 coelum,
2466 5059 2754 5104 venturum
2808 5059 2927 5118 post
2965 5059 3206 5119 tempora
3247 5049 3498 5119 judicare
3534 5049 3692 5102 vivos
3735 5057 3794 5102 et

2209 5150 2468 5196 l'llOl'lUOS.

2283 5233 2478 5287 Verum
2517 5233 2760 5286 nonmdli
2793 5242 2938 5304 sunt,
2969 5234 3160 5288 doctos
3194 5248 3252 5287 se
3287 5248 3408 5287 esse
3439 5233 3791 5300 scientesque

2211 5321 2434 5390 opinati,
2472 5330 2525 5374 et
2553 5322 2858 5391 supercilio,
2902 5333 2955 5376 et
2975 5333 3182 5379 tumore
3214 5323 3434 5388 suillati,
3478 5325 3571 5393 qui
3603 5324 3644 5377 si
3677 5325 3789 5376 htec

2204 5415 2363 5467 verba
2397 5413 2686 5480 audierint,
2721 5415 3008 5480 derident;
3040 5425 3092 5469 et
3117 5431 3177 5469 ea
3202 5407 3321 5483 qua:
3355 5425 3463 5468 tam
3494 5427 3642 5469 recte
3663 5423 3787 5469 sunt

2207 5506 2373 5571 dicta,
2399 5504 2749 5561 deliramenta
2781 5507 2950 5575 magis
3002 5507 3317 5561 existimant
3345 5526 3358 5560 :
3390 5522 3514 5562 cum
3559 5523 3783 5577 praeser-

3041 5713 3083 5744 “
3124 5710 3249 5766 ibid.
3317 5710 3398 5762 37,

2336 5709 2380 5742 ⁸³
2437 5707 2588 5765 Joan.
2625 5726 2696 5777 Η,
2729 5711 2815 5778 58,
2841 5711 2926 5768 59.
3041 5713 3083 5744 ⁵⁸
3124 5710 3249 5766 ibid.
3317 5710 3398 5762 37.
3519 5713 3564 5742 "'
3598 5709 3775 5764 Matth.
