4082 6258
313 293 443 349 1469

301 505 503 556 sanctis
531 504 780 560 Patribus
803 508 1083 562 scientiam
1109 511 1374 567 veritatis.
1399 517 1468 568 At
1491 516 1586 579 illi,
1623 527 1878 588 tanquam

299 593 340 645 si
379 593 475 647 soli
513 596 717 663 possint
750 598 971 652 meliora
1022 601 1248 666 sentire,
1311 619 1414 658 non
1455 607 1631 674 ipsum
1688 611 1880 664 cristi-

300 693 467 747 tuant,
501 687 830 755 unigenitum
874 687 964 742 Dei
999 689 1214 753 Filium,
1244 694 1334 761 qui
1362 705 1444 750 est
1473 713 1536 752 ex
1575 701 1875 758 substantia

301 773 439 839 ejus,
505 778 666 828 Deum
717 779 954 832 Verbum
1011 795 1228 850 passum
1260 799 1380 840 esse
1426 803 1520 841 sua
1553 805 1720 846 carne
1776 809 1874 864 pro

299 868 448 918 nobis
484 865 738 930 lnnnane,
767 869 892 923 licet
917 885 980 923 eo
1000 874 1139 941 quod
1169 873 1311 929 Deus
1337 878 1672 950 intelligitur,
1697 885 1749 938 in
1778 901 1874 942 sua

298 967 490 1009 natura
523 959 737 1036 habeat,
775 970 830 1012 ut
863 964 970 1028 pati
1013 979 1116 1018 non
1148 968 1313 1034 possit
1347 987 1362 1036 ;
1396 971 1665 1027 hominem
1689 986 1868 1033 autem

297 1065 516 1102 seorsus
547 1029 915 1118 et‘separatim
941 1069 1062 1108 eum
1105 1070 1386 1127 ponentes,
1418 1065 1508 1134 qui
1553 1079 1636 1120 est
1663 1084 1726 1123 ex
1754 1085 1874 1125 san-

295 1144 379 1191 ct'a
421 1139 636 1209 Virgine
683 1154 1018 1209 procreatus.
1079 1145 1282 1202 Deinde
1326 1151 1398 1212 ei,
1447 1165 1706 1218 quantum
1741 1160 1872 1228 ipsis

299 1231 529 1297 videtur,
556 1235 768 1286 modum
803 1236 988 1303 gloriae
1015 1237 1333 1306 tribuentes,
1386 1245 1676 1302 adunatum
1707 1250 1870 1306 fuisse

294 1320 477 1373 dicunt
508 1320 684 1374 Verbo
718 1323 808 1376 Dei
841 1323 1014 1378 Patris
1051 1342 1064 1390 ;
1118 1335 1172 1379 et
1215 1329 1473 1383 rationem
1527 1334 1868 1392 adunationis

293 1423 647 1479 exponentes,
681 1414 936 1468 donatam
962 1431 1083 1472 esse
1130 1419 1228 1487 ipsi
1275 1421 1458 1474 dicunt
1484 1439 1513 1476 a
1545 1423 1652 1478 Deo
1683 1442 1866 1496 requa-

296 1503 502 1555 Iitatem
548 1506 853 1574 dignitatis,
908 1509 1024 1564 sive
1077 1513 1437 1578 auctoritatis,
1496 1529 1550 1570 et
1595 1528 1652 1572 ut
1702 1520 1863 1574 simili

293 1591 671 1658 appellatione,
703 1605 758 1648 et
786 1595 1058 1664 Christus,
1101 1609 1153 1652 et
1196 1599 1365 1656 Filius
1411 1605 1638 1668 dicatur,
1669 1621 1723 1664 et
1755 1608 1862 1664 Do-

291 1685 490 1738 minus.
547 1684 638 1738 Sin
668 1701 796 1740 vero
833 1688 996 1742 etiam
1041 1706 1232 1759 passus
1253 1709 1372 1749 esse
1399 1696 1598 1766 aliquid
1650 1700 1862 1756 dicatur

297 1775 480 1838 homo,
514 1778 603 1843 qui
644 1777 711 1832 ab
754 1778 886 1848 ipsis
919 1784 1280 1852 excogitatur,
1323 1799 1573 1856 oportere
1618 1792 1768 1846 aiunt
1803 1794 1854 1848 in

289 1865 461 1934 ipsum
491 1867 654 1921 Deum
703 1869 931 1924 Verbum
986 1874 1201 1939 referri,
1243 1893 1308 1930 eo
1339 1881 1479 1946 quod
1511 1881 1854 1948 conjunctutn

287 1957 358 2009 sit
393 1957 489 2026 ipsi
524 1959 830 2027 aequalitate
860 1962 1164 2030 dignitatis,
1224 1983 1369 2032 cum,
1408 1970 1616 2024 naturis
1646 1972 1852 2039 divisis,

289 2048 656 2117 Unusquisque
689 2051 738 2103 id
773 2051 861 2117 sit,
895 2055 1164 2120 quodest.

381 2138 690 2207 Explanabo
737 2154 913 2197 autem
973 2145 1077 2199 vim
1129 2151 1554 2218 sententiarum,
1594 2165 1850 2224 quantum

287 2229 400 2298 ipse
441 2231 680 2295 valuero,
739 2249 1016 2288 sacrarum
1057 2236 1379 2293 Litterarum
1437 2248 1680 2314 exempla
1728 2263 1853 2316 pro-

284 2333 508 2387 ponens.
539 2321 739 2375 Esuriit
762 2322 1030 2389 Christus,
1077 2328 1270 2383 itinere
1309 2329 1562 2402 fatigatus
1587 2345 1690 2400 est,
1723 2337 1850 2392 dor-

289 2411 466 2474 mivit,
502 2413 779 2482 ingressus
817 2425 897 2468 est
949 2417 1000 2470 in
1050 2421 1370 2486 naviculam,
1407 2425 1649 2491 pulsatus
1699 2439 1782 2482 est
1822 2444 1850 2482 a

283 2503 547 2557 ministris
591 2506 929 2572 verberibus,
963 2522 989 2559 a
1032 2508 1205 2565 Pilato
1257 2513 1554 2580 llagellatus
1585 2526 1686 2579 est,
1719 2533 1848 2586 spu-

283 2594 482 2647 lamina
516 2595 740 2650 militum
775 2601 1008 2668 excepit,
1035 2602 1124 2669 qui
1155 2603 1336 2658 laurea
1367 2606 1506 2660 latus
1531 2619 1846 2678 pungentcs,

281 2692 490 2737 acetum
526 2687 738 2740 mistum
769 2689 886 2744 felle
931 2693 1012 2744 ori
1067 2694 1182 2762 ejus
1234 2697 1579 2764 obtulerunt;
1617 2705 1851 2770 gustavit

283 2787 462 2827 autem
505 2788 556 2828 el
581 2789 830 2840 mortem,
867 2797 1080 2835 crucem
1129 2802 1337 2853 passus,
1375 2801 1429 2842 et
1463 2791 1564 2843 alia
1607 2795 1848 2847 convicia

276 2860 604 2919 Judtcorum.
645 2867 766 2922 lla-c
816 2872 995 2924 omnia
1048 2875 1248 2928 homini
1295 2879 1508 2943 quidem
1558 2885 1852 2953 contigisse

278 2969 728 3032 commemorant,
769 2960 956 3012 referri
987 2977 1112 3016 vero
1155 2965 1204 3016 in
1232 2965 1352 3022 Filii
1393 2972 1500 3022 veri
1540 2988 1845 3038 personam.

273 3047 466 3099 Aluos
524 3049 814 3114 credimus,
878 3053 1017 3106 sicut
1069 3056 1118 3108 in
1177 3073 1338 3111 trnrnn
1387 3060 1547 3114 Deum
1613 3064 1844 3130 Patrem,

271 3137 721 3205 omnipotentem,
769 3145 1007 3196 omnium
1072 3145 1358 3200 visibilium
1419 3163 1470 3202 et
1499 3152 1846 3209 invisibilinnt

268 3227 687 3293 l'actoretn;ita
757 3235 919 3286 etiam
987 3235 1036 3288 iit
1097 3254 1258 3291 unum
1321 3241 1599 3296 Dominum
1662 3245 1849 3302 Jesnnt

262 3319 570 3384 Christum,
634 3320 823 3376 Filium
874 3327 1009 3390 ejus.
1067 3327 1316 3384 Dividere
1367 3347 1494 3387 vero
1543 3351 1761 3392 seorsus
1793 3341 1846 3392 in

263 3413 546 3465 hominem
588 3415 921 3481 Emmanuel,
976 3428 1030 3472 et
1063 3437 1280 3474 seorsus
1327 3423 1376 3475 iu
1413 3423 1669 3493 Verbum,
1695 3444 1848 3482 recn-

259 3517 474 3555 satnns.
506 3503 749 3558 Scienles
799 3517 977 3560 autem
1019 3514 1160 3575 quod
1220 3511 1416 3563 factum
1449 3514 1518 3564 sit
1547 3514 1698 3581 juxta
1749 3533 1845 3571 nos

263 3592 509 3647 Verbum
576 3599 754 3664 homo,
812 3614 934 3653 vere
986 3601 1157 3668 ipsum
1203 3607 1558 3674 emndemque
1615 3608 1845 3664 dicimus

257 3687 439 3738 Deum
479 3692 543 3740 de.
575 3691 731 3755 Deo;
768 3693 997 3746 humane
1049 3709 1175 3748 vero
1225 3696 1496 3750 hominem
1539 3699 1690 3766 juxta
1747 3718 1842 3755 nos

252 3791 334 3826 ex
368 3778 611 3830 muliere.
651 3780 993 3836 Allirmamus
1022 3797 1198 3839 autent
1236 3803 1396 3856 porro
1428 3800 1646 3860 propter
1683 3793 1843 3848 fami-

254 3867 587 3934 liaritatem,
641 3872 820 3924 carnis
869 3875 1081 3940 quidem
1138 3892 1258 3930 eum
1299 3881 1639 3936 inﬁrmitates
1677 3883 1842 3937 fuisse

253 3971 282 4021 ι)
307 3969 582 4022 erpesmm
619 3974 633 4022 ;
661 3975 904 4016 servasse
927 3979 1054 4016 vero
1087 3977 1292 4019 natura:
1325 3985 1435 4020 sua:
1492 3972 1838 4036 impassibili-

255 4057 456 4108 tatem,
501 4065 564 4100 eo
612 4051 752 4117 quod
811 4069 912 4103 noti
971 4055 1129 4106 homo
1162 4066 1282 4107 erat
1330 4059 1524 4124 solum,
1573 4061 1664 4112 sed
1697 4061 1835 4113 idem

251 4135 428 4187 etiam
476 4137 615 4188 Deus
675 4149 863 4190 natura
901 4156 914 4203 ;
949 4151 1002 4192 et
1052 4145 1500 4206 quemadmodum
1560 4150 1834 4215 proprium

249 4243 272 4275 (ι
293 4233 383 4276 rat
418 4239 610 4292 corpus
653 4227 851 4294 ipsius,
884 4230 952 4282 ita
983 4233 1143 4282 etiam
1178 4235 1452 4289 naturales
1501 4239 1742 4306 corporis
1783 4249 1836 4294 et

253 4317 283 4366 ii
305 4314 615 4380 iculpabiles
641 4317 941 4383 passiones,
979 4335 1184 4374 necnon
1209 4323 1374 4377 etiam
1393 4342 1454 4378 ea
1480 4344 1598 4395 qua:
1619 4331 1666 4384 ei
1688 4332 1832 4386 illata

249 4412 412 4465 sunt,
452 4405 743 4470 petulantia
777 4410 1178 4464 nonnullorum.

333 4495 642 4549 Patiebatnr
676 4509 850 4553 autem
881 4503 1301 4572 impassibilitcr,
1341 4511 1464 4579 quia
1493 4527 1598 4567 non
1630 4515 1830 4576 idcirco

265 4602 329 4642 se
367 4587 688 4652 humiliavit,
723 4601 779 4643 ut
812 4603 954 4647 esset
999 4604 1204 4652 tantum
1247 4603 1438 4661 similis
1472 4613 1642 4665 nostri
1678 4630 1692 4678 ;
1732 4618 1826 4670 5rd

261 4680 411 4748 quia,
463 4690 517 4732 ut
544 4693 667 4734 ante
700 4685 832 4746 dixi,
865 4686 916 4738 id
957 4700 1162 4746 natura:
1195 4713 1325 4760 sute,
1369 4703 1443 4753 uti
1470 4704 1538 4756 sit
1581 4709 1829 4765 omnibus

261 4771 532 4835 superior,
581 4789 902 4830 reservarat.
962 4779 1029 4832 At
1088 4785 1130 4836 si
1193 4788 1514 4856 diceremus,
1561 4797 1827 4866 quodper

258 4863 667 4916 conversionem
728 4865 810 4918 vel
864 4876 1338 4930 cuuinmtationem
1388 4890 1590 4935 natura;
1638 4863 1826 4941 surcin

260 4963 510 5007 naturam
575 4963 847 5015 transierit
892 4968 1090 5029 carnis,
1138 4983 1358 5021 necesse
1409 4985 1524 5024 erat
1578 4978 1826 5033 omnibus

257 5043 430 5096 modis
464 5061 581 5107 nos,
619 5050 815 5104 invitos
856 5055 1040 5118 etiam,
1083 5059 1349 5124 conﬁteri,
1399 5076 1651 5116 arcanam
1687 5069 1824 5122 divi-

258 5151 489 5202 natnqne
518 5149 764 5194 naturain
796 5145 958 5198 fuisse
981 5147 1305 5214 passibilem.
1343 5153 1434 5204 Sin
1463 5167 1664 5220 autem,
1703 5159 1824 5214 licet

247 5225 400 5290 juxta
437 5243 533 5281 nos
567 5232 724 5284 homo
758 5235 826 5286 sit
863 5235 1053 5298 factus,
1088 5244 1345 5294 manserit
1378 5245 1820 5315 incornmutatus,

251 5325 335 5368 est
399 5319 540 5370 enim
601 5325 872 5388 proprium
927 5330 1130 5384 etelesti
1179 5343 1401 5398 littllll‘tB,
1460 5349 1517 5390 ut
1560 5344 1668 5408 pati
1716 5361 1819 5398 non

252 5409 418 5474 possit
452 5425 466 5473 ;
498 5411 690 5465 deinde
717 5431 809 5480 per
836 5421 1214 5476 adunationem
1246 5427 1410 5494 ipsius
1430 5429 1624 5485 factum
1662 5435 1822 5490 l‘ucrit

252 5513 445 5563 cirpus
504 5502 758 5567 passibile
809 5525 822 5560 :
881 5521 1092 5577 oportet
1146 5527 1197 5569 ut
1261 5520 1512 5587 patiatur,
1591 5541 1816 5594 corpore

323 5672 365 5700 ⁵⁵
395 5675 552 5729 Joau.
588 5693 732 5743 ΠΜ,
777 5681 862 5732 51.
945 5683 986 5714 ³⁷
1020 5683 1183 5738 Exod.
1225 5709 1328 5756 xw,
1362 5695 1409 5747 5.
1489 5697 1532 5728 ⁵⁸
1565 5699 1686 5752 ῘΜιΙ.
1721 5702 1770 5753 7.

1227 301 1514 358 SCHOLIA
1556 305 1642 360 DE
1683 306 2192 370 INCARNATIONE
2235 316 2608 392 UNiGENITl.

303 411 396 462 tim
426 411 712 466 credamus
743 412 1137 471 illuminatione
1169 417 1406 488 Spiritus
1435 424 1608 477 sancti
1640 427 1880 492 patuisse
1909 440 1954 488 Α
1984 433 2240 512 patiente,

3426 337 3564 392 1410
3601 355 3604 357 ‘

2275 454 2340 494 eo
2389 443 2531 510 quod
2557 459 2754 514 corpus
2810 447 2978 518 ipsius
3019 448 3196 506 fuisse
3227 451 3563 524 diciturpro-

1987 523 2160 590 prium
2196 544 2211 592 ;
2249 539 2428 584 manet
2457 548 2598 590 vero
2622 535 2734 604 ipse
2765 538 3126 608 impassibilis,
3145 557 3208 596 eo
3235 545 3374 612 quod
3400 547 3566 614 ipsius

1982 624 2068 668 est
2097 620 2372 686 proprium
2398 631 2454 674 ut
2488 625 2596 691 pati
2633 642 2738 680 nou
2775 630 2962 696 possit.

2052 705 2204 772 Quod
2229 711 2273 764 si
2296 711 2533 779 glurilica
2551 725 2635 770 tus
2661 729 2743 772 est
2763 719 3080 776 Emmanuel
3108 739 3200 792 per
3232 726 3558 794 passiOuenr,

1982 805 2038 848 ut
2095 798 2208 865 ipse
2263 800 2416 866 .lixit,
2479 819 2599 858 cum
2655 823 2752 875 pro
2807 813 2961 866 nobis
3013 816 3310 882 pretiosam
3343 833 3557 870 erucem

1978 895 2120 940 esset
2152 904 2408 956 passurus
2441 907 2455 946 :
2484 912 2502 945 ι
2535 893 2688 952 Nune
2738 900 3070 968 glorificatus
3124 915 3210 958 est
3260 906 3428 960 Filius
3463 908 3558 961 bo-

1979 977 2142 1032 tninis
2175 979 2221 1010 "
2264 999 2278 1048 ;
2318 1000 2336 1032 ›
2359 998 2476 1050 cur,
2507 989 2770 1054 passionis
2795 992 3022 1062 gloriam
3060 998 3260 1051 homini
3310 1001 3556 1054 tribuen-

1979 1077 2059 1122 tes
2093 1071 2259 1124 solam
2291 1075 2506 1130 habenti
2542 1081 2977 1148 conjunctionem
3011 1105 3131 1142 cum
3160 1105 3222 1144 eo
3263 1092 3312 1144 in
3367 1107 3552 1162 mqua-

1975 1161 2126 1216 litate
2179 1167 2474 1237 dignitatis,
2527 1188 2632 1226 non
2677 1177 3217 1248 erubescunt?Nam,
3259 1185 3402 1238 sicut
3449 1187 3549 1254 ipsi

1974 1255 2309 1323 existimant,
2367 1263 2647 1332 conjunxit
2701 1268 2805 1320 sibi
2871 1273 3163 1326 secundum
3222 1275 3550 1332 voluntatem

1971 1341 2145 1400 Patris
2168 1357 2223 1401 et
2245 1352 2623 1420 complacitum
2658 1357 2940 1414 hominem
2977 1363 3314 1433 simpliciter,
3341 1379 3394 1422 et
3428 1385 3548 1422 eum

1972 1448 2085 1488 suae
2142 1438 2325 1506 gloriae
2377 1458 2560 1510 parem
2623 1446 2819 1514 eﬂ‘ecit,
2866 1462 2919 1506 et
2961 1457 3253 1521 concessit,
3299 1467 3354 1511 ut
3386 1461 3548 1514 simili

1969 1527 2334 1594 appellatione
2363 1535 2630 1602 Christus,
2663 1549 2716 1595 et
2739 1541 2928 1609 Filius,
2963 1555 3012 1600 et
3052 1547 3196 1602 Deus
3240 1554 3550 1606 nominatus

1968 1617 2059 1680 sit,
2086 1629 2138 1673 et
2169 1619 2450 1680 Dominus.

2039 1709 2180 1781 Ergo
2231 1730 2405 1784 neque
2445 1719 2784 1777 incarnatum
2836 1737 2920 1780 est
2965 1743 3092 1783 vere
3139 1729 3396 1797 Verbum,
3445 1748 3546 1788 nec

2117 1777 2137 1781 _
2319 1777 2334 1784 _
2976 1777 3092 1783 .-_-
3445 1777 3544 1788 ..π

1894 1777 1936 1830 Β
1964 1815 2184 1868 prorsus
2233 1808 2392 1861 homo
2431 1821 2515 1864 est
2568 1814 2788 1868 iactum.
2823 1819 2906 1870 An
2966 1818 3127 1885 forte,
3182 1824 3344 1876 etiam
3381 1824 3544 1880 lalsos

1956 1897 2350 1966 mendacesque
2377 1902 2556 1957 dicere
2599 1907 2850 1964 doctores
2882 1925 3102 1970 sanctos
3140 1918 3324 1970 nnmdi
3356 1921 3539 1980 totius.

1957 1985 2161 2038 nullum
2215 1990 2388 2055 pariat
2442 1993 3000 2058 detrimentumiAut
3051 2007 3216 2077 799
3273 2012 3416 2063 enim
3458 2013 3541 2064 di-

1954 2085 2100 2140 cant,
2130 2077 2237 2132 imo
2278 2082 2448 2152 magis
2489 2090 2786 2154 procedant
2839 2095 2890 2146 in
2946 2099 3181 2150 medium
3237 2101 3537 2167 probaturi,

1953 2169 2094 2235 quod
2123 2171 2212 2241 qui
2259 2174 2657 2242 conjunctionis
2691 2184 2758 2237 ab
2808 2184 2939 2252 ipsis
2985 2187 3262 2242 inducitur
3318 2194 3534 2254 modus,

1951 2258 2344 2318 incarnationis
2387 2269 2580 2323 habeat
2631 2275 2773 2337 vim,
2810 2285 2859 2328 et
2893 2278 2942 2328 id
3001 2281 3090 2341 sit,
3133 2279 3366 2334 Verbum
3416 2297 3536 2336 eSse

1953 2348 2224 2404 hominem
2261 2354 2482 2414 factum.
2521 2364 2622 2415 Aut
2667 2365 2711 2417 si
2744 2363 2804 2418 ea
2840 2381 2944 2418 non
2987 2368 3058 2422 ita
3098 2370 3297 2423 habere
3344 2372 3532 2426 existi-

1953 2450 2120 2508 mant,
2165 2459 2336 2512 quare
2382 2450 2777 2518 coojunctionis
2814 2457 2968 2512 nobis
3017 2459 3380 2526 inconjuncta:
3409 2479 3528 2514 titti-

1952 2532 2076 2584 dum
2112 2539 2446 2605 excogitant,
2481 2545 2708 2598 veritate
2741 2547 2981 2615 neglecta
3014 2548 3182 2604 ?cunt
3218 2552 3408 2606 deceat
3443 2569 3536 2608 eos

1952 2624 2132 2680 dicere
2215 2629 2534 2686 humanitati
2599 2647 2794 2690 nostra:
2852 2640 3144 2694 adunatum
3207 2641 3370 2697 fuisse
3441 2645 3530 2698 Dei

1955 2715 2190 2771 Verbum
2221 2729 2274 2774 et
2303 2721 2520 2779 Patris:
2557 2727 2625 2780 ita
2669 2729 2811 2782 enim
2855 2746 3021 2784 carne
3059 2734 3273 2800 quidem
3317 2737 3531 2804 propria

1952 2805 2276 2876 intelligatur
2316 2829 2507 2881 passus
2537 2817 2791 2873 humana.
2825 2821 3098 2886 Quantum
3132 2839 3258 2878 vero
3293 2827 3527 2893 pertinet

1955 2897 2018 2948 ad
2055 2899 2352 2958 divinitatis
2399 2917 2668 2974 naturam,
2707 2912 2970 2966 molestiae
3003 2917 3178 2970 ontnis
3223 2931 3436 2985 eXpers,
3471 2929 3531 2972 ut

1957 2988 2118 3045 Deus.

2026 3083 2173 3147 Quod
2217 3102 2342 3140 vero
2391 3089 2702 3144 relationem
2767 3096 3128 3162 nominantes,
3175 3115 3296 3168 quae
3340 3103 3525 3155 nescio

1957 3167 2224 3241 quomodo
2273 3179 2342 3232 ab
2415 3181 2544 3248 ipsis
2605 3193 2813 3250 reperta
2873 3198 2974 3251 est,
3008 3189 3190 3253 gloria:
3245 3191 3528 3246 detrahant

1954 3263 2359 3330 Einmanuelis;
2394 3272 2640 3338 quodque
2681 3289 2802 3326 eum
2856 3277 2941 3329 vix
2998 3294 3160 3332 ttntnn
3215 3292 3524 3336 sanctorum

1951 3355 2184 3410 elliciant
2246 3363 2675 3428 prophetarum;
2731 3377 2784 3419 et
2838 3372 2978 3436 quod
3043 3373 3184 3426 inter
3245 3391 3525 3431 mensuras

1949 3449 2282 3502 constituant
2339 3453 2712 3520 plurimorum,
2771 3460 2820 3512 iit
2876 3477 3047 3531 eoque
3120 3468 3306 3532 procul
3359 3469 3523 3522 dttbio

1948 3538 2248 3605 capiantur,
2283 3545 2520 3610 probabo
2556 3561 2736 3614 porro,
2766 3549 2961 3606 divina:
2993 3552 3288 3624 Scriptum
3317 3573 3522 3626 ponens

1947 3630 2214 3696 cxctnpla.

2018 3719 2386 3777 Mnrmnrabat
2417 3725 2705 3795 aliquando
2745 3729 2797 3783 in
2829 3730 3038 3789 deserto
3064 3736 3326 3792 adversus
3373 3741 3519 3813 Moy-

1944 3823 2115 3865 senet
2161 3813 2340 3867 Aaron
2394 3819 2618 3884 populus
2675 3819 2859 3880 Israel.
2915 3823 3150 3877 dicens:
3207 3845 3225 3876 ‹
3299 3817 3540 3884 υιίιιειηι¹

1947 3905 2140 3953 mortui
2195 3920 2462 3967 essemus,
2522 3911 2760 3972 percussi
2795 3926 2821 3960 a
2871 3911 3098 3965 Domino
3155 3916 3205 3967 in
3261 3917 3511 3988 IEgypto,

1942 4001 2063 4038 cum
2109 3992 2430 4044 sedebamus
2489 3993 2554 4044 ad
2608 3995 2741 4049 ollas
2808 4000 3072 4067 carnium,
3127 4013 3181 4057 et
3227 4008 3514 4064 edebamus

1944 4091 2111 4142 usque
2134 4080 2198 4128 ad
2229 4080 2532 4134 satietatem
2561 4084 2626 4136 ⁵⁷.
2659 4105 2678 4135 ι
2705 4087 2840 4140 Dicit
2863 4091 3055 4145 deinde
3082 4097 3512 4163 sapientissimus

1939 4163 2151 4234 Moyses
2201 4167 2340 4237 (erat
2382 4173 2526 4225 enim
2565 4190 2901 4245 consequens
2944 4191 3048 4234 tam
3089 4193 3290 4241 temere
3341 4191 3511 4260 impa-

1941 4254 2131 4310 tientes
2158 4259 2456 4331 confutare)
2484 4282 2496 4316 :
2530 4283 2547 4315 ι
2582 4266 2690 4320 Nos
2715 4277 2892 4323 autem
2925 4273 3052 4340 quid
3079 4254 3509 4350 sumusiNeque

1936 4343 2080 4422 enirn:
2113 4348 2370 4406 adversus
2400 4369 2497 4407 nos
2533 4368 2615 4412 est
2651 4367 3004 4420 marmoratio
3039 4379 3238 4439 vestra,
3273 4377 3365 4430 sed
3405 4379 3506 4431 ad-

1870 4427 1910 4481 D
1938 4451 2124 4492 versus
2168 4441 2331 4495 Deum
2359 4445 2426 4500 5°.
2467 4466 2484 4498 ›
2515 4447 2793 4518 Regnabat
2821 4457 2962 4511 enim
3007 4477 3102 4528 per
3139 4463 3226 4516 illa
3269 4475 3502 4537 tempora

1937 4527 2098 4581 etiam
2143 4531 2282 4586 Deus
2313 4539 2674 4606 omnipotens,
2707 4561 2804 4612 per
2845 4560 3061 4606 sanctos
3108 4557 3415 4625 prephetas,
3452 4563 3502 4614 in

1937 4620 2129 4687 pOpnlo
2157 4621 2338 4677 Israel.

2008 4710 2084 4763 llli
2116 4723 2294 4766 autem
2328 4715 2379 4768 in
2423 4718 2523 4772 hoc
2553 4721 2715 4775 etiam
2759 4727 3147 4797 pusillanimes,
3175 4741 3502 4797 accedebant

1936 4801 2262 4858 addivinum
2311 4806 2556 4878 Samuel,
2609 4815 2844 4872 dicentes
2886 4836 2900 4872 :
2942 4841 2960 4872 ι
2998 4823 3136 4878 Ecce
3171 4839 3222 4880 ιη
3251 4835 3496 4898 senuisti,

1933 4906 1987 4949 et
2032 4896 2123 4949 lilii
2161 4901 2232 4953 tui
2259 4917 2360 4955 non
2390 4905 2663 4959 ambulant
2695 4909 2744 4961 in
2772 4913 2871 4966 viis
2900 4916 3024 4978 tuis,
3055 4928 3107 4971 et
3133 4936 3274 4973 nunc
3299 4926 3501 4978 consti-

1934 4995 2022 5040 lue
2056 5003 2217 5058 super
2245 5009 2342 5046 nos
2382 5011 2582 5064 regem,
2622 5003 2710 5068 qui
2733 5003 2936 5069 judicel
2969 5025 3083 5074 nos,
3127 5013 3263 5065 sicut
3291 5027 3498 5070 caeteras

1937 5079 2131 5133 habent
2161 5095 2347 5149 gentes
2377 5087 2442 5139 ‘9.
2480 5107 2497 5138 ι
2537 5089 2757 5146 Moleste
2791 5095 2840 5149 id
2865 5100 3076 5166 quidem
3118 5104 3272 5156 nimis
3295 5104 3497 5159 ferebat

1936 5171 2217 5239 pmpheta.
2245 5174 2335 5226 Ait
2374 5186 2552 5231 autem
2591 5181 2728 5237 Deus
2758 5187 3097 5256 omnipotens
3131 5208 3143 5244 :
3176 5210 3194 5243 ε
3233 5194 3366 5248 Audi
3398 5213 3494 5250 vo-

1926 5277 2042 5313 cem
2077 5263 2274 5330 pepuli,
2333 5267 2474 5321 sicut
2528 5269 2738 5326 locutus
2769 5287 2850 5328 est
2883 5279 2944 5330 ad
2991 5290 3039 5332 te
3072 5297 3086 5344 ;
3122 5283 3245 5350 quia
3283 5300 3384 5337 non
3442 5297 3492 5338 te

1923 5365 2264 5419 Spreveruut,
2319 5357 2412 5410 sed
2465 5375 2548 5412 me
2606 5376 2945 5431 spreverunt,
3015 5381 3070 5422 ιιι
3115 5387 3218 5425 non
3276 5390 3490 5444 regnem

1922 5459 2082 5510 super
2105 5459 2196 5497 eos
2220 5445 2286 5497 ⁵ο.
2325 5464 2342 5496 ›

1995 5533 2336 5587 Dixitautent
2381 5537 2572 5592 alicubi
2619 5543 2781 5597 etiam
2816 5547 3062 5605 Christus
3111 5556 3313 5610 santtis
3358 5575 3488 5628 apo-

1876 3105 1918 3162 C

1850 5705 1893 5734 5“
1937 5705 1950 5755 l
1999 5704 2126 5772 llrg.
2160 5723 2273 5771 viti,
2308 5709 2358 5761 ῖί.
2438 5713 2479 5742 ⁶⁰
2513 5713 2640 5766 ibid.
2680 5716 2728 5768 7.
