4082 6258
335 304 488 363 1415

357 479 691 495 W4

696 482 879 493 νοο--σ-
894 486 910 492 -.
920 485 952 492 σι..
962 486 1087 494 -οσ-ρυ
1102 487 1733 497 Μ-ο-σ-ιμ-η-οο-ρ
1746 489 1781 496 ..-

1236 310 1525 368 SCHOLIA
1562 311 1649 366 DE
1689 310 2196 369 INCARNATIONE
2236 311 2443 367 VERBI
2477 311 2609 368 DEl.

3466 315 3609 380 1414

2577 469 3587 502 m

818 647 1191 851 ΤΟΥ
1238 649 2121 789 ΜΑΚΑΡΙΟΥ
2192 655 3117 810 ΚΥΡΙΛΑΟΥ›

1405 910 1978 965 ΔΡΧΙΕΠΙΣΚΟΠΟΥ
2014 911 2553 978 ΑΛΕΞΑΝΔΡΕΙΔΣ,

631 1089 807 1146 ΠΕΡΙ
849 1092 986 1145 ΤΗΣ
1024 1091 1664 1151 ΕΝΑΝΘΡΩΠΗΣΕΩΣ
1704 1095 1848 1149 ΤΟΥ
1882 1095 2070 1148 ΘΕΟΥ
2103 1105 2375 1168 ΛΟΓΟΥ,
2422 1107 2564 1159 ΤΟΥ
2606 1105 2783 1159 ΥΙΟΥ
2819 1106 2962 1158 ΤΟΥ
2993 1104 3306 1159 ΠΑΤΡΟΣ.

1177 1431 1765 1558 ΒΕΑΤΙ
1927 1432 2830 1640 CYRILLI.

1429 1689 1957 1748 ARCHIEPISCOPI
2006 1692 2498 1761 ALEXANDRINI,

555 1860 705 1951 DE
786 1862 1690 1959 INCARNATIONE
1766 1873 2128 1963 VERBI
2213 1872 2458 1996 DEI,
2534 1875 2831 1962 FILII
2910 1875 3369 1967 PATRIS.

408 2219 472 2276 Ἦ
502 2223 601 2293 τῆς
631 2222 782 2287 θείας
811 2224 1036 2297 Γραφῆς
1077 2227 1341 2302 ὁρθοτάτη
1385 2231 1582 2297 ἔννοια,
1615 2237 1905 2302 εἰσοικιζο-

2083 2241 2243 2310 801
2287 2239 2592 2295 Germanus
2623 2240 2821 2296 divina:
2845 2242 3137 2312 Scripturae
3162 2256 3350 2297 sensus
3376 2252 3595 2299 sancto-

329 2311 466 2384 μὲνη
492 2314 569 2376 είς
595 2313 684 2366 τὸν
712 2314 819 2367 τῶν
845 2316 1015 2384 ἁγίων
1044 2317 1189 2383 νοῦν,
1220 2325 1589 2393 κατακοσμεῖν
1624 2326 1782 2381 εἴωθε
1804 2328 1905 2393 τὰς

324 2405 433 2459 τῶν
481 2405 651 2473 ἁγίων
699 2406 905 2477 ψυχάς·
941 2407 1008 2472 ἃς
1037 2410 1097 2461 τὸ
1125 2411 1349 2482 Πνεῦμα
1395 2413 1456 2467 τὸ
1493 2415 1646 2483 ἆγιον
1693 2418 1904 2486 εἰσάγει

323 2495 405 2559 είς
438 2495 505 2548 τὰ
534 2495 743 2567 πελάγη
784 2497 884 2566 τῆς
912 2498 1137 2552 ἀεννὰου
1185 2501 1440 2569 γνώσεώς
1484 2522 1544 2558 τε
1577 2506 1670 2558 καὶ
1712 2508 1903 2577 σοφίας

323 2584 561 2657 Χριστοῦ
582 2601 595 2615 ·
617 2620 625 2629 -
646 2587 712 2638 δι’
742 2581 816 2640 ὧν
848 2588 875 2639 ὁ
906 2590 1093 2662 Πατὴρ
1131 2592 1237 2645 τῶν
1268 2594 1403 2648 ὅλων
1434 2596 1567 2661 Θεὸς
1605 2598 1903 2669 δοξολογεῖ-

321 2694 434 2731 ται.
462 2678 781 2748 Θησαυροὺς
797 2670 1369 2754 τοίνυνὰποκρυφους,
1395 2688 1680 2759 ἀοράτους,
1706 2692 1903 2757 ἀνοίξω

322 2784 426 2831 σοι,
461 2770 602 2821 κατὰ
630 2769 690 2821 τὸ
716 2773 1120 2843 γεγραμμένον.
1155 2774 1474 2847 Θησαυροὺς
1502 2778 1556 2832 δέ
1588 2798 1731 2852 φημι
1777 2784 1904 2847 τοὺς

317 2858 417 2926 τῆς
449 2858 618 2929 ὀρθῆς
639 2860 894 2929 γνώσεως
921 2864 1160 2926 διανοίας
1192 2866 1519 2939 ὀφθαλμοὺς,
1548 2872 1715 2940 ὑγιῶς
1735 2875 1904 2943 ὁρῶν-

313 2965 414 3012 τας
445 2951 540 3002 καὶ
568 2950 886 3023 ἀλωὸήτως.
920 2956 995 3007 Οὐ
1027 2955 1134 3027 γὰρ
1174 2959 1492 3030 χαρίσματα
1520 2963 1685 3034 ἀτελῆ
1716 2964 1904 3037 δωρεῖ-

311 3058 407 3093 ται
453 3041 587 3104 Θεὸς
637 3046 752 3105 τοῖς
804 3047 1174 3114 ἐπεγνωκόσιν
1216 3052 1411 3105 αὐτόν·
1457 3053 1581 3107 οὗτε
1616 3055 1722 3126 μὴν
1755 3058 1902 3130 ὅροις

310 3131 668 3204 ἀνθρωπίνης
692 3135 931 3200 διανοίας
957 3143 1407 3213 περιγραφόμενα
1424 3161 1437 3175 ·
1466 3146 1671 3211 τέλειος
1694 3147 1801 3221 γὰρ
1825 3148 1899 3203 ὢν

309 3225 337 3276 ὁ
381 3225 489 3278 τῶν
522 3226 774 3281 ἁπάντων
803 3230 955 3301 ἡμῶν
984 3234 1261 3307 Δεσπότης
1278 3237 1429 3303 Θεὸς,
1461 3239 1680 3305 τελείως
1709 3242 1898 3315 δωρεῖ-

310 3334 409 3370 ται
456 3318 524 3372 τὰ
568 3319 773 3390 ἄφθονα
817 3326 929 3388 τοῖς
978 3326 1144 3390 ἀξίως
1206 3329 1641 3401 πολιτευομένοις
1689 3336 1894 3389 αὐτοῦ’

313 3409 553 3482 ἐραστὴς
575 3410 684 3482 γὰρ
706 3414 920 3481 πέφυκε
951 3416 1060 3468 τῶν
1084 3419 1141 3470 ὲν
1165 3419 1383 3491 καθαρᾷ
1405 3422 1603 3494 καρδίᾳ
1623 3424 1898 3480 δουλευόν-

313 3516 426 3553 των
475 3500 622 3571 αῦτῴ
677 3503 1076 3576 ἀνυποκρίτως.
1115 3507 1324 3562 Ἦκέτω
1376 3510 1554 3565 τοίνυν
1603 3515 1711 3579 πᾶς
1759 3516 1896 3587 ὀρθὰ

2009 2346 2127 2385 rum
2180 2332 2454 2387 tuentibus
2506 2331 2761 2401 illapsus,
2810 2332 3023 2385 illorum
3075 2334 3282 2388 animos
3323 2345 3586 2402 exornat,

2005 2432 2142 2487 quos
2183 2416 2418 2488 Spiritus
2458 2429 2679 2474 sanctus
2713 2419 2766 2473 in
2806 2419 2931 2487 illud
2971 2422 3224 2490 perennis
3256 2424 3497 2481 scientiae
3534 2437 3588 2481 et

2005 2510 2287 2579 sapientiae
2329 2511 2534 2565 Christi
2578 2511 2800 2582 pelagus
2843 2513 3050 2567 inducit
3087 2529 3101 2567 :
3138 2528 3233 2581 per
3266 2530 3386 2586 qua:
3427 2516 3588 2573 Pater

2007 2600 2095 2655 ille
2135 2602 2509 2661 universorum
2554 2603 2694 2659 Deus
2729 2604 3085 2675 gloriﬁcatur.
3120 2604 3426 2661 Thesauros
3466 2624 3589 2678 prn-

2007 2693 2132 2748 iude
2163 2695 2515 2751 absconditos
2541 2707 2594 2751 et
2629 2695 2956 2763 invisibiles,
2991 2705 3049 2750 ut
3076 2707 3160 2752 est
3190 2697 3243 2751 in
3274 2700 3444 2754 sacris
3472 2699 3589 2752 Lit-

2006 2785 2136 2838 teris
2155 2784 2192 2846 ¹,
2221 2783 2314 2839 tibi
2344 2785 2639 2841 recludam.
2662 2783 2979 2840 Thesauros
3006 2794 3184 2840 autem
3217 2796 3381 2841 recta:
3405 2790 3590 2858 cogni-

2006 2875 2168 2929 tionis
2191 2875 2401 2945 appello
2425 2880 2621 2932 mentis
2641 2878 2846 2940 oculos.
2870 2880 2960 2949 qui
2984 2879 3196 2934 sincere
3220 2878 3587 2950 inotl‘enseque

2003 2963 2359 3033 perspiciunt.
2395 2963 2583 3034 Neque
2616 2968 2761 3022 enim
2802 2968 2942 3025 Deus
2978 2968 3324 3036 imperfecta,
3360 2979 3454 3023 aut
3488 2970 3587 3024 hu-

2003 3069 2176 3111 mana:
2203 3057 2399 3112 mentis
2427 3051 2687 3111 limitibus
2713 3059 3122 3133 circumscripta
3149 3068 3369 3113 munera
3399 3059 3465 3115 iis
3492 3062 3584 3129 qui

2001 3145 2149 3201 illum
2182 3150 2538 3218 agnoverint,
2575 3148 2905 3219 impertitur.
2940 3149 3113 3212 Nam,
3150 3151 3274 3220 quia
3311 3151 3586 3220 perfectus

1999 3249 2084 3294 εει
2128 3239 2243 3309 ipse
2281 3239 2422 3297 Deus
2463 3250 2647 3296 noster
2685 3243 2925 3298 omnium
2970 3243 3247 3308 Dominus,
3287 3241 3581 3313 perfectam

1999 3347 2214 3404 Quoque
2250 3333 2517 3387 bonorum
2554 3349 2775 3389 suorum
2812 3336 3020 3404 copiam
3058 3334 3165 3389 illis
3198 3337 3287 3407 qni
3323 3337 3438 3404 ipso
3474 3351 3580 3389 non

2000 3423 2272 3492 indignam
2298 3425 2461 3477 vitam
2489 3434 2678 3495 agunt,
2703 3426 2942 3496 dilargiri
2967 3426 3121 3482 solet.
3148 3426 3279 3481 Nam
3331 3427 3420 3497 qui
3445 3442 3582 3503 puro

1997 3514 2254 3583 omnique
2283 3513 2631 3570 simulatione
2666 3530 2837 3569 vacuo
2870 3516 3049 3571 animo
3078 3516 3151 3571 illi
3182 3517 3458 3583 serviunt,
3486 3533 3583 3571 eos

313 3593 535 3661 φρονεῖν
577 3594 850 3663 ᾑρημένος
899 3596 992 3648 ἐπὶ
1026 3600 1123 3667 τὴν
1153 3599 1379 3653 ἁένναον
1404 3601 1585 3674 πηγὴν
1630 3606 1721 3658 τὸν
1764 3608 1899 3680 Χρι-

2002 3604 2260 3674 singulari
2296 3621 2483 3661 amore
2517 3614 2572 3661 et
2606 3606 2982 3662 benevolentia
3015 3606 3412 3677 complectitur.
3447 3605 3580 3662 Om-

313 3676 462 3743 στὸν,
490 3680 701 3736 ἀκούων
747 3683 911 3737 αὐτοῦ
946 3687 1396 3757 προσφωνοῦντος
1424 3691 1511 3745 διὰ
1535 3694 1628 3748 τοῦ
1659 3676 1898 3767 Εὐαγγε-

312 3768 431 3821 λίου
449 3785 461 3797 ·
491 3788 509 3820 ι
534 3771 660 3824 Ἐάν
689 3791 772 3836 τις
797 3775 946 3847 διψᾷ,
975 3779 1220 3849 ἐρχέσθω
1248 3783 1383 3854 πρός
1406 3801 1497 3854 με,
1517 3786 1611 3839 καὶ
1637 3790 1890 3847 πινέτω.»

312 3859 390 3912 Οὐ
418 3860 524 3929 γὰρ
558 3859 676 3913 δέον
705 3863 851 3917 ἐστὶν
882 3867 1049 3935 ἡμᾶς,
1082 3870 1156 3940 μὴ
1194 3874 1456 3944 πρότερον
1488 3878 1808 3943 ἐπιγνόντας
1836 3881 1897 3932 τὸ

310 3950 413 4020 τῆς
446 3951 727 4016 εὐσεϐείας
775 3959 1096 4029 μυστήριον,
1131 3962 1409 4032 διερευνᾷν
1452 3966 1485 4034 ἢ
1533 3967 1894 4036 ὲκλαμῦἀνειν

312 4040 498 4106 ἁπλῶς
546 4046 672 4116 περὶ
712 4047 947 4117 Χριστοῦ
981 4050 1076 4101 τοῦ
1108 4051 1262 4109 Θεοῦ.
1282 4054 1671 4111 ’Υποκλέπτειν
1716 4062 1893 4115 τοίνυν

307 4129 511 4184 οἴονταί
543 4149 684 4195 τινες
711 4136 821 4187 τῶν
852 4137 1218 4208 ἀκροωμένων
1242 4144 1339 4206 τὰς
1365 4143 1564 4215 ψυχὰς,
1582 4146 1887 4220 ἄνθρωπον,

308 4223 463 4290 φησὶ,
498 4221 747 4290 λέγοντες
784 4226 1133 4299 ἀνειληφέναι
1161 4233 1251 4287 τὸν
1285 4235 1416 4290 Θεὸν
1446 4240 1618 4309 Λόγον
1638 4257 1652 4272 ⁸
1688 4242 1780 4296 καὶ
1803 4241 1889 4298 διὰ

306 4312 468 4364 τοῦτο
501 4314 726 4385 πρόοδον
767 4319 1100 4389 πεποιῆσθαι
1138 4323 1225 4377 διὰ
1266 4329 1365 4399 τῆς
1394 4330 1555 4399 ἁγίας
1586 4334 1886 4405 Παρθένου,

306 4403 403 4455 καὶ
450 4403 636 4457 τοῦτον
686 4406 850 4461 αὐτὸν
900 4409 990 4462 τὸν
1039 4410 1324 4486 ἄνθρωπον
1372 4403 1781 4479 ἀποτεθεῶσθαι
1810 4426 1889 4496 τῷ

306 4494 426 4588 Θεῷ
455 4495 634 4588 item),
661 4498 721 4588 οὐ
756 4499 1027 4567 συνιέντες
1053 4506 1115 4558 τὸ
1139 4507 1236 4577 τῆς
1256 4510 1540 4578 εὐσεϐείας
1564 4494 1884 4588 μυστήριον,

306 4585 402 4638 καὶ
423 4585 522 4656 τῆς
560 4587 697 4656 μετὰ
733 4591 935 4662 σαρκὸς
964 4595 1274 4667 οἰκονομίας
1302 4601 1395 4654 τοῦ
1430 4605 1767 4674 Μονογενοῦς
1787 4609 1887 4680 τὴν
1925 4630 1931 4641 ε

305 4676 462 4766 pcipe)
508 4678 736 4748 μετρίαν
782 4683 1114 4755 ποιούμενοι.
1135 4689 1327 4760 Ἡμεῖς
1360 4693 1417 4746 δὲ
1449 4697 1547 4766 οὺχ
1577 4696 1720 4752 οὕτω
1748 4676 1886 4752 δεδι-

303 4759 580 4851 ξόιγμεθα·
626 4763 753 4851 ἕνα.
789 4769 882 4819 καὶ
935 4768 1027 4822 τὸν
1086 4759 1248 4827 αὑτὸν
1306 4777 1485 4847 ἴσμεν,
1516 4759 1760 4851 αδελφοί,
1793 4782 1886 4836 τὸν

301 4845 386 4943 (ad
414 4848 701 4943 emoriar;
736 4855 1014 4926 Παρθένου
1042 4861 1140 4930 τῆς
1173 4845 1435 4919 Θεοτὸκου
1463 4845 1680 4940 Μαρίας
1700 4888 1885 4943 γεννη-

2002 3710 2099 3750 nes
2140 3698 2320 3770 itaque
2353 3699 2444 3769 qui
2492 3707 2639 3753 recte
2678 3711 2869 3766 sapere
2910 3697 3278 3763 instituerunt,
3315 3698 3381 3753 ad
3421 3698 3582 3752 Chri-

2000 3795 2141 3844 stum
2182 3804 2476 3858 perennem
2523 3790 2674 3844 illum
2720 3790 2922 3844 fontem
2966 3788 3244 3852 accedant,
3290 3790 3435 3843 illum
3480 3804 3579 3858 per

1998 3879 2348 3946 Evangelium
2403 3880 2726 3932 clamantem
2780 3879 3059 3933 audientes
3094 3893 3109 3930 :
3150 3896 3168 3929 ι
3211 3880 3267 3932 Si
3303 3880 3424 3948 quis
3459 3882 3576 3936 sitit

1997 3970 2181 4023 veniat
2205 3971 2269 4022 ad
2301 3985 2406 4034 me,
2431 3979 2486 4023 et
2515 3971 2752 4024 bibat'.»
2783 3969 2965 4039 Neque
2994 3973 3137 4025 enim
3167 3986 3302 4042 Opus
3333 3984 3435 4036 est,
3467 3990 3572 4029 non

1996 4060 2180 4125 agnito
2205 4060 2354 4129 prius
2378 4060 2468 4115 illo
2493 4061 2711 4131 pietatis
2734 4062 3015 4134 mysterio,
3043 4071 3246 4123 temere
3267 4066 3333 4120 de
3355 4064 3575 4122 Christo

1998 4150 2107 4206 Deo
2135 4150 2481 4222 investigare,
2513 4152 2592 4208 vel
2626 4153 2918 4210 disserere.
2947 4154 3089 4208 Sunt
3116 4168 3246 4225 ergo
3270 4157 3362 4227 qui
3394 4158 3446 4211 in
3477 4172 3575 4211 au-

1994 4244 2230 4298 ditorum
2272 4244 2482 4301 animos
2525 4245 2707 4304 furtim
2756 4261 2820 4308 ac
2862 4262 2960 4316 per
2999 4246 3243 4311 fraudem
3289 4252 3570 4320 irrcpunt,

1994 4333 2161 4389 Deum
2185 4334 2413 4391 Verbum
2444 4348 2753 4394 asserentes
2784 4339 3057 4397 hominem
3088 4345 3466 4411 assumpsisse,
3494 4361 3560 4400 ac

1993 4424 2196 4480 idcirco
2240 4441 2334 4496 per
2371 4436 2617 4483 sanctam
2659 4426 2935 4499 Virginem
2983 4432 3283 4502 prodiisse,
3326 4443 3381 4491 et
3428 4436 3571 4491 hunc

1990 4516 2242 4570 eunnlem
2290 4517 2560 4571 hominem
2606 4534 2637 4573 a
2684 4520 2794 4575 Deo
2834 4520 3013 4579 Verbo
3059 4525 3365 4581 deiﬁcatum
3409 4541 3570 4592 esse;

1992 4618 2248 4674 magnum
2284 4605 2409 4658 illud
2442 4606 2660 4677 pietatis
2691 4611 3007 4678 mysterium
3043 4627 3146 4666 non
3184 4613 3566 4684 intelligentes,

1989 4695 2514 4766 dispensationisqne
2560 4697 2830 4768 Unigeniti
2873 4715 2996 4754 cum
3040 4717 3204 4757 carne
3244 4704 3565 4758 beneﬁcium

1990 4789 2423 4856 parvifaeienles.
2463 4790 2572 4847 Nos
2615 4802 2814 4858 autem,
2854 4791 3075 4859 fratres,
3118 4810 3221 4849 non
3265 4798 3343 4855 sic
3386 4797 3561 4853 edocti

1988 4895 2193 4935 sumus.
2232 4881 2384 4936 Illum
2425 4899 2660 4954 namque
2696 4886 2788 4952 qui
2828 4900 2893 4940 ex
2933 4894 3118 4941 sancta
3153 4886 3369 4958 Virgine
3406 4899 3562 4944 natus

303 4935 482 5059 θέντα,
516 4941 647 4994 Θεὸν
673 4944 897 5013 τέλειον,
925 4950 1019 5003 καὶ
1047 4952 1332 5025 ἄνθρωπον
1358 4935 1583 5025 τέλειον,
1616 4935 1879 5033 ἔμψυχον,
1909 4949 1920 4996 ⁴

332 5032 515 5059 ριν-..κη
574 5034 837 5059 ην-.ε-..-,ς
964 5043 976 5059 ι
1034 5043 1072 5059 n
1182 5046 1194 5059 ο
1326 5048 1342 5059 ι
1371 5049 1382 5059 .
1635 5052 1646 5059 .
1737 5058 1741 5059 ,

2358 4935 2361 4936 ν
2428 4935 2657 4954 ηψπ-
2834 4935 2893 4940 ,--
2933 4935 3118 4941 ﬂ---”
3406 4935 3559 4944 πη.--

1996 4981 2088 5037 est,
2119 4988 2286 5026 unum
2323 4977 2681 5044 eumdemque
2711 4990 2832 5032 esse
2861 4980 3227 5059 agnoscimus,
3262 4979 3559 5049 perfectum

300 5025 537 5126 Ϋγικόν.
574 5034 844 5107 Ταύτῃτοι
889 5043 986 5095 καὶ
1032 5043 1291 5101 Θεοτόκον
1326 5048 1557 5121 λέγομεν
1596 5025 1885 5126 τηνίἁγίαν

302 5120 598 5192 Παρθένον,
632 5128 722 5179 καὶ
751 5130 1088 5202 ἐνῳκηκέναι
1116 5139 1387 5204 οὐσιωδῶς
1414 5141 1506 5196 τὸν
1537 5120 1670 5200 Θεὸν
1712 5120 1885 5219 Λόγον

297 5214 520 5313 asas-.7,
566 5217 626 5313 ei)
666 5219 906 5291 δοκήσει,
935 5224 1073 5278 ἀλλὰ
1097 5229 1349 5302 ἐνεργείᾳ
1368 5244 1383 5258 ⁸
1407 5232 1497 5287 τὸν
1526 5236 1690 5293 αὑτὸν
1719 5214 1882 5313 διμη-

1987 5061 2152 5117 Deum
2187 5072 2241 5118 et
2274 5064 2572 5135 perfectum
2616 5068 2888 5124 hominem
2922 5070 3101 5124 anima
3137 5071 3383 5127 rationali
3419 5088 3557 5142 prte-

1984 5153 2177 5207 dinnn.
2210 5154 2319 5210 llac
2353 5156 2519 5212 etiam
2551 5157 2617 5212 de
2648 5174 2810 5214 causa
2841 5170 3084 5216 sanctam
3121 5160 3397 5230 Virginem
3438 5163 3559 5218 Dei-

1985 5258 2167 5311 param
2195 5246 2559 5316 appellamus;
2590 5247 2867 5318 Deumque
2884 5248 3123 5305 Verbum
3150 5265 3255 5306 non
3281 5251 3556 5320 opinione,

298 5301 465 5405 ναῖον,
500 5301 596 5354 καὶ
641 5312 985 5377 τριμηναῖον,
1021 5313 1146 5367 Υίὸν
1175 5334 1233 5369 τε
1273 5301 1407 5373 Θεοῦ
1449 5323 1588 5394 ἅμα,
1631 5330 1724 5382 καὶ
1757 5301 1883 5386 Ῠίὸν

1996 5333 2074 5387 sed
2116 5348 2172 5388 re
2211 5335 2322 5405 ipsa
2363 5335 2416 5391 in
2455 5337 2542 5393 illa
2585 5338 2854 5396 habitasse
2887 5341 3161 5396 dicimus:
3195 5343 3442 5398 eumdem
3475 5344 3557 5398 bi-

296 5386 783 5489 ἁνθρώπουῖἌλλὰ
800 5398 928 5489 ᾲγὰρ
955 5405 1048 5456 καὶ
1073 5404 1171 5469 τὰς
1201 5410 1297 5477 τῆς
1323 5386 1765 5489 ἀνθρωπόντητος,
1783 5423 1878 5475 καὶ

300 5476 405 5546 μὴν
432 5481 525 5531 καὶ⁸
554 5482 653 5546 τὰς
681 5487 738 5536 ὲν
762 5487 981 5562 ἐξουσίᾳ
1013 5496 1078 5565 τῇ
1109 5496 1406 5570 θεοπρεπεῖ
1431 5508 1615 5574 φωνὰς
1636 5551 1649 5572 ,
1672 5510 1737 5573 ἃς
1795 5514 1875 5566 δι-

296 5571 646 5639 αγορεὺουσιν
678 5579 807 5646 ἡμῖν
840 5583 891 5631 αἱ
921 5581 1060 5636 θεῖαι
1096 5586 1305 5658 Γραφαὶ
1338 5596 1464 5664 περὶ
1492 5597 1681 5665 αὐτοῦ,
1703 5604 1781 5665 εἰς
1814 5604 1870 5654 ἓν

374 5758 385 5779 ¹
414 5754 513 5806 lsa.
553 5772 671 5823 XLV,
707 5761 757 5812 5.
839 5763 856 5791 ¹
896 5762 1051 5820 Joan.
1086 5785 1176 5834 vn,
1216 5771 1304 5822 57.

1988 5430 2239 5476 mestrem
2271 5435 2324 5478 et
2355 5427 2704 5493 trimestrem,
2734 5429 2923 5483 Filium
2955 5429 3045 5486 Dei
3074 5431 3259 5495 simul,
3284 5442 3339 5487 et
3363 5432 3555 5487 Filium

1987 5511 2238 5566 hominis.
2276 5513 2414 5580 Quin
2460 5517 2624 5569 etiam
2658 5533 2816 5574 voces
2860 5519 2999 5581 illas,
3034 5535 3171 5589 quas
3213 5521 3405 5576 divinae
3447 5521 3556 5575 Lit-

1985 5612 2110 5657 tera:
2141 5609 2300 5659 modo
2331 5609 2687 5675 humanitati,
2721 5613 2877 5666 modo
2906 5611 3102 5667 divina:
3134 5611 3274 5667 illius
3304 5615 3555 5683 potestati
