4082 6258
366 395 388 446 1
399 394 503 448 595

1285 394 1570 448 SCIIULIA
1616 394 1702 446 DE
1737 391 2252 450 lNCAll‘NATIONE
2295 390 2664 447 UNICENITI.

3483 389 3618 440 159‘

364 509 902 572 mimtni,sicutnuuc
923 508 1215 564 revelatum
1234 510 1536 562 estsanctis
1555 509 1924 578 apostolis".i
1961 511 2006 566 A
2039 525 2056 558 ι
2092 507 2354 578 Apparuit
2381 507 2521 560 enim
2549 505 2718 576 gratia
2747 504 2838 558 Dei
2870 503 3157 558 Salvatoris
3188 503 3458 565 omnibus,
3489 517 3618 556 eru-

365 599 430 652 Et
459 617 472 653 :
526 618 544 650 ι
577 599 890 669 Mysterium
925 603 1066 670 quod
1117 603 1490 656 absconditum
1537 601 1638 656 fuit
1665 619 1692 655 a
1729 602 1939 656 saaculis

366 700 421 742 et
448 692 908 758 generationibus,
943 706 1084 746 nunc
1108 700 1289 746 autem
1325 693 1666 746 ntanifrstum
1702 703 1785 748 est
1811 707 1936 746 san-

364 779 462 832 ctis
493 778 629 845 ejus,
661 781 856 849 quibus
885 781 1054 835 voluit
1081 783 1322 837 revelare
1357 785 1570 838 divitias
1600 784 1784 854 gloria:
1820 799 1938 854 my-

363 872 510 926 sterii
544 872 700 939 hujus
725 874 778 928 in
804 875 1075 944 gentibus,
1107 878 1250 945 quod
1283 887 1365 932 est
1392 877 1664 944 Christus,
1697 879 1750 932 in
1789 879 1939 932 vobis

361 977 485 1030 spes
531 963 735 1032 gloriae,
767 979 926 1032 quem
970 983 1070 1022 nos
1110 969 1574 1022 annuutiamus“.
1616 989 1636 1021 ι
1671 971 1728 1024 Si
1781 971 1940 1038 igitur

363 1063 445 1107 est
488 1054 768 1124 θεοφόρος,
799 1067 851 1111 et
885 1075 990 1114 non
1033 1059 1172 1115 Deus
1218 1075 1363 1122 vere.
1395 1063 1667 1129 quomodo
1709 1063 1820 1132 ipse
1859 1071 1940 1116 est

361 1145 564 1199 divitia:
593 1147 776 1214 gloria:
811 1151 1076 1217 mysterii,
1104 1152 1245 1220 quod
1274 1153 1622 1206 aununtiatur
1652 1153 1944 1224 gentibus?

367 1234 458 1287 Vel
493 1237 762 1304 quomodo
786 1240 1005 1294 Omnino
1033 1242 1172 1298 Deus
1195 1243 1586 1299 annuntiatur?
1905 1259 1909 1262 ‘

999 1350 1150 1405 CAP.
1187 1350 1305 1407 XX.

1061 1465 1246 1518 Aliud.

438 1586 456 1618 ι
492 1567 621 1623 Volo
650 1569 793 1625 enim
830 1587 926 1627 vos
958 1574 1100 1630 scire
1137 1578 1352 1646 qualem
1385 1582 1800 1640 sollicitudinem
1845 1589 1940 1640 ha-

363 1659 513 1712 beam
556 1676 651 1729 pro
673 1663 823 1717 vobis
846 1675 900 1718 et
931 1680 1026 1734 pro
1055 1667 1120 1721 iis
1143 1669 1232 1736 qui
1257 1683 1381 1726 sunt
1407 1672 1704 1743 Laodicezr,
1731 1688 1784 1732 et
1813 1681 1936 1748 qui-

361 1764 572 1817 cunque
623 1768 730 1807 non
785 1755 1036 1812 viderunt
1070 1759 1261 1814 faciem
1320 1779 1492 1819 meam
1545 1767 1594 1820 in
1648 1784 1831 1833 carne,
1884 1781 1940 1825 ιιι

361 1843 712 1898 consolentur
741 1847 903 1900 corda
954 1849 1216 1919 ipsorum,
1253 1854 1502 1911 instructi
1551 1862 1602 1912 in
1648 1861 1934 1928 charitatc,

360 1941 412 2030 cit
437 1931 488 1985 in
521 1949 708 1989 omnes
731 1937 944 1993 divitias
973 1942 1325 2009 plenitudinis
1351 1947 1674 2015 intellectus,
1707 1954 1760 2007 in
1790 1957 1936 2023 agni-

365 2027 560 2076 tionem
612 2027 852 2095 mysterii
888 2027 982 2084 Dei
1036 2031 1236 2087 Christi
1271 2035 1338 2088 ⁷³.
1373 2055 1390 2087 ι
1433 2037 1570 2094 Ecce
1623 2046 1933 2112 mysterium

365 2113 476 2176 Dei,
507 2118 817 2184 mysterium
855 2121 1098 2176 nominat
1118 2123 1340 2190 Christi,
1365 2141 1418 2184 et
1451 2131 1609 2197 plene
1638 2133 1935 2205 intelligere

359 2205 615 2271 quosdam
643 2209 756 2261 vult
785 2210 836 2262 in
866 2214 1190 2281 agnitionem
1224 2218 1412 2286 ipsius.
1443 2221 1558 2286 Quo
1581 2224 1742 2292 igitur
1775 2226 1932 2280 intel-

360 2295 497 2349 lectu
545 2312 679 2365 opus
713 2310 850 2364 erat,
907 2304 1207 2360 volentibus
1242 2308 1440 2363 Christi
1490 2317 1801 2382 mysterium
1855 2317 1935 2370 di-

355 2401 535 2451 scere,
563 2388 604 2439 si
643 2387 858 2445 fuerant
892 2395 1150 2462 audituri,
1191 2400 1333 2466 quod
1379 2401 1705 2458 inhabitaret
1753 2407 1804 2458 in
1841 2409 1936 2459 ho-

355 2476 502 2530 mine
541 2476 725 2533 Deus?
771 2480 918 2550 Opus
957 2495 1040 2539 est
1083 2495 1260 2543 autem
1313 2492 1480 2544 nimio
1531 2495 1824 2561 intellectu,
1879 2511 1934 2552 ut

353 2566 498 2620 scias
525 2575 711 2623 contra
743 2573 886 2640 quod
929 2573 1186 2642 Verbum,
1237 2594 1360 2633 cum
1417 2583 1486 2636 sit
1537 2584 1694 2650 Deus,
1733 2587 1932 2644 factum

353 2659 424 2713 sit
460 2659 642 2714 homo.

979 2779 1130 2836 CAP.
1173 2782 1310 2838 XXI.

1067 2895 1246 2950 Aliud.

435 3017 452 3048 ε
493 2999 530 3051 Α
567 3001 717 3056 vobis
749 3003 888 3056 enim
925 3007 1100 3060 sonuit
1129 3023 1308 3062 sermo
1337 3010 1570 3077 Domini,
1610 3031 1714 3070 non
1759 3020 1930 3074 solum

357 3089 410 3142 in
441 3088 755 3148 Macedonia
789 3105 842 3148 et
865 3095 1100 3165 Achaia;
1130 3102 1222 3154 sed
1248 3106 1392 3158 omni
1425 3105 1541 3161 loco
1567 3109 1696 3163 ﬁdes
1729 3123 1930 3180 vestra,

355 3198 477 3249 qua:
509 3193 591 3236 est
619 3183 685 3237 ad
727 3186 916 3251 Deum,
943 3190 1108 3243 exivit
1139 3192 1204 3246 ⁸ο.
1239 3212 1258 3244 ι
1295 3195 1432 3251 Ecce
1461 3199 1653 3253 iterum
1687 3203 1737 3256 in
1769 3205 1933 3262 Deum
1962 3221 2004 3278 ο

358 3274 515 3328 tidem
547 3277 740 3332 factam
782 3294 902 3333 esse
934 3297 1340 3352 commemorat,
1367 3293 1668 3346 cumetiam
1691 3294 1940 3355 Christus

355 3367 529 3421 dicat:
561 3387 578 3419 ι
610 3369 708 3435 Qui
740 3374 916 3426 credit
945 3374 996 3427 in
1025 3391 1127 3442 me,
1154 3377 1314 3432 habet
1339 3379 1500 3434 vitam
1533 3392 1786 3440 mtcrnam
1813 3391 1879 3445 δι.
1916 3413 1933 3443 ι

357 3461 673 3516 Sermonem
705 3474 882 3520 autem
916 3469 1350 3534 prmdicationem
1385 3473 1514 3528 dicit
1546 3478 1611 3530 de
1640 3479 1834 3548 seipso.

965 3601 1113 3656 CAP.
1159 3604 1325 3660 XXII.

1055 3716 1236 3772 Aliud.

434 3837 452 3869 ι
491 3822 594 3912 Ipsi
647 3825 788 3876 enim
839 3829 989 3883 scitis
1025 3831 1306 3888 introitum
1358 3849 1595 3894 nostrum
1633 3843 1772 3912 apud
1815 3861 1930 3908 vos,

355 3910 609 3980 quoniam
658 3930 762 3968 non
796 3917 971 3974 inanis
1011 3921 1151 3988 fttit;
1192 3927 1284 3979 sed
1317 3937 1442 3981 ante
1482 3932 1642 3983 tnulta
1671 3910 1852 4000 ipassi,
1882 3945 1935 3988 et

355 4005 699 4061 contumeliis
731 4007 929 4073 affecti.
967 4014 1298 4078 sicutscitis,
1336 4018 1386 4070 in
1425 4018 1708 4087 Philippis,
1741 4026 1927 4077 confisi

358 4093 555 4151 fuimus
583 4097 632 4150 in
665 4100 790 4160 Deo.
812 4103 1044 4169 colloqui
1077 4105 1142 4157 ad
1179 4121 1272 4159 vos
1315 4109 1663 4178 Evangelium
1699 4113 1788 4166 Dei
1817 4115 1882 4166 δ’.
1906 4135 1924 4166 ι

355 4184 492 4241 Ecce
533 4187 757 4255 loquens
787 4190 838 4243 in
883 4193 1016 4260 Deo,
1059 4194 1150 4248 Dei
1201 4197 1544 4268 Evangelium
1576 4207 1926 4272 memoravit;

354 4277 443 4346 qui
471 4278 724 4346 praedicat
761 4283 1017 4350 gentibus
1043 4285 1340 4342 Christum.

948 4414 1100 4471 CAP.
1141 4417 1326 4474 XXlll.

1047 4527 1234 4584 Aliud.

431 4659 450 4692 ι
471 4639 870 4707 Recordamini,
891 4643 1106 4710 fratres,
1129 4644 1364 4700 laborem
1389 4657 1630 4702 nostrqu
1653 4661 1706 4703 et
1731 4667 1921 4704 terum-

352 4751 494 4796 nam,
531 4744 689 4788 nocte
717 4745 770 4788 et
796 4735 879 4788 die
902 4747 1212 4805 operantes,
1246 4755 1310 4791 ne
1333 4755 1490 4807 quem
1523 4749 1761 4795 vestrum
1790 4759 1916 4812 gra-

350 4840 620 4887 varemus;
644 4827 1049 4894 praedicavimus
1073 4829 1413 4897 Evangelium
1437 4831 1526 4884 Dei
1553 4833 1689 4886 inter
1707 4834 1872 4888 vos”.
1888 4853 1904 4884 ι

350 4914 417 4968 Ει
447 4915 639 4968 iterum
675 4929 687 4962 ι
728 4933 746 4964 ι
777 4913 1065 4982 Pr0pterea
1109 4927 1164 4969 et
1198 4932 1296 4972 nos
1327 4918 1528 4986 gratias
1568 4921 1775 4988 agimus
1809 4921 1914 4977 Deo

347 5006 464 5060 sine
515 5005 958 5072 intermissione;
1005 5008 1258 5075 quoniam
1306 5026 1427 5062 cum
1463 5011 1837 5079 percepissetis
1884 5030 1913 5067 a

348 5097 502 5150 nobis
530 5097 774 5161 verbum,
800 5099 983 5152 auditu
1017 5099 1108 5154 Dei
1149 5100 1453 5168 cxcepistis,
1481 5117 1585 5154 non
1613 5111 1668 5155 ut
1694 5105 1914 5158 verbum

348 5186 644 5252 hominum,
676 5188 766 5241 scd
796 5197 852 5240 ut
878 5189 1094 5242 verbum
1127 5189 1241 5254 Dei,
1271 5191 1358 5256 qui
1383 5201 1635 5258 operatur
1665 5193 1716 5246 in
1740 5195 1914 5260 vobis,

346 5279 436 5345 qui
478 5281 782 5334 credidistis
828 5281 894 5334 3".
933 5301 950 5332 ι
1005 5282 1196 5335 Nonne
1239 5283 1518 5336 evidenter
1567 5285 1912 5354 Evangeliurn

351 5367 469 5431 Dei,
493 5378 542 5422 et
577 5371 667 5424 Dei
701 5373 922 5424 verbum
955 5373 1389 5440 praedicationem
1428 5375 1493 5428 de
1529 5375 1744 5430 Christo
1766 5391 1914 5430 com-

349 5463 647 5512 memorat?
677 5463 871 5531 quippe
899 5463 948 5515 id
973 5461 1221 5516 omnibus
1255 5463 1750 5519 manifestissimum
1784 5477 1864 5521 est
1897 5484 1911 5520 :

1499 5673 1542 5700 ⁷⁹
1577 5671 1779 5724 Coloss.
1811 5688 1868 5728 ιι,
1901 5672 1943 5722 l.

1414 5741 1476 5772 ""
1514 5739 1617 5792 Tit.
1675 5757 1733 5804 tt,
1806 5743 1886 5794 ll.

417 5663 462 5731 777
497 5660 688 5726 ιςνιιρδ,
723 5677 799 5726 ιιι³
829 5663 879 5716 5.
959 5665 1002 5694 7“
1033 5664 1235 5720 Coluss.
1268 5684 1304 5731 t,
1332 5671 1416 5725 ‘26.

351 5735 392 5762 ·-³
432 5730 448 5781 l
481 5731 668 5782 'I'hess.
705 5747 760 5795 ιι,
789 5733 838 5782 ιι.
955 5735 998 5762 ’³⁵
1056 5735 1182 5790 ibid.
1218 5740 1298 5793 l5.

351 5798 583 5856 ““Galnt.
616 5804 729 5865 1,6.
811 5803 850 5834 ⁸9
887 5803 1014 5858 ibid.

1966 5742 2007 5768 ’³³
2045 5742 2241 5798 .l'ct'etu.
2295 5757 2330 5806 ι,

2041 601 2192 656 diens
2227 616 2344 665 nos,
2383 609 2439 654 ut
2485 601 2813 664 abuegantes
2860 599 3194 668 impietatem
3248 607 3302 652 et
3333 597 3616 652 Saecularia

2041 691 2329 756 desideria,
2384 690 2566 744 sobrie
2609 701 2662 745 et
2702 689 2848 764 juste
2877 699 2930 744 et
2965 693 3050 760 pie
3099 692 3364 752 vivamus,
3417 690 3467 740 in
3519 689 3620 740 hoc

2041 782 2258 846 saeculo,
2312 791 2690 848 exspectantes
2741 783 2952 836 beatam
3004 797 3178 852 spem,
3223 791 3278 834 et
3325 780 3614 834 adventum

2041 871 2224 941 gloria:
2245 873 2419 943 magni
2437 873 2527 926 Dei
2545 883 2596 926 et
2615 872 2910 927 Salvatoris
2931 871 3098 926 nostri
3121 869 3246 925 Jesu
3273 869 3475 924 Christi
3495 868 3613 922 ⁸⁸⁵.»

2041 965 2182 1018 Ecce
2223 964 2383 1031 Deus,
2431 973 2488 1018 et
2531 981 2778 1036 magnus,
2831 966 3142 1034 plenissime
3179 963 3486 1016 nominatus
3539 971 3622 1015 est

2045 1058 2300 1111 Dominus
2329 1069 2515 1112 noster
2539 1055 2694 1113 Jesus
2725 1059 2974 1112 Christus
3005 1077 3018 1113 :
3045 1058 3157 1126 ipse
3183 1065 3264 1110 est
3299 1057 3441 1110 enim
3467 1053 3620 1120 cujus

2041 1148 2326 1201 adventum
2377 1149 2560 1216 gloriae
2625 1160 3040 1218 exspectantes,
3100 1148 3279 1202 sobrie
3334 1147 3514 1200 vivere
3567 1155 3622 1199 et

2041 1241 2590 1308 irreprehensibiliter
2651 1241 2991 1295 festinamus.
3052 1239 3157 1294 Sed
3218 1240 3261 1292 si
3325 1249 3410 1292 est
3455 1240 3616 1292 homo

2041 1329 2320 1400 θεοφόρος,
2357 1333 2627 1398 quomodo
2654 1332 2724 1384 sit
2753 1345 2976 1400 magnus
3007 1329 3188 1382 Deus?
3221 1327 3311 1384 Vel
3351 1328 3621 1396 quomodo

2040 1421 2198 1475 beata
2233 1435 2356 1491 spes
2386 1421 2436 1474 in
2463 1421 2626 1473 eum?
2653 1419 2929 1488 Siquidem
2962 1436 3124 1474 verus
3148 1429 3231 1474 est
3264 1417 3504 1486 profecto
3533 1415 3621 1470 Je-

2041 1513 2238 1566 remias
2265 1511 2492 1564 dicens:
2535 1529 2552 1560 σ
2591 1508 2910 1564 M-aledictus
2941 1511 3038 1578 qui
3071 1524 3220 1578 spem
3271 1525 3424 1565 suam
3469 1511 3622 1577 penit

2041 1603 2094 1656 in
2127 1604 2342 1656 homine
2367 1601 2433 1654 ⁸⁵.
2469 1621 2487 1653 ι
2529 1600 2711 1670 Neque
2733 1603 2876 1655 enim
2909 1602 3072 1656 Deum
3105 1603 3274 1670 ipsum
3308 1603 3478 1670 [lOa‘Sil
3503 1600 3618 1652 clli-

2041 1709 2183 1760 ccre,
2215 1703 2274 1748 ut
2314 1703 2441 1748 ante
2469 1694 2606 1756 dixi,
2644 1695 2695 1748 id
2733 1695 2873 1763 quod
2910 1707 2994 1750 est
3041 1697 3204 1750 Dcinn
3249 1705 3485 1764 portare.
3517 1694 3620 1747 De-

2042 1787 2206 1855 nique
2237 1786 2465 1840 doceant
2488 1801 2608 1850 nos,
2645 1785 2772 1854 quid
2800 1787 3052 1855 impediat
3079 1785 3213 1840 alios
3238 1787 3399 1839 etiam
3433 1800 3620 1838 omnes

1973 1863 2012 1915 Β
2043 1881 2172 1934 deos
2203 1893 2334 1933 esse
2367 1888 2420 1932 et
2446 1879 2772 1941 adorandos,
2801 1879 2888 1946 qui
2923 1879 2974 1930 in
3005 1892 3062 1930 se
3095 1877 3380 1931 habuerint
3412 1875 3620 1930 Deum?

2040 1969 2206 2022 Deum
2243 1980 2420 2023 autem
2452 1978 2506 2024 et
2541 1985 2790 2041 magnum
2824 1977 2874 2023 et
2908 1969 3149 2030 beatum,
3183 1968 3464 2023 habentem
3497 1969 3619 2022 illu-

2041 2063 2387 2116 minationem
2433 2063 2707 2117 Christum
2745 2061 2986 2116 nominat
3037 2062 3224 2115 beatus
3259 2059 3480 2124 Paulus,
3527 2061 3617 2130 qui

2040 2155 2310 2208 invenitur
2333 2154 2518 2210 dicens
2547 2155 2613 2209 de
2635 2153 2838 2208 ludatis
2861 2164 2914 2207 et
2938 2151 3258 2206 Emmanuel
3285 2170 3298 2205 :
3331 2169 3349 2201 ‹
3380 2150 3616 2217 Quorum

2039 2255 2242 2312 patres,
2275 2253 2327 2298 et
2361 2255 2764 2306 testamentum,
2799 2253 2852 2296 et
2885 2243 3292 2312 promissiones,
3328 2251 3382 2296 et
3405 2258 3466 2296 ex
3495 2243 3616 2311 qui-

2037 2337 2136 2391 bus
2171 2337 2419 2390 Christus
2460 2338 2757 2390 seeundum
2796 2349 3036 2400 carnem,
3071 2334 3162 2400 qui
3195 2343 3275 2388 est
3311 2350 3472 2401 super
3503 2351 3618 2388 oni-

2039 2427 2470 2481 nia‘heuedictus
2503 2440 2553 2478 ιιι
2584 2424 3160 2479 macula-saeculorum.
3200 2425 3378 2477 Amen
3416 2424 3482 2475 πεί.
3523 2445 3541 2476 ι

2105 2517 2257 2584 Quod
2307 2533 2440 2571 vero
2471 2517 2766 2572 secundum
2821 2517 3055 2569 divinam
3108 2516 3492 2568 revelationem
3537 2515 3615 2568 fa-

2037 2611 2210 2665 ciebat
2243 2609 2706 2678 praedicationem,
2736 2607 3074 2676 perspiCuum
3105 2607 3186 2670 tit,
3219 2607 3332 2674 ipso
3362 2607 3574 2660 dicente
3601 2625 3614 2659 ς

2042 2718 2061 2751 ι
2108 2699 2309 2753 Deinde
2354 2707 2473 2768 post
2504 2714 2676 2751 annos
2706 2697 3118 2768 quatuordecim
3155 2697 3347 2750 iterum
3398 2699 3614 2751 ascendi

2037 2789 2464 2861 Hierosolymam
2497 2805 2618 2844 cum
2655 2789 2928 2853 Barnal-a,
2953 2797 3234 2858 assumpto
3273 2787 3436 2842 etiam
3471 2785 3614 2840 Tito.

2035 2882 2262 2936 Ascendi
2308 2891 2485 2934 autem
2529 2883 2824 2936 secundum
2866 2879 3274 2944 revelationem,
3305 2888 3359 2932 et
3391 2878 3613 2944 eXpnsui

2035 2971 2117 3026 eis
2159 2971 2534 3041 Evangelium,
2577 2971 2718 3039 quod
2764 2971 3000 3039 praedico
3033 2969 3321 3039 gentibus;
3373 2983 3614 3022 seorsum

2037 3075 2214 3119 autem
2271 3065 2334 3118 iis
2380 3064 2472 3132 qui
2519 3063 2845 3117 videbantur
2871 3062 3071 3130 aliquid
3109 3076 3249 3123 esse,
3289 3075 3355 3113 ne
3395 3061 3534 3115 forte
3563 3061 3614 3113 in

2038 3170 2262 3209 vacuum
2285 3170 2584 3218 currerem,
2612 3163 2703 3207 aut
2726 3154 3086 3209 cucurrissent
3119 3152 3185 3207 ".
3225 3173 3243 3205 ι
3270 3152 3428 3223 793
3455 3152 3615 3206 Chri-

2041 3258 2182 3301 stum
2210 3247 2511 3315 przedieans
2540 3246 2809 3317 gentibus,
2843 3257 2900 3300 ut
2937 3247 3127 3310 Deum,
3163 3245 3402 3300 divinum
3435 3247 3612 3300 norni-

2043 3349 2133 3392 nat
2163 3339 2330 3406 ipsius
2368 3338 2565 3407 ubique
2603 3339 2938 3408 mysterium.
2983 3338 3239 3392 Ascendit
3277 3353 3372 3406 per
3407 3337 3614 3392 revela-

2043 3431 2239 3483 tionetu
2291 3428 2741 3498 Hierosolymam,
2786 3437 2840 3483 et
2887 3429 3139 3498 exposuit
3184 3429 3268 3482 his
3313 3429 3403 3498 qui
3465 3431 3614 3482 vide-

2039 3520 2236 3573 bantur
2265 3517 2466 3588 aliquid
2511 3531 2651 3578 esse,
2693 3518 2741 3570 id
2773 3527 2876 3581 est,
2927 3518 3132 3572 sanctis
3176 3519 3457 3586 apostolis,
3503 3519 3614 3570 sive

2039 3610 2338 3679 discipulis,
2372 3625 2440 3664 ne
2476 3610 2614 3664 forte
2646 3609 2698 3662 in
2731 3624 2955 3664 vacuum
2997 3617 3199 3663 currat.
3229 3609 3363 3664 Cum
3393 3625 3518 3663 vero
3547 3609 3613 3662 ab

2038 3700 2428 3769 Hierosolymis
2460 3700 2849 3760 descendisset,
2884 3707 2936 3750 et
2985 3685 3172 3752 rut-sits
3215 3699 3454 3766 gentium
3487 3713 3610 3766 gre-

2036 3791 2191 3856 gibus
2220 3789 2577 3854 interfuisset,
2601 3787 2979 3841 emendavitne
3003 3787 3202 3855 aliquid
3223 3803 3284 3840 ex
3311 3786 3613 3854 prioribus?

2033 3881 2223 3936 Nonne
2260 3880 2624 3948 perseveravit
2670 3878 2837 3931 Deum
2879 3879 3143 3931 confitens
3168 3875 3486 3929 Christum?
3515 3875 3609 3927 At-

2033 3990 2137 4043 que
2164 3973 2284 4027 ideo
2320 3972 2507 4026 scribit
2533 3970 2852 4040 quibusdam
2899 3987 2911 4020 :
2949 3986 2967 4020 ι
3005 3968 3170 4021 Miror
3207 3969 3347 4036 quod
3384 3970 3461 4021 sic
3500 3969 3606 4020 cito

2035 4062 2424 4116 transferimini
2457 4062 2522 4117 ab
2550 4076 2634 4126 eo,
2665 4062 2752 4128 qui
2799 4073 2892 4113 vos
2927 4060 3138 4113 vocavit
3171 4059 3221 4112 in
3256 4058 3396 4110 aliud
3441 4073 3607 4111 cvan-

2031 4156 2250 4226 gelium,
2286 4153 2429 4223 quod
2463 4168 2566 4206 non
2593 4162 2674 4206 est
2703 4151 2866 4214 aliud,
2895 4151 2996 4204 nisi
3031 4151 3194 4219 aliqui
3234 4159 3358 4203 sunt
3387 4160 3607 4202 contur-

2029 4249 2218 4301 bantes
2247 4261 2342 4300 vos
2370 4253 2422 4299 et
2449 4245 2689 4299 volentes
2725 4252 3042 4299 convertere
3076 4240 3419 4310 Evangelium
3449 4239 3602 4294 Chriv

2029 4341 2095 4394 sti
2132 4339 2200 4390 ’⁸.
2238 4357 2256 4389 ι
2301 4337 2390 4391 Ait
2433 4346 2612 4390 autem
2664 4335 2857 4390 iterum
2908 4350 2921 4384 :
2974 4352 2990 4384 ι
3036 4333 3138 4388 Sed
3195 4334 3293 4386 etsi
3358 4349 3454 4386 nos
3513 4342 3605 4385 aut

2029 4431 2250 4500 angelus
2299 4431 2367 4483 de
2414 4429 2551 4482 cmlo
2600 4426 3052 4497 evangelizaverit
3091 4427 3258 4485 vobis,
3315 4434 3506 4494 praeter
3553 4425 3602 4477 id

2031 4511 2170 4590 quod
2217 4521 2522 4588 accepistis,
2568 4519 2850 4572 anathema
2883 4518 2951 4570 sit
2982 4517 3050 4572 ".
3104 4537 3121 4568 ι
3161 4517 3264 4571 Pro
3295 4533 3397 4584 qua
3443 4515 3604 4581 igitur

2029 4629 2187 4668 causa
2232 4613 2364 4664 alios
2400 4627 2588 4664 omnes
2622 4612 2912 4676 amittens,
2935 4610 3060 4662 licet
3093 4610 3258 4662 Deum
3293 4609 3600 4660 inhabitan-

2031 4717 2136 4759 tcm
2161 4703 2466 4767 habuerint,
2492 4701 2662 4755 solum
2687 4698 3213 4770 prmdicabatJesum
3242 4699 3381 4752 sicut
3411 4697 3595 4749 Deum.

2620 4855 2766 4912 CAP.
2811 4854 3017 4910 Χιιιν..

2715 4969 2902 5025 Aliud.

2095 5103 2364 5172 Scriptum
2397 5112 2478 5157 est
2509 5106 2573 5156 de
2621 5103 2835 5157 Christo
2874 5121 2886 5156 :
2935 5123 2956 5152 l
2985 5103 3116 5157 Cum
3152 5113 3327 5154 autem
3366 5111 3507 5154 esset
3542 5101 3592 5154 in

2028 5194 2410 5263 Hierosolymis
2436 5194 2488 5247 in
2529 5195 2612 5247 die
2649 5195 2994 5259 festo,.multi
3036 5192 3382 5246 crediderunt
3415 5191 3463 5242 in
3500 5208 3593 5243 nn-

2027 5285 2168 5338 mine
2195 5286 2310 5354 ejus
2345 5287 2586 5339 videntes
2619 5287 2770 5354 signa
2800 5276 2920 5354 qua:
2967 5284 3232 5346 faciebat;
3266 5282 3379 5350 ipse
3411 5293 3589 5334 autem

2021 5375 2175 5429 .lesus
2199 5391 2300 5429 non
2323 5377 2574 5430 credebat
2598 5391 2654 5428 se
2684 5375 2821 5442 illis;
2849 5378 2985 5444 quod
3013 5376 3126 5443 ipse
3151 5375 3360 5429 sciebat
3381 5389 3588 5435 omnes,

2023 5477 2072 5522 et
2104 5469 2244 5537 quod
2271 5484 2376 5522 non
2401 5483 2618 5522 necesse
2645 5467 2895 5533 habebat,
2929 5477 2986 5524 ut
3005 5465 3198 5534 aliquis
3223 5467 3584 5519 testimonium

3105 5665 3147 5694 ⁸³
3187 5664 3416 5719 lThcss.
3448 5682 3506 5730 ιι,
3532 5667 3582 5718 ‘2.

2025 5674 2067 5702 ""
2104 5673 2120 5725 ι
2150 5673 2341 5725 Thess.
2371 5689 2407 5732 ι,
2434 5671 2485 5722 8.
2563 5670 2604 5697 ’“
2638 5663 2794 5730 Joan.
2827 5684 2917 5730 vn,
2939 5667 3029 5720 ‘25.
3105 5665 3147 5694 ⁸³
3187 5664 3416 5719 lThess.
3448 5667 3556 5730 tt,‘2

2045 5742 2241 5788 .l't-rntn-
2296 5757 2330 5788 ι.
2376 5743 2427 5788 Ei-
2509 5741 2549 5770 θ’·
2590 5737 2746 5788 Itoni.
2799 5751 2870 5788 ι·.·.
2933 5739 2982 5788 9'.
3117 5735 3159 5764 ⁸⁷
3191 5733 3364 5788 Calat.
3413 5752 3473 5788 tt.
3537 5735 3556 5786 1

3215 5735 3364 5788 ἶέιιιιι.
3413 5752 3473 5798 ιι,
3537 5735 3580 5787 1..

2376 5743 2427 5794 5,
2509 5741 2549 5770 ⁸³·
2590 5737 2746 5790 Ιῖῡιιι.
2799 5751 2870 5802 tv,
2933 5739 2982 5789 εκ
