  <div class='ocr_page' id='page_1' title='image "/cluster/home/n/w/nwhite01/storage/ocr_20150623/75/mdp.39015078384495/723.png"; bbox 0 0 4082 6258; ppageno 0'>
   <div class='ocr_carea' id='block_1_1' title="bbox 501 375 640 431">
    <p class='ocr_par' dir='ltr' id='par_1_1' title="bbox 501 375 640 431">
     <span class='ocr_line' id='line_1_1' title="bbox 501 375 640 431; baseline -0.007 -1"><span class='ocrx_word' id='word_1_1' title='bbox 501 375 640 431; x_wconf 75' lang='grc'><strong>1395</strong></span> 
     </span>
    </p>
   </div>
   <div class='ocr_carea' id='block_1_2' title="bbox 1519 370 2754 429">
    <p class='ocr_par' dir='ltr' id='par_1_2' title="bbox 1519 370 2754 429">
     <span class='ocr_line' id='line_1_2' title="bbox 1519 370 2754 429; baseline -0.004 0"><span class='ocrx_word' id='word_1_2' title='bbox 1519 377 1574 429; x_wconf 89' lang='lat' dir='ltr'><strong>S.</strong></span> <span class='ocrx_word' id='word_1_3' title='bbox 1615 375 1890 429; x_wconf 70' lang='grc' dir='ltr'><strong>(ῖίἰιιιιι</strong></span> <span class='ocrx_word' id='word_1_4' title='bbox 1935 370 2397 427; x_wconf 69' lang='lat' dir='ltr'><strong>ALEXANDRINI</strong></span> <span class='ocrx_word' id='word_1_5' title='bbox 2438 371 2754 426; x_wconf 65' lang='lat' dir='ltr'><strong>AliCl-liEP.</strong></span> 
     </span>
    </p>
   </div>
   <div class='ocr_carea' id='block_1_3' title="bbox 3599 373 3739 427">
    <p class='ocr_par' dir='ltr' id='par_1_3' title="bbox 3599 373 3739 427">
     <span class='ocr_line' id='line_1_3' title="bbox 3599 373 3739 427; baseline -0.014 0"><span class='ocrx_word' id='word_1_6' title='bbox 3599 373 3739 427; x_wconf 72' lang='lat' dir='ltr'><strong>i396</strong></span> 
     </span>
    </p>
   </div>
   <div class='ocr_carea' id='block_1_4' title="bbox 501 484 3756 560">
    <p class='ocr_par' dir='ltr' id='par_1_4' title="bbox 501 484 3756 560">
     <span class='ocr_line' id='line_1_4' title="bbox 501 484 3756 560; baseline -0.001 -17"><span class='ocrx_word' id='word_1_7' title='bbox 501 489 808 558; x_wconf 88' lang='lat' dir='ltr'><strong>perhiberet</strong></span> <span class='ocrx_word' id='word_1_8' title='bbox 839 488 904 542; x_wconf 88' lang='lat' dir='ltr'><strong>de</strong></span> <span class='ocrx_word' id='word_1_9' title='bbox 933 488 1192 545; x_wconf 77' lang='lat' dir='ltr'><strong>homine:</strong></span> <span class='ocrx_word' id='word_1_10' title='bbox 1238 491 1349 560; x_wconf 86' lang='lat' dir='ltr'><strong>ipse</strong></span> <span class='ocrx_word' id='word_1_11' title='bbox 1387 489 1528 543; x_wconf 90' lang='lat' dir='ltr'><strong>enim</strong></span> <span class='ocrx_word' id='word_1_12' title='bbox 1564 489 1766 542; x_wconf 90' lang='lat' dir='ltr'><strong>sciebat</strong></span> <span class='ocrx_word' id='word_1_13' title='bbox 1791 488 1918 557; x_wconf 88' lang='lat' dir='ltr'><strong>quid</strong></span> <span class='ocrx_word' id='word_1_14' title='bbox 1950 499 2066 542; x_wconf 91' lang='lat' dir='ltr'><strong>erat</strong></span> <span class='ocrx_word' id='word_1_15' title='bbox 2094 491 2141 548; x_wconf 75' lang='grc' dir='ltr'><strong>Α</strong></span> <span class='ocrx_word' id='word_1_16' title='bbox 2168 502 2288 540; x_wconf 90' lang='lat' dir='ltr'><strong>esse</strong></span> <span class='ocrx_word' id='word_1_17' title='bbox 2341 485 2484 548; x_wconf 88' lang='lat' dir='ltr'><strong>talia,</strong></span> <span class='ocrx_word' id='word_1_18' title='bbox 2523 486 2573 538; x_wconf 94' lang='lat' dir='ltr'><strong>iu</strong></span> <span class='ocrx_word' id='word_1_19' title='bbox 2631 486 2823 552; x_wconf 82' lang='lat' dir='ltr'><strong>quibus</strong></span> <span class='ocrx_word' id='word_1_20' title='bbox 2896 485 3156 539; x_wconf 83' lang='lat' dir='ltr'><strong>habitavit</strong></span> <span class='ocrx_word' id='word_1_21' title='bbox 3204 484 3344 540; x_wconf 76' lang='lat' dir='ltr'><strong>Deos</strong></span> <span class='ocrx_word' id='word_1_22' title='bbox 3394 489 3756 556; x_wconf 83' lang='lat' dir='ltr'><strong>Olltltipotens.</strong></span> 
     </span>
    </p>
   </div>
   <div class='ocr_carea' id='block_1_5' title="bbox 500 580 2073 652">
    <p class='ocr_par' dir='ltr' id='par_1_5' title="bbox 500 580 2073 652">
     <span class='ocr_line' id='line_1_5' title="bbox 500 580 2073 652; baseline 0.001 -19"><span class='ocrx_word' id='word_1_23' title='bbox 500 581 553 633; x_wconf 89' lang='lat' dir='ltr'><strong>in</strong></span> <span class='ocrx_word' id='word_1_24' title='bbox 587 580 804 633; x_wconf 83' lang='lat' dir='ltr'><strong>homine</strong></span> <span class='ocrx_word' id='word_1_25' title='bbox 842 581 932 635; x_wconf 70' lang='grc'><strong>⁸⁸⁸.</strong></span> <span class='ocrx_word' id='word_1_26' title='bbox 970 599 987 632; x_wconf 82' lang='grc' dir='ltr'><strong>ι</strong></span> <span class='ocrx_word' id='word_1_27' title='bbox 1011 581 1066 635; x_wconf 90' lang='lat' dir='ltr'><strong>Si</strong></span> <span class='ocrx_word' id='word_1_28' title='bbox 1113 583 1273 634; x_wconf 91' lang='lat' dir='ltr'><strong>homo</strong></span> <span class='ocrx_word' id='word_1_29' title='bbox 1301 591 1446 633; x_wconf 86' lang='lat' dir='ltr'><strong>esset</strong></span> <span class='ocrx_word' id='word_1_30' title='bbox 1487 582 1762 652; x_wconf 75' lang='grc' dir='ltr'><strong>θεοφόρος,</strong></span> <span class='ocrx_word' id='word_1_31' title='bbox 1808 583 2073 649; x_wconf 80' lang='lat' dir='ltr'><strong>quomodo</strong></span> 
     </span>
    </p>
   </div>
   <div class='ocr_carea' id='block_1_6' title="bbox 501 670 2072 741">
    <p class='ocr_par' dir='ltr' id='par_1_6' title="bbox 501 670 2072 741">
     <span class='ocr_line' id='line_1_6' title="bbox 501 670 2072 741; baseline 0.001 -17"><span class='ocrx_word' id='word_1_32' title='bbox 501 685 606 724; x_wconf 85' lang='lat' dir='ltr'><strong>non</strong></span> <span class='ocrx_word' id='word_1_33' title='bbox 635 670 843 738; x_wconf 84' lang='lat' dir='ltr'><strong>decepti</strong></span> <span class='ocrx_word' id='word_1_34' title='bbox 877 681 1001 724; x_wconf 88' lang='lat' dir='ltr'><strong>sunt</strong></span> <span class='ocrx_word' id='word_1_35' title='bbox 1038 670 1212 735; x_wconf 90' lang='lat' dir='ltr'><strong>multi,</strong></span> <span class='ocrx_word' id='word_1_36' title='bbox 1248 671 1335 738; x_wconf 93' lang='lat' dir='ltr'><strong>qui</strong></span> <span class='ocrx_word' id='word_1_37' title='bbox 1377 670 1764 741; x_wconf 82' lang='lat' dir='ltr'><strong>Hierosolymis</strong></span> <span class='ocrx_word' id='word_1_38' title='bbox 1794 673 1846 724; x_wconf 91' lang='lat' dir='ltr'><strong>in</strong></span> <span class='ocrx_word' id='word_1_39' title='bbox 1879 688 2072 725; x_wconf 88' lang='lat' dir='ltr'><strong>nomen</strong></span> 
     </span>
    </p>
   </div>
   <div class='ocr_carea' id='block_1_7' title="bbox 500 761 2077 840">
    <p class='ocr_par' dir='ltr' id='par_1_7' title="bbox 500 761 2077 840">
     <span class='ocr_line' id='line_1_7' title="bbox 500 761 2077 840; baseline -0.001 -25"><span class='ocrx_word' id='word_1_40' title='bbox 500 763 618 830; x_wconf 85' lang='lat' dir='ltr'><strong>ejus</strong></span> <span class='ocrx_word' id='word_1_41' title='bbox 655 763 1038 817; x_wconf 90' lang='lat' dir='ltr'><strong>crediderunt?</strong></span> <span class='ocrx_word' id='word_1_42' title='bbox 1113 761 1205 815; x_wconf 85' lang='lat' dir='ltr'><strong>Vel</strong></span> <span class='ocrx_word' id='word_1_43' title='bbox 1247 778 1413 840; x_wconf 78' lang='lat' dir='ltr'><strong>quare</strong></span> <span class='ocrx_word' id='word_1_44' title='bbox 1460 763 1604 817; x_wconf 86' lang='lat' dir='ltr'><strong>solus</strong></span> <span class='ocrx_word' id='word_1_45' title='bbox 1645 763 1914 832; x_wconf 85' lang='lat' dir='ltr'><strong>cognoscit</strong></span> <span class='ocrx_word' id='word_1_46' title='bbox 1959 777 2077 829; x_wconf 69' lang='lat' dir='ltr'><strong>qua:</strong></span> 
     </span>
    </p>
   </div>
   <div class='ocr_carea' id='block_1_8' title="bbox 501 851 2077 920">
    <p class='ocr_par' dir='ltr' id='par_1_8' title="bbox 501 851 2077 920">
     <span class='ocr_line' id='line_1_8' title="bbox 501 851 2077 920; baseline 0 -16"><span class='ocrx_word' id='word_1_47' title='bbox 501 862 628 905; x_wconf 88' lang='lat' dir='ltr'><strong>sunt</strong></span> <span class='ocrx_word' id='word_1_48' title='bbox 663 852 714 904; x_wconf 91' lang='lat' dir='ltr'><strong>in</strong></span> <span class='ocrx_word' id='word_1_49' title='bbox 751 852 997 914; x_wconf 86' lang='lat' dir='ltr'><strong>homine,</strong></span> <span class='ocrx_word' id='word_1_50' title='bbox 1032 863 1152 904; x_wconf 90' lang='lat' dir='ltr'><strong>cum</strong></span> <span class='ocrx_word' id='word_1_51' title='bbox 1201 852 1498 920; x_wconf 67' lang='lat' dir='ltr'><strong>praesertim</strong></span> <span class='ocrx_word' id='word_1_52' title='bbox 1536 867 1694 905; x_wconf 90' lang='lat' dir='ltr'><strong>nemo</strong></span> <span class='ocrx_word' id='word_1_53' title='bbox 1728 853 1866 905; x_wconf 88' lang='lat' dir='ltr'><strong>alius</strong></span> <span class='ocrx_word' id='word_1_54' title='bbox 1905 851 2077 904; x_wconf 91' lang='lat' dir='ltr'><strong>sciat?</strong></span> 
     </span>
    </p>
   </div>
   <div class='ocr_carea' id='block_1_9' title="bbox 499 939 2072 1009">
    <p class='ocr_par' dir='ltr' id='par_1_9' title="bbox 499 939 2072 1009">
     <span class='ocr_line' id='line_1_9' title="bbox 499 939 2072 1009; baseline -0.001 -16"><span class='ocrx_word' id='word_1_55' title='bbox 499 940 752 993; x_wconf 77' lang='lat' dir='ltr'><strong>Finxisse</strong></span> <span class='ocrx_word' id='word_1_56' title='bbox 772 941 914 993; x_wconf 90' lang='lat' dir='ltr'><strong>enim</strong></span> <span class='ocrx_word' id='word_1_57' title='bbox 937 939 1138 993; x_wconf 86' lang='lat' dir='ltr'><strong>dicitur</strong></span> <span class='ocrx_word' id='word_1_58' title='bbox 1163 941 1302 994; x_wconf 89' lang='lat' dir='ltr'><strong>Deus</strong></span> <span class='ocrx_word' id='word_1_59' title='bbox 1326 941 1485 994; x_wconf 89' lang='lat' dir='ltr'><strong>corda</strong></span> <span class='ocrx_word' id='word_1_60' title='bbox 1511 951 1691 994; x_wconf 89' lang='lat' dir='ltr'><strong>nostra</strong></span> <span class='ocrx_word' id='word_1_61' title='bbox 1715 939 1986 1009; x_wconf 86' lang='lat' dir='ltr'><strong>sigillatim</strong></span> <span class='ocrx_word' id='word_1_62' title='bbox 2007 939 2072 992; x_wconf 73' lang='grc' dir='ltr'><strong>⁸ο.</strong></span> 
     </span>
    </p>
   </div>
   <div class='ocr_carea' id='block_1_10' title="bbox 508 1030 2074 1099">
    <p class='ocr_par' dir='ltr' id='par_1_10' title="bbox 508 1030 2074 1099">
     <span class='ocr_line' id='line_1_10' title="bbox 508 1030 2074 1099; baseline 0.001 -18"><span class='ocrx_word' id='word_1_63' title='bbox 508 1030 598 1083; x_wconf 92' lang='lat' dir='ltr'><strong>Vel</strong></span> <span class='ocrx_word' id='word_1_64' title='bbox 630 1044 795 1098; x_wconf 85' lang='lat' dir='ltr'><strong>quare</strong></span> <span class='ocrx_word' id='word_1_65' title='bbox 825 1030 970 1084; x_wconf 89' lang='lat' dir='ltr'><strong>solus</strong></span> <span class='ocrx_word' id='word_1_66' title='bbox 1007 1030 1237 1084; x_wconf 89' lang='lat' dir='ltr'><strong>remittit</strong></span> <span class='ocrx_word' id='word_1_67' title='bbox 1272 1031 1533 1099; x_wconf 80' lang='lat' dir='ltr'><strong>peccata?</strong></span> <span class='ocrx_word' id='word_1_68' title='bbox 1558 1031 1647 1083; x_wconf 86' lang='lat' dir='ltr'><strong>Ait</strong></span> <span class='ocrx_word' id='word_1_69' title='bbox 1673 1033 1814 1085; x_wconf 89' lang='lat' dir='ltr'><strong>enim</strong></span> <span class='ocrx_word' id='word_1_70' title='bbox 1843 1045 1856 1084; x_wconf 90' lang='lat'><strong>:</strong></span> <span class='ocrx_word' id='word_1_71' title='bbox 1893 1050 1910 1081; x_wconf 88' lang='grc'><strong>‹</strong></span> <span class='ocrx_word' id='word_1_72' title='bbox 1941 1030 2074 1096; x_wconf 83' lang='lat' dir='ltr'><strong>Quia</strong></span> 
     </span>
    </p>
   </div>
   <div class='ocr_carea' id='block_1_11' title="bbox 503 1120 2072 1189">
    <p class='ocr_par' dir='ltr' id='par_1_11' title="bbox 503 1120 2072 1189">
     <span class='ocr_line' id='line_1_11' title="bbox 503 1120 2072 1189; baseline 0 -16"><span class='ocrx_word' id='word_1_73' title='bbox 503 1129 818 1189; x_wconf 86' lang='lat' dir='ltr'><strong>potestatem</strong></span> <span class='ocrx_word' id='word_1_74' title='bbox 840 1122 1001 1175; x_wconf 83' lang='lat' dir='ltr'><strong>habet</strong></span> <span class='ocrx_word' id='word_1_75' title='bbox 1019 1120 1186 1175; x_wconf 84' lang='lat' dir='ltr'><strong>Filius</strong></span> <span class='ocrx_word' id='word_1_76' title='bbox 1209 1122 1259 1175; x_wconf 94' lang='lat' dir='ltr'><strong>in</strong></span> <span class='ocrx_word' id='word_1_77' title='bbox 1282 1130 1427 1175; x_wconf 87' lang='lat' dir='ltr'><strong>terra</strong></span> <span class='ocrx_word' id='word_1_78' title='bbox 1448 1124 1718 1176; x_wconf 78' lang='lat' dir='ltr'><strong>remittere</strong></span> <span class='ocrx_word' id='word_1_79' title='bbox 1738 1133 1954 1189; x_wconf 88' lang='lat' dir='ltr'><strong>peccata</strong></span> <span class='ocrx_word' id='word_1_80' title='bbox 1972 1123 2037 1176; x_wconf 80' lang='lat'><strong>&quot;.</strong></span> <span class='ocrx_word' id='word_1_81' title='bbox 2055 1142 2072 1173; x_wconf 69' lang='grc' dir='ltr'><strong>ι</strong></span> 
     </span>
    </p>
   </div>
   <div class='ocr_carea' id='block_1_12' title="bbox 503 1210 2075 1281">
    <p class='ocr_par' dir='ltr' id='par_1_12' title="bbox 503 1210 2075 1281">
     <span class='ocr_line' id='line_1_12' title="bbox 503 1210 2075 1281; baseline 0 -16"><span class='ocrx_word' id='word_1_82' title='bbox 503 1215 684 1279; x_wconf 87' lang='lat' dir='ltr'><strong>Quare</strong></span> <span class='ocrx_word' id='word_1_83' title='bbox 721 1213 866 1267; x_wconf 87' lang='lat' dir='ltr'><strong>solus</strong></span> <span class='ocrx_word' id='word_1_84' title='bbox 901 1223 1095 1281; x_wconf 70' lang='lat' dir='ltr'><strong>praeter</strong></span> <span class='ocrx_word' id='word_1_85' title='bbox 1125 1210 1260 1267; x_wconf 84' lang='lat' dir='ltr'><strong>alios</strong></span> <span class='ocrx_word' id='word_1_86' title='bbox 1304 1229 1550 1267; x_wconf 89' lang='lat' dir='ltr'><strong>assessor</strong></span> <span class='ocrx_word' id='word_1_87' title='bbox 1579 1215 1729 1268; x_wconf 83' lang='lat' dir='ltr'><strong>sedet</strong></span> <span class='ocrx_word' id='word_1_88' title='bbox 1767 1215 1860 1268; x_wconf 88' lang='lat' dir='ltr'><strong>Dei</strong></span> <span class='ocrx_word' id='word_1_89' title='bbox 1885 1225 1938 1267; x_wconf 90' lang='lat' dir='ltr'><strong>et</strong></span> <span class='ocrx_word' id='word_1_90' title='bbox 1972 1213 2075 1266; x_wconf 86' lang='lat' dir='ltr'><strong>Pa-</strong></span> 
     </span>
    </p>
   </div>
   <div class='ocr_carea' id='block_1_13' title="bbox 505 1303 2079 1374">
    <p class='ocr_par' dir='ltr' id='par_1_13' title="bbox 505 1303 2079 1374">
     <span class='ocr_line' id='line_1_13' title="bbox 505 1303 2079 1374; baseline 0.002 -19"><span class='ocrx_word' id='word_1_91' title='bbox 505 1305 648 1358; x_wconf 88' lang='lat' dir='ltr'><strong>tris?</strong></span> <span class='ocrx_word' id='word_1_92' title='bbox 681 1305 859 1371; x_wconf 91' lang='lat' dir='ltr'><strong>Quare</strong></span> <span class='ocrx_word' id='word_1_93' title='bbox 893 1305 991 1360; x_wconf 89' lang='lat' dir='ltr'><strong>soli</strong></span> <span class='ocrx_word' id='word_1_94' title='bbox 1015 1306 1390 1374; x_wconf 88' lang='lat' dir='ltr'><strong>obsequuntur</strong></span> <span class='ocrx_word' id='word_1_95' title='bbox 1423 1303 1636 1370; x_wconf 79' lang='lat' dir='ltr'><strong>angeli?</strong></span> <span class='ocrx_word' id='word_1_96' title='bbox 1668 1306 1776 1359; x_wconf 87' lang='lat' dir='ltr'><strong>Cur</strong></span> <span class='ocrx_word' id='word_1_97' title='bbox 1823 1321 1919 1359; x_wconf 91' lang='lat' dir='ltr'><strong>nos</strong></span> <span class='ocrx_word' id='word_1_98' title='bbox 1959 1307 2079 1371; x_wconf 80' lang='lat' dir='ltr'><strong>qui-</strong></span> 
     </span>
    </p>
   </div>
   <div class='ocr_carea' id='block_1_14' title="bbox 505 1395 2075 1468">
    <p class='ocr_par' dir='ltr' id='par_1_14' title="bbox 505 1395 2075 1468">
     <span class='ocr_line' id='line_1_14' title="bbox 505 1395 2075 1468; baseline 0.003 -23"><span class='ocrx_word' id='word_1_99' title='bbox 505 1396 624 1450; x_wconf 88' lang='lat' dir='ltr'><strong>dem</strong></span> <span class='ocrx_word' id='word_1_100' title='bbox 671 1395 854 1449; x_wconf 88' lang='lat' dir='ltr'><strong>docuit</strong></span> <span class='ocrx_word' id='word_1_101' title='bbox 895 1409 1235 1449; x_wconf 88' lang='lat' dir='ltr'><strong>communem</strong></span> <span class='ocrx_word' id='word_1_102' title='bbox 1271 1404 1462 1464; x_wconf 90' lang='lat' dir='ltr'><strong>putare</strong></span> <span class='ocrx_word' id='word_1_103' title='bbox 1496 1395 1733 1457; x_wconf 82' lang='lat' dir='ltr'><strong>Patrem,</strong></span> <span class='ocrx_word' id='word_1_104' title='bbox 1778 1396 1866 1463; x_wconf 92' lang='lat' dir='ltr'><strong>qui</strong></span> <span class='ocrx_word' id='word_1_105' title='bbox 1900 1407 1984 1449; x_wconf 91' lang='lat' dir='ltr'><strong>est</strong></span> <span class='ocrx_word' id='word_1_106' title='bbox 2022 1396 2075 1468; x_wconf 83' lang='lat' dir='ltr'><strong>in</strong></span> 
     </span>
    </p>
   </div>
   <div class='ocr_carea' id='block_1_15' title="bbox 505 1487 1870 1562">
    <p class='ocr_par' dir='ltr' id='par_1_15' title="bbox 505 1487 1870 1562">
     <span class='ocr_line' id='line_1_15' title="bbox 505 1487 1870 1562; baseline 0.003 -26"><span class='ocrx_word' id='word_1_107' title='bbox 505 1487 692 1550; x_wconf 65' lang='lat' dir='ltr'><strong>«:mlis;</strong></span> <span class='ocrx_word' id='word_1_108' title='bbox 720 1488 822 1542; x_wconf 87' lang='lat' dir='ltr'><strong>sibi</strong></span> <span class='ocrx_word' id='word_1_109' title='bbox 858 1497 1034 1562; x_wconf 87' lang='lat' dir='ltr'><strong>autem</strong></span> <span class='ocrx_word' id='word_1_110' title='bbox 1066 1502 1187 1542; x_wconf 86' lang='lat' dir='ltr'><strong>eum</strong></span> <span class='ocrx_word' id='word_1_111' title='bbox 1219 1487 1526 1556; x_wconf 84' lang='lat' dir='ltr'><strong>specialiter</strong></span> <span class='ocrx_word' id='word_1_112' title='bbox 1557 1488 1870 1541; x_wconf 82' lang='lat' dir='ltr'><strong>scribebat?</strong></span> 
     </span>
    </p>
   </div>
   <div class='ocr_carea' id='block_1_16' title="bbox 576 1575 2080 1646">
    <p class='ocr_par' dir='ltr' id='par_1_16' title="bbox 576 1575 2080 1646">
     <span class='ocr_line' id='line_1_16' title="bbox 576 1575 2080 1646; baseline 0 -16"><span class='ocrx_word' id='word_1_113' title='bbox 576 1579 681 1632; x_wconf 89' lang='lat' dir='ltr'><strong>Sed</strong></span> <span class='ocrx_word' id='word_1_114' title='bbox 715 1577 850 1631; x_wconf 81' lang='lat' dir='ltr'><strong>forte</strong></span> <span class='ocrx_word' id='word_1_115' title='bbox 879 1577 1028 1632; x_wconf 87' lang='lat' dir='ltr'><strong>dices</strong></span> <span class='ocrx_word' id='word_1_116' title='bbox 1055 1579 1198 1646; x_wconf 90' lang='lat' dir='ltr'><strong>quod</strong></span> <span class='ocrx_word' id='word_1_117' title='bbox 1227 1575 1533 1644; x_wconf 71' lang='lat' dir='ltr'><strong>huiusmodi</strong></span> <span class='ocrx_word' id='word_1_118' title='bbox 1563 1592 1724 1631; x_wconf 89' lang='lat' dir='ltr'><strong>voces</strong></span> <span class='ocrx_word' id='word_1_119' title='bbox 1763 1577 2080 1630; x_wconf 87' lang='lat' dir='ltr'><strong>inhabitanti</strong></span> 
     </span>
    </p>
   </div>
   <div class='ocr_carea' id='block_1_17' title="bbox 508 1664 2078 1735">
    <p class='ocr_par' dir='ltr' id='par_1_17' title="bbox 508 1664 2078 1735">
     <span class='ocr_line' id='line_1_17' title="bbox 508 1664 2078 1735; baseline -0.001 -15"><span class='ocrx_word' id='word_1_120' title='bbox 508 1667 683 1720; x_wconf 88' lang='lat' dir='ltr'><strong>Verbo</strong></span> <span class='ocrx_word' id='word_1_121' title='bbox 718 1668 1034 1735; x_wconf 62' lang='lat' dir='ltr'><strong>deputanda</strong></span> <span class='ocrx_word' id='word_1_122' title='bbox 1058 1667 1185 1721; x_wconf 89' lang='lat' dir='ltr'><strong>sint.</strong></span> <span class='ocrx_word' id='word_1_123' title='bbox 1215 1664 1402 1720; x_wconf 86' lang='lat' dir='ltr'><strong>Nonne</strong></span> <span class='ocrx_word' id='word_1_124' title='bbox 1429 1667 1594 1735; x_wconf 83' lang='lat' dir='ltr'><strong>igitur</strong></span> <span class='ocrx_word' id='word_1_125' title='bbox 1627 1681 1747 1720; x_wconf 88' lang='lat' dir='ltr'><strong>emn</strong></span> <span class='ocrx_word' id='word_1_126' title='bbox 1778 1667 2078 1734; x_wconf 82' lang='lat' dir='ltr'><strong>oportebat,</strong></span> 
     </span>
    </p>
   </div>
   <div class='ocr_carea' id='block_1_18' title="bbox 498 1757 2078 1827">
    <p class='ocr_par' dir='ltr' id='par_1_18' title="bbox 498 1757 2078 1827">
     <span class='ocr_line' id='line_1_18' title="bbox 498 1757 2078 1827; baseline -0.003 -16"><span class='ocrx_word' id='word_1_127' title='bbox 498 1757 650 1823; x_wconf 75' lang='lat' dir='ltr'><strong>juxta</strong></span> <span class='ocrx_word' id='word_1_128' title='bbox 681 1757 956 1827; x_wconf 83' lang='lat' dir='ltr'><strong>prophetis</strong></span> <span class='ocrx_word' id='word_1_129' title='bbox 980 1757 1388 1811; x_wconf 87' lang='lat' dir='ltr'><strong>convenientem</strong></span> <span class='ocrx_word' id='word_1_130' title='bbox 1413 1757 1930 1822; x_wconf 82' lang='lat' dir='ltr'><strong>mensuram,ipsum</strong></span> <span class='ocrx_word' id='word_1_131' title='bbox 1949 1772 2078 1823; x_wconf 91' lang='lat' dir='ltr'><strong>quo-</strong></span> 
     </span>
    </p>
   </div>
   <div class='ocr_carea' id='block_1_19' title="bbox 2247 575 3757 646">
    <p class='ocr_par' dir='ltr' id='par_1_19' title="bbox 2247 575 3757 646">
     <span class='ocr_line' id='line_1_19' title="bbox 2247 575 3757 646; baseline 0.002 -15"><span class='ocrx_word' id='word_1_132' title='bbox 2247 579 2474 646; x_wconf 85' lang='lat' dir='ltr'><strong>Scripsit</strong></span> <span class='ocrx_word' id='word_1_133' title='bbox 2502 586 2681 630; x_wconf 89' lang='lat' dir='ltr'><strong>autem</strong></span> <span class='ocrx_word' id='word_1_134' title='bbox 2716 576 2908 631; x_wconf 80' lang='lat' dir='ltr'><strong>alicubi</strong></span> <span class='ocrx_word' id='word_1_135' title='bbox 2929 576 3090 628; x_wconf 89' lang='lat' dir='ltr'><strong>etiam</strong></span> <span class='ocrx_word' id='word_1_136' title='bbox 3119 576 3334 631; x_wconf 83' lang='lat' dir='ltr'><strong>divinus</strong></span> <span class='ocrx_word' id='word_1_137' title='bbox 3363 575 3561 632; x_wconf 85' lang='lat' dir='ltr'><strong>Paulus</strong></span> <span class='ocrx_word' id='word_1_138' title='bbox 3590 597 3603 631; x_wconf 91' lang='lat'><strong>:</strong></span> <span class='ocrx_word' id='word_1_139' title='bbox 3637 601 3655 630; x_wconf 79' lang='grc' dir='ltr'><strong>ι</strong></span> <span class='ocrx_word' id='word_1_140' title='bbox 3684 581 3757 634; x_wconf 85' lang='lat' dir='ltr'><strong>lr-</strong></span> 
     </span>
    </p>
   </div>
   <div class='ocr_carea' id='block_1_20' title="bbox 2177 666 3759 737">
    <p class='ocr_par' dir='ltr' id='par_1_20' title="bbox 2177 666 3759 737">
     <span class='ocr_line' id='line_1_20' title="bbox 2177 666 3759 737; baseline 0.001 -15"><span class='ocrx_word' id='word_1_141' title='bbox 2177 670 2332 722; x_wconf 80' lang='lat' dir='ltr'><strong>titam</strong></span> <span class='ocrx_word' id='word_1_142' title='bbox 2383 670 2588 723; x_wconf 79' lang='lat' dir='ltr'><strong>faciens</strong></span> <span class='ocrx_word' id='word_1_143' title='bbox 2621 670 2740 736; x_wconf 88' lang='lat' dir='ltr'><strong>quis</strong></span> <span class='ocrx_word' id='word_1_144' title='bbox 2777 669 2945 737; x_wconf 84' lang='lat' dir='ltr'><strong>legem</strong></span> <span class='ocrx_word' id='word_1_145' title='bbox 2980 666 3202 734; x_wconf 83' lang='lat' dir='ltr'><strong>Moysis,</strong></span> <span class='ocrx_word' id='word_1_146' title='bbox 3228 667 3346 722; x_wconf 86' lang='lat' dir='ltr'><strong>sine</strong></span> <span class='ocrx_word' id='word_1_147' title='bbox 3376 668 3486 723; x_wconf 86' lang='lat' dir='ltr'><strong>ulla</strong></span> <span class='ocrx_word' id='word_1_148' title='bbox 3530 672 3759 726; x_wconf 86' lang='lat' dir='ltr'><strong>misera-</strong></span> 
     </span>
    </p>
   </div>
   <div class='ocr_carea' id='block_1_21' title="bbox 2178 760 3760 828">
    <p class='ocr_par' dir='ltr' id='par_1_21' title="bbox 2178 760 3760 828">
     <span class='ocr_line' id='line_1_21' title="bbox 2178 760 3760 828; baseline 0.004 -17"><span class='ocrx_word' id='word_1_149' title='bbox 2178 761 2323 815; x_wconf 87' lang='lat' dir='ltr'><strong>tione</strong></span> <span class='ocrx_word' id='word_1_150' title='bbox 2367 761 2575 815; x_wconf 89' lang='lat' dir='ltr'><strong>doobus</strong></span> <span class='ocrx_word' id='word_1_151' title='bbox 2625 770 2716 813; x_wconf 88' lang='lat' dir='ltr'><strong>aut</strong></span> <span class='ocrx_word' id='word_1_152' title='bbox 2755 760 2926 814; x_wconf 88' lang='lat' dir='ltr'><strong>tribus</strong></span> <span class='ocrx_word' id='word_1_153' title='bbox 2963 760 3189 814; x_wconf 86' lang='lat' dir='ltr'><strong>testibus</strong></span> <span class='ocrx_word' id='word_1_154' title='bbox 3242 761 3491 826; x_wconf 90' lang='lat' dir='ltr'><strong>moritur,</strong></span> <span class='ocrx_word' id='word_1_155' title='bbox 3556 771 3760 828; x_wconf 81' lang='lat' dir='ltr'><strong>quanto</strong></span> 
     </span>
    </p>
   </div>
   <div class='ocr_carea' id='block_1_22' title="bbox 2177 851 3757 922">
    <p class='ocr_par' dir='ltr' id='par_1_22' title="bbox 2177 851 3757 922">
     <span class='ocr_line' id='line_1_22' title="bbox 2177 851 3757 922; baseline 0.001 -16"><span class='ocrx_word' id='word_1_156' title='bbox 2177 854 2350 921; x_wconf 82' lang='lat' dir='ltr'><strong>magis</strong></span> <span class='ocrx_word' id='word_1_157' title='bbox 2379 853 2578 922; x_wconf 83' lang='lat' dir='ltr'><strong>putatis</strong></span> <span class='ocrx_word' id='word_1_158' title='bbox 2599 852 2870 906; x_wconf 86' lang='lat' dir='ltr'><strong>deteriora</strong></span> <span class='ocrx_word' id='word_1_159' title='bbox 2903 852 3096 905; x_wconf 87' lang='lat' dir='ltr'><strong>mereri</strong></span> <span class='ocrx_word' id='word_1_160' title='bbox 3118 851 3404 919; x_wconf 86' lang='lat' dir='ltr'><strong>supplicia,</strong></span> <span class='ocrx_word' id='word_1_161' title='bbox 3437 855 3527 919; x_wconf 91' lang='lat' dir='ltr'><strong>qui</strong></span> <span class='ocrx_word' id='word_1_162' title='bbox 3561 853 3757 908; x_wconf 85' lang='lat' dir='ltr'><strong>Filium</strong></span> 
     </span>
    </p>
   </div>
   <div class='ocr_carea' id='block_1_23' title="bbox 2179 942 3758 1012">
    <p class='ocr_par' dir='ltr' id='par_1_23' title="bbox 2179 942 3758 1012">
     <span class='ocr_line' id='line_1_23' title="bbox 2179 942 3758 1012; baseline 0.001 -15"><span class='ocrx_word' id='word_1_163' title='bbox 2179 945 2274 998; x_wconf 88' lang='lat' dir='ltr'><strong>Dei</strong></span> <span class='ocrx_word' id='word_1_164' title='bbox 2301 943 2726 1005; x_wconf 87' lang='lat' dir='ltr'><strong>conculcaverit,</strong></span> <span class='ocrx_word' id='word_1_165' title='bbox 2756 951 2808 994; x_wconf 88' lang='lat' dir='ltr'><strong>et</strong></span> <span class='ocrx_word' id='word_1_166' title='bbox 2831 942 3144 1010; x_wconf 88' lang='lat' dir='ltr'><strong>sanguinem</strong></span> <span class='ocrx_word' id='word_1_167' title='bbox 3170 947 3477 997; x_wconf 86' lang='lat' dir='ltr'><strong>testamenti</strong></span> <span class='ocrx_word' id='word_1_168' title='bbox 3499 945 3758 1012; x_wconf 87' lang='lat' dir='ltr'><strong>pollutum</strong></span> 
     </span>
    </p>
   </div>
   <div class='ocr_carea' id='block_1_24' title="bbox 2177 1033 3758 1100">
    <p class='ocr_par' dir='ltr' id='par_1_24' title="bbox 2177 1033 3758 1100">
     <span class='ocr_line' id='line_1_24' title="bbox 2177 1033 3758 1100; baseline -0.001 -9"><span class='ocrx_word' id='word_1_169' title='bbox 2177 1036 2389 1092; x_wconf 80' lang='lat' dir='ltr'><strong>duxerit</strong></span> <span class='ocrx_word' id='word_1_170' title='bbox 2415 1035 2504 1087; x_wconf 81' lang='lat'><strong>&quot;?</strong></span> <span class='ocrx_word' id='word_1_171' title='bbox 2534 1054 2550 1085; x_wconf 86' lang='grc' dir='ltr'><strong>ι</strong></span> <span class='ocrx_word' id='word_1_172' title='bbox 2577 1034 2738 1100; x_wconf 84' lang='lat' dir='ltr'><strong>Atqui</strong></span> <span class='ocrx_word' id='word_1_173' title='bbox 2765 1033 2940 1086; x_wconf 89' lang='lat' dir='ltr'><strong>divina</strong></span> <span class='ocrx_word' id='word_1_174' title='bbox 2965 1042 3085 1087; x_wconf 90' lang='lat' dir='ltr'><strong>erat</strong></span> <span class='ocrx_word' id='word_1_175' title='bbox 3107 1033 3214 1098; x_wconf 81' lang='lat' dir='ltr'><strong>lex,</strong></span> <span class='ocrx_word' id='word_1_176' title='bbox 3248 1043 3304 1088; x_wconf 85' lang='lat' dir='ltr'><strong>et</strong></span> <span class='ocrx_word' id='word_1_177' title='bbox 3332 1036 3587 1088; x_wconf 87' lang='lat' dir='ltr'><strong>mandata</strong></span> <span class='ocrx_word' id='word_1_178' title='bbox 3618 1039 3758 1090; x_wconf 81' lang='lat' dir='ltr'><strong>dicta</strong></span> 
     </span>
    </p>
   </div>
   <div class='ocr_carea' id='block_1_25' title="bbox 2177 1124 3760 1197">
    <p class='ocr_par' dir='ltr' id='par_1_25' title="bbox 2177 1124 3760 1197">
     <span class='ocr_line' id='line_1_25' title="bbox 2177 1124 3760 1197; baseline 0 -15"><span class='ocrx_word' id='word_1_179' title='bbox 2177 1144 2273 1197; x_wconf 87' lang='lat' dir='ltr'><strong>per</strong></span> <span class='ocrx_word' id='word_1_180' title='bbox 2305 1127 2547 1193; x_wconf 83' lang='lat' dir='ltr'><strong>angelos.</strong></span> <span class='ocrx_word' id='word_1_181' title='bbox 2598 1124 2878 1190; x_wconf 84' lang='lat' dir='ltr'><strong>Quomodo</strong></span> <span class='ocrx_word' id='word_1_182' title='bbox 2911 1125 3071 1192; x_wconf 82' lang='lat' dir='ltr'><strong>igitur</strong></span> <span class='ocrx_word' id='word_1_183' title='bbox 3101 1125 3295 1193; x_wconf 89' lang='lat' dir='ltr'><strong>dignus</strong></span> <span class='ocrx_word' id='word_1_184' title='bbox 3338 1128 3444 1180; x_wconf 88' lang='lat' dir='ltr'><strong>erit</strong></span> <span class='ocrx_word' id='word_1_185' title='bbox 3487 1128 3760 1182; x_wconf 84' lang='lat' dir='ltr'><strong>deteriore</strong></span> 
     </span>
    </p>
   </div>
   <div class='ocr_carea' id='block_1_26' title="bbox 2178 1213 3763 1284">
    <p class='ocr_par' dir='ltr' id='par_1_26' title="bbox 2178 1213 3763 1284">
     <span class='ocr_line' id='line_1_26' title="bbox 2178 1213 3763 1284; baseline 0.001 -15"><span class='ocrx_word' id='word_1_186' title='bbox 2178 1216 2464 1284; x_wconf 87' lang='lat' dir='ltr'><strong>supplicio,</strong></span> <span class='ocrx_word' id='word_1_187' title='bbox 2504 1214 2594 1282; x_wconf 87' lang='lat' dir='ltr'><strong>qui</strong></span> <span class='ocrx_word' id='word_1_188' title='bbox 2620 1213 2878 1281; x_wconf 86' lang='lat' dir='ltr'><strong>pollutqu</strong></span> <span class='ocrx_word' id='word_1_189' title='bbox 2906 1213 3121 1266; x_wconf 79' lang='lat' dir='ltr'><strong>duxerit</strong></span> <span class='ocrx_word' id='word_1_190' title='bbox 3154 1215 3473 1282; x_wconf 83' lang='lat' dir='ltr'><strong>sanguinem</strong></span> <span class='ocrx_word' id='word_1_191' title='bbox 3515 1216 3763 1270; x_wconf 82' lang='lat' dir='ltr'><strong>Christi?</strong></span> 
     </span>
    </p>
   </div>
   <div class='ocr_carea' id='block_1_27' title="bbox 2183 1304 3759 1375">
    <p class='ocr_par' dir='ltr' id='par_1_27' title="bbox 2183 1304 3759 1375">
     <span class='ocr_line' id='line_1_27' title="bbox 2183 1304 3759 1375; baseline 0.001 -17"><span class='ocrx_word' id='word_1_192' title='bbox 2183 1308 2272 1360; x_wconf 88' lang='lat' dir='ltr'><strong>Vel</strong></span> <span class='ocrx_word' id='word_1_193' title='bbox 2299 1306 2567 1375; x_wconf 90' lang='lat' dir='ltr'><strong>quomodo</strong></span> <span class='ocrx_word' id='word_1_194' title='bbox 2591 1304 2764 1372; x_wconf 91' lang='lat' dir='ltr'><strong>potior</strong></span> <span class='ocrx_word' id='word_1_195' title='bbox 2786 1313 2868 1357; x_wconf 85' lang='lat' dir='ltr'><strong>est.</strong></span> <span class='ocrx_word' id='word_1_196' title='bbox 2899 1304 3178 1372; x_wconf 79' lang='lat' dir='ltr'><strong>religione,</strong></span> <span class='ocrx_word' id='word_1_197' title='bbox 3212 1320 3330 1372; x_wconf 67' lang='lat' dir='ltr'><strong>qua:</strong></span> <span class='ocrx_word' id='word_1_198' title='bbox 3354 1315 3436 1359; x_wconf 89' lang='lat' dir='ltr'><strong>est</strong></span> <span class='ocrx_word' id='word_1_199' title='bbox 3463 1311 3759 1361; x_wconf 74' lang='lat' dir='ltr'><strong>Scenitdum</strong></span> 
     </span>
    </p>
   </div>
   <div class='ocr_carea' id='block_1_28' title="bbox 2181 1393 3761 1463">
    <p class='ocr_par' dir='ltr' id='par_1_28' title="bbox 2181 1393 3761 1463">
     <span class='ocr_line' id='line_1_28' title="bbox 2181 1393 3761 1463; baseline -0.001 -15"><span class='ocrx_word' id='word_1_200' title='bbox 2181 1398 2372 1463; x_wconf 85' lang='lat' dir='ltr'><strong>legem,</strong></span> <span class='ocrx_word' id='word_1_201' title='bbox 2400 1395 2532 1448; x_wconf 88' lang='lat' dir='ltr'><strong>lides</strong></span> <span class='ocrx_word' id='word_1_202' title='bbox 2556 1395 2606 1447; x_wconf 92' lang='lat' dir='ltr'><strong>in</strong></span> <span class='ocrx_word' id='word_1_203' title='bbox 2635 1393 2952 1448; x_wconf 87' lang='lat' dir='ltr'><strong>Christum?</strong></span> <span class='ocrx_word' id='word_1_204' title='bbox 2977 1393 3104 1455; x_wconf 90' lang='lat' dir='ltr'><strong>Sed,</strong></span> <span class='ocrx_word' id='word_1_205' title='bbox 3136 1401 3194 1445; x_wconf 88' lang='lat' dir='ltr'><strong>ut</strong></span> <span class='ocrx_word' id='word_1_206' title='bbox 3215 1396 3326 1459; x_wconf 88' lang='lat' dir='ltr'><strong>jam</strong></span> <span class='ocrx_word' id='word_1_207' title='bbox 3353 1405 3475 1447; x_wconf 90' lang='lat' dir='ltr'><strong>ante</strong></span> <span class='ocrx_word' id='word_1_208' title='bbox 3503 1397 3761 1460; x_wconf 73' lang='lat' dir='ltr'><strong>diximus,</strong></span> 
     </span>
    </p>
   </div>
   <div class='ocr_carea' id='block_1_29' title="bbox 2179 1486 3765 1554">
    <p class='ocr_par' dir='ltr' id='par_1_29' title="bbox 2179 1486 3765 1554">
     <span class='ocr_line' id='line_1_29' title="bbox 2179 1486 3765 1554; baseline -0.001 -12"><span class='ocrx_word' id='word_1_209' title='bbox 2179 1488 2428 1542; x_wconf 84' lang='lat' dir='ltr'><strong>Christus</strong></span> <span class='ocrx_word' id='word_1_210' title='bbox 2452 1502 2555 1540; x_wconf 90' lang='lat' dir='ltr'><strong>non</strong></span> <span class='ocrx_word' id='word_1_211' title='bbox 2593 1486 3046 1540; x_wconf 75' lang='lat' dir='ltr'><strong>similis‘aliorum</strong></span> <span class='ocrx_word' id='word_1_212' title='bbox 3083 1497 3413 1554; x_wconf 91' lang='lat' dir='ltr'><strong>sanctorum,</strong></span> <span class='ocrx_word' id='word_1_213' title='bbox 3447 1490 3610 1541; x_wconf 87' lang='lat' dir='ltr'><strong>homo</strong></span> <span class='ocrx_word' id='word_1_214' title='bbox 3647 1489 3765 1541; x_wconf 76' lang='lat' dir='ltr'><strong>Oso-</strong></span> 
     </span>
    </p>
   </div>
   <div class='ocr_carea' id='block_1_30' title="bbox 2182 1576 3765 1649">
    <p class='ocr_par' dir='ltr' id='par_1_30' title="bbox 2182 1576 3765 1649">
     <span class='ocr_line' id='line_1_30' title="bbox 2182 1576 3765 1649; baseline 0 -19"><span class='ocrx_word' id='word_1_215' title='bbox 2182 1578 2368 1649; x_wconf 77' lang='grc' dir='ltr'><strong>φόρος,</strong></span> <span class='ocrx_word' id='word_1_216' title='bbox 2395 1579 2486 1631; x_wconf 91' lang='lat' dir='ltr'><strong>sed</strong></span> <span class='ocrx_word' id='word_1_217' title='bbox 2529 1576 2670 1630; x_wconf 89' lang='lat' dir='ltr'><strong>Deus</strong></span> <span class='ocrx_word' id='word_1_218' title='bbox 2697 1576 2866 1645; x_wconf 81' lang='lat' dir='ltr'><strong>magis</strong></span> <span class='ocrx_word' id='word_1_219' title='bbox 2891 1591 3037 1641; x_wconf 89' lang='lat' dir='ltr'><strong>vere,</strong></span> <span class='ocrx_word' id='word_1_220' title='bbox 3067 1585 3122 1629; x_wconf 93' lang='lat' dir='ltr'><strong>et</strong></span> <span class='ocrx_word' id='word_1_221' title='bbox 3151 1578 3297 1630; x_wconf 91' lang='lat' dir='ltr'><strong>omni</strong></span> <span class='ocrx_word' id='word_1_222' title='bbox 3336 1579 3525 1632; x_wconf 91' lang='lat' dir='ltr'><strong>mundo</strong></span> <span class='ocrx_word' id='word_1_223' title='bbox 3560 1580 3765 1632; x_wconf 86' lang='lat' dir='ltr'><strong>celsiu-</strong></span> 
     </span>
    </p>
   </div>
   <div class='ocr_carea' id='block_1_31' title="bbox 2184 1666 3767 1737">
    <p class='ocr_par' dir='ltr' id='par_1_31' title="bbox 2184 1666 3767 1737">
     <span class='ocr_line' id='line_1_31' title="bbox 2184 1666 3767 1737; baseline -0.001 -14"><span class='ocrx_word' id='word_1_224' title='bbox 2184 1686 2296 1724; x_wconf 88' lang='lat' dir='ltr'><strong>rem</strong></span> <span class='ocrx_word' id='word_1_225' title='bbox 2327 1668 2563 1737; x_wconf 86' lang='lat' dir='ltr'><strong>possidet</strong></span> <span class='ocrx_word' id='word_1_226' title='bbox 2587 1666 2832 1734; x_wconf 86' lang='lat' dir='ltr'><strong>gloriam,</strong></span> <span class='ocrx_word' id='word_1_227' title='bbox 2865 1667 3149 1735; x_wconf 91' lang='lat' dir='ltr'><strong>quodcum</strong></span> <span class='ocrx_word' id='word_1_228' title='bbox 3181 1668 3322 1721; x_wconf 81' lang='lat' dir='ltr'><strong>Deus</strong></span> <span class='ocrx_word' id='word_1_229' title='bbox 3349 1668 3416 1721; x_wconf 91' lang='lat' dir='ltr'><strong>sit</strong></span> <span class='ocrx_word' id='word_1_230' title='bbox 3446 1677 3634 1720; x_wconf 88' lang='lat' dir='ltr'><strong>natura</strong></span> <span class='ocrx_word' id='word_1_231' title='bbox 3668 1668 3767 1722; x_wconf 85' lang='lat' dir='ltr'><strong>Dei</strong></span> 
     </span>
    </p>
   </div>
   <div class='ocr_carea' id='block_1_32' title="bbox 2191 1758 3767 1840">
    <p class='ocr_par' dir='ltr' id='par_1_32' title="bbox 2191 1758 3767 1840">
     <span class='ocr_line' id='line_1_32' title="bbox 2191 1758 3767 1840; baseline -0.001 -27"><span class='ocrx_word' id='word_1_232' title='bbox 2191 1759 2443 1820; x_wconf 82' lang='lat' dir='ltr'><strong>Verbum,</strong></span> <span class='ocrx_word' id='word_1_233' title='bbox 2496 1759 2670 1810; x_wconf 81' lang='lat' dir='ltr'><strong>factus</strong></span> <span class='ocrx_word' id='word_1_234' title='bbox 2712 1767 2798 1811; x_wconf 79' lang='lat' dir='ltr'><strong>est</strong></span> <span class='ocrx_word' id='word_1_235' title='bbox 2846 1771 2994 1840; x_wconf 76' lang='lat' dir='ltr'><strong>caro,</strong></span> <span class='ocrx_word' id='word_1_236' title='bbox 3059 1758 3170 1811; x_wconf 84' lang='lat' dir='ltr'><strong>sive</strong></span> <span class='ocrx_word' id='word_1_237' title='bbox 3226 1760 3386 1812; x_wconf 89' lang='lat' dir='ltr'><strong>homo</strong></span> <span class='ocrx_word' id='word_1_238' title='bbox 3433 1758 3711 1825; x_wconf 78' lang='lat' dir='ltr'><strong>perfectus</strong></span> <span class='ocrx_word' id='word_1_239' title='bbox 3753 1777 3767 1812; x_wconf 88' lang='lat'>:</span> 
     </span>
    </p>
   </div>
   <div class='ocr_carea' id='block_1_33' title="bbox 506 1833 3768 1918">
    <p class='ocr_par' dir='ltr' id='par_1_33' title="bbox 506 1833 3768 1918">
     <span class='ocr_line' id='line_1_33' title="bbox 506 1833 3768 1918; baseline -0.001 -16"><span class='ocrx_word' id='word_1_240' title='bbox 506 1866 610 1918; x_wconf 87' lang='lat' dir='ltr'><strong>que</strong></span> <span class='ocrx_word' id='word_1_241' title='bbox 641 1849 859 1903; x_wconf 89' lang='lat' dir='ltr'><strong>dicere:</strong></span> <span class='ocrx_word' id='word_1_242' title='bbox 899 1866 915 1899; x_wconf 82' lang='lat' dir='ltr'><strong>t</strong></span> <span class='ocrx_word' id='word_1_243' title='bbox 949 1848 1072 1901; x_wconf 69' lang='grc' dir='ltr'><strong>Ηιρς</strong></span> <span class='ocrx_word' id='word_1_244' title='bbox 1099 1849 1229 1900; x_wconf 86' lang='lat' dir='ltr'><strong>dicit</strong></span> <span class='ocrx_word' id='word_1_245' title='bbox 1255 1846 1546 1912; x_wconf 75' lang='lat' dir='ltr'><strong>Dominus?</strong></span> <span class='ocrx_word' id='word_1_246' title='bbox 1579 1867 1596 1896; x_wconf 74' lang='grc' dir='ltr'><strong>ι</strong></span> <span class='ocrx_word' id='word_1_247' title='bbox 1639 1845 1832 1898; x_wconf 75' lang='lat' dir='ltr'><strong>Verum</strong></span> <span class='ocrx_word' id='word_1_248' title='bbox 1871 1861 1987 1896; x_wconf 74' lang='lat' dir='ltr'><strong>cum</strong></span> <span class='ocrx_word' id='word_1_249' title='bbox 2021 1859 2081 1896; x_wconf 73' lang='lat' dir='ltr'><strong>ea</strong></span> <span class='ocrx_word' id='word_1_250' title='bbox 2120 1833 2158 1885; x_wconf 75' lang='grc' dir='ltr'><strong>Β</strong></span> <span class='ocrx_word' id='word_1_251' title='bbox 2191 1851 2485 1903; x_wconf 86' lang='lat' dir='ltr'><strong>animatum</strong></span> <span class='ocrx_word' id='word_1_252' title='bbox 2519 1851 2741 1902; x_wconf 85' lang='lat' dir='ltr'><strong>enimet</strong></span> <span class='ocrx_word' id='word_1_253' title='bbox 2775 1833 3094 1902; x_wconf 81' lang='lat' dir='ltr'><strong>rationabile</strong></span> <span class='ocrx_word' id='word_1_254' title='bbox 3124 1865 3265 1913; x_wconf 89' lang='lat' dir='ltr'><strong>esse,</strong></span> <span class='ocrx_word' id='word_1_255' title='bbox 3299 1850 3443 1916; x_wconf 91' lang='lat' dir='ltr'><strong>quod</strong></span> <span class='ocrx_word' id='word_1_256' title='bbox 3471 1849 3768 1901; x_wconf 85' lang='lat' dir='ltr'><strong>atluttatttut</strong></span> 
     </span>
    </p>
   </div>
   <div class='ocr_carea' id='block_1_34' title="bbox 509 1938 2082 2008">
    <p class='ocr_par' dir='ltr' id='par_1_34' title="bbox 509 1938 2082 2008">
     <span class='ocr_line' id='line_1_34' title="bbox 509 1938 2082 2008; baseline 0 -20"><span class='ocrx_word' id='word_1_257' title='bbox 509 1955 625 2006; x_wconf 67' lang='lat' dir='ltr'><strong>qua?</strong></span> <span class='ocrx_word' id='word_1_258' title='bbox 641 1955 799 2008; x_wconf 61' lang='lat' dir='ltr'><strong>sutira</strong></span> <span class='ocrx_word' id='word_1_259' title='bbox 822 1940 991 2008; x_wconf 79' lang='lat' dir='ltr'><strong>legem</strong></span> <span class='ocrx_word' id='word_1_260' title='bbox 1015 1939 1228 1991; x_wconf 81' lang='lat' dir='ltr'><strong>sancire</strong></span> <span class='ocrx_word' id='word_1_261' title='bbox 1249 1938 1426 2000; x_wconf 80' lang='lat' dir='ltr'><strong>vcllt-t,</strong></span> <span class='ocrx_word' id='word_1_262' title='bbox 1455 1953 1736 1990; x_wconf 84' lang='lat' dir='ltr'><strong>assumens</strong></span> <span class='ocrx_word' id='word_1_263' title='bbox 1764 1938 1864 1990; x_wconf 82' lang='lat' dir='ltr'><strong>sibi</strong></span> <span class='ocrx_word' id='word_1_264' title='bbox 1887 1952 2082 1990; x_wconf 71' lang='lat' dir='ltr'><strong>coore-</strong></span> 
     </span>
    </p>
   </div>
   <div class='ocr_carea' id='block_1_35' title="bbox 509 2029 2085 2099">
    <p class='ocr_par' dir='ltr' id='par_1_35' title="bbox 509 2029 2085 2099">
     <span class='ocr_line' id='line_1_35' title="bbox 509 2029 2085 2099; baseline -0.003 -17"><span class='ocrx_word' id='word_1_265' title='bbox 509 2031 743 2085; x_wconf 88' lang='lat' dir='ltr'><strong>nieutem</strong></span> <span class='ocrx_word' id='word_1_266' title='bbox 768 2031 1060 2099; x_wconf 84' lang='lat' dir='ltr'><strong>legislatori</strong></span> <span class='ocrx_word' id='word_1_267' title='bbox 1090 2031 1490 2092; x_wconf 79' lang='lat' dir='ltr'><strong>auctoritatem,</strong></span> <span class='ocrx_word' id='word_1_268' title='bbox 1519 2029 1696 2081; x_wconf 86' lang='lat' dir='ltr'><strong>aiebat</strong></span> <span class='ocrx_word' id='word_1_269' title='bbox 1733 2046 1746 2081; x_wconf 91' lang='lat'>:</span> <span class='ocrx_word' id='word_1_270' title='bbox 1785 2046 1802 2076; x_wconf 73' lang='grc' dir='ltr'><strong>ι</strong></span> <span class='ocrx_word' id='word_1_271' title='bbox 1833 2029 1941 2095; x_wconf 78' lang='lat' dir='ltr'><strong>Ego</strong></span> <span class='ocrx_word' id='word_1_272' title='bbox 1966 2029 2085 2080; x_wconf 91' lang='lat' dir='ltr'><strong>dico</strong></span> 
     </span>
    </p>
   </div>
   <div class='ocr_carea' id='block_1_36' title="bbox 513 2123 926 2192">
    <p class='ocr_par' dir='ltr' id='par_1_36' title="bbox 513 2123 926 2192">
     <span class='ocr_line' id='line_1_36' title="bbox 513 2123 926 2192; baseline -0.005 -16"><span class='ocrx_word' id='word_1_273' title='bbox 513 2123 664 2178; x_wconf 84' lang='lat' dir='ltr'><strong>vobis</strong></span> <span class='ocrx_word' id='word_1_274' title='bbox 689 2125 737 2155; x_wconf 68' lang='grc' dir='ltr'><strong>θ’</strong></span> <span class='ocrx_word' id='word_1_275' title='bbox 766 2123 860 2192; x_wconf 89' lang='grc' dir='ltr'><strong>(ι).</strong></span> <span class='ocrx_word' id='word_1_276' title='bbox 905 2143 926 2174; x_wconf 71' lang='grc' dir='ltr'><strong>ι</strong></span> 
     </span>
    </p>
   </div>
   <div class='ocr_carea' id='block_1_37' title="bbox 581 2207 2087 2276">
    <p class='ocr_par' dir='ltr' id='par_1_37' title="bbox 581 2207 2087 2276">
     <span class='ocr_line' id='line_1_37' title="bbox 581 2207 2087 2276; baseline -0.002 -15"><span class='ocrx_word' id='word_1_277' title='bbox 581 2210 859 2276; x_wconf 83' lang='lat' dir='ltr'><strong>Quomodo</strong></span> <span class='ocrx_word' id='word_1_278' title='bbox 890 2210 1122 2264; x_wconf 88' lang='lat' dir='ltr'><strong>liberum</strong></span> <span class='ocrx_word' id='word_1_279' title='bbox 1158 2227 1216 2262; x_wconf 87' lang='lat' dir='ltr'><strong>se</strong></span> <span class='ocrx_word' id='word_1_280' title='bbox 1251 2211 1345 2270; x_wconf 86' lang='lat' dir='ltr'><strong>ait,</strong></span> <span class='ocrx_word' id='word_1_281' title='bbox 1379 2219 1430 2260; x_wconf 84' lang='lat' dir='ltr'><strong>et</strong></span> <span class='ocrx_word' id='word_1_282' title='bbox 1465 2224 1568 2260; x_wconf 92' lang='lat' dir='ltr'><strong>non</strong></span> <span class='ocrx_word' id='word_1_283' title='bbox 1609 2208 1898 2259; x_wconf 79' lang='lat' dir='ltr'><strong>olmoxium</strong></span> <span class='ocrx_word' id='word_1_284' title='bbox 1940 2207 2087 2259; x_wconf 70' lang='lat' dir='ltr'><strong>Deo?</strong></span> 
     </span>
    </p>
   </div>
   <div class='ocr_carea' id='block_1_38' title="bbox 510 2295 2087 2371">
    <p class='ocr_par' dir='ltr' id='par_1_38' title="bbox 510 2295 2087 2371">
     <span class='ocr_line' id='line_1_38' title="bbox 510 2295 2087 2371; baseline -0.002 -17"><span class='ocrx_word' id='word_1_285' title='bbox 510 2304 633 2356; x_wconf 91' lang='lat' dir='ltr'><strong>Ideo</strong></span> <span class='ocrx_word' id='word_1_286' title='bbox 656 2303 778 2371; x_wconf 79' lang='lat' dir='ltr'><strong>quia</strong></span> <span class='ocrx_word' id='word_1_287' title='bbox 811 2312 893 2356; x_wconf 88' lang='lat' dir='ltr'><strong>est</strong></span> <span class='ocrx_word' id='word_1_288' title='bbox 942 2303 1106 2356; x_wconf 84' lang='lat' dir='ltr'><strong>Filius</strong></span> <span class='ocrx_word' id='word_1_289' title='bbox 1138 2303 1189 2356; x_wconf 92' lang='lat' dir='ltr'><strong>in</strong></span> <span class='ocrx_word' id='word_1_290' title='bbox 1242 2301 1513 2354; x_wconf 78' lang='lat' dir='ltr'><strong>veritate?</strong></span> <span class='ocrx_word' id='word_1_291' title='bbox 1551 2295 1615 2352; x_wconf 75' lang='grc' dir='ltr'><strong>Ει</strong></span> <span class='ocrx_word' id='word_1_292' title='bbox 1663 2301 1704 2352; x_wconf 90' lang='lat' dir='ltr'><strong>si</strong></span> <span class='ocrx_word' id='word_1_293' title='bbox 1743 2311 1886 2352; x_wconf 67' lang='lat' dir='ltr'><strong>esset</strong></span> <span class='ocrx_word' id='word_1_294' title='bbox 1929 2302 2087 2351; x_wconf 89' lang='lat' dir='ltr'><strong>homo</strong></span> 
     </span>
    </p>
   </div>
   <div class='ocr_carea' id='block_1_39' title="bbox 510 2386 2085 2462">
    <p class='ocr_par' dir='ltr' id='par_1_39' title="bbox 510 2386 2085 2462">
     <span class='ocr_line' id='line_1_39' title="bbox 510 2386 2085 2462; baseline -0.004 -18"><span class='ocrx_word' id='word_1_295' title='bbox 510 2392 785 2462; x_wconf 70' lang='grc' dir='ltr'><strong>Θεοφόρος,</strong></span> <span class='ocrx_word' id='word_1_296' title='bbox 821 2401 1035 2447; x_wconf 85' lang='lat' dir='ltr'><strong>essetne</strong></span> <span class='ocrx_word' id='word_1_297' title='bbox 1083 2393 1246 2446; x_wconf 83' lang='lat' dir='ltr'><strong>etiam</strong></span> <span class='ocrx_word' id='word_1_298' title='bbox 1289 2392 1424 2444; x_wconf 88' lang='lat' dir='ltr'><strong>liber</strong></span> <span class='ocrx_word' id='word_1_299' title='bbox 1453 2390 1747 2443; x_wconf 82' lang='lat' dir='ltr'><strong>secundum</strong></span> <span class='ocrx_word' id='word_1_300' title='bbox 1798 2386 2085 2442; x_wconf 87' lang='lat' dir='ltr'><strong>naturam?</strong></span> 
     </span>
    </p>
   </div>
   <div class='ocr_carea' id='block_1_40' title="bbox 515 2481 1892 2555">
    <p class='ocr_par' dir='ltr' id='par_1_40' title="bbox 515 2481 1892 2555">
     <span class='ocr_line' id='line_1_40' title="bbox 515 2481 1892 2555; baseline -0.002 -18"><span class='ocrx_word' id='word_1_301' title='bbox 515 2486 682 2553; x_wconf 75' lang='lat' dir='ltr'><strong>llnjus</strong></span> <span class='ocrx_word' id='word_1_302' title='bbox 725 2485 865 2537; x_wconf 90' lang='lat' dir='ltr'><strong>enim</strong></span> <span class='ocrx_word' id='word_1_303' title='bbox 901 2483 1040 2537; x_wconf 86' lang='lat' dir='ltr'><strong>Deus</strong></span> <span class='ocrx_word' id='word_1_304' title='bbox 1079 2485 1240 2555; x_wconf 91' lang='lat' dir='ltr'><strong>liber,</strong></span> <span class='ocrx_word' id='word_1_305' title='bbox 1290 2495 1450 2550; x_wconf 89' lang='lat' dir='ltr'><strong>atque</strong></span> <span class='ocrx_word' id='word_1_306' title='bbox 1493 2481 1703 2534; x_wconf 88' lang='lat' dir='ltr'><strong>solutus</strong></span> <span class='ocrx_word' id='word_1_307' title='bbox 1747 2490 1831 2532; x_wconf 87' lang='lat' dir='ltr'><strong>est</strong></span> <span class='ocrx_word' id='word_1_308' title='bbox 1881 2500 1892 2534; x_wconf 90' lang='lat'>:</span> 
     </span>
    </p>
   </div>
   <div class='ocr_carea' id='block_1_41' title="bbox 511 2572 2089 2642">
    <p class='ocr_par' dir='ltr' id='par_1_41' title="bbox 511 2572 2089 2642">
     <span class='ocr_line' id='line_1_41' title="bbox 511 2572 2089 2642; baseline 0.001 -18"><span class='ocrx_word' id='word_1_309' title='bbox 511 2577 652 2628; x_wconf 71' lang='lat' dir='ltr'><strong>enim</strong></span> <span class='ocrx_word' id='word_1_310' title='bbox 676 2576 825 2642; x_wconf 90' lang='lat' dir='ltr'><strong>quasi</strong></span> <span class='ocrx_word' id='word_1_311' title='bbox 866 2575 1064 2627; x_wconf 91' lang='lat' dir='ltr'><strong>tributa</strong></span> <span class='ocrx_word' id='word_1_312' title='bbox 1089 2575 1327 2627; x_wconf 90' lang='lat' dir='ltr'><strong>omnium</strong></span> <span class='ocrx_word' id='word_1_313' title='bbox 1351 2573 1550 2640; x_wconf 78' lang='lat' dir='ltr'><strong>exigit;</strong></span> <span class='ocrx_word' id='word_1_314' title='bbox 1584 2583 1638 2625; x_wconf 87' lang='lat' dir='ltr'><strong>et</strong></span> <span class='ocrx_word' id='word_1_315' title='bbox 1685 2587 1945 2638; x_wconf 81' lang='lat' dir='ltr'><strong>tanquam</strong></span> <span class='ocrx_word' id='word_1_316' title='bbox 1973 2572 2089 2625; x_wconf 75' lang='lat' dir='ltr'><strong>loco</strong></span> 
     </span>
    </p>
   </div>
   <div class='ocr_carea' id='block_1_42' title="bbox 512 2663 2089 2732">
    <p class='ocr_par' dir='ltr' id='par_1_42' title="bbox 512 2663 2089 2732">
     <span class='ocr_line' id='line_1_42' title="bbox 512 2663 2089 2732; baseline -0.005 -10"><span class='ocrx_word' id='word_1_317' title='bbox 512 2669 812 2723; x_wconf 86' lang='lat' dir='ltr'><strong>debitorum</strong></span> <span class='ocrx_word' id='word_1_318' title='bbox 831 2669 898 2722; x_wconf 90' lang='lat' dir='ltr'><strong>ab</strong></span> <span class='ocrx_word' id='word_1_319' title='bbox 917 2667 1167 2720; x_wconf 90' lang='lat' dir='ltr'><strong>omnibus</strong></span> <span class='ocrx_word' id='word_1_320' title='bbox 1192 2665 1383 2731; x_wconf 82' lang='lat' dir='ltr'><strong>recipit</strong></span> <span class='ocrx_word' id='word_1_321' title='bbox 1408 2663 1740 2732; x_wconf 75' lang='lat' dir='ltr'><strong>religionem.</strong></span> <span class='ocrx_word' id='word_1_322' title='bbox 1780 2663 1884 2716; x_wconf 83' lang='lat' dir='ltr'><strong>Etsi</strong></span> <span class='ocrx_word' id='word_1_323' title='bbox 1915 2664 2089 2716; x_wconf 81' lang='lat' dir='ltr'><strong>exitus</strong></span> 
     </span>
    </p>
   </div>
   <div class='ocr_carea' id='block_1_43' title="bbox 516 2755 2090 2826">
    <p class='ocr_par' dir='ltr' id='par_1_43' title="bbox 516 2755 2090 2826">
     <span class='ocr_line' id='line_1_43' title="bbox 516 2755 2090 2826; baseline -0.001 -17"><span class='ocrx_word' id='word_1_324' title='bbox 516 2758 647 2826; x_wconf 82' lang='lat' dir='ltr'><strong>legis</strong></span> <span class='ocrx_word' id='word_1_325' title='bbox 678 2771 729 2809; x_wconf 81' lang='lat' dir='ltr'><strong>et</strong></span> <span class='ocrx_word' id='word_1_326' title='bbox 757 2760 1139 2825; x_wconf 82' lang='lat' dir='ltr'><strong>prephetarttm</strong></span> <span class='ocrx_word' id='word_1_327' title='bbox 1176 2755 1423 2808; x_wconf 68' lang='lat' dir='ltr'><strong>Christus</strong></span> <span class='ocrx_word' id='word_1_328' title='bbox 1458 2763 1562 2818; x_wconf 81' lang='lat' dir='ltr'><strong>est,</strong></span> <span class='ocrx_word' id='word_1_329' title='bbox 1596 2764 1680 2807; x_wconf 89' lang='lat' dir='ltr'><strong>est</strong></span> <span class='ocrx_word' id='word_1_330' title='bbox 1717 2769 1894 2806; x_wconf 80' lang='lat' dir='ltr'><strong>amem</strong></span> <span class='ocrx_word' id='word_1_331' title='bbox 1932 2756 2090 2808; x_wconf 88' lang='lat' dir='ltr'><strong>homo</strong></span> 
     </span>
    </p>
   </div>
   <div class='ocr_carea' id='block_1_44' title="bbox 516 2846 2088 2917">
    <p class='ocr_par' dir='ltr' id='par_1_44' title="bbox 516 2846 2088 2917">
     <span class='ocr_line' id='line_1_44' title="bbox 516 2846 2088 2917; baseline 0 -18"><span class='ocrx_word' id='word_1_332' title='bbox 516 2847 808 2917; x_wconf 65' lang='lat' dir='ltr'><strong>Ceocpépog;</strong></span> <span class='ocrx_word' id='word_1_333' title='bbox 835 2862 1012 2901; x_wconf 90' lang='lat' dir='ltr'><strong>nonne</strong></span> <span class='ocrx_word' id='word_1_334' title='bbox 1041 2847 1224 2903; x_wconf 82' lang='lat' dir='ltr'><strong>dicere</strong></span> <span class='ocrx_word' id='word_1_335' title='bbox 1266 2849 1447 2909; x_wconf 80' lang='lat' dir='ltr'><strong>liceat,</strong></span> <span class='ocrx_word' id='word_1_336' title='bbox 1483 2846 1623 2915; x_wconf 88' lang='lat' dir='ltr'><strong>quod</strong></span> <span class='ocrx_word' id='word_1_337' title='bbox 1654 2848 2088 2915; x_wconf 87' lang='lat' dir='ltr'><strong>propheticarttm</strong></span> 
     </span>
    </p>
   </div>
   <div class='ocr_carea' id='block_1_45' title="bbox 517 2939 2088 3011">
    <p class='ocr_par' dir='ltr' id='par_1_45' title="bbox 517 2939 2088 3011">
     <span class='ocr_line' id='line_1_45' title="bbox 517 2939 2088 3011; baseline -0.001 -18"><span class='ocrx_word' id='word_1_338' title='bbox 517 2941 952 3008; x_wconf 75' lang='lat' dir='ltr'><strong>pr.:.dicationum</strong></span> <span class='ocrx_word' id='word_1_339' title='bbox 980 2943 1157 2995; x_wconf 79' lang='lat' dir='ltr'><strong>exitus</strong></span> <span class='ocrx_word' id='word_1_340' title='bbox 1192 2939 1668 3011; x_wconf 68' lang='grc' dir='ltr'><strong>ἄνθρωποὶατρίας</strong></span> <span class='ocrx_word' id='word_1_341' title='bbox 1701 2939 1854 2993; x_wconf 88' lang='lat' dir='ltr'><strong>nobis</strong></span> <span class='ocrx_word' id='word_1_342' title='bbox 1886 2940 2088 2994; x_wconf 88' lang='lat' dir='ltr'><strong>crimen</strong></span> 
     </span>
    </p>
   </div>
   <div class='ocr_carea' id='block_1_46' title="bbox 516 3033 827 3086">
    <p class='ocr_par' dir='ltr' id='par_1_46' title="bbox 516 3033 827 3086">
     <span class='ocr_line' id='line_1_46' title="bbox 516 3033 827 3086; baseline 0.006 -2"><span class='ocrx_word' id='word_1_343' title='bbox 516 3033 827 3086; x_wconf 81' lang='lat' dir='ltr'><strong>induxerit?</strong></span> 
     </span>
    </p>
   </div>
   <div class='ocr_carea' id='block_1_47' title="bbox 589 3123 2088 3190">
    <p class='ocr_par' dir='ltr' id='par_1_47' title="bbox 589 3123 2088 3190">
     <span class='ocr_line' id='line_1_47' title="bbox 589 3123 2088 3190; baseline 0 -14"><span class='ocrx_word' id='word_1_344' title='bbox 589 3123 793 3176; x_wconf 77' lang='lat' dir='ltr'><strong>Deinde</strong></span> <span class='ocrx_word' id='word_1_345' title='bbox 825 3124 905 3176; x_wconf 77' lang='lat' dir='ltr'><strong>lex</strong></span> <span class='ocrx_word' id='word_1_346' title='bbox 931 3123 1142 3190; x_wconf 76' lang='lat' dir='ltr'><strong>quidem</strong></span> <span class='ocrx_word' id='word_1_347' title='bbox 1179 3125 1539 3189; x_wconf 62' lang='lat' dir='ltr'><strong>pra‘dicabal:</strong></span> <span class='ocrx_word' id='word_1_348' title='bbox 1568 3144 1583 3178; x_wconf 80' lang='grc' dir='ltr'><strong>ι</strong></span> <span class='ocrx_word' id='word_1_349' title='bbox 1614 3125 1892 3176; x_wconf 84' lang='lat' dir='ltr'><strong>Dominum</strong></span> <span class='ocrx_word' id='word_1_350' title='bbox 1925 3124 2088 3176; x_wconf 69' lang='lat' dir='ltr'><strong>Deum</strong></span> 
     </span>
    </p>
   </div>
   <div class='ocr_carea' id='block_1_48' title="bbox 519 3214 2093 3280">
    <p class='ocr_par' dir='ltr' id='par_1_48' title="bbox 519 3214 2093 3280">
     <span class='ocr_line' id='line_1_48' title="bbox 519 3214 2093 3280; baseline -0.001 -14"><span class='ocrx_word' id='word_1_351' title='bbox 519 3223 667 3270; x_wconf 87' lang='lat' dir='ltr'><strong>tuum</strong></span> <span class='ocrx_word' id='word_1_352' title='bbox 694 3216 965 3271; x_wconf 84' lang='lat' dir='ltr'><strong>adorabis.</strong></span> <span class='ocrx_word' id='word_1_353' title='bbox 1002 3226 1054 3267; x_wconf 91' lang='lat' dir='ltr'><strong>et</strong></span> <span class='ocrx_word' id='word_1_354' title='bbox 1084 3214 1153 3265; x_wconf 92' lang='lat' dir='ltr'><strong>illi</strong></span> <span class='ocrx_word' id='word_1_355' title='bbox 1185 3215 1279 3266; x_wconf 89' lang='lat' dir='ltr'><strong>soli</strong></span> <span class='ocrx_word' id='word_1_356' title='bbox 1311 3217 1513 3268; x_wconf 72' lang='lat' dir='ltr'><strong>servies</strong></span> <span class='ocrx_word' id='word_1_357' title='bbox 1540 3217 1605 3266; x_wconf 63' lang='grc' dir='ltr'><strong>νδ.</strong></span> <span class='ocrx_word' id='word_1_358' title='bbox 1640 3235 1656 3266; x_wconf 79' lang='grc' dir='ltr'><strong>ι</strong></span> <span class='ocrx_word' id='word_1_359' title='bbox 1691 3215 1803 3280; x_wconf 85' lang='lat' dir='ltr'><strong>Qua</strong></span> <span class='ocrx_word' id='word_1_360' title='bbox 1835 3231 1931 3267; x_wconf 88' lang='lat' dir='ltr'><strong>nos</strong></span> <span class='ocrx_word' id='word_1_361' title='bbox 1969 3229 2093 3267; x_wconf 78' lang='lat' dir='ltr'><strong>eru-</strong></span> 
     </span>
    </p>
   </div>
   <div class='ocr_carea' id='block_1_49' title="bbox 519 3303 2093 3373">
    <p class='ocr_par' dir='ltr' id='par_1_49' title="bbox 519 3303 2093 3373">
     <span class='ocr_line' id='line_1_49' title="bbox 519 3303 2093 3373; baseline 0.001 -20"><span class='ocrx_word' id='word_1_362' title='bbox 519 3304 721 3357; x_wconf 88' lang='lat' dir='ltr'><strong>ditione</strong></span> <span class='ocrx_word' id='word_1_363' title='bbox 755 3303 1000 3371; x_wconf 81' lang='lat' dir='ltr'><strong>perduxit</strong></span> <span class='ocrx_word' id='word_1_364' title='bbox 1032 3305 1098 3355; x_wconf 88' lang='lat' dir='ltr'><strong>ad</strong></span> <span class='ocrx_word' id='word_1_365' title='bbox 1143 3303 1440 3366; x_wconf 81' lang='lat' dir='ltr'><strong>Chrismm,</strong></span> <span class='ocrx_word' id='word_1_366' title='bbox 1477 3305 1626 3370; x_wconf 84' lang='lat' dir='ltr'><strong>quasi</strong></span> <span class='ocrx_word' id='word_1_367' title='bbox 1662 3305 1724 3356; x_wconf 89' lang='lat' dir='ltr'><strong>ad</strong></span> <span class='ocrx_word' id='word_1_368' title='bbox 1767 3304 2093 3373; x_wconf 78' lang='lat' dir='ltr'><strong>agnitionem</strong></span> 
     </span>
    </p>
   </div>
   <div class='ocr_carea' id='block_1_50' title="bbox 522 3393 2095 3462">
    <p class='ocr_par' dir='ltr' id='par_1_50' title="bbox 522 3393 2095 3462">
     <span class='ocr_line' id='line_1_50' title="bbox 522 3393 2095 3462; baseline 0.002 -19"><span class='ocrx_word' id='word_1_369' title='bbox 522 3393 627 3446; x_wconf 90' lang='lat' dir='ltr'><strong>illis</strong></span> <span class='ocrx_word' id='word_1_370' title='bbox 673 3394 760 3460; x_wconf 93' lang='lat' dir='ltr'><strong>qui</strong></span> <span class='ocrx_word' id='word_1_371' title='bbox 793 3394 846 3446; x_wconf 90' lang='lat' dir='ltr'><strong>in</strong></span> <span class='ocrx_word' id='word_1_372' title='bbox 877 3393 1083 3446; x_wconf 81' lang='lat' dir='ltr'><strong>umbris</strong></span> <span class='ocrx_word' id='word_1_373' title='bbox 1106 3394 1319 3447; x_wconf 79' lang='lat' dir='ltr'><strong>fuerant</strong></span> <span class='ocrx_word' id='word_1_374' title='bbox 1377 3395 1636 3462; x_wconf 86' lang='lat' dir='ltr'><strong>potiorem</strong></span> <span class='ocrx_word' id='word_1_375' title='bbox 1666 3415 1680 3446; x_wconf 91' lang='lat'><strong>:</strong></span> <span class='ocrx_word' id='word_1_376' title='bbox 1712 3404 2095 3461; x_wconf 84' lang='lat' dir='ltr'><strong>spernentesne</strong></span> 
     </span>
    </p>
   </div>
   <div class='ocr_carea' id='block_1_51' title="bbox 522 3485 2094 3554">
    <p class='ocr_par' dir='ltr' id='par_1_51' title="bbox 522 3485 2094 3554">
     <span class='ocr_line' id='line_1_51' title="bbox 522 3485 2094 3554; baseline 0.002 -21"><span class='ocrx_word' id='word_1_377' title='bbox 522 3485 684 3552; x_wconf 71' lang='lat' dir='ltr'><strong>igitur</strong></span> <span class='ocrx_word' id='word_1_378' title='bbox 711 3487 870 3537; x_wconf 81' lang='lat' dir='ltr'><strong>Deum</strong></span> <span class='ocrx_word' id='word_1_379' title='bbox 904 3487 1039 3554; x_wconf 80' lang='lat' dir='ltr'><strong>legis</strong></span> <span class='ocrx_word' id='word_1_380' title='bbox 1068 3495 1121 3538; x_wconf 86' lang='lat' dir='ltr'><strong>et</strong></span> <span class='ocrx_word' id='word_1_381' title='bbox 1154 3487 1534 3554; x_wconf 76' lang='lat' dir='ltr'><strong>prophetarum</strong></span> <span class='ocrx_word' id='word_1_382' title='bbox 1567 3488 1810 3546; x_wconf 69' lang='lat' dir='ltr'><strong>adorare,</strong></span> <span class='ocrx_word' id='word_1_383' title='bbox 1844 3486 2094 3536; x_wconf 84' lang='lat' dir='ltr'><strong>adorabi-</strong></span> 
     </span>
    </p>
   </div>
   <div class='ocr_carea' id='block_1_52' title="bbox 525 3575 2092 3630">
    <p class='ocr_par' dir='ltr' id='par_1_52' title="bbox 525 3575 2092 3630">
     <span class='ocr_line' id='line_1_52' title="bbox 525 3575 2092 3630; baseline 0.002 -6"><span class='ocrx_word' id='word_1_384' title='bbox 525 3590 642 3625; x_wconf 88' lang='lat' dir='ltr'><strong>mus</strong></span> <span class='ocrx_word' id='word_1_385' title='bbox 675 3576 945 3628; x_wconf 87' lang='lat' dir='ltr'><strong>hominem</strong></span> <span class='ocrx_word' id='word_1_386' title='bbox 995 3576 1276 3629; x_wconf 86' lang='lat' dir='ltr'><strong>habentem</strong></span> <span class='ocrx_word' id='word_1_387' title='bbox 1324 3577 1486 3629; x_wconf 88' lang='lat' dir='ltr'><strong>Deum</strong></span> <span class='ocrx_word' id='word_1_388' title='bbox 1522 3577 1947 3630; x_wconf 86' lang='lat' dir='ltr'><strong>inhabitantem?</strong></span> <span class='ocrx_word' id='word_1_389' title='bbox 1997 3575 2092 3629; x_wconf 87' lang='lat' dir='ltr'><strong>Ubi</strong></span> 
     </span>
    </p>
   </div>
   <div class='ocr_carea' id='block_1_53' title="bbox 521 3664 2093 3730">
    <p class='ocr_par' dir='ltr' id='par_1_53' title="bbox 521 3664 2093 3730">
     <span class='ocr_line' id='line_1_53' title="bbox 521 3664 2093 3730; baseline 0.001 -17"><span class='ocrx_word' id='word_1_390' title='bbox 521 3664 663 3713; x_wconf 86' lang='lat' dir='ltr'><strong>enim</strong></span> <span class='ocrx_word' id='word_1_391' title='bbox 697 3664 1052 3728; x_wconf 63' lang='lat' dir='ltr'><strong>prasstahilitts</strong></span> <span class='ocrx_word' id='word_1_392' title='bbox 1082 3674 1199 3714; x_wconf 84' lang='lat' dir='ltr'><strong>erat</strong></span> <span class='ocrx_word' id='word_1_393' title='bbox 1242 3666 1403 3716; x_wconf 86' lang='lat' dir='ltr'><strong>Deum</strong></span> <span class='ocrx_word' id='word_1_394' title='bbox 1445 3666 1708 3730; x_wconf 73' lang='lat' dir='ltr'><strong>intelligi?</strong></span> <span class='ocrx_word' id='word_1_395' title='bbox 1749 3665 1801 3716; x_wconf 90' lang='grc' dir='ltr'><strong>Ιιι</strong></span> <span class='ocrx_word' id='word_1_396' title='bbox 1834 3665 1990 3723; x_wconf 71' lang='lat' dir='ltr'><strong>cuclo,</strong></span> <span class='ocrx_word' id='word_1_397' title='bbox 2027 3680 2093 3715; x_wconf 84' lang='lat' dir='ltr'><strong>an</strong></span> 
     </span>
    </p>
   </div>
   <div class='ocr_carea' id='block_1_54' title="bbox 524 3751 1934 3821">
    <p class='ocr_par' dir='ltr' id='par_1_54' title="bbox 524 3751 1934 3821">
     <span class='ocr_line' id='line_1_54' title="bbox 524 3751 1934 3821; baseline 0.004 -19"><span class='ocrx_word' id='word_1_398' title='bbox 524 3751 576 3802; x_wconf 89' lang='lat' dir='ltr'><strong>in</strong></span> <span class='ocrx_word' id='word_1_399' title='bbox 608 3751 788 3804; x_wconf 86' lang='lat' dir='ltr'><strong>terra?</strong></span> <span class='ocrx_word' id='word_1_400' title='bbox 813 3752 863 3804; x_wconf 90' lang='lat' dir='ltr'><strong>In</strong></span> <span class='ocrx_word' id='word_1_401' title='bbox 897 3753 1203 3820; x_wconf 84' lang='lat' dir='ltr'><strong>Seraphim,</strong></span> <span class='ocrx_word' id='word_1_402' title='bbox 1234 3769 1299 3805; x_wconf 91' lang='lat' dir='ltr'><strong>an</strong></span> <span class='ocrx_word' id='word_1_403' title='bbox 1336 3755 1384 3805; x_wconf 92' lang='lat' dir='ltr'><strong>in</strong></span> <span class='ocrx_word' id='word_1_404' title='bbox 1420 3764 1636 3807; x_wconf 86' lang='lat' dir='ltr'><strong>terreno</strong></span> <span class='ocrx_word' id='word_1_405' title='bbox 1664 3757 1934 3821; x_wconf 90' lang='lat' dir='ltr'><strong>corpore?</strong></span> 
     </span>
    </p>
   </div>
   <div class='ocr_carea' id='block_1_55' title="bbox 595 3841 2094 3914">
    <p class='ocr_par' dir='ltr' id='par_1_55' title="bbox 595 3841 2094 3914">
     <span class='ocr_line' id='line_1_55' title="bbox 595 3841 2094 3914; baseline 0.003 -20"><span class='ocrx_word' id='word_1_406' title='bbox 595 3841 650 3894; x_wconf 90' lang='lat' dir='ltr'><strong>Si</strong></span> <span class='ocrx_word' id='word_1_407' title='bbox 679 3853 799 3895; x_wconf 88' lang='lat' dir='ltr'><strong>erat</strong></span> <span class='ocrx_word' id='word_1_408' title='bbox 839 3843 1000 3896; x_wconf 88' lang='grc' dir='ltr'><strong>Ιιοιιιο</strong></span> <span class='ocrx_word' id='word_1_409' title='bbox 1039 3843 1314 3914; x_wconf 76' lang='grc' dir='ltr'><strong>Θεοφόρος,</strong></span> <span class='ocrx_word' id='word_1_410' title='bbox 1356 3845 1624 3912; x_wconf 84' lang='lat' dir='ltr'><strong>quomodo</strong></span> <span class='ocrx_word' id='word_1_411' title='bbox 1659 3865 1675 3894; x_wconf 74' lang='grc' dir='ltr'><strong>ι</strong></span> <span class='ocrx_word' id='word_1_412' title='bbox 1711 3843 2094 3912; x_wconf 83' lang='lat' dir='ltr'><strong>propemodum</strong></span> 
     </span>
    </p>
   </div>
   <div class='ocr_carea' id='block_1_56' title="bbox 524 3934 2094 4003">
    <p class='ocr_par' dir='ltr' id='par_1_56' title="bbox 524 3934 2094 4003">
     <span class='ocr_line' id='line_1_56' title="bbox 524 3934 2094 4003; baseline 0.004 -19"><span class='ocrx_word' id='word_1_413' title='bbox 524 3947 587 3984; x_wconf 84' lang='lat' dir='ltr'><strong>ac</strong></span> <span class='ocrx_word' id='word_1_414' title='bbox 631 3947 726 3986; x_wconf 87' lang='lat' dir='ltr'><strong>nos</strong></span> <span class='ocrx_word' id='word_1_415' title='bbox 769 3934 1108 4002; x_wconf 86' lang='lat' dir='ltr'><strong>participavit</strong></span> <span class='ocrx_word' id='word_1_416' title='bbox 1139 3936 1286 3987; x_wconf 86' lang='lat' dir='ltr'><strong>carni</strong></span> <span class='ocrx_word' id='word_1_417' title='bbox 1330 3951 1391 3987; x_wconf 88' lang='lat' dir='ltr'><strong>ac</strong></span> <span class='ocrx_word' id='word_1_418' title='bbox 1421 3936 1666 4003; x_wconf 83' lang='lat' dir='ltr'><strong>sanguini</strong></span> <span class='ocrx_word' id='word_1_419' title='bbox 1699 3936 1789 3986; x_wconf 45' lang='lat'><strong>&#39;3?</strong></span> <span class='ocrx_word' id='word_1_420' title='bbox 1830 3958 1847 3987; x_wconf 79' lang='grc' dir='ltr'><strong>ι</strong></span> <span class='ocrx_word' id='word_1_421' title='bbox 1891 3937 2018 3989; x_wconf 77' lang='lat' dir='ltr'><strong>Nam</strong></span> <span class='ocrx_word' id='word_1_422' title='bbox 2051 3939 2094 3990; x_wconf 88' lang='lat' dir='ltr'><strong>si</strong></span> 
     </span>
    </p>
   </div>
   <div class='ocr_carea' id='block_1_57' title="bbox 522 4023 2099 4090">
    <p class='ocr_par' dir='ltr' id='par_1_57' title="bbox 522 4023 2099 4090">
     <span class='ocr_line' id='line_1_57' title="bbox 522 4023 2099 4090; baseline 0.004 -15"><span class='ocrx_word' id='word_1_423' title='bbox 522 4023 650 4090; x_wconf 88' lang='lat' dir='ltr'><strong>quia</strong></span> <span class='ocrx_word' id='word_1_424' title='bbox 684 4024 823 4077; x_wconf 89' lang='lat' dir='ltr'><strong>Deus</strong></span> <span class='ocrx_word' id='word_1_425' title='bbox 855 4025 1194 4089; x_wconf 84' lang='lat' dir='ltr'><strong>inhabitavit,</strong></span> <span class='ocrx_word' id='word_1_426' title='bbox 1231 4027 1330 4078; x_wconf 90' lang='lat' dir='ltr'><strong>hoc</strong></span> <span class='ocrx_word' id='word_1_427' title='bbox 1358 4027 1403 4078; x_wconf 91' lang='lat' dir='ltr'><strong>ei</strong></span> <span class='ocrx_word' id='word_1_428' title='bbox 1437 4027 1649 4088; x_wconf 89' lang='lat' dir='ltr'><strong>sullieit,</strong></span> <span class='ocrx_word' id='word_1_429' title='bbox 1684 4037 1738 4078; x_wconf 88' lang='lat' dir='ltr'><strong>ut</strong></span> <span class='ocrx_word' id='word_1_430' title='bbox 1764 4027 2014 4080; x_wconf 86' lang='lat' dir='ltr'><strong>similiter</strong></span> <span class='ocrx_word' id='word_1_431' title='bbox 2038 4045 2099 4082; x_wconf 86' lang='lat' dir='ltr'><strong>ac</strong></span> 
     </span>
    </p>
   </div>
   <div class='ocr_carea' id='block_1_58' title="bbox 526 4115 2100 4186">
    <p class='ocr_par' dir='ltr' id='par_1_58' title="bbox 526 4115 2100 4186">
     <span class='ocr_line' id='line_1_58' title="bbox 526 4115 2100 4186; baseline 0.001 -18"><span class='ocrx_word' id='word_1_432' title='bbox 526 4127 629 4168; x_wconf 88' lang='lat' dir='ltr'><strong>nos</strong></span> <span class='ocrx_word' id='word_1_433' title='bbox 648 4115 994 4184; x_wconf 86' lang='lat' dir='ltr'><strong>participaret</strong></span> <span class='ocrx_word' id='word_1_434' title='bbox 1033 4117 1181 4168; x_wconf 89' lang='lat' dir='ltr'><strong>carni</strong></span> <span class='ocrx_word' id='word_1_435' title='bbox 1219 4129 1273 4170; x_wconf 89' lang='lat' dir='ltr'><strong>et</strong></span> <span class='ocrx_word' id='word_1_436' title='bbox 1311 4118 1594 4184; x_wconf 85' lang='lat' dir='ltr'><strong>sanguini;</strong></span> <span class='ocrx_word' id='word_1_437' title='bbox 1637 4130 1687 4170; x_wconf 92' lang='lat' dir='ltr'><strong>et</strong></span> <span class='ocrx_word' id='word_1_438' title='bbox 1719 4119 1787 4169; x_wconf 90' lang='lat' dir='ltr'><strong>ita</strong></span> <span class='ocrx_word' id='word_1_439' title='bbox 1822 4119 1903 4170; x_wconf 88' lang='lat' dir='ltr'><strong>his</strong></span> <span class='ocrx_word' id='word_1_440' title='bbox 1935 4121 2100 4186; x_wconf 81' lang='lat' dir='ltr'><strong>parti-</strong></span> 
     </span>
    </p>
   </div>
   <div class='ocr_carea' id='block_1_59' title="bbox 524 4206 2098 4274">
    <p class='ocr_par' dir='ltr' id='par_1_59' title="bbox 524 4206 2098 4274">
     <span class='ocr_line' id='line_1_59' title="bbox 524 4206 2098 4274; baseline 0.003 -17"><span class='ocrx_word' id='word_1_441' title='bbox 524 4206 707 4272; x_wconf 81' lang='lat' dir='ltr'><strong>cipare</strong></span> <span class='ocrx_word' id='word_1_442' title='bbox 732 4207 781 4258; x_wconf 89' lang='lat' dir='ltr'><strong>id</strong></span> <span class='ocrx_word' id='word_1_443' title='bbox 816 4207 991 4274; x_wconf 83' lang='lat' dir='ltr'><strong>ipsum</strong></span> <span class='ocrx_word' id='word_1_444' title='bbox 1020 4217 1122 4270; x_wconf 87' lang='lat' dir='ltr'><strong>est,</strong></span> <span class='ocrx_word' id='word_1_445' title='bbox 1143 4210 1281 4274; x_wconf 89' lang='lat' dir='ltr'><strong>quod</strong></span> <span class='ocrx_word' id='word_1_446' title='bbox 1318 4211 1587 4261; x_wconf 86' lang='lat' dir='ltr'><strong>hominem</strong></span> <span class='ocrx_word' id='word_1_447' title='bbox 1625 4208 1819 4262; x_wconf 78' lang='lat' dir='ltr'><strong>factum</strong></span> <span class='ocrx_word' id='word_1_448' title='bbox 1839 4225 1959 4264; x_wconf 79' lang='lat' dir='ltr'><strong>esse</strong></span> <span class='ocrx_word' id='word_1_449' title='bbox 1981 4229 1993 4264; x_wconf 90' lang='lat'><strong>:</strong></span> <span class='ocrx_word' id='word_1_450' title='bbox 2018 4213 2098 4262; x_wconf 87' lang='lat' dir='ltr'><strong>itt-</strong></span> 
     </span>
    </p>
   </div>
   <div class='ocr_carea' id='block_1_60' title="bbox 525 4297 2100 4370">
    <p class='ocr_par' dir='ltr' id='par_1_60' title="bbox 525 4297 2100 4370">
     <span class='ocr_line' id='line_1_60' title="bbox 525 4297 2100 4370; baseline 0.003 -22"><span class='ocrx_word' id='word_1_451' title='bbox 525 4297 788 4350; x_wconf 87' lang='lat' dir='ltr'><strong>habitavit</strong></span> <span class='ocrx_word' id='word_1_452' title='bbox 827 4308 1004 4351; x_wconf 89' lang='lat' dir='ltr'><strong>autem</strong></span> <span class='ocrx_word' id='word_1_453' title='bbox 1041 4311 1092 4351; x_wconf 89' lang='lat' dir='ltr'><strong>et</strong></span> <span class='ocrx_word' id='word_1_454' title='bbox 1138 4300 1188 4349; x_wconf 91' lang='lat' dir='ltr'><strong>in</strong></span> <span class='ocrx_word' id='word_1_455' title='bbox 1232 4300 1411 4352; x_wconf 91' lang='lat' dir='ltr'><strong>multis</strong></span> <span class='ocrx_word' id='word_1_456' title='bbox 1457 4301 1692 4362; x_wconf 86' lang='lat' dir='ltr'><strong>sanctis;</strong></span> <span class='ocrx_word' id='word_1_457' title='bbox 1735 4301 1895 4352; x_wconf 89' lang='lat' dir='ltr'><strong>homo</strong></span> <span class='ocrx_word' id='word_1_458' title='bbox 1937 4302 2100 4370; x_wconf 82' lang='lat' dir='ltr'><strong>igitur</strong></span> 
     </span>
    </p>
   </div>
   <div class='ocr_carea' id='block_1_61' title="bbox 531 4388 2100 4460">
    <p class='ocr_par' dir='ltr' id='par_1_61' title="bbox 531 4388 2100 4460">
     <span class='ocr_line' id='line_1_61' title="bbox 531 4388 2100 4460; baseline 0.006 -25"><span class='ocrx_word' id='word_1_459' title='bbox 531 4401 637 4440; x_wconf 89' lang='lat' dir='ltr'><strong>non</strong></span> <span class='ocrx_word' id='word_1_460' title='bbox 687 4388 874 4452; x_wconf 85' lang='lat' dir='ltr'><strong>semel,</strong></span> <span class='ocrx_word' id='word_1_461' title='bbox 911 4389 1004 4441; x_wconf 90' lang='lat' dir='ltr'><strong>sed</strong></span> <span class='ocrx_word' id='word_1_462' title='bbox 1052 4389 1347 4456; x_wconf 75' lang='lat' dir='ltr'><strong>szepissime</strong></span> <span class='ocrx_word' id='word_1_463' title='bbox 1391 4389 1564 4442; x_wconf 81' lang='lat' dir='ltr'><strong>factus</strong></span> <span class='ocrx_word' id='word_1_464' title='bbox 1601 4399 1702 4443; x_wconf 89' lang='lat' dir='ltr'><strong>est.</strong></span> <span class='ocrx_word' id='word_1_465' title='bbox 1753 4391 1930 4455; x_wconf 85' lang='lat' dir='ltr'><strong>Quare</strong></span> <span class='ocrx_word' id='word_1_466' title='bbox 1973 4409 2100 4460; x_wconf 89' lang='lat' dir='ltr'><strong>ergo</strong></span> 
     </span>
    </p>
   </div>
   <div class='ocr_carea' id='block_1_62' title="bbox 1943 2481 2087 2536">
    <p class='ocr_par' dir='ltr' id='par_1_62' title="bbox 1943 2481 2087 2536">
     <span class='ocr_line' id='line_1_62' title="bbox 1943 2481 2087 2536; baseline 0 -6"><span class='ocrx_word' id='word_1_467' title='bbox 1943 2481 2087 2536; x_wconf 83' lang='lat' dir='ltr'><strong>solus</strong></span> 
     </span>
    </p>
   </div>
   <div class='ocr_carea' id='block_1_63' title="bbox 2191 1938 3772 2011">
    <p class='ocr_par' dir='ltr' id='par_1_63' title="bbox 2191 1938 3772 2011">
     <span class='ocr_line' id='line_1_63' title="bbox 2191 1938 3772 2011; baseline -0.001 -17"><span class='ocrx_word' id='word_1_468' title='bbox 2191 1952 2271 1994; x_wconf 91' lang='lat' dir='ltr'><strong>est</strong></span> <span class='ocrx_word' id='word_1_469' title='bbox 2301 1941 2372 2003; x_wconf 92' lang='lat' dir='ltr'><strong>ei,</strong></span> <span class='ocrx_word' id='word_1_470' title='bbox 2415 1939 2578 2011; x_wconf 65' lang='grc'><strong>794</strong></span> <span class='ocrx_word' id='word_1_471' title='bbox 2609 1940 2877 1994; x_wconf 81' lang='lat' dir='ltr'><strong>credimus</strong></span> <span class='ocrx_word' id='word_1_472' title='bbox 2912 1955 3127 2008; x_wconf 88' lang='lat' dir='ltr'><strong>corpus,</strong></span> <span class='ocrx_word' id='word_1_473' title='bbox 3173 1949 3226 1992; x_wconf 92' lang='lat' dir='ltr'><strong>et</strong></span> <span class='ocrx_word' id='word_1_474' title='bbox 3274 1954 3399 1993; x_wconf 86' lang='lat' dir='ltr'><strong>vera</strong></span> <span class='ocrx_word' id='word_1_475' title='bbox 3430 1938 3650 1992; x_wconf 90' lang='lat' dir='ltr'><strong>omnino</strong></span> <span class='ocrx_word' id='word_1_476' title='bbox 3690 1949 3772 1992; x_wconf 84' lang='lat' dir='ltr'><strong>est</strong></span> 
     </span>
    </p>
   </div>
   <div class='ocr_carea' id='block_1_64' title="bbox 2192 2030 2461 2081">
    <p class='ocr_par' dir='ltr' id='par_1_64' title="bbox 2192 2030 2461 2081">
     <span class='ocr_line' id='line_1_64' title="bbox 2192 2030 2461 2081; baseline 0.004 -1"><span class='ocrx_word' id='word_1_477' title='bbox 2192 2030 2461 2081; x_wconf 65' lang='lat' dir='ltr'><strong>adunaﬁo.</strong></span> 
     </span>
    </p>
   </div>
   <div class='ocr_carea' id='block_1_65' title="bbox 2800 2204 3153 2262">
    <p class='ocr_par' dir='ltr' id='par_1_65' title="bbox 2800 2204 3153 2262">
     <span class='ocr_line' id='line_1_65' title="bbox 2800 2204 3153 2262; baseline 0 -1"><span class='ocrx_word' id='word_1_478' title='bbox 2800 2208 2949 2262; x_wconf 81' lang='lat' dir='ltr'><strong>CAP.</strong></span> <span class='ocrx_word' id='word_1_479' title='bbox 2991 2204 3153 2261; x_wconf 73' lang='lat' dir='ltr'><strong>XXV.</strong></span> 
     </span>
    </p>
   </div>
   <div class='ocr_carea' id='block_1_66' title="bbox 2197 2319 3767 2389">
    <p class='ocr_par' dir='ltr' id='par_1_66' title="bbox 2197 2319 3767 2389">
     <span class='ocr_line' id='line_1_66' title="bbox 2197 2319 3767 2389; baseline -0.003 -15"><span class='ocrx_word' id='word_1_480' title='bbox 2197 2323 2466 2388; x_wconf 79' lang='lat' dir='ltr'><strong>Quomodo</strong></span> <span class='ocrx_word' id='word_1_481' title='bbox 2497 2333 2730 2389; x_wconf 80' lang='lat' dir='ltr'><strong>opm&#39;teat</strong></span> <span class='ocrx_word' id='word_1_482' title='bbox 2758 2322 3081 2386; x_wconf 73' lang='lat' dir='ltr'><strong>intelligere:</strong></span> <span class='ocrx_word' id='word_1_483' title='bbox 3109 2341 3125 2371; x_wconf 76' lang='grc' dir='ltr'><strong>ι</strong></span> <span class='ocrx_word' id='word_1_484' title='bbox 3159 2319 3385 2373; x_wconf 77' lang='lat' dir='ltr'><strong>Verbum</strong></span> <span class='ocrx_word' id='word_1_485' title='bbox 3415 2336 3535 2372; x_wconf 80' lang='lat' dir='ltr'><strong>raro</strong></span> <span class='ocrx_word' id='word_1_486' title='bbox 3568 2320 3767 2388; x_wconf 80' lang='lat' dir='ltr'><strong>factum</strong></span> 
     </span>
    </p>
   </div>
   <div class='ocr_carea' id='block_1_67' title="bbox 2265 2393 3766 2460">
    <p class='ocr_par' dir='ltr' id='par_1_67' title="bbox 2265 2393 3766 2460">
     <span class='ocr_line' id='line_1_67' title="bbox 2265 2393 3766 2460; baseline -0.003 -15"><span class='ocrx_word' id='word_1_487' title='bbox 2265 2403 2360 2453; x_wconf 74' lang='grc' dir='ltr'><strong>εει,</strong></span> <span class='ocrx_word' id='word_1_488' title='bbox 2394 2406 2438 2444; x_wconf 85' lang='lat' dir='ltr'><strong>et</strong></span> <span class='ocrx_word' id='word_1_489' title='bbox 2473 2395 2724 2444; x_wconf 78' lang='lat' dir='ltr'><strong>habitavit</strong></span> <span class='ocrx_word' id='word_1_490' title='bbox 2764 2393 2817 2443; x_wconf 82' lang='lat' dir='ltr'><strong>in</strong></span> <span class='ocrx_word' id='word_1_491' title='bbox 2849 2393 3032 2457; x_wconf 74' lang='lat' dir='ltr'><strong>nobis;</strong></span> <span class='ocrx_word' id='word_1_492' title='bbox 3071 2410 3088 2442; x_wconf 75' lang='grc' dir='ltr'><strong>ι</strong></span> <span class='ocrx_word' id='word_1_493' title='bbox 3123 2401 3170 2442; x_wconf 82' lang='lat' dir='ltr'><strong>et</strong></span> <span class='ocrx_word' id='word_1_494' title='bbox 3205 2394 3467 2460; x_wconf 74' lang='lat' dir='ltr'><strong>quomodo</strong></span> <span class='ocrx_word' id='word_1_495' title='bbox 3497 2393 3766 2456; x_wconf 70' lang='lat' dir='ltr'><strong>proprium</strong></span> 
     </span>
    </p>
   </div>
   <div class='ocr_carea' id='block_1_68' title="bbox 2267 2463 2894 2531">
    <p class='ocr_par' dir='ltr' id='par_1_68' title="bbox 2267 2463 2894 2531">
     <span class='ocr_line' id='line_1_68' title="bbox 2267 2463 2894 2531; baseline 0.003 -19"><span class='ocrx_word' id='word_1_496' title='bbox 2267 2463 2426 2531; x_wconf 79' lang='lat' dir='ltr'><strong>ipsius</strong></span> <span class='ocrx_word' id='word_1_497' title='bbox 2459 2464 2668 2514; x_wconf 74' lang='lat' dir='ltr'><strong>dicatur</strong></span> <span class='ocrx_word' id='word_1_498' title='bbox 2691 2479 2894 2528; x_wconf 73' lang='lat' dir='ltr'><strong>corpus.</strong></span> 
     </span>
    </p>
   </div>
   <div class='ocr_carea' id='block_1_69' title="bbox 2268 2568 3768 2640">
    <p class='ocr_par' dir='ltr' id='par_1_69' title="bbox 2268 2568 3768 2640">
     <span class='ocr_line' id='line_1_69' title="bbox 2268 2568 3768 2640; baseline -0.005 -13"><span class='ocrx_word' id='word_1_499' title='bbox 2268 2574 2462 2627; x_wconf 87' lang='lat' dir='ltr'><strong>Semen</strong></span> <span class='ocrx_word' id='word_1_500' title='bbox 2497 2574 2726 2627; x_wconf 65' lang='lat' dir='ltr'><strong>Abrahae</strong></span> <span class='ocrx_word' id='word_1_501' title='bbox 2759 2571 3180 2640; x_wconf 86' lang='lat' dir='ltr'><strong>apprehendisse</strong></span> <span class='ocrx_word' id='word_1_502' title='bbox 3214 2568 3448 2624; x_wconf 80' lang='lat' dir='ltr'><strong>Verbum</strong></span> <span class='ocrx_word' id='word_1_503' title='bbox 3469 2569 3560 2622; x_wconf 80' lang='lat' dir='ltr'><strong>Dei</strong></span> <span class='ocrx_word' id='word_1_504' title='bbox 3585 2569 3768 2637; x_wconf 83' lang='lat' dir='ltr'><strong>unige-</strong></span> 
     </span>
    </p>
   </div>
   <div class='ocr_carea' id='block_1_70' title="bbox 2200 2661 3768 2726">
    <p class='ocr_par' dir='ltr' id='par_1_70' title="bbox 2200 2661 3768 2726">
     <span class='ocr_line' id='line_1_70' title="bbox 2200 2661 3768 2726; baseline -0.003 -11"><span class='ocrx_word' id='word_1_505' title='bbox 2200 2666 2388 2726; x_wconf 90' lang='lat' dir='ltr'><strong>nitum,</strong></span> <span class='ocrx_word' id='word_1_506' title='bbox 2439 2665 2628 2717; x_wconf 89' lang='lat' dir='ltr'><strong>beatus</strong></span> <span class='ocrx_word' id='word_1_507' title='bbox 2693 2663 2889 2716; x_wconf 83' lang='lat' dir='ltr'><strong>Paulus</strong></span> <span class='ocrx_word' id='word_1_508' title='bbox 2940 2671 3328 2716; x_wconf 87' lang='lat' dir='ltr'><strong>commemorat</strong></span> <span class='ocrx_word' id='word_1_509' title='bbox 3377 2661 3458 2724; x_wconf 69' lang='lat'><strong>9’;</strong></span> <span class='ocrx_word' id='word_1_510' title='bbox 3517 2674 3612 2712; x_wconf 90' lang='lat' dir='ltr'><strong>nec</strong></span> <span class='ocrx_word' id='word_1_511' title='bbox 3668 2674 3768 2710; x_wconf 81' lang='lat' dir='ltr'><strong>non</strong></span> 
     </span>
    </p>
   </div>
   <div class='ocr_carea' id='block_1_71' title="bbox 2197 2752 3768 2824">
    <p class='ocr_par' dir='ltr' id='par_1_71' title="bbox 2197 2752 3768 2824">
     <span class='ocr_line' id='line_1_71' title="bbox 2197 2752 3768 2824; baseline -0.002 -17"><span class='ocrx_word' id='word_1_512' title='bbox 2197 2757 2380 2821; x_wconf 88' lang='lat' dir='ltr'><strong>etiam,</strong></span> <span class='ocrx_word' id='word_1_513' title='bbox 2414 2758 2554 2823; x_wconf 89' lang='lat' dir='ltr'><strong>quod</strong></span> <span class='ocrx_word' id='word_1_514' title='bbox 2592 2755 2974 2824; x_wconf 77' lang='lat' dir='ltr'><strong>prepemodum</strong></span> <span class='ocrx_word' id='word_1_515' title='bbox 3011 2770 3072 2806; x_wconf 92' lang='lat' dir='ltr'><strong>ac</strong></span> <span class='ocrx_word' id='word_1_516' title='bbox 3105 2769 3202 2807; x_wconf 89' lang='lat' dir='ltr'><strong>nos</strong></span> <span class='ocrx_word' id='word_1_517' title='bbox 3241 2754 3584 2820; x_wconf 86' lang='lat' dir='ltr'><strong>participavit</strong></span> <span class='ocrx_word' id='word_1_518' title='bbox 3622 2752 3768 2805; x_wconf 82' lang='lat' dir='ltr'><strong>carni</strong></span> 
     </span>
    </p>
   </div>
   <div class='ocr_carea' id='block_1_72' title="bbox 2199 2841 3772 2913">
    <p class='ocr_par' dir='ltr' id='par_1_72' title="bbox 2199 2841 3772 2913">
     <span class='ocr_line' id='line_1_72' title="bbox 2199 2841 3772 2913; baseline -0.003 -14"><span class='ocrx_word' id='word_1_519' title='bbox 2199 2857 2252 2899; x_wconf 92' lang='lat' dir='ltr'><strong>et</strong></span> <span class='ocrx_word' id='word_1_520' title='bbox 2296 2848 2541 2913; x_wconf 84' lang='lat' dir='ltr'><strong>sanguini</strong></span> <span class='ocrx_word' id='word_1_521' title='bbox 2575 2848 2643 2900; x_wconf 69' lang='lat'><strong>9“.</strong></span> <span class='ocrx_word' id='word_1_522' title='bbox 2691 2847 2954 2900; x_wconf 85' lang='lat' dir='ltr'><strong>Memores</strong></span> <span class='ocrx_word' id='word_1_523' title='bbox 2986 2856 3163 2898; x_wconf 89' lang='lat' dir='ltr'><strong>autem</strong></span> <span class='ocrx_word' id='word_1_524' title='bbox 3199 2860 3385 2898; x_wconf 90' lang='lat' dir='ltr'><strong>sumus</strong></span> <span class='ocrx_word' id='word_1_525' title='bbox 3410 2845 3572 2896; x_wconf 88' lang='lat' dir='ltr'><strong>etiam</strong></span> <span class='ocrx_word' id='word_1_526' title='bbox 3606 2841 3772 2895; x_wconf 82' lang='lat' dir='ltr'><strong>Joan-</strong></span> 
     </span>
    </p>
   </div>
   <div class='ocr_carea' id='block_1_73' title="bbox 2199 2932 3776 2998">
    <p class='ocr_par' dir='ltr' id='par_1_73' title="bbox 2199 2932 3776 2998">
     <span class='ocr_line' id='line_1_73' title="bbox 2199 2932 3776 2998; baseline -0.003 -10"><span class='ocrx_word' id='word_1_527' title='bbox 2199 2936 2314 2998; x_wconf 88' lang='lat' dir='ltr'><strong>nis;</strong></span> <span class='ocrx_word' id='word_1_528' title='bbox 2351 2937 2425 2988; x_wconf 90' lang='lat' dir='ltr'><strong>ait</strong></span> <span class='ocrx_word' id='word_1_529' title='bbox 2454 2937 2596 2988; x_wconf 89' lang='lat' dir='ltr'><strong>euim</strong></span> <span class='ocrx_word' id='word_1_530' title='bbox 2626 2955 2638 2990; x_wconf 91' lang='lat'><strong>:</strong></span> <span class='ocrx_word' id='word_1_531' title='bbox 2675 2955 2693 2986; x_wconf 76' lang='grc' dir='ltr'><strong>ι</strong></span> <span class='ocrx_word' id='word_1_532' title='bbox 2732 2937 2961 2988; x_wconf 81' lang='lat' dir='ltr'><strong>Verbum</strong></span> <span class='ocrx_word' id='word_1_533' title='bbox 2992 2951 3118 2988; x_wconf 79' lang='lat' dir='ltr'><strong>caro</strong></span> <span class='ocrx_word' id='word_1_534' title='bbox 3147 2935 3344 2987; x_wconf 77' lang='lat' dir='ltr'><strong>factum</strong></span> <span class='ocrx_word' id='word_1_535' title='bbox 3379 2946 3483 2994; x_wconf 89' lang='lat' dir='ltr'><strong>est,</strong></span> <span class='ocrx_word' id='word_1_536' title='bbox 3525 2944 3578 2986; x_wconf 91' lang='lat' dir='ltr'><strong>et</strong></span> <span class='ocrx_word' id='word_1_537' title='bbox 3622 2932 3776 2985; x_wconf 87' lang='lat' dir='ltr'><strong>habi—</strong></span> 
     </span>
    </p>
   </div>
   <div class='ocr_carea' id='block_1_74' title="bbox 2203 3023 3777 3094">
    <p class='ocr_par' dir='ltr' id='par_1_74' title="bbox 2203 3023 3777 3094">
     <span class='ocr_line' id='line_1_74' title="bbox 2203 3023 3777 3094; baseline -0.002 -17"><span class='ocrx_word' id='word_1_538' title='bbox 2203 3026 2329 3077; x_wconf 82' lang='lat' dir='ltr'><strong>tavit</strong></span> <span class='ocrx_word' id='word_1_539' title='bbox 2361 3026 2410 3076; x_wconf 90' lang='lat' dir='ltr'><strong>in</strong></span> <span class='ocrx_word' id='word_1_540' title='bbox 2449 3026 2603 3078; x_wconf 87' lang='lat' dir='ltr'><strong>nobis</strong></span> <span class='ocrx_word' id='word_1_541' title='bbox 2623 3026 2690 3078; x_wconf 65' lang='lat'><strong>9°.</strong></span> <span class='ocrx_word' id='word_1_542' title='bbox 2726 3045 2741 3074; x_wconf 85' lang='grc' dir='ltr'><strong>ι</strong></span> <span class='ocrx_word' id='word_1_543' title='bbox 2779 3026 2904 3079; x_wconf 88' lang='lat' dir='ltr'><strong>Idne</strong></span> <span class='ocrx_word' id='word_1_544' title='bbox 2933 3025 3093 3094; x_wconf 80' lang='lat' dir='ltr'><strong>igitur</strong></span> <span class='ocrx_word' id='word_1_545' title='bbox 3131 3024 3228 3078; x_wconf 80' lang='lat' dir='ltr'><strong>luit</strong></span> <span class='ocrx_word' id='word_1_546' title='bbox 3272 3025 3607 3091; x_wconf 88' lang='lat' dir='ltr'><strong>propositum</strong></span> <span class='ocrx_word' id='word_1_547' title='bbox 3643 3023 3777 3075; x_wconf 71' lang='lat' dir='ltr'><strong>viris</strong></span> 
     </span>
    </p>
   </div>
   <div class='ocr_carea' id='block_1_75' title="bbox 2200 3113 3777 3183">
    <p class='ocr_par' dir='ltr' id='par_1_75' title="bbox 2200 3113 3777 3183">
     <span class='ocr_line' id='line_1_75' title="bbox 2200 3113 3777 3183; baseline 0 -17"><span class='ocrx_word' id='word_1_548' title='bbox 2200 3115 2554 3183; x_wconf 77' lang='lat' dir='ltr'><strong>Spit-italibns,</strong></span> <span class='ocrx_word' id='word_1_549' title='bbox 2588 3115 2801 3177; x_wconf 88' lang='lat' dir='ltr'><strong>docere,</strong></span> <span class='ocrx_word' id='word_1_550' title='bbox 2841 3116 2980 3183; x_wconf 90' lang='lat' dir='ltr'><strong>quod</strong></span> <span class='ocrx_word' id='word_1_551' title='bbox 3015 3116 3105 3169; x_wconf 90' lang='lat' dir='ltr'><strong>Dei</strong></span> <span class='ocrx_word' id='word_1_552' title='bbox 3136 3113 3373 3167; x_wconf 84' lang='lat' dir='ltr'><strong>Verbum</strong></span> <span class='ocrx_word' id='word_1_553' title='bbox 3402 3114 3777 3167; x_wconf 86' lang='lat' dir='ltr'><strong>conversionis</strong></span> 
     </span>
    </p>
   </div>
   <div class='ocr_carea' id='block_1_76' title="bbox 2121 3177 3775 3275">
    <p class='ocr_par' dir='ltr' id='par_1_76' title="bbox 2121 3177 3775 3275">
     <span class='ocr_line' id='line_1_76' title="bbox 2121 3177 3775 3275; baseline 0 -18"><span class='ocrx_word' id='word_1_554' title='bbox 2121 3177 2166 3236; x_wconf 72' lang='lat' dir='ltr'><strong>C</strong></span> <span class='ocrx_word' id='word_1_555' title='bbox 2198 3206 2266 3257; x_wconf 89' lang='lat' dir='ltr'><strong>sit</strong></span> <span class='ocrx_word' id='word_1_556' title='bbox 2302 3206 2547 3272; x_wconf 88' lang='lat' dir='ltr'><strong>patiens;</strong></span> <span class='ocrx_word' id='word_1_557' title='bbox 2582 3215 2672 3258; x_wconf 89' lang='lat' dir='ltr'><strong>aut</strong></span> <span class='ocrx_word' id='word_1_558' title='bbox 2703 3208 2841 3275; x_wconf 89' lang='lat' dir='ltr'><strong>quod</strong></span> <span class='ocrx_word' id='word_1_559' title='bbox 2875 3208 3045 3274; x_wconf 88' lang='lat' dir='ltr'><strong>ipsmn</strong></span> <span class='ocrx_word' id='word_1_560' title='bbox 3077 3207 3155 3259; x_wconf 81' lang='lat' dir='ltr'><strong>fas</strong></span> <span class='ocrx_word' id='word_1_561' title='bbox 3183 3206 3250 3260; x_wconf 92' lang='lat' dir='ltr'><strong>sit</strong></span> <span class='ocrx_word' id='word_1_562' title='bbox 3273 3206 3775 3267; x_wconf 84' lang='lat' dir='ltr'><strong>commutationem,</strong></span> 
     </span>
    </p>
   </div>
   <div class='ocr_carea' id='block_1_77' title="bbox 2195 3295 3781 3365">
    <p class='ocr_par' dir='ltr' id='par_1_77' title="bbox 2195 3295 3781 3365">
     <span class='ocr_line' id='line_1_77' title="bbox 2195 3295 3781 3365; baseline -0.001 -15"><span class='ocrx_word' id='word_1_563' title='bbox 2195 3313 2315 3365; x_wconf 63' lang='lat' dir='ltr'><strong>quae</strong></span> <span class='ocrx_word' id='word_1_564' title='bbox 2357 3299 2526 3364; x_wconf 78' lang='lat' dir='ltr'><strong>magis</strong></span> <span class='ocrx_word' id='word_1_565' title='bbox 2561 3310 2822 3351; x_wconf 72' lang='lat' dir='ltr'><strong>creaturae</strong></span> <span class='ocrx_word' id='word_1_566' title='bbox 2854 3298 3157 3360; x_wconf 84' lang='lat' dir='ltr'><strong>conveniat,</strong></span> <span class='ocrx_word' id='word_1_567' title='bbox 3196 3297 3505 3350; x_wconf 86' lang='lat' dir='ltr'><strong>sustinere:</strong></span> <span class='ocrx_word' id='word_1_568' title='bbox 3553 3295 3689 3348; x_wconf 89' lang='lat' dir='ltr'><strong>adeo</strong></span> <span class='ocrx_word' id='word_1_569' title='bbox 3723 3304 3781 3349; x_wconf 86' lang='lat' dir='ltr'><strong>nt</strong></span> 
     </span>
    </p>
   </div>
   <div class='ocr_carea' id='block_1_78' title="bbox 2199 3383 3778 3454">
    <p class='ocr_par' dir='ltr' id='par_1_78' title="bbox 2199 3383 3778 3454">
     <span class='ocr_line' id='line_1_78' title="bbox 2199 3383 3778 3454; baseline -0.004 -16"><span class='ocrx_word' id='word_1_570' title='bbox 2199 3389 2247 3438; x_wconf 80' lang='lat' dir='ltr'><strong>id</strong></span> <span class='ocrx_word' id='word_1_571' title='bbox 2281 3386 2422 3454; x_wconf 90' lang='lat' dir='ltr'><strong>quod</strong></span> <span class='ocrx_word' id='word_1_572' title='bbox 2478 3404 2582 3439; x_wconf 91' lang='lat' dir='ltr'><strong>non</strong></span> <span class='ocrx_word' id='word_1_573' title='bbox 2619 3395 2755 3450; x_wconf 85' lang='lat' dir='ltr'><strong>erat,</strong></span> <span class='ocrx_word' id='word_1_574' title='bbox 2800 3385 3026 3439; x_wconf 82' lang='lat' dir='ltr'><strong>forsitan</strong></span> <span class='ocrx_word' id='word_1_575' title='bbox 3065 3385 3116 3438; x_wconf 91' lang='lat' dir='ltr'><strong>iu</strong></span> <span class='ocrx_word' id='word_1_576' title='bbox 3165 3386 3215 3437; x_wconf 90' lang='lat' dir='ltr'><strong>id</strong></span> <span class='ocrx_word' id='word_1_577' title='bbox 3259 3400 3353 3437; x_wconf 87' lang='lat' dir='ltr'><strong>sua</strong></span> <span class='ocrx_word' id='word_1_578' title='bbox 3395 3392 3584 3450; x_wconf 83' lang='lat' dir='ltr'><strong>sponte</strong></span> <span class='ocrx_word' id='word_1_579' title='bbox 3612 3383 3778 3434; x_wconf 85' lang='lat' dir='ltr'><strong>deve-</strong></span> 
     </span>
    </p>
   </div>
   <div class='ocr_carea' id='block_1_79' title="bbox 2197 3471 3778 3544">
    <p class='ocr_par' dir='ltr' id='par_1_79' title="bbox 2197 3471 3778 3544">
     <span class='ocr_line' id='line_1_79' title="bbox 2197 3471 3778 3544; baseline -0.006 -14"><span class='ocrx_word' id='word_1_580' title='bbox 2197 3479 2339 3541; x_wconf 78' lang='lat' dir='ltr'><strong>niat;</strong></span> <span class='ocrx_word' id='word_1_581' title='bbox 2392 3485 2486 3529; x_wconf 91' lang='lat' dir='ltr'><strong>aut</strong></span> <span class='ocrx_word' id='word_1_582' title='bbox 2529 3477 2666 3529; x_wconf 91' lang='lat' dir='ltr'><strong>alius</strong></span> <span class='ocrx_word' id='word_1_583' title='bbox 2701 3488 2887 3529; x_wconf 87' lang='lat' dir='ltr'><strong>contra</strong></span> <span class='ocrx_word' id='word_1_584' title='bbox 2934 3476 3098 3544; x_wconf 88' lang='lat' dir='ltr'><strong>ipsius</strong></span> <span class='ocrx_word' id='word_1_585' title='bbox 3135 3474 3465 3526; x_wconf 87' lang='lat' dir='ltr'><strong>voluntatem</strong></span> <span class='ocrx_word' id='word_1_586' title='bbox 3503 3473 3570 3523; x_wconf 88' lang='lat' dir='ltr'><strong>ad</strong></span> <span class='ocrx_word' id='word_1_587' title='bbox 3615 3471 3778 3522; x_wconf 81' lang='lat' dir='ltr'><strong>aliam</strong></span> 
     </span>
    </p>
   </div>
   <div class='ocr_carea' id='block_1_80' title="bbox 2199 3564 3779 3636">
    <p class='ocr_par' dir='ltr' id='par_1_80' title="bbox 2199 3564 3779 3636">
     <span class='ocr_line' id='line_1_80' title="bbox 2199 3564 3779 3636; baseline -0.006 -14"><span class='ocrx_word' id='word_1_588' title='bbox 2199 3581 2442 3622; x_wconf 82' lang='lat' dir='ltr'><strong>naturam</strong></span> <span class='ocrx_word' id='word_1_589' title='bbox 2490 3569 2830 3636; x_wconf 86' lang='lat' dir='ltr'><strong>impellatur?</strong></span> <span class='ocrx_word' id='word_1_590' title='bbox 2875 3569 3034 3622; x_wconf 88' lang='lat' dir='ltr'><strong>absit.</strong></span> <span class='ocrx_word' id='word_1_591' title='bbox 3067 3567 3245 3620; x_wconf 83' lang='lat' dir='ltr'><strong>Manet</strong></span> <span class='ocrx_word' id='word_1_592' title='bbox 3288 3580 3516 3632; x_wconf 89' lang='lat' dir='ltr'><strong>namque</strong></span> <span class='ocrx_word' id='word_1_593' title='bbox 3543 3564 3712 3625; x_wconf 90' lang='lat' dir='ltr'><strong>idem,</strong></span> <span class='ocrx_word' id='word_1_594' title='bbox 3751 3576 3779 3613; x_wconf 75' lang='grc' dir='ltr'><strong>ει</strong></span> 
     </span>
    </p>
   </div>
   <div class='ocr_carea' id='block_1_81' title="bbox 2199 3657 3781 3724">
    <p class='ocr_par' dir='ltr' id='par_1_81' title="bbox 2199 3657 3781 3724">
     <span class='ocr_line' id='line_1_81' title="bbox 2199 3657 3781 3724; baseline -0.006 -9"><span class='ocrx_word' id='word_1_595' title='bbox 2199 3679 2292 3715; x_wconf 88' lang='lat' dir='ltr'><strong>sua</strong></span> <span class='ocrx_word' id='word_1_596' title='bbox 2328 3675 2515 3724; x_wconf 69' lang='lat' dir='ltr'><strong>natura</strong></span> <span class='ocrx_word' id='word_1_597' title='bbox 2541 3663 3021 3715; x_wconf 88' lang='lat' dir='ltr'><strong>commutationem</strong></span> <span class='ocrx_word' id='word_1_598' title='bbox 3050 3675 3264 3712; x_wconf 90' lang='lat' dir='ltr'><strong>omnem</strong></span> <span class='ocrx_word' id='word_1_599' title='bbox 3292 3657 3600 3716; x_wconf 81' lang='lat' dir='ltr'><strong>excludens,</strong></span> <span class='ocrx_word' id='word_1_600' title='bbox 3641 3671 3781 3707; x_wconf 83' lang='lat' dir='ltr'><strong>cnn-</strong></span> 
     </span>
    </p>
   </div>
   <div class='ocr_carea' id='block_1_82' title="bbox 2202 3746 3781 3820">
    <p class='ocr_par' dir='ltr' id='par_1_82' title="bbox 2202 3746 3781 3820">
     <span class='ocr_line' id='line_1_82' title="bbox 2202 3746 3781 3820; baseline -0.003 -16"><span class='ocrx_word' id='word_1_601' title='bbox 2202 3755 2463 3806; x_wconf 80' lang='lat' dir='ltr'><strong>rersionis</strong></span> <span class='ocrx_word' id='word_1_602' title='bbox 2487 3756 2730 3806; x_wconf 88' lang='lat' dir='ltr'><strong>umbram</strong></span> <span class='ocrx_word' id='word_1_603' title='bbox 2764 3754 3009 3806; x_wconf 87' lang='lat' dir='ltr'><strong>nesciens</strong></span> <span class='ocrx_word' id='word_1_604' title='bbox 3033 3754 3137 3820; x_wconf 88' lang='lat' dir='ltr'><strong>pati</strong></span> <span class='ocrx_word' id='word_1_605' title='bbox 3165 3772 3176 3804; x_wconf 91' lang='lat'>:</span> <span class='ocrx_word' id='word_1_606' title='bbox 3215 3752 3314 3804; x_wconf 76' lang='lat' dir='ltr'><strong>fixa</strong></span> <span class='ocrx_word' id='word_1_607' title='bbox 3345 3760 3424 3804; x_wconf 89' lang='lat' dir='ltr'><strong>est</strong></span> <span class='ocrx_word' id='word_1_608' title='bbox 3453 3746 3600 3799; x_wconf 84' lang='lat' dir='ltr'><strong>enim</strong></span> <span class='ocrx_word' id='word_1_609' title='bbox 3630 3762 3781 3799; x_wconf 61' lang='lat' dir='ltr'><strong>st-m-</strong></span> 
     </span>
    </p>
   </div>
   <div class='ocr_carea' id='block_1_83' title="bbox 2199 3841 3503 3909">
    <p class='ocr_par' dir='ltr' id='par_1_83' title="bbox 2199 3841 3503 3909">
     <span class='ocr_line' id='line_1_83' title="bbox 2199 3841 3503 3909; baseline -0.005 -15"><span class='ocrx_word' id='word_1_610' title='bbox 2199 3857 2292 3909; x_wconf 88' lang='lat' dir='ltr'><strong>per</strong></span> <span class='ocrx_word' id='word_1_611' title='bbox 2319 3843 2370 3892; x_wconf 93' lang='lat' dir='ltr'><strong>in</strong></span> <span class='ocrx_word' id='word_1_612' title='bbox 2398 3843 2510 3894; x_wconf 87' lang='lat' dir='ltr'><strong>suis</strong></span> <span class='ocrx_word' id='word_1_613' title='bbox 2541 3857 2771 3906; x_wconf 87' lang='lat' dir='ltr'><strong>superna</strong></span> <span class='ocrx_word' id='word_1_614' title='bbox 2807 3842 2892 3892; x_wconf 86' lang='lat' dir='ltr'><strong>illa</strong></span> <span class='ocrx_word' id='word_1_615' title='bbox 2923 3841 3265 3907; x_wconf 81' lang='lat' dir='ltr'><strong>ccelestisque</strong></span> <span class='ocrx_word' id='word_1_616' title='bbox 3299 3848 3503 3891; x_wconf 89' lang='lat' dir='ltr'><strong>natura.</strong></span> 
     </span>
    </p>
   </div>
   <div class='ocr_carea' id='block_1_84' title="bbox 2268 3927 3779 3999">
    <p class='ocr_par' dir='ltr' id='par_1_84' title="bbox 2268 3927 3779 3999">
     <span class='ocr_line' id='line_1_84' title="bbox 2268 3927 3779 3999; baseline -0.002 -18"><span class='ocrx_word' id='word_1_617' title='bbox 2268 3933 2546 3996; x_wconf 81' lang='lat' dir='ltr'><strong>Quomodo</strong></span> <span class='ocrx_word' id='word_1_618' title='bbox 2597 3933 2759 3999; x_wconf 81' lang='lat' dir='ltr'><strong>igitur</strong></span> <span class='ocrx_word' id='word_1_619' title='bbox 2799 3933 3033 3985; x_wconf 83' lang='lat' dir='ltr'><strong>Verbum</strong></span> <span class='ocrx_word' id='word_1_620' title='bbox 3064 3948 3188 3986; x_wconf 81' lang='lat' dir='ltr'><strong>Caro</strong></span> <span class='ocrx_word' id='word_1_621' title='bbox 3236 3930 3436 3983; x_wconf 77' lang='lat' dir='ltr'><strong>factum</strong></span> <span class='ocrx_word' id='word_1_622' title='bbox 3465 3928 3558 3991; x_wconf 89' lang='lat' dir='ltr'><strong>sit,</strong></span> <span class='ocrx_word' id='word_1_623' title='bbox 3591 3927 3779 3978; x_wconf 79' lang='lat' dir='ltr'><strong>videre</strong></span> 
     </span>
    </p>
   </div>
   <div class='ocr_carea' id='block_1_85' title="bbox 2200 4019 3776 4091">
    <p class='ocr_par' dir='ltr' id='par_1_85' title="bbox 2200 4019 3776 4091">
     <span class='ocr_line' id='line_1_85' title="bbox 2200 4019 3776 4091; baseline -0.004 -17"><span class='ocrx_word' id='word_1_624' title='bbox 2200 4038 2419 4077; x_wconf 86' lang='lat' dir='ltr'><strong>necesse</strong></span> <span class='ocrx_word' id='word_1_625' title='bbox 2443 4033 2544 4076; x_wconf 89' lang='lat' dir='ltr'><strong>est.</strong></span> <span class='ocrx_word' id='word_1_626' title='bbox 2571 4023 2804 4076; x_wconf 88' lang='lat' dir='ltr'><strong>Primum</strong></span> <span class='ocrx_word' id='word_1_627' title='bbox 2828 4025 3041 4091; x_wconf 87' lang='lat' dir='ltr'><strong>quidem</strong></span> <span class='ocrx_word' id='word_1_628' title='bbox 3063 4023 3231 4075; x_wconf 79' lang='lat' dir='ltr'><strong>divina</strong></span> <span class='ocrx_word' id='word_1_629' title='bbox 3252 4019 3539 4086; x_wconf 83' lang='lat' dir='ltr'><strong>Scriptura</strong></span> <span class='ocrx_word' id='word_1_630' title='bbox 3559 4033 3776 4070; x_wconf 78' lang='lat' dir='ltr'><strong>carnem</strong></span> 
     </span>
    </p>
   </div>
   <div class='ocr_carea' id='block_1_86' title="bbox 2202 4109 3778 4183">
    <p class='ocr_par' dir='ltr' id='par_1_86' title="bbox 2202 4109 3778 4183">
     <span class='ocr_line' id='line_1_86' title="bbox 2202 4109 3778 4183; baseline -0.002 -20"><span class='ocrx_word' id='word_1_631' title='bbox 2202 4115 2514 4183; x_wconf 88' lang='lat' dir='ltr'><strong>plerumque</strong></span> <span class='ocrx_word' id='word_1_632' title='bbox 2540 4116 2779 4167; x_wconf 86' lang='lat' dir='ltr'><strong>nominat</strong></span> <span class='ocrx_word' id='word_1_633' title='bbox 2807 4114 3099 4178; x_wconf 87' lang='lat' dir='ltr'><strong>hominem,</strong></span> <span class='ocrx_word' id='word_1_634' title='bbox 3129 4120 3181 4165; x_wconf 86' lang='lat' dir='ltr'><strong>et</strong></span> <span class='ocrx_word' id='word_1_635' title='bbox 3211 4111 3358 4179; x_wconf 84' lang='lat' dir='ltr'><strong>quasi</strong></span> <span class='ocrx_word' id='word_1_636' title='bbox 3382 4127 3447 4164; x_wconf 80' lang='lat' dir='ltr'><strong>ex</strong></span> <span class='ocrx_word' id='word_1_637' title='bbox 3487 4120 3642 4177; x_wconf 87' lang='lat' dir='ltr'><strong>parte</strong></span> <span class='ocrx_word' id='word_1_638' title='bbox 3664 4109 3778 4161; x_wconf 87' lang='lat' dir='ltr'><strong>ani-</strong></span> 
     </span>
    </p>
   </div>
   <div class='ocr_carea' id='block_1_87' title="bbox 2203 4204 3772 4275">
    <p class='ocr_par' dir='ltr' id='par_1_87' title="bbox 2203 4204 3772 4275">
     <span class='ocr_line' id='line_1_87' title="bbox 2203 4204 3772 4275; baseline -0.004 -17"><span class='ocrx_word' id='word_1_639' title='bbox 2203 4207 2356 4260; x_wconf 90' lang='lat' dir='ltr'><strong>malis</strong></span> <span class='ocrx_word' id='word_1_640' title='bbox 2391 4209 2556 4261; x_wconf 91' lang='lat' dir='ltr'><strong>totius</strong></span> <span class='ocrx_word' id='word_1_641' title='bbox 2589 4207 3036 4275; x_wconf 75' lang='lat' dir='ltr'><strong>signiﬁcationem</strong></span> <span class='ocrx_word' id='word_1_642' title='bbox 3077 4205 3224 4266; x_wconf 79' lang='lat' dir='ltr'><strong>facit,</strong></span> <span class='ocrx_word' id='word_1_643' title='bbox 3267 4219 3366 4256; x_wconf 90' lang='lat' dir='ltr'><strong>nec</strong></span> <span class='ocrx_word' id='word_1_644' title='bbox 3410 4217 3520 4254; x_wconf 88' lang='lat' dir='ltr'><strong>non</strong></span> <span class='ocrx_word' id='word_1_645' title='bbox 3551 4204 3713 4256; x_wconf 89' lang='lat' dir='ltr'><strong>etiam</strong></span> <span class='ocrx_word' id='word_1_646' title='bbox 3746 4217 3772 4251; x_wconf 90' lang='lat' dir='ltr'><strong>a</strong></span> 
     </span>
    </p>
   </div>
   <div class='ocr_carea' id='block_1_88' title="bbox 2203 4297 3776 4364">
    <p class='ocr_par' dir='ltr' id='par_1_88' title="bbox 2203 4297 3776 4364">
     <span class='ocr_line' id='line_1_88' title="bbox 2203 4297 3776 4364; baseline -0.005 -12"><span class='ocrx_word' id='word_1_647' title='bbox 2203 4300 2313 4352; x_wconf 86' lang='lat' dir='ltr'><strong>sola</strong></span> <span class='ocrx_word' id='word_1_648' title='bbox 2344 4301 2518 4352; x_wconf 88' lang='lat' dir='ltr'><strong>anima</strong></span> <span class='ocrx_word' id='word_1_649' title='bbox 2544 4299 2812 4352; x_wconf 86' lang='lat' dir='ltr'><strong>interdum</strong></span> <span class='ocrx_word' id='word_1_650' title='bbox 2855 4299 3188 4350; x_wconf 87' lang='lat' dir='ltr'><strong>tantumdem</strong></span> <span class='ocrx_word' id='word_1_651' title='bbox 3227 4299 3366 4364; x_wconf 79' lang='lat' dir='ltr'><strong>agit;</strong></span> <span class='ocrx_word' id='word_1_652' title='bbox 3400 4297 3660 4362; x_wconf 86' lang='lat' dir='ltr'><strong>scriptum</strong></span> <span class='ocrx_word' id='word_1_653' title='bbox 3692 4303 3776 4345; x_wconf 83' lang='lat' dir='ltr'><strong>est</strong></span> 
     </span>
    </p>
   </div>
   <div class='ocr_carea' id='block_1_89' title="bbox 2202 4385 3775 4454">
    <p class='ocr_par' dir='ltr' id='par_1_89' title="bbox 2202 4385 3775 4454">
     <span class='ocr_line' id='line_1_89' title="bbox 2202 4385 3775 4454; baseline -0.006 -12"><span class='ocrx_word' id='word_1_654' title='bbox 2202 4390 2344 4442; x_wconf 83' lang='lat' dir='ltr'><strong>enim</strong></span> <span class='ocrx_word' id='word_1_655' title='bbox 2370 4390 2509 4454; x_wconf 89' lang='lat' dir='ltr'><strong>quod</strong></span> <span class='ocrx_word' id='word_1_656' title='bbox 2543 4408 2560 4438; x_wconf 86' lang='grc'><strong>‹</strong></span> <span class='ocrx_word' id='word_1_657' title='bbox 2597 4389 2808 4442; x_wconf 83' lang='lat' dir='ltr'><strong>Videbit</strong></span> <span class='ocrx_word' id='word_1_658' title='bbox 2845 4388 3024 4442; x_wconf 90' lang='lat' dir='ltr'><strong>omnis</strong></span> <span class='ocrx_word' id='word_1_659' title='bbox 3051 4403 3180 4440; x_wconf 86' lang='lat' dir='ltr'><strong>caro</strong></span> <span class='ocrx_word' id='word_1_660' title='bbox 3209 4388 3448 4440; x_wconf 87' lang='lat' dir='ltr'><strong>salutare</strong></span> <span class='ocrx_word' id='word_1_661' title='bbox 3475 4386 3568 4439; x_wconf 82' lang='lat' dir='ltr'><strong>Dei</strong></span> <span class='ocrx_word' id='word_1_662' title='bbox 3595 4387 3635 4436; x_wconf 84' lang='grc'><strong>¹.</strong></span> <span class='ocrx_word' id='word_1_663' title='bbox 3669 4403 3686 4434; x_wconf 77' lang='grc' dir='ltr'><strong>ι</strong></span> <span class='ocrx_word' id='word_1_664' title='bbox 3713 4385 3775 4436; x_wconf 84' lang='lat' dir='ltr'><strong>Et</strong></span> 
     </span>
    </p>
   </div>
   <div class='ocr_carea' id='block_1_90' title="bbox 535 4473 3772 4566">
    <p class='ocr_par' dir='ltr' id='par_1_90' title="bbox 535 4473 3772 4566">
     <span class='ocr_line' id='line_1_90' title="bbox 535 4473 3772 4566; baseline -0 -40"><span class='ocrx_word' id='word_1_665' title='bbox 535 4495 553 4526; x_wconf 74' lang='grc' dir='ltr'><strong>ι</strong></span> <span class='ocrx_word' id='word_1_666' title='bbox 587 4475 751 4528; x_wconf 84' lang='lat' dir='ltr'><strong>semel</strong></span> <span class='ocrx_word' id='word_1_667' title='bbox 777 4476 826 4528; x_wconf 89' lang='lat' dir='ltr'><strong>in</strong></span> <span class='ocrx_word' id='word_1_668' title='bbox 861 4481 1322 4532; x_wconf 88' lang='lat' dir='ltr'><strong>consummatione</strong></span> <span class='ocrx_word' id='word_1_669' title='bbox 1349 4480 1687 4544; x_wconf 62' lang='lat' dir='ltr'><strong>saeculorum,</strong></span> <span class='ocrx_word' id='word_1_670' title='bbox 1713 4481 1761 4532; x_wconf 91' lang='lat' dir='ltr'><strong>in</strong></span> <span class='ocrx_word' id='word_1_671' title='bbox 1789 4482 2102 4535; x_wconf 84' lang='lat' dir='ltr'><strong>destruetio-</strong></span> <span class='ocrx_word' id='word_1_672' title='bbox 2134 4515 2176 4566; x_wconf 73' lang='lat' dir='ltr'><strong>D</strong></span> <span class='ocrx_word' id='word_1_673' title='bbox 2207 4483 2320 4549; x_wconf 85' lang='lat' dir='ltr'><strong>ipse</strong></span> <span class='ocrx_word' id='word_1_674' title='bbox 2349 4481 2558 4533; x_wconf 85' lang='lat' dir='ltr'><strong>divinus</strong></span> <span class='ocrx_word' id='word_1_675' title='bbox 2599 4479 2792 4533; x_wconf 80' lang='lat' dir='ltr'><strong>Paulus</strong></span> <span class='ocrx_word' id='word_1_676' title='bbox 2820 4499 2834 4534; x_wconf 90' lang='lat'><strong>:</strong></span> <span class='ocrx_word' id='word_1_677' title='bbox 2879 4499 2895 4530; x_wconf 76' lang='grc' dir='ltr'><strong>ι</strong></span> <span class='ocrx_word' id='word_1_678' title='bbox 2934 4479 3047 4531; x_wconf 72' lang='lat' dir='ltr'><strong>Non</strong></span> <span class='ocrx_word' id='word_1_679' title='bbox 3077 4478 3347 4539; x_wconf 81' lang='lat' dir='ltr'><strong>consensi,</strong></span> <span class='ocrx_word' id='word_1_680' title='bbox 3391 4477 3583 4545; x_wconf 88' lang='lat' dir='ltr'><strong>inquit,</strong></span> <span class='ocrx_word' id='word_1_681' title='bbox 3629 4473 3772 4527; x_wconf 76' lang='lat' dir='ltr'><strong>carni</strong></span> 
     </span>
    </p>
   </div>
   <div class='ocr_carea' id='block_1_91' title="bbox 533 4567 2093 4638">
    <p class='ocr_par' dir='ltr' id='par_1_91' title="bbox 533 4567 2093 4638">
     <span class='ocr_line' id='line_1_91' title="bbox 533 4567 2093 4638; baseline 0.004 -22"><span class='ocrx_word' id='word_1_682' title='bbox 533 4579 652 4618; x_wconf 88' lang='lat' dir='ltr'><strong>nem</strong></span> <span class='ocrx_word' id='word_1_683' title='bbox 673 4568 898 4632; x_wconf 88' lang='lat' dir='ltr'><strong>peccati,</strong></span> <span class='ocrx_word' id='word_1_684' title='bbox 916 4583 1011 4636; x_wconf 91' lang='lat' dir='ltr'><strong>per</strong></span> <span class='ocrx_word' id='word_1_685' title='bbox 1029 4567 1256 4621; x_wconf 86' lang='lat' dir='ltr'><strong>hostiam</strong></span> <span class='ocrx_word' id='word_1_686' title='bbox 1282 4584 1431 4622; x_wconf 90' lang='lat' dir='ltr'><strong>suam</strong></span> <span class='ocrx_word' id='word_1_687' title='bbox 1451 4570 1646 4623; x_wconf 87' lang='lat' dir='ltr'><strong>dicitur</strong></span> <span class='ocrx_word' id='word_1_688' title='bbox 1663 4571 1972 4638; x_wconf 72' lang='lat' dir='ltr'><strong>apparuisse</strong></span> <span class='ocrx_word' id='word_1_689' title='bbox 1995 4573 2093 4624; x_wconf 62' lang='lat'><strong>’5?»</strong></span> 
     </span>
    </p>
   </div>
   <div class='ocr_carea' id='block_1_92' title="bbox 532 4658 2097 4729">
    <p class='ocr_par' dir='ltr' id='par_1_92' title="bbox 532 4658 2097 4729">
     <span class='ocr_line' id='line_1_92' title="bbox 532 4658 2097 4729; baseline 0.003 -20"><span class='ocrx_word' id='word_1_690' title='bbox 532 4658 810 4721; x_wconf 86' lang='lat' dir='ltr'><strong>Quomodo</strong></span> <span class='ocrx_word' id='word_1_691' title='bbox 850 4671 1027 4712; x_wconf 88' lang='lat' dir='ltr'><strong>autem</strong></span> <span class='ocrx_word' id='word_1_692' title='bbox 1061 4675 1222 4712; x_wconf 88' lang='lat' dir='ltr'><strong>unum</strong></span> <span class='ocrx_word' id='word_1_693' title='bbox 1262 4662 1413 4713; x_wconf 85' lang='lat' dir='ltr'><strong>nobis</strong></span> <span class='ocrx_word' id='word_1_694' title='bbox 1456 4661 1614 4714; x_wconf 88' lang='lat' dir='ltr'><strong>Verbi</strong></span> <span class='ocrx_word' id='word_1_695' title='bbox 1651 4663 1934 4716; x_wconf 89' lang='lat' dir='ltr'><strong>adventum</strong></span> <span class='ocrx_word' id='word_1_696' title='bbox 1965 4679 2097 4729; x_wconf 55' lang='lat' dir='ltr'><strong>pra?-</strong></span> 
     </span>
    </p>
   </div>
   <div class='ocr_carea' id='block_1_93' title="bbox 528 4749 2091 4822">
    <p class='ocr_par' dir='ltr' id='par_1_93' title="bbox 528 4749 2091 4822">
     <span class='ocr_line' id='line_1_93' title="bbox 528 4749 2091 4822; baseline 0.006 -23"><span class='ocrx_word' id='word_1_697' title='bbox 528 4749 713 4804; x_wconf 85' lang='lat' dir='ltr'><strong>dicant</strong></span> <span class='ocrx_word' id='word_1_698' title='bbox 736 4751 930 4805; x_wconf 73' lang='lat' dir='ltr'><strong>divinae</strong></span> <span class='ocrx_word' id='word_1_699' title='bbox 965 4751 1276 4820; x_wconf 76' lang='lat' dir='ltr'><strong>Scripturte,</strong></span> <span class='ocrx_word' id='word_1_700' title='bbox 1305 4753 1347 4804; x_wconf 89' lang='lat' dir='ltr'><strong>si</strong></span> <span class='ocrx_word' id='word_1_701' title='bbox 1380 4753 1635 4822; x_wconf 72' lang='grc' dir='ltr'>θεοφόρος</span> <span class='ocrx_word' id='word_1_702' title='bbox 1671 4765 1786 4807; x_wconf 90' lang='lat' dir='ltr'><strong>erat</strong></span> <span class='ocrx_word' id='word_1_703' title='bbox 1815 4756 2012 4809; x_wconf 88' lang='lat' dir='ltr'><strong>homo?</strong></span> <span class='ocrx_word' id='word_1_704' title='bbox 2039 4755 2091 4809; x_wconf 91' lang='lat' dir='ltr'><strong>Si</strong></span> 
     </span>
    </p>
   </div>
   <div class='ocr_carea' id='block_1_94' title="bbox 531 4841 2096 4910">
    <p class='ocr_par' dir='ltr' id='par_1_94' title="bbox 531 4841 2096 4910">
     <span class='ocr_line' id='line_1_94' title="bbox 531 4841 2096 4910; baseline 0.004 -17"><span class='ocrx_word' id='word_1_705' title='bbox 531 4841 783 4910; x_wconf 87' lang='lat' dir='ltr'><strong>templum</strong></span> <span class='ocrx_word' id='word_1_706' title='bbox 814 4852 867 4895; x_wconf 91' lang='lat' dir='ltr'><strong>et</strong></span> <span class='ocrx_word' id='word_1_707' title='bbox 895 4845 1008 4910; x_wconf 88' lang='lat' dir='ltr'><strong>ipse</strong></span> <span class='ocrx_word' id='word_1_708' title='bbox 1035 4843 1206 4896; x_wconf 81' lang='lat' dir='ltr'><strong>factus</strong></span> <span class='ocrx_word' id='word_1_709' title='bbox 1232 4854 1314 4896; x_wconf 88' lang='lat' dir='ltr'><strong>est</strong></span> <span class='ocrx_word' id='word_1_710' title='bbox 1339 4843 1453 4907; x_wconf 79' lang='lat' dir='ltr'><strong>Dei,</strong></span> <span class='ocrx_word' id='word_1_711' title='bbox 1496 4845 1761 4910; x_wconf 87' lang='lat' dir='ltr'><strong>quomodo</strong></span> <span class='ocrx_word' id='word_1_712' title='bbox 1783 4858 1835 4899; x_wconf 91' lang='lat' dir='ltr'><strong>et</strong></span> <span class='ocrx_word' id='word_1_713' title='bbox 1867 4848 1915 4898; x_wconf 93' lang='lat' dir='ltr'><strong>in</strong></span> <span class='ocrx_word' id='word_1_714' title='bbox 1947 4848 2096 4900; x_wconf 89' lang='lat' dir='ltr'><strong>nobis</strong></span> 
     </span>
    </p>
   </div>
   <div class='ocr_carea' id='block_1_95' title="bbox 529 4932 2098 5006">
    <p class='ocr_par' dir='ltr' id='par_1_95' title="bbox 529 4932 2098 5006">
     <span class='ocr_line' id='line_1_95' title="bbox 529 4932 2098 5006; baseline 0.004 -22"><span class='ocrx_word' id='word_1_715' title='bbox 529 4933 690 4986; x_wconf 88' lang='lat' dir='ltr'><strong>etiam</strong></span> <span class='ocrx_word' id='word_1_716' title='bbox 740 4932 989 4986; x_wconf 89' lang='lat' dir='ltr'><strong>Christus</strong></span> <span class='ocrx_word' id='word_1_717' title='bbox 1021 4935 1147 4987; x_wconf 88' lang='lat' dir='ltr'><strong>est?</strong></span> <span class='ocrx_word' id='word_1_718' title='bbox 1196 4933 1414 4988; x_wconf 89' lang='lat' dir='ltr'><strong>Sicutne</strong></span> <span class='ocrx_word' id='word_1_719' title='bbox 1461 4935 1713 5002; x_wconf 89' lang='lat' dir='ltr'><strong>templum</strong></span> <span class='ocrx_word' id='word_1_720' title='bbox 1760 4937 1811 4989; x_wconf 93' lang='lat' dir='ltr'><strong>in</strong></span> <span class='ocrx_word' id='word_1_721' title='bbox 1852 4939 2098 5006; x_wconf 88' lang='lat' dir='ltr'><strong>templis?</strong></span> 
     </span>
    </p>
   </div>
   <div class='ocr_carea' id='block_1_96' title="bbox 529 5022 2093 5094">
    <p class='ocr_par' dir='ltr' id='par_1_96' title="bbox 529 5022 2093 5094">
     <span class='ocr_line' id='line_1_96' title="bbox 529 5022 2093 5094; baseline 0.003 -18"><span class='ocrx_word' id='word_1_722' title='bbox 529 5025 609 5077; x_wconf 80' lang='lat' dir='ltr'><strong>An</strong></span> <span class='ocrx_word' id='word_1_723' title='bbox 639 5032 698 5077; x_wconf 92' lang='lat' dir='ltr'><strong>ut</strong></span> <span class='ocrx_word' id='word_1_724' title='bbox 727 5022 868 5077; x_wconf 90' lang='lat' dir='ltr'><strong>Deus</strong></span> <span class='ocrx_word' id='word_1_725' title='bbox 899 5024 1069 5094; x_wconf 86' lang='lat' dir='ltr'><strong>magis</strong></span> <span class='ocrx_word' id='word_1_726' title='bbox 1093 5024 1144 5077; x_wconf 94' lang='lat' dir='ltr'><strong>iu</strong></span> <span class='ocrx_word' id='word_1_727' title='bbox 1174 5027 1384 5093; x_wconf 89' lang='lat' dir='ltr'><strong>templis</strong></span> <span class='ocrx_word' id='word_1_728' title='bbox 1412 5042 1506 5093; x_wconf 87' lang='lat' dir='ltr'><strong>per</strong></span> <span class='ocrx_word' id='word_1_729' title='bbox 1536 5024 1840 5094; x_wconf 87' lang='lat' dir='ltr'><strong>Spiritum?</strong></span> <span class='ocrx_word' id='word_1_730' title='bbox 1880 5029 1933 5081; x_wconf 88' lang='lat' dir='ltr'><strong>Si</strong></span> <span class='ocrx_word' id='word_1_731' title='bbox 1977 5029 2093 5081; x_wconf 76' lang='lat' dir='ltr'><strong>Osc-</strong></span> 
     </span>
    </p>
   </div>
   <div class='ocr_carea' id='block_1_97' title="bbox 531 5112 2095 5184">
    <p class='ocr_par' dir='ltr' id='par_1_97' title="bbox 531 5112 2095 5184">
     <span class='ocr_line' id='line_1_97' title="bbox 531 5112 2095 5184; baseline 0.004 -21"><span class='ocrx_word' id='word_1_732' title='bbox 531 5112 694 5183; x_wconf 77' lang='grc' dir='ltr'>φόρος</span> <span class='ocrx_word' id='word_1_733' title='bbox 732 5122 849 5165; x_wconf 87' lang='lat' dir='ltr'><strong>erat</strong></span> <span class='ocrx_word' id='word_1_734' title='bbox 879 5115 1058 5179; x_wconf 90' lang='lat' dir='ltr'><strong>homo,</strong></span> <span class='ocrx_word' id='word_1_735' title='bbox 1093 5129 1189 5166; x_wconf 90' lang='lat' dir='ltr'><strong>cur</strong></span> <span class='ocrx_word' id='word_1_736' title='bbox 1232 5127 1313 5167; x_wconf 90' lang='lat' dir='ltr'><strong>est</strong></span> <span class='ocrx_word' id='word_1_737' title='bbox 1341 5116 1507 5168; x_wconf 89' lang='lat' dir='ltr'><strong>solius</strong></span> <span class='ocrx_word' id='word_1_738' title='bbox 1546 5116 1710 5184; x_wconf 87' lang='lat' dir='ltr'><strong>ipsius</strong></span> <span class='ocrx_word' id='word_1_739' title='bbox 1737 5132 1931 5184; x_wconf 84' lang='lat' dir='ltr'><strong>corpus</strong></span> <span class='ocrx_word' id='word_1_740' title='bbox 1964 5117 2095 5170; x_wconf 71' lang='lat' dir='ltr'><strong>vivi-</strong></span> 
     </span>
    </p>
   </div>
   <div class='ocr_carea' id='block_1_98' title="bbox 536 5202 2094 5288">
    <p class='ocr_par' dir='ltr' id='par_1_98' title="bbox 536 5202 2094 5288">
     <span class='ocr_line' id='line_1_98' title="bbox 536 5202 2094 5288; baseline 0.005 -34"><span class='ocrx_word' id='word_1_741' title='bbox 536 5203 739 5288; x_wconf 67' lang='lat' dir='ltr'><strong>licunt?</strong></span> <span class='ocrx_word' id='word_1_742' title='bbox 794 5202 1116 5273; x_wconf 84' lang='lat' dir='ltr'><strong>Oportuerat</strong></span> <span class='ocrx_word' id='word_1_743' title='bbox 1187 5207 1330 5260; x_wconf 89' lang='lat' dir='ltr'><strong>enim</strong></span> <span class='ocrx_word' id='word_1_744' title='bbox 1381 5207 1610 5260; x_wconf 87' lang='lat' dir='ltr'><strong>aliorum</strong></span> <span class='ocrx_word' id='word_1_745' title='bbox 1668 5210 1827 5261; x_wconf 87' lang='lat' dir='ltr'><strong>etiam</strong></span> <span class='ocrx_word' id='word_1_746' title='bbox 1873 5226 2094 5278; x_wconf 88' lang='lat' dir='ltr'><strong>corpora</strong></span> 
     </span>
    </p>
   </div>
   <div class='ocr_carea' id='block_1_99' title="bbox 2209 4563 3772 4640">
    <p class='ocr_par' dir='ltr' id='par_1_99' title="bbox 2209 4563 3772 4640">
     <span class='ocr_line' id='line_1_99' title="bbox 2209 4563 3772 4640; baseline -0.004 -18"><span class='ocrx_word' id='word_1_747' title='bbox 2209 4581 2262 4626; x_wconf 74' lang='lat' dir='ltr'><strong>et</strong></span> <span class='ocrx_word' id='word_1_748' title='bbox 2283 4572 2531 4640; x_wconf 80' lang='lat' dir='ltr'><strong>sanguini</strong></span> <span class='ocrx_word' id='word_1_749' title='bbox 2557 4574 2598 4626; x_wconf 82' lang='lat'><strong>’.</strong></span> <span class='ocrx_word' id='word_1_750' title='bbox 2627 4591 2644 4622; x_wconf 74' lang='grc' dir='ltr'><strong>ι</strong></span> <span class='ocrx_word' id='word_1_751' title='bbox 2685 4572 2961 4625; x_wconf 84' lang='lat' dir='ltr'><strong>Allocutus</strong></span> <span class='ocrx_word' id='word_1_752' title='bbox 2986 4580 3066 4625; x_wconf 88' lang='lat' dir='ltr'><strong>est</strong></span> <span class='ocrx_word' id='word_1_753' title='bbox 3096 4581 3276 4623; x_wconf 91' lang='lat' dir='ltr'><strong>autem</strong></span> <span class='ocrx_word' id='word_1_754' title='bbox 3304 4563 3397 4624; x_wconf 86' lang='lat' dir='ltr'><strong>eos</strong></span> <span class='ocrx_word' id='word_1_755' title='bbox 3432 4570 3521 4636; x_wconf 89' lang='lat' dir='ltr'><strong>qui</strong></span> <span class='ocrx_word' id='word_1_756' title='bbox 3551 4576 3677 4619; x_wconf 90' lang='lat' dir='ltr'><strong>sunt</strong></span> <span class='ocrx_word' id='word_1_757' title='bbox 3707 4579 3772 4617; x_wconf 78' lang='lat' dir='ltr'><strong>ex</strong></span> 
     </span>
    </p>
   </div>
   <div class='ocr_carea' id='block_1_100' title="bbox 2209 4661 3776 4732">
    <p class='ocr_par' dir='ltr' id='par_1_100' title="bbox 2209 4661 3776 4732">
     <span class='ocr_line' id='line_1_100' title="bbox 2209 4661 3776 4732; baseline -0.003 -17"><span class='ocrx_word' id='word_1_758' title='bbox 2209 4664 2370 4717; x_wconf 88' lang='lat' dir='ltr'><strong>lsrael</strong></span> <span class='ocrx_word' id='word_1_759' title='bbox 2399 4665 2634 4730; x_wconf 75' lang='lat' dir='ltr'><strong>pontifex</strong></span> <span class='ocrx_word' id='word_1_760' title='bbox 2663 4665 2869 4732; x_wconf 79' lang='lat' dir='ltr'><strong>Moyses</strong></span> <span class='ocrx_word' id='word_1_761' title='bbox 2902 4683 2914 4718; x_wconf 89' lang='lat'><strong>:</strong></span> <span class='ocrx_word' id='word_1_762' title='bbox 2954 4683 2972 4715; x_wconf 77' lang='grc' dir='ltr'><strong>ι</strong></span> <span class='ocrx_word' id='word_1_763' title='bbox 3004 4663 3061 4716; x_wconf 88' lang='lat' dir='ltr'><strong>In</strong></span> <span class='ocrx_word' id='word_1_764' title='bbox 3085 4662 3429 4731; x_wconf 83' lang='lat' dir='ltr'><strong>septuaginta</strong></span> <span class='ocrx_word' id='word_1_765' title='bbox 3455 4671 3509 4713; x_wconf 89' lang='lat' dir='ltr'><strong>et</strong></span> <span class='ocrx_word' id='word_1_766' title='bbox 3541 4661 3776 4729; x_wconf 79' lang='lat' dir='ltr'><strong>quinque</strong></span> 
     </span>
    </p>
   </div>
   <div class='ocr_carea' id='block_1_101' title="bbox 2202 4751 3769 4823">
    <p class='ocr_par' dir='ltr' id='par_1_101' title="bbox 2202 4751 3769 4823">
     <span class='ocr_line' id='line_1_101' title="bbox 2202 4751 3769 4823; baseline -0.005 -16"><span class='ocrx_word' id='word_1_767' title='bbox 2202 4757 2482 4808; x_wconf 89' lang='lat' dir='ltr'><strong>animabus</strong></span> <span class='ocrx_word' id='word_1_768' title='bbox 2510 4757 2898 4809; x_wconf 75' lang='lat' dir='ltr'><strong>descenderunt</strong></span> <span class='ocrx_word' id='word_1_769' title='bbox 2941 4767 3118 4823; x_wconf 90' lang='lat' dir='ltr'><strong>patres</strong></span> <span class='ocrx_word' id='word_1_770' title='bbox 3154 4755 3227 4808; x_wconf 88' lang='lat' dir='ltr'><strong>ltti</strong></span> <span class='ocrx_word' id='word_1_771' title='bbox 3273 4756 3324 4806; x_wconf 93' lang='lat' dir='ltr'><strong>iu</strong></span> <span class='ocrx_word' id='word_1_772' title='bbox 3359 4752 3653 4822; x_wconf 59' lang='lat' dir='ltr'><strong>[Egyptum</strong></span> <span class='ocrx_word' id='word_1_773' title='bbox 3677 4751 3716 4802; x_wconf 83' lang='grc'><strong>³.</strong></span> <span class='ocrx_word' id='word_1_774' title='bbox 3753 4769 3769 4799; x_wconf 73' lang='grc' dir='ltr'><strong>ι</strong></span> 
     </span>
    </p>
   </div>
   <div class='ocr_carea' id='block_1_102' title="bbox 2205 4841 3776 4916">
    <p class='ocr_par' dir='ltr' id='par_1_102' title="bbox 2205 4841 3776 4916">
     <span class='ocr_line' id='line_1_102' title="bbox 2205 4841 3776 4916; baseline -0.005 -18"><span class='ocrx_word' id='word_1_775' title='bbox 2205 4841 2444 4899; x_wconf 33' lang='grc' dir='ltr'><strong>διειιλιιοιι</strong></span> <span class='ocrx_word' id='word_1_776' title='bbox 2471 4847 2670 4899; x_wconf 86' lang='lat' dir='ltr'><strong>idcirco</strong></span> <span class='ocrx_word' id='word_1_777' title='bbox 2695 4846 2915 4911; x_wconf 82' lang='lat' dir='ltr'><strong>dixeris,</strong></span> <span class='ocrx_word' id='word_1_778' title='bbox 2944 4849 3087 4916; x_wconf 89' lang='lat' dir='ltr'><strong>quod</strong></span> <span class='ocrx_word' id='word_1_779' title='bbox 3119 4847 3274 4899; x_wconf 72' lang='lat' dir='ltr'><strong>multa</strong></span> <span class='ocrx_word' id='word_1_780' title='bbox 3297 4855 3352 4898; x_wconf 90' lang='lat' dir='ltr'><strong>et</strong></span> <span class='ocrx_word' id='word_1_781' title='bbox 3377 4845 3494 4898; x_wconf 87' lang='lat' dir='ltr'><strong>sine</strong></span> <span class='ocrx_word' id='word_1_782' title='bbox 3525 4843 3776 4897; x_wconf 85' lang='lat' dir='ltr'><strong>carnibus</strong></span> 
     </span>
    </p>
   </div>
   <div class='ocr_carea' id='block_1_103' title="bbox 2205 4931 3776 5007">
    <p class='ocr_par' dir='ltr' id='par_1_103' title="bbox 2205 4931 3776 5007">
     <span class='ocr_line' id='line_1_103' title="bbox 2205 4931 3776 5007; baseline -0.003 -17"><span class='ocrx_word' id='word_1_783' title='bbox 2205 4939 2395 4990; x_wconf 68' lang='lat' dir='ltr'><strong>anima:</strong></span> <span class='ocrx_word' id='word_1_784' title='bbox 2446 4939 2494 4990; x_wconf 91' lang='lat' dir='ltr'><strong>in</strong></span> <span class='ocrx_word' id='word_1_785' title='bbox 2552 4937 2836 5007; x_wconf 64' lang='lat' dir='ltr'><strong>Egyptnm</strong></span> <span class='ocrx_word' id='word_1_786' title='bbox 2879 4939 3281 5002; x_wconf 83' lang='lat' dir='ltr'><strong>descenderint;</strong></span> <span class='ocrx_word' id='word_1_787' title='bbox 3321 4947 3418 4989; x_wconf 88' lang='lat' dir='ltr'><strong>nec</strong></span> <span class='ocrx_word' id='word_1_788' title='bbox 3450 4949 3613 5004; x_wconf 90' lang='lat' dir='ltr'><strong>porro</strong></span> <span class='ocrx_word' id='word_1_789' title='bbox 3639 4931 3776 5000; x_wconf 88' lang='lat' dir='ltr'><strong>quod</strong></span> 
     </span>
    </p>
   </div>
   <div class='ocr_carea' id='block_1_104' title="bbox 2196 5014 3778 5096">
    <p class='ocr_par' dir='ltr' id='par_1_104' title="bbox 2196 5014 3778 5096">
     <span class='ocr_line' id='line_1_104' title="bbox 2196 5014 3778 5096; baseline -0.004 -16"><span class='ocrx_word' id='word_1_790' title='bbox 2196 5014 2451 5082; x_wconf 87' lang='lat' dir='ltr'><strong>inanimis</strong></span> <span class='ocrx_word' id='word_1_791' title='bbox 2506 5032 2844 5096; x_wconf 87' lang='lat' dir='ltr'><strong>corporibus,</strong></span> <span class='ocrx_word' id='word_1_792' title='bbox 2907 5039 2961 5082; x_wconf 91' lang='lat' dir='ltr'><strong>et</strong></span> <span class='ocrx_word' id='word_1_793' title='bbox 3020 5029 3150 5082; x_wconf 85' lang='lat' dir='ltr'><strong>solis</strong></span> <span class='ocrx_word' id='word_1_794' title='bbox 3206 5027 3491 5089; x_wconf 87' lang='lat' dir='ltr'><strong>carnibus,</strong></span> <span class='ocrx_word' id='word_1_795' title='bbox 3545 5025 3778 5078; x_wconf 83' lang='lat' dir='ltr'><strong>salutare</strong></span> 
     </span>
    </p>
   </div>
   <div class='ocr_carea' id='block_1_105' title="bbox 2203 5107 3778 5190">
    <p class='ocr_par' dir='ltr' id='par_1_105' title="bbox 2203 5107 3778 5190">
     <span class='ocr_line' id='line_1_105' title="bbox 2203 5107 3778 5190; baseline -0.005 -18"><span class='ocrx_word' id='word_1_796' title='bbox 2203 5135 2356 5172; x_wconf 90' lang='lat' dir='ltr'><strong>suum</strong></span> <span class='ocrx_word' id='word_1_797' title='bbox 2394 5107 2532 5172; x_wconf 82' lang='lat' dir='ltr'><strong>Deus</strong></span> <span class='ocrx_word' id='word_1_798' title='bbox 2567 5121 2868 5176; x_wconf 71' lang='lat' dir='ltr'><strong>indulserit.</strong></span> <span class='ocrx_word' id='word_1_799' title='bbox 2908 5120 3129 5186; x_wconf 88' lang='lat' dir='ltr'><strong>Quoties</strong></span> <span class='ocrx_word' id='word_1_800' title='bbox 3168 5121 3329 5190; x_wconf 86' lang='lat' dir='ltr'><strong>igitur</strong></span> <span class='ocrx_word' id='word_1_801' title='bbox 3362 5119 3615 5170; x_wconf 89' lang='lat' dir='ltr'><strong>audimus</strong></span> <span class='ocrx_word' id='word_1_802' title='bbox 3657 5131 3778 5169; x_wconf 86' lang='lat' dir='ltr'><strong>car-</strong></span> 
     </span>
    </p>
   </div>
   <div class='ocr_carea' id='block_1_106' title="bbox 2204 5209 3780 5279">
    <p class='ocr_par' dir='ltr' id='par_1_106' title="bbox 2204 5209 3780 5279">
     <span class='ocr_line' id='line_1_106' title="bbox 2204 5209 3780 5279; baseline -0.005 -15"><span class='ocrx_word' id='word_1_803' title='bbox 2204 5226 2324 5264; x_wconf 88' lang='lat' dir='ltr'><strong>nem</strong></span> <span class='ocrx_word' id='word_1_804' title='bbox 2357 5212 2554 5265; x_wconf 83' lang='lat' dir='ltr'><strong>l&#39;aetum</strong></span> <span class='ocrx_word' id='word_1_805' title='bbox 2587 5227 2705 5266; x_wconf 76' lang='lat' dir='ltr'><strong>esse</strong></span> <span class='ocrx_word' id='word_1_806' title='bbox 2738 5212 2994 5278; x_wconf 79' lang='lat' dir='ltr'><strong>Verbum,</strong></span> <span class='ocrx_word' id='word_1_807' title='bbox 3033 5212 3302 5265; x_wconf 89' lang='lat' dir='ltr'><strong>hominem</strong></span> <span class='ocrx_word' id='word_1_808' title='bbox 3335 5209 3685 5279; x_wconf 87' lang='lat' dir='ltr'><strong>intelligimus</strong></span> <span class='ocrx_word' id='word_1_809' title='bbox 3712 5221 3780 5257; x_wconf 75' lang='lat' dir='ltr'><strong>ex</strong></span> 
     </span>
    </p>
   </div>
   <div class='ocr_carea' id='block_1_107' title="bbox 604 5357 1665 5419">
    <p class='ocr_par' dir='ltr' id='par_1_107' title="bbox 604 5357 1665 5419">
     <span class='ocr_line' id='line_1_107' title="bbox 604 5357 1665 5419; baseline 0.008 -17"><span class='ocrx_word' id='word_1_810' title='bbox 604 5359 671 5388; x_wconf 61' lang='grc' dir='ltr'><strong>δ’·</strong></span> <span class='ocrx_word' id='word_1_811' title='bbox 706 5360 864 5415; x_wconf 82' lang='lat' dir='ltr'><strong>Joan.</strong></span> <span class='ocrx_word' id='word_1_812' title='bbox 895 5373 952 5418; x_wconf 87' lang='grc' dir='ltr'><strong>ιι,</strong></span> <span class='ocrx_word' id='word_1_813' title='bbox 985 5357 1078 5416; x_wconf 71' lang='grc'><strong>25.</strong></span> <span class='ocrx_word' id='word_1_814' title='bbox 1140 5358 1184 5388; x_wconf 77' lang='grc'>⁹⁰</span> <span class='ocrx_word' id='word_1_815' title='bbox 1205 5357 1347 5410; x_wconf 89' lang='lat' dir='ltr'><strong>Psal.</strong></span> <span class='ocrx_word' id='word_1_816' title='bbox 1377 5372 1550 5419; x_wconf 62' lang='grc' dir='ltr'><strong>χχιιι,</strong></span> <span class='ocrx_word' id='word_1_817' title='bbox 1584 5359 1665 5412; x_wconf 82' lang='grc'><strong>15.</strong></span> 
     </span>
    </p>
   </div>
   <div class='ocr_carea' id='block_1_108' title="bbox 533 5427 1018 5492">
    <p class='ocr_par' dir='ltr' id='par_1_108' title="bbox 533 5427 1018 5492">
     <span class='ocr_line' id='line_1_108' title="bbox 533 5427 1018 5492; baseline 0.006 -13"><span class='ocrx_word' id='word_1_818' title='bbox 533 5428 576 5457; x_wconf 69' lang='grc'>⁹³</span> <span class='ocrx_word' id='word_1_819' title='bbox 615 5427 776 5481; x_wconf 90' lang='lat' dir='ltr'><strong>llebr.</strong></span> <span class='ocrx_word' id='word_1_820' title='bbox 817 5444 893 5492; x_wconf 75' lang='grc' dir='ltr'><strong>ιι,</strong></span> <span class='ocrx_word' id='word_1_821' title='bbox 930 5427 1018 5482; x_wconf 69' lang='lat'><strong>26.</strong></span> 
     </span>
    </p>
   </div>
   <div class='ocr_carea' id='block_1_109' title="bbox 535 5496 980 5560">
    <p class='ocr_par' dir='ltr' id='par_1_109' title="bbox 535 5496 980 5560">
     <span class='ocr_line' id='line_1_109' title="bbox 535 5496 980 5560; baseline -0.009 -9"><span class='ocrx_word' id='word_1_822' title='bbox 535 5497 554 5525; x_wconf 82' lang='grc'><strong>²</strong></span> <span class='ocrx_word' id='word_1_823' title='bbox 594 5496 768 5552; x_wconf 82' lang='lat' dir='ltr'><strong>Galat.</strong></span> <span class='ocrx_word' id='word_1_824' title='bbox 811 5513 851 5560; x_wconf 85' lang='lat' dir='ltr'><strong>I,</strong></span> <span class='ocrx_word' id='word_1_825' title='bbox 894 5497 980 5548; x_wconf 86' lang='grc'><strong>16.</strong></span> 
     </span>
    </p>
   </div>
   <div class='ocr_carea' id='block_1_110' title="bbox 1742 5359 2188 5425">
    <p class='ocr_par' dir='ltr' id='par_1_110' title="bbox 1742 5359 2188 5425">
     <span class='ocr_line' id='line_1_110' title="bbox 1742 5359 2188 5425; baseline 0.011 -14"><span class='ocrx_word' id='word_1_826' title='bbox 1742 5361 1784 5391; x_wconf 83' lang='grc'><strong>⁹¹</strong></span> <span class='ocrx_word' id='word_1_827' title='bbox 1816 5359 2003 5413; x_wconf 81' lang='lat' dir='ltr'><strong>Matth.</strong></span> <span class='ocrx_word' id='word_1_828' title='bbox 2034 5378 2108 5425; x_wconf 70' lang='lat' dir='ltr'><strong>ts,</strong></span> <span class='ocrx_word' id='word_1_829' title='bbox 2137 5363 2188 5416; x_wconf 84' lang='lat'><strong>6.</strong></span> 
     </span>
    </p>
   </div>
   <div class='ocr_carea' id='block_1_111' title="bbox 1127 5427 2104 5494">
    <p class='ocr_par' dir='ltr' id='par_1_111' title="bbox 1127 5427 2104 5494">
     <span class='ocr_line' id='line_1_111' title="bbox 1127 5427 2104 5494; baseline 0.008 -16"><span class='ocrx_word' id='word_1_830' title='bbox 1127 5429 1172 5458; x_wconf 82' lang='lat'><strong>&quot;</strong></span> <span class='ocrx_word' id='word_1_831' title='bbox 1210 5427 1370 5482; x_wconf 86' lang='lat' dir='ltr'><strong>Hebr.</strong></span> <span class='ocrx_word' id='word_1_832' title='bbox 1431 5443 1484 5487; x_wconf 71' lang='grc' dir='ltr'><strong>χ,</strong></span> <span class='ocrx_word' id='word_1_833' title='bbox 1523 5429 1613 5494; x_wconf 67' lang='grc'><strong>28,</strong></span> <span class='ocrx_word' id='word_1_834' title='bbox 1657 5431 1746 5485; x_wconf 75' lang='lat'><strong>‘29.</strong></span> <span class='ocrx_word' id='word_1_835' title='bbox 1855 5432 1899 5462; x_wconf 79' lang='grc'><strong>⁹⁷</strong></span> <span class='ocrx_word' id='word_1_836' title='bbox 1945 5430 2104 5486; x_wconf 88' lang='lat' dir='ltr'><strong>Hebr.</strong></span> 
     </span>
    </p>
   </div>
   <div class='ocr_carea' id='block_1_112' title="bbox 1058 5496 1520 5561">
    <p class='ocr_par' dir='ltr' id='par_1_112' title="bbox 1058 5496 1520 5561">
     <span class='ocr_line' id='line_1_112' title="bbox 1058 5496 1520 5561; baseline -0.004 -13"><span class='ocrx_word' id='word_1_837' title='bbox 1058 5498 1077 5527; x_wconf 83' lang='grc'><strong>³</strong></span> <span class='ocrx_word' id='word_1_838' title='bbox 1115 5496 1264 5551; x_wconf 86' lang='lat' dir='ltr'><strong>Deut.</strong></span> <span class='ocrx_word' id='word_1_839' title='bbox 1309 5514 1364 5561; x_wconf 72' lang='grc' dir='ltr'><strong>χ,</strong></span> <span class='ocrx_word' id='word_1_840' title='bbox 1403 5496 1520 5551; x_wconf 68' lang='grc'><strong>22..</strong></span> 
     </span>
    </p>
   </div>
   <div class='ocr_carea' id='block_1_113' title="bbox 2266 5364 2715 5428">
    <p class='ocr_par' dir='ltr' id='par_1_113' title="bbox 2266 5364 2715 5428">
     <span class='ocr_line' id='line_1_113' title="bbox 2266 5364 2715 5428; baseline 0.004 -12"><span class='ocrx_word' id='word_1_841' title='bbox 2266 5365 2310 5394; x_wconf 68' lang='grc' dir='ltr'><strong>θ’</strong></span> <span class='ocrx_word' id='word_1_842' title='bbox 2339 5364 2526 5418; x_wconf 84' lang='lat' dir='ltr'><strong>Matth.</strong></span> <span class='ocrx_word' id='word_1_843' title='bbox 2553 5381 2604 5428; x_wconf 90' lang='lat' dir='ltr'><strong>v,</strong></span> <span class='ocrx_word' id='word_1_844' title='bbox 2629 5365 2715 5418; x_wconf 67' lang='lat'><strong>52.</strong></span> 
     </span>
    </p>
   </div>
   <div class='ocr_carea' id='block_1_114' title="bbox 2166 5434 2789 5496">
    <p class='ocr_par' dir='ltr' id='par_1_114' title="bbox 2166 5434 2789 5496">
     <span class='ocr_line' id='line_1_114' title="bbox 2166 5434 2789 5496; baseline 0.005 -11"><span class='ocrx_word' id='word_1_845' title='bbox 2166 5449 2224 5496; x_wconf 86' lang='grc' dir='ltr'><strong>ιι,</strong></span> <span class='ocrx_word' id='word_1_846' title='bbox 2270 5435 2353 5488; x_wconf 76' lang='grc'><strong>16.</strong></span> <span class='ocrx_word' id='word_1_847' title='bbox 2429 5434 2472 5465; x_wconf 69' lang='grc'><strong>9⁸</strong></span> <span class='ocrx_word' id='word_1_848' title='bbox 2512 5436 2644 5490; x_wconf 86' lang='lat' dir='ltr'><strong>ibid.</strong></span> <span class='ocrx_word' id='word_1_849' title='bbox 2707 5437 2789 5491; x_wconf 77' lang='lat' dir='ltr'><strong>H.</strong></span> 
     </span>
    </p>
   </div>
   <div class='ocr_carea' id='block_1_115' title="bbox 2793 5364 3243 5423">
    <p class='ocr_par' dir='ltr' id='par_1_115' title="bbox 2793 5364 3243 5423">
     <span class='ocr_line' id='line_1_115' title="bbox 2793 5364 3243 5423; baseline -0.011 -4"><span class='ocrx_word' id='word_1_850' title='bbox 2793 5367 2840 5397; x_wconf 77' lang='lat'><strong><em>”</em></strong></span> <span class='ocrx_word' id='word_1_851' title='bbox 2877 5367 3028 5419; x_wconf 85' lang='lat' dir='ltr'><strong>Deut.</strong></span> <span class='ocrx_word' id='word_1_852' title='bbox 3058 5381 3129 5423; x_wconf 80' lang='lat' dir='ltr'><strong>Vl.</strong></span> <span class='ocrx_word' id='word_1_853' title='bbox 3159 5364 3243 5416; x_wconf 76' lang='lat' dir='ltr'><strong>l3.</strong></span> 
     </span>
    </p>
   </div>
   <div class='ocr_carea' id='block_1_116' title="bbox 2867 5432 3309 5498">
    <p class='ocr_par' dir='ltr' id='par_1_116' title="bbox 2867 5432 3309 5498">
     <span class='ocr_line' id='line_1_116' title="bbox 2867 5432 3309 5498; baseline -0.009 -10"><span class='ocrx_word' id='word_1_854' title='bbox 2867 5437 2910 5467; x_wconf 70' lang='grc' dir='ltr'><strong>’θ</strong></span> <span class='ocrx_word' id='word_1_855' title='bbox 2937 5433 3096 5491; x_wconf 84' lang='lat' dir='ltr'><strong>Joan.</strong></span> <span class='ocrx_word' id='word_1_856' title='bbox 3139 5448 3178 5498; x_wconf 86' lang='grc' dir='ltr'><strong>ι,</strong></span> <span class='ocrx_word' id='word_1_857' title='bbox 3228 5432 3309 5487; x_wconf 71' lang='lat' dir='ltr'><strong>l-l.</strong></span> 
     </span>
    </p>
   </div>
   <div class='ocr_carea' id='block_1_117' title="bbox 3327 5360 3770 5420">
    <p class='ocr_par' dir='ltr' id='par_1_117' title="bbox 3327 5360 3770 5420">
     <span class='ocr_line' id='line_1_117' title="bbox 3327 5360 3770 5420; baseline -0.009 -6"><span class='ocrx_word' id='word_1_858' title='bbox 3327 5365 3372 5395; x_wconf 75' lang='lat'><strong>“</strong></span> <span class='ocrx_word' id='word_1_859' title='bbox 3407 5360 3575 5416; x_wconf 84' lang='lat' dir='ltr'><strong>Hebr.</strong></span> <span class='ocrx_word' id='word_1_860' title='bbox 3603 5379 3661 5420; x_wconf 89' lang='grc' dir='ltr'><strong>ιι.</strong></span> <span class='ocrx_word' id='word_1_861' title='bbox 3691 5362 3770 5414; x_wconf 73' lang='grc' dir='ltr'><strong>Ν.</strong></span> 
     </span>
    </p>
   </div>
   <div class='ocr_carea' id='block_1_118' title="bbox 3388 5431 3767 5496">
    <p class='ocr_par' dir='ltr' id='par_1_118' title="bbox 3388 5431 3767 5496">
     <span class='ocr_line' id='line_1_118' title="bbox 3388 5431 3767 5496; baseline -0.005 -11"><span class='ocrx_word' id='word_1_862' title='bbox 3388 5433 3403 5462; x_wconf 91' lang='grc'>¹</span> <span class='ocrx_word' id='word_1_863' title='bbox 3440 5432 3574 5487; x_wconf 86' lang='lat' dir='ltr'><strong>Luc.</strong></span> <span class='ocrx_word' id='word_1_864' title='bbox 3607 5449 3689 5496; x_wconf 87' lang='grc' dir='ltr'><strong>ιιι,</strong></span> <span class='ocrx_word' id='word_1_865' title='bbox 3721 5431 3767 5483; x_wconf 72' lang='lat' dir='ltr'><strong>ti.</strong></span> 
     </span>
    </p>
   </div>
   <div class='ocr_carea' id='block_1_119' title="bbox 606 5675 3766 5795">
    <p class='ocr_par' dir='ltr' id='par_1_119' title="bbox 606 5675 3766 5795">
     <span class='ocr_line' id='line_1_119' title="bbox 606 5675 3766 5795; baseline 0.002 -65"><span class='ocrx_word' id='word_1_866' title='bbox 606 5676 702 5795; x_wconf 72' lang='grc' dir='ltr'><strong>(1)ί</strong></span> <span class='ocrx_word' id='word_1_867' title='bbox 722 5679 949 5730; x_wconf 82' lang='lat' dir='ltr'><strong>Videtur</strong></span> <span class='ocrx_word' id='word_1_868' title='bbox 976 5678 1173 5747; x_wconf 86' lang='lat' dir='ltr'><strong>aliquid</strong></span> <span class='ocrx_word' id='word_1_869' title='bbox 1211 5678 1295 5732; x_wconf 89' lang='lat' dir='ltr'><strong>hic</strong></span> <span class='ocrx_word' id='word_1_870' title='bbox 1322 5678 1534 5743; x_wconf 88' lang='lat' dir='ltr'><strong>deesse;</strong></span> <span class='ocrx_word' id='word_1_871' title='bbox 1571 5680 1645 5740; x_wconf 88' lang='lat' dir='ltr'><strong>id,</strong></span> <span class='ocrx_word' id='word_1_872' title='bbox 1692 5675 1901 5746; x_wconf 81' lang='lat' dir='ltr'><strong>Opinor,</strong></span> <span class='ocrx_word' id='word_1_873' title='bbox 1954 5677 2092 5745; x_wconf 84' lang='lat' dir='ltr'><strong>quod</strong></span> <span class='ocrx_word' id='word_1_874' title='bbox 2132 5678 2445 5735; x_wconf 80' lang='lat' dir='ltr'><strong>Anastasius</strong></span> <span class='ocrx_word' id='word_1_875' title='bbox 2517 5683 2720 5736; x_wconf 70' lang='lat' dir='ltr'><strong>Sinaita</strong></span> <span class='ocrx_word' id='word_1_876' title='bbox 2749 5692 3012 5738; x_wconf 78' lang='lat' dir='ltr'><strong>meruerat</strong></span> <span class='ocrx_word' id='word_1_877' title='bbox 3043 5687 3106 5740; x_wconf 77' lang='lat' dir='ltr'><strong>de</strong></span> <span class='ocrx_word' id='word_1_878' title='bbox 3146 5693 3343 5739; x_wconf 86' lang='lat' dir='ltr'><strong>statere</strong></span> <span class='ocrx_word' id='word_1_879' title='bbox 3411 5685 3465 5739; x_wconf 90' lang='lat' dir='ltr'><strong>in</strong></span> <span class='ocrx_word' id='word_1_880' title='bbox 3517 5685 3766 5740; x_wconf 81' lang='lat' dir='ltr'><strong>tributum</strong></span> 
     </span>
     <span class='ocr_line' id='line_1_120' title="bbox 606 5757 817 5795; baseline 0 0"><span class='ocrx_word' id='word_1_881' title='bbox 606 5762 680 5795; x_wconf 82' lang='lat' dir='ltr'><strong>llSl</strong></span> <span class='ocrx_word' id='word_1_882' title='bbox 712 5757 817 5795; x_wconf 76' lang='lat' dir='ltr'><strong>:tto.</strong></span> 
     </span>
    </p>
   </div>
   <div class='ocr_carea' id='block_1_120' title="bbox 534 5757 817 5813">
    <p class='ocr_par' dir='ltr' id='par_1_120' title="bbox 534 5757 817 5813">
     <span class='ocr_line' id='line_1_121' title="bbox 534 5757 817 5813; baseline -0.014 -13"><span class='ocrx_word' id='word_1_883' title='bbox 534 5757 817 5813; x_wconf 80' lang='lat' dir='ltr'><strong>pcnsnato.</strong></span> 
     </span>
    </p>
   </div>
  </div>
