4082 6258
497 266 633 322 I599

1480 243 1851 308 S.'CYRILLI
1891 241 2360 299 ALEXANDRINI
2400 241 2719 299 ARCIIIEI‘.

3606 230 3754 287 H00

568 375 806 444 Denique
839 373 1000 427 etiam
1049 372 1264 424 divinus
1308 368 1508 422 Paulus
1553 367 1632 421 ait
1684 366 1750 420 de
1799 363 2022 418 Christo
2051 379 2063 414 :
2096 362 2139 418 Α
2177 383 2193 408 ι
2225 361 2392 415 Amen
2433 361 2554 415 dico
2603 358 2778 423 vobis,
2816 364 3103 423 antequam
3144 351 3419 406 Abraham
3454 358 3617 412 esset,
3651 363 3753 418 ego

501 488 517 518 σ
556 468 716 536 Ergo,
744 465 934 518 fratres
963 465 1155 524 sant-ti,
1182 460 1478 514 vocationis
1502 459 1735 513 caelestis
1757 455 2062 525 participes,

498 558 836 611 considerate
890 554 1188 624 apostolum
1243 564 1295 604 ct
1352 553 1662 618 pontiﬁcem
1715 544 2070 602 confessionis

499 660 698 704 nostra:
747 646 929 701 Jesum
955 647 996 697 ³.
1035 665 1052 696 ι
1097 644 1478 698 Animadverte
1520 648 1698 695 autem
1735 641 1900 709 quod,
1947 651 2067 689 cum

499 757 618 796 eum
669 739 1062 793 ministrantem
1116 734 1391 787 hominum
1441 748 1591 786 more
1633 730 1900 792 ostendit,
1946 727 2071 780 licet

501 841 687 884 natura
721 830 790 882 sit
820 828 977 888 Deus,
1013 835 1140 878 tunc
1176 825 1224 878 ei
1259 825 1420 877 etiam
1465 822 1697 876 oﬂicium
1744 819 2072 888 apostolatus

498 920 740 974 attribuit
782 937 794 972 :
841 917 974 969 nihil
1020 927 1218 979 autem,
1251 924 1308 967 ut
1339 926 1462 968 ante
1501 913 1754 977 diximus,
1782 911 2070 964 absurdmn

499 1019 600 1073 est,
637 1009 680 1063 si
722 1009 861 1062 Deus
891 1005 1124 1060 Verbum
1165 1006 1300 1058 mitti
1348 1005 1509 1058 etiam
1560 1004 1767 1056 dicatur
1810 1017 1837 1054 a
1878 1000 2070 1065 Patre;

501 1100 684 1169 implet
714 1113 946 1166 namque
977 1097 1280 1151 certissime
1321 1094 1526 1157 omnia,
1563 1104 1615 1148 et
1664 1093 1791 1146 nulli
1834 1092 1951 1146 Ioco
1983 1106 2076 1158 pe-

503 1192 644 1245 nitus
670 1190 821 1244 deest
853 1207 866 1241 :
901 1202 1000 1241 nos
1043 1202 1170 1240 vero
1217 1185 1464 1239 humanis
1509 1184 1732 1237 vocibus
1767 1182 1944 1235 divina
1992 1183 2074 1234 in-

503 1289 881 1349 terpretantes,
914 1277 1320 1348 Iignralionibus
1357 1276 1598 1344 corporis
1631 1272 1953 1327 immortalis
1985 1285 2078 1324 na—

502 1382 638 1426 tura:
664 1371 1116 1439 dispensationem
1147 1369 1381 1422 solemus
1409 1366 1728 1435 intelligere.

581 1463 818 1530 Denique
869 1477 990 1516 cum
1046 1470 1266 1514 sanctus
1323 1457 1556 1526 Spiritus
1607 1457 1786 1508 omnia
1843 1455 2078 1522 impleat,

507 1555 690 1609 scribit
729 1555 916 1607 beatus
950 1551 1168 1613 Paulus,
1201 1560 1254 1602 et
1303 1549 1434 1602 dicit
1484 1567 1496 1601 :
1535 1567 1552 1598 ι
1587 1546 1849 1612 Quoniam
1901 1556 2078 1597 autem

506 1651 636 1700 estis
675 1645 786 1708 lilii,
832 1645 976 1697 misit
1033 1642 1170 1697 Deus
1221 1639 1480 1710 Spiritum
1528 1638 1649 1692 Filii
1699 1638 1779 1691 sui
1819 1639 1870 1690 in
1919 1636 2079 1689 corda

508 1746 713 1797 nostra,
733 1736 784 1787 in
819 1750 923 1801 quo
946 1733 1238 1787 clamamus
1269 1751 1281 1785 :
1309 1731 1458 1784 Abba
1485 1729 1642 1782 Pater
1665 1728 1705 1781 ⁸.
1731 1746 1749 1777 ι
1789 1727 1876 1780 Ait
1899 1735 2074 1778 autent
2113 1713 2150 1769 Β

507 1836 561 1878 et
595 1827 710 1893 ipse
741 1825 987 1878 Salvator
1020 1841 1034 1874 :
1068 1842 1085 1873 ι
1120 1820 1343 1889 Expedit
1373 1819 1544 1881 vobis,
1576 1830 1632 1868 ut
1661 1831 1758 1883 cgo
1782 1830 1931 1878 eam;
1960 1828 2079 1866 nam

507 1919 552 1970 si
592 1931 694 1969 non
745 1916 950 1975 abiero,
996 1912 1309 1965 Paraeletus
1363 1925 1466 1962 non
1513 1909 1690 1961 veniet
1725 1908 1790 1958 ad
1837 1921 1932 1959 vos
1971 1905 2012 1956 ".
2058 1921 2079 1953 ι

508 2003 733 2073 Oportet
757 2004 919 2073 igitur
943 2003 1008 2056 ad
1035 2003 1297 2055 rationem
1325 2000 1540 2070 pietatis
1562 1997 1738 2052 omnia
1767 1996 2080 2057 referentes,

507 2104 652 2148 certa
681 2083 1234 2162 cogitatione-sectari
1279 2110 1290 2144 :
1330 2092 1381 2143 id
1419 2089 1562 2144 enim
1609 2086 1866 2142 facientes
1904 2086 2085 2140 nobis-

509 2185 751 2255 metipsis
782 2184 1016 2236 maxime
1044 2181 1423 2251 profuerimus.

1105 2360 1254 2414 CAP.
1297 2357 1486 2412 XXVI.

615 2498 887 2561 Quomodo
922 2496 1236 2564 intelligitur
1271 2494 1531 2556 Θεοτόκος
1575 2493 1732 2561 Virgo
1768 2504 1972 2547 sancta.

580 2630 770 2683 Natum
804 2637 884 2682 est
915 2627 1131 2696 quidem
1162 2626 1610 2681 inaestimabiliter
1642 2626 1876 2680 Verbum
1913 2627 2002 2678 Dei
2032 2636 2085 2681 et

509 2721 718 2780 Patris;
753 2731 805 2773 et
839 2721 951 2772 haec
980 2719 1256 2788 generatio
1298 2733 1512 2771 omnem
1545 2730 1760 2772 sensum
1803 2718 2116 2784 cogitatio-,

510 2825 743 2878 nemque
780 2811 1132 2873 transcendit,
1170 2819 1221 2864 et
1254 2819 1334 2863 est
1367 2809 1690 2880 ineorporali
1719 2819 1924 2863 natum
1954 2825 2086 2864 con-

511 2902 754 2956 veniens.
782 2901 1165 2955 Verumtamen
1210 2901 1262 2954 id
1306 2903 1447 2968 quod
1484 2911 1668 2954 natum
1705 2910 1810 2965 est,
1841 2902 2086 2969 proprius
2113 2875 2156 2932 α

511 3001 696 3061 partus
724 2992 1042 3060 intelligitur
1065 2991 1428 3054 Genitoris,et
1456 2993 1694 3062 ejusdem
1724 3008 1844 3044 cum
1876 3007 1940 3046 eo
1965 2993 2089 3046 sub-

513 3083 762 3146 stanlim;
819 3084 1046 3152 ideoque
1085 3085 1246 3138 etiam
1278 3083 1446 3138 Fiiius
1498 3085 1823 3144 nominatur,
1877 3083 2092 3137 nomine

515 3177 719 3228 scilicet
760 3177 1030 3230 indicante
1064 3177 1213 3244 quasi
1262 3191 1443 3229 veram
1488 3179 1866 3245 sinceramque
1899 3191 2091 3240 progeo

516 3265 690 3331 uiem;
730 3264 821 3318 sed
853 3279 974 3318 cum
1002 3265 1073 3319 sit
1098 3265 1251 3316 vivus
1282 3264 1334 3317 in
1367 3275 1629 3318 aeternum
1657 3263 1838 3328 Pater,
1873 3278 2095 3317 necesse

517 3366 622 3420 est,
655 3371 773 3406 eum
806 3369 1018 3423 quoque
1051 3355 1233 3409 vivere
1274 3358 1324 3408 in
1354 3367 1636 3420 teternum,
1685 3365 1902 3425 propter
1932 3371 2091 3424 quem

517 3455 601 3497 est
656 3444 833 3498 Pater.
887 3446 1053 3513 Igitur
1105 3464 1123 3496 ‹
1162 3446 1216 3498 1η
1272 3446 1536 3515 principio
1585 3456 1703 3499 erat
1737 3446 1989 3508 Verbum,
2042 3455 2095 3497 et

520 3535 660 3587 Dens
708 3547 824 3589 erat
880 3537 1137 3598 Verbum,
1185 3547 1238 3590 et
1286 3545 1403 3590 erat
1456 3538 1616 3590 etiam
1675 3536 1907 3591 Verbum
1955 3539 2095 3606 apud

521 3625 686 3679 Deum
721 3626 762 3687 ⁸,
797 3645 813 3676 i
855 3637 908 3678 nt
934 3627 1362 3693 sapientissimus
1401 3627 1735 3695 Evangelista
1773 3643 2097 3681 commemo-

522 3728 624 3769 rat.
674 3715 728 3768 In
768 3715 1229 3770 consummatione
1273 3727 1451 3769 autem
1500 3727 1820 3786 temporum,
1877 3728 2098 3786 propter

521 3823 622 3863 nos
651 3809 917 3868 homines,
953 3818 1006 3862 et
1045 3818 1268 3877 prepter
1307 3819 1546 3862 nostram
1585 3810 1807 3862 salutem
1849 3810 2098 3863 incarna-

526 3913 636 3954 tnm
671 3909 771 3965 est,
815 3908 869 3955 et
902 3902 1060 3954 homo
1101 3909 1184 3953 est
1231 3900 1466 3967 factum;
1517 3915 1618 3953 non
1664 3902 1914 3955 amittens
1957 3902 2097 3966 quod

523 4001 664 4056 erat,
698 3991 791 4044 sed
826 3991 1064 4044 retinens
1110 3989 1576 4044 inconvertibilem
1622 4004 1772 4042 suam
1826 4001 2095 4053 naturam,

527 4091 582 4136 et
611 4097 824 4150 semper
847 4082 897 4134 in
927 4071 1228 4134 divinita‘tis
1258 4081 1472 4150 fastigio
1505 4081 1853 4144 collocatam;
1884 4080 2100 4134 subiens

2170 467 2288 506 sitm
2331 452 2470 505 ¹⁰’¹¹.
2521 471 2538 502 ι
2589 447 2870 516 Quomodo
2917 445 3060 499 enim
3099 443 3257 496 aliter
3308 451 3434 496 ante
3477 441 3749 493 Abraham

2171 553 2312 604 erat,
2344 543 2434 611 qui
2469 540 2648 594 multis
2679 547 2798 608 post
2839 535 3168 604 temporibus
3199 532 3499 586 secundum
3531 544 3750 583 carnem

2171 646 2329 687 natus
2364 633 2490 686 est?
2533 631 2675 684 Satis
2713 638 2888 682 autem
2935 630 3096 696 ipsos,
3127 633 3187 677 ut
3215 623 3429 692 Opinor,
3469 621 3753 686 redarguet

2173 725 2390 778 divimts
2415 723 2651 778 Joannes
2674 722 2856 775 dicens
2885 737 2900 773 :
2929 738 2946 770 ι
2971 719 3071 771 Hic
3092 723 3230 779 erat,
3254 714 3320 767 de
3342 726 3449 780 quo
3475 725 3576 779 ego
3603 709 3749 764 dixi:

2174 815 2297 869 Post
2326 829 2409 868 me
2435 815 2577 867 venit
2602 813 2705 875 vir,
2731 812 2819 880 qui
2850 820 2974 864 ante
3007 824 3091 863 me
3116 806 3293 860 Iactus
3318 813 3423 868 est,
3450 803 3572 871 quia
3607 801 3753 870 prior

2175 922 2258 960 me
2291 919 2405 958 erat
2431 907 2490 958 1‘.
2536 923 2554 955 ι
3754 887 3761 956 l

2248 996 2429 1068 794·
2473 994 2955 1050 Prmlermittentes
3000 991 3164 1061 igitur
3205 988 3262 1041 in
3313 1001 3369 1040 re
3410 993 3516 1039 tam
3565 980 3751 1036 frivola

2176 1090 2293 1143 sine
2321 1104 2485 1141 causa
2526 1095 2760 1152 certare,
2801 1086 2867 1139 ad
2905 1085 3032 1138 illud
3069 1080 3240 1150 magis
3277 1077 3579 1136 veniamus,
3611 1072 3751 1141 quod

2176 1179 2337 1232 etiam
2377 1178 2723 1232 emolumenti
2771 1174 2973 1244 aliquid
3017 1171 3188 1242 possit
3218 1167 3434 1229 afferre,
3477 1179 3542 1219 ne
3585 1162 3754 1216 mole-

2178 1278 2259 1322 ste
2299 1267 2474 1320 ferant
2511 1263 2749 1320 nonnulli
2792 1263 3093 1323 audientes,
3137 1272 3256 1311 esse
3303 1263 3542 1308 sanctam
3579 1248 3752 1317 Virgi-

2181 1374 2302 1411 nem
2345 1356 2628 1420 Θεοτὸκον,
2667 1369 2766 1409 nec
2797 1350 3198 1408 incredulitatis
3236 1345 3470 1401 Iudaica:
3496 1358 3624 1396 suas
3657 1354 3756 1407 op-

2181 1450 2363 1520 pleant
2390 1459 2618 1510 mentes,
2644 1447 2752 1499 imo
2777 1459 2903 1498 vero
2940 1444 3102 1496 etiam
3127 1439 3396 1510 paganica:
3433 1435 3751 1504 impietatis.

2181 1541 2345 1595 Judaei
2392 1539 2588 1593 etenim
2639 1536 3092 1607 aggrediebantur
3142 1531 3412 1586 Christum
3455 1525 3754 1580 dicentes:

2189 1653 2206 1686 ι
2239 1633 2314 1686 De
2350 1632 2490 1686 bono
2516 1643 2677 1700 opere
2703 1645 2808 1684 non
2846 1626 3144 1696 lapidamus
3175 1632 3256 1685 te;
3289 1621 3382 1675 sed
3407 1620 3471 1672 de
3500 1617 3759 1684 bIaspIIe-

2183 1725 2309 1787 mia,
2339 1723 2478 1792 quod
2501 1737 2620 1774 cum
2645 1719 2721 1774 sis
2744 1719 2928 1779 homo,
2954 1715 3087 1770 facis
3112 1723 3163 1767 te
3197 1713 3362 1766 Deum
3383 1710 3448 1765 ί³.
3485 1728 3501 1761 ι
3533 1710 3598 1761 At
3627 1720 3762 1758 vero

2186 1815 2278 1868 lilii
2337 1827 2664 1882 paganorum
2719 1809 2976 1864 Ecelesire
3023 1809 3273 1873 dogmata
3316 1801 3605 1860 derident,
3663 1811 3760 1848 an-

2184 1907 2390 1960 dientes
2419 1919 2483 1958 ex
2510 1904 2732 1956 muliere
2760 1899 2927 1954 Deum
2971 1912 3090 1953 esse
3131 1894 3506 1966 progenitum;
3550 1892 3644 1945 sed
3683 1889 3758 1940 illi

2184 1998 2398 2063 quidem
2433 2011 2543 2050 suae
2573 1995 2858 2049 dementia:
2899 1992 3134 2046 exedent
3176 1989 3411 2048 fructus,
3447 1995 3501 2038 et
3541 1983 3762 2038 audient

2185 2107 2213 2145 a
2271 2092 2424 2146 nobis
2455 2109 2468 2144 :
2504 2109 2522 2141 ι
2554 2088 2764 2143 Stultus
2815 2085 2976 2140 stulte
3028 2083 3285 2151 loquitur,
3343 2088 3398 2132 et
3451 2093 3545 2130 cor
3592 2075 3760 2143 ipsius

2185 2199 2319 2237 vana
2351 2183 2628 2250 intelliget.
2660 2200 2676 2230 ι
2721 2178 2901 2232 Nostri
2943 2177 3084 2230 enim
3138 2171 3382 2244 mysterii
3426 2170 3592 2230 ratio,
3634 2167 3760 2220 licet

2184 2275 2384 2330 .Iudzeis
2425 2276 2497 2328 sit
2535 2272 2869 2333 scandalum,
2916 2267 3164 2338 gentibus
3200 2275 3378 2318 autem
3419 2261 3650 2316 stultitia
3675 2260 3757 2324 “;

2187 2366 2338 2421 nobis
2370 2375 2568 2429 tamen,
2616 2363 2757 2432 quod
2795 2362 3016 2424 scimus,
3045 2372 3171 2412 vere
3211 2365 3295 2410 est
3337 2351 3679 2414 admirabile,
3707 2360 3763 2404 et

2186 2457 2442 2520 salutare,
2475 2464 2528 2508 et
2562 2453 2936 2521 dignissimum
2966 2449 3110 2502 credi
3144 2465 3156 2500 :
3187 2455 3242 2501 et
3281 2445 3325 2500 si
3357 2453 3499 2499 esset
3542 2441 3764 2494 omnino

2186 2546 2494 2614 quisquam,
2523 2544 2611 2612 qui
2650 2544 2829 2596 dicere
2867 2542 3111 2603 auderet,
3156 2540 3296 2591 lianc
3328 2521 3552 2590 carnem
3592 2542 3761 2586 terre-

2187 2653 2308 2691 nam
2348 2637 2500 2690 nnda:
2549 2635 2844 2688 divinitatis
2887 2633 3082 2686 fuissev
3105 2629 3444 2700 genitricem,
3500 2639 3556 2679 et
3598 2640 3663 2679 ex
3699 2639 3761 2678 ea

2186 2737 2430 2784 creatura
2480 2726 2626 2780 omni
2666 2723 2997 2792 superiorem
3052 2730 3229 2773 natam
3280 2718 3448 2771 fuisse
3489 2728 3761 2778 naturam,

2189 2819 2396 2873 insania
2432 2819 2481 2871 id
2521 2827 2666 2871 esset
2697 2826 2750 2870 et
2795 2815 2966 2867 furor.
3007 2807 3194 2878 Neque
3227 2810 3369 2862 enim
3420 2824 3485 2862 ex
3524 2819 3668 2862 terra
3688 2807 3763 2860 di-

2194 2911 2314 2964 vina
2341 2920 2423 2963 est
2455 2909 2595 2962 facta
2623 2917 2849 2968 natura;
2889 2919 2987 2957 nec
3025 2903 3374 2971 eorruptibile
3408 2899 3768 2966 incorruptio-

2193 3002 2277 3055 nis
2311 3001 2458 3054 radix
2517 3013 2751 3068 unquam
2801 2996 2933 3059 lict;
2980 3009 3078 3048 nec
3127 2992 3434 3047 mortalitas
3481 2991 3656 3058 pariet
3691 2988 3769 3039 vi-

2195 3102 2302 3146 tam
2331 3107 2346 3155 ;
2381 3104 2480 3144 nec
2511 3087 2757 3155 corporis
2787 3081 3082 3138 tractabilis
3133 3081 3471 3150 incorporale
3520 3078 3612 3132 lict
3642 3093 3767 3146 ger-

2197 3198 2352 3245 men;
2388 3196 2486 3235 nec
2529 3181 2827 3233 increatum
2866 3193 2893 3230 a
2944 3187 3126 3230 creato
3162 3184 3447 3237 nascetur;
3491 3185 3589 3225 nec
3623 3168 3768 3237 quod

2195 3276 2398 3341 absque
2429 3271 2600 3333 initio,
2637 3271 2700 3324 ab
2729 3284 2792 3322 eo
2818 3267 2958 3337 quod
2993 3267 3152 3319 habet
3179 3264 3410 3318 initium.

2268 3365 2464 3418 Verum
2510 3361 2769 3431 quoniam
2823 3359 2916 3413 Dei
2961 3357 3192 3411 Verbum
3234 3356 3386 3423 juxta
3431 3371 3532 3408 nos
3573 3355 3774 3408 Iactum

2197 3470 2315 3509 esse
2345 3453 2699 3516 afﬁrmamns,
2732 3459 2784 3504 et
2814 3449 3013 3502 nostris
3043 3449 3362 3515 corporibus
3392 3461 3587 3514 corpus
3623 3460 3777 3499 Sum-

2202 3546 2375 3613 psisse
2433 3543 2730 3605 consimile,
2785 3541 2946 3608 idque
2997 3537 3098 3592 sibi
3151 3538 3431 3592 verissime
3481 3537 3775 3597 adunasse,

2200 3651 2397 3689 arcana
2438 3633 2899 3701 inenarrabiliqne
2931 3634 3159 3694 ratione,
3193 3641 3243 3683 et
3272 3631 3352 3684 sic
3386 3629 3660 3682 hominem
3701 3627 3771 3680 Ia-

2197 3734 2344 3778 ctum
2377 3724 2670 3778 carnaliter
2695 3733 2879 3776 natum
2910 3739 3052 3786 esse,
3083 3723 3209 3791 quid
3236 3721 3529 3774 absurdum
3563 3731 3672 3784 est,
3701 3719 3777 3773 vel

2203 3817 2343 3884 quod
2390 3815 2538 3884 credi
2586 3829 2691 3868 non
2739 3814 2964 3869 debeat?
3006 3817 3138 3871 Cum
3189 3817 3491 3884 prmsertim
3543 3816 3777 3868 hominis

2203 3908 2404 3972 anima,
2438 3916 2495 3959 ut
2523 3906 2822 3974 smpissime
2847 3907 3104 3971 diximus,
3141 3921 3262 3960 eum
3290 3907 3359 3960 sit
3405 3915 3617 3958 natura:
3649 3905 3776 3958 alte.

2202 4001 2316 4054 rius
2342 4009 2534 4068 prmter
2562 4013 2778 4068 corpus,
2811 4008 3064 4052 nascatur
3096 4008 3272 4052 tamen
3318 4013 3438 4051 cum
3479 3997 3621 4066 ipso,
3659 4012 3775 4049 cum

2204 4094 2274 4146 sit
2322 4091 2368 4145 ei
2415 4091 2669 4153 adunata,
2723 4105 2820 4142 nec
2863 4090 3148 4158 quisquam
3191 4089 3487 4142 arbitretur
3528 4084 3773 4140 naturam

532 4185 712 4228 tamen
745 4182 964 4242 propter
994 4187 1091 4225 nos
1125 4173 1518 4240 dispensatorie
1553 4172 2099 4237 exinanitatem;nec
2133 4205 2174 4256 ι)
2206 4185 2446 4250 corporis
2481 4185 2674 4235 animm
2722 4182 2931 4236 ίηίιίιηη
2983 4183 3225 4250 ρτεειιετε
3266 4184 3626 4246 ευδςηιηιίεερς
3686 4183 3772 4236 δρα

529 4265 863 4320 inhonorans
914 4263 1008 4333 [id
1059 4274 1167 4326 est,
1217 4279 1318 4316 non
1372 4261 1711 4332 despiciens]
1766 4264 2097 4329 pauperiem,

526 4369 646 4422 quae
695 4355 940 4404 humana:
993 4360 1196 4405 natura:
1228 4352 1476 4405 convenit
1523 4369 1536 4403 :
1585 4366 1706 4404 nam
1745 4370 1761 4399 ι
1793 4367 1914 4405 cum
1960 4361 2100 4406 esset

527 4443 697 4503 dives,
727 4456 927 4510 pauper
953 4452 1035 4494 est
1068 4441 1262 4503 l'aetus,
1295 4441 1434 4493 sicut
1462 4441 1720 4508 scriptum
1755 4449 1838 4493 est
1869 4459 1880 4493 :
1913 4451 1971 4494 ut
2002 4455 2100 4493 nos

528 4540 842 4600 paupertate
896 4532 1012 4598 ejus
1052 4531 1244 4585 divites
1293 4545 1534 4585 essemus
1584 4533 1624 4583 θ.
1662 4549 1682 4582 ι
1748 4529 1967 4584 Factum
2020 4539 2102 4584 est

531 4625 694 4694 igitur
731 4624 912 4685 homo,
946 4632 1000 4676 et
1029 4621 1429 4692 generationem
1457 4637 1520 4674 ex
1549 4621 1770 4676 muliere
1789 4620 2102 4690 passnmdi-

530 4715 687 4766 citur.
725 4711 888 4782 Igitur
913 4723 1194 4780 pr0pterea
1222 4711 1361 4779 quod
1408 4726 1473 4764 ex
1508 4721 1690 4764 saneta
1731 4711 1944 4780 Virgine
1980 4727 2103 4765 vere

530 4806 631 4861 sibi
654 4807 944 4860 adunatum
969 4818 1162 4872 corpus
1189 4803 1496 4870 acceperit;
1534 4803 1654 4856 inde
1693 4803 1952 4856 Θεοτόκον
1983 4817 2103 4857 esse

531 4894 760 4948 dicimus
804 4892 1075 4960 Virginem
1120 4901 1386 4953 sanetam,
1426 4891 1550 4959 quia
1597 4891 1646 4943 id
1697 4893 1947 4957 humane,
1995 4893 2108 4947 sive

533 4985 828 5040 secundum
853 4998 1070 5036 carnem
1105 4983 1334 5050 peperit,
1364 4982 1488 5036 licet
1513 4982 1737 5036 haberet
1760 4992 1882 5037 ante
1911 4985 2105 5037 saecula

533 5079 934 5146 generationem
966 5092 1028 5131 ex
1060 5075 1238 5128 Patre.

604 5167 824 5234 Opinari
869 5176 1046 5220 autem
1100 5164 1387 5219 nonnullos
1433 5161 1669 5217 Verbum
1717 5164 1842 5218 hinc
1894 5165 2104 5217 initium

537 5259 706 5314 fuisse
739 5260 1010 5322 sortitum,
1058 5275 1177 5312 enm
1225 5257 1386 5309 homo
1421 5257 1492 5308 sit
1543 5255 1766 5319 factum,
1819 5257 2109 5324 impietatis

534 5359 618 5403 est
664 5349 968 5418 l'urorisqne
1018 5348 1408 5417 plenissimmn.
1466 5346 1569 5400 Eos
1615 5348 1811 5401 etenim
1855 5348 2110 5416 insipien-

539 5442 777 5496 tissimos
799 5457 939 5505 esse,
967 5441 1283 5493 monstravit
1313 5442 1425 5508 ipse
1448 5440 1693 5492 Salvator
1715 5440 1778 5491 de
1801 5456 1857 5492 se
1885 5440 2067 5494 dicens
2093 5458 2107 5494 :

607 5598 628 5628 ⁸
659 5598 824 5650 IIebr.
873 5616 952 5655 Ill,
997 5602 1045 5651 l.

1124 5601 1142 5627 ⁶
1183 5597 1357 5650 Galat.
1393 5614 1462 5660 tv,
1505 5600 1557 5651 6.
1634 5601 1651 5630 ⁷
1691 5599 1842 5651 Joan.
1889 5615 1994 5659 xw,
2029 5601 2081 5653 7.

550 5659 590 5688 ¹¹
619 5663 777 5718 .Ioan.
820 5684 856 5730 ι,
888 5668 974 5720 50.

1055 5668 1095 5697 ¹³
1129 5667 1281 5720 Jtmtt.
1315 5684 1364 5731 λ,
1394 5668 1482 5720 ‘25.
1565 5669 1604 5699 ”
1637 5669 1649 5721 I
1691 5671 1816 5722 Cor.
1849 5671 1984 5733 1,95

2203 4273 2443 4328 immittit
2473 4272 2686 4339 quidem
2719 4272 2885 4339 ipsam
2919 4272 3365 4326 intestimabilitcr
3398 4275 3539 4327 Deus
3575 4275 3628 4326 in
3663 4289 3777 4326 cor-

2204 4380 2322 4433 pus,
2355 4374 2402 4416 el
2451 4378 2571 4416 cum
2625 4363 2737 4428 ipso
2778 4363 2942 4416 etiam
2987 4363 3265 4416 nascitur:
3297 4379 3459 4416 unum
3494 4373 3674 4416 tamen
3717 4379 3776 4416 ex

2205 4463 2432 4519 utroque
2464 4450 2660 4503 animal
2690 4451 2998 4512 definimus,
3032 4452 3301 4506 hominem
3348 4452 3578 4505 scilicet.
3620 4450 3778 4521 Igitur

2210 4543 2442 4597 Verbum
2485 4542 2700 4610 quidem
2749 4541 2891 4597 Deus
2940 4550 3080 4604 erat,
3127 4541 3330 4595 factum
3364 4553 3448 4595 est
3498 4553 3685 4596 autem
3730 4549 3781 4593 et

2212 4635 2392 4692 homo,
2429 4641 2480 4684 et
2503 4629 2627 4698 quia
2659 4638 2838 4682 natum
2864 4639 2945 4682 est
2975 4628 3270 4682 secundum
3296 4642 3538 4689 carnem,
3571 4637 3783 4693 propter

2212 4724 2602 4776 humanitatem
2651 4721 3017 4775 necessarium
3061 4730 3166 4782 est,
3217 4732 3277 4774 ut
3312 4733 3431 4787 qum
3476 4719 3656 4785 ipsum
3694 4731 3784 4784 pc-

2209 4817 2369 4886 pcrit,
2402 4818 2473 4868 sit
2502 4814 2795 4876 Geordxogz
2831 4828 2952 4865 nam
2977 4812 3020 4866 si
3051 4827 3155 4865 non
3187 4812 3392 4881 peperit
3420 4811 3615 4875 Deum,
3643 4819 3786 4862 certe

2215 4922 2314 4960 nec
2352 4906 2559 4958 dicetur
2608 4902 2768 4965 Deus,
2803 4901 2894 4970 qui
2929 4910 3013 4954 est
3053 4901 3119 4954 ab
3160 4901 3272 4968 ipsa
3320 4901 3678 4970 progenitus;
3708 4900 3786 4952 sin

2212 5011 2342 5049 vero
2375 4996 2538 5049 Deum
2574 4994 2745 5060 ipsum
2788 4993 2983 5047 divinae
3017 4990 3313 5059 Scriptura:
3345 4991 3654 5052 nominant,
3703 5005 3788 5057 pe.-

2217 5087 2351 5152 perit
2384 5085 2496 5154 ipsa
2545 5083 2709 5137 Deum
2755 5082 3024 5138 hominem
3072 5083 3292 5145 factum,
3325 5081 3596 5150 siquidem
3635 5083 3790 5135 homo

2215 5176 2370 5229 aliter
2411 5175 2525 5230 lieri
2575 5190 2678 5228 non
2727 5183 2927 5242 posset,
2981 5173 3082 5227 nisi
3135 5188 3229 5240 per
3276 5174 3690 5240 generationem
3729 5188 3786 5226 ex

2217 5267 2459 5319 muliere.
2495 5265 2774 5331 Quomodo
2811 5265 2973 5334 igitur
3003 5279 3108 5316 non
3139 5264 3230 5326 sit,
3270 5278 3391 5331 quae
3425 5264 3605 5332 ipsum
3633 5280 3788 5333 pepv-v

2217 5356 2624 5425 rit,:020réxoc?
2651 5356 2801 5422 Quod
2824 5365 3002 5409 autem
3041 5356 3179 5410 Deus
3207 5355 3278 5408 sit
3304 5370 3488 5418 verus,
3518 5358 3616 5425 qui
3641 5366 3790 5409 natus

2218 5447 2340 5499 inde
2366 5454 2467 5509 est,
2502 5461 2562 5499 ex
2597 5446 2777 5500 divina
2820 5445 3100 5512 Scriptura
3131 5442 3412 5497 discimus.

2158 5605 2176 5634 ⁸
2211 5603 2366 5658 Joan.
2407 5621 2440 5670 l,
2481 5607 2527 5660 I.
2604 5607 2622 5637 ο
2655 5603 2692 5658 II
2733 5605 2853 5658 Cor.
2891 5619 3006 5668 vm,
3049 5603 3100 5657 9.
3183 5605 3300 5636 ³⁰σί¹
3331 5600 3494 5660 Joan.
3542 5620 3665 5669 vm,
3699 5600 3780 5655 53.
