4082 6258
377 349 500 404 IdUI

944 469 1096 525 CAP.
1137 469 1234 524 XX
1247 471 1349 527 VII.

893 581 1048 636 Dicta
1089 585 1152 638 de
1180 584 1414 640 Christo.

447 692 630 746 «Ecce
677 693 828 763 virgo
870 694 922 749 in
957 705 1110 751 utero
1151 699 1402 769 accipiet,
1443 711 1496 754 et
1529 699 1700 768 pariet
1741 700 1932 764 lilium,

367 792 417 835 ct
461 784 734 838 vocabunt
775 801 968 842 nomen
999 787 1116 856 ejus
1157 790 1468 844 Emmanuel
1497 793 1562 845 η.
1599 811 1617 843 ι
1655 792 1932 858 Quomodo

365 886 495 940 ergo
527 874 576 927 id
609 876 750 943 quod
787 887 970 930 natum
1006 892 1090 932 est
1126 895 1192 933 ex
1223 891 1406 934 sancta
1442 881 1682 952 Virgine,
1717 881 1933 934 Emma-

367 964 486 1017 nuel
531 967 858 1034 nominatur,
901 985 1021 1023 cum
1067 970 1402 1039 Emmanuel,
1433 982 1490 1026 ιιι
1537 983 1661 1026 ante
1690 973 1820 1034 dixi,
1858 972 1932 1026 si-

366 1056 584 1122 gniﬁcet
634 1059 686 1112 in
741 1071 924 1113 nostra
975 1071 1162 1116 natura
1214 1073 1435 1132 prepter
1482 1080 1705 1119 carnem
1766 1064 1931 1118 fuisse

367 1145 622 1214 Verbum,
670 1151 810 1218 quod
862 1164 946 1207 est
993 1153 1132 1209 Deus
1177 1171 1336 1210 verus
1372 1157 1438 1211 de
1486 1160 1591 1212 Deo
1625 1156 1792 1210 vero?
1823 1155 1930 1210 Sed

365 1239 536 1295 l'actus
573 1249 656 1295 est
687 1243 999 1300 Emmanuel
1032 1265 1044 1300 :
1077 1247 1376 1302 exiuanivit
1416 1249 1560 1302 enim
1589 1264 1647 1303 se
1674 1247 1739 1313 ¹⁶,
1768 1263 1928 1316 gene—

362 1332 622 1385 rationem
655 1343 898 1388 nostram
927 1346 984 1390 et
1023 1337 1253 1392 similem
1283 1353 1492 1406 passus,
1527 1354 1590 1393 ac
1619 1340 1698 1393 sic
1745 1340 1928 1394 nobis-

362 1437 484 1476 cum
534 1434 878 1481 conversatus
931 1435 1032 1482 est.
1076 1429 1215 1498 Ergo
1253 1437 1308 1483 et
1350 1430 1490 1485 Deus
1542 1430 1592 1484 in
1640 1444 1832 1493 carne,
1873 1440 1928 1485 et

361 1511 620 1576 Θεοτόκος
643 1530 768 1569 vere
796 1527 879 1571 est
919 1533 1037 1587 qua:
1065 1535 1186 1573 eum
1217 1521 1530 1586 carnaliter,
1575 1523 1690 1576 sive
1729 1537 1926 1578 secun-

361 1605 488 1659 dum
519 1621 736 1661 carnem
778 1611 1076 1679 generavit.

914 1723 1064 1778 CAP.
1123 1722 1358 1778 XXVIII.

1043 1833 1223 1889 Aliud.

433 1961 452 1994 ι
482 1943 749 2010 Quoniam
790 1959 979 1998 omnes
1020 1945 1214 1999 stolam
1260 1946 1382 2000 dolo
1412 1958 1818 2018 congregatarum,
1867 1959 1922 2003 et

351 2037 729 2090 vestimentum
768 2053 890 2091 cum
939 2040 1360 2094 commutatione
1407 2051 1689 2111 reponent,
1729 2053 1783 2096 et
1829 2057 1921 2096 vo-

353 2127 483 2191 lent,
512 2130 557 2180 si
603 2127 828 2182 fuissent
869 2128 956 2181 isti
1009 2130 1306 2196 combusti;
1357 2133 1611 2201 quoniam
1660 2135 1918 2202 parvulus

351 2227 508 2273 natus
556 2227 639 2272 est
691 2217 866 2282 nobis,
907 2230 959 2272 et
1011 2219 1150 2273 [ilius
1199 2220 1358 2276 datus
1400 2232 1483 2276 est
1537 2224 1714 2290 nobis,
1763 2226 1920 2294 cujus

349 2310 682 2378 principatus
733 2312 908 2366 factus
941 2324 1024 2365 est
1056 2312 1108 2364 iu
1156 2311 1382 2367 humero
1425 2314 1560 2382 ejus,
1607 2325 1661 2368 et
1695 2327 1919 2370 vocatur

349 2419 541 2456 nomen
570 2403 682 2471 ejus
708 2404 885 2472 magni
914 2403 1126 2458 consilii
1159 2404 1383 2459 nuntius
1408 2407 1472 2459 ”.
1506 2424 1524 2456 ι
1559 2405 1750 2471 Audis,
1774 2409 1916 2476 quod

347 2510 481 2562 puer
515 2495 822 2549 nominatus
857 2495 948 2560 sit,
980 2495 1234 2564 quodque
1265 2499 1668 2565 generationem
1703 2500 1771 2553 sit
1812 2515 1915 2553 no-

345 2595 470 2637 strae
518 2586 748 2639 similem
791 2601 1000 2655 passus.
1051 2587 1122 2640 At
1156 2599 1276 2640 eum
1314 2603 1538 2656 puerum
1578 2590 1776 2644 cmlum
1819 2605 1915 2660 per

343 2677 552 2730 stellam
588 2677 942 2732 clarissimam
969 2678 1258 2745 iudicavit;
1289 2681 1426 2750 magi
1457 2681 1822 2736 adoravcrunt
1845 2699 1910 2736 ex

343 2767 547 2820 ultimis
585 2777 740 2822 terra:
763 2769 1024 2823 limitibus
1061 2771 1450 2839 adventantes;
1477 2774 1650 2843 angeli
1683 2775 1913 2842 pastori-

343 2857 441 2911 bus
467 2858 934 2928 evaugelizabant,
977 2861 1310 2914 Salvatorem
1345 2879 1464 2918 esse
1505 2873 1684 2918 natum
1723 2866 1909 2918 dicen-

344 2957 446 3011 tes,
479 2959 534 3003 et
560 2965 746 3017 pacem
781 2965 878 3006 nec
912 2967 1014 3005 non
1049 2955 1213 3007 etiam
1245 2955 1417 3010 Patris
1445 2957 1640 3010 bonam
1665 2962 1911 3012 volunta-

342 3049 446 3092 tem
486 3044 912 3098 anuuntiautes:
955 3063 972 3095 ι
1007 3044 1104 3099 Est
1137 3050 1310 3116 magni
1349 3050 1560 3103 consilii
1607 3051 1850 3104 nuntius.
1884 3071 1904 3104 ι

1280 358 1568 416 SCHOLIA
1731 355 2242 415 INCARNA'I’IONE
2277 359 2644 416 UNIGENITI.

1961 477 2016 536 Α
2041 484 2124 529 est
2157 475 2496 532 benedictum
2531 475 2584 530 in
2629 483 2791 529 terra.
2825 471 3064 530 Observa
3095 481 3270 526 autem
3305 474 3448 542 quod
3483 489 3608 542 pro-

3473 358 3490 409 I
3513 355 3610 412 509.

2038 567 2210 636 priam
2245 567 2485 622 nominet
2517 576 2772 632 matrem,
2813 579 2932 635 qua:
2959 580 3114 620 suum
3147 565 3356 633 peperit
3383 579 3604 632 corpus.

2036 657 2177 727 Ergo
2220 658 2264 713 si
2311 659 2478 712 Deum
2516 673 2701 711 verum
2747 671 2808 710 se
2845 671 2967 710 esse
3014 657 3314 724 cognoscit,
3351 655 3438 708 illa
3487 671 3607 724 qua:

2034 765 2160 807 eum
2187 751 2480 806 carnaliter
2509 751 2738 819 peperit,
2768 749 3028 812 Θεοτόκος
3056 749 3274 813 dicitur,
3305 755 3360 802 et
3388 747 3604 816 quidem

2035 843 2330 898 rectezsiu
2377 856 2506 896 vero
2556 856 2658 895 non
2703 849 2786 896 est
2840 840 3006 905 Dens,
3040 840 3089 892 id
3141 841 3284 908 quod
3327 838 3605 902 audacter,

2037 933 2146 986 imo
2167 932 2346 1000 potius
2369 930 2634 986 scelerate
2657 928 2897 986 nonnulli
2919 931 3179 993 sentiunt,
3205 928 3410 998 privari
3440 941 3603 995 opor-

2037 1032 2114 1078 tet
2149 1024 2318 1092 ipsam
2357 1021 2630 1090 Virginem
2661 1033 2906 1077 sanctam
2938 1022 3041 1076 hoc
3087 1021 3302 1076 nomine
3332 1035 3439 1090 quo
3471 1019 3602 1074 Θεο-

2033 1114 2192 1176 τόκος
2223 1127 2348 1168 esse
2395 1113 2632 1168 dicatur.

2622 1241 2772 1298 CAP.
2813 1239 3008 1296 XXIX.

2034 1379 2186 1445 Quod
2217 1378 2357 1433 Deus
2389 1379 2690 1432 nominatur
2711 1387 2756 1430 et
2787 1377 2942 1430 homo
2973 1391 3232 1443 apparens
3267 1371 3604 1443 Unigenitus.

2101 1513 2354 1568 Salomon
2407 1513 2481 1564 ait
2535 1525 2740 1564 orans.
2782 1528 2799 1561 ι
2837 1509 2901 1562 Ει
2948 1522 3126 1573 nunc,
3185 1506 3411 1560 Domine
3463 1506 3602 1560 Deus

2030 1605 2215 1670 Israel,
2253 1603 2508 1659 credibile
2542 1603 2633 1656 liat
2664 1602 2888 1656 verbmu
2920 1610 3091 1662 tuum,
3135 1601 3276 1667 quod
3307 1599 3516 1652 locutus
3544 1613 3602 1654 es

2027 1713 2194 1766 puero
2225 1705 2316 1752 tuo
2349 1695 2534 1748 David.
2580 1695 2791 1762 Ergone
2813 1691 3072 1747 credibile
3107 1701 3187 1745 est
3213 1692 3354 1761 quod
3389 1691 3602 1746 habita-

1953 1815 1996 1868 Β
2027 1789 2103 1841 vit
2129 1789 2270 1841 Deus
2293 1801 2412 1840 cum
2443 1785 2756 1838 hominibus
2789 1783 2840 1836 in
2869 1791 3011 1836 terra
3030 1781 3116 1833 "?
3143 1799 3162 1832 ι
3195 1781 3596 1844 Animadverte,

2026 1879 2166 1948 quod
2199 1878 2422 1930 miretur
2451 1874 2612 1930 Verbi
2647 1873 3074 1928 incarnationem
3107 1888 3120 1924 :
3157 1872 3422 1925 habitavit
3446 1887 3600 1924 nam-

2023 1983 2128 2038 que
2159 1979 2280 2022 cum
2309 1967 2616 2021 hominibus
2641 1964 2691 2016 in
2722 1973 2885 2027 terra,
2914 1977 3034 2014 cum
3063 1963 3224 2016 homo
3254 1972 3338 2015 est
3369 1961 3596 2024 factum,

2023 2076 2109 2116 res
2141 2061 2284 2114 enim
2311 2058 2643 2113 incredibilis
2683 2055 2988 2110 videbatur.
3026 2052 3282 2122 Alioquin
3327 2053 3598 2120 quomodo

2030 2153 2082 2206 id
2119 2151 2446 2220 principuum
2479 2147 2733 2216 quiddam
2771 2147 2860 2214 sit,
2905 2145 2990 2198 vel
3027 2146 3296 2213 quomodo
3344 2144 3396 2197 id
3432 2143 3597 2196 mira-

2023 2243 2169 2298 tione
2200 2242 2442 2310 dignum,
2478 2255 2599 2292 cum
2638 2239 2778 2292 Deus
2817 2239 2884 2291 ab
2925 2237 3028 2298 his.
3065 2251 3184 2306 quae
3233 2237 3346 2304 ipse
3375 2249 3599 2288 creave-

2020 2335 2110 2399 rit,
2152 2347 2259 2386 non
2303 2330 2566 2393 discedat,
2602 2329 2789 2382 fovens
2820 2343 2883 2382 ea
2920 2329 3149 2390 scilicet,
3180 2336 3232 2381 et
3269 2341 3330 2379 ea
3379 2325 3596 2393 quidem

2020 2425 2325 2487 continens,
2363 2437 2481 2490 quae
2510 2421 2620 2489 jam
2659 2420 2799 2474 facta
2843 2427 3006 2481 sunt;
3041 2431 3104 2472 ea
3135 2432 3266 2472 vero
3307 2431 3428 2486 qua:
3459 2431 3596 2470 nou-

2017 2517 2144 2570 dum
2194 2515 2334 2568 facta
2385 2522 2545 2574 sunt,
2594 2513 2824 2566 creans?
2861 2509 3178 2564 Miraculum
3228 2519 3405 2562 autem
3463 2521 3591 2561 vere

2018 2607 2370 2678 prmcipuum,
2408 2603 2549 2673 quod
2577 2604 2627 2656 in
2665 2612 2805 2656 terra
2837 2617 2960 2657 cum
2991 2601 3303 2656 hominibus
3333 2601 3597 2654 habitarit

2017 2701 2179 2756 homo
2227 2701 2402 2753 factus
2453 2698 2614 2761 Deus,
2664 2697 2815 2765 juxta
2859 2695 3249 2764 promissiones
3288 2692 3396 2760 jam
3438 2701 3593 2746 antea

2016 2794 2167 2846 datas
2208 2791 2392 2845 divino
2429 2789 2630 2852 David;
2667 2789 2930 2857 scriptum
2976 2795 3062 2841 est
3102 2786 3248 2838 enim
3286 2803 3299 2838 :
3332 2803 3350 2834 ι
3385 2782 3598 2837 Juravit

2016 2881 2276 2938 Dominus
2339 2879 2500 2934 David
2559 2880 2884 2942 veritatem,
2957 2885 3012 2930 et
3071 2891 3176 2930 non
3243 2875 3596 2929 frustrabitur

2013 2989 2132 3028 eam
2155 2972 2220 3024 ".
2257 2991 2275 3023 ›
2315 2969 2452 3036 Quid
2497 2981 2679 3022 autem
2715 2967 2958 3035 juravit?
2992 2985 3010 3017 ι
3045 2966 3119 3019 De
3175 2965 3351 3018 fructu
3383 2964 3590 3017 ventris

2017 3069 2091 3120 tui
2150 3079 2344 3133 ponam
2392 3077 2558 3131 super
2601 3061 2782 3115 sedem
2842 3067 2989 3111 tuam
3013 3059 3080 3110 '7.
3115 3075 3133 3107 ι
3189 3057 3255 3109 Ει
3301 3070 3428 3108 vero
3477 3054 3588 3118 ille,

345 3131 706 3185 Manifestavit
751 3135 951 3188 etenim
1006 3137 1160 3190 nobis
1201 3137 1377 3193 Patris
1420 3140 1767 3206 voluntatem,
1821 3143 1904 3198 cui
1935 3149 1976 3205 C
2013 3131 2258 3226 quamvis
2291 3154 2632 3218 credidisset,
2669 3150 2812 3219 quod
2881 3163 3156 3215 nunquam
3202 3147 3432 3212 abneget
3469 3157 3591 3211 pro—

345 3240 362 3273 ι
394 3223 444 3275 in
480 3237 545 3277 eo
579 3225 902 3294 complacuit
929 3225 1114 3281 orbem
1157 3229 1368 3283 salvare
1403 3239 1668 3284 terrarum
1692 3233 1758 3296 η,
1795 3253 1813 3284 ι
1853 3243 1907 3287 et

339 3331 432 3383 per
465 3319 638 3386 ipsum
688 3328 744 3370 et
789 3318 840 3370 in
888 3319 1004 3386 ipso
1054 3321 1312 3372 mundum
1358 3322 1460 3373 sibi
1507 3324 1902 3379 reconciliare:

337 3408 552 3462 Christo
578 3409 722 3462 enim
755 3409 1108 3474 reconciliati,
1145 3411 1252 3465 Deo
1278 3428 1463 3466 sumus
1486 3416 1816 3470 reconciliati
1839 3417 1904 3482 η,

341 3497 478 3552 Dens
509 3508 590 3553 est
631 3502 772 3552 enim
806 3515 931 3554 vere
968 3500 1134 3556 Filius
1183 3503 1274 3556 Dei
1305 3514 1356 3557 et
1395 3505 1590 3561 Patris.
1624 3506 1902 3571 Quodnam

341 3589 502 3656 igitur
543 3590 610 3642 sit
647 3591 822 3642 Patris
853 3591 1162 3657 consilium,
1193 3594 1348 3660 eujus
1382 3596 1537 3650 nobis
1568 3596 1729 3650 fuerit
1763 3614 1904 3650 nun-

341 3677 466 3744 tius,
507 3679 620 3748 ipse
653 3680 869 3733 docebit
916 3681 1142 3735 dicens:
1184 3701 1200 3732 ι
1234 3681 1308 3736 Ita
1343 3685 1487 3737 enim
1535 3685 1725 3740 dilexit
1763 3686 1905 3742 Deus

338 3766 617 3830 mundum,
671 3777 725 3818 ut
773 3766 966 3819 Filium
1016 3785 1171 3822 suum
1224 3773 1555 3839 unigenitum
1607 3775 1781 3842 daret,
1847 3787 1904 3831 ut

336 3853 513 3906 omnis
547 3855 638 3921 qtti
673 3855 846 3908 credit
885 3857 934 3909 in
971 3857 1163 3926 ipsum,
1194 3877 1296 3914 non
1329 3874 1534 3931 pereat,
1572 3868 1666 3919 sed
1710 3869 1904 3922 habeat

337 3945 498 3996 vitam
529 3955 783 3998 retentam
804 3947 869 4000 ὀ.
905 3967 922 3998 ι
949 3949 1115 4004 Filius
1152 3965 1332 4006 autem
1365 3955 1670 4022 unigeuilus
1706 3931 1794 4010 iile
1823 3969 1906 4011 est

334 4035 424 4103 qui
469 4045 554 4088 est
585 4052 647 4088 ex
684 4047 868 4090 sancta
897 4037 1118 4106 Virgine
1155 4050 1475 4106 procreatus
1508 4059 1520 4094 :
1557 4044 1727 4110 ipsum
1758 4047 1901 4099 enim

337 4125 570 4181 Verbum
593 4127 751 4180 homo
773 4127 993 4189 factum,
1015 4130 1154 4196 quod
1177 4129 1275 4182 fuit
1297 4129 1436 4185 Deus
1454 4132 1506 4185 in
1532 4149 1717 4198 carne,
1745 4151 1805 4188 ac
1827 4137 1905 4188 sic

337 4218 565 4271 terrenis
599 4216 865 4282 apparuit.
907 4216 1147 4286 Denique
1177 4221 1390 4274 dicebat
1417 4241 1429 4276 :
1468 4242 1485 4273 ι
1517 4222 1618 4288 Qui
1650 4225 1822 4279 credit
1849 4226 1901 4279 in

335 4325 440 4374 me,
473 4309 630 4361 habet
653 4309 816 4360 vitam
849 4318 1105 4363 aeternam
1131 4311 1194 4366 ἰ.
1232 4331 1249 4363 ι
1282 4313 1430 4377 Quod
1461 4329 1586 4368 vero
1611 4331 1705 4383 per
1731 4317 1900 4382 ipsum

333 4413 386 4454 et
419 4403 469 4452 in
503 4402 615 4468 ipso
645 4401 930 4454 credamus
954 4399 1124 4466 Patri,
1159 4405 1464 4474 explanavit
1493 4408 1712 4462 dicens:
1754 4427 1772 4460 ι
1802 4411 1900 4477 Qui

2013 3250 2327 3304 missionem
2360 3249 2501 3302 Deus
2539 3245 2902 3312 omnipotens,
2943 3250 3118 3294 tamen
3163 3239 3336 3307 ipsum
3369 3251 3593 3306 genera-

2013 3341 2176 3396 tionis
2201 3341 2378 3395 locum
2414 3338 2680 3392 curiosius
2711 3333 3046 3402 inquirebat,
3083 3331 3311 3399 ideoque
3341 3328 3588 3382 dicebat:

2018 3454 2036 3484 ι
2068 3431 2124 3488 Si
2165 3432 2461 3486 ascendero
2511 3443 2673 3498 super
2717 3427 2915 3480 lectum
2966 3424 3116 3477 strati
3154 3421 3282 3488 mei,
3319 3421 3362 3474 si
3393 3419 3591 3474 dedero

2011 3538 2260 3575 somnum
2303 3519 2477 3575 oculis
2516 3518 2670 3582 meis,
2711 3525 2802 3568 aut
2849 3513 3118 3582 palpebris
3152 3512 3287 3564 meis
3325 3510 3590 3563 dormita-

2011 3614 2234 3674 tionem,
2269 3621 2362 3664 aut
2393 3609 2632 3678 requiem
2665 3607 2997 3676 temporibus
3040 3605 3196 3666 meis,
3235 3603 3409 3658 donec
3437 3602 3590 3655 inve-

2011 3705 2153 3758 niam
2186 3703 2360 3757 loeum
2399 3702 2645 3763 Domino,
2687 3697 3092 3752 tabernaculum
3127 3697 3238 3749 Deo
3267 3693 3436 3749 Jacob
3457 3693 3527 3744 ".
3564 3710 3585 3744 ι

2011 3795 2214 3849 Deinde
2256 3809 2376 3847 cum
2424 3793 2473 3846 id
2503 3805 2718 3860 quoque
2769 3805 2863 3857 per
2905 3789 3154 3856 spiritum
3187 3786 3501 3854 reperissel,
3536 3792 3591 3836 et

2008 3885 2244 3940 carnalis
2288 3882 2649 3950 generationis
2690 3878 2965 3946 Unigeniti
3003 3879 3180 3930 locum
3217 3876 3584 3943 cognovisset,

2009 3973 2415 4042 evangelizabat
2483 3982 2538 4024 et
2598 3969 2811 4022 dicebat
2861 3986 2874 4021 :
2932 3986 2950 4020 ι
2993 3967 3308 4020 Audivimns
3355 3980 3473 4019 eam
3535 3971 3584 4022 in

2009 4065 2270 4132 Ephrata,
2302 4081 2320 4112 ι
2359 4063 2535 4125 idest,
2570 4063 2620 4113 in
2655 4059 2968 4125 Bethleem;
3007 4078 3024 4108 ι
3053 4058 3354 4113 invenimus
3385 4075 3503 4114 eam
3533 4061 3584 4113 iu

2008 4156 2213 4223 campis
2241 4153 2390 4207 silva:
2409 4154 2475 4206 '9.
2513 4172 2531 4204 ι
2579 4153 2731 4220 Quod
2768 4167 2894 4206 vero
2921 4153 3106 4206 dicens
3129 4152 3383 4219 Ephrata,
3412 4153 3584 4221 signi-

2009 4247 2132 4300 ticet
2178 4237 2452 4298 Bethleem
2484 4285 2499 4308 ,
2547 4245 2806 4314 propheta
2858 4242 3230 4312 comprobavit
3276 4261 3289 4295 :
3343 4261 3362 4293 ι
3395 4244 3457 4296 Et
3491 4255 3582 4306 tu,

2008 4334 2305 4397 Bethleem,
2335 4334 2522 4388 domus
2555 4334 2788 4402 Ephrata
2821 4334 2886 4387 ³ο.
2920 4353 2937 4385 ι
2977 4333 3213 4388 Observa
3243 4343 3422 4386 autem
3458 4347 3585 4401 quo-

2010 4425 2167 4480 modo
2204 4440 2350 4489 eum,
2389 4440 2546 4494 quem
2586 4426 2894 4481 crediderat
2921 4426 3338 4495 creatumjuxta
3391 4441 3490 4479 nos
3527 4426 3580 4478 iu

334 4497 510 4549 cred“-
537 4496 588 4547 i"
630 4508 733 4558 "‘ev
765 4509 868 4548 “0"
896 4495 1069 4587 θ-Γεάίί
1100 4496 1150 4549 i"
1178 4511 1282 4561 me,
1317 4499 1409 4551 sed
1438 4499 1488 4552 ί¹¹
1519 4515 1640 4553 eum
1674 4502 1762 4568 (ιιιί
1797 4502 1897 4555 ιηί-
1935 4512 1976 4566 D
2003 4518 2263 4587 Ephrata,
2313 4517 2478 4571 Deum
2523 4516 2689 4571 Jacob
2742 4519 3000 4582 nominet,
3058 4518 3214 4586 cujus
3265 4517 3584 4570 inhabitatio

330 4587 402 4642 sit
445 4601 528 4639 me
551 4588 629 4652 “;
661 4605 678 4636 ι
714 4595 766 4638 et
800 4604 811 4637 :
852 4604 870 4636 ι
904 4585 1004 4653 Qui
1031 4587 1164 4641 vidit
1197 4603 1302 4654 me,
1354 4590 1485 4642 vidit
1515 4605 1639 4644 cum
1671 4593 1760 4661 qui
1799 4595 1898 4646 mi-

329 4679 397 4731 sit
433 4693 514 4730 tne
539 4679 604 4730 ’³.
637 4697 655 4729 ι

403 4786 421 4819 ι
453 4769 644 4822 Audite
689 4785 794 4832 me,
838 4768 1044 4832 insulae,
1093 4781 1145 4824 et
1194 4773 1473 4838 attendite,
1519 4785 1725 4843 gentes.
1775 4777 1900 4835 Post

330 4860 555 4915 multum
608 4864 864 4931 temporis
894 4863 1078 4927 stabit,
1114 4863 1242 4919 dicit
1284 4864 1578 4933 Dominus;
1627 4883 1692 4922 ex
1745 4861 1899 4926 utero

329 4954 520 5007 tnatris
563 4956 834 5008 vocabunt
880 4970 1072 5008 nomen
1112 4971 1287 5008 meum
1313 4956 1378 5010 "‘.
1415 4976 1434 5010 ι
1481 4959 1614 5012 Cum
1661 4959 1894 5016 Verbum

327 5045 396 5097 sit
425 5043 588 5106 Deus,
615 5060 718 5099 non
747 5046 1016 5114 ignoravit
1038 5048 1180 5114 quod
1206 5049 1606 5115 generationem
1637 5051 1893 5118 patietur,

327 5150 394 5188 ex
428 5136 655 5189 muliere
696 5137 1032 5191 incarnatum
1067 5131 1415 5205 propter’nos
1466 5138 1682 5195 Sciebat
1718 5153 1894 5198 autem

329 5227 470 5293 quod
518 5228 801 5281 vocabitur
853 5229 1103 5282 Christus
1146 5227 1302 5282 Jesus
1351 5247 1378 5282 a
1431 5229 1540 5286 Deo
1595 5245 1648 5287 et
1701 5232 1895 5300 Tatrc;

325 5317 578 5373 omnibus
623 5320 780 5373 nobis
815 5334 1007 5372 novum
1036 5319 1135 5374 ﬁlii
1171 5336 1366 5374 nomen
1401 5324 1718 5392 praedicans,
1753 5333 1896 5396 quod

399 5540 442 5570 ¹⁵
477 5538 576 5591 Isa.
622 5552 716 5596 vit,
749 5537 834 5598 Η,
861 5537 1011 5602 juxta
1053 5535 1239 5590 Matth.
1275 5549 1328 5594 et
1366 5541 1549 5602 Cyrilli
1580 5542 1884 5602 lectionem.

325 5609 534 5662 (ςοιοδς,
574 5623 612 5664 ι,
644 5607 730 5658 :20,
816 5609 856 5638 ¹θ
890 5605 1040 5658 Ιὶοιιι.
1072 5623 1120 5658 ν.
1152 5610 1235 5661 10.
1315 5613 1359 5641 ²⁰
1397 5605 1554 5664 .Iuan.
1583 5631 1660 5675 ιιι,
1697 5617 1780 5672 16.

704 5747 744 5776 ³⁸³
775 5746 930 5802 Μίςιι.
968 5763 1017 5810 v,
1051 5747 1103 5799 “2.

331 5750 372 5779 "
405 5752 532 5804 ibid.
567 5749 622 5803 6.
704 5749 744 5776 ³³³
775 5749 930 5802 Μὶςιι.
968 5763 1017 5810 v,
1051 5749 1103 5799 “2.
1185 5749 1225 5778 ³¹
1265 5751 1405 5805 I’sal.
1454 5768 1593 5818 λιι-ι,
1635 5757 1715 5810 lU.

1959 5553 2000 5622 ξ⁶
2029 5552 2256 5622 Philipp.
2305 5571 2362 5618 ll,
2397 5557 2448 5609 7.

612 5619 730 5688 υῐιυ.
816 5619 1248 5690 ¹.’“ιξριιι..-ν..μυ;ἱ
1315 5619 1554 5690 “MJuau.
1583 5619 1780 5690 tt_t,_16.
1861 5622 1901 5650 “
1944 5619 2098 5676 Joan.
2146 5619 2218 5684 vi;
2250 5625 2337 5677 47.

501 5679 754 5760 ¹μηίυΧμι
1015 5677 1082 5760 ’⁵⁸
1123 5675 1160 5729 II
1187 5679 1447 5760 "I‘n‘ruIip.
1504 5698 1576 5746 γι,
1613 5685 1696 5748 I7,
1749 5689 1899 5759 jttxltl

2015 5693 2102 5749 ix.
2180 5696 2225 5726 ²⁶
2253 5695 2392 5752 I’sal.
2426 5712 2610 5760 exui,
2655 5698 2734 5750 ll.

2009 4608 2108 4660 fuit
2143 4608 2193 4659 in
2229 4605 2578 4660 tabernaculo
2611 4624 2623 4660 :
2655 4607 2723 4660 ibi
2757 4607 2902 4660 enim
2938 4608 3149 4676 peperit
3175 4605 3360 4659 Jesum
3389 4615 3578 4658 sancta

2010 4699 2194 4768 Virgo.

2075 4790 2328 4844 Nominat
2358 4798 2534 4844 autem
2567 4803 2687 4842 eum
2715 4795 2772 4840 et
2803 4785 2928 4840 alibi
2969 4785 3134 4839 Deum
3178 4786 3449 4840 Abraham
3487 4787 3568 4838 di-

2007 4897 2136 4936 cens
2169 4899 2181 4934 :
2216 4900 2234 4932 ι
2266 4880 2542 4948 Principes
2572 4877 2887 4946 pepulorum
2933 4877 3243 4945 congregati
3290 4887 3416 4930 sunt
3458 4892 3579 4929 cum

2008 4974 2115 5027 Deo
2158 4971 2427 5026 Abraham
2457 4971 2523 5022 ³¹.
2562 4989 2579 5020 ι
2614 4969 2758 5023 Peue
2791 4969 2933 5022 enim
2989 4971 3184 5022 mentis
3229 4983 3337 5023 suat
3385 4969 3576 5031 oculis,

2008 5079 2102 5131 per
2126 5062 2569 5116 illuminatiouem
2590 5061 2823 5129 Spiritus
2847 5060 3045 5122 sancti,
3071 5059 3373 5114 futurorum
3397 5061 3578 5114 scien-

2011 5153 2078 5206 tia
2123 5154 2389 5219 eruditus,
2426 5153 2695 5222 principes
2737 5153 3078 5223 populorum,
3129 5155 3179 5206 id
3227 5165 3329 5219 est,
3361 5164 3575 5208 sanctos

2009 5245 2282 5311 apostolos
2324 5247 2373 5298 iu
2427 5246 2632 5299 Domini
2683 5247 2850 5299 nostri
2897 5245 3025 5301 Jesu
3071 5246 3270 5300 Christi
3320 5247 3574 5299 cernebat

2008 5336 2285 5404 obsequio.
2331 5337 2463 5392 Cttm
2502 5336 2664 5406 igitur
2700 5355 2718 5388 ι
2749 5336 2891 5391 Deus
2930 5338 3201 5391 Abraham
3237 5357 3254 5388 ι
3287 5349 3340 5391 ct
3381 5357 3398 5388 ι
3432 5335 3574 5390 Deus

2567 5558 2606 5586 ”
2648 5557 2746 5612 ιεη-
2789 5573 2876 5637 κει.
2910 5551 3428 5637 finitumi“;
3469 5625 3485 5637 .
3527 5551 3569 5588 "

2416 5629 2460 5657 "
2492 5625 2646 5681 .Iunu.
2687 5644 2780 5692 xtl,
2817 5627 2903 5680 Μ.
2983 5626 3026 5656 ²³
3063 5625 3189 5680 ibid.
3221 5625 3306 5677 45.
3387 5625 3433 5656 ⁸⁵
3468 5625 3568 5678 Isa.

2426 5712 2610 5752 exul.
2655 5698 2734 5750 II.
2849 5699 2890 5729 ³⁷
2936 5697 3062 5752 ibid.
3177 5697 3220 5727 "
3281 5697 3410 5752 ibid.
3452 5696 3486 5750 5
3517 5696 3565 5748 5-
