4082 6258
487 327 491 331 ι
523 287 656 343 1305

1537 293 1595 348 S.
1637 294 1911 349 CYBILLI
1951 297 2418 352 ALEXANDRIM
2458 298 2770 354 ARCHIEP.

3617 294 3636 346 1
3653 293 3740 347 HM

522 398 704 463 Iacob,
736 417 755 450 ι
798 399 890 468 qui
924 410 1008 456 est
1049 413 1206 457 natus
1235 419 1301 458 ex
1359 404 1605 470 muliere,
1651 407 1958 466 nominatus
1987 412 2076 476 sit,
2111 420 2155 475 Α
2186 411 2360 464 anima
2409 428 2546 466 mea.
2581 431 2597 462 ι
2641 410 2780 464 Deus
2810 423 3040 478 namque
3076 414 3158 460 est
3191 414 3380 460 natura
3417 406 3738 459 Emmanuel.

519 504 687 558 quare
713 503 816 544 non
841 491 912 546 sit
941 492 1101 563 Virgo
1125 505 1310 547 sancta
1349 494 1644 560 Θεοτὸκοςῖ

465 582 467 584 ’
763 671 766 673 .
1111 620 1262 676 CAP.
1313 620 1481 678 xxx.

1207 755 1386 811 Aliud.

589 859 853 932 Propheta
904 863 1200 924 Habacuc:
1239 888 1258 920 ι
1289 869 1542 935 Domine,
1589 871 1794 942 inquit,
1846 876 2079 931 iuamlivi

515 955 754 1007 auditum
788 961 960 1017 tuum,
989 966 1041 1010 et
1092 958 1270 1015 timui.
1305 960 1653 1016 Consideravi
1682 979 1840 1033 opera
1872 977 1982 1032 tua,
2027 977 2084 1022 et

515 1044 726 1112 expavi.
764 1044 818 1098 In
860 1048 1037 1101 medio
1078 1050 1306 1103 duorum
1350 1054 1659 1106 animalium
1698 1059 2077 1124 cognosceris:

515 1132 570 1185 in
607 1134 893 1188 adventum
930 1139 1183 1205 temporis
1221 1141 1521 1196 ostemleris
1560 1143 1611 1195 in
1639 1159 1702 1197 eo
1733 1162 1745 1196 :
1781 1145 1904 1196 dum
1947 1162 2078 1199 con-

517 1224 727 1278 turbata
768 1225 928 1279 fuerit
966 1229 1144 1281 anima
1175 1246 1312 1291 mea,
1349 1232 1400 1284 in
1434 1233 1510 1284 ira
1553 1234 1934 1288 misericordiae
1967 1253 2080 1290 me-

514 1331 634 1370 mor
670 1318 798 1373 eris.
845 1319 982 1371 Deus
1029 1324 1093 1373 de
1133 1319 1374 1375 Thcmau
1419 1324 1619 1388 veniet,
1671 1335 1725 1378 et
1767 1336 1986 1380 sanctus
2017 1329 2082 1382 de

513 1417 697 1462 monte
736 1408 948 1463 Pharan
973 1411 1037 1463 θ’.
1071 1430 1091 1461 ›
1133 1413 1289 1476 Vide,
1337 1417 1605 1482 quomodo
1639 1416 1691 1469 in
1747 1419 1920 1472 medio
1945 1419 2080 1471 duo-

513 1513 630 1550 rum
662 1499 976 1553 auimalium
1010 1513 1365 1570 coguoscetur
1395 1523 1408 1558 :
1447 1523 1568 1558 nam
1595 1522 1714 1560 cum
1747 1521 1908 1564 natus
1937 1523 2079 1565 esset

507 1604 572 1640 ex
624 1589 868 1654 muliere,
895 1602 948 1642 et
987 1593 1209 1646 vixisset
1254 1611 1424 1664 usque
1470 1598 1534 1648 ad
1574 1607 1781 1666 tempus
1833 1603 2079 1668 pretiosae

506 1679 717 1744 erucis;
751 1698 770 1730 ‹
805 1679 989 1734 Gnatia
1045 1683 1158 1746 Dei,
1193 1684 1331 1737 sicut
1386 1687 1460 1738 ait
1509 1688 1696 1742 beatus
1732 1689 1946 1756 Paulus,
1983 1708 2076 1758 per

506 1783 661 1820 suum
695 1783 890 1838 corpus
915 1787 1011 1838 pro
1032 1773 1281 1827 oumibus
1305 1778 1539 1843 gustavit
1567 1789 1791 1833 mortem
1816 1781 1880 1836 ³³.
1912 1800 1930 1830 ›
1969 1781 2072 1836 Sed

504 1860 756 1925 quoniam
803 1871 994 1914 natura
1052 1874 1170 1917 erat
1226 1865 1397 1932 Deus,
1446 1872 1743 1924 resurrexit
1787 1874 1962 1926 denuo
2020 1876 2071 1927 in

505 1951 890 2018 sempiternam
921 1954 1106 2007 vitam.
1137 1957 1394 2024 Coguitus
1423 1968 1507 2012 est
1537 1960 1701 2027 igitur
1726 1963 1831 2027 hic,
1861 1964 1949 2032 qui
1976 1979 2073 2034 pro

505 2041 660 2094 nobis
690 2042 976 2109 pretiosam
1009 2047 1264 2101 sustinuit
1291 2067 1504 2104 crucem
1547 2054 1598 2104 in
1635 2055 1811 2106 medio
1843 2057 2068 2109 duorum

501 2132 835 2185 animalium.
864 2132 995 2185 Nam
1032 2135 1145 2202 ipse
1170 2137 1365 2192 alicubi
1395 2141 1469 2194 ait
1503 2143 1568 2196 ad
1602 2141 1816 2197 Iuda-os
1843 2163 1855 2197 ε
1897 2163 1913 2196 ι
1938 2146 2068 2199 Cum

498 2217 870 2271 exaltaveritis
901 2217 1093 2272 Filiqu
1132 2223 1387 2289 hominis,
1423 2238 1531 2280 tum
1571 2234 1908 2298 cognoscetis
1943 2236 2069 2302 quia

497 2323 597 2373 ego
642 2326 760 2364 sum
786 2312 851 2364 3".
887 2332 906 2364 ι
947 2315 1080 2370 Vide
1120 2316 1308 2379 etiam,
1356 2322 1626 2385 quomodo
1673 2323 1836 2375 Deum
1894 2326 2067 2393 ipsum

496 2401 804 2468 nominans,
859 2419 925 2459 ex
971 2405 1211 2459 Theman
1264 2419 1575 2476 venturum,
1632 2423 1686 2464 et
1739 2429 1804 2466 ev
1859 2414 2067 2470 Pharzm

497 2501 679 2546 monte
704 2497 1011 2562 pronuntiat
1043 2499 1451 2568 (interpretatur
1475 2513 1655 2556 autem
1685 2505 1926 2562 Theman
1958 2511 2067 2562 Att-

493 2583 668 2648 sler):
703 2588 949 2652 apparuit
996 2589 1137 2642 enim
1187 2591 1453 2653 Christus,
1514 2610 1616 2646 non
1670 2610 1696 2646 a
1757 2598 2068 2664 regionibus

497 2673 796 2741 Aquilonis,
849 2678 943 2730 sed
996 2681 1062 2732 ab
1111 2682 1334 2733 au‘strali
1389 2681 1597 2745 Judzea,
1650 2687 1698 2738 iu
1755 2705 1859 2756 qua
1901 2691 2064 2743 etiam

491 2765 765 2822 Bethleem
796 2779 899 2824 est.
937 2771 1066 2826 Cutn
1113 2773 1276 2840 igitur
1306 2777 1372 2834 is.
1402 2777 1491 2842 qui
1542 2776 1799 2832 Dominus
1834 2791 1887 2834 et
1930 2782 2066 2837 Deus

490 2859 800 2914 nominatus
829 2872 930 2927 est,
964 2878 1027 2915 ex
1059 2864 1238 2917 .luda-a
1273 2869 1479 2920 venerit
1515 2870 1758 2930 australi,
1794 2883 1950 2922 natus
1986 2883 2065 2926 est

489 2950 632 3002 enim
677 2952 726 3005 in
775 2953 1087 3020 Bethleem;
1118 2959 1384 3024 quomodo
1435 2973 1539 3014 non
1585 2961 1654 3014 sit
1687 2973 1871 3016 sancta
1902 2963 2063 3032 Virgo

487 3041 748 3106 Θεοτόκος
760 3041 784 3096 ?

1077 3160 1226 3217 CAP.
1271 3161 1464 3219 XXXI.

1186 3277 1366 3330 Aliud.

556 3382 614 3438 in
661 3383 855 3441 Genesi
913 3387 1172 3454 scriptmn
1222 3399 1302 3442 cst
1349 3409 1360 3442 :
1403 3411 1420 3442 ι
1452 3389 1833 3450 Subrcmansit
1880 3411 2057 3465 autem

483 3472 652 3528 Jacob
679 3477 846 3541 solus,
881 3487 934 3530 et
959 3477 1265 3532 luctabatur
1291 3483 1449 3536 homo
1482 3499 1601 3536 eum
1649 3487 1766 3554 ipso
1796 3504 1962 3558 usque
1992 3493 2056 3544 ad

487 3580 644 3620 tuane
673 3583 686 3618 :
720 3566 850 3618 vidit
879 3577 1056 3620 autem
1088 3571 1228 3636 quod
1277 3588 1377 3623 non
1407 3576 1724 3640 praevaleret
1754 3581 1817 3631 ad
1856 3581 2053 3648 ipsum,

482 3664 538 3709 et
572 3654 750 3724 tetigit
801 3654 1135 3709 latitudinem
1169 3658 1329 3728 795
1355 3659 1572 3715 femoris
1624 3665 1761 3732 ejus,
1801 3685 1920 3721 cum
1972 3673 2053 3724 lu-

481 3754 722 3800 ctaretur
756 3762 875 3799 cum
917 3762 1000 3811 eo,
1041 3759 1094 3800 et
1128 3748 1264 3802 dixit
1296 3751 1342 3803 ei
1378 3770 1392 3804 :
1434 3751 1653 3807 Dimitte
1702 3771 1806 3820 me,
1856 3775 2048 3814 ascen—

480 3837 560 3892 dit
599 3839 740 3892 enim
768 3851 937 3892 ortus.
980 3838 1072 3893 llle
1119 3850 1296 3895 autem
1335 3843 1511 3897 dixit:
1551 3845 1667 3900 Non
1714 3857 1764 3903 te
1811 3849 2048 3919 dimitto,

478 3929 584 3984 nisi
607 3929 950 3985 benedixcris
973 3931 1105 3986 mihi
1133 3933 1197 3986 ³⁵.
1235 3953 1253 3984 ι
1292 3933 1356 3988 ΕΙ.
1382 3947 1499 4004 post
1529 3939 1632 3992 alia
1671 3959 1684 3994 :
1724 3962 1740 3992 ι
1771 3942 2052 4001 Bcnedixit

477 4031 658 4076 autem
694 4038 815 4076 eum
848 4023 944 4089 ibi,
974 4033 1028 4078 et
1063 4027 1274 4079 vocavit
1305 4044 1500 4083 nomen
1534 4031 1633 4086 loci
1666 4034 1826 4099 illius,
1860 4037 2047 4092 facient

477 4113 613 4168 Dei:
647 4115 754 4170 vidi
790 4117 958 4180 enim,
992 4116 1188 4186 inquit,
1244 4119 1407 4173 Demn
1450 4121 1587 4177 facie
1631 4127 1695 4178 ad
1735 4125 1948 4193 faciem,
1995 4139 2049 4186 et

472 4207 676 4264 salvata
725 4219 807 4262 est
855 4209 1033 4261 anima
1087 4215 1520 4268 mea:ascendit
1575 4231 1752 4272 autem
1814 4222 1927 4287 sol,
1993 4235 2048 4278 et

472 4298 689 4351 transiit
741 4297 906 4353 facies
956 4302 1078 4367 Dei;
1131 4305 1244 4369 ipse
1290 4316 1465 4358 autem
1521 4308 1787 4364 titubabat
1840 4313 2045 4370 femore

469 4401 571 4442 suo
592 4386 658 4439 ³⁸.
692 4406 711 4439 ›
739 4387 997 4457 Mystirus
1019 4391 1232 4459 quidem
1258 4404 1340 4446 est
1370 4394 1772 4465 Scripturarum
1806 4417 1997 4459 sensus
2024 4424 2037 4459 :
2078 4419 2120 4475 ι)
2156 4423 2227 4476 De

465 4477 809 4532 subiudicare
845 4479 988 4535 enim
1018 4481 1227 4537 videtur
1256 4483 1560 4541 Judzeorum
1595 4490 2035 4564 obluctationcm,

466 4585 573 4639 qua
609 4569 896 4625 utebantur
933 4588 1058 4628 cum
1091 4574 1328 4643 Christo,
1363 4593 1498 4646 pene
1533 4594 1653 4632 cum
1689 4583 1802 4652 ipso
1829 4585 2036 4640 luctan-

463 4668 586 4726 tes;
617 4661 708 4731 qui
743 4671 916 4718 tamen
957 4666 1196 4735 superati
1246 4676 1392 4732 sunt,
1426 4678 1480 4722 et
1525 4670 1620 4740 ipsi
1656 4673 1819 4727 etiam
1851 4676 2026 4747 impe-

463 4754 656 4807 traturi
683 4754 1114 4812 benedictionem
1148 4759 1334 4829 ipsius,
1382 4761 1424 4814 si
1481 4779 1578 4832 per
1613 4765 1771 4820 fidem
1803 4769 1872 4822 ad
1911 4785 2032 4824 eum

459 4843 769 4900 novissimis
818 4849 1151 4916 temporibus
1204 4866 1263 4904 se
1303 4856 1724 4911 convertisscnt.
1776 4859 2030 4916 Attamen

457 4932 545 4987 ille
574 4943 722 4990 certe
760 4935 919 4991 homo
949 4947 1090 5003 erat,
1133 4941 1222 5008 qui
1255 4942 1578 5009 luctabatur,
1613 4956 1666 5000 et
1695 4961 1817 5000 eum
1848 4958 2024 5003 tamen

454 5022 622 5080 Jacob
659 5026 754 5080 Dei
787 5027 978 5083 faciem
1021 5030 1368 5101 nominabat;
1400 5052 1574 5106 neque
1609 5037 1658 5091 id
1701 5040 1899 5106 solum,
1930 5042 2024 5096 sed

453 5115 665 5172 sciebat
692 5133 813 5173 eum
841 5119 1004 5174 Deum
1031 5137 1152 5178 esse
1176 5127 1471 5180 secundum
1496 5130 1775 5184 veritatem
1806 5148 1820 5184 :
1857 5152 1876 5186 ι
1911 5131 2024 5186 Vidi

452 5208 619 5277 enim,
654 5209 846 5281 inquit,
879 5213 1046 5269 Deum
1090 5213 1226 5270 facie
1260 5215 1326 5271 ad
1372 5218 1586 5288 faciem,
1620 5231 1673 5276 et
1704 5223 1907 5278 salvata
1944 5235 2026 5280 cst

544 5345 836 5423 f'_llabacL
867 5365 962 5412 Ill,
991 5351 1032 5423 _i
1053 5366 1232 5423 _seqq.
1311 5356 1356 5387 ³³
1403 5357 1561 5412 liebr.
1599 5376 1667 5423 ιι,
1709 5361 1762 5416 9.

451 5411 494 5494 ξ]
523 5414 705 5494 llebr._
735 5435 776 5494 t_,
805 5420 858 5472 3.
949 5411 1007 5452 ί³⁸
1023 5411 1210 5494 -Ιοειιὶί
1237 5442 1289 5490 v,
1319 5427 1405 5481 58.
1462 5411 1527 5459 7³³
1552 5411 1934 5494 Ccufitxxv,‘

449 5481 501 5535 9.
616 5485 660 5516 ⁸³
689 5485 706 5538 Ι
731 5481 856 5543 Cor.
896 5506 983 5553 xv,
1021 5491 1074 5543 5.

449 5680 488 5733 Β
521 5615 597 5738 (Lit)
641 5616 732 5674 Hic
769 5622 916 5678 locus
947 5625 1175 5681 habetur
1204 5629 1500 5698 descriptus

493 5700 520 5735 Α
583 5700 642 5738 'z.

493 5700 642 5738 Αιιί.

1841 5363 1886 5394 ³⁵
1919 5363 1941 5398 1
1947 5379 1978 5398 Ιὶ
1985 5381 2006 5398 'I
2017 5381 2046 5398 Ιὶ
2113 5381 2141 5398 ιν

1868 5365 1886 5394 ⁵
1915 5361 2070 5417 Joan.
2113 5381 2205 5418 vut
2235 5408 2249 5432 ,
2306 5367 2396 5420 28.
2473 5369 2516 5400 ³⁵
2546 5369 2680 5423 Cen.
2740 5385 2886 5423 xxxtt
2913 5409 2927 5432 ,
2959 5371 3153 5426 24-26.
3231 5372 3276 5403 ³⁸

1868 5450 1905 5494 ι,
1961 5435 2007 5486 l.
2086 5435 2130 5466 "°
2155 5435 2285 5488 Dan.
2333 5454 2428 5502 vtt,
2469 5440 2531 5493 15
2563 5457 2716 5511 seqq.
2791 5440 2832 5471 “
2870 5441 3099 5513 Philipp.
3137 5457 3195 5506 tt,
3227 5442 3282 5497 7.

2189 501 2395 554 Dit‘illll‘
2438 512 2617 556 autem
2669 503 2832 556 etiam
2870 501 3036 554 facies
3073 499 3190 553 Dei.
3228 497 3361 551 Nam
3401 507 3487 550 est
3530 515 3547 547 ι
3584 497 3741 564 figura

2183 593 2497 647 Substantia:
2545 593 2720 646 Patris
2742 592 2809 656 ³⁷,
2851 611 2868 644 ι
2897 601 2948 645 et
2991 578 3062 644 ita
3107 603 3165 643 se
3213 588 3440 642 vocabat
3491 586 3632 653 apml
3660 584 3744 638 Ju-

2183 685 2351 748 daaos,
2381 698 2502 736 cum
2531 685 2732 737 diceret
2763 683 2830 736 de
2856 682 2962 736 Deo
2986 690 3039 734 et
3071 679 3230 733 Patre
3256 696 3268 731 :
3301 696 3319 728 ι
3354 676 3536 744 Neque
3563 674 3742 729 faciem

2183 771 2298 835 ejus
2333 771 2560 836 vidistis,
2592 784 2646 826 et
2687 771 2906 826 verbum
2955 770 3072 839 ejus
3117 783 3221 822 non
3265 766 3473 820 habetis
3515 765 3569 818 in
3603 763 3745 818 vobis

2185 877 2434 926 manens,
2471 864 2596 931 quia
2648 879 2808 934 quem
2855 861 3002 916 misit
3035 860 3144 924 ille,
3186 859 3310 913 huic
3339 871 3436 911 vos
3485 871 3590 910 non
3632 869 3742 909 ere-

2184 951 2309 1004 ditis
2333 950 2396 1001 ⁹⁸.
2432 967 2449 1001 ι

2256 1040 2406 1106 Quod
2439 1055 2568 1093 vero
2606 1040 2748 1094 Deus
2777 1041 2845 1093 sit
2871 1054 3034 1093 verus
3064 1040 3228 1092 homo
3258 1037 3345 1090 ille
3391 1037 3480 1104 qui
3513 1034 3744 1089 [uetaba-

2185 1139 2272 1183 tur
2315 1147 2434 1184 cum
2467 1129 2654 1192 Jacob,
2686 1143 2840 1183 sacra
2889 1129 3081 1183 iterum
3127 1127 3306 1180 littera
3341 1127 3502 1180 faciet
3549 1125 3740 1187 fidem;

2183 1220 2316 1272 dixit
2368 1221 2508 1273 enim
2546 1237 2558 1271 :
2600 1239 2618 1271 ι
2654 1219 2829 1287 Inquit
2889 1219 3146 1272 Dominus
3195 1207 3261 1272 ad
3293 1217 3505 1271 Jacob:
3546 1215 3741 1282 Surge,

2182 1312 2412 1362 ascende
2445 1310 2498 1363 in
2546 1311 2718 1362 locum
2765 1308 3062 1374 Bethleem,
3099 1309 3280 1362 habita
3333 1308 3426 1370 ibi,
3465 1317 3516 1361 et
3549 1306 3635 1360 fac
3677 1307 3743 1359 ibi

2182 1399 2354 1453 altare
2396 1399 2524 1462 Deo,
2567 1402 2657 1466 qui
2711 1400 2961 1469 apparuit
2988 1399 3084 1452 tibi
3132 1414 3254 1452 cum
3286 1399 3494 1466 fugeres
3541 1413 3571 1450 a
3614 1395 3745 1450 facie

2182 1490 2366 1544 fratris
2400 1491 2473 1544 tui
2518 1491 2658 1544 Esau
2681 1491 2743 1543 η.
2781 1509 2798 1540 ι
2832 1491 3128 1543 Revertens
3157 1490 3299 1542 enim
3344 1503 3406 1542 ex
3440 1487 3746 1555 Mesopota-

2183 1583 2284 1635 mia
2321 1583 2411 1637 Dei
2435 1584 2611 1653 jussu,
2659 1594 2711 1637 et
2745 1584 2941 1636 timens
2977 1583 3140 1645 Esau,
3178 1580 3387 1648 trajecit
3428 1580 3590 1632 Iacob
3617 1593 3743 1647 pue-

2183 1691 2268 1727 ros
2297 1683 2349 1727 et
2370 1675 2550 1728 omnia
2586 1690 2711 1728 vasa
2745 1689 2840 1728 sua
2869 1691 2884 1727 :
2923 1689 2940 1723 ι
2977 1671 3355 1743 Subremansit
3378 1677 3552 1725 autem
3576 1668 3745 1732 solus,

2111 1749 2148 1801 Β
2177 1774 2230 1817 ct
2261 1765 2561 1818 luctabatur
2590 1766 2747 1818 homo
2773 1779 2892 1818 cum
2924 1778 3009 1817 eo.
3044 1782 3062 1813 ι

2755 1877 2907 1931 CAP.
2950 1875 3164 1931 XXXII.

2868 1990 3048 2044 Aliud.

2244 2101 2440 2156 Beatus
2490 2103 2672 2156 Daniel
2725 2104 3041 2158 horribilem
3080 2103 3339 2158 visionem
3393 2102 3548 2156 nobis
3591 2117 3746 2170 expo-

2175 2209 2306 2246 nens
2336 2212 2349 2248 :
2383 2213 2401 2244 ι
2436 2194 2714 2260 Videbam,
2744 2195 2938 2264 inquit,
2973 2197 3024 2248 in
3054 2196 3262 2249 visione
3289 2195 3488 2257 noctis,
3519 2204 3572 2248 et
3596 2209 3740 2257 ecce,

2172 2300 2293 2336 cum
2337 2286 2566 2340 nubibus
2601 2287 2721 2340 caeli
2766 2287 2918 2355 quasi
2946 2286 3117 2341 Filius
3144 2286 3382 2340 hominis
3415 2286 3658 2348 veniens,
3691 2293 3744 2339 et

2175 2391 2344 2442 usque
2385 2376 2447 2428 ad
2482 2373 2761 2430 Vetustum
2795 2378 3002 2432 dierum
3039 2379 3303 2445 pervenit,
3345 2385 3400 2431 et
3431 2378 3482 2430 in
3519 2391 3743 2443 conspe-

2171 2475 2316 2518 ctum
2345 2466 2459 2532 ejus
2489 2470 2826 2522 adduxerunt
2856 2485 2999 2532 emn,
3037 2481 3093 2524 et
3124 2470 3222 2538 ipsi
3250 2471 3409 2524 datus
3439 2479 3524 2523 est
3551 2471 3741 2530 honor,

2171 2568 2222 2612 et
2257 2575 2476 2628 regnum
2506 2578 2521 2613 :
2549 2570 2601 2612 et
2633 2573 2821 2615 omnes
2857 2561 3059 2630 pepuli,
3098 2562 3290 2624 tribus,
3338 2571 3392 2614 et
3423 2561 3616 2630 linguae
3644 2561 3738 2628 ipsi

2169 2651 2450 2704 servient:
2479 2662 2717 2719 potestas
2758 2653 2874 2720 ejus
2921 2662 3161 2719 potestas
3206 2654 3257 2705 in
3304 2661 3590 2715 aztcrmtm,
3625 2666 3742 2720 qua:

2171 2755 2272 2794 non
2307 2743 2756 2811 transgredietur,
2795 2755 2849 2796 et
2889 2759 3112 2813 regnum
3145 2743 3261 2810 ejus
3293 2759 3397 2795 non
3427 2756 3742 2808 corrumpe-

2171 2841 2253 2885 tur
2276 2832 2340 2886 ⁸ο.
2376 2852 2394 2884 ι
2427 2834 2592 2889 Audis
2620 2836 3071 2904 quemadmodum
3097 2849 3200 2888 non
3227 2835 3501 2891 hominem
3536 2835 3741 2902 simpli-

2168 2924 2305 2977 citer
2330 2939 2388 2979 se
2417 2925 2616 2980 vidisse
2646 2937 3058 2988 conuuemoret.
3106 2943 3173 2981 ne
3210 2943 3350 2982 unus
3379 2943 3442 2981 ex
3477 2929 3650 2988 nobis.
3687 2938 3743 2982 et

2166 3015 2314 3084 juxta
2353 3031 2449 3070 nos
2489 3017 2804 3070 Emmanuel
2846 3033 2964 3072 esse
3007 3018 3297 3084 credatur;
3330 3022 3423 3073 sed
3465 3022 3618 3088 quasi
3648 3018 3742 3072 Fi-

2091 3079 2132 3135 Ο
2166 3079 2296 3164 lium
2343 3110 2594 3166 hominis.
2641 3109 2758 3183 [(l)
2797 3111 2929 3165 Cum
2962 3111 3104 3165 enim
3140 3103 3391 3166 'Verhum
3434 3122 3623 3166 natura
3669 3113 3742 3167 sit

2168 3203 2338 3269 Deus,
2399 3203 2490 3256 «in
2539 3204 2896 3258 similitudine
2945 3214 3125 3258 tamen
3183 3204 3461 3258 hominum
3527 3205 3735 3258 factum

2165 3295 2282 3359 fuit,
2317 3303 2374 3348 et'
2404 3296 2677 3349 inventum
2710 3305 2792 3349 est
2821 3297 3003 3350 habitu
3032 3307 3090 3350 ut
3124 3297 3286 3350 homo
3313 3295 3378 3359 η,
3406 3319 3424 3348 ι
3459 3307 3517 3349 ιιι
3550 3297 3605 3350 in
3641 3311 3740 3349 eo-

2161 3386 2280 3438 dem
2335 3396 2620 3455 utrmnque
2667 3387 3020 3453 intelligatur,
3082 3388 3131 3440 id
3181 3397 3299 3453 est,
3347 3403 3520 3456 neque
3570 3388 3741 3442 homo

2161 3478 2356 3541 nudus,
2383 3495 2557 3548 neque
2584 3479 2816 3534 Verbum
2850 3482 3054 3548 absque
3081 3479 3414 3534 humanitate
3441 3489 3495 3534 et
3521 3481 3736 3551 carne.|

2160 3566 2361 3622 Tamen
2396 3569 2443 3620 ei
2470 3569 2824 3637 principatum
2855 3580 2910 3623 et
2939 3570 3223 3633 honorem,
3247 3586 3366 3638 qua:
3392 3585 3604 3639 semper
3632 3571 3737 3624 ha-

2159 3658 2302 3722 beat,
2332 3658 2454 3712 data
2487 3673 2608 3714 esse
2644 3672 3076 3717 commemorat:
3109 3663 3185 3715 ait
3212 3663 3353 3716 enim
3381 3662 3520 3730 quod
3561 3682 3580 3714 ι
3609 3679 3735 3717 om-

2157 3760 2251 3800 nes
2285 3749 2489 3816 populi,
2535 3750 2725 3816 tribus,
2763 3762 2819 3804 et
2868 3751 3062 3820 lingua:
3112 3752 3211 3819 ipsi
3247 3752 3504 3807 servient.
3537 3770 3556 3803 ι
3593 3753 3736 3807 Cum

2158 3837 2322 3905 igitur
2353 3840 2515 3892 etiam
2545 3839 2597 3893 in
2630 3841 2966 3896 humanitate
2995 3843 3228 3910 positum
3264 3844 3603 3914 unigenitum
3636 3846 3732 3900 Dei

2158 3923 2390 3981 Verbum
2441 3930 2762 3984 servientem
2820 3932 3016 3986 habeat
3050 3944 3408 4000 creaturam,
3453 3944 3509 3988 et
3551 3934 3730 3990 Patris

2153 4017 2518 4085 principatum
2540 4028 2593 4073 ct
2613 4035 2791 4086 suum,
2813 4023 3082 4089 pepererit
3103 4033 3278 4076 autem
3294 4026 3592 4078 secundum
3606 4040 3726 4080 car-

2151 4120 2272 4159 nem
2324 4106 2497 4175 ipsum
2531 4121 2712 4163 sancta
2753 4111 2941 4181 Virgo;
2972 4115 3243 4182 quomodo
3275 4130 3377 4168 non
3410 4116 3725 4184 intelligitur

2149 4196 2437 4262 Θεοτὸκοςῖ
3309 4221 3311 4223 ‘

2706 4310 2858 4372 CAP.
2902 4312 3140 4370 XXXIII.

2263 4423 2458 4497 Christi
2485 4440 2725 4497 passione
2748 4434 2848 4497 ,‘ret
2883 4427 3023 4494 quod
3054 4428 3181 4479 utile
3219 4437 3307 4488 ut,
3347 4429 3487 4497 quod
3539 4445 3726 4484 secun-

2220 4494 2532 4566 duntruliudr
2560 4504 2607 4546 et
2636 4495 2781 4546 alunt
2815 4496 2878 4547 de
2903 4511 3007 4548 uno
3047 4507 3096 4549 et
3123 4499 3303 4566 eodem
3329 4494 3547 4563 dicitur,
3606 4517 3702 4554 nec

2213 4563 2491 4616 dividimus
2519 4565 2570 4616 in
2605 4567 2729 4616 duo.

2236 4675 2470 4729 Sanctus
2501 4674 2694 4728 Paulus
2725 4675 3018 4730 salutarem
3065 4678 3370 4746 passionem
3415 4681 3573 4736 nobis
3620 4697 3722 4736 ex-

2135 4766 2300 4834 ponit,
2350 4769 2426 4820 ait
2459 4783 2688 4837 namque
2719 4787 2734 4826 :
2764 4789 2782 4820 ι
2813 4768 2965 4824 Nunc
2995 4773 3165 4841 gratia
3199 4770 3296 4827 Dei
3322 4788 3418 4842 pro
3443 4775 3706 4829 omnibus

2130 4860 2364 4924 gustavit
2389 4869 2615 4912 mortem
2638 4860 2705 4923 ",
2734 4879 2751 4912 ι
2791 4877 2886 4916 nec
2914 4864 3203 4918 nonetiam
3235 4882 3250 4919 :
3276 4881 3295 4916 ι
3318 4864 3536 4922 Tradidi
3565 4869 3716 4923 enim

2139 4950 2290 5004 vobis
2324 4951 2607 5020 imprimis,
2636 4954 2776 5021 quod
2803 4965 2855 5006 et
2883 4957 3068 5024 accepi
3107 4974 3119 5008 :
3149 4955 3404 5025 quoniam
3455 4959 3715 5013 Christus

2136 5053 2380 5097 mortuus
2414 5055 2496 5098 est
2521 5060 2617 5113 pro
2647 5047 2886 5113 peccatis
2931 5051 3158 5114 nostris,
3210 5050 3508 5106 secundum
3556 5051 3702 5106 Scri-

2133 5145 2340 5201 pturas,
2378 5145 2428 5189 et
2461 5137 2586 5203 quia
2607 5138 2848 5204 sepultus
2872 5149 2972 5205 cst,
2993 5149 3048 5195 et
3070 5142 3193 5209 quia
3225 5145 3524 5197 resurrexit
3545 5144 3711 5197 tertia

2131 5227 2215 5280 die
2251 5224 2317 5279 ⁸³.
2377 5246 2395 5278 ι
2462 5228 2538 5283 Ad
2603 5229 2704 5283 hoc
2747 5229 2905 5284 ctiam
2963 5231 3400 5302 sapientissimus
3443 5235 3638 5291 Petrus
3688 5249 3706 5286 :

2473 5369 2516 5400 ³⁵
2546 5369 2680 5423 Cen.
2740 5385 2886 5423 xxxii
2913 5409 2927 5432 ,
2959 5371 3153 5426 24-26.
3231 5372 3276 5403 ³⁸
3317 5373 3448 5428 ibid.
3500 5373 3702 5426 εει-δι.

3358 5444 3403 5473 δ’
3439 5443 3604 5498 Hebr.
3631 5458 3703 5506 ll,

1551 5633 1600 5685 in
1646 5633 1780 5688 libro
1829 5638 2004 5703 primo
2048 5635 2253 5692 Leontii
2294 5637 2578 5709 Byzantini
2648 5646 2904 5704 adversus
2950 5649 3312 5720 Eutychianos
3382 5652 3693 5705 subﬁnem.
