4082 6258
377 355 400 406 1
417 353 514 406 £05

1289 352 1574 421 scaena
1619 370 1702 422 DE
1737 370 2242 430 lNCAIiNA'l'IONE
2279 375 2645 432 UNIGENI'I‘I.

3479 381 3614 436 I406

381 487 400 519 1
441 469 677 536 Christo,
709 471 899 541 inquit,
954 491 1114 543 passo
1145 495 1241 544 pro
1266 483 1419 536 nobis
1451 499 1618 539 carne
1643 485 1704 538 “.
1751 506 1768 538 1
1801 488 1934 541 Cum
1967 493 2013 547 Α
2042 490 2203 544 Pullis
2231 494 2437 548 duobus
2469 505 2816 564 comparatur
2853 496 3121 560 Christus,
3175 511 3282 551 non
3311 499 3452 566 quod
3503 502 3610 554 duo

377 576 540 614 unum
590 561 753 628 igitur
809 565 1078 622 credimus
1128 568 1411 626 Dominum
1460 585 1702 630 nostrum
1753 577 1934 630 Jesum

374 649 667 715 Christum,
701 652 752 706 id
777 664 883 728 est,
941 656 992 709 in
1029 657 1262 713 humana
1313 661 1487 716 forma
1539 676 1886 732 conspectuin
1921 708 1936 732 ,

372 741 486 793 sive
517 741 787 796 hominem
835 744 1035 800 factum
1085 749 1241 818 juxta
1293 766 1410 813 nos,
1448 753 1613 808 Deum
1650 755 1883 812 Verbum
1919 795 1934 821 ,

372 834 640 899 quomodo
675 845 728 888 et
767 837 1068 904 passionem
1105 840 1204 908 ipsi
1243 835 1593 912 deputemus,
1627 856 1684 900 et
1732 848 1935 918 impas-

369 922 524 975 sihile
565 931 738 978 tamen
757 941 1055 995 servemus,
1092 939 1152 984 ut
1185 931 1398 986 Deum?

433 1013 572 1083 Ergo
607 1017 783 1082 passio
811 1017 1230 1087 dispensationis
1254 1034 1394 1090 erat,
1429 1040 1523 1080 sua
1557 1027 1776 1094 quidem
1827 1030 1930 1083 du-

368 1115 522 1157 cente
565 1106 672 1160 Deo
711 1105 890 1162 Verbo
931 1123 1018 1173 ea,
1076 1125 1196 1180 quae
1250 1123 1377 1167 sunt
1433 1117 1647 1183 propria
1701 1121 1884 1172 carnis
1913 1157 1929 1183 ,

368 1207 587 1263 propter
640 1198 1058 1256 inenarrabilem
1109 1203 1424 1272 unitatem;
1483 1217 1736 1260 manente
1804 1224 1932 1263 vero

366 1297 519 1340 extra
549 1290 878 1356 passionem,
901 1303 1162 1361 quantum
1195 1293 1261 1348 ad
1309 1296 1479 1364 ipsius
1523 1307 1768 1352 naturam
1805 1318 1930 1368 per-

365 1378 498 1430 tinet
531 1396 545 1431 :
577 1379 918 1447 impassibilis
938 1385 1080 1436 enim
1113 1383 1254 1440 Deus
1284 1398 1387 1442 est.
1411 1387 1667 1458 Nequeid
1697 1392 1889 1445 mirmn
1911 1433 1925 1458 ,

364 1485 482 1521 cum
515 1479 568 1522 et
595 1471 760 1537 ipsam
798 1473 1029 1528 hominis
1059 1475 1294 1530 animam
1325 1479 1604 1535 videamus
1635 1522 1649 1545 ,
1705 1483 1749 1537 si
1802 1485 1927 1550 quid

361 1573 556 1623 corpus
578 1575 790 1628 passum
820 1561 1000 1628 fuerit,
1027 1572 1178 1617 extra
1213 1566 1517 1633 passionem
1547 1570 1762 1638 quidem
1815 1589 1926 1624 ma-

363 1660 599 1714 nentem,
653 1663 912 1722 quantum
951 1656 1188 1722 pertinet
1238 1657 1304 1711 ad
1354 1669 1638 1727 naturam;
1688 1673 1924 1717 attamen

361 1754 464 1791 non
497 1750 651 1794 extra
678 1744 982 1809 passionem
1010 1761 1130 1800 esse
1181 1745 1408 1817 intelligi
1443 1791 1458 1814 ,
1495 1765 1561 1803 eo
1607 1754 1748 1820 quod
1793 1770 1924 1819 pro-

359 1831 531 1898 prium
563 1834 634 1884 sit
667 1847 864 1902 corpus
893 1834 1060 1904 ipsius
1091 1839 1232 1904 quod
1266 1841 1483 1907 patitur.
1517 1842 1680 1913 796
1711 1844 1775 1897 Et
1803 1846 1923 1898 licet

359 1917 664 1989 inco'ntigna
696 1923 788 1987 sit,
841 1935 894 1977 et
931 1926 1160 1994 simplex
1196 1946 1211 1993 ;
1260 1939 1436 1984 tamen
1470 1931 1521 1986 id
1551 1937 1692 2001 quod
1721 1935 1925 2001 patitur

357 2025 460 2062 non
492 2021 574 2063 est
612 2011 866 2068 alienum.
914 2015 1004 2070 Sic
1048 2017 1318 2087 intelliges
1369 2023 1531 2076 etiam
1585 2023 1652 2077 de
1705 2025 1922 2079 Christo

355 2103 590 2155 omnium
616 2103 913 2159 Salvatore.
943 2108 1079 2163 Utar
1101 2120 1277 2165 autem
1307 2116 1590 2182 exemplis,
1620 2134 1738 2186 quae
1765 2121 1920 2189 quasi

354 2205 449 2258 per
483 2193 712 2262 amigma
756 2196 910 2250 nobis
959 2199 1167 2266 possint
1217 2202 1534 2265 ostendere.
1575 2208 1720 2273 quod
1763 2225 1912 2262 com-

353 2283 643 2337 municarit
687 2285 903 2352 quidem
959 2290 1196 2355 passioni
1241 2289 1602 2361 Unigenitus,
1654 2309 1914 2366 quantmn

357 2375 627 2440 pertineat
655 2382 722 2429 ad
761 2377 1186 2434 familiaritatem
1241 2386 1484 2452 corporis
1519 2389 1622 2451 sui,
1658 2393 1918 2445 manserit

348 2475 526 2519 autem
557 2469 822 2534 passionis
852 2484 1068 2539 expers,
1103 2483 1160 2525 ttt
1193 2473 1350 2528 Dens.

421 2555 599 2624 Itaque
639 2561 776 2613 Deus
823 2563 1170 2631 ontnipotens
1219 2567 1459 2636 prodigia
1505 2571 1916 2634 sapientissimo

347 2647 516 2717 Moysi
544 2648 767 2714 jnbebat
801 2651 1034 2718 ellicere,
1081 2671 1138 2708 ut
1160 2658 1411 2710 crederet
1433 2660 1482 2713 ei
1521 2659 1688 2715 Israel
1719 2704 1733 2726 ,
1770 2670 1912 2733 quod

346 2749 486 2792 esset
521 2743 713 2795 missus
745 2761 772 2795 a
807 2743 934 2807 Deo,
963 2757 1092 2800 etut
1118 2763 1145 2800 a
1174 2748 1424 2803 violentia
1447 2751 1806 2821 liberaretur;
1837 2759 1912 2810 ait

345 2839 558 2884 autent:
597 2853 614 2884 1
653 2833 716 2886 Et
745 2835 977 2902 accipies
1003 2852 1198 2904 aquam
1227 2840 1294 2894 de
1324 2840 1564 2906 flumine,
1595 2854 1648 2898 ct
1669 2843 1911 2900 eITundes

343 2939 502 2992 super
531 2933 747 2988 terram,
775 2937 830 2980 et
861 2929 965 2981 erit
996 2945 1134 2996 aqua
1160 2948 1318 3000 quam
1344 2935 1582 3004 accipies
1617 2937 1905 3002 allumine,

344 3016 558 3082 sanguis
599 3031 762 3084 super
800 3028 999 3072 terram
1051 3022 1117 3075 ‘5.
1158 3041 1175 3073 1
1224 3022 1533 3092 Inquinms,
1579 3030 1720 3096 quod
1770 3045 1906 3097 aqua

342 3105 556 3171 quidem
588 3106 754 3174 figura
789 3109 860 3162 sit
895 3111 1037 3172 vitae.
1071 3122 1122 3166 ct
1153 3115 1292 3180 qttod
1325 3117 1393 3169 sit
1419 3130 1778 3184 pernaturant
1800 3121 1905 3173 vita

342 3195 508 3250 Filius
531 3212 595 3251 ex
630 3198 790 3254 Patre
820 3209 1077 3271 tanquam
1109 3221 1172 3259 ex
1200 3205 1417 3261 flumine
1442 3212 1647 3288 caicus,
1668 3213 1908 3281 ejusdent

255 3291 258 3294 ⁴
342 3291 652 3348 substantiae
706 3295 945 3362 ratione;
999 3297 1178 3365 itaque
1223 3301 1400 3352 omnia
1450 3303 1700 3356 vivilicat.
1741 3324 1759 3355 1
1808 3305 1910 3358 Sed

340 3400 462 3438 cum
487 3401 704 3453 aquam,
730 3388 924 3457 inquit,
955 3389 1206 3444 effuderis
1234 3407 1393 3459 super
1415 3405 1632 3459 terram,
1658 3397 1761 3448 erit
1787 3415 1911 3450 San-

341 3475 477 3543 guis.
517 3497 535 3529 1
570 3477 824 3544 Verbum,
859 3497 978 3535 cum
1017 3483 1215 3536 factum
1266 3495 1347 3537 est
1383 3501 1510 3539 caro
1557 3489 1622 3542 de
1651 3498 1818 3553 terra,
1858 3490 1910 3542 id

338 3578 439 3633 est,
477 3575 690 3638 quando
713 3587 740 3624 a
777 3582 917 3626 terra
944 3590 1159 3628 carnem
1189 3577 1287 3630 sibi
1309 3578 1683 3646 circumdedit,
1711 3581 1905 3633 tttncin

339 3678 402 3715 ea
445 3673 669 3718 mortem
714 3675 913 3720 nostrae
963 3667 1192 3722 similem
1251 3670 1449 3724 dicitur
1505 3689 1744 3740 passum,
1783 3675 1908 3728 licet

339 3762 432 3817 per
461 3762 703 3806 naturam
741 3755 812 3808 sit
838 3754 966 3809 vita.

904 3892 1054 3950 CAP.
1091 3893 1326 3950 XXXIV.

1023 4007 1206 4061 Aliud.

409 4115 461 4166 In
485 4113 722 4169 chitico
758 4119 1016 4184 pollutunt
1044 4119 1180 4170 Deus
1201 4128 1254 4172 et
1279 4121 1609 4173 immundum
1638 4124 1901 4190 leprosum

334 4221 455 4256 esse
490 4206 783 4270 sigitilical,
820 4215 981 4273 atque
1010 4207 1080 4258 ita
1105 4223 1229 4260 cum
1266 4209 1543 4264 derastris
1566 4212 1683 4278 ejici
1717 4217 1902 4280 pra-ci—

335 4294 411 4359 pit
445 4304 694 4359 uportcre
713 4293 756 4323 ³⁶
785 4310 798 4358 ;
831 4303 882 4346 et
917 4295 959 4346 si
995 4304 1220 4350 sanatus
1277 4299 1441 4351 fuerit
1491 4302 1740 4364 morbus,
1802 4302 1901 4355 lini:

335 4399 455 4434 cum
510 4393 664 4449 pacto
711 4384 926 4450 purgari
972 4401 982 4434 :
1041 4404 1057 4434 1
1117 4385 1182 4438 Et
1225 4389 1497 4456 accipiens
1543 4391 1676 4444 duos
1730 4393 1901 4459 pullos

2041 582 2148 635 sint
2180 582 2295 645 lilii,
2331 587 2424 638 sed
2475 589 2615 652 quod
2661 603 2801 642 unus
2850 587 3028 655 potius
3066 601 3132 640 ex
3185 588 3430 652 duobus,
3475 591 3612 643 divi-

2037 673 2208 726 nitate
2252 684 2307 726 et
2349 677 2684 731 humanitate
2733 679 2784 730 in
2831 679 3090 732 unitatent
3138 679 3370 732 collatis.
3419 680 3602 734 Mundi

2037 775 2214 818 autem
2245 767 2372 836 pulli
2402 783 2415 820 :
2445 781 2620 835 neque
2651 769 2792 824 enim
2825 771 2953 824 fecit
2989 781 3266 837 peccatum
3311 771 3450 826 Deus
3506 787 3610 826 no-

2037 864 2153 908 ster
2179 855 2336 910 Jesns
2372 857 2654 920 Christus;
2683 860 2778 915 sed
2805 871 2924 916 erat
2971 861 3204 917 Verbum
3237 872 3512 927 sanctum,
3553 871 3608 916 et

2036 943 2329 996 divinitatis
2376 945 2813 1003 ethumanitatis
2847 950 3075 1004 ratione.
3118 949 3446 1006 Vulneribus
3475 967 3607 1004 vero

2034 1046 2414 1102 comparatur,
2467 1039 2608 1106 quod
2641 1041 2792 1107 quasi
2831 1042 2884 1094 in
2921 1041 3138 1095 sublimi
3177 1043 3248 1096 sit
3293 1059 3454 1111 supra
3492 1054 3605 1098 ter-

2036 1139 2172 1188 ram.
2211 1136 2268 1180 et
2305 1141 2340 1180 0
2381 1128 2519 1182 coelo
2567 1131 2846 1200 desuper:
2887 1134 3080 1188 ecmlo
3117 1135 3262 1190 enim
3318 1136 3482 1190 homo
3523 1143 3608 1190 est

2032 1218 2296 1283 Christus,
2334 1219 2455 1274 licet
2487 1235 2703 1275 carnem
2751 1234 2940 1277 sancta
2993 1222 3161 1292 Virgo
3185 1225 3504 1294 pepererit;
3537 1241 3604 1279 eo

2033 1309 2190 1362 modo
2215 1310 2374 1378 igitur
2394 1311 2626 1380 desuper
2643 1325 2696 1368 et
2719 1315 2786 1368 de
2815 1315 2976 1368 caelo.
3008 1315 3148 1369 Deus
3173 1317 3316 1369 enim
3341 1315 3603 1382 Verbum,

2031 1400 2173 1465 quod
2198 1409 2284 1455 est
2315 1401 2545 1470 desuper
2578 1413 2630 1458 et
2659 1419 2722 1458 ex
2753 1405 2910 1459 Patre
2935 1444 2950 1470 ,
2995 1421 3216 1459 carnem
3263 1421 3328 1460 ex
3385 1405 3605 1476 Virgine

2027 1500 2213 1546 sancta
2237 1493 2524 1559 accipiens,
2557 1503 2612 1549 et
2636 1511 2754 1550 eam
2797 1511 2950 1550 suam
2977 1499 3359 1566 propriamque
3394 1497 3588 1550 existi-

2028 1594 2201 1644 mans,
2239 1591 2490 1651 tanquam
2522 1584 2567 1637 si
2596 1600 2715 1639 eam
2761 1587 2992 1656 desuper
3023 1597 3077 1641 et
3125 1588 3192 1640 de
3239 1585 3378 1641 ccelo
3434 1585 3598 1640 dettl--

2027 1669 2194 1734 lisset,
2229 1671 2483 1726 dicebat:
2529 1693 2546 1724 1
2591 1674 2754 1728 Nemo
2803 1677 3046 1731 ascendit
3103 1677 3155 1730 in
3203 1678 3439 1740 ccelum,
3493 1677 3598 1730 nisi

2027 1763 2116 1830 qui
2150 1763 2216 1816 de
2269 1764 2408 1816 cmlo
2458 1766 2738 1820 descendit
2773 1767 2941 1821 Filius
2983 1768 3255 1830 hominis,
3300 1767 3498 1834 quiest
3546 1767 3598 1820 in

2035 1854 2172 1909 cmlo
2198 1855 2262 1909 "°.
2305 1874 2323 1905 1
2361 1857 2436 1909 Ea
2465 1858 2608 1910 enim
2659 1873 2780 1925 qua:
2825 1873 2922 1912 sua
2961 1867 3126 1922 sunt,
3175 1860 3404 1927 propria:
3449 1860 3596 1910 carni

2035 1962 2248 2013 semper
2283 1947 2568 2011 attribuit;
2595 1948 2887 2000 adunatum
2924 1963 3049 2001 vero
3074 1948 3240 2002 semel
3269 1987 3284 2012 ,
3327 1947 3439 2016 jam
3474 1962 3596 2000 cum

2035 2038 2147 2104 ipsa
2181 2053 2342 2090 unum
2373 2037 2582 2091 scilicet
2606 2039 2926 2092 instituatur.

2103 2125 2366 2180 Caeterum
2395 2129 2535 2190 vide.
2576 2129 2757 2190 occiso
2791 2145 2898 2182 uno
2947 2128 3112 2196 pullo,
3155 2129 3321 2182 lavari
3374 2131 3595 2198 quidem

2029 2218 2251 2272 alterum
2281 2219 2393 2288 ejus
2427 2221 2709 2287 sanguine,
2746 2231 2924 2274 tamen
2957 2235 3062 2273 non
3110 2219 3280 2273 emori
3311 2238 3324 2284 ;
3374 2229 3430 2273 et
3462 2221 3596 2288 quid

2028 2311 2129 2364 hoc
2153 2311 2264 2364 sit?
2322 2309 2544 2364 Vivebat
2591 2309 2848 2376 Verbum,
2893 2310 3021 2363 licet
3079 2325 3177 2363 sua
3230 2325 3356 2364 caro
3401 2309 3594 2364 fuisset

2025 2411 2292 2463 emortua,
2339 2409 2393 2452 et
2433 2417 2770 2454 communem
2821 2401 3129 2468 passionem
3169 2413 3288 2454 esse
3338 2400 3596 2462 dicebat,

2025 2502 2240 2560 propter
2271 2491 2644 2545 adunationetn
2669 2493 3156 2546 etlamiliaritatent
3177 2507 3334 2558 quam
3363 2492 3594 2546 habebat

2022 2597 2141 2633 cum
2173 2597 2356 2633 carne.
2399 2578 2564 2648 Igitur
2591 2580 2765 2648 ipsum
2813 2581 3028 2649 quidem
3075 2581 3246 2644 vivit,
3297 2590 3353 2634 ut
3403 2580 3590 2646 Deus;

2022 2685 2217 2736 corpus
2241 2687 2368 2724 vero
2398 2679 2657 2739 tauquam
2686 2672 2961 2741 proprium
3007 2671 3260 2736 faciebat,
3313 2683 3364 2724 et
3405 2672 3484 2726 sic
3535 2673 3588 2726 in

2019 2777 2077 2816 se
2107 2761 2443 2815 familiariter
2465 2761 2761 2830 accipiebat
2805 2763 3048 2831 corp0ris
3093 2765 3410 2831 passiones,
3459 2778 3581 2844 cum

2019 2853 2195 2920 ipsum
2232 2852 2362 2904 nihil
2415 2855 2466 2905 in
2516 2863 2702 2905 natura
2757 2853 2972 2921 propria
3009 2861 3306 2920 pateretur.
3358 2853 3587 2907 Prodest

2018 2943 2178 3011 igitur
2205 2953 2258 2996 et
2285 2943 2644 2996 necessarium
2677 2952 2780 3004 est,
2815 2944 2858 2996 si
2893 2946 2943 2996 in
2972 2961 3077 2996 uno
3104 2944 3320 2998 Christo
3352 2943 3402 2996 id
3429 2945 3579 2997 acci-

2017 3035 2228 3103 piamus
2263 3035 2405 3101 quod
2454 3033 2754 3087 secundum
2800 3035 2942 3088 aliud
2979 3044 3032 3089 et
3061 3035 3206 3086 aliud
3247 3036 3311 3088 de
3349 3050 3457 3088 uno
3493 3049 3590 3087 eo-

2016 3126 2247 3192 demque
2297 3126 2682 3190 constituatur,
2734 3136 2786 3178 ct
2827 3128 2966 3194 quod
3019 3125 3072 3178 in
3125 3125 3231 3178 duo
3267 3125 3432 3179 dividi
3479 3141 3588 3180 non

2017 3220 2364 3286 permittatur
2389 3259 2402 3281 ,
2443 3218 2566 3271 licet
2590 3219 2801 3272 diversa
2832 3217 2972 3270 inter
3005 3231 3083 3278 se,
3123 3225 3177 3270 et
3208 3217 3431 3270 minime
3459 3231 3584 3270 con-

2013 3310 2300 3372 venientia,
2334 3321 2453 3362 actu
2481 3325 2601 3362 esse
2627 3309 2892 3362 dicantur.

2087 3401 2177 3454 Est
2209 3411 2386 3455 autem
2422 3401 2525 3456 tale
2557 3401 2695 3468 quod
2733 3401 2874 3453 diro.
2908 3399 3102 3452 Natum
3133 3415 3257 3453 esse
3285 3399 3582 3454 secundum

2011 3504 2231 3542 Carnem
2263 3506 2326 3542 ex
2355 3489 2575 3543 muliere
2615 3488 2776 3543 Deum
2812 3488 3044 3542 dicimus
3088 3487 3314 3542 Verbum
3344 3527 3360 3550 ,
3393 3501 3588 3554 quam-

2010 3579 2092 3634 vis
2127 3583 2374 3634 omnibus
2410 3583 2523 3648 ipse
2559 3581 2794 3649 praebeat
2829 3579 2996 3644 nasci,
3034 3588 3087 3634 et
3117 3580 3181 3632 ad
3217 3579 3578 3644 nativitatem,

2009 3689 2127 3742 qute
2157 3676 2390 3728 nondum
2435 3685 2556 3728 nata
2589 3685 2733 3737 sunt,
2769 3687 2939 3728 vocet.
2995 3673 3301 3728 Secundum
3349 3673 3490 3728 aliud
3531 3688 3588 3727 Cl.

2008 3767 2150 3820 aliud
2182 3778 2362 3820 natum
2397 3777 2498 3830 est,
2525 3783 2589 3820 eo
2621 3767 2762 3834 quod
2807 3767 2968 3821 homo
2997 3767 3166 3820 nostri
3200 3766 3392 3820 similis
3421 3765 3579 3820 intel-

2022 3860 2256 3924 ligatur;
2284 3868 2437 3910 vocat
2467 3866 2643 3910 autem
2677 3859 2739 3909 ad
2777 3857 3106 3910 nativitatem
3130 3858 3328 3918 omnia,
3354 3871 3418 3909 eo
3440 3856 3584 3922 quod

2006 3959 2195 3997 natura
2227 3946 2294 3998 sit
2327 3946 2485 3997 Deus.

2076 4034 2348 4098 Scriptum
2374 4043 2457 4085 est
2492 4034 2652 4086 etiam
2684 4034 2748 4085 de
2775 4034 2891 4100 ipso
2932 4047 2941 4080 :
2985 4052 3003 4083 1
3059 4033 3198 4086 Puer
3235 4033 3580 4103 proficiebat,

2003 4137 2052 4175 et
2089 4123 2520 4184 conl'ortahatur,
2568 4137 2623 4176 et
2657 4123 2985 4190 implebatur
3030 4123 3294 4190 sapientia
3349 4131 3402 4178 et
3451 4140 3580 4194 gra-

2006 4214 2073 4262 tia
2109 4212 2168 4265 "9.
2207 4231 2224 4261 r
2260 4210 2392 4264 Cum
2441 4219 2630 4264 natura
2665 4213 2733 4262 sit
2773 4209 3161 4276 perfertum‘ut
3213 4209 3386 4276 Deus,
3433 4222 3485 4264 et
3512 4226 3578 4265 ex

2001 4318 2093 4354 sua
2137 4301 2464 4369 plenitudine
2509 4301 2770 4369 spiritalia
2817 4301 3020 4354 sanctis
3077 4299 3352 4368 impertiat
3391 4317 3406 4364 ;
3451 4316 3574 4354 cum

2001 4393 2170 4458 ipsutn
2214 4391 2282 4444 sit
2309 4391 2589 4460 sapientia:
2621 4393 2774 4443 dator
2801 4400 2852 4442 et
2877 4389 3086 4458 gratia},
3136 4387 3403 4458 quomodo
3451 4405 3577 4458 pro-

335 4473 580 4534 mnndos,
610 4480 663 4524 et
695 4472 894 4538 lignum
929 4476 1228 4541 cedrinum,
1259 4491 1314 4531 et
1359 4483 1638 4534 coccinum
1679 4494 1732 4537 et
1771 4486 1894 4554 hys-
1934 4515 1972 4565 υ
2003 4486 2109 4536 lii-it
2137 4499 2287 4550 puer,
2321 4492 2372 4538 et
2396 4484 2655 4552 sapientia
2693 4483 2946 4550 impletur
2996 4494 3048 4535 et
3100 4482 3322 4549 gratia?
3369 4483 3577 4535 Secun-

333 4577 544 4628 sopum,
569 4571 622 4614 et
646 4564 922 4630 praecipiet
963 4566 1216 4620 sacerdos
1241 4606 1254 4630 ,
1305 4578 1358 4620 ct
1391 4571 1642 4626 occidens
1689 4575 1894 4639 pullntu

333 4670 496 4705 nnttttt
530 4654 580 4705 in
613 4670 737 4707 vase
769 4656 934 4718 fictili,
973 4657 1022 4708 itt
1072 4674 1205 4726 aqua
1255 4661 1370 4710 viva
1401 4702 1414 4725 ,
1481 4668 1535 4714 et
1571 4664 1768 4731 pttllum
1805 4668 1892 4732 qui

334 4746 462 4797 vivit
513 4747 745 4815 accipiet
777 4787 792 4810 ,
849 4757 903 4800 et
932 4749 1134 4802 Iavahit
1189 4751 1336 4803 ilium
1378 4753 1430 4805 in
1463 4756 1725 4824 sanguine
1757 4759 1885 4822 pulli

331 4837 492 4889 occisi
525 4838 574 4888 in
598 4854 734 4906 aqua
766 4839 909 4901 viva,
939 4849 992 4891 et
1019 4851 1264 4910 aspergat
1294 4857 1456 4910 super
1477 4859 1598 4896 cum
1633 4847 1720 4911 qui
1753 4863 1880 4912 pur-

331 4935 484 4993 gaius
522 4935 600 4977 est.
630 4943 658 4978 a
690 4927 832 4995 lepra
871 4929 1086 4996 septies,
1118 4939 1172 4981 et
1203 4931 1432 4984 mundus
1459 4933 1562 4985 erit
1589 4933 1656 4986 ⁸⁷.
1695 4953 1711 4984 1
1751 4935 1889 4987 11011·

331 5016 409 5067 1111
463 5016 676 5082 quidem
747 5033 842 5071 nos
888 5022 1115 5073 mundos
1151 5062 1165 5085 ,
1209 5030 1261 5073 et
1299 5022 1654 5090 pollutiontnn
1711 5028 1899 5080 sordes

330 5104 517 5166 abluit,
551 5116 604 5157 et
637 5107 871 5161 carnalis
907 5109 1362 5175 concupiscentiie
1391 5113 1773 5167 mortalitatem
1813 5133 1892 5166 re-

331 5195 476 5260 pellit
524 5197 744 5263 sanguis
794 5198 1219 5264 pretiosissitnus
1271 5201 1506 5262 Christi,
1555 5214 1607 5255 ct
1647 5205 1893 5273 purgatio

332 5285 668 5352 baptismatis
715 5290 1069 5342 Sacrosanrti.
1145 5289 1410 5344 Caeterum
1475 5293 1602 5347 illud
1669 5297 1892 5364 aspice:

329 5376 639 5429 omittentes
689 5379 830 5430 enim
877 5381 1202 5446 scriptorum
1260 5384 1362 5435 vim
1398 5385 1711 5439 examinare
1754 5389 1892 5455 quod

331 5467 588 5534 mysterio
645 5469 936 5537 expediat,
993 5474 1042 5524 in
1099 5476 1382 5541 praesentia
1451 5480 1890 5534 mcmorabinms.

399 5668 444 5698 “
484 5666 500 5719 l
535 5667 674 5720 Petr.
713 5686 781 5736 iv,
827 5673 869 5725 l.

951 5674 995 5704 ⁵⁸
1027 5675 1196 5730 Exod.
1244 5695 1324 5744 tv,
1353 5681 1404 5734 t),

337 5739 373 5768 ‘1
401 5739 530 5791 Lttt'.
575 5754 633 5800 lt,

1487 5681 1528 5710 ³⁸
1585 5680 1751 5737 Levit.
1820 5699 1933 5750 uti,
1979 5684 2010 5736 2
2055 5701 2205 5754 seqq.

2007 4576 2128 4629 dum
2158 4575 2299 4627 aliud
2333 4584 2384 4627 ct
2413 4574 2553 4627 aliud
2593 4593 2605 4626 :
2639 4590 2758 4626 cum
2800 4577 2869 4626 sit
2893 4575 3037 4628 enim
3092 4573 3212 4641 ipse
3234 4575 3372 4626 idem
3415 4573 3575 4626 homo

2005 4665 2163 4716 simul
2206 4674 2258 4718 et
2304 4663 2460 4724 Deus,
2509 4673 2726 4732 propter
2775 4666 3033 4716 unitatem
3080 4663 3297 4730 quidem
3349 4662 3567 4730 propria

2006 4756 2150 4808 ducit
2183 4756 2411 4808 humana
2438 4771 2450 4818 ;
2481 4765 2561 4808 est
2583 4768 2763 4808 autem
2797 4753 3092 4823 perlectus,
3132 4761 3188 4806 et
3216 4752 3491 4820 sapientiae
3518 4761 3574 4806 et

2002 4831 2186 4914 gratim
2218 4841 2395 4908 datur,
2428 4855 2484 4898 ut
2523 4846 2683 4898 Deus.

2073 4934 2421 5002 Nnncupatus
2476 4947 2557 4990 est
2613 4935 2774 4988 etiam
2814 4942 2868 4985 et
2908 4931 3320 5002 primogenitus,
3363 4941 3418 4985 et
3455 4931 3575 4982 uni-

2003 5028 2254 5096 genitus;
2308 5028 2401 5081 sed
2455 5027 2496 5080 si
2533 5027 2654 5095 quis
2697 5025 2802 5078 vim
2847 5025 3016 5092 ipsam
3062 5023 3293 5078 scrutari
3347 5022 3574 5076 voluerit

2005 5116 2320 5179 dictionum,
2354 5115 2739 5184 primogenitus
2761 5125 2862 5177 est,
2905 5115 2994 5182 qui
3026 5115 3170 5166 inter
3212 5113 3410 5166 fratres
3445 5111 3568 5180 plu-

2007 5208 2167 5259 rimos
2195 5207 2617 5275 primogenitus;
2645 5206 2950 5276 nnigenitus
2983 5219 3111 5256 vero
3138 5245 3152 5268 ,
3207 5213 3265 5256 ttt
3302 5201 3558 5272 unigeni-

2000 5307 2105 5360 tus,
2137 5313 2239 5350 non
2267 5297 2374 5363 jam
2413 5298 2822 5366 primogenitus,
2843 5311 2952 5350 nec
2981 5296 3124 5348 inter
3156 5294 3418 5363 plurimos
3450 5293 3565 5346 fra-

2001 5399 2127 5441 tres.
2160 5388 2227 5439 At
2256 5399 2336 5442 est
2369 5389 2500 5456 ipsc,
2543 5397 2597 5441 et
2635 5389 2754 5448 hoc,
2789 5394 2842 5441 et
2874 5385 3043 5451 illud;
3091 5385 3361 5452 quomodo
3396 5383 3570 5453 ergo?

2002 5481 2302 5532 Secundum
2340 5480 2480 5533 aliud
2523 5490 2576 5532 et
2621 5479 2764 5532 aliud
2800 5494 2812 5529 :
2849 5475 3241 5547 primogenitus
3288 5477 3429 5530 enim
3457 5516 3472 5540 ,
3508 5486 3568 5529 ut

2285 5684 2323 5716 ³⁷
2368 5682 2540 5738 Letit.
2601 5697 2712 5750 xn',
2779 5682 2956 5738 I9-5‘l.
3037 5682 3076 5710 *⁸
3116 5678 3271 5734 Joan.
3337 5695 3414 5746 111,
3479 5680 3562 5736 15.
