4082 6258
492 347 628 402 H07

1517 331 1576 384 S.
1609 324 1896 382 CYRILLI
1933 312 2397 374 ALEXANDRINI
2440 305 2761 364 ARCHIEP.

3605 294 3624 346 1
3642 290 3746 347 ωε

407 519 409 522 ,
493 461 634 512 inter
653 454 811 524 797
841 451 1100 521 plurimos
1134 449 1350 510 fratres,
1384 455 1600 514 propter
1625 441 2019 496 humanitatem
2049 453 2062 500 ;
2098 439 2143 492 Α
2171 432 2330 485 etiaut
2353 437 2480 481 tunc
2500 440 2620 479 cum
2647 423 2700 475 iu
2721 418 2902 519 multis
2924 416 3086 470 fuerit
3109 413 3380 516 .fratribus
3407 430 3420 465 :
3453 419 3581 464 tunc
3604 411 3751 463 enim

493 549 801 616 nnigenitus
833 559 994 612 porro
1025 541 1188 603 idem,
1234 547 1292 591 ut
1323 537 1474 591 solus
1517 551 1584 590 ex
1619 535 1736 589 solo
1767 533 1929 586 Patre
1966 547 2065 582 na-

495 649 605 698 tus,
633 645 683 690 ct
714 645 771 688 ut
807 636 968 686 Deus.

569 726 961 781 Sanctiﬁcatus
1012 719 1177 772 fuisse
1228 718 1428 772 dicitur
1470 731 1564 786 per
1607 715 1866 784 Spiritum
1894 754 1909 780 ,
1948 727 2068 766 cum

498 823 616 890 ipse
645 819 985 874 sanctiticare
1026 813 1202 867 soleat
1233 811 1588 873 accedentes;
1638 808 1948 874 baptizatus
1987 819 2072 857 se-

497 913 729 965 t-uudum
763 921 1003 967 carnem,
1049 905 1140 970 qui
1179 905 1230 956 iu
1262 912 1453 957 sancto
1482 899 1686 967 Spiritu
1738 895 2070 964 baptizabat.

499 1000 780 1068 Quomodo
829 998 992 1066 igitur
1041 999 1178 1052 idem
1217 1005 1274 1048 et
1319 990 1624 1045 sanctiﬁcat
1665 997 1719 1041 et
1768 985 2074 1040 sanctiﬁca-

501 1101 622 1152 tur,
675 1090 914 1157 haptizat
959 1100 1011 1142 et
1063 1084 1418 1156 baptizatur?
1475 1082 1781 1135 Secundum
1830 1078 1972 1131 aliud
2020 1087 2075 1131 et

501 1179 644 1232 aliud
675 1198 689 1234 :
721 1179 1089 1232 sauctiﬁcatur
1118 1177 1263 1230 enim
1286 1176 1540 1235 humane,
1568 1173 1710 1226 sicut
1735 1170 1898 1224 etiam
1939 1172 2074 1237 bap-

501 1273 742 1337 tizatur;
803 1271 1108 1325 sanctiﬁcat
1153 1276 1334 1321 autem
1380 1266 1593 1328 divine,
1648 1272 1704 1317 et
1737 1262 1975 1330 baptizat
2024 1260 2076 1312 in

503 1364 712 1434 Spiritu
739 1375 952 1417 sancto.

571 1455 703 1510 Cum
734 1456 846 1523 ipse
869 1454 1090 1508 suscitet
1112 1467 1252 1504 mor-

502 1558 622 1599 tuos
651 1585 665 1609 ,
708 1547 1005 1599 resurrexit
1037 1560 1064 1596 a
1108 1560 1253 1596 mor-

504 1641 630 1701 tuis,
667 1648 858 1693 etcum
884 1639 950 1690 sit
984 1654 1078 1705 per
1105 1647 1255 1689 natu-

503 1750 615 1788 raut
640 1733 771 1795 vita,
821 1731 1082 1785 viviﬁcari
1121 1731 1254 1784 dici-

507 1837 624 1890 tur;
661 1826 762 1879 Itue
803 1840 1034 1892 quonam
1062 1823 1258 1875 modo?

503 1915 809 1968 Serttndunt
829 1913 972 1966 aliud
994 1927 1183 1979 nempe
1205 1921 1257 1963 et

502 2005 646 2056 aliud
691 2004 847 2070 :ipse
889 2002 1030 2052 enim
1085 2015 1260 2052 resur-

506 2096 644 2150 rexit
683 2096 895 2164 quidem
941 2111 968 2146 ιι
1011 2094 1256 2158 mortuis,

503 2187 832 2240 etvivilicari
863 2186 1050 2238 dicitut
1074 2200 1263 2238 secun-

504 2282 626 2333 dum
686 2295 946 2345 carnem;
1018 2279 1259 2332 vivilicat

502 2384 678 2426 autem
715 2383 768 2426 ct
799 2373 1028 2425 suscitat
1057 2388 1082 2423 a
1115 2386 1258 2424 mor-

504 2466 628 2531 tuis,
677 2476 861 2535 utpote
913 2467 1070 2519 Dcns.
1115 2465 1260 2517 l’ati-

505 2571 612 2625 tur,
656 2572 707 2614 et
758 2578 861 2615 non
907 2562 1127 2628 patitur,
1171 2575 1252 2613 se-

505 2651 738 2702 cundum
785 2651 926 2702 aliud
977 2660 1030 2703 et
1066 2650 1206 2702 aliud
1241 2665 1254 2699 :

503 2743 712 2810 patitur
757 2742 972 2810 quidem
1028 2743 1258 2795 humane

503 2847 765 2890 earne.eo
791 2835 930 2902 quod
961 2834 1118 2885 homo
1150 2831 1254 2898 sit;

504 2927 848 2995 itnpas'sibilis
878 2937 1053 2980 autem
1080 2929 1259 2982 divine

1395 1449 1566 1512 Αὐτὸς
1583 1449 1808 1519 ἐγείρων
1842 1448 1967 1508 τοὺς
1992 1463 2080 1498 νε-

1327 1547 1511 1613 κροὺς,
1537 1544 1599 1595 ἐκ
1622 1541 1830 1610 νεκρῶν
1852 1540 2083 1607 ἐγήγερ-

1326 1653 1446 1689 ται·
1486 1636 1579 1688 καὶ
1610 1635 1716 1697 ζῶν
1749 1631 1888 1685 κατὰ
1921 1630 2082 1699 φύσιν

1327 1730 1640 1798 τυγχάνων,
1701 1724 2079 1789 ξωοποιεῖσθαι

1328 1826 1564 1893 λέγεται.
1601 1823 1707 1874 Καὶ
1739 1821 1854 1884 πῶς
1892 1820 2082 1884 τοῦτο;

1331 1918 1465 1969 Κατ’
1515 1918 1641 1970 ἄλλο
1693 1920 1785 1971 καὶ
1837 1920 1981 1973 ἄλλο.
2029 1917 2085 1968 Ὀ

1332 2009 1438 2080 γὰρ
1461 2010 1616 2074 αὐτὸς
1653 2013 1948 2083 ἐγήγερται
1987 2011 2085 2082 μὲν

1331 2103 1395 2153 ὲκ
1435 2101 1665 2171 νεκρῶν,
1711 2101 2086 2163 ζωοποιεῖσοαε

1329 2212 1388 2246 τε
1435 2194 1651 2261 λέγεται
1700 2194 1839 2247 κατὰ
1887 2195 2084 2264 σάρκα,

1332 2287 1587 2351 ζωοποιεῖ
1606 2289 1662 2342 δὲ
1689 2290 1780 2342 καὶ
1805 2289 2087 2358 ἀνίστησιν

1329 2377 1454 2438 τοὺς
1501 2377 1744 2447 νεκροὺς,
1797 2377 1872 2438 ὡς
1919 2377 2082 2440 Θεός·

1333 2470 1551 2538 πάσχει,
1604 2470 1698 2521 καὶ
1742 2470 1800 2521 οὺ
1867 2468 2084 2538 πάσχει,

1333 2565 1454 2615 κατ’
1495 2561 1621 2614 ἄλλο
1666 2561 1757 2612 καὶ
1801 2560 1954 2614 ἄλλο’
1990 2559 2088 2612 πά-

1334 2674 1449 2726 σχει
1501 2656 1597 2727 μὲν
1652 2659 1759 2724 γὰρ
1807 2655 2084 2726 ἀνθρωπί-

1331 2765 1435 2810 νως
1469 2747 1660 2818 σαρκὶ,
1704 2746 1839 2799 καθὸ
1882 2747 2087 2817 ἄνθρω-

1330 2859 1429 2903 πος
1453 2856 1464 2870 ’
1499 2840 1713 2906 ἀπαθὴς
1743 2839 1798 2891 δέ
1832 2841 1948 2891 ἐστι
1981 2839 2087 2891 θεῖ·-

1330 2933 1462 2996 κῶς,
1494 2932 1568 2994 ὡς
1598 2932 1748 2995 Θεός.

507 3029 707 3084 tuanct,
737 3030 792 3072 ιιι
818 3020 974 3075 Deus.

576 3111 832 3163 Adoravit
863 3112 974 3180 ipse
997 3111 1274 3165 nobiscum
1307 3129 1320 3163 :
1349 3127 1367 3160 ι
1411 3107 1522 3164 Vos
1562 3107 1726 3171 enim,
1759 3106 1950 3174 inquit,
1988 3107 2052 3158 ad
2109 3109 2150 3166 C

506 3199 672 3252 oratis
690 3199 831 3266 quod
859 3200 1114 3266 nescitis;
1137 3215 1232 3254 nos
1253 3200 1540 3252 adoramus
1564 3196 1701 3265 quod
1723 3196 1923 3250 scimus
1943 3195 2026 3261 ⁸ος
2059 3215 2074 3246 ι

506 3299 561 3341 et
586 3298 670 3342 est
703 3289 864 3342 etiam
890 3290 1197 3344 adorandus
1232 3306 1245 3340 :
1281 3309 1297 3340 ι
1335 3288 1593 3342 Flectitur
1612 3287 1751 3341 enim
1787 3287 1884 3354 ipsi
1921 3302 2080 3339 omne
2165 3285 2168 3312 τ

507 3395 645 3448 genu
695 3381 762 3432 δι.
801 3381 966 3436 »11οο
1016 3397 1230 3450 quoque
1275 3380 1569 3435 secundum
1631 3377 1774 3432 aliud
1824 3387 1879 3432 et
1909 3379 2075 3433 aliud.

507 3472 711 3525 Adorat
741 3473 910 3534 enim,
936 3477 1063 3541 quia
1098 3485 1340 3526 naturam
1367 3471 1680 3540 assumpsit,
1727 3485 1847 3538 qua:
1887 3471 2082 3524 debeat

509 3563 736 3614 adorare
767 3581 781 3628 ;
819 3565 1076 3616 aduratur
1107 3577 1286 3618 autem
1325 3580 1484 3634 porro
1517 3565 1681 3628 idem,
1725 3564 1878 3630 quasi
1913 3563 2081 3630 major

510 3649 772 3705 adorante
820 3661 1034 3716 natura,
1083 3665 1147 3704 eo
1197 3653 1338 3719 quod
1390 3651 1707 3718 intelligitur
1756 3653 1914 3704 Deus.
1972 3654 2078 3706 Ad-

509 3744 759 3800 oratioue
782 3759 911 3796 vero
943 3760 1045 3796 non
1075 3753 1158 3797 est
1180 3741 1522 3796 dividendmn
1557 3742 1608 3795 iu
1636 3743 1907 3795 hominem
1930 3758 2080 3796 seor-

512 3854 603 3891 sus
629 3847 682 3891 ct
711 3851 928 3890 seorsus
961 3836 1014 3888 in
1061 3836 1261 3902 Deum;
1305 3850 1481 3904 neque
1516 3850 1644 3890 vero
1687 3847 1940 3903 tanquam
1977 3835 2082 3888 Deo

510 3927 856 3994 coniunctum
874 3927 1179 3994 aequalitate
1199 3927 1498 3996 dignitatis,
1521 3925 1711 3978 divisis
1741 3924 2080 3989 substantiis,

511 4034 633 4072 cum
681 4017 798 4085 ipso
846 4020 1058 4073 adorari
1088 4019 1318 4073 dicimus
1370 4019 1644 4072 hominem
1707 4017 1784 4086 (id
1816 4018 1958 4071 enim
1988 4032 2082 4070 cx-

514 4119 700 4161 treuue
730 4108 1019 4177 impietatis
1047 4109 1416 4176 plenissimum
1446 4108 1550 4175 est)
1588 4109 1718 4162 :sed
1774 4124 1938 4159 unum
1976 4109 2074 4159 ad-

511 4200 775 4254 orandum
818 4201 1087 4253 hominem
1126 4200 1416 4263 factum,et
1447 4200 1788 4253 iucarnatmu
1823 4200 1910 4252 Dei
1952 4198 2084 4253 Ver-

514 4293 660 4355 bum;
686 4292 756 4342 ita
791 4301 992 4351 tamen,
1026 4301 1083 4342 ut
1126 4293 1409 4344 credamus
1451 4306 1648 4358 corpus
1693 4292 1739 4343 ei
1786 4295 2080 4344 adunatum

512 4380 748 4430 animam
779 4378 930 4444 juxta
982 4395 1080 4432 nos
1134 4379 1389 4434 habuisse
1445 4381 1846 4434 rationabilem.
1902 4381 2083 4448 Neque

513 4464 656 4517 enim
692 4466 831 4518 Deus
858 4467 1195 4534 omnipotens
1227 4467 1363 4522 duos
1394 4469 1787 4537 primogenitos
1825 4473 2083 4539 praecepit

513 4564 784 4625 oportere,
821 4566 925 4610 tam
965 4573 992 4611 a
1024 4557 1178 4612 nobis
1212 4573 1372 4627 quam
1396 4575 1423 4612 a
1462 4561 1666 4614 sanctis
1720 4562 1946 4631 angelis,
1981 4565 2078 4616 ad-

513 4649 684 4698 orari.
713 4645 865 4700 Unus
891 4659 972 4702 est
1003 4649 1169 4716 enim,
1196 4650 1284 4718 qui
1321 4660 1404 4704 est
1441 4651 1779 4707 introductus
1809 4654 1860 4707 in
1893 4655 2079 4708 orbem

513 4749 777 4792 terrarum
807 4740 884 4805 ⁵²;
922 4750 975 4794 ct
1001 4742 1044 4795 si
1080 4743 1494 4798 introductiouis
1541 4745 1756 4797 modum
1804 4747 2086 4815 curiosius

514 4838 949 4896 perscrutemur,
989 4831 1222 4886 carnalis
1281 4833 1705 4901 dispensationis
1758 4838 2078 4907 mysterium

515 4919 872 4974 inveniemus.
905 4918 1252 4976 Introductus
1281 4934 1366 4978 est
1411 4935 1591 4978 autem
1648 4926 1698 4978 in
1734 4928 1920 4982 orbem
1977 4939 2084 4983 ter-

515 5026 718 5092 rarum,
755 5023 882 5065 tunc
909 5025 1030 5065 cum
1067 5013 1238 5068 factus
1275 5026 1358 5068 est
1389 5015 1569 5080 homo,
1603 5015 1727 5070 licet
1764 5027 1958 5071 natura
1988 5035 2082 5072 sua

518 5103 723 5178 distare
744 5106 810 5159 ab
832 5107 964 5160 orbe
988 5106 1301 5176 longissime
1325 5107 1590 5171 videatur,
1623 5117 1674 5159 ct
1704 5108 1755 5160 iu
1779 5108 2078 5164 divinitatis

512 5194 804 5247 eminentia
823 5209 949 5248 vere
968 5209 1086 5248 esse
1114 5196 1367 5249 credatur
1402 5213 1416 5249 :
1453 5197 1589 5250 alitis
1612 5209 1691 5251 est
1715 5197 1858 5250 enim
1888 5211 2083 5267 pr:cter

512 5283 775 5338 elementa
802 5295 1014 5340 creator
1039 5288 1297 5359 ipsorum.
1338 5287 1473 5358 Ergo
1506 5304 1667 5357 super
1692 5303 1774 5352 ea,
1804 5305 1921 5356 quae
1953 5292 2066 5357 ipse

513 5377 770 5440 condidit,
811 5379 1102 5431 secundum
1138 5391 1384 5432 naturam
1419 5391 1536 5444 est,
1575 5383 1716 5449 quod
1771 5391 1966 5435 natura
2015 5382 2084 5434 sit

520 5462 678 5520 Deus.
716 5467 862 5522 Unus
901 5480 1103 5534 tamen,
1168 5480 1225 5525 ut
1254 5480 1379 5526 ante
1405 5472 1514 5526 dixi
1545 5513 1559 5535 ,
1615 5472 1924 5527 adorandus
1959 5483 2039 5527 est
2068 5514 2083 5539 ,

590 5663 633 5693 '°
653 5662 819 5739 393]].
861 5688 929 5739 tv,
955 5673 1043 5726 2‘2.

590 5676 633 5693 "’
653 5676 819 5748 Joan.
861 5688 929 5739 tv,
955 5676 1043 5726 ‘2‘2.
1161 5677 1202 5708 '“
1240 5676 1466 5748 i’lliliPP-
1501 5695 1557 5745 1¹ι
1598 5681 1679 5734 ,θ’

517 5745 627 5799 le,
655 5734 741 5788 οὗ.

1792 5681 1836 5713 ⁸³
1874 5681 2033 5736 llehr.
2071 5699 2108 5749 ι,
2151 5685 2200 5737 6.

2170 530 2455 591 propterea
2494 517 2676 569 dictus
2708 519 2791 565 est
2823 506 3234 579 primogenitus.

2247 610 2429 664 Unum
2462 606 2654 660 Filium
2689 601 2940 656 adoravit
2989 612 3165 652 Caecus
3218 610 3246 648 a
3283 594 3568 648 nativitate
3609 606 3705 645 sua
3736 632 3752 654 ,

2096 698 2114 707 '
2173 716 2293 755 cum
2322 700 2610 768 praecipuo
2636 691 2981 759 rnirabilique
3017 689 3176 741 modo
3209 693 3433 739 sanatus
3464 693 3569 738 est.
3597 681 3754 744 Nam,

2179 811 2198 844 ‹
2239 805 2360 843 cum
2403 787 2701 841 invenisset
2727 799 2850 839 eum
2879 783 2930 834 in
2965 778 3161 847 templo
3191 774 3373 840 Jesus,
3426 774 3565 827 dixit
3607 794 3621 827 :
3677 772 3753 826 Τιι

2175 881 2351 934 credis
2375 880 2426 932 in
2468 878 2661 932 Filium
2702 873 2836 927 Dei?
2862 870 2952 925 llle
3001 879 3182 922 autem
3218 866 3355 921 dixit
3390 884 3403 917 :
3441 864 3577 931 Quis
3625 875 3709 917 est
3737 903 3751 926 ,

2179 969 2422 1028 Domine,
2454 975 2512 1020 ut
2545 965 2763 1018 credam
2811 962 2864 1014 in
2911 975 3034 1014 eum
3056 957 3146 1010 5'?
3201 975 3220 1008 ›
3249 955 3506 1010 Christus
3537 969 3667 1008 vero
3709 953 3754 1004 ci

2178 1057 2412 1124 seipsum
2455 1071 2576 1107 cum
2631 1065 2859 1120 corpore
2910 1050 3321 1111 demonstrans,
3358 1047 3538 1099 aiebat
3573 1063 3605 1109 εκ
3639 1062 3658 1095 ε
3695 1042 3757 1097 Ει

2178 1147 2357 1201 vidisti
2391 1147 2605 1215 quidem
2639 1159 2784 1208 eum,
2834 1151 2889 1196 et
2935 1141 3026 1210 qui
3081 1139 3318 1208 loquitur
3373 1148 3549 1209 tecum
3583 1176 3598 1200 ,
3647 1135 3759 1203 ipse

2179 1248 2264 1292 est
2298 1237 2362 1289 ".
2398 1256 2415 1286 ι
2455 1235 2612 1288 Vides
2633 1233 2778 1303 quod
2819 1230 3078 1299 singulari
3117 1245 3346 1284 numero
3384 1238 3566 1281 utatur
3590 1267 3605 1290 ,
3654 1243 3756 1279 non

2183 1327 2501 1395 permittens
2556 1325 2722 1379 Deum
2777 1333 2830 1376 et
2878 1324 3151 1376 hominem
3211 1336 3428 1375 seorsus
3488 1319 3756 1388 intelligi;

2185 1416 2295 1470 imo
2337 1431 2465 1470 vero
2502 1422 2555 1469 et
2601 1414 2646 1468 si
2675 1414 2796 1482 quis
2826 1413 3103 1466 hominem
3159 1409 3519 1464 nominaverit
3543 1409 3764 1462 Emma—
3812 1464 3816 1468 _

2187 1509 2331 1572 nuel,
2367 1509 2592 1560 minime
2633 1507 2846 1574 quidem
2880 1519 3225 1557 communem
3283 1502 3550 1555 hominem
3583 1500 3766 1570 signi-

2189 1602 2463 1668 ﬁcaverit;
2489 1601 2581 1654 sed
2606 1599 2697 1653 Dei
2729 1596 2965 1651 Verbum
2983 1595 3282 1649 adunatum
3307 1605 3498 1647 nostra-
3530 1605 3763 1647 naturae.

2194 1695 2344 1749 ilunc
2375 1695 2515 1747 sicut
2551 1706 2714 1745 unum
2739 1732 2754 1755 ,
2788 1688 3060 1742 hominem
3113 1688 3411 1741 adoravere
3462 1686 3605 1739 beati
3656 1685 3765 1738 dis-

2123 1777 2163 1831 Β
2190 1786 2371 1855 cipuli,
2403 1801 2525 1839 cum
2560 1798 2680 1836 emn
2712 1783 2957 1836 videntes
3012 1780 3164 1834 miris
3208 1780 3380 1832 modis
3429 1779 3568 1830 inter
3597 1793 3770 1846 aquas

2189 1877 2490 1940 ambulare,
2516 1877 2830 1937 adoravere,
2868 1873 3115 1927 dicentes
3167 1887 3180 1924 :
3237 1888 3255 1921 ι
3294 1868 3434 1924 Vere
3477 1870 3568 1924 Dei
3600 1868 3768 1925 Filius

2187 1985 2246 2024 es
2265 1969 2331 2021 ".
2374 1987 2392 2019 ι

2260 2061 2317 2116 Si
2349 2075 2480 2114 vero
2511 2059 2783 2114 hominem
2815 2074 2935 2113 cum
2977 2057 3088 2111 Deo
3115 2055 3397 2111 coadorari
3442 2055 3765 2115 dixerimu-z,

2190 2153 2507 2207 divisionem
2569 2151 3016 2219 spatiosissimam
3057 2151 3420 2215 inducemus:
3474 2148 3572 2199 σὺν
3618 2148 3761 2198 enim

2189 2261 2402 2312 semper
2435 2245 2597 2314 (quod
2630 2253 2713 2296 est
2747 2243 2935 2296 Latine
2956 2241 3120 2308 cum),
3152 2241 3251 2295 nisi
3286 2241 3337 2294 in
3370 2238 3767 2309 signiﬁcatione

2192 2339 2439 2401 unitatis,
2471 2352 2590 2405 qua:
2617 2346 2698 2390 est
2722 2352 2818 2404 per
2850 2333 3321 2403 compositionem,
3355 2342 3606 2399 ponatur,
3658 2332 3765 2382 duo

2189 2431 2411 2482 omnino
2436 2435 2591 2497 coget
2624 2426 2872 2496 intelligi.
2909 2425 3380 2492 Quemadmodum
3418 2423 3564 2477 enim
3601 2437 3759 2475 nemo

2187 2520 2289 2574 sibi
2318 2523 2607 2574 convenire
2630 2520 2841 2573 dicatur
2866 2557 2884 2582 ,
2911 2532 3093 2588 neque
3113 2532 3463 2580 coucmnare,
3491 2525 3580 2568 aut
3602 2513 3758 2568 eoad-

2149 2651 2152 2655 .
2187 2621 2463 2674 orare,aut
2482 2610 2828 2664 coamhulare
2854 2628 2868 2677 ;
2896 2611 3121 2664 duarum
3148 2609 3291 2663 enim
3317 2623 3669 2677 personarum
3689 2607 3762 2659 si-

2187 2700 2586 2768 gniﬁcationem
2616 2702 2818 2755 inducit
2845 2703 3156 2771 prtepusitio
3219 2702 3386 2757 verbo
3425 2703 3709 2767 pra'posita
3749 2719 3760 2752 :

2190 2793 2261 2846 ita
2282 2793 2440 2844 etiam
2465 2793 2510 2846 si
2539 2794 2662 2860 quis
2679 2794 2962 2846 coadorari
2985 2795 3256 2846 hominem
3270 2807 3392 2846 cum
3416 2791 3524 2844 Deo
3546 2792 3764 2854 dixerit,

2188 2884 2323 2938 duos
2363 2884 2521 2952 plane
2557 2883 2694 2937 lilios
2724 2885 2878 2948 dicit,
2911 2894 3014 2938 eta
3038 2885 3477 2952 sesedisjunctos
3502 2901 3515 2945 ;
3544 2883 3767 2935 uanitatis

2193 2975 2336 3027 enim
2368 2975 2523 3038 ratio,
2551 2975 2593 3026 si
2619 2974 2669 3027 iu
2698 2975 2810 3028 sola
2850 2974 3126 3045 dignitatis
3169 2973 3478 3043 aequalitate
3507 2973 3622 3026 sive
3666 2987 3765 3025 au-

2188 3065 2456 3120 ctoritatis
2481 3064 2829 3134 intelligatur,
2848 3081 2956 3119 non
2984 3081 3105 3120 esse
3132 3081 3254 3118 vera
3276 3065 3642 3126 convincitur,
3679 3063 3766 3116 id-

2185 3173 2290 3227 que
2319 3173 2346 3210 a
2381 3157 2533 3212 nobis
2562 3158 2673 3227 jam
2708 3157 2949 3226 pluribus
3001 3168 3127 3210 ante
3172 3158 3458 3224 probatum
3515 3164 3619 3208 est.

2673 3271 2839 3340 793
2863 3269 3016 3325 CAP.
3051 3270 3270 3323 xxxv.

2186 3383 2446 3436 Adversus
2480 3382 2600 3435 iHos
2629 3383 2722 3448 qui
2751 3383 2924 3445 aiunt,
2967 3383 3108 3444 quod
3156 3383 3269 3434 sola
3311 3381 3560 3434 relatione
3599 3379 3769 3431 Deum

2592 3451 2815 3506 Verbum
2849 3454 3067 3505 deceant
3097 3453 3354 3505 humana.

2256 3563 2514 3617 Garriuut
2544 3562 2780 3616 nonnulli
2815 3563 2879 3616 de
2929 3561 3131 3615 carnali
3175 3560 3578 3628 dispensatione
3611 3557 3753 3612 Uni-

2185 3655 2371 3721 geniti,
2405 3664 2456 3707 et
2501 3653 2826 3715 venerabile,
2858 3668 2923 3706 ac
2966 3669 3236 3722 maguum,
3267 3663 3321 3707 et
3347 3653 3593 3720 supernis
3639 3651 3764 3718 spi-

2187 3744 2379 3796 ritibus
2408 3744 2853 3796 amabilissimum
2890 3745 3228 3814 mysterium,
3272 3760 3367 3812 per
3395 3744 3538 3812 quod
3595 3744 3764 3795 etiam

2187 3833 2380 3886 salvati
2414 3849 2621 3896 smnus,
2655 3836 2721 3885 ad
2755 3849 2948 3890 sensus
2977 3834 3196 3904 fragiles
3235 3831 3566 3896 deterentes,
3603 3833 3767 3886 decus

2185 3924 2562 3977 contaminant
2589 3924 3164 3993 pulchritudinemque
3187 3923 3480 3988 veritatis;
3521 3939 3643 3976 cum
3670 3939 3765 3977 eos

2188 4024 2456 4084 oporteat,
2492 4033 2596 4069 non
2627 4017 2670 4069 si
2709 4017 2836 4085 quid
2882 4017 3013 4084 ipsis
3054 4028 3201 4074 recte
3245 4015 3448 4070 habere
3493 4017 3760 4078 videatur,

2188 4107 2444 4160 roborare
2475 4105 2682 4172 conari;
2723 4106 2814 4160 sed
2847 4105 3116 4176 inspicere
3149 4108 3341 4178 magis,
3367 4106 3552 4160 subtili
3573 4115 3763 4159 acuto-

2185 4212 2288 4266 que
2307 4197 2504 4251 mentis
2524 4197 2702 4262 oculo,
2726 4211 3006 4251 sacrarum
3046 4201 3378 4266 propositum
3407 4196 3760 4257 Litterarum.

2187 4297 2347 4355 atque
2375 4297 2579 4341 rectum
2613 4286 2684 4338 ita
2717 4287 2821 4341 iter
2847 4287 3078 4356 ingredi,
3112 4297 3387 4342 sectantes
3416 4301 3476 4340 ea
3514 4301 3633 4348 quae
3666 4285 3762 4337 Pa-

2191 4389 2301 4434 tres
2327 4380 2655 4434 sanctissimi
2692 4380 3114 4445 cxaminaruut,
3169 4380 3261 4449 qui
3301 4379 3473 4433 sancti
3529 4378 3764 4446 Spiritus

2191 4470 2670 4525 illuminationibus
2717 4469 2938 4533 eruditi,
2985 4486 3219 4524 sanxere
3268 4472 3422 4525 nobis
3457 4469 3761 4540 symbolum

2192 4562 2334 4626 ﬁdei,
2368 4563 2538 4631 ipsum
2564 4563 2826 4628 dicentes,
2859 4563 2999 4630 quod
3030 4579 3094 4617 ex
3121 4563 3296 4617 Patris
3326 4563 3632 4618 substantia
3675 4561 3760 4613 in-

2187 4655 2577 4710 aestimabilitcr
2608 4665 2792 4710 natum
2822 4664 2925 4718 est,
2966 4654 3135 4710 Deum
3183 4654 3444 4720 Vcrbum,
3494 4669 3589 4723 per
3621 4651 3761 4721 quod

2187 4746 2367 4800 omnia
2397 4746 2538 4801 facta
2564 4754 2710 4809 sunt.
2736 4762 2856 4817 quae
2879 4747 2932 4800 in
2965 4748 3126 4814 cmlo,
3151 4757 3201 4802 et
3220 4763 3339 4815 quae
3371 4748 3422 4800 in
3452 4756 3616 4808 terra,
3640 4758 3762 4811 pro-

2189 4849 2308 4907 pter
2341 4853 2440 4892 nos
2465 4838 2734 4901 homines,
2769 4849 2821 4892 et
2865 4850 3064 4893 nostra:
3108 4840 3303 4894 salutis
3332 4854 3495 4892 causa
3527 4838 3758 4891 descen-

2187 4929 2352 4992 disse,
2392 4928 2662 4983 hominem
2698 4927 2919 4994 l'actum,
2965 4945 3312 4998 passumque,
3350 4928 3663 4982 ascendisse
3708 4927 3760 4980 in

2187 5019 2407 5082 malum,
2446 5028 2733 5074 venturum
2787 5030 2904 5089 post
2943 5030 3183 5090 tempora
3223 5020 3475 5089 judicare
3511 5020 3665 5073 vivos
3708 5028 3765 5072 et

2188 5120 2447 5165 ιιιοΓιιιοε.

2261 5202 2456 5256 Verum
2495 5202 2738 5256 nonnulli
2772 5212 2916 5270 sunt,
2946 5205 3136 5258 doctos
3171 5219 3228 5257 se
3263 5218 3385 5258 esse
3415 5204 3762 5270 scientesque

2189 5290 2412 5359 opinati,
2450 5300 2503 5344 et
2531 5292 2836 5360 supercilio,
2879 5303 2932 5346 et
2953 5303 3158 5349 tumore
3191 5293 3410 5360 suillati,
3453 5295 3546 5364 qui
3577 5295 3619 5347 si
3650 5296 3760 5346 lucc

2183 5383 2341 5436 verba
2374 5383 2664 5450 audierint,
2699 5385 2984 5450 derident;
3017 5395 3070 5440 et
3095 5401 3154 5440 ea
3178 5378 3298 5454 q'uze
3332 5396 3438 5439 tam
3469 5397 3616 5439 recte
3637 5395 3759 5439 sunt

2184 5475 2351 5540 dicta,
2376 5474 2727 5530 deliramenta
2759 5477 2927 5546 magis
2980 5478 3293 5532 existimant
3321 5497 3334 5531 :
3365 5493 3487 5532 cum
3533 5493 3755 5548 przeser-

2314 5679 2358 5711 ¹³
2414 5677 2564 5734 Joau.
2601 5695 2672 5746 lx,
2706 5681 2792 5748 58,
2818 5681 2903 5737 59.
3019 5683 3060 5714 ⁸³
3101 5682 3225 5738 ibid.
3293 5681 3370 5733 57_
3491 5683 3537 5712 ⁸⁸
3569 5678 3746 5735 Matth.
