4082 6258
328 301 458 356 1409

1239 311 1528 367 SCHOLIA
1568 315 1654 369 DE
1695 315 2204 378 lNCARNATIONE
2248 326 2620 400 UNIGENITI.

3439 345 3576 402 1410

317 418 410 469 tim
441 419 726 474 credamus
755 421 1150 481 illuminatione
1183 427 1418 497 Spiritus
1447 433 1620 487 sancti
1653 436 1893 501 patuisse
1921 449 1966 497 Α
1996 439 2260 512 patiente,
2287 463 2352 502 eo
2403 452 2543 520 quod
2569 467 2767 523 corpus
2823 455 2990 527 ipsius
3031 457 3208 514 fuisse
3239 460 3436 516 dicitur
3456 481 3576 534 pro-

317 512 515 534 mm,‘
544 511 791 534 ηηηηη,
974 518 1006 534 ,.
1220 520 1252 534 .-
1303 523 1334 534 ..
1427 526 1440 534 .
1467 533 1474 534 ,
2067 532 2076 534 μ

315 512 518 564 sanctis
544 511 793 569 Patribus
817 517 1096 572 scientiam
1121 520 1387 576 veritatis.
1411 526 1481 577 At
1505 525 1599 588 illi,
1636 537 1890 597 tanquam

313 601 354 653 si
393 602 489 654 soli
527 605 732 671 possint
765 608 984 661 meliora
1035 612 1262 676 sentire,
1323 629 1426 667 non
1469 616 1644 683 ipsmn
1700 621 1892 674 existi-

313 701 480 755 tuant,
515 695 844 764 unigenitum
888 697 978 752 Dei
1013 699 1227 763 Filium,
1257 704 1457 771 quiest
1486 721 1548 762 ex
1587 710 1888 766 substantia

314 780 453 846 ejus,
519 785 680 837 lieum
731 788 966 842 Verbum
1025 805 1240 860 passum
1273 809 1392 849 esse
1438 813 1534 851 sua
1566 815 1732 855 carne
1788 819 1886 872 pro

311 875 462 926 nobis
499 874 752 938 hmnane,
781 878 905 932 licet
930 894 993 933 eo
1013 884 1152 951 quod
1181 883 1323 939 Deus
1349 887 1684 959 intelligitur,
1711 895 1762 946 in
1790 909 1886 950 sua

311 975 503 1017 natura
537 967 750 1044 haheat,
788 979 843 1021 ut
876 973 982 1037 pati
1026 988 1128 1026 non
1160 978 1326 1042 possit
1360 995 1374 1044 ;
1409 980 1678 1036 hominem
1701 969 1881 1042 autem

309 1072 530 1110 seorsus
560 1037 928 1126 et‘separatim
953 1077 1074 1117 eum
1118 1079 1398 1136 ponentes,
1431 1075 1520 1142 qui
1566 1087 1648 1129 est
1675 1092 1738 1131 ex
1767 1094 1887 1133 san-

308 1151 392 1198 ct'a
435 1146 650 1217 Virgine
697 1163 1030 1218 procreatus.
1092 1154 1295 1211 Deinde
1339 1160 1411 1222 ei,
1460 1173 1718 1226 quantum
1753 1168 1884 1236 ipsis

311 1239 543 1303 ridetur,
569 1243 780 1294 modum
815 1245 1000 1312 gloriae
1028 1246 1345 1314 tribuentes,
1399 1255 1688 1310 adunatum
1719 1257 1882 1314 fuisse

307 1327 491 1380 dicunt
521 1327 696 1382 Verbo
731 1331 820 1384 Dei
854 1333 1028 1387 Patris
1064 1351 1077 1399 ;
1131 1344 1185 1388 et
1227 1337 1486 1392 rationem
1540 1343 1880 1399 adunationis

306 1430 660 1486 exponentes,
695 1421 948 1476 donatam
975 1440 1096 1480 esse
1143 1427 1240 1495 ipsi
1287 1431 1470 1483 dicunt
1497 1447 1526 1484 a
1557 1431 1665 1486 Deo
1697 1450 1880 1504 requa-

307 1510 514 1563 litatem
561 1513 865 1582 dignitatis,
921 1518 1036 1572 sive
1091 1521 1450 1586 auctoritatis,
1509 1537 1562 1578 et
1609 1536 1664 1580 ut
1715 1527 1876 1582 simili

305 1599 684 1666 appellatione,
716 1613 771 1655 et
799 1603 1071 1672 Christus,
1114 1617 1164 1661 et
1209 1608 1378 1664 Filius
1424 1613 1650 1677 dicatur,
1683 1628 1736 1671 et
1768 1615 1874 1670 Do-

303 1692 502 1745 minus.
558 1691 650 1746 Sin
680 1709 809 1747 vero
847 1697 1008 1750 etiam
1053 1715 1245 1767 passus
1266 1717 1386 1757 esse
1412 1703 1612 1773 aliquid
1663 1707 1875 1762 dicatur

309 1781 491 1845 homo,
525 1785 614 1850 qui
655 1785 723 1839 ab
766 1785 898 1855 ipsis
932 1792 1293 1860 excogitatur,
1335 1806 1585 1864 oportere
1631 1799 1781 1853 aiunt
1815 1801 1868 1854 in
1907 1783 1949 1837 Β

301 1871 472 1941 ipsum
503 1874 664 1928 Deum
715 1877 944 1932 Verbum
999 1882 1214 1948 referri,
1256 1900 1320 1938 eo
1351 1888 1491 1954 quod
1524 1888 1868 1954 coniunctum

299 1964 370 2016 sit
405 1964 501 2032 ipsi
536 1967 842 2034 aequalitate
872 1969 1176 2038 dignitatis,
1237 1991 1381 2039 cum,
1420 1977 1627 2031 naturis
1659 1979 1865 2046 divisis,

301 2055 668 2124 unusquisque
701 2058 750 2110 id
785 2059 874 2125 sit,
906 2062 1046 2128 quod
1074 2074 1176 2118 est.

393 2145 704 2214 Explanabo
750 2161 926 2204 autem
985 2153 1090 2206 vim
1142 2158 1566 2226 sententiarum,
1607 2174 1864 2231 quantum

299 2235 412 2304 ipse
454 2237 692 2302 valuere,
751 2255 1029 2295 sacrarum
1069 2243 1391 2300 Litterarum
1449 2255 1692 2321 exempla
1741 2270 1866 2323 pro-

294 2340 518 2394 ponens.
551 2328 751 2382 Esuriit
775 2329 1044 2396 Christus,
1090 2335 1282 2389 itinere
1322 2336 1576 2409 fatigatus
1601 2353 1704 2407 est,
1737 2345 1864 2400 dor—

299 2417 475 2482 mivit,
512 2420 792 2489 ingressus
829 2432 910 2474 est
962 2423 1012 2476 in
1063 2427 1383 2494 naviculam,
1420 2431 1662 2498 pulsatus
1713 2447 1796 2490 est
1835 2453 1865 2491 ει

293 2510 557 2564 ministris
603 2512 942 2578 verberibus,
976 2529 1002 2565 ει
1045 2515 1218 2572 Pilato
1269 2520 1568 2588 ﬂagellatus
1597 2534 1699 2587 est,
1733 2542 1862 2595 spu-

294 2601 492 2653 tamina
527 2601 752 2656 militum
788 2607 1021 2674 excepit,
1048 2609 1138 2676 qui
1168 2609 1350 2666 lancea
1379 2614 1519 2669 latus
1545 2628 1860 2686 pungentcs,

292 2699 502 2744 acetum
538 2695 750 2746 mistum
782 2696 899 2750 felle
945 2700 1026 2751 ori
1081 2701 1194 2769 ejus
1246 2704 1592 2772 obtulerunt;
1630 2713 1864 2778 gustavit

297 2793 474 2833 autem
517 2795 568 2835 et
593 2796 843 2848 mortem,
881 2803 1092 2842 crucem
1142 2809 1349 2860 passus,
1388 2808 1441 2850 et
1476 2798 1577 2852 alia
1619 2803 1862 2855 convicia

289 2867 616 2925 Judmortun.
659 2873 780 2928 Ha‘c
828 2879 1008 2930 omnia
1061 2881 1260 2936 homini
1307 2886 1522 2950 quidem
1571 2893 1863 2961 contigisse

292 2975 740 3040 connuemorant‘,
781 2966 968 3018 referri
999 2984 1125 3022 vero
1167 2973 1216 3023 in
1245 2971 1364 3028 Fihi
1405 2980 1512 3030 veri
1552 2995 1856 3046 personam.

287 3053 478 3106 Alnos
535 3056 827 3118 credimus,
891 3059 1030 3112 sicut
1081 3062 1130 3113 in
1190 3079 1350 3117 unum
1399 3067 1558 3121 Deum
1625 3071 1856 3138 l’atrein,

288 3144 732 3210 omnipotentem,
781 3151 1020 3201 omnium
1085 3151 1371 3206 visibilium
1432 3169 1483 3209 et
1511 3159 1858 3216 invisibilium

289 3233 698 3299 factorem;ita
769 3239 932 3292 etiam
999 3241 1048 3293 in
1109 3259 1271 3296 unum
1333 3247 1612 3303 Dominum
1675 3251 1860 3309 Jesunt

287 3325 582 3390 Christum,
646 3325 835 3381 Filium
885 3333 1021 3396 ejus.
1080 3333 1329 3390 Dividere
1380 3353 1506 3393 vero
1556 3357 1773 3398 seorsus
1805 3347 1856 3398 in

289 3418 557 3471 hominem
600 3420 933 3486 Emmanuel,
988 3434 1042 3478 et
1075 3443 1292 3481 seorsus
1340 3430 1388 3482 in
1424 3429 1682 3500 Verbum,
1708 3451 1860 3489 recu-

284 3521 484 3560 samus.
516 3507 762 3562 Scienles
812 3522 989 3565 autem
1032 3519 1172 3580 quod
1232 3518 1428 3569 factum
1460 3520 1529 3570 sit
1559 3520 1710 3586 juxta
1761 3539 1857 3578 nos

291 3596 520 3652 Verbum
586 3603 765 3667 homo,
823 3618 946 3657 vere
998 3606 1169 3672 ipsum
1215 3613 1570 3679 euindcmque
1627 3615 1857 3670 dicimus

285 3691 449 3742 Deum
491 3696 554 3744 de.
587 3694 696 3747 Deo
729 3710 743 3758 ;
779 3696 1008 3751 humane
1061 3713 1187 3752 vero
1237 3701 1507 3756 hominem
1550 3704 1702 3772 juxta
1759 3725 1854 3762 nos

279 3796 344 3831 ex
379 3783 621 3836 muliere.
661 3784 1006 3842 Allirmamus
1034 3801 1210 3844 autent
1248 3809 1408 3862 porro
1440 3807 1658 3866 propter
1693 3799 1854 3855 fanni-

282 3873 598 3938 liaritatem,
651 3878 831 3930 carnis
880 3881 1092 3946 quidem
1150 3898 1270 3936 eum
1311 3886 1650 3943 inﬁrmitates
1688 3890 1852 3944 fuisse

282 3975 593 4027 perpessum
629 3979 643 4027 ;
671 3980 914 4021 servasse
940 3985 1066 4022 vero
1097 3983 1302 4026 natura:
1337 3990 1446 4026 sua:
1503 3977 1848 4044 impassibili-

283 4061 466 4114 tatem,
512 4069 574 4106 eo
622 4057 763 4122 quod
822 4075 924 4108 non
982 4061 1140 4112 homo
1174 4073 1293 4114 erat
1341 4065 1535 4132 solum,
1585 4069 1675 4120 sed
1709 4069 1846 4122 idem

279 4141 438 4191 etiam
486 4142 625 4193 Deus
686 4155 874 4195 natura
912 4163 925 4208 ;
959 4157 1012 4198 et
1063 4151 1511 4212 quemadmodum
1571 4158 1844 4223 preprium

276 4239 393 4281 crat
428 4245 620 4298 corpus
663 4233 862 4299 ipsius,
895 4235 962 4287 ita
993 4238 1153 4288 etiam
1189 4241 1462 4294 naturales
1512 4247 1753 4313 corporis
1794 4257 1846 4302 et

278 4319 625 4386 inculpabiles
651 4323 952 4389 passiones,
989 4341 1194 4380 necnon
1220 4327 1384 4382 etiam
1404 4347 1466 4386 ea
1491 4351 1609 4402 qua:
1631 4338 1678 4391 ei
1699 4339 1844 4393 illata

273 4418 421 4472 Sunt,
461 4411 753 4478 petulantia
789 4417 1188 4471 nonnullorum.

343 4501 652 4556 Patiebatur
686 4516 860 4559 autem
891 4509 1312 4579 impassibiliter,
1350 4518 1474 4586 quia
1505 4535 1607 4575 non
1640 4523 1840 4584 idcirco

281 4607 340 4648 se
378 4593 698 4658 humiliavit,
733 4607 789 4650 ut
822 4610 964 4654 esset
1009 4611 1214 4658 tantum
1258 4611 1449 4669 similis
1483 4621 1652 4673 nostri
1689 4639 1702 4686 ;
1742 4625 1837 4678 scd

273 4685 419 4752 quia,
471 4696 526 4738 ut
554 4700 677 4741 ante
710 4691 841 4752 dixi,
875 4692 927 4744 id
967 4707 1171 4752 natura:
1205 4720 1334 4766 sua},
1378 4711 1453 4761 uti
1479 4711 1549 4763 sit
1591 4717 1839 4773 omnibus

273 4777 541 4841 superior,
590 4795 912 4836 reservarat.
971 4787 1038 4838 At
1097 4792 1140 4842 si
1202 4794 1525 4863 diceremus,
1571 4805 1708 4868 quod
1740 4820 1837 4873 per

270 4870 676 4922 conversionem
737 4871 819 4923 vel
874 4882 1348 4936 commutationem
1397 4897 1600 4943 natura:
1648 4899 1835 4949 sutein

271 4969 519 5013 naturain
584 4968 856 5021 transierit
901 4974 1099 5036 carnis,
1147 4989 1367 5029 necesse
1419 4993 1534 5033 erat
1588 4986 1835 5042 omnibus

269 5050 438 5102 modis
473 5067 590 5114 nos,
628 5057 824 5111 invitos
865 5061 1051 5125 etiam,
1092 5065 1358 5130 conﬁteri,
1408 5084 1659 5125 arcanam
1695 5077 1833 5130 divi-

269 5157 499 5208 namqtte
527 5157 773 5200 naturam
805 5150 967 5205 fuisse
990 5154 1314 5219 passibilem.
1353 5159 1444 5211 Sin
1473 5173 1673 5227 autem,
1710 5167 1833 5221 licet

256 5231 410 5297 juxta
447 5250 542 5288 nos
575 5239 732 5290 homo
767 5241 836 5292 sit
872 5241 1062 5304 factus,
1097 5249 1354 5300 manserit
1387 5251 1829 5323 incommutatus,

260 5332 344 5376 est
408 5326 549 5378 enim
609 5332 880 5394 proprium
935 5336 1139 5390 cwlesti
1187 5349 1410 5404 naturae,
1469 5355 1526 5396 ut
1569 5351 1675 5414 pati
1724 5367 1826 5406 non

261 5417 427 5482 possit
460 5433 475 5480 ;
507 5418 698 5471 deinde
725 5437 817 5487 per
844 5428 1222 5482 adunationem
1254 5433 1419 5500 ipsius
1438 5435 1632 5491 factum
1669 5441 1830 5496 fuerit

260 5522 452 5574 ενι-ρης
512 5509 766 5574 passibiie
817 5531 830 5565 :
889 5527 1100 5583 oportet
1153 5531 1205 5573 ut
1268 5525 1520 5591 patiatur,
1599 5547 1824 5600 corpore

327 5684 370 5715 ⁵⁵
401 5684 559 5736 .loau.
595 5696 740 5746 sui,
786 5686 870 5738 51.
953 5689 993 5718 ⁵⁷
1027 5689 1189 5743 Exod.
1231 5701 1415 5760 “1,5.
1497 5703 1539 5733 ⁵⁸
1573 5706 1695 5758 ibid.
1729 5708 1778 5760 7-

1857 5712 1900 5741 ”
1945 5713 1958 5763 l
2006 5713 2133 5781 ling.
2167 5731 2281 5780 rm,
2317 5719 2367 5770 ις.

1999 532 2172 599 primu
2208 552 2224 600 ;
2261 549 2440 593 manet
2470 557 2610 598 vero
2634 544 2746 614 ipse
2777 547 3220 616 impassibilis,co
3247 555 3386 621 quod
3412 557 3578 623 ipsius

1995 633 2079 676 est
2110 628 2384 695 proprium
2410 641 2466 683 ut
2501 634 2608 700 pati
2645 651 2750 688 non
2787 638 2974 705 possit.

2065 714 2217 780 Quod
2243 719 2285 772 si
2309 721 2546 788 glorilica
2563 734 2646 779 tus
2671 737 2755 780 est
2775 727 3092 786 Emmanuel
3120 749 3212 800 per
3244 735 3571 802 passioocm,

1994 813 2052 856 ut
2107 805 2220 874 ipse
2275 808 2428 872 Jixit,
2491 827 2611 866 cum
2668 831 2763 884 pro
2819 821 2973 875 nobis
3025 826 3322 891 pretiosam
3356 843 3569 880 crucem

1990 903 2132 948 esset
2165 911 2420 964 passurus
2453 915 2468 954 :
2497 920 2514 953 ι
2547 901 2700 960 Nunc
2750 909 3083 976 gloriﬁcatus
3137 925 3222 968 est
3273 914 3441 970 Filius
3475 917 3570 970 ho-

1991 984 2154 1040 minis
2188 987 2234 1018 “
2276 1006 2290 1054 ;
2331 1009 2348 1040 ι
2372 1006 2489 1060 cur,
2518 999 2782 1062 passionis
2807 1001 3034 1070 gloriam
3072 1006 3272 1060 homini
3323 1010 3568 1064 tribuen-

1992 1085 2072 1130 tes
2105 1079 2272 1132 solam
2303 1083 2518 1139 habenti
2554 1089 2988 1156 coniunctionem
3023 1114 3144 1150 cum
3173 1115 3235 1152 eo
3275 1101 3324 1153 in
3380 1117 3564 1170 aequa-

1986 1169 2138 1224 litate
2191 1174 2487 1244 dignitatis,
2539 1197 2644 1234 non
2689 1185 3230 1256 erubescunt?N:un,
3271 1194 3414 1247 sicut
3461 1196 3561 1264 ipsi

1987 1263 2322 1331 existimant,
2379 1271 2658 1339 conjunxit
2714 1277 2818 1330 sibi
2883 1281 3175 1334 secundum
3235 1284 3563 1342 voluntatem

1984 1348 2158 1406 Patris
2181 1364 2236 1408 et
2257 1359 2636 1428 complacitum
2671 1367 2952 1423 hominem
2990 1373 3326 1442 simpliciter,
3354 1388 3407 1430 et
3441 1395 3560 1432 eum

1985 1455 2098 1495 suae
2155 1445 2337 1514 gloriae
2390 1466 2573 1518 parem
2635 1455 2831 1522 eﬂ'ecit,
2878 1471 2932 1514 et
2973 1467 3265 1530 concessit,
3311 1475 3368 1520 ut
3399 1470 3560 1523 simili

1981 1535 2348 1600 appellatione
2376 1543 2642 1612 Christus,
2675 1557 2728 1604 et
2751 1550 2940 1618 Filius,
2975 1565 3026 1608 et
3065 1556 3208 1612 Deus
3253 1563 3563 1616 nominatus

1981 1624 2072 1687 sit,
2099 1636 2151 1680 et
2182 1627 2463 1688 Dominus.

2051 1715 2192 1789 Ergo
2244 1737 2417 1792 neque
2458 1727 2796 1786 incarnatum
2849 1746 2932 1789 est
2977 1751 3106 1793 vere
3151 1739 3410 1806 Verbum,
3457 1759 3558 1798 nec

1977 1823 2198 1875 prorsus
2245 1817 2404 1870 homo
2444 1829 2528 1873 est
2582 1822 2800 1876 laetum.
2835 1829 2918 1880 An
2978 1828 3139 1894 forte,
3195 1833 3358 1885 etiam
3393 1833 3557 1890 lalsos

1970 1905 2364 1974 tnendacesque
2389 1911 2570 1966 dicere
2613 1915 2862 1974 doctores
2895 1935 3112 1979 sanctos
3152 1928 3336 1980 tnuudi
3369 1931 3552 1990 totius,

1971 1992 2174 2046 nullum
2229 1998 2402 2063 pariat
2455 2002 3012 2068 detrimentnmiAut
3063 2016 3228 2087 799
3285 2022 3428 2073 enim
3471 2023 3553 2074 di-

1968 2093 2114 2146 cant,
2143 2085 2251 2140 imo
2292 2091 2461 2160 magis
2502 2099 2798 2163 procedant
2851 2103 2903 2155 in
2959 2085 3206 2159 medium
3250 2110 3549 2176 probaturi,

1967 2176 2109 2242 quod
2137 2179 2226 2250 qui
2274 2183 2668 2250 conjunctionis
2703 2193 2771 2246 ab
2820 2193 2952 2262 ipsis
2997 2196 3274 2252 inducitur
3330 2205 3546 2266 modus,

1966 2266 2357 2330 incarnationis
2401 2278 2594 2332 habeat
2644 2283 2785 2345 vim,
2821 2295 2871 2338 et
2905 2287 2954 2337 id
3013 2290 3102 2350 sit,
3145 2288 3378 2343 Verbum
3428 2306 3549 2346 esse

1967 2357 2238 2413 hominem
2274 2362 2496 2422 factum.
2534 2373 2636 2424 Aut
2679 2374 2728 2426 si.
2757 2371 2816 2426 ea
2853 2391 2956 2428 non
2999 2377 3071 2431 ita
3110 2379 3310 2434 habere
3356 2382 3544 2436 existi-

1967 2459 2134 2516 mant,
2179 2467 2349 2520 quare
2395 2458 2790 2527 cenjunctionis
2827 2466 2980 2521 nobis
3029 2469 3391 2536 inconjuncta:
3421 2489 3540 2524 tuo-

1966 2541 2089 2592 dum
2126 2547 2459 2614 excogitant,
2495 2553 2720 2608 veritate
2754 2556 2994 2624 negleeta
3027 2557 3195 2614 ?cum
3231 2561 3420 2616 deceat
3455 2579 3548 2618 cos

1965 2633 2146 2688 dicere
2229 2638 2547 2695 humanitati
2612 2657 2806 2700 nostra:
2865 2649 3156 2704 adunatum
3219 2652 3382 2706 fuisse
3453 2655 3542 2708 Dei

1969 2723 2203 2779 Verbum
2234 2737 2286 2781 et
2315 2728 2533 2788 Patris:
2569 2735 2638 2788 ita
2681 2739 2824 2791 enim
2868 2755 3034 2793 carne
3071 2743 3285 2810 quidem
3329 2747 3543 2814 propria

1965 2813 2288 2884 intelligatur
2329 2837 2520 2889 passus
2550 2825 2804 2882 humana.
2837 2829 3110 2894 Quantum
3145 2849 3270 2887 vero
3305 2837 3539 2902 pertinet

1966 2905 2030 2956 ad
2068 2907 2366 2965 divinitatis
2411 2925 2680 2982 naturam,
2719 2921 2982 2975 molestia:
3015 2926 3190 2978 omnis
3235 2940 3449 2994 expers,
3483 2939 3543 2982 ut

1970 2995 2130 3053 Deus.

1888 3113 1930 3169 ο
2037 3091 2186 3155 Quod
2229 3111 2354 3149 vero
2403 3097 2715 3153 relationem
2779 3105 3140 3170 nominantes,
3187 3123 3308 3177 qure-
3352 3113 3537 3165 nescio

1969 3175 2236 3250 quomodo
2285 3188 2354 3240 ab
2427 3189 2557 3256 ipsis
2618 3202 2826 3259 reperta
2885 3206 2986 3259 est,
3021 3175 3219 3262 glorizc
3257 3201 3539 3256 detrahant

1965 3271 2371 3338 Ennuanuelis;
2406 3280 2652 3347 quodque
2692 3297 2813 3335 eum
2869 3286 2953 3337 vix
3011 3303 3172 3341 ttnttm
3227 3300 3534 3346 sanctorum

1963 3363 2196 3419 eﬂiciant
2258 3371 2687 3437 prephetarum;
2743 3387 2795 3427 et
2851 3381 2990 3445 quod
3056 3381 3196 3435 inter
3257 3399 3536 3441 mensuras

1961 3457 2293 3510 constituant
2350 3460 2724 3527 plurimorum,
2782 3469 2833 3520 in
2887 3485 3058 3538 eoque
3133 3476 3318 3540 procul
3371 3477 3534 3532 dttbio

1960 3545 2260 3612 Capiantur,
2294 3552 2531 3617 probabo
2567 3569 2747 3622 porro,
2777 3557 2972 3614 divina:
3005 3560 3300 3632 Scriptura:
3329 3581 3533 3635 ponens

1959 3637 2226 3704 exempla.

2029 3726 2398 3786 Mnrmurahat
2427 3734 2716 3804 aliquando
2757 3739 2808 3792 in
2840 3739 3050 3799 deserto
3075 3746 3337 3802 adversus
3385 3751 3531 3822 Moy-

1956 3830 2126 3872 senet
2174 3821 2352 3876 Aaron
2405 3828 2629 3893 populus
2685 3827 2870 3889 Israel,
2927 3833 3161 3886 dicens:
3218 3855 3236 3886 t
3311 3829 3552 3894 Ulinam-

1958 3913 2151 3962 mortui
2207 3927 2473 3976 essemus,
2533 3921 2771 3982 percussi
2805 3935 2832 3970 a
2881 3921 3109 3975 Domino
3165 3925 3216 3977 itt
3271 3927 3523 3999 1Egypl0,

1954 4009 2074 4046 eum
2121 4001 2441 4053 scdebamus
2499 4003 2565 4054 ad
2619 4005 2752 4058 ollas
2819 4009 3084 4077 carniunt,
3137 4023 3192 4067 et
3237 4019 3525 4076 edebamus

1955 4101 2122 4152 usque
2145 4090 2210 4138 ad
2240 4089 2542 4143 Satietatem
2571 4094 2636 4146 ".
2670 4113 2688 4144 ι
2715 4097 2850 4150 Dicit
2873 4099 3065 4155 deinde
3093 4107 3522 4173 sapientissimus

1950 4173 2162 4243 Moyses
2212 4177 2351 4247 (erat
2393 4182 2536 4234 enim
2575 4199 2912 4254 consequens
2955 4201 3059 4244 tam
3099 4203 3300 4251 temere
3351 4201 3522 4271 impa-

1952 4265 2142 4318 tientes
2169 4269 2467 4340 confutare)
2494 4291 2506 4326 :
2540 4293 2558 4324 ι
2593 4275 2700 4330 Nos
2725 4288 2902 4334 autem
2936 4284 3062 4350 quid
3090 4302 3274 4342 sumus
3295 4265 3520 4360 ?Neque

1947 4353 2090 4430 eniju
2123 4356 2380 4416 adversus
2411 4379 2507 4417 nos
2543 4377 2625 4421 est
2661 4377 3014 4430 murmuratio
3049 4391 3247 4450 vestra,
3283 4387 3375 4439 sed
3415 4391 3518 4442 ad-

1880 4436 1921 4489 D
1949 4459 2135 4500 versus
2179 4450 2341 4505 Deum
2370 4455 2436 4509 ⁵⁸.
2477 4475 2494 4507 ι
2524 4457 2803 4527 Regnabat
2831 4467 2972 4521 enim
3016 4487 3113 4539 per
3150 4475 3236 4528 illa
3278 4486 3513 4548 tempora

1949 4537 2107 4590 etiam
2154 4540 2292 4596 Deus
2323 4548 2684 4616 omnipolens,
2717 4571 2813 4623 per
2855 4571 3071 4616 sanctos
3118 4568 3426 4636 prophetas,
3462 4573 3513 4625 in

1947 4629 2139 4695 populo
2165 4630 2348 4686 Israel.

2019 4719 2094 4771 Illi
2126 4731 2304 4776 autem
2337 4725 2388 4777 in
2432 4727 2531 4782 hoc
2563 4731 2724 4786 etiam
2769 4737 3156 4806 pusillanimes,
3185 4750 3512 4806 accedebant

1946 4810 2011 4862 ad
2035 4810 2272 4866 divinant
2320 4815 2564 4885 Samuel,
2619 4825 2854 4882 dicentes
2895 4846 2909 4881 :
2951 4851 2968 4882 ε
3008 4833 3146 4889 Ecce
3180 4849 3231 4890 tu
3261 4843 3506 4906 senuisti,

1943 4915 1996 4957 et
2041 4905 2132 4958 ﬁlii
2171 4910 2241 4961 lui
2267 4926 2368 4964 non
2399 4913 2672 4969 ambulant
2704 4918 2754 4970 in
2783 4922 2880 4975 viis
2909 4926 3032 4989 tuis,
3063 4939 3116 4982 et
3142 4946 3282 4983 nunc
3308 4937 3510 4987 consli-

1943 5004 2030 5048 tuc
2064 5013 2350 5067 supernos
2390 5019 2591 5073 regem,
2631 5012 2720 5076 qui
2742 5011 2944 5079 judicet
2977 5035 3092 5084 nos,
3136 5023 3272 5075 sicut
3301 5036 3509 5080 caeteras

1945 5088 2138 5142 habent
2169 5103 2355 5159 gentes
2386 5096 2451 5148 ‘9.
2487 5115 2505 5148 ι
2547 5098 2765 5156 Moleste
2799 5104 2848 5157 id
2874 5109 3085 5174 quidem
3127 5113 3281 5166 nimis
3305 5113 3506 5170 ferebat

1945 5179 2226 5246 propheta.
2253 5184 2342 5235 Ait
2383 5195 2561 5240 autem
2600 5191 2736 5246 Deus
2767 5196 3106 5264 omnipotens
3139 5218 3152 5254 :
3185 5219 3204 5252 ι
3242 5203 3376 5258 Audi
3407 5222 3504 5260 vo-

1934 5285 2050 5321 cem
2086 5272 2282 5338 populi,
2341 5275 2482 5329 sicut
2536 5279 2746 5336 locutus
2776 5295 2858 5337 est
2891 5287 2953 5339 ad
3000 5298 3048 5342 te
3081 5307 3095 5354 ;
3131 5293 3255 5359 quia
3292 5310 3394 5346 non
3451 5307 3502 5348 te

1931 5372 2272 5427 Spreverunt,
2327 5365 2420 5418 sed
2473 5383 2557 5421 me
2615 5385 2954 5440 spreverunt,
3024 5390 3227 5435 utnon
3286 5400 3500 5454 regnent

1929 5467 2090 5519 Super
2112 5467 2204 5505 eos
2228 5452 2294 5506 σθ.
2332 5473 2349 5504 ι

2003 5542 2344 5596 Dixitaulem
2389 5545 2580 5601 alicubi
2628 5553 2789 5607 etiam
2824 5555 3071 5616 Christus
3119 5567 3322 5621 sanctis
3367 5585 3497 5638 apo-

2446 5723 2487 5752 ⁶⁰
2521 5723 2648 5776 ibid.
2687 5727 2735 5779 7.
