4082 6258
1599 305 1656 359 S.
1696 302 1976 359 CYRlLLl
2017 275 2481 356 ALEXANDRINI
2521 299 2842 355 ARCl-IIEP.

3698 303 3844 358 ΗΙΞ

596 416 751 472 stolis
788 434 802 471 :
842 435 861 468 ι
906 416 1006 482 Qui
1046 416 1234 486 recipit
1274 430 1389 480 vos,
1435 431 1521 472 me
1571 417 1761 486 recipit
1793 418 1860 468 σί.
1896 435 1912 465 ι
1949 414 2163 468 Necnon
2200 421 2238 472 Α
2270 414 2428 466 bilem
2468 427 2594 468 vero
2627 414 2870 470 utDeum
2901 411 3258 467 servavimus.
3300 411 3431 469 Nam
3489 413 3614 471 licet
3662 415 3842 473 factus

593 510 755 563 etiam
813 509 1192 563 misericordes
1241 525 1336 576 pro
1379 508 1629 562 tribunali
1669 523 1766 560 suo
1813 507 2168 560 allocuturum

596 618 656 655 se
687 603 966 670 pollicetur
992 621 1004 656 :
1035 621 1052 652 ι
1103 602 1313 665 Venite,
1350 603 1611 654 benedicti
1640 601 1813 653 Patris
1840 600 1962 658 mei.
1991 599 2169 667 perci—

594 695 642 759 pi
655 706 701 744 te
721 703 964 761 paratum
988 693 1136 744 vobis
1161 708 1380 760 regnum
1399 707 1427 744 a
1453 692 1834 744 constitutione
1853 688 2115 742 mundi“.
2143 707 2162 748 p

595 782 884 836 Prohitatis
903 798 1028 835 vero
1054 783 1288 849 ipsorum
1310 799 1485 835 mores
1509 783 1846 834 familiariter
1865 795 2168 849 agnoscens

591 875 656 925 de
707 874 792 937 iis,
847 873 1038 940 quibus
1093 873 1227 926 bene
1286 874 1589 925 consultum
1651 871 1824 925 fuerat
1869 873 1934 923 ab
1985 874 2162 940 ipsis:

594 981 614 1014 t
647 965 890 1029 Quandiu
922 965 1181 1027 feceritis,
1218 965 1408 1034 inquit,
1439 967 1524 1017 ttni
1557 965 1746 1018 horum
1799 965 2160 1032 minimorum,

589 1055 718 1106 mihi
765 1053 966 1108 fecistis
987 1055 1048 1106 ⁸³.
1086 1073 1102 1104 ι

659 1143 816 1207 Ecce,
843 1146 894 1197 in
925 1145 1009 1198 his
1039 1145 1314 1198 relationis
1344 1147 1530 1200 modus
1552 1147 1728 1215 qualis
1751 1148 1840 1212 sit,
1870 1152 2154 1217 cognosci-

591 1242 681 1285 tttr
725 1223 1021 1288 evidenter.
1090 1235 1462 1288 Murmurahat
1525 1238 1783 1291 adversus
1836 1239 2050 1309 Moysen
2110 1251 2164 1294 et

585 1329 766 1377 Aaron
821 1326 1048 1392 populus
1081 1324 1264 1388 Israel,
1299 1335 1352 1379 et
1392 1335 1475 1378 res
1506 1327 1721 1394 quidem
1757 1327 1988 1380 habebat
2020 1330 2158 1384 rela-

589 1416 784 1467 tionem
832 1416 883 1467 in
931 1416 1312 1478 Denm;erant
1342 1426 1517 1468 tamen
1561 1418 1805 1471 homines
1850 1419 2058 1488 Moyses
2109 1430 2164 1473 et

589 1509 766 1556 Aaron
798 1505 1004 1558 similes
1051 1507 1245 1560 nostri.
1279 1506 1480 1559 Eodem
1547 1519 1706 1575 pacto
1757 1511 1920 1561 etiam
1958 1510 2008 1562 itt
2041 1510 2161 1565 aliis

586 1595 871 1666 intelliges,
914 1607 1143 1666 quorum
1199 1615 1370 1665 nuper
1399 1599 1624 1650 fecimus
1679 1603 2035 1655 mentionem:
2069 1603 2160 1655 sed

585 1695 741 1740 erant
793 1688 1029 1754 quidem,
1064 1696 1120 1739 ιιι
1163 1696 1286 1741 ante
1319 1689 1449 1749 dixi,
1502 1690 1671 1742 sancti
1723 1699 1776 1743 et
1818 1693 2161 1746 admirabiles

2273 505 2343 556 sit
2369 504 2560 558 similis
2596 504 2788 566 nostri,
2823 512 3060 558 attamen
3091 504 3234 558 scire
3263 504 3519 559 debemus
3540 506 3842 562 cmlestium

2272 595 2593 662 dignitatum
2622 603 2676 648 et
2697 595 2890 647 divina:
2919 593 3035 660 ejus
3079 595 3390 648 eminentia:
3421 596 3781 664 majestatem.

2351 686 2634 739 Pratmissa
2668 685 2832 753 igitur
2861 685 3063 740 unitate
3103 701 3187 748 ea,
3217 687 3371 754 quasi
3409 687 3589 756 aliquo
3651 689 3844 764 funda-

2271 787 2449 831 mento
2480 777 2598 830 lidei
2620 778 2895 846 przejacto,
2925 791 3086 830 carne
3104 792 3318 845 passum
3340 792 3460 834 esse
3477 777 3797 835 confitentur
3824 799 3837 843 ;

2269 870 2532 922 mansisse
2566 883 2693 924 vero
2747 879 2898 922 extra
2951 868 3250 934 passiones,
3298 870 3498 937 quippe
3542 886 3664 922 cum
3699 873 3751 924 in
3785 889 3842 925 se

2269 961 2482 1025 haheat-,
2508 972 2564 1013 ιιι
2589 961 2694 1029 pati
2733 976 2834 1012 non
2860 960 3026 1027 possit
3060 977 3074 1012 :
3109 959 3190 1012 siit
3228 975 3356 1013 vero
3388 963 3436 1013 in
3482 973 3634 1030 parte
3677 978 3841 1030 pona-

2269 1069 2389 1106 mus
2420 1053 2584 1106 Deum
2616 1063 2670 1105 et
2712 1052 3004 1116 hominem,
3039 1063 3258 1106 naturas
3289 1068 3319 1106 a
3353 1066 3474 1105 sese
3513 1043 3836 1117 dividentes,

2265 1152 2314 1194 et
2340 1145 2634 1196 secundum
2660 1143 2826 1196 solam
2853 1143 3168 1196 relationem
3200 1144 3445 1197 dicamus
3469 1141 3706 1197 Verbum
3741 1161 3835 1197 sua

2267 1235 2483 1286 duxisse
2517 1249 2601 1296 ea,
2631 1247 2749 1302 quae
2782 1234 2996 1300 corpori
3028 1234 3388 1302 contigerunt,
3421 1232 3621 1302 Moysis
3649 1250 3840 1301 nempe

2245 1303 2316 1376 et
2347 1326 2523 1376 Aaron
2554 1327 2766 1376 modum
2788 1325 2948 1377 habet
2979 1324 3042 1387 is,
3076 1324 3165 1391 qui
3212 1333 3386 1377 estex
3418 1339 3570 1377 sacra
3620 1321 3839 1392 Virgine

2265 1425 2576 1483 procreatus
2647 1413 2982 1480 Emmanuel,
3049 1417 3192 1484 quod
3265 1423 3346 1468 est
3404 1415 3836 1482 interpretatum,

2265 1506 2543 1559 nobiscum
2581 1506 2741 1559 Deus.

2330 1599 2494 1668 800
2543 1598 2683 1668 Ergo
2730 1599 2830 1651 etsi
2894 1597 3333 1666 per-prophetas
3381 1608 3596 1654 sanctos
3648 1598 3835 1653 dicat:

2268 1707 2285 1738 ι
2331 1691 2554 1741 Dorsum
2586 1705 2759 1742 meum
2798 1690 2947 1756 posui
2988 1690 3039 1742 in
3073 1689 3316 1756 ﬂagella;
3352 1688 3596 1741 maxillas
3651 1699 3837 1741 autent

594 1778 856 1840 homines,
889 1778 1130 1829 homines
1156 1789 1329 1829 tamen
1361 1780 1563 1832 similes
1599 1782 1785 1834 nostri.
1818 1781 1964 1835 Eone
2003 1785 2162 1850 igitur
2193 1756 2233 1809 Β
2266 1793 2412 1829 meas
2456 1779 2505 1829 in
2546 1778 2750 1844 p.-dmas
2778 1795 2790 1840 ;
2819 1776 3008 1830 faciem
3059 1790 3227 1829 meam
3273 1785 3451 1828 autem
3502 1790 3606 1827 non
3660 1775 3836 1829 averti

586 1871 742 1919 modo
767 1869 928 1919 etiam
960 1869 1118 1919 homo
1156 1869 1262 1920 Deo
1307 1867 1480 1921 Verbo
1523 1871 1866 1936 cenjunctus,
1909 1875 2048 1927 sicut
2083 1874 2159 1927 illi

584 1962 750 2020 aiunt,
789 1958 1103 2012 relatiOuent
1139 1960 1188 2011 itt
1225 1959 1276 2011 id
1323 1975 1540 2013 suarum
1577 1963 1771 2016 habeat
1805 1965 2162 2030 passionum?

584 2048 646 2098 lit
674 2049 1063 2116 quomodojam
1096 2063 1201 2101 non
1230 2049 1296 2101 sit
1317 2050 1477 2102 homo
1497 2054 1820 2114 communis,
1845 2063 1895 2104 et
1917 2069 2155 2118 seorsus,

583 2147 638 2190 et
673 2141 816 2192 aliud
851 2140 979 2193 nihil
1004 2141 1026 2192 ?
1050 2141 1187 2208 Ergo
1223 2155 1326 2192 non
1357 2151 1437 2194 est
1478 2157 1602 2194 vere
1652 2142 1790 2194 Deus
1817 2143 2154 2210 Emmanuel,

583 2245 686 2280 non
719 2229 1024 2296 unigenitus
1056 2229 1245 2295 Filius,
1278 2246 1381 2283 non
1409 2233 1545 2284 Deus
1570 2233 1860 2285 secundum
1890 2244 2153 2286 naturam.

625 2319 853 2395 Deinde
901 2335 1062 2388 quam
1130 2326 1197 2374 oh
1246 2337 1463 2375 causam
1516 2337 1673 2376 nemo
1730 2323 1959 2375 aliorum
1989 2341 2016 2375 a
2050 2325 2156 2378 Deo

579 2411 759 2468 Verbo
820 2411 1116 2465 honoratus
1169 2421 1252 2465 est
1308 2414 1613 2481 aequalitate
1685 2415 1980 2480 dignitatis,
2043 2416 2154 2468 sive

580 2504 921 2557 auctoritatis
951 2505 974 2556 ?
1002 2503 1184 2557 Solum
1235 2514 1410 2557 autem
1443 2505 1580 2557 hunc
1636 2507 1780 2572 paria
1830 2508 2007 2557 omnia
2038 2523 2154 2558 sor-

580 2595 733 2648 titutn
767 2593 930 2646 fuisse
955 2595 1320 2658 contendunt;
1348 2596 1579 2645 maxime
1609 2610 1725 2645 cum
1751 2593 1887 2646 Deus
1906 2592 2152 2646 Salvator

578 2685 843 2744 omnium,
879 2700 984 2735 non
1013 2683 1219 2752 judicet
1254 2685 1318 2737 ad
1346 2698 1650 2750 personam,
1671 2684 1763 2736 sed
1785 2684 1989 2750 justum
2017 2685 2151 2752 judi-

577 2776 741 2837 cium,
771 2774 912 2828 sicut
942 2775 1054 2840 ipse
1082 2773 1554 2827 commemorat”.
1591 2775 1767 2838 Quare
1802 2789 1931 2841 ergo
1971 2775 2150 2826 consi-

575 2868 664 2919 tlet
697 2865 888 2918 solos?
926 2866 1216 2930 Quomodo
1270 2867 1447 2918 veniet
1478 2864 1663 2930 jndex,
1725 2863 2146 2933 obscqnentihus

574 2957 1019 3028 angelis?Quare
1071 2970 1246 3012 autem
1289 2959 1436 3010 solus
1486 2967 1591 3010 tant
1636 2974 1663 3009 a
1712 2960 1866 3011 nobis
1916 2974 2076 3027 quam
2113 2975 2143 3013 a

570 3051 818 3119 supernis
844 3051 1126 3119 spiritibus
1166 3050 1416 3104 adorator
1443 3049 1465 3102 ?
1502 3051 1606 3102 Sed
1637 3050 1812 3111 valde,
1841 3051 2010 3118 inquit
2043 3069 2054 3102 :
2093 3061 2142 3105 te
2171 3082 2211 3137 ο

569 3145 712 3196 enim
769 3159 985 3211 quoque
1045 3145 1094 3197 id
1145 3157 1306 3211 agere
1353 3144 1654 3195 invenimus
1687 3159 1701 3205 ;
1733 3157 1946 3206 passum
1997 3143 2139 3194 enim

574 3235 747 3300 ipsum
773 3235 1064 3296 conﬁteris,
1089 3245 1356 3301 quatenus
1382 3234 1428 3286 ei
1457 3235 1637 3286 carnis
1661 3234 1907 3285 attribuis
1933 3233 2138 3300 passio-

572 3342 687 3387 nes,
714 3326 835 3377 licet
865 3324 1247 3392 impassihilem
1285 3339 1467 3376 serves
1495 3332 1552 3375 ttt
1575 3321 1762 3375 Deum.
1801 3321 1869 3374 At
1899 3338 2015 3386 nos,
2057 3325 2139 3374 vir

569 3419 791 3485 optime,
827 3432 948 3470 cum
983 3417 1130 3484 prius
1168 3415 1585 3469 adunaverintus
1621 3414 1855 3467 Verbum
1885 3424 1936 3467 et
1962 3414 2138 3466 homi-

569 3523 712 3571 nem,
757 3509 903 3560 carni
955 3510 1168 3576 quidem
1205 3509 1486 3577 passiones
1533 3506 1839 3571 trthuimtts,
1883 3505 2137 3574 impassi-

1175 3683 1218 3712 “
1249 3681 1434 3735 Matth.
1469 3700 1596 3743 xxv,
1637 3684 1726 3736 '51.

1191 3753 1236 3784 ⁸⁸
1278 3751 1521 3819 Ιςςιζιιιι,
1555 3753 1610 3807 5.

636 3682 679 3718 ⁶¹
715 3681 846 3736 Luc.
872 3698 949 3747 tx,
973 3685 1062 3737 48.

565 3748 604 3778 ⁸⁷
636 3750 773 3806 Psal.
805 3769 993 3817 uvnt,
1026 3755 1112 3806 22.

1840 3685 1884 3714 ”
1928 3685 2054 3738 ibid.
2097 3682 2184 3736 40.

2263 1884 2291 1920 a
2322 1869 2634 1920 confusione
2656 1878 2932 1935 sputorttnt
2952 1868 3016 1920 °'.
3045 1885 3062 1916 ι
3094 1866 3290 1920 Porro:
3319 1885 3336 1917 ι
3381 1865 3697 1919 lnl'oderunt
3731 1881 3839 1918 nta-

2263 1974 2361 2010 nus
2401 1974 2546 2011 meas
2595 1968 2648 2010 et
2699 1960 2858 2025 pedes
2911 1973 3078 2020 meos,
3119 1957 3598 2011 dinumerat-erunt
3653 1959 3834 2013 Omnia

2259 2067 2380 2102 ossa
2413 2065 2526 2102 mea
2553 2050 2616 2101 ⁸⁸.
2656 2069 2674 2101 ι
2718 2049 2784 2101 Ει
2818 2064 3014 2117 porro:
3047 2069 3064 2100 ι
3099 2049 3303 2104 Dedere
3337 2050 3389 2102 in
3433 2049 3614 2102 cibum
3655 2065 3832 2101 meum

2260 2141 2567 2209 hyssopum,
2605 2148 2660 2192 et
2713 2141 2762 2192 in
2805 2139 2948 2192 sitim
2987 2154 3158 2192 meam
3200 2139 3510 2194 obtulerunt
3541 2141 3668 2192 mihi
3710 2156 3831 2194 acc-

2261 2243 2368 2283 tum
2402 2233 2466 2284 ⁶⁷.
2509 2250 2527 2282 ι
2581 2231 2684 2297 Ipsi
2740 2233 2918 2285 omnia
2976 2232 3088 2285 hme
3114 2230 3400 2299 Unigenito
3459 2233 3826 2297 attribuimus,

2257 2337 2377 2391 quae
2409 2337 2504 2390 pro
2523 2323 2672 2375 nobis
2694 2323 3084 2391 dispensatorie
3111 2337 3277 2377 carne
3297 2338 3488 2392 passus
3515 2334 3618 2386 est,
3643 2340 3829 2378 serun-

2256 2419 2376 2466 dutn
2435 2413 2740 2480 Scripturas
2772 2431 2784 2465 :
2817 2433 2834 2464 ι
2869 2413 3055 2468 V'ibice
3123 2415 3266 2466 enim
3329 2413 3445 2481 ejus
3497 2431 3594 2468 nos
3651 2417 3824 2469 sanati

2253 2523 2460 2567 smnus,
2525 2515 2579 2557 et
2640 2505 2752 2571 ipse
2813 2503 3110 2558 infirmatus
3179 2514 3262 2558 est
3329 2515 3546 2574 propter
3605 2515 3825 2573 peccata

2253 2611 2434 2651 Itoslta
2467 2598 2531 2652 ⁸ο.
2571 2617 2588 2648 ι
2653 2597 3038 2665 ltnpassihilem
3095 2611 3224 2650 vero
3286 2611 3407 2650 eum
3466 2609 3655 2650 natura
3709 2613 3826 2652 esse

2253 2689 2626 2755 cognoscimus
2661 2705 2672 2738 :
2715 2703 2832 2738 nam
2865 2688 2940 2748 si,
2978 2697 3034 2739 ut
3083 2687 3280 2739 dudum
3311 2687 3440 2752 dixi,
3478 2686 3616 2739 idem
3666 2687 3825 2739 homo

2250 2791 2329 2833 est
2381 2780 2537 2833 simul
2595 2788 2647 2830 et
2701 2779 2862 2841 Deus,
2925 2787 3048 2830 sunt
3095 2789 3242 2832 certe
3298 2777 3648 2830 humanitatis
3707 2777 3823 2843 ejus

2251 2869 2548 2936 passiones,
2578 2866 2665 2918 Dei
2694 2880 2854 2933 porro
2880 2866 3176 2933 proprium,
3203 2875 3260 2919 ιιι
3290 2867 3632 2926 itnpassibilis
3660 2867 3821 2920 intel-

2249 2961 2462 3030 ligatur.

2320 3053 2442 3105 ΙΙωο
2470 3053 2541 3104 ita
2597 3052 2892 3105 sentientes
2941 3052 3274 3106 servabimus
3319 3050 3594 3119 pietatem,
3631 3061 3686 3103 et
3727 3066 3822 3120 per

2248 3151 2424 3194 rectas
2471 3143 2829 3210 cogitationes
2875 3154 3065 3196 euntes
3113 3155 3167 3197 et
3219 3152 3429 3208 sensus,
3471 3143 3537 3196 ad
3585 3141 3822 3195 ccelcstis

2246 3234 2544 3286 vocationis
2591 3235 2820 3302 palmam
2882 3236 3254 3302 perveniemus
3313 3238 3364 3288 in
3422 3235 3664 3298 Christo,
3725 3250 3822 3302 per

2245 3338 2423 3389 quem,
2458 3334 2510 3374 et
2535 3339 2653 3375 rum
2687 3339 2814 3392 quo,
2849 3323 2957 3378 Deo
2998 3338 3054 3378 et
3082 3325 3226 3378 Patri
3256 3325 3420 3392 gloria
3457 3342 3578 3379 cum
3613 3324 3820 3393 Spiritu

2242 3426 2428 3468 sancto
2470 3416 2522 3467 in
2551 3417 2744 3470 saecula
2777 3419 3115 3472 saeculorum.
3157 3419 3350 3471 Amen.

2273 3684 2314 3714 ⁸⁸
2354 3681 2508 3738 Joan.
2541 3700 2659 3747 vm,
2696 3684 2791 3754 16.Δ
2873 3684 2917 3715 ⁸⁵⁸
2947 3685 3045 3738 lsa.
3079 3700 3130 3747 ι..
3171 3683 3224 3738 6.
3312 3682 3356 3712 “
3385 3681 3520 3738 Psal.
3556 3699 3686 3746 nt,
3729 3684 3817 3748 l8.
