4082 6258
354 318 496 375 1415

370 491 636 505 Μ...-

637 492 886 504 -ιηιι-κ--συς
907 497 962 504 --ι-
983 498 1098 505 .-.μ-,ε
1113 492 1470 508 -———-—_.~'—'.-—--—
1488 501 1538 508 ...-
1548 500 1648 507 ----
1661 500 1742 506 υς--η
1759 501 1782 506 --
1807 499 1922 507 ο--ρ-α-

1247 323 1535 380 scnoua
1572 303 1658 376 ni;
1699 321 2206 378 INCARNATIONE
2247 321 2452 376 VERBl
2487 321 2618 378 um.
3476 325 3618 388 itit

2587 481 3596 512 Μ

829 659 1202 862 ΤΟΥ
1249 661 2130 798 ΜΑΚΑΡΙΟΥ
2203 665 3128 819 ΚΥΡΙΛΛΟΥ›

1415 919 1988 975 ΑΡΧΙΕΠΙΣΚΟΠΟΥ
2025 921 2563 988 ΑΛΕΞΑΝΔΡΕΙΑΣ,

641 1101 818 1156 ΠΕΡΙ
861 1103 996 1155 ΤΗΣ
1035 1103 1674 1160 ΕΝΑΝΘΡΩΠΗΣΕΩΣ
1715 1105 1858 1158 ΤΟΥ
1894 1105 2081 1158 ΘΕΟΥ
2114 1115 2387 1178 ΛΟΓΟΥ,
2434 1117 2576 1168 ΤΟΥ
2619 1115 2794 1168 ΠοΥ
2831 1115 2974 1167 ΤΟΥ
3005 1113 3099 1165 ΠΛ
3116 1115 3316 1168 ΤΡΟΣ.

1187 1441 1776 1566 ΒΕΑΤΙ
1939 1443 2842 1649 CYRILLI-

1441 1699 1968 1758 ARCHIEPISCOPI
2019 1703 2508 1772 ALEXANDRINI,

566 1872 716 1962 DE
797 1874 1702 1970 INCABNATIONE
1779 1883 2140 1973 VERBI
2224 1883 2470 2006 DEI,
2546 1885 2842 1971 FILII
2922 1884 3381 1975 PATRIS.

412 2231 480 2287 'H
513 2236 610 2304 τῆς
643 2235 792 2299 θείας
823 2237 1048 2308 Γραφῆς
1089 2239 1354 2312 ὁρθοτὰτη
1397 2241 1594 2308 ἔννοια,
1628 2247 1916 2312 εἰσοικιζο-

2095 2251 2254 2320 801
2299 2249 2602 2304 Germanus
2634 2251 2828 2304 divina:
2857 2251 3148 2320 Scripturm
3174 2265 3362 2306 sensus
3389 2262 3607 2308 sancto-

323 2323 475 2395 μένη
502 2326 578 2387 εἰς
606 2325 694 2377 τὸν
723 2326 829 2378 τῶν
857 2327 1027 2394 ἁγίων
1057 2329 1200 2394 νοῦν,
1234 2337 1600 2404 κατακοσμεῖν
1637 2337 1792 2390 είωθε
1816 2339 1916 2402 τὰς

318 2417 430 2470 τῶν
491 2416 661 2484 ἁγίων
710 2417 916 2487 ψυχάς·
954 2417 1021 2484 ἃς
1050 2419 1110 2471 τὸ
1137 2421 1361 2492 Πνεῦμα
1408 2424 1468 2477 τὸ
1505 2426 1658 2493 ἅγιον
1705 2428 1914 2496 εἰσάγει

318 2507 402 2569 είς
435 2506 515 2559 τὰ
545 2507 753 2577 πελάγη
796 2507 895 2578 τῆς
925 2510 1148 2561 ἀεννὰου
1197 2511 1451 2578 γνώσεώς
1497 2533 1555 2567 τε
1589 2517 1682 2568 καὶ
1725 2518 1914 2586 σοφίας

320 2595 571 2668 Χριστοῦ
592 2613 605 2625 '
628 2630 636 2639 -
657 2597 722 2649 δι’
754 2592 827 2650 ὧν
859 2599 886 2649 ὁ
919 2600 1105 2672 Πατὴρ
1143 2602 1248 2654 τῶν
1280 2605 1414 2658 ὅλων
1447 2606 1578 2670 Θεὸς
1617 2609 1914 2678 605301073?-

317 2705 432 2742 ται.
473 2688 792 2759 Θησαυροὺς
809 2679 1380 2764 τοίνυνὰποκρύφους,
1407 2697 1690 2768 ἁοράτους,
1717 2701 1914 2766 ἀνοίξω

319 2795 424 2843 σοι,
473 2781 613 2831 κατὰ
642 2780 702 2831 τὸ
728 2783 1130 2852 γεγραμμένον.
1166 2785 1485 2856 Θησαυροὺς
1513 2789 1567 2842 δέ
1600 2809 1742 2862 φημι
1789 2794 1915 2856 τοὺς

316 2871 416 2938 τῆς
455 2869 629 2938 ὀρθῆς
651 2871 904 2938 γνώσεως
933 2874 1170 2936 διανοίας
1203 2877 1530 2949 ὀφθαλμοὺς,
1560 2882 1726 2949 ὑγιῶς
1747 2885 1914 2953 ὀρῶν-

314 2978 413 3024 τας
449 2961 552 3012 καὶ
581 2961 896 3033 ἀλωόήτως.
932 2967 1006 3017 Οὐ
1038 2967 1145 3037 γὰρ
1186 2971 1502 3040 χαρίσματα
1531 2973 1696 3044 ἀτελῆ
1728 2975 1914 3047 δωρεῖ-

314 3071 407 3105 ται
463 3053 598 3115 Θεὸς
649 3057 762 3114 τοῖς
815 3057 1186 3124 ἐπεγνωκόσιν
1227 3063 1421 3114 αὐτόν·
1468 3063 1592 3116 οὔτε
1628 3066 1733 3136 μὴν
1767 3069 1913 3140 ὅροις

315 3143 678 3214 ἀνθρωπίνης
703 3145 942 3210 διανοίας
969 3153 1418 3223 περιγραφόμενα
1435 3172 1448 3186 ·
1477 3156 1682 3220 τέλειος
1705 3157 1812 3230 γὰρ
1837 3159 1911 3213 ὣν

315 3238 344 3287 ὁ
381 3237 499 3288 τῶν
533 3237 784 3290 ἁπάντων
816 3240 966 3310 ἡμῶν
996 3243 1272 3316 Δεσπότης
1290 3249 1440 3313 Θεὸς,
1473 3250 1691 3315 τελείως
1721 3252 1910 3324 δωρεῖ-

315 3345 410 3382 ται
465 3329 534 3382 τὰ
578 3329 784 3400 ἄφθονα
828 3336 939 3398 τοῖς
990 3336 1154 3400 ἀξίως
1217 3339 1652 3410 πολιτευομένοις
1701 3346 1905 3399 αὑτοῦ·

317 3419 564 3491 ἐραστὴς
586 3421 694 3492 γὰρ
717 3424 930 3491 πέφυκε
963 3426 1071 3478 τῶν
1095 3429 1152 3480 ὲν
1177 3430 1393 3501 καθαρᾷ
1416 3433 1613 3503 καρδίᾳ
1634 3435 1909 3490 δουλευόν-

319 3528 430 3564 των
486 3511 632 3580 αὐτῴ
689 3514 1088 3585 ἁνυποκρίτως.
1127 3518 1335 3571 Ἦκέτω
1388 3520 1565 3574 τοίνυν
1615 3526 1721 3590 πᾶς
1771 3527 1907 3597 ὀρθὰ

2021 2356 2137 2394 rum
2191 2342 2465 2396 mentibus
2519 2341 2772 2410 illapsus,
2822 2341 3034 2394 illorum
3087 2343 3294 2396 animos
3335 2353 3598 2410 exornat,

2017 2442 2154 2496 quos
2195 2426 2429 2496 Spiritus
2470 2439 2690 2483 sanctus
2725 2429 2778 2482 in
2817 2429 2942 2496 illud
2982 2431 3235 2500 perennis
3268 2433 3509 2489 scientiae
3547 2446 3600 2490 et

2017 2519 2298 2588 sapientiae
2342 2520 2546 2574 Christi
2591 2521 2811 2590 pelagus
2854 2523 3061 2576 inducit
3098 2540 3112 2578 :
3149 2538 3244 2590 per
3279 2540 3397 2596 quae
3439 2525 3601 2580 Pater

2019 2609 2106 2664 ille
2146 2612 2521 2668 universorum
2566 2612 2705 2667 Deus
2742 2614 3095 2684 gloriﬁcatur.
3132 2615 3438 2671 Thesauros
3478 2633 3601 2688 pro-

2019 2703 2143 2756 inde
2175 2704 2526 2760 absconditos
2554 2717 2605 2760 et
2641 2704 2968 2772 invisibiles,
3003 2715 3059 2760 ut
3088 2717 3171 2762 est
3201 2708 3254 2760 in
3285 2710 3456 2762 sacris
3484 2708 3599 2761 Lit-

2018 2795 2146 2847 teris
2167 2793 2204 2856 ¹,
2233 2793 2326 2848 tibi
2357 2794 2650 2850 recludant.
2674 2793 2990 2850 Thesauros
3019 2805 3196 2850 autem
3230 2807 3393 2851 recue
3417 2799 3601 2867 cegni-

2018 2885 2179 2939 tionis
2203 2885 2413 2954 appello
2437 2889 2633 2941 mentis
2653 2887 2859 2949 oculos,
2882 2889 2972 2958 qui
2997 2889 3208 2942 sincere
3233 2889 3599 2960 iuoll'enseque

2015 2974 2370 3043 perspiciunt.
2407 2973 2594 3044 Neque
2629 2977 2773 3030 enim
2815 2978 2954 3032 Deus
2991 2978 3336 3046 imperfecta.
3373 2989 3466 3033 aut
3501 2980 3598 3033 hu-

2014 3080 2186 3120 manae
2215 3067 2409 3122 mentis
2439 3061 2698 3122 limitibus
2726 3068 3133 3140 circumscripta
3162 3083 3380 3122 numera
3411 3069 3476 3124 iis
3504 3071 3596 3138 qui

2013 3155 2161 3210 illum
2194 3159 2549 3228 agnm'erint,
2587 3159 2918 3228 impertitur.
2953 3159 3124 3222 Nam,
3162 3161 3286 3230 quia
3324 3160 3598 3229 perfectus

2011 3259 2095 3304 est
2139 3249 2254 3320 ipse
2293 3250 2434 3306 Deus
2475 3260 2658 3306 noster
2698 3253 2936 3306 omnium
2981 3253 3259 3316 Doininns,
3299 3251 3592 3322 perfectam

2011 3357 2225 3414 quoque
2261 3343 2528 3398 honorum
2565 3359 2786 3398 suorum
2824 3345 3031 3414 copiam
3070 3345 3176 3398 illis
3211 3347 3298 3416 qni
3335 3347 3450 3414 ipso
3485 3361 3592 3398 non

2011 3433 2283 3502 indignam
2311 3435 2472 3487 vitam
2501 3445 2688 3505 agunt,
2715 3436 2953 3506 dilargiri
2979 3436 3133 3492 solet.
3161 3436 3290 3490 Nam
3343 3438 3431 3506 qui
3457 3452 3594 3506 puro

2009 3525 2266 3593 omnique
2295 3524 2642 3580 simulatione
2678 3541 2848 3580 vacuo
2881 3526 3060 3580 animo
3091 3525 3163 3580 illi
3194 3527 3468 3590 serviunt,
3499 3543 3594 3582 eos

319 3604 545 3672 φρονεῖν
589 3604 861 3672 ᾑρημένος
911 3607 1003 3658 ἐπὶ
1037 3609 1134 3676 τὴν
1164 3609 1390 3662 ἀένναον
1416 3611 1596 3684 πηγὴν
1641 3616 1730 3668 τὸν
1775 3619 1910 3690 Χρι-

2013 3615 2271 3684 singulari
2309 3631 2494 3670 amore
2530 3625 2584 3671 et
2618 3617 2993 3672 benevolentia
3027 3617 3423 3686 complectitur.
3459 3615 3590 3672 Olll-

318 3689 471 3753 στὸν,
501 3691 712 3746 ἀκούων
759 3693 922 3745 αὑτοῦ
957 3697 1407 3766 προσφωνοῦντος
1435 3701 1522 3756 διά
1547 3704 1638 3758 τοῦ
1671 3689 1910 3777 an-775'

315 3781 437 3832 λίου
457 3795 470 3807 ⁸
502 3799 520 3829 ‹
545 3781 670 3833 Ἐάν
701 3801 783 3846 τις
809 3785 957 3855 διψᾷ,
987 3789 1230 3858 ἐρχέσθω
1259 3793 1394 3862 πρός
1419 3811 1507 3863 με.
1527 3797 1622 3848 καὶ
1648 3800 1901 3856 πινέτω.»

315 3871 393 3924 Οὐ
425 3870 534 3939 γὰρ
569 3869 686 3922 δέον
715 3874 861 3926 ἐστὶν
895 3877 924 3944 ἡ
935 3879 1060 3946 μᾶς,
1093 3879 1166 3950 μὴ
1206 3883 1467 3953 πρότερον
1499 3889 1819 3954 ἐπιγνόντας
1847 3892 1908 3943 τὸ

313 3963 419 4032 τῆς
456 3962 737 4026 εὐσεϐείας
787 3970 1106 4038 μυστήριον,
1142 3972 1419 4042 διερευνᾷν
1464 3977 1496 4043 ἣ
1544 3978 1905 4046 ἐκλαμϐάνειν

314 4052 508 4116 ἁπλῶς
557 4057 683 4126 περὶ
724 4058 957 4126 Χριστοῦ
992 4059 1086 4110 τοῦ
1119 4061 1681 4122 Θεοῦ.Ὑποκλέπτειν
1727 4073 1904 4126 τοίνυν

309 4141 522 4194 οἴονταί
553 4160 694 4204 τινες
723 4146 831 4195 τῶν
864 4146 1228 4217 ἀκροωμένων
1253 4154 1349 4215 τὰς
1376 4154 1575 4225 ψυχὰς,
1595 4157 1898 4232 ἄνθρωπον,

309 4233 473 4302 φησὶ,
509 4231 757 4300 λέγοντες
795 4236 1143 4308 ἀνειληφέναι
1172 4243 1262 4296 τὸν
1296 4245 1427 4300 Θεὸν
1457 4251 1629 4319 Λόγον
1650 4269 1663 4282 ·
1701 4254 1791 4306 καὶ
1814 4253 1900 4309 διὰ

307 4323 478 4376 τοῦτο
513 4324 736 4395 πρόοδον
777 4329 1110 4398 πεποιῆσθαι
1149 4333 1236 4385 διὰ
1278 4339 1376 4408 τῆς
1407 4341 1566 4408 ἁγίας
1599 4345 1897 4415 Παρθένου,

306 4415 412 4466 καὶ
461 4413 647 4467 τοῦτον
697 4416 860 4471 αὐτὸν
911 4418 1001 4472 τὸν
1050 4421 1335 4496 ἄνθρωπον
1384 4432 1791 4488 ἁποτεθεῶσθαι
1823 4437 1901 4508 τῷ

304 4504 436 4574 Θεῷ
465 4505 644 4576 Λόγῳ,
672 4508 732 4559 οὐ
767 4509 1038 4576 συνιέντες
1064 4517 1124 4567 τὸ
1150 4517 1246 4587 τῆς
1267 4520 1552 4587 εὐσεϐείας
1575 4529 1895 4598 μυστήριον,

304 4595 533 4665 καὶτῆς
572 4597 708 4665 μετᾶ
745 4601 946 4672 σαρκὸς
975 4605 1285 4677 οἰκονομίας
1314 4612 1406 4664 τοῦ
1441 4615 1778 4684 Μονογενοῦς
1799 4620 1897 4690 τὴν
1937 4641 1942 4650 ·

303 4688 473 4756 χάριν
519 4689 747 4756 μετρίαν
794 4693 1125 4764 ποιούμενοι.
1147 4700 1338 4770 Ἡμεῖς
1371 4703 1427 4756 δὲ
1459 4707 1557 4776 οὐχ
1589 4706 1731 4761 οὕτω
1760 4688 1898 4762 δεδι-

299 4771 591 4862 eane-:0;-
637 4772 764 4862 ἕνα.
801 4778 892 4829 καὶ
947 4779 1038 4832 τὸν
1097 4784 1259 4836 αὐτὸν
1318 4787 1494 4857 ἴσμεν,
1527 4771 1770 4862 αδελφοὶ,
1804 4793 1896 4846 τὸν

298 4858 395 4910 διὰ
425 4858 526 4926 τῆς
555 4860 712 4924 ἁγίας
747 4864 1025 4935 Παρθένου
1052 4870 1150 4939 τῆς
1184 4873 1446 4928 Θεοτόκου
1474 4879 1690 4950 Μαρίας
1711 4899 1894 4954 γεννη-

300 4948 494 5012 θέντα,
529 4951 659 5003 Θεὸν
684 4955 908 5023 τέλειον,
936 4959 1030 5011 καὶ
1059 4961 1343 5034 ἄνθρωπον
1370 4968 1593 5036 τέλειον,
1627 4971 1889 5042 ἔμψυχον,
1919 4952 1966 5013 C

298 5040 548 5107 λογικόν.
585 5043 854 5116 Ταύτῃτοι
900 5052 996 5103 καὶ
1044 5053 1302 5110 Θεοτὸκον
1337 5059 1567 5130 λέγομεν
1607 5063 1704 5136 τὴν
1733 5069 1894 5138 ἁγίαν

301 5132 611 5201 Παρθένον,
643 5138 734 5189 καὶ
763 5141 1099 5212 ἐνῳκηκέναι
1127 5148 1398 5214 οὑσιωδῶς
1425 5151 1517 5205 τὸν
1548 5154 1680 5209 Θεὸν
1722 5160 1894 5229 Λόγον

295 5229 357 5276 ὲν
372 5223 532 5324 ταύτῇ
579 5227 637 5324 of)
677 5228 917 5300 δοκήσει,
947 5235 1082 5288 ἀλλὰ
1108 5239 1359 5311 ἐνεργείᾳ.
1379 5254 1392 5268 ⁶
1418 5243 1508 5296 τὸν
1537 5245 1700 5302 αὑτὸν
1729 5223 1892 5324 διμη-

295 5311 476 5370 ναῖον,
512 5313 606 5364 καὶ
653 5323 996 5386 τριμηναῖον,
1033 5323 1157 5378 Υίὸν
1185 5345 1244 5378 τε
1284 5329 1417 5383 Θεοῦ
1460 5333 1598 5403 ἅμα,
1641 5341 1735 5392 καὶ
1767 5311 1892 5398 ira};

295 5399 794 5498 duﬂptbaou.l’r\?.).i
812 5409 938 5498 "7&9
967 5415 1059 5464 καὶ
1086 5415 1182 5478 τὰς
1211 5421 1307 5487 τῆς
1334 5399 1774 5498 ἀνθρωπδτητος,
1793 5435 1888 5486 καὶ

299 5489 417 5557 μὴν
445 5491 536 5540 καὶ
568 5492 665 5555 τὰς
693 5497 750 5545 ὲν
775 5496 991 5570 ἐξουσία
1024 5506 1089 5573 τῇ
1120 5506 1416 5579 θεοπρεπεῖ
1442 5517 1626 5582 φωνὰς
1646 5561 1659 5582 ,
1682 5521 1748 5584 ἃς
1805 5526 1884 5576 δι-

296 5580 658 5646 αγορεύουσιν
691 5587 818 5654 ἡμῖν
851 5591 902 5638 αξ
933 5589 1070 5644 θεῖαι
1108 5595 1316 5666 Γραφαὶ
1349 5605 1473 5673 περὶ
1503 5608 1690 5672 αὑτοῦ,
1715 5615 1790 5675 εἰς
1825 5615 1880 5664 ἓν

376 5766 388 5786 ³
427 5763 526 5814 lsa.
567 5779 684 5828 xm,
720 5767 769 5818 5.
851 5769 866 5796 ¹
908 5769 1062 5827 Jnan.
1097 5793 1187 5840 vn,
1227 5781 1314 5830 57.

2015 3721 2110 3760 nes
2153 3708 2332 3779 itaque
2367 3709 2457 3778 qui
2505 3717 2650 3762 recte
2689 3721 2880 3776 sapere
2922 3707 3290 3772 instituerunt,
3327 3709 3392 3763 ad
3433 3709 3592 3762 (lliri-

2012 3806 2152 3852 stum
2195 3815 2488 3868 perennem
2535 3801 2685 3854 illum
2731 3800 2934 3854 fontem
2979 3799 3256 3863 accedant,
3302 3801 3446 3853 illum
3492 3815 3590 3868 per

2009 3890 2360 3957 Evangelium
2415 3891 2736 3943 clamantem
2791 3889 3070 3943 audientes
3107 3904 3120 3942 :
3162 3907 3180 3939 ι
3223 3890 3278 3943 Si
3315 3891 3436 3958 quis
3470 3893 3588 3946 sitit

2009 3982 2192 4034 veniat
2217 3982 2282 4033 ad
2314 3997 2418 4045 me,
2444 3991 2497 4034 et
2528 3982 2762 4035 bibat’.»
2794 3979 2976 4049 Neque
3005 3983 3148 4036 enim
3179 3998 3313 4052 Opus
3345 3994 3446 4046 est,
3478 4001 3583 4040 non

2007 4072 2191 4136 agnito
2217 4072 2366 4141 prius
2391 4071 2479 4126 illo
2505 4073 2722 4142 pietatis
2745 4074 3026 4144 mysterio,
3055 4083 3257 4134 temere
3279 4077 3344 4130 de
3367 4076 3586 4132 Christo

2009 4161 2118 4218 Deo
2147 4163 2494 4233 investigare,
2526 4163 2604 4220 vel
2638 4165 2930 4220 disserere.
2959 4166 3099 4220 Sunt
3127 4180 3256 4236 ergo
3282 4168 3372 4237 qui
3406 4169 3456 4221 in
3489 4184 3584 4222 au-

2006 4255 2240 4308 ditorum
2283 4256 2494 4312 animos
2537 4257 2718 4314 furtim
2768 4273 2831 4314 ac
2875 4272 2971 4327 per
3011 4257 3254 4316 fraudem
3301 4263 3581 4330 irrepunt,

2006 4344 2172 4400 Deum
2197 4345 2424 4402 Verbum
2456 4359 2764 4404 asserentes
2797 4351 3068 4408 hominem
3100 4356 3477 4422 assumpsisse,
3505 4371 3571 4410 ae

2005 4435 2208 4491 idcirco
2251 4453 2345 4506 per
2383 4449 2628 4494 sanetam
2672 4438 2946 4510 Virginem
2995 4444 3293 4513 prodiissc,
3337 4453 3392 4500 et
3439 4447 3582 4500 hunc

2002 4528 2252 4580 eumdem
2301 4528 2571 4583 hominem
2619 4545 2648 4584 a
2697 4531 2805 4586 Deo
2845 4532 3024 4588 Verbo
3070 4536 3375 4590 deiﬁcatum
3421 4551 3580 4602 esse;

2003 4629 2260 4684 n'iagtnnu
2295 4616 2420 4669 illud
2455 4618 2671 4686 pietatis
2704 4622 3018 4689 mysterium
3055 4639 3157 4676 non
3195 4624 3577 4694 iutelligentes,

2000 4706 2525 4778 dispensationisque
2572 4709 2840 4780 Unigeniti
2884 4727 3006 4766 cum
3052 4728 3214 4768 carne
3255 4715 3576 4770 beneﬁcium

2001 4799 2434 4867 parvil‘acientes.
2475 4802 2582 4858 Nos
2626 4813 2825 4868 autem,
2866 4803 3086 4869 fratres,
3129 4822 3231 4860 non
3275 4808 3354 4861 sic
3397 4809 3571 4863 edocti

1998 4906 2204 4946 sumus.
2245 4893 2394 4946 lllum
2437 4911 2671 4964 namque
2708 4897 2798 4964 qui
2839 4912 2904 4951 ex
2944 4905 3129 4951 sancta
3164 4897 3378 4968 Virgine
3417 4910 3573 4955 natus

1997 4993 2099 5048 est,
2131 4999 2296 5038 unum
2334 4989 2692 5055 eamdemque
2723 5002 2842 5042 esse
2872 4991 3236 5060 agnoscimus,
3272 4990 3570 5060 perfectum

1997 5073 2162 5128 Deum
2197 5084 2252 5130 et
2285 5075 2582 5146 perfectum
2627 5061 3110 5136 hominem'anima
3147 5082 3392 5136 rationali
3430 5099 3568 5152 prte-

1994 5165 2188 5218 ditum.
2221 5167 2330 5222 llae
2364 5168 2529 5222 etiam
2563 5169 2628 5224 de
2659 5185 2820 5226 causa
2853 5182 3094 5228 sanetam
3132 5173 3406 5242 Virginem
3449 5174 3569 5228 Dei-

1995 5271 2177 5323 param
2206 5259 2569 5326 appellamus;
2601 5259 2876 5330 Deumque
2895 5260 3133 5316 Verbum
3161 5277 3264 5316 non
3291 5263 3566 5332 opinioae.

1992 5346 2084 5399 sed
2126 5361 2182 5400 re
2221 5347 2332 5416 ipsa
2373 5349 2426 5403 in
2465 5349 2552 5404 illa
2596 5351 2864 5407 habitasse
2898 5353 3126 5408 dicimus
3158 5371 3172 5408 :
3205 5355 3451 5408 eumdem
3485 5356 3566 5410 bi-

1998 5443 2248 5489 mestrem
2281 5448 2334 5490 et
2366 5440 2714 5503 trimestrem,
2744 5441 2933 5494 Filium
2965 5441 3056 5498 Dei
3085 5443 3268 5506 simul,
3294 5454 3348 5498 et
3373 5443 3564 5499 Filium

1997 5523 2248 5577 hominis.
2287 5525 2424 5592 Quin
2471 5529 2634 5582 etiam
2669 5545 2826 5584 voces
2871 5532 3010 5592 illas,
3045 5547 3180 5600 quas
3223 5533 3414 5588 divina:
3457 5533 3566 5587 Lit-

1996 5625 2120 5668 tera:
2151 5623 2310 5670 modo
2342 5622 2697 5686 humanitati,
2731 5625 2887 5678 modo
2917 5624 3112 5678 divina:
3145 5623 3283 5679 illius
3314 5627 3564 5696 potestati
