4082 6258
521 337 661 394 HIS

1508 344 1564 400 S.
1601 325 1878 398 CYRILLl
1915 338 2384 394 ALEXANDRINI
2425 336 2746 396 ARCHIEP.

3624 338 3760 392 1416

523 469 784 531 tribuunt,
814 465 977 536 802
1004 464 1056 518 in
1087 477 1247 516 unam
1279 463 1540 517 duntaxat
1571 473 1854 528 personam
1886 471 2085 512 conve-

2210 460 2485 529 πρόσωπον
2513 455 2772 526 συνῆχθαί
2805 470 3004 525 φαμεν.
3031 455 3134 508 Τὸν
3159 455 3321 508 αὑτὸν
3353 455 3462 525 γὰρ
3493 455 3650 524 ίσμεν
3673 455 3764 506 ἐπὶ

523 562 638 613 nire
685 559 1058 628 praedicamus.
1105 556 1362 608 Eumdem
1412 554 1554 606 enim
1603 550 1946 620 agnoscimus
1993 547 2086 616 qui

524 665 685 719 super
710 647 941 704 cerviCal
976 646 1390 710 dortniebat,-et
1419 642 1513 712 qui
1547 657 1694 694 mare
1724 650 1777 694 et
1807 648 1996 693 ventos
2026 653 2094 691 ex

526 751 790 810 potestate
825 737 1177 807 increpabat'
1213 753 1225 790 :
1263 736 1510 790 emndem
1543 735 1633 802 qni
1669 748 1733 786 ex
1772 734 1966 785 itinere
2001 731 2094 784 de-

528 832 855 900 fatigabatur
878 828 920 893 ⁸,
955 839 1008 882 et
1043 829 1130 894 qui
1169 841 1331 894 super
1364 839 1546 887 mare,
1583 821 1804 891 perinde
1838 836 1901 874 ac
1937 832 2098 886 super

525 923 749 976 solidam
797 931 1014 981 terram,
1058 932 1152 972 sua
1197 925 1461 984 potestate
1503 911 1908 984 gradiebatur’.
1955 910 2094 962 ldent

529 1016 712 1082 itaque
762 1012 898 1065 citra
948 1008 1108 1062 ullam
1166 1005 1590 1060 controversiam
1645 1004 1782 1056 Deus
1832 1000 1991 1054 simul
2044 1010 2099 1053 et

529 1103 686 1155 homo
726 1098 959 1154 exsistit.
1000 1096 1140 1162 Quid
1187 1097 1330 1148 enim
1376 1093 1567 1146 mirum
1612 1101 1773 1154 esset,
1812 1090 1855 1143 si
1904 1097 2100 1141 nostra:

526 1192 853 1247 conditionis
898 1190 1058 1243 homo
1102 1187 1367 1255 quispiam
1413 1185 1505 1237 Dei
1555 1190 1817 1252 potestate
1863 1181 2100 1232 munitus

533 1283 789 1337 miracula
831 1279 1107 1351 patraret?
1140 1279 1332 1332 Verum
1373 1286 1431 1328 ιιι
1461 1275 1587 1328 illud
1625 1275 1794 1342 ipsum
1842 1271 1934 1324 Dei
1967 1270 2099 1323 Ver-

533 1380 654 1430 hum
701 1392 804 1427 non
848 1371 1246 1443 imaginatione,
1289 1380 1381 1422 aut
1421 1368 1695 1438 apparenti
1739 1368 1967 1435 quadam
2010 1381 2100 1418 ra-

536 1468 699 1529 tione,
728 1465 824 1518 sed
856 1480 912 1517 re
943 1465 1054 1531 ipsa
1082 1477 1140 1515 se
1166 1462 1551 1524 cxinanivisse,
1585 1460 1779 1513 divina}
1809 1460 2104 1526 Scripturae

535 1558 688 1610 nobis
727 1553 1094 1618 ostendant‘;
1134 1567 1296 1604 unum
1343 1550 1697 1618 emndemque
1742 1551 1904 1602 Deum
1945 1549 2106 1602 simul

532 1658 587 1699 et
613 1647 882 1699 hominem
914 1658 1007 1711 per
1033 1644 1324 1711 prophetas
1351 1652 1404 1694 et
1431 1641 1702 1710 apostolos
1730 1640 1883 1694 nobis
1908 1641 2106 1693 diserte

534 1736 945 1804 pronuntiantes
977 1735 1250 1787 dixerunt.
1286 1734 1375 1787 Dei
1409 1731 1587 1800 itaque
1615 1741 1732 1784 erat
1766 1731 1852 1782 illa
1882 1723 1949 1783 ex
1978 1729 2104 1783 Vir-

2193 549 2254 602 τὸ
2283 548 2716 618 προσκεφάλαιον
2741 547 3067 601 καθεύδοντα
3087 548 3464 620 [καθήμενον],
3489 549 3579 601 τὸν
3605 547 3765 601 αὑτὸν

2195 640 2260 708 τῇ
2293 637 2533 708 Θαλάσσῃ
2565 637 2899 706 ἐπιτιμῶντα
2923 639 2979 689 ὲν
3003 638 3241 709 ἐξουσίᾳ,
3269 639 3360 690 καὶ
3384 641 3496 701 τοῖς
3521 640 3766 707 ἀνέμοις·

2195 725 2284 777 τὸν
2334 724 2496 778 αὑτὸν
2538 727 2632 778 καὶ
2677 725 2769 778 ἐπὶ
2808 727 2908 794 τῆς
2947 725 3251 795 ὁδοιπορίας
3297 729 3633 798 κεκμηκότα,
3680 731 3769 781 τὸν

2197 814 2356 868 αὑτὸν
2383 815 2478 867 καὶ
2508 816 2599 866 ἐπὶ
2631 818 2727 884 τῆς
2771 814 3045 884 Θαλάσσης
3091 813 3517 885 περιπατοῦντα,
3552 815 3626 877 ὡς
3681 817 3770 868 ἐπὶ

2201 907 2425 976 στερεᾶς
2475 906 2597 975 γῆς,
2635 907 2738 976 ἰδίᾳ
2797 905 3044 976 ἐξουσίᾳ·
3077 905 3104 956 ὁ
3143 905 3306 976 αὐτὸς
3345 906 3524 958 τοίνυν
3556 906 3710 969 Θεὸς,
3743 904 3771 955 ὁ

2198 998 2360 1058 αὐτὸς
2403 996 2686 1066 ἄνθρωπος
2731 997 3194 1066 ὁμολογουμένως.
3231 998 3296 1050 Τί
3333 997 3442 1068 γὰρ
3474 1000 3534 1051 τὸ
3567 999 3769 1068 Θαῦμα,

2200 1089 2246 1139 εἰ
2279 1087 2559 1158 ἄνθρωπός
2596 1105 2678 1149 τις
2712 1087 2819 1139 τῶν
2852 1087 2972 1140 καθ’
3001 1090 3151 1157 ἡμᾶς
3178 1090 3235 1140 ὲν
3268 1088 3486 1159 ἐξουσίᾳ
3515 1090 3772 1159 δυνάμεις

2199 1178 2332 1231 Θεοῦ
2354 1182 2592 1251 ἐνεργεῖν
2610 1179 2717 1250 [ἵσ.
2740 1180 2797 1230 ἐν
2819 1179 3037 1249 ἐξουσίᾳ
3056 1181 3211 1245 Θεοῦ,
3233 1181 3488 1251 δυνάμεις
3512 1185 3770 1256 ἐνεργεῖν]

2199 1271 2445 1339 λέγεται;
2491 1271 2625 1322 Ἀλλ’
2658 1271 2742 1322 ἵνα
2772 1271 2860 1322 τὸν
2896 1272 3056 1324 αὐτὸν
3085 1273 3216 1324 Θεὸν
3243 1275 3413 1341 Λόγον
3437 1276 3773 1328 κεκενῶσθαι

2202 1363 2551 1428 ὑποδείξωσιν
2585 1365 2714 1433 ἡμῖν
2745 1366 2800 1416 αἱ
2834 1365 2972 1418 Θεῖαι
3012 1365 3244 1434 Γραφαὶ,
3275 1367 3336 1418 οὐ
3368 1367 3604 1437 δοκήσει,
3639 1369 3776 1422 ἀλλὰ

2202 1454 2488 1523 ἐνεργείᾳ,
2555 1455 2649 1506 ἕνα
2700 1455 2792 1507 καὶ
2856 1455 2946 1506 τὸν
3010 1456 3172 1507 αὑτὸν
3225 1458 3356 1525 ἡμῖν
3400 1456 3776 1528 διαγορεύουσι

2206 1551 2577 1617 προφητικοῖς,
2607 1549 2698 1600 ml.
2745 1548 2850 1617 μὴν
2889 1548 2985 1600 καὶ
3028 1549 3404 1612 ἀποστολικοῖς
3436 1552 3776 1620 κηρύγμασι,

2205 1638 2294 1689 τὸν
2344 1638 2503 1690 αὐτὸν
2549 1633 2699 1690 εἷπον
2748 1638 2900 1700 Θεὸν,
2944 1637 3034 1689 τὸν
3085 1637 3246 1691 αὑτὸν
3297 1638 3594 1709 ἄνθρωπον.
3638 1641 3776 1692 Θεοῦ

2206 1728 2386 1780 τοίνυν
2430 1730 2461 1798 ἡ
2510 1727 2766 1798 σύλληψις
2811 1729 2842 1798 ἡ
2885 1728 3185 1798 παρθενική
3211 1746 3225 1762 ·
3259 1729 3395 1783 Θεοῦ
3425 1733 3455 1800 ή
3489 1731 3739 1802 γέννησις
3763 1749 3777 1761 ·

534 1828 657 1895 gine
696 1826 1000 1892 conceptio,
1045 1824 1137 1877 Dei
1182 1825 1456 1885 nativitas,
1504 1822 1595 1875 Dei
1641 1821 1952 1884 similitudo,
1999 1837 2104 1890 qua

2210 1817 2342 1870 Θεοῦ
2370 1820 2401 1887 ή
2432 1817 2571 1870 κατὰ
2598 1818 2776 1870 πάντα
2810 1818 2946 1887 πρὸς
2977 1819 3141 1887 ἡμᾶς,
3175 1820 3270 1870 καὶ
3305 1819 3372 1870 δι’
3408 1819 3551 1887 ἡμᾶς
3582 1820 3781 1889 ὁμοίω-

536 1920 690 1974 nobis
725 1917 894 1970 nostri
935 1931 1096 1967 causa
1135 1913 1523 1981 dispensatorie
1557 1927 1652 1980 per
1680 1913 1856 1965 omnia
1890 1913 2106 1967 assimi-

536 2011 676 2063 latus
703 2020 814 2069 est;
849 2008 938 2060 Dei
973 2006 1171 2074 passio,
1204 2005 1294 2057 Dei
1326 2005 1389 2058 iis
1416 2005 1504 2071 qui
1536 2006 1588 2055 in
1618 2017 1834 2057 carcere
1861 2013 1912 2056 et
1947 2005 1994 2056 in
2030 2013 2108 2057 te-

537 2100 718 2153 nebris
743 2109 897 2151 erant
922 2097 1253 2166 praedicatio,
1279 2095 1371 2148 Dei
1403 2096 1748 2158 resurrectio,
1778 2095 1867 2148 Dei
1895 2101 2104 2149 tandem

537 2191 590 2242 in
621 2189 785 2242 caelos
816 2185 1135 2253 assumptio.
1167 2185 1267 2249 Qui
1298 2188 1414 2252 capi
1449 2200 1553 2237 non
1588 2195 1832 2252 poterat,
1867 2200 1962 2252 per
1988 2201 2109 2238 ear-

537 2295 656 2332 nem
691 2294 850 2346 quam
883 2277 1054 2329 neStri
1089 2290 1250 2329 causa
1281 2272 1349 2327 'ex
1383 2275 1546 2327 Maria
1581 2276 1835 2343 sumpsit,
1866 2275 2107 2342 virginali

537 2382 688 2422 utero
721 2366 963 2421 concludi
1002 2381 1064 2418 ac
1100 2364 1309 2419 deliniri
1347 2363 1619 2418 sustinuit.
1651 2363 1752 2429 Qui
1791 2364 1897 2416 late
1929 2367 2105 2416 omnia

537 2463 767 2523 excedit,
812 2474 977 2513 carne
1024 2459 1348 2512 continetur.
1398 2459 1453 2508 ln
1499 2474 1658 2524 quem
1704 2458 1845 2510 nnlla
1887 2457 2108 2508 imitatio

537 2552 706 2614 cadit,
749 2554 1038 2602 humanam
1087 2547 1311 2599 formam
1356 2545 1540 2601 subiit.
1583 2545 1926 2614 lmpatibilis,
1970 2547 2109 2599 ultro

540 2659 634 2710 pro
667 2645 818 2696 nobis
846 2653 900 2695 et
931 2651 1145 2710 pr0pter
1175 2659 1270 2696 nos
1301 2660 1396 2712 per
1427 2645 1696 2712 propriam
1727 2659 1946 2697 carnem
1976 2659 2106 2712 pas-

539 2749 632 2786 sus
672 2742 769 2786 est.
806 2733 915 2786 Deo
951 2743 1003 2786 et
1038 2734 1180 2786 l’atri
1217 2735 1477 2788 indivulse
1513 2734 1812 2798 cohaerens,
1851 2735 1903 2790 in
1942 2745 2106 2798 terra,

541 2835 599 2877 nt
631 2824 889 2891 scriptum
923 2833 1025 2889 est,
1062 2825 1208 2878 visus
1242 2835 1347 2890 est,
1381 2835 1433 2879 et
1475 2840 1596 2879 cum
1638 2826 1946 2879 hominibus
1984 2842 2110 2878 con-

541 2927 785 2970 versatus
805 2917 846 2968 ⁷.
880 2915 978 2982 Qui
1009 2916 1108 2969 sub
1140 2925 1334 2970 tactmn
1371 2935 1472 2972 non
1508 2919 1779 2984 veniebat,
1816 2918 1882 2970 ab
1913 2918 2111 2986 iniquis

544 3008 723 3059 lancea
761 3019 1112 3074 compunctus
1151 3015 1232 3058 est
1258 3007 1299 3057 ".
1337 3003 1710 3075 lmpassihilis,
1749 3007 2110 3060 voluntariam

542 3115 753 3152 crucem
779 3101 948 3153 nostri
970 3115 1128 3155 causa
1155 3100 1393 3162 pertulit.
1416 3099 1723 3153 lmmortale
1749 3100 1923 3154 lumen
1953 3100 2106 3152 morti

537 3179 776 3258 seipsum
809 3191 1019 3255 obtulit,
1046 3202 1096 3245 et
1128 3193 1284 3244 morti
1315 3193 1527 3259 quidem
1557 3193 1752 3246 crucis.
1781 3192 1880 3258 Qui
1911 3192 1961 3243 in
1990 3192 2108 3244 sinu

543 3280 719 3334 Patris
749 3295 884 3345 erat,
922 3297 1016 3350 per
1047 3283 1312 3351 propriam
1345 3299 1563 3337 carnem
1597 3286 1649 3337 in
1682 3285 1874 3338 malum
1907 3283 2112 3337 assumi

547 3385 649 3426 non
693 3363 974 3428 recusavit.
1013 3373 1112 3438 Qui
1159 3386 1336 3428 autem
1381 3375 1471 3428 Dei
1515 3375 1707 3429 Filium
1753 3375 1945 3447 [Deum
1984 3373 2116 3427 Ver-

544 3461 707 3534 bum]
748 3464 1016 3516 hominem
1062 3467 1367 3534 quempiam
1414 3468 1578 3518 nostri
1632 3467 1862 3518 similem
1905 3480 2113 3517 assum-

547 3555 717 3620 psissc
758 3558 975 3620 dicunt;
1019 3557 1190 3624 ipsmn
1241 3566 1417 3611 autem
1461 3559 1641 3608 vivum
1687 3567 1741 3610 et
1790 3555 1976 3609 elIicax
2027 3557 2112 3606 Dei

551 3643 843 3705 Verbum’,
886 3649 1023 3711 quod
1068 3647 1117 3696 in
1161 3648 1375 3712 pmpria
1419 3645 1714 3710 [elﬁcacem
1761 3647 1852 3698 Dei
1899 3647 2114 3709 Filium,

2212 1926 2294 1973 σις
2312 1908 2670 1978 οἰκονομικῶς
2687 1926 2699 1939 ·
2725 1909 2858 1961 Θεοῦ
2881 1909 2942 1961 τὸ
2961 1908 3155 1974 πάθος’
3181 1909 3316 1963 Θεοῦ
3341 1914 3453 1972 τοῖς
3485 1912 3542 1962 ἐν
3567 1911 3781 1982 φυλακῇ

2209 2001 2302 2052 καὶ
2342 2003 2398 2052 ἐν
2437 1999 2515 2068 τῷ
2545 2001 2724 2052 σκότει
2757 2001 2786 2067 ἡ
2819 1999 3074 2070 κήρυξιςο
3108 2001 3241 2052 Θεοῦ
3269 2002 3564 2064 ἀνάστασις
3589 2019 3600 2030 ·
3648 2002 3783 2054 Θεοῦ

2210 2093 2242 2160 ἡ
2272 2091 2554 2160 ἀνάληψις.
2575 2091 2629 2143 Ὀ
2659 2090 2940 2162 ἀχώρητος
2983 2092 3172 2143 ἑαυτὸν
3204 2092 3399 2145 δέδωκε
3434 2093 3783 2163 κεχωρῆσθαι

2208 2180 2274 2232 δι’
2301 2183 2446 2248 ἡμᾶς
2476 2183 2532 2232 ὲν
2558 2183 2621 2250 τῇ
2656 2181 2756 2249 τῆς
2789 2182 3071 2251 Παρθένου
3108 2185 3310 2253 μήτρα,
3341 2185 3480 2252 μετὰ
3511 2185 3611 2252 τῆς
3649 2186 3783 2250 ἰδίας

2213 2272 2430 2341 σαρκὸς,
2461 2273 2526 2341 ἣν
2572 2272 2936 2342 προσελάϐετο
2984 2273 3040 2338 ἐξ
3091 2274 3354 2343 αὑτῆς.’0
3400 2277 3685 2346 ἁχώρητος
3727 2279 3784 2330 ἐν

2213 2363 2376 2433 σαρκὶ
2406 2364 2693 2433 ἐχωρεῖτο⁶
2729 2366 2756 2415 ὀ
2779 2364 3130 2427 ἀναλλοίωτος
3160 2367 3215 2416 ὲν
3248 2367 3534 2436 ἀνθρώπου
3567 2373 3746 2440 μορφῇ
3768 2387 3781 2399 ·

2209 2454 2237 2504 ὁ
2263 2452 2478 2522 ἀπαθὴς
2508 2451 2739 2504 πέπονθε
2760 2452 2827 2504 δι’
2849 2454 2994 2522 ἡμᾶς
3025 2454 3305 2516 ἑκουσίως,
3338 2455 3431 2506 καὶ
3463 2456 3600 2523 ὑπὲρ
3624 2456 3787 2525 ἡμῶν

2209 2547 2274 2614 τῇ
2319 2543 2425 2613 ἰδίᾳ.
2476 2543 2656 2612 σαρκί.
2689 2545 2748 2596 '0
2799 2543 3099 2612 ἀχώριστος
3144 2544 3236 2596 τοῦ
3275 2544 3411 2596 Θεοῦ
3455 2548 3544 2599 καὶ
3577 2549 3785 2618 [ἰατρὸς

2211 2639 2300 2689 ἐπὶ
2325 2637 2428 2706 γῆς
2455 2635 2631 2705 ὤφθη,
2653 2635 2790 2687 κατὰ
2820 2635 2879 2688 τὸ
2919 2637 3320 2706 γεγραμμένον,
3350 2641 3443 2692 mi.
3471 2642 3526 2691 ἐν
3555 2644 3666 2704 τοῖς
3690 2643 3786 2693 ἁν-

2210 2728 2450 2801 θρώποις
2503 2727 2933 2796 συνανεστράφη.
2975 2727 3033 2780 '0
3078 2727 3429 2798 ἀφηλάςρητος
3478 2731 3645 2804 λόγχῃ
3682 2732 3784 2784 ὑπὸ

2209 2822 2318 2874 τῶν
2367 2821 2696 2890 παρανόμων
2758 2819 3131 2873 κατενύττετο.
3171 2821 3228 2872 Ὀ
3285 2823 3502 2892 ἀπαθὴς
3558 2826 3786 2896 σταυρὸν

2212 2914 2514 2966 ἐθελούσιον
2563 2913 2820 2981 ὑπέμεινε
2865 2911 2930 2963 δι’
2966 2913 3143 2981 ἡμᾶς·
3190 2915 3249 2964 τὸ
3283 2914 3399 2981 φῶς
3430 2916 3491 2967 τὸ
3525 2916 3788 2970 ἀθάνατον

2213 3007 2424 3075 Θανάτῳ
2460 3005 2648 3056 ἑαυτὸν
2689 3003 2974 3066 ἐκδέδωκε,
3013 3003 3225 3073 Θανάτῳ
3263 3005 3318 3057 δὲ
3354 3007 3607 3076 σταυροῦ.
3629 3010 3684 3061 Ὀ
3714 3010 3789 3062 ῶν

2214 3102 2270 3152 ἐν
2300 3099 2376 3168 τῷ
2403 3099 2586 3167 κόλπῳ
2613 3095 2706 3147 τοῦ
2738 3097 2966 3164 Πατρὸς,
2995 3097 3260 3165 ἀνάληψιν
3287 3098 3547 3166 ὑπέμεινε
3583 3101 3668 3154 διὰ
3695 3105 3792 3171 τῆς

2224 3193 2356 3253 ἰδίας
2393 3190 2612 3260 σαρκός.
2644 3189 2780 3251 Τοὺς
2825 3189 2882 3240 δὲ
2914 3189 3188 3257 λέγοντας,
3223 3190 3504 3260 ἄνθρωπόν
3538 3211 3657 3246 τινα
3685 3195 3795 3246 τῶν

2213 3287 2332 3346 καθ’
2354 3286 2500 3355 ἡμᾶς
2525 3281 2870 3350 ἀνειληφέναι
2896 3281 2982 3331 τὸν
3007 3280 3140 3333 Θεὸν
3159 3282 3350 3348 Λόγον,
3370 3284 3464 3335 καὶ
3492 3285 3565 3353 μὴ
3590 3286 3794 3353 μᾶλλον

2213 3378 2379 3432 αὐτὸν
2411 3375 2502 3428 τὸν
2532 3375 2661 3426 Υἱὺν
2694 3375 2782 3426 τὸν
2823 3373 3187 3426 ἐνυπὸστατόν
3217 3391 3276 3426 τε
3312 3377 3402 3427 καὶ
3431 3377 3628 3446 ἐνεργῆ
3652 3417 3666 3440 ,
3701 3380 3796 3430 καὶ

2215 3472 2413 3535 ζῶντα,
2448 3467 2699 3536 γενέσθαι
2749 3465 3033 3536 ἄνθρωπον
3083 3467 3174 3517 καὶ
3230 3469 3286 3518 ἐν
3341 3470 3452 3529 τοῖς
3491 3469 3612 3521 καθ’
3647 3471 3798 3540 ἡμᾶς

2214 3556 2568 3626 οἰκονομικῶς
2597 3555 2662 3607 δι’
2693 3557 2861 3625 ἡμᾶς.
2898 3553 3129 3624 ἐξορίζει
3163 3557 3193 3626 ἡ
3227 3557 3356 3623 ἁγία
3397 3558 3640 3622 Σίννοδθςν
3670 3563 3702 3630 ἡ
3739 3563 3799 3611 ὲν

2214 3649 2278 3716 τῇ
2321 3645 2580 3712 Ἐφεσίων
2608 3643 2757 3695 πόλει
2783 3643 3142 3712 γεγενημένη.

547 3735 635 3801 qui
687 3734 738 3786 in
792 3733 1029 3806 prepria]
1078 3750 1303 3802 persona
1355 3737 1618 3800 subsistit,
1693 3739 1963 3789 hominem
2019 3738 2239 3801 factum,
2304 3737 2882 3805 dispensatoricqucitt
2948 3737 3195 3790 humanis
3259 3746 3481 3806 propter
3532 3756 3631 3793 nos
3677 3755 3800 3794 ver-

547 3832 720 3876 satum
760 3840 877 3878 esse
919 3825 1259 3885 inliciantur;
1303 3825 1424 3878 illos
1462 3841 1616 3878 sacra
1645 3826 1896 3894 Synodus
1939 3827 2206 3893 thesina
2239 3827 2475 3896 explodit
2507 3837 2560 3879 et
2589 3808 2776 3888 ejicit."

1012 3961 1309 4029 Disputatio
1348 3963 1411 4014 de
1445 3965 1647 4016 eodem.

621 4096 996 4166 Interrogatio.
1033 4096 1144 4150 Cur
1172 4096 1332 4160 Deus,
1364 4097 1454 4165 qui
1481 4096 1864 4164 comprehendi
1897 4111 2000 4149 non
2030 4109 2119 4164 po-

552 4199 678 4252 test,
720 4190 956 4256 virgineo
997 4198 1151 4241 utero
1195 4188 1616 4254 comprehensus
1655 4187 1774 4241 est?
1812 4186 2116 4254 Responsio.

551 4281 684 4344 Quia
726 4278 1030 4331 mortalium
1073 4293 1243 4346 genus
1283 4277 1568 4343 redimere,
1605 4287 1659 4331 et
1698 4295 1725 4330 a
1769 4280 2026 4332 servitute
2068 4279 2118 4330 in

551 4370 850 4422 libertatem
882 4381 1128 4421 asserere
1161 4367 1382 4435 placuit.

621 4457 882 4526 Interrog.
919 4457 1029 4511 Cur
1057 4458 1206 4510 initio
1249 4472 1441 4511 carens
1467 4473 1532 4512 ex
1561 4458 1781 4512 muliere
1823 4459 1969 4511 nasci
2000 4473 2119 4525 per-

552 4549 708 4604 tulit?
757 4548 914 4617 Resp.
967 4549 1411 4618 Quandoquidem
1467 4551 1570 4604 sub
1623 4550 1907 4604 maledicto
1961 4562 2116 4604 erant

550 4660 734 4700 otnnes
772 4646 1016 4700 homines
1053 4650 1238 4715 (erant
1277 4647 1418 4701 enim
1457 4649 1556 4700 sub
1595 4648 1797 4716 peccati
1833 4646 1995 4716 803
2035 4663 2117 4700 re-

551 4737 696 4808 gno),
730 4738 848 4792 ideo
881 4739 932 4791 in
965 4749 1167 4792 naturae
1197 4739 1349 4792 initia
1381 4740 1579 4793 relatus
1612 4749 1695 4792 est
1719 4757 1745 4792 ει
1774 4742 1926 4792 nobis
1962 4740 2113 4806 ipsis,

551 4838 608 4882 ut
659 4838 715 4882 et
761 4841 1108 4899 cognatorum
1159 4832 1528 4896 nativitatem,
1579 4841 1630 4884 et
1681 4832 1854 4898 ipsunt
1909 4839 2116 4882 uterum

550 4922 929 4976 sanctificaret.

622 5013 884 5082 lnterrog.
925 5014 1033 5068 Cur
1060 5014 1391 5069 inalterahile
1422 5026 1476 5070 et
1507 5016 1840 5070 immutabile
1873 5015 1961 5070 Dei
1986 5015 2116 5070 Ver-

551 5106 676 5157 hnm
719 5107 857 5158 inter
899 5106 1145 5160 homines
1185 5117 1576 5175 contputatnm,
1622 5117 1675 5160 et
1719 5109 1878 5161 homo
1919 5107 2115 5160 factum

553 5196 665 5248 est?
695 5194 848 5264 Resp.
873 5195 954 5250 0b
985 5199 1032 5250 id
1067 5199 1156 5252 Dei
1178 5197 1356 5251 Verbo
1384 5199 1745 5268 dispensative
1776 5213 1993 5267 propter
2016 5215 2116 5252 nos

554 5287 604 5337 in
639 5287 885 5340 humanis
914 5287 1153 5353 versari,
1189 5288 1448 5352 nobisque
1481 5303 1574 5356 per
1603 5289 1780 5341 omnia
1800 5328 1813 5350 ,
1847 5289 1961 5342 solo
1990 5304 2115 5357 pec-

555 5389 674 5429 cato
703 5385 949 5446 excepto,
983 5377 1269 5431 assimilari
1301 5377 1517 5448 placuit,
1550 5379 1676 5448 quia
1708 5379 1996 5434 humanum
2027 5396 2120 5450 ge—

556 5483 656 5520 nus
687 5468 898 5523 salvare
927 5469 1116 5523 voluit.

630 5640 651 5668 ³
688 5641 846 5710 Marc.
888 5657 960 5704 tv,
981 5643 1068 5696 58.
1139 5644 1161 5674 ⁸
1190 5643 1342 5698 Joan.
1381 5661 1451 5710 tv,
1481 5645 1533 5699 6.

560 5708 646 5762 5i.
723 5712 740 5738 '
775 5709 934 5761 ll:hr.
966 5726 1037 5772 tv,
1072 5714 1156 5766 ιε.

1610 5649 1632 5677 ⁸
1674 5647 1871 5702 Matth.
1913 5663 2019 5712 xiv,
2059 5646 2146 5699 ‘25.

2568 3962 2887 4033 Συζήτησις
2924 3964 3054 4033 περὶ
3092 3966 3195 4019 τοῦ
3229 3969 3438 4021 αὑτοῦ.

2300 4101 2636 4168 Ἐρώτησις.
2682 4100 2805 4164 Πῶς
2837 4103 2864 4154 ὁ
2891 4100 3024 4164 Θεὸς
3049 4103 3077 4154 ὁ
3111 4101 3393 4174 ἀχώρητος
3441 4107 3695 4178 ὲχωρήθη
3735 4111 3797 4163 ἐν

2221 4192 2402 4260 μήτρᾳ
2458 4190 2796 4261 παρθενικῇ;
2871 4191 3220 4259 Ἀπόκρισις.
3259 4195 3477 4266 Ἐπειδὴ
3536 4198 3796 4264 εὐδόκησε

2217 4280 2635 4350 λυτρώσασθαι,
2695 4284 2787 4333 κει.)⁴
2836 4280 3203 4352 ἐλευθερῶσαι
3253 4285 3312 4337 τὸ
3357 4287 3457 4355 τῆς
3505 4288 3796 4360 ἀνθρώπου

2220 4371 2434 4438 φύσεως
2459 4372 2635 4437 γένος.

2301 4461 2498 4528 Ἐρώτ.
2539 4461 2660 4524 Πῶς
2696 4465 2722 4514 ό
2751 4464 2984 4533 ἄναρχος
3005 4467 3256 4534 γέννησιν
3286 4467 3544 4538 ὑπέμεινε
3573 4472 3672 4538 τὴν
3711 4470 3800 4523 διὰ

2221 4555 2509 4622 γυναικό;;
2564 4555 2803 4622 Ἀπόκρ.
2844 4558 3056 4628 Ἐπειδὴ
3105 4559 3210 4611 ὑπὸ
3260 4563 3503 4633 κατάραν
3552 4565 3799 4632 ἐγεγόνει

2221 4648 2407 4699 λοιπὸν
2455 4649 2561 4708 πᾶς
2608 4646 2923 4718 ἄνθρωπος’
2981 4648 3328 4718 βεϐασίλευτο
3378 4653 3487 4722 γὰρ
3535 4655 3644 4708 ὑπὸ
3703 4657 3798 4726 τῆς

2224 4737 2499 4807 ἁμαρτίας
2521 4754 2534 4765 ·
2574 4737 2661 4789 διὰ
2690 4736 2847 4789 τοῦτο
2877 4739 2956 4800 εἰς
2987 4739 3163 4810 ἀρχὰς
3188 4741 3282 4792 τοῦ
3315 4737 3455 4795 εἶναι
3480 4744 3796 4812 λελόγισται

2215 4829 2348 4897 πρὸς
2368 4828 2738 4898 ήμῶναύτῶν,
2766 4829 2851 4882 ἵνα
2876 4831 2966 4882 καὶ
2992 4832 3087 4902 τὴν
3117 4832 3214 4885 τῶν
3243 4837 3516 4904 ὁμογενῶν
3545 4840 3803 4911 γέννησιν

2222 4919 2315 4970 καὶ
2358 4921 2568 4988 μήτραν
2607 4921 2826 4991 ἁγιάσῃ.
3191 4929 3194 4932 ’

2308 5009 2505 5077 Ἐρώτ.
2545 5011 2668 5073 Πῶς
2717 5013 2773 5068 ὲν
2821 5013 3127 5084 ἀνθρώποις
3165 5017 3544 5090 κατελογίσθη,
3580 5024 3678 5075 καὶ
3707 5023 3802 5077 ἄν-

2225 5102 2440 5172 θρωπος
2466 5103 2678 5172 γέγονε,
2727 5106 2992 5175 ἅτρεπτός
3025 5125 3083 5160 τε
3111 5111 3204 5163 καὶ
3240 5112 3600 5177 ἀναλλοίωτος
3635 5119 3664 5168 6
3709 5116 3804 5168 τοῦ

2224 5193 2358 5246 Θεοῦ
2413 5195 2616 5263 Λόγος;
2679 5197 2904 5264 Ἀπόκρ.
2956 5199 3028 5250 Τὸ
3082 5201 3368 5271 ἀνθρώπου
3414 5206 3573 5272 γένος
3625 5211 3804 5261 σῶσαι

2223 5284 2563 5354 βουλόμενος,
2595 5286 2853 5357 εὐδόκησε
2899 5287 2965 5339 δι’
2996 5291 3139 5358 ἡμᾶς
3165 5293 3223 5344 ἐν
3290 5293 3374 5350 io.
3411 5297 3668 5363 γενέσθαι
3701 5298 3801 5370 ἐν]

2221 5379 2333 5438 τοῖς
2383 5376 2506 5429 καθ’
2536 5378 2684 5446 ἡμᾶς
2724 5379 3101 5450 οἰκονομικῶς,
3149 5385 3242 5437 καὶ
3287 5385 3609 5454 ὡμοιῶσθαι
3669 5392 3800 5460 ἡμῖν

2224 5470 2363 5523 κατά
2403 5469 2598 5533 πάντα,
2639 5469 2805 5542 χωρὶς
2845 5471 3142 5541 ἁμαρτίας.

2224 5648 2245 5677 ⁸
2281 5647 2510 5718 Philipp.
2544 5664 2600 5713 ιι,
2636 5649 2688 5704 7.

2786 5648 2804 5677 ⁷
2849 5646 3076 5702 Baruch.
3110 5663 3192 5714 ιιι,
3227 5650 3314 5705 58.
3430 5653 3452 5683 ⁸
3484 5653 3638 5708 Joan.
3677 5671 3785 5709 xm
