4082 6258
423 232 555 322 HI'I

1349 241 1646 298 SCIIOLIA
1687 244 1776 300 DE
1811 245 2324 312 INCARNATIONE
2361 251 2568 312 VERBI
2603 255 2734 313 DEI.

3516 274 3656 335 ms

496 351 687 419 Ἐρώτ.
732 350 853 412 Πῶς
906 352 983 422 τῷ
1032 355 1232 408 ἀπαθεῖ
1281 357 1464 424 ὕπνον,
1514 362 1606 414 καὶ
1655 365 1840 425 κόπον,
1890 383 1959 418 κα

2155 369 2418 443 Interrog.
2458 372 2738 438 Quomodo
2771 375 3049 445 impetibili
3085 394 3356 448 somnum,
3391 385 3648 460 laborem,

417 445 626 506 πεῖναν,
662 443 754 494 καὶ
788 445 1039 511 σταυρὸν,
1069 447 1160 498 καὶ
1190 447 1366 500 πάντα
1391 449 1459 502 τὰ
1483 450 1816 522 ὑποκείμενα
1855 456 1983 523 φθο-

417 536 504 603 ρᾷ,
543 534 861 604 περιάπτειν
907 536 1176 604 culpare;
1239 539 1476 608 Ἀπόκρ.
1506 543 1774 614 Εὐφήμει,
1821 540 1984 600 ὦᾶν-

389 623 621 690 ’θρωπε,
670 621 992 690 παρακαλῶ.
1026 624 1163 694 Ἤδη
1206 629 1486 696 προεῖπον,
1526 635 1688 700 σαρκὶ
1741 634 1978 706 παθητῇ,

416 713 595 775 καθὼς
620 714 712 767 καὶ
737 716 794 766 αἱ
820 713 958 767 θεῖαι
975 716 1190 786 Γραφαὶ
1223 720 1354 788 ἡμῖν
1383 722 1796 790 παραδεδώκασι
1811 725 1983 798 [δεδη-

411 801 661 874 λώκασιῙ,
695 805 993 876 περιῆφθαι
1015 807 1106 860 τὸν
1127 807 1219 860 τοῦ
1245 808 1374 862 Θεοῦ
1396 811 1587 877 Λόγον,
1624 816 1715 868 καὶ⁵
1744 817 1980 884 ἡνῶσθαι

415 897 572 948 αὑτὸν
607 898 766 967 αὐτῇ,
799 899 891 950 καὶ
935 897 1002 950 δι’
1033 898 1201 968 αὐτῆς
1245 901 1523 970 πεφηνότα
1567 903 1658 956 τὸν
1707 904 1833 958 Υίὸν
1886 907 1979 960 τοῦ

411 989 566 1050 Θεοῦ,
613 987 707 1040 τόν
735 989 866 1040 Θεὸν
895 990 1086 1056 Λόγον,
1124 992 1239 1060 μετ’
1265 992 1437 1062 αὐτῆς
1480 992 1644 1048 ὕπνον
1670 997 1978 1067 ὑπομεῖναι,

411 1081 505 1133 καὶ
555 1079 748 1142 κόπον,
799 1081 893 1133 καὶ
944 1081 1120 1134 πάντα
1166 1079 1234 1134 τὰ
1280 1081 1374 1134 τοῦ
1429 1083 1716 1156 ἀνθρώπου
1743 1125 1758 1148 ,
1813 1089 1980 1158 χωρὶς

410 1173 702 1242 ἁμαρτίας,
737 1171 796 1224 οὐ
841 1173 906 1242 τῇ
962 1171 1137 1244 φθορᾷ
1178 1174 1571 1244 ὑποκείμενος’
1599 1177 1838 1246 ἀμείνων
1872 1179 1979 1250 γὰρ

411 1263 634 1333 φθορᾶς,
664 1265 757 1317 καὶ
787 1264 1016 1319 Θανάτου
1069 1267 1098 1318 6
1147 1265 1423 1337 ἄφθαρτος
1458 1266 1554 1320 καὶ
1595 1267 1855 1332 ξωοποιὸς
1881 1271 1978 1324 τοῦ

408 1355 542 1407 Θεοῦ
594 1355 796 1422 Λόγος,
835 1354 967 1408 ἀλλὰ
1012 1354 1110 1426 τὴν
1154 1355 1358 1427 φθοράν
1404 1358 1688 1411 ἀποσοϐῶν
1731 1359 1839 1413 ἀπὺ
1882 1361 1976 1414 τοῦ

409 1446 598 1509 γένους
645 1447 752 1499 τῶν
797 1446 1118 1516 ἀνθρώπων.
1165 1448 1278 1500 Οὐκ
1331 1448 1488 1516 οἶμαι
1527 1449 1780 1522 ἔγκλημα
1823 1470 1977 1524 περι-

409 1537 670 1590 άπτεσθαι
702 1537 930 1606 βασιλεῖ,
954 1539 1154 1591 ὁπόταν
1181 1537 1503 1609 βουλόμενος
1533 1539 1704 1594 σῶσαι
1731 1541 1792 1594 τὸ
1822 1542 1970 1608 ἴδιον,

405 1627 466 1680 τὸ
507 1627 600 1680 τοῦ
647 1627 830 1680 δούλου
863 1631 1048 1699 σχῆμα
1079 1629 1388 1699 ἐνδύσηται.
1424 1632 1534 1683 Καὶ
1566 1631 1682 1696 πῶς
1712 1633 1972 1705 τολμήσει

2089 460 2546 532 defatigationem,
2587 481 2824 533 crucem,
2864 466 3084 534 famem,
3126 481 3428 546 caeteraque
3470 484 3652 538 omnia

2087 554 2418 622 corruptioni
2457 555 2696 626 subjecta
2739 559 2978 616 tribuere
2999 561 3248 622 audetis?
3282 564 3431 636 Resp.
3463 571 3650 636 Parce,

2083 654 2286 708 ηιιωεο,
2313 643 2632 700 maledictis.
2679 645 2798 702 Jam
2849 657 2975 702 ante
3025 652 3230 720 monui,
3279 654 3372 710 Dei
3419 657 3648 718 Verbum

2083 741 2246 782 carne
2291 731 2564 799 passibili,
2609 735 2906 790 secundum
2955 737 3354 809 Scripturarum
3405 749 3654 806 traditio-

2085 834 2234 884 nem,
2267 836 2327 876 se
2361 823 2628 890 induisse,
2664 835 2718 880 et
2751 842 2810 881 se
2847 828 2922 882 illi
2959 829 3139 886 nuisse
3173 851 3184 888 :
3219 849 3314 903 per
3341 835 3512 904 ipsam
3553 857 3651 896 au-

2083 918 2186 960 tem
2238 907 2402 964 Deum
2447 911 2678 968 Verbum
2728 925 2783 970 et
2832 918 2922 972 Dei
2971 918 3164 975 Filium
3211 927 3544 995 apparuisse,
3595 943 3654 988 et.

2081 1013 2201 1051 cum
2249 1000 2360 1069 ipsa
2388 1002 2651 1070 laborem,
2679 1014 2735 1060 et
2775 1021 3020 1064 somnum
3068 1021 3122 1068 et
3168 1015 3400 1072 humana
3444 1023 3646 1092 omnia,

2080 1099 2298 1156 peccato
2347 1103 2554 1148 tantum
2601 1107 2848 1165 excepto,
2899 1103 3224 1160 sustinuisse
3275 1126 3292 1162 :
3347 1125 3452 1166 non
3503 1117 3645 1180 quod

2079 1182 2412 1250 corruptioni
2457 1183 2791 1254 subjaceret,
2831 1191 3095 1259 siquidem
3139 1195 3552 1269 incorruptibile
3595 1213 3648 1258 et

2079 1269 2346 1326 viviticum
2379 1272 2474 1329 Dei
2497 1273 2732 1332 Verbum
2767 1284 3117 1350 corruptione
3151 1295 3204 1340 et
3241 1287 3458 1346 interitu
3491 1293 3649 1366 longe

2077 1363 2324 1429 superius
2353 1373 2464 1434 est;
2499 1365 2591 1420 sed
2631 1377 2689 1422 ut
2725 1370 3000 1427 interitum
3038 1375 3105 1430 ab
3138 1376 3416 1436 hominum
3452 1363 3650 1451 genere

2075 1451 2435 1508 submoveret.
2471 1454 2580 1510 Nec
2617 1457 2854 1515 arbitror
2885 1463 2996 1532 regi
3034 1465 3166 1520 vitio
3204 1470 3340 1524 verti
3382 1487 3561 1540 posse,
3601 1477 3645 1530 si

2073 1553 2292 1598 Servare
2327 1545 2468 1613 quod
2505 1545 2622 1616 éjus
2661 1551 2934 1620 proprium
2973 1565 3057 1610 est
3085 1557 3293 1623 volens,
3328 1564 3511 1620 servili
3539 1567 3648 1620 ~ha-

2076 1631 2188 1686 bitu
2218 1649 2275 1689 se
2305 1637 2507 1693 induat.
2537 1639 2603 1694 Et
2631 1644 2900 1710 quomodo
2929 1646 3192 1716 quispiam
3225 1652 3304 1717 ei,
3337 1655 3426 1722 qui
3457 1667 3646 1728 suapte

403 1734 488 1780 τις
531 1715 608 1786 τῷ
649 1721 713 1787 τῇ
768 1717 925 1786 φύσει
973 1719 1242 1790 ἐλευθέρῳ
1281 1719 1554 1787 ἐγκαλεῖν,
1583 1721 1666 1774 ὅτι
1693 1721 1958 1815 γέγονεῗδι

2080 1733 2272 1780 natura
2299 1727 2434 1784 liber
2453 1740 2557 1796 est,
2581 1733 2798 1790 crimini
2820 1746 3036 1795 vertero
3054 1715 3274 1808 audeat,
3299 1748 3444 1815 quod
3472 1715 3644 1806 nostri

405 1808 435 1874 ἡ
446 1808 552 1874 μᾶς
579 1807 881 1878 ἄνθρωπος,
915 1809 1008 1861 καὶ
1041 1811 1097 1862 ἐν
1123 1811 1233 1872 τοῖς
1261 1810 1383 1863 καθ’
1410 1813 1556 1881 ἡμᾶς
1581 1813 1968 1883 οἰκονομικῶς;

416 1899 698 1968 Ἀποδέχου
749 1897 838 1952 τοῦ
889 1899 1100 1970 Πατρὺς
1149 1899 1246 1969 τὴν
1288 1899 1718 1970 φιλανθρωπίαν,
1759 1905 1838 1956 ὅτι
1883 1905 1974 1956 τὸν

405 1991 532 2043 [διον
560 1991 688 2044 Υξὸν
732 1989 982 2062 δωρεῖται
1031 1991 1097 2042 δι’
1129 1992 1310 2061 ἡμᾶς·
1369 1993 1443 2062 μὴ
1496 1993 1862 2063 περιεργάζου
1912 1994 1972 2047 τὸ

404 2081 649 2149 πρᾶγμα,
684 2079 1015 2151 παρακαλῶ·
1063 2081 1129 2134 οὐ
1167 2079 1276 2151 γάρ
1326 2080 1384 2147 ἐξ
1419 2081 1738 2152 Ἑλληνικῆς
1779 2085 1970 2152 σοφίας

402 2171 460 2223 τὸ
484 2170 798 2242 γνώρισμα·
831 2171 950 2223 οὐδὲ
976 2170 1082 2222 ἀπὸ
1111 2172 1462 2241 φρονήματος
1490 2172 1786 2242 κωμικοῦ·
1816 2175 1972 2227 ἀλλόο

399 2279 549 2331 τριον
575 2263 684 2330 γὰρ
710 2263 1003 2332 ἑκατέρων.
1037 2281 1054 2312 ι
1079 2263 1358 2332 Μακάριος
1379 2258 1445 2328 εἴ,
1471 2283 1488 2315 ι
1518 2265 1682 2335 φησιν
1709 2265 1738 2316 6
1766 2265 1970 2336 Κύριος

399 2355 477 2422 τῷ
503 2356 714 2424 Πέτρῳ,
754 2373 771 2405 ι
801 2354 982 2424 Σιμὼν
1000 2353 1115 2424 Βάρ
1159 2355 1340 2420 Ἰωνᾶ,
1373 2356 1454 2408 ὅτι
1501 2354 1658 2426 σὰρξ,
1691 2356 1788 2410 καὶ
1830 2353 1969 2426 αἷμα

400 2447 498 2498 οὐκ
527 2445 842 2514 ἀπεκάλυψέ
884 2463 983 2509 σοι,
1009 2445 1122 2498 ἀλλ’
1147 2446 1176 2498 6
1206 2447 1396 2516 Πατήρ
1428 2464 1548 2516 μου,
1581 2447 1608 2498 6
1638 2449 1696 2499 ἐν
1733 2451 1844 2511 τοῖς
1879 2450 1968 2501 οὐ·

402 2540 599 2606 ρανοῖς.
636 2556 652 2586 ι
698 2536 961 2606 Οὐράνιον
994 2535 1053 2588 τὸ
1091 2537 1262 2607 δῶρον
1289 2537 1351 2589 τὸ
1374 2537 1472 2606 τῆς
1501 2537 1651 2601 θείας
1681 2541 1964 2610 ἐπιφοιτή-

399 2641 535 2686 σεως
573 2622 666 2675 τοῦ
708 2623 836 2675 Υῐοῦ
873 2624 965 2676 τοῦ
1004 2623 1139 2676 Θεοῦ
1179 2625 1481 2696 γνώρισμα.

479 2716 674 2784 Ἐρώτ,
717 2714 844 2778 Πῶς
869 2715 896 2766 6
935 2716 1043 2768 τῶν
1091 2718 1307 2770 πάντων
1346 2718 1574 2790 ποιητὴς
1604 2719 1735 2784 Θεὸς
1771 2723 1963 2790 Λόγος.

392 2809 422 2859 6
449 2809 821 2878 ἀψηλάφητος,
851 2810 878 2860 6
906 2809 1158 2879 ἀόρατος,
1181 2811 1208 2861 6
1231 2810 1585 2874 ἀναλλοίωτός
1609 2829 1667 2864 τε
1693 2815 1785 2866 καὶ
1806 2831 1964 2884 περι-

392 2901 606 2971 γραφὴν
652 2901 727 2970 μὴ
779 2901 1119 2971 ἀνεχόμενος,
1171 2903 1228 2952 ἐν
1275 2903 1483 2955 εὐτελεῖ
1534 2905 1676 2976 ξύλῳ
1734 2908 1964 2977 σταυρὸν

394 2993 674 3060 ὑπέμεινε,
731 2991 826 3043 καὶ
878 2991 1134 3054 θάνατον;
1206 2993 1444 3061 Ἀπόκρ.
1495 2995 1734 3050 Θάνατόν
1783 3014 1961 3068 φαμεν

391 3080 843 3149 ὑπομεμενηκότα
887 3077 980 3132 τὸν
1022 3078 1117 3130 τοῦ
1162 3079 1296 3132 Θεοῦ
1341 3081 1530 3148 Λόγον,
1567 3082 1659 3135 καὶ
1705 3083 1958 3152 σταυρὸν,

391 3172 477 3225 διὰ
508 3172 609 3241 τῆς
636 3169 838 3241 σαρκὸς
860 3170 961 3243 τῇς
996 3171 1152 3234 ἰδίας,
1191 3171 1276 3223 ἵνα
1311 3173 1456 3241 ἡμᾶς
1479 3172 1764 3244 ἀπαλλάξῃ
1795 3173 1959 3227 θανάκ

389 3279 504 3324 του,
533 3265 625 3316 καὶ
653 3263 888 3333 φθορᾶς·
921 3263 1019 3333 τὴν
1053 3263 1188 3316 ἰδίαν
1221 3262 1330 3333 γάρ
1353 3263 1530 3333 ψυχὴν
1558 3263 1799 3319 τέθεικεν
1822 3266 1960 3335 ὑπὲρ

391 3354 566 3422 ἡμῶν,
593 3355 692 3406 οὐκ
714 3354 997 3424 ἀλλοτρίαν
1027 3351 1264 3420 οὗσαν,ἦ
1293 3354 1450 3422 ξένην
1468 3352 1560 3407 τοῦ
1591 3354 1726 3407 Θεοῦ
1753 3356 1955 3422 Λόγου·

389 3445 694 3515 ἀπόρρητος
723 3446 831 3515 γὰρ
863 3447 894 3515 ἡ
930 3445 1150 3508 ἓνωσις·
1190 3445 1352 3507 αὐτὸς
1373 3444 1481 3514 γάρ
1508 3441 1690 3497 εἶπενο
1737 3465 1754 3498 ι
1781 3446 1958 3510 Ἐξου-

391 3537 509 3589 σίαν
555 3539 660 3606 ἔχω
695 3538 790 3607 τὴν
827 3538 1002 3607 ψυχήν
1040 3556 1140 3608 μου
1185 3537 1376 3602 θεῖναι,
1413 3539 1505 3590 καὶ
1557 3536 1802 3603 ἐξουσίαν
1850 3540 1957 3610 ἔχω

388 3628 550 3680 πάλιν
580 3628 762 3682 λαϐεῖν
796 3629 986 3696 αὐτήν.
1021 3648 1039 3679 ι
1075 3628 1288 3698 Ταύτης
1319 3629 1448 3682 ἴδιον
1477 3629 1537 3682 τὸ
1563 3629 1871 3701 ἀδημονεῖν,
1896 3631 1956 3683 τὸ

387 3720 560 3789 λύπην
595 3722 880 3789 ὑπομεῖναι
915 3719 1271 3792 [ὑπομένειν],
1295 3721 1357 3774 τὸ
1401 3723 1655 3793 ἐκδημεῖν
1703 3724 1809 3776 ἀπὸ
1860 3723 1954 3776 τοῦ

389 3809 655 3879 σώματος,
685 3811 758 3871 ὡς
788 3811 880 3862 καὶ
912 3812 1111 3879 σαρκὸς
1139 3811 1199 3864 τὸ
1227 3815 1442 3884 κοπιᾷν,
1469 3813 1530 3866 τὸ
1571 3813 1952 3884 σταυροῦσθαι,

383 3901 444 3951 τὸ
474 3899 811 3965 ἀνίστασθαι,
845 3901 905 3952 τὸ
935 3903 1228 3972 μετάρσιον
1263 3903 1556 3970 ὑπομένειν
1602 3903 1780 3955 θέσιν·
1815 3903 1954 3970 πλὴν

381 3992 516 4046 Θεοῦ
568 3995 634 4047 τὰ
685 3997 862 4049 πάντα
909 3997 1144 4063 λέγεται,
1178 3997 1270 4047 καὶ
1319 3995 1454 4046 είσί·
1492 3995 1624 4047 Θεοῦ
1653 3996 1761 4066 γὰρ
1793 3996 1888 4048 καὶ
1919 3998 1952 4066 ἡ

378 4087 558 4159 ψυχή·
595 4087 728 4138 Θεοῦ
770 4090 864 4138 καὶ
901 4088 961 4138 τὸ
1001 4086 1180 4154 σῶμα.

461 4261 657 4328 Ἐρώτ.
700 4261 822 4324 Πῶς
872 4263 897 4312 6
944 4262 1346 4332 παντοδύναμος
1379 4264 1548 4332 Λόγος
1587 4264 1681 4317 τοῦ
1735 4263 1950 4330 Πατρὺς

2077 1825 2240 1870 causa
2281 1815 2443 1873 homo
2482 1821 2597 1900 ﬁeri
2656 1823 3153 1900 dispensatorieque
3194 1832 3247 1888 in
3289 1841 3489 1894 nostris
3521 1857 3646 1897 ver-

2075 1903 2184 1957 sari
2227 1919 2334 1960 non
2379 1899 2666 1964 abnuerit?
2706 1912 2882 1970 Patris
2929 1899 3337 1991 benignitatem,
3380 1927 3472 1996 qui
3519 1945 3645 2000 pro-

2075 1994 2248 2060 priqu
2289 1997 2480 2053 Filium
2521 2012 2740 2073 propter
2772 2021 2869 2062 nos
2904 2007 3154 2078 donavit,
3193 1994 3550 2090 amplectere;
3589 2024 3642 2079 in

2073 2085 2244 2154 ipsam
2278 2097 2456 2144 autem
2490 2107 2604 2148 rem
2638 2096 2926 2165 curiosius,
2960 2115 3164 2170 quaeso,
3203 2107 3310 2161 noli
3345 2110 3636 2180 inquirere.

2072 2176 2186 2232 Non
2223 2181 2368 2234 enim
2409 2195 2506 2250 per
2543 2183 2854 2242 Graecorum
2895 2193 3240 2260 sapientiam,
3282 2207 3374 2252 aut
3417 2176 3642 2258 munda-

2072 2283 2196 2322 num
2231 2285 2446 2326 sensum
2481 2275 2795 2344 percipitur,
2827 2281 2922 2334 sed
2957 2283 3024 2336 ab
3059 2293 3288 2354 utroque
3319 2296 3403 2342 est
3439 2291 3638 2348 aliena.

2075 2378 2092 2410 ι
2115 2360 2308 2416 Beatus
2323 2379 2402 2428 es,
2423 2364 2606 2422 Simon
2627 2368 2916 2436 Bar-Jona,
2937 2392 2954 2424 ι
2974 2374 3150 2444 inquit
3170 2379 3424 2435 Dominus
3453 2381 3634 2448 Petro,

2073 2470 2092 2502 ι
2139 2454 2263 2522 quia
2286 2469 2414 2510 caro
2435 2467 2488 2512 et
2511 2461 2731 2528 sanguis
2757 2478 2860 2517 non
2890 2467 3167 2522 revelavit'
3187 2472 3302 2538 tibi,
3338 2475 3432 2529 sed
3473 2475 3636 2531 Pater

2068 2559 2218 2600 meus
2243 2547 2334 2615 qui
2360 2557 2442 2602 est
2469 2548 2522 2603 in
2551 2551 2702 2605 caelis
2721 2553 2786 2609 ιθ.
2821 2573 2840 2606 ι
2872 2553 3004 2608 Nam
3033 2559 3196 2615 divini
3225 2565 3485 2622 adventus
3513 2569 3633 2624 Filii

2068 2631 2160 2688 Dei
2189 2637 2443 2705 cognitio,
2473 2639 2694 2696 caeleste
2723 2643 2920 2698 donum
2949 2655 3053 2701 est.

2138 2723 2398 2796 lnterrog.
2436 2728 2713 2794 Quomodo
2737 2734 3108 2792 universorum
3137 2741 3314 2810 opifex
3343 2745 3482 2802 Deus
3505 2747 3636 2805 Ver-

2065 2816 2214 2882 bum,
2244 2821 2333 2888 qui
2367 2835 2464 2874 nec
2496 2825 2658 2892 tangi,
2690 2841 2787 2879 nec
2820 2830 2988 2894 cerni,
3020 2847 3116 2886 nec
3149 2837 3366 2902 mutari,
3397 2856 3496 2896 nec
3527 2845 3635 2898 cir-

2066 2909 2351 2964 cumscribi
2391 2921 2598 2979 potest,
2637 2916 2688 2968 in
2723 2917 2813 2971 vili
2855 2918 3000 2990 ligno
3041 2937 3253 2979 crucem
3297 2941 3636 3002 mortemque

2064 3001 2350 3055 sustinuit?
2375 3001 2528 3073 Resp.
2560 3003 2786 3060 Mortem
2822 3017 2874 3063 et
2905 3026 3118 3067 crucem
3153 3015 3245 3071 Dei
3275 3018 3504 3076 Verbum
3538 3001 3633 3093 per

2066 3093 2332 3160 propriam
2361 3109 2578 3150 carnem
2608 3098 2927 3156 sustinuisse
2955 3104 3183 3163 dicimus
3209 3125 3223 3163 :
3250 3114 3506 3168 sustinuit
3535 3131 3630 3170 au-

2065 3192 2169 3236 tem
2211 3185 2352 3249 haec,
2391 3196 2448 3240 ut
2484 3203 2582 3242 nos
2617 3205 2645 3242 ιι
2684 3201 2855 3246 morte
2889 3203 2944 3249 et
2977 3200 3324 3267 corruptione
3362 3205 3630 3265 immunes

2065 3275 2326 3329 redderet.
2355 3275 2489 3330 Nam
2525 3281 2758 3336 animam
2791 3287 3062 3354 propriam
3099 3289 3186 3344 ille
3218 3307 3314 3364 pro
3347 3297 3502 3354 nobis
3535 3315 3629 3369 po-

2058 3363 2184 3428 suit,
2214 3379 2316 3418 non
2345 3367 2705 3436 pcregrinam,
2733 3379 2827 3426 aut
2855 3389 2883 3427 a
2915 3373 3022 3431 Deo
3043 3376 3218 3435 Verbo
3243 3385 3473 3440 alienam
3502 3401 3516 3442 :
3547 3391 3630 3444 in-

2058 3456 2390 3524 explicabilis
2415 3461 2557 3514 enim
2585 3471 2666 3516 est
2693 3465 2838 3519 unio.
2869 3465 2984 3534 Ipse
3010 3471 3154 3525 enim
3183 3474 3257 3528 ait
3283 3493 3296 3528 :
3333 3495 3354 3528 ι
3384 3477 3628 3536 Potesta-

2059 3557 2164 3600 tem
2205 3548 2378 3604 habeo
2419 3553 2646 3618 ponendi
2689 3556 2921 3610 animam
2965 3575 3172 3628 meam,
3210 3572 3264 3618 et
3305 3579 3625 3636 potestatem

2059 3635 2228 3690 habeo
2267 3638 2458 3693 iterum
2496 3643 2739 3698 sumendi
2779 3648 2982 3703 eam“.
3029 3669 3047 3700 ι
3087 3650 3236 3708 Illius
3276 3635 3468 3713 animae
3504 3653 3628 3732 pro?

2056 3730 2229 3796 prium
2282 3734 2505 3799 taedere,
2551 3738 2894 3805 contristari,
2936 3754 2966 3793 e
3009 3742 3174 3814 θοή
3219 3761 3446 3817 corpore
3491 3730 3628 3808 etni-

2055 3835 2236 3886 grare,
2265 3828 2714 3889 quemadmodum
2746 3838 2798 3880 et
2829 3831 2978 3881 carni
3010 3847 3221 3900 quoque
3247 3841 3518 3903 peculiare
3543 3857 3626 3900 est

2054 3908 2356 3977 defatigari,
2389 3911 2654 3978 cruciﬁgi,
2687 3915 3031 3980 exsuscitari,
3067 3917 3116 3970 in
3154 3919 3321 3975 altum
3354 3927 3620 3985 sublatam

2053 3996 2328 4050 collocari.
2369 3997 2744 4054 Verumtamen
2786 4003 2964 4055 omnia
3011 4005 3122 4060 hmc
3161 4018 3216 4062 et
3255 4011 3344 4066 Dei
3383 4025 3527 4085 sunt,
3566 4031 3622 4074 et

2053 4085 2147 4139 Dei
2194 4100 2314 4140 esse
2359 4089 2630 4143 dicuntur.
2681 4090 2774 4145 Dei
2818 4093 2962 4146 enim
3007 4103 3091 4149 est
3139 4101 3353 4170 anima,
3399 4105 3491 4161 Dei
3536 4121 3623 4166 est

2051 4189 2198 4230 caro.

2120 4263 2385 4336 Interrog.
2419 4266 2696 4332 Quomodo
2716 4272 3056 4341 omnipotens
3081 4277 3256 4335 Patris
3273 4281 3508 4340 Verbum
3535 4303 3618 4342 re-

382 4353 674 4405 ἀναστάσει
712 4355 1080 4424 περιεπλάκη,
1111 4355 1202 4406 καὶ
1225 4354 1396 4425 φθορᾷ
1425 4357 1453 4408 6
1489 4355 1763 4427 ἄφθαρτος
1792 4355 1947 4426 [ἀσά-

2064 4353 2326 4420 surrcxit,
2363 4365 2454 4410 aut
2499 4357 2902 4429 incorruptibile
2945 4371 3274 4436 corruptioni
3320 4375 3617 4436 obnoxium

379 4448 590 4516 νατος];
627 4449 850 4515 Ἁπόκρ.
883 4449 1090 4518 Φθοράν
1120 4450 1217 4518 μὲν
1245 4450 1342 4519 οὐχ
1367 4451 1657 4519 ὑπέμεινεν
1681 4450 1789 4502 οὐδ’
1813 4447 1950 4517 αὑτὴ

380 4542 412 4608 ἡ
445 4539 539 4592 τοῦ
572 4539 704 4591 Θεοῦ
731 4541 902 4606 Λόγου
936 4539 1100 4610 σάρξ·
1138 4541 1304 4603 νόθως
1342 4541 1450 4612 γὰρ
1470 4541 1947 4611 διαλαμϐάνοντες,

380 4629 544 4693 νόθως
568 4629 661 4681 καὶ
692 4631 1000 4698 ἐπερωτᾶτε
1021 4645 1035 4659 ⁸
1073 4633 1538 4702 προανεκεκράγει
1559 4632 1666 4700 γὰρ
1687 4633 1715 4682 6
1738 4632 1948 4702 προφή-

377 4736 473 4787 της
505 4721 630 4788 περὶ
659 4719 850 4770 αὑτοῦ·
896 4737 913 4770 ι
946 4721 1017 4770 Οὐ
1049 4719 1242 4784 δώσεις
1270 4721 1358 4773 τὸν
1379 4721 1524 4772 ὅσιόν
1555 4737 1646 4772 σου
1681 4722 1808 4773 ἰδεῖν
1830 4721 1947 4772 δια-

375 4810 598 4878 φθοράν.
627 4831 645 4862 ι
677 4812 848 4872 Πάθος
878 4811 974 4880 μὲν
1001 4812 1287 4881 ὑπέμεινεν
1313 4812 1614 4865 ἐθελούσιον
1643 4815 1670 4863 ό
1692 4811 1784 4864 τοῦ
1809 4812 1944 4865 Θεοῦ

386 4901 498 4964 ι’ἰός
519 4918 530 4930 °
561 4905 588 4953 6
613 4902 804 4972 χωρῶν
834 4904 889 4956 ὲν
921 4903 1097 4972 ἑαυτῷ
1127 4903 1215 4956 τὸν
1247 4904 1529 4974 ἀχώρητον
1559 4903 1775 4973 Πατέρα
1796 4921 1809 4934 ·
1842 4920 1948 4972 χω-

374 4993 632 5064 ρούμενος
665 4995 718 5046 δὲ
753 4995 844 5047 καὶ
876 4997 1034 5055 αὐτὸς
1067 4996 1170 5047 ὑπὸ
1191 4997 1283 5048 τοῦ
1317 4996 1558 5066 Πατρός·
1594 4996 1937 5066 χωρούμενος

372 5086 478 5155 γὰρ
525 5088 626 5139 ὑπὸ
673 5087 766 5138 τοῦ
813 5089 1043 5155 Πατρδς,
1071 5089 1162 5140 καὶ
1187 5087 1260 5140 ὣν
1291 5089 1347 5139 ἐν
1376 5087 1454 5156 τῷ
1487 5087 1670 5156 κόλπῳ
1698 5087 1792 5140 τοῦ
1821 5089 1939 5141 Πα-

368 5178 516 5244 τρὺς,
546 5179 802 5247 ἐχωρεῖτο
833 5178 1085 5246 ἀρρήτως
1119 5179 1211 5229 καὶ
1259 5179 1314 5231 ὲν
1356 5179 1422 5246 τῇ
1473 5177 1579 5246 ἰδία
1619 5178 1938 5247 σαρκί.Ἀν-

369 5263 499 5316 εόίω
542 5266 598 5316 δὲ
642 5267 954 5336 τριήμερος,
993 5266 1469 5336 λαφυραγωγήσας
1509 5267 1600 5318 τὸν
1646 5265 1811 5336 ᾅδην·
1845 5266 1939 5320 καὶ⁹

371 5357 639 5422 ἐπέφανεν
689 5357 818 5425 ἡμῖν
869 5357 1005 5426 μετὰ
1051 5359 1146 5426 τῆς
1196 5357 1332 5419 ἰδίας
1375 5356 1576 5425 σαρκὸς
1608 5358 1635 5408 ὁ
1676 5354 1768 5408 τοῦ
1801 5357 1934 5410 Θεοῦ

373 5443 520 5505 Υἱός·
560 5445 646 5496 ἵνα
678 5448 770 5497 καὶ
821 5449 967 5515 ἡμᾶς
997 5446 1277 5518 ἀπαλλάξῃ
1323 5447 1551 5500 θανάτου
1584 5447 1676 5499 καὶ
1706 5447 1930 5517 φθορᾶς.

438 5620 483 5654 ¹⁰
522 5620 708 5674 Matth.
741 5637 847 5683 va,
881 5623 966 5677 Π.

645 5714 912 5774 ΡΑΤιιοῑ..
945 5715 1059 5778 Gn.
1091 5719 1318 5784 LXXV.

2053 4443 2192 4497 fuit?
2229 4442 2386 4512 Resp.
2430 4445 2841 4516 Corruptionetn
2884 4452 3025 4508 haud
3067 4460 3323 4514 sustinuit
3364 4481 3462 4520 nec
3503 4467 3614 4537 ipsa

2046 4535 2260 4604 quidem
2306 4538 2395 4591 Dei
2429 4538 2588 4592 Verbi
2629 4554 2774 4594 caro.
2807 4541 2942 4604 Nam
2981 4546 3106 4613 quia
3147 4565 3334 4617 parum
3377 4535 3614 4625 legitime

2047 4627 2396 4696 distinguitis,
2425 4642 2614 4696 parum
2641 4630 2806 4684 etiam
2834 4630 3068 4701 legitime
3101 4637 3464 4710 interrogatis.
3489 4645 3612 4702 Jam

2044 4717 2188 4770 enim
2227 4717 2426 4770 dudum
2471 4731 2594 4770 ante
2627 4719 2888 4786 propheta
2929 4723 3000 4777 de
3038 4725 3253 4783 Christo
3293 4737 3612 4799 pronuntia-

2045 4816 2154 4860 rat:
2195 4826 2213 4858 ι
2258 4806 2375 4860 Νοιι
2419 4809 2573 4864 dabis
2603 4808 2860 4865 Sanctqu
2904 4824 3051 4869 tuum
3091 4820 3272 4874 videre
3313 4827 3613 4892 corruptio-

2043 4915 2164 4953 nem
2187 4901 2250 4952 ”.
2286 4919 2304 4951 ι
2337 4899 2478 4956 Sane
2511 4904 2813 4969 passionem
2839 4908 3198 4965 voluntariam
3229 4917 3485 4970 sustinuit
3515 4921 3607 4974 1)νί

2047 4987 2234 5056 Filius,
2267 4992 2352 5058 qui
2387 4990 2600 5045 Patrem
2635 4997 2956 5052 immensum
2989 5003 3042 5054 in
3076 5017 3134 5057 se
3164 5007 3430 5072 continet,
3459 5019 3512 5062 et
3543 5015 3609 5066 ah

2038 5083 2152 5148 ipso
2187 5083 2422 5136 vicissim
2463 5084 2622 5140 Patre
2660 5091 2991 5146 continetur.
3027 5093 3160 5148 Nam
3198 5112 3228 5150 a
3271 5099 3429 5154 Patre
3461 5119 3608 5157 com-

2039 5173 2358 5240 prehensus,
2393 5182 2450 5228 et
2483 5175 2534 5228 in
2569 5185 2796 5243 paterno
2831 5183 2948 5236 sinu
2984 5191 3274 5252 exsistens,
3311 5190 3609 5260 inexplica-

2039 5263 2132 5318 bili
2155 5265 2390 5332 quodam
2417 5267 2576 5323 modo
2598 5269 2758 5324 etiam
2785 5275 2999 5342 propria
3022 5292 3183 5331 carne
3203 5283 3600 5336 continebatur.

2039 5355 2180 5408 Idem
2213 5353 2304 5408 Dei
2335 5355 2504 5411 Filius
2529 5362 2688 5415 tertia
2717 5363 2803 5416 die
2830 5365 3025 5419 revixit
3055 5366 3242 5424 inferis
3268 5371 3600 5439 despoliath.

2036 5455 2092 5500 et
2125 5459 2244 5502 cum
2282 5447 2499 5516 propria
2526 5464 2688 5506 carne
2719 5453 2880 5509 nobis
2908 5457 3182 5524 apparuit,
3217 5473 3326 5527 quo
3355 5460 3602 5514 videlicet

1046 5625 1084 5655 “
1121 5624 1276 5680 Joan.
1311 5643 1364 5694 ι,
1393 5627 1480 5686 I8.
1559 5630 1600 5664 ¹¹
1630 5630 1772 5686 Psal.
1798 5646 1888 5698 xv,
1926 5629 1994 5684 IO
2023 5648 2036 5698 ;
2070 5633 2190 5688 Aet.
2229 5647 2287 5698 ιι,
2319 5633 2411 5688 5i.

3170 5723 3246 5788 45
