4082 6258
395 355 524 411 1421

1561 343 1648 399 DE
1688 340 2206 397 INCARNATIO‘NE
2245 341 2502 398 DOMINI.

3510 341 3534 393 ί
3543 337 3650 394 422

390 471 501 525 τῶν
555 471 610 520 ἐν
658 465 867 529 τούτοις
913 463 1292 532 ἀποκειμένων
1340 461 1553 534 μυελῶν
1582 459 1642 512 τὸ
1683 457 1971 530 χρειῶδες,

2097 457 2344 512 Iuliarum
2394 457 2707 517 utilitatem,
2742 463 2796 509 et
2830 461 3098 522 quotquot
3144 451 3248 506 alia
3303 451 3356 506 in
3411 453 3648 506 humano

395 562 488 615 καὶ
530 558 700 613 τᾶλλα
735 558 835 610 ὅσα
871 555 963 610 τοῦ
1006 554 1348 626 ἀνθρωπίνου
1394 552 1534 616 ζώου
1586 551 1648 603 τὸ
1697 548 1976 619 ὁρώμενον

396 650 532 719 ἔχει.
568 646 678 698 Καὶ
711 645 847 716 πρὸς
898 643 1139 708 τούτοις,
1190 642 1315 696 νοῦν
1363 641 1560 693 ἔδωκεν
1599 639 1842 710 ἡγεμόνα
1883 636 1978 689 καὶ

396 739 758 810 κυϐερνήτην,
797 735 985 804 σοφίας
1020 733 1347 804 πληρώσας,
1393 733 1586 802 τέχνης
1629 723 1847 798 ἁπάσης
1885 729 1998 781 καῖ’

396 832 706 900 ἐπιστήμης
735 827 1044 898 ἐμπλήσας,
1092 827 1184 879 καὶ
1221 826 1438 894 λογικὸν
1469 825 1716 893 ἀπέφηνε
1743 822 1800 875 τὸ
1826 822 1980 891 πήλι-

398 941 490 978 νον
521 921 770 991 ἄγαλμα,
804 921 897 972 καὶ
929 919 1136 972 οἰκείαν
1169 919 1356 971 είκόνα
1384 917 1653 986 πεποίηκε
1675 915 1764 967 τὸν
1799 911 1980 984 χοῖκὸν

400 1015 718 1086 ἀνδριάντα,
759 1012 819 1064 τὸ
859 1011 1083 1082 ἀρχικὸν
1134 1009 1226 1063 καὶ
1269 1007 1731 1079 αὐτοκρατορικὸν
1757 1007 1852 1058 καὶ
1887 1005 1980 1074 δη-

406 1105 724 1178 μιουργικὸν
755 1107 821 1174 τῇ
857 1105 1018 1174 νοερᾷ
1067 1101 1212 1172 ψυχῇ
1247 1101 1340 1154 καὶ
1374 1100 1626 1168 ἀθανάτῳ
1667 1099 1983 1168 δωρησάμεη

403 1213 509 1259 νος.
541 1191 674 1247 Εἶτα
705 1193 928 1263 βασιλέα
970 1191 1204 1262 κτηνῶν,
1238 1191 1332 1242 καὶ
1366 1189 1733 1258 τετραπόδων,
1762 1189 1856 1241 καὶ
1891 1188 1982 1256 ἑρ-

405 1285 604 1350 πετῶν,
641 1283 876 1354 νηκτῶν,
927 1283 1020 1336 καὶ
1046 1281 1346 1352 ἀμφιὸίων,
1389 1281 1483 1332 καὶ
1508 1279 1618 1331 τῶν
1663 1279 1980 1348 ἀεροπόρων

402 1376 628 1448 ὀρνίθων
672 1373 1068 1443 ἐχειροτόνησε.
1111 1371 1226 1441 Πρὸ
1267 1369 1322 1422 δὲ
1363 1369 1568 1422 τούτων
1616 1367 1805 1437 ὥσπερ
1862 1367 1982 1420 τινὰ

403 1461 650 1515 παστάδα
711 1461 1074 1532 χαριεστάτην
1141 1458 1346 1513 ἀνωθεν
1403 1458 1666 1522 ἐξέτεινεν
1730 1456 1979 1525 οὐρανὸν,

403 1553 670 1623 λειμῶνας
704 1551 949 1622 ἀστέρων
973 1549 1384 1620 ὲγκαταπήξας,
1416 1549 1606 1619 χρείαν
1637 1566 1698 1602 τε
1728 1547 1864 1617 ὁμοῦ
1890 1549 1983 1600 καὶ

405 1645 592 1716 τέρψιν
623 1645 990 1714 παρέχοντας·
1023 1643 1174 1713 ἥλιόν
1200 1659 1260 1694 τε
1295 1642 1537 1712 ἀνίσχειν
1567 1641 1860 1702 κελεύσας,
1891 1640 1983 1693 καὶ

406 1735 646 1800 δύεσθαι,
700 1736 794 1788 καὶ
839 1737 1013 1787 ποιεῖν
1072 1734 1288 1804 ἡμέρας
1352 1733 1447 1786 καὶ
1490 1731 1712 1794 νύκτας,
1761 1731 1858 1784 καὶ
1907 1729 1982 1799 τῷ

2079 547 2298 602 animali
2347 547 2529 600 videre
2558 555 2661 599 est.
2699 543 2764 598 Et
2807 553 3006 613 praeter
3051 541 3189 610 haec,
3241 552 3474 598 mentem
3505 544 3648 598 dedit

2081 641 2272 692 ducem
2317 647 2372 691 et
2403 635 2866 704 gubernatricem,
2897 632 3162 705 sapientia
3197 633 3484 698 imbutam,
3517 635 3651 690 artis

2079 729 2255 781 omnis
2305 727 2654 796 scientiaeque
2690 741 2986 794 capacem;
3017 735 3071 779 et
3117 724 3435 780 rationalem
3491 727 3648 780 exhi-

2081 817 2194 868 buit
2221 815 2421 869 luteam
2455 821 2710 878 statuam,
2740 826 2902 884 atque
2925 814 2992 868 ad
3022 813 3310 883 imaginem
3342 827 3496 868 suam
3523 828 3653 867 con-

2083 904 2333 958 formavit
2361 905 2670 974 pulvereum
2695 903 3067 971 simulacrum,
3116 903 3493 972 imperativam
3517 905 3651 971 vim,

2083 998 2312 1053 liberum
2344 997 2650 1064 arbitrium,
2684 1007 2739 1053 et
2771 997 2988 1066 quidvis
3015 997 3322 1052 fabricandi
3359 998 3652 1067 potentiam

2083 1089 2434 1144 intellectuali
2468 1089 2870 1158 immortalique
2903 1091 3100 1144 anima:
3131 1091 3459 1145 concedens.
3485 1087 3654 1144 Dein-

2083 1182 2148 1235 de
2177 1181 2450 1234 hominem
2486 1181 2809 1244 belluarum,
2843 1191 2895 1233 et
2924 1181 3356 1250 quadrupedum,
3390 1195 3453 1235 ac
3485 1181 3654 1251 repti-

2085 1272 2279 1336 tilium,
2308 1271 2650 1340 aquatilium,
2681 1281 2737 1323 et
2789 1271 3210 1339 amphibiorum,
3259 1281 3314 1326 et
3354 1271 3651 1326 volatilium

2085 1369 2260 1421 avium
2293 1383 2474 1436 regem
2505 1367 2811 1423 constituit.
2840 1367 2979 1421 Ante
3013 1366 3128 1422 haac
3161 1378 3361 1434 autem,
3385 1367 3654 1436 quoddam

2089 1459 2250 1512 veluti
2277 1459 2734 1528 iucundissimum
2771 1457 3082 1514 cubiculum
3133 1459 3366 1525 desuper
3409 1456 3655 1511 extendit

2085 1548 2302 1610 coelum,
2339 1547 2578 1600 siderum
2623 1547 2974 1600 ammnitates
3025 1547 3292 1608 inserens,
3340 1561 3462 1614 qua:
3497 1560 3653 1600 usum

2085 1636 2243 1692 simul
2293 1637 2814 1706 delectationemque
2867 1638 3112 1708 praebent
3153 1637 3362 1692 :solem
3395 1637 3528 1691 oriri
3565 1635 3656 1706 ju-

2087 1735 2218 1788 bens
2239 1743 2295 1787 et
2323 1735 2668 1800 occumbere,
2697 1733 2924 1802 diesque
2949 1741 3006 1788 et
3047 1743 3233 1787 noctes
3265 1731 3500 1796 elﬁcere,
3531 1747 3658 1786 cur-

407 1828 591 1898 δρόμῳ
635 1793 728 1880 τὸν
784 1827 976 1897 χρόνον
1042 1793 1292 1898 μετρεῖν·
1351 1826 1582 1896 σελήνην
1631 1823 1838 1892 φθίνειν
1891 1793 1984 1876 καὶ

2097 1839 2262 1890 suque
2291 1839 2388 1878 suo
2419 1835 2658 1892 tempora
2697 1824 2882 1879 metiri
2909 1840 2924 1890 ;
2955 1825 3140 1878 lunam
3165 1823 3332 1879 minui
3365 1833 3418 1878 et
3449 1824 3656 1894 augeri,

409 1917 656 1986 πλήθειν,
693 1918 786 1970 καὶ
811 1921 928 1980 ταῖς
959 1919 1188 1980 πυκναῖς
1221 1918 1544 1986 μεταϐολαῖς
1572 1917 1720 1986 ἧδειν
1751 1933 1812 1968 τε
1848 1915 1983 1984 ὁμοῦ

409 2010 503 2062 καὶ
540 2009 824 2078 σημαίνειν
855 2009 1054 2062 κύκλον
1083 2009 1173 2062 τὸν
1201 2007 1500 2061 ἐνιαύσιον·
1529 2008 1633 2076 γῆν
1657 2007 1713 2060 δὲ
1741 2007 1986 2059 κάτωθεν

413 2101 764 2171 ὑπεστόρεσε,
799 2101 891 2152 καὶ
917 2100 1162 2154 ποικίλον
1201 2099 1338 2168 αὐτῇ
1374 2099 1578 2168 κόσμον
1610 2097 1842 2151 δέδωκεν
1863 2141 1876 2164 ,
1907 2097 1987 2159 εἱς

409 2191 546 2262 ἄλση
576 2192 670 2244 καὶ
698 2191 824 2262 ληῖα
858 2192 953 2243 καὶ
985 2191 1260 2261 λειμῶνας
1292 2189 1569 2261 διακρίνας
1593 2204 1606 2216 ·
1653 2189 1756 2259 ὅρη
1785 2189 1988 2258 κιρτώ-

413 2299 510 2344 σας
535 2284 612 2343 εἰς
644 2281 810 2349 ῦψος,
861 2282 955 2334 καὶ
983 2283 1160 2344 νάπας
1194 2282 1466 2345 κοιλάνας,
1495 2281 1590 2334 κα)⁸
1623 2281 1781 2333 πεδία
1824 2279 1991 2332 ὕπτια

416 2370 510 2422 καὶ
543 2371 761 2421 ίσόπεδα
790 2370 990 2434 δείξας,
1036 2372 1130 2424 καὶ
1161 2371 1342 2442 πηγὰς
1383 2371 1702 2434 ἀναϐλύζειν
1745 2373 1804 2422 ἐν
1841 2371 1991 2440 μέσῳ

415 2461 708 2524 κελεύσας,
772 2463 866 2515 καὶ
928 2463 1206 2532 ποταμοὺς
1275 2461 1485 2532 τρέχειν
1547 2463 1827 2523 ἀπαυστα,
1899 2463 1992 2514 καὶ

414 2551 577 2606 τᾶλλα
605 2552 704 2604 ὅσα
734 2551 835 2620 γῆν
863 2550 1189 2613 καλλωπίζει
1217 2550 1310 2602 καὶ
1337 2549 1624 2604 θάλατταν.

416 2750 491 2805 I".
532 2749 634 2802 Διά
673 2749 730 2800 τί
775 2748 880 2800 τὸν
910 2748 1228 2816 ἄνθρωπον
1265 2752 1762 2817 προσηγόρευσεν
1799 2748 1988 2816 Ἀδάμ.

487 2863 640 2915 Οὕτω
665 2863 1076 2932 δημιουργήσας
1103 2863 1192 2914 τὸν
1219 2861 1436 2932 πρῶτον
1460 2861 1766 2931 ἄνθρωπον,
1801 2863 1894 2913 καὶ
1928 2863 1991 2930 τῇ

418 2953 586 3005 εικόνι
619 2953 858 3022 τιμήσας
891 2952 985 3005 καὶ
1016 2951 1094 3021 τῷ
1126 2951 1318 3017 πλήθει
1359 2952 1468 3004 τῶν
1500 2951 1718 3022 δωρεῶν
1759 2951 2002 3005 ἀποκλύ-

421 3061 540 3107 σας,
581 3042 793 3113 τίθησιν
820 3043 968 3112 αὐτῷ
1006 3043 1068 3095 τὸ
1093 3044 1194 3113 τῆς
1220 3043 1436 3110 φύσεως
1469 3043 1667 3113 δνομα·
1689 3043 1857 3111 Ἀδὰμ
1887 3043 1993 3112 γάρ

2089 1918 2310 1984 suisque
2343 1917 2717 1984 frequentibus
2758 1915 3188 1970 revolutionibus
3213 1914 3486 1969 delectare
3511 1915 3659 1984 pari-

2093 2015 2194 2068 ter,
2221 2014 2276 2057 et
2318 2019 2558 2058 annuum
2587 2003 2852 2058 circulum
2903 2002 3232 2070 significare.
3257 2001 3378 2058 iam
3413 2003 3658 2059 tellurem

2091 2098 2178 2150 hic
2206 2096 2432 2150 inferius
2463 2097 2782 2158 substravit,
2825 2095 2984 2166 eique
3021 2096 3228 2150 varium
3267 2107 3520 2152 ornatum
3561 2097 3663 2151 de-

2092 2188 2190 2249 dit,
2225 2187 2398 2251 silvis,
2427 2188 2590 2249 arvis,
2624 2188 2908 2256 pratisque
2947 2187 3320 2256 distinguens.
3367 2198 3578 2244 montes
3607 2188 3662 2244 in

2091 2275 2454 2330 sublimitates
2488 2292 2745 2340 curvans,
2776 2277 2948 2332 valles
2973 2291 3267 2342 excavans,
3299 2292 3522 2347 campos
3567 2293 3663 2334 su—

2094 2370 2249 2436 pinos
2279 2370 2682 2438 aequabilesque
2710 2371 3022 2436 ostendens,
3061 2368 3346 2439 fontesque
3386 2371 3456 2424 de
3493 2370 3666 2425 medi-

2097 2462 2248 2514 tullio
2294 2463 2562 2516 scaturire
2597 2461 2818 2528 jubens,
2870 2471 2926 2516 et
2967 2459 3188 2515 ﬂumina
3217 2461 3528 2530 perenniter
3549 2460 3662 2517 dis-

2091 2567 2334 2615 currere,
2369 2563 2531 2622 atque
2559 2553 2664 2606 alia
2709 2553 2896 2607 omnia
2953 2560 3218 2622 quotquot
3252 2559 3452 2606 terram
3485 2565 3664 2607 mare-

2095 2658 2198 2711 que
2229 2656 2514 2697 exornant.
2565 2644 2568 2646 ’

2271 2757 2358 2810 lll.
2395 2755 2506 2812 Cur
2535 2759 2794 2811 hominem
2832 2757 3171 2826 appellaverit
3201 2755 3488 2811 Adamam.

2169 2871 2303 2925 Cum
2335 2869 2413 2924 sic
2441 2871 2672 2938 primum
2717 2869 2988 2923 hominem
3040 2869 3391 2934 condidisset,
3434 2877 3490 2922 et
3533 2867 3669 2921 ima-

2098 2963 2242 3029 ginis
2299 2975 2411 3014 $th
2483 2959 2689 3013 honore
2750 2959 3026 3024 auxisset,
3092 2961 3463 3023 donorumque
3513 2957 3667 3025 c0pia

2098 3053 2392 3114 obruisset,
2433 3064 2625 3102 nomen
2674 3047 2722 3102 ei
2752 3057 2956 3102 natura:
2990 3046 3158 3116 ipsius
3189 3047 3465 3116 proprium
3500 3047 3671 3115 impo-

420 3137 582 3188 αὐτὸν
612 3136 1090 3205 προσηγόρευσεν·
1137 3135 1292 3188 τοῦτο
1334 3137 1390 3188 δὲ
1434 3137 1528 3188 τὸν
1573 3135 1701 3206 χοῦν
1748 3135 1897 3204 δηλοί
1930 3137 1994 3205 τῇ

2101 3147 2208 3200 suit
2236 3163 2250 3210 ;
2277 3144 2475 3197 etenim
2503 3142 2768 3195 Adamum
2800 3140 3150 3208 nuncupavit,
3176 3138 3318 3206 quod
3348 3131 3668 3191 vocabulum

433 3227 696 3297 Ἐϐραίων
729 3229 900 3296 φωνῇ.
927 3227 1039 3278 Μία
1070 3227 1126 3278 δὲ
1150 3227 1243 3280 καὶ
1269 3227 1409 3296 αῦτη
1439 3227 1569 3297 περὶ
1598 3227 1688 3279 τὸν
1715 3227 1998 3297 ἄνθρωπον

422 3318 739 3387 κηδεμονία.
799 3318 1015 3386 Ἐπειδὴ
1065 3317 1172 3388 γὰρ
1225 3317 1415 3386 ἔμελλε
1462 3318 1736 3380 τοσούτοις
1777 3319 2002 3386 ἀγαθοῖς

423 3408 798 3478 δντρυφήσειν,
840 3409 932 3460 καὶ
981 3409 1247 3462 τοσούτων
1291 3411 1474 3479 ἄρχων
1521 3409 1864 3478 ἀνηγορεύθη
1907 3411 2002 3462 καὶ

429 3499 695 3568 βασιλεὺς,
729 3501 814 3553 ἵνα
851 3501 924 3570 μὴ
959 3499 1262 3569 τῷ-πλήθει
1289 3500 1396 3552 τῶν
1431 3501 1648 3569 δωρεῶν
1677 3501 2001 3571 ὑπερμαζή-

428 3608 545 3655 σας,
605 3595 698 3645 καὶ
745 3595 822 3663 τῷ
874 3593 997 3661 ὕψει
1042 3593 1140 3662 τῆς
1187 3593 1480 3662 ἡγεμονίας
1525 3593 1786 3664 ἐπαρθεὶς
1831 3612 2002 3647 κατα-

428 3683 695 3751 σκιρτήσῃ
722 3683 812 3734 τοῦ
849 3681 1153 3746 κτίσαντος,
1201 3685 1294 3734 καὶ
1332 3683 1595 3753 μεγίστην
1641 3685 1704 3736 ὲκ
1754 3684 1854 3752 τῆς
1907 3701 2002 3735 τυ-

431 3767 669 3834 ραννίδος
732 3769 1100 3837 ἀπενέγκηται
1163 3769 1408 3839 βλάϐην,
1459 3772 1598 3825 κατά
1652 3773 1741 3824 τὸν
1788 3772 2002 3843 πρῶτον

427 3857 736 3926 ἀποστάτην
769 3861 971 3912 ἐκεῖνον
999 3862 1088 3916 τὸν
1119 3863 1194 3925 ὡς
1237 3863 1521 3934 ἀστραπὴν
1553 3868 1617 3916 ἐκ
1647 3867 1739 3917 τοῦ
1771 3864 2002 3935 ούρανοῦ

427 3945 662 3998 πεσόντα
690 3946 757 3998 δι’
779 3949 1122 4016 ἀλαζονείαν,
1155 3954 1468 4018 ἀναγκαίως
1489 3957 1515 4004 ὁ
1547 3954 1707 4020 σορὸς
1733 3955 1843 4004 τῶν
1867 3955 2004 4006 ὅλων

429 4036 692 4107 πρύτανις
720 4041 941 4092 κωλύων
971 4041 1136 4094 αὑτοῦ
1175 4043 1266 4094 τὸν
1312 4044 1471 4109 ὄγκον
1500 4043 1594 4094 τοῦ
1633 4045 2002 4114 φρονήματος,

440 4126 609 4197 Ἀδάμ
645 4131 1107 4197 προσηγόρευσεν,
1158 4131 1242 4182 ἵνα
1280 4135 1343 4184 ὲκ
1372 4133 1470 4200 τῆς
1513 4135 1886 4204 προσηγορίας
1919 4137 2005 4186 ὲν-

430 4217 564 4268 νοῶν
591 4217 690 4286 τὴν
729 4218 1074 4284 συγγένειαν,
1104 4222 1198 4271 καὶ
1239 4221 1338 4283 τὰς
1367 4224 1622 4292 ἀφορμὰς
1651 4225 1749 4292 τῆς
1787 4227 2004 4291 φύσεως

429 4305 797 4374 λογιζόμενος,
829 4309 920 4359 καὶ
949 4309 1038 4360 τὸν
1083 4311 1344 4380 πρόγονον
1373 4314 1501 4382 χοῦν
1531 4313 1636 4383 πρὸ
1667 4314 1775 4367 τῶν
1803 4315 2007 4384 ὀφθαλ-

436 4397 549 4464 μῶν
578 4395 870 4466 θεώμενος,
895 4399 1087 4452 ὲαυτὸν
1122 4401 1218 4469 μὲν
1250 4403 1512 4474 γνωρίζῃ,
1537 4409 1817 4478 προσκυνῇ
1836 4407 1892 4460 δὲ
1915 4407 2005 4461 τὸν

431 4489 698 4558 τοσαύτην
768 4489 1098 4560 εὐπρέπειαν
1157 4493 1306 4562 αὐτῷ
1363 4497 1456 4548 καὶ
1519 4497 2002 4568 μεγαλοπρέπειαν

431 4577 851 4647 δωρησάμενονν
918 4578 1054 4649 αὕτη
1125 4579 1315 4650 πρώτη
1379 4585 1507 4653 περὶ
1563 4584 1654 4636 τὸν
1713 4585 2002 4655 ἄνθρωπον

433 4668 646 4738 ἐδείχθη
677 4669 770 4721 τοῦ
806 4671 1039 4740 Ποιητοῦ
1086 4671 1220 4742 μετὰ
1244 4674 1342 4743 τὴν
1368 4674 1722 4744 δημιουργίαν
1752 4675 2002 4745 πρόνοιαο

433 4763 604 4822 οὕτως
634 4759 692 4826 ἐξ
727 4763 898 4832 ἀρχῆς
925 4761 1010 4815 οἷά
1042 4782 1125 4826 τις
1160 4765 1341 4834 πατὴρ
1390 4767 1483 4816 καὶ
1515 4766 1696 4836 ἰατρὸς
1728 4768 1822 4819 καὶ
1854 4767 2003 4819 διδά-

433 4852 652 4916 σκαλος,
704 4856 922 4922 κοσμῶν
970 4857 1103 4925 ὁμοῦ
1154 4857 1247 4910 καὶ
1297 4857 1562 4926 ἰατρεύων
1610 4859 1703 4910 καὶ
1741 4859 2008 4913 διδάσκων

436 4941 597 4994 αὑτὸν
623 4943 720 5012 τὴν
750 4945 971 5014 ἀρετὴν,
1008 4948 1325 5002 διετέλεσεν.

437 5076 510 5127 Δ’.
536 5077 636 5130 Διὰ
659 5078 715 5129 τί
741 5080 852 5146 τὴν
881 5081 1135 5149 γυναῖκα
1166 5083 1234 5135 ἐκ
1259 5082 1365 5150 τῆς
1401 5083 1666 5152 πλευρᾶς
1695 5083 2004 5154 ἐδημιούρ-

1145 5169 1314 5222 mae.

510 5259 694 5322 Οὕτως
728 5263 887 5314 αὐτὸν
927 5265 1229 5330 διαπλάσας
1255 5307 1268 5330 ,
1317 5267 1486 5330 οὕτως
1533 5267 2003 5338 προσαγορεύσας,

441 5349 632 5418 βοηθὸν
666 5351 812 5420 αὐτῷ
861 5354 953 5405 καὶ
1001 5357 1262 5426 συνεργὸν
1311 5359 1404 5410 καὶ
1448 5358 1541 5410 τοῦ
1580 5358 1696 5428 βίου
1753 5359 2008 5412 κοινωνὸν

440 5443 779 5534 παραχρῆμα
821 5445 1282 5534 εδημιούργησεψ
1335 5451 1436 5503 οὐκ
1477 5451 1540 5503 ὲκ
1592 5450 1758 5521 μόνης
1801 5451 1856 5504 δὲ
1912 5450 2010 5520 τῆς

442 5527 582 5595 τῆς,
623 5527 698 5589 ὡς
747 5530 833 5581 ἐπ’
874 5534 1104 5600 ἐκείνου,
1155 5537 1418 5606 λαμϐάνει
1462 5538 1562 5602 τὰς
1605 5537 1859 5610 ἀφορμὰς
1910 5541 2008 5608 τῆς

514 5725 529 5757 ¹
572 5726 677 5783 lsa.
705 5741 817 5790 xw,
851 5727 936 5782 l2.

2103 3241 2154 3291 in
2210 3236 2558 3290 Hebraeorum
2617 3234 2792 3301 lingua
2842 3231 3117 3301 pulverem
3172 3229 3462 3298 significat.
3496 3229 3672 3296 Atque

2101 3331 2216 3384 hac
2243 3328 2406 3382 etiam
2455 3339 2581 3394 erga
2625 3325 2898 3379 lt0tninem
2939 3319 3276 3390 providentia
3305 3320 3521 3390 807m
3549 3317 3669 3372 fuit.

2103 3417 2236 3472 Nam
2271 3415 2396 3484 quia
2442 3413 2608 3466 tantis
2635 3411 2792 3465 bonis
2819 3409 3086 3463 fruiturus
3117 3417 3257 3472 erat,
3295 3416 3484 3476 totque
3517 3419 3673 3460 crea—

2103 3517 2348 3562 turarum
2381 3504 2639 3574 princeps
2665 3501 2996 3556 constitutus
3024 3509 3146 3555 erat
3174 3509 3230 3554 et
3254 3515 3369 3565 rex,
3400 3511 3468 3553 ne
3504 3499 3675 3552 done-

2105 3613 2222 3651 rum
2249 3595 2600 3651 multitudine
2629 3593 2918 3650 lasciviens
2953 3603 3008 3646 et
3055 3592 3394 3662 principatus
3437 3589 3672 3645 excelsi-

2107 3699 2213 3743 tate
2268 3689 2442 3742 elatus
2512 3686 2774 3739 adversus
2827 3683 3142 3738 Creatorem
3195 3683 3444 3752 petulans
3498 3681 3673 3754 fieret,

2106 3783 2508 3848 inanimumque
2541 3791 2605 3832 ex
2641 3778 2742 3830 hac
2772 3777 2936 3830 veluti
2974 3775 3258 3843 tyrannide
3287 3773 3673 3828 detrimentum

2105 3883 2344 3940 caperet,
2382 3885 2531 3922 more
2579 3869 2722 3920 illius
2755 3865 2914 3932 primi
2963 3872 3249 3930 apostatas,
3295 3863 3386 3930 qui
3419 3871 3676 3929 tanquam

2106 3961 2282 4027 fulgur
2323 3957 2590 4024 superbiae
2633 3969 2744 4008 suae
2790 3967 2953 4008 causa
3001 3951 3140 4006 ctelo
3169 3951 3370 4005 excidit
3401 3952 3443 4014 ί,
3485 3963 3678 4005 neces—

2107 4049 2252 4102 sario
2305 4048 2524 4114 sapiens
2587 4059 2768 4098 rerum
2821 4043 3064 4097 omnium
3113 4051 3354 4105 curator,
3408 4050 3674 4096 tumorem

2109 4139 2277 4206 ipsius
2305 4136 2502 4190 mentis
2533 4135 2915 4204 comprimens,
2949 4135 3216 4188 Adamum
3269 4131 3584 4202 appellavit,
3617 4143 3676 4186 ut

2107 4245 2170 4284 ex
2200 4229 2418 4282 nomine
2449 4227 2815 4282 conditionem
2864 4239 3018 4280 suam
3055 4231 3336 4294 reputans,
3373 4235 3427 4278 et
3467 4233 3678 4280 naturae

2109 4318 2402 4388 primordia
2438 4316 2818 4380 considerans,
2862 4323 3257 4384 parentemque
3305 4327 3463 4368 suum
3495 4313 3679 4383 pulve-

2111 4425 2226 4466 rem
2273 4423 2384 4477 pra:
2430 4405 2600 4463 oculis
2634 4406 2861 4470 habens,
2903 4419 2962 4459 se
3009 4405 3186 4474 ipsum
3215 4405 3434 4473 quidem
3477 4417 3681 4474 cogno-

2111 4511 2307 4564 sceret,
2334 4500 2497 4554 adora
2509 4507 2589 4551 ret
2616 4505 2794 4550 autem
2817 4495 2989 4562 illum,
3011 4495 3102 4564 qui
3126 4503 3332 4548 tantum
3356 4495 3404 4548 ei
3429 4495 3680 4550 decorem

2111 4609 2175 4648 ac
2204 4592 2604 4661 speciositatem
2631 4587 2872 4641 donavit.
2909 4585 3088 4639 Prima
3115 4586 3231 4639 haec
3249 4597 3378 4655 erga
3405 4587 3678 4640 hominem

2113 4683 2360 4737 Factoris
2386 4689 2508 4750 post
2541 4677 2872 4732 creationem
2901 4673 3243 4745 providentia
3277 4677 3509 4731 exstitit.
3540 4677 3614 4732 Ita
3637 4679 3684 4732 is

2108 4777 2218 4846 jam
2249 4774 2371 4828 inde
2397 4773 2466 4826 ab
2497 4770 2675 4833 initio,
2701 4785 2800 4824 ceu
2836 4777 2987 4838 pater
3019 4767 3235 4836 quidam
3268 4777 3321 4822 et
3353 4769 3594 4824 medicus
3626 4782 3682 4823 et

2110 4866 2385 4934 magister,
2415 4875 2626 4917 ornans
2657 4859 2816 4915 simul
2845 4869 2901 4914 et
2946 4873 3144 4914 sanans
3177 4860 3549 4927 virtutemque
3585 4857 3684 4913 do-

2109 4971 2256 5020 cens,
2283 4969 2340 5009 se
2371 4953 2557 5024 gessit.

2215 5092 2300 5146 lV.
2341 5091 2449 5146 Cur
2497 5091 2766 5144 mulierem
2796 5103 2860 5141 ex
2899 5089 2998 5142 viri
3029 5089 3192 5142 latere
3235 5087 3564 5156 formaverit.

2197 5273 2488 5341 Postquam
2543 5285 2668 5326 eum
2716 5271 2790 5326 ita
2843 5269 3177 5324 formaverat
3230 5277 3392 5336 atque
3438 5263 3671 5334 appella-

2115 5371 2288 5426 verat,
2345 5361 2667 5416 auxiliarem
2698 5360 2871 5414 eidem
2902 5369 2958 5412 et
2998 5355 3420 5427 cooperatricem
3451 5353 3684 5421 vitaeque

2115 5452 2352 5507 sodalem
2389 5451 2537 5506 illico
2565 5449 2875 5506 fabricavit.
2919 5447 3076 5503 Haud
3116 5455 3296 5501 tamen
3334 5459 3404 5500 ex
3437 5441 3550 5498 sola
3578 5451 3681 5496 ter-

2116 5557 2194 5605 ra,
2232 5543 2373 5598 sicut
2394 5542 2450 5599 in
2482 5544 2597 5612 ipso
2627 5541 2852 5607 fecerat,
2901 5539 3180 5597 materiam
3212 5535 3490 5609 plasmatis
3535 5549 3682 5590 sum...
