4082 6258
477 313 614 366 1425

1464 311 1502 364 S
1559 310 1832 365 CYRILH
1865 311 2336 367 ALEXANDRINI
2377 312 2698 368 ARCIIHCP.

3584 316 3719 372 ιιει
3770 389 3772 391 b

475 431 614 497 psit;
647 426 740 482 sed
773 442 932 480 unam
965 441 1028 481 ex
1055 426 1155 481 viri
1179 427 1347 483 costis
1364 429 1604 498 capiens,
1627 437 1787 498 atque
1819 431 1919 483 hac
1945 444 2034 483 ceu

2145 430 2504 493 διαπλάσεως,
2534 430 2668 483 ἀλλά
2705 428 2831 498 μίαν
2862 428 2969 480 τῶν
3001 427 3247 498 πλευρῶν
3278 428 3482 482 ἐκείνου
3516 429 3714 494 λαθὼν,

478 521 588 575 basi
614 528 667 574 et
696 520 1045 574 hrridamento
1076 528 1253 585 utens,
1285 520 1576 575 femineam
1619 531 1865 576 naturam
1893 537 2043 580 com-

477 612 692 678 posuit:
734 611 876 663 haud
928 625 1061 664 sane
1097 611 1340 664 materiae
1386 612 1636 680 penuria,
1675 613 1786 668 sola
1816 603 1957 667 enim
1991 612 2040 666 ei

477 699 730 750 voluntas
771 699 837 752 ad
873 698 1114 767 cujusvis
1142 700 1218 752 rei
1249 701 1579 755 creationem
1613 700 2044 766 suﬂiciebat,sed

474 788 599 855 quia
661 787 967 840 concordiae
1025 786 1296 840 vinculum
1355 797 1563 842 natura:
1606 789 1792 843 indere
1848 790 2038 844 voluit.

475 878 699 932 llortnm
740 893 952 946 quoque
989 879 1261 942 conserit,
1289 893 1520 947 eumque
1564 879 1759 946 plantis
1795 881 2040 949 omnige-

477 972 558 1024 nis
590 971 892 1032 exornavit,
942 969 1102 1039 idque
1135 967 1510 1024 habitaculum
1568 971 1769 1024 homini
1819 985 2042 1026 conces-

472 1065 568 1125 sit,
599 1063 845 1132 prmbens
881 1061 954 1115 illi
984 1062 1204 1115 virtutis
1239 1061 1583 1123 exercitium,
1615 1062 1757 1114 haud
1797 1061 2040 1116 laborio-

473 1173 590 1208 sum
622 1171 795 1223 neque
830 1154 982 1206 multi
1011 1151 1227 1208 sudoris
1255 1161 1582 1222 praeceptum
1618 1153 1920 1222 imponens,
1947 1153 2039 1208 sed

473 1247 714 1300 modesto
744 1255 890 1300 certe
918 1244 1194 1314 perfacile.

817 1358 876 1412 ν.
915 1358 1025 1412 Cur
1057 1360 1104 1412 ei
1145 1359 1305 1429 legem
1339 1361 1694 1415 constituerit.

539 1475 672 1529 Nam
703 1490 826 1529 cum
859 1475 1112 1530 omnibus
1146 1475 1289 1530 horti
1338 1476 1538 1544 plantis
1583 1475 1728 1530 vesci
1771 1491 1892 1531 eum
1929 1475 2042 1542 jus-

469 1567 654 1644 sisset,
697 1566 856 1619 unius
881 1573 1096 1634 gustum
1133 1563 1339 1629 vetuit;
1375 1579 1550 1634 neque
1575 1565 1627 1619 id
1658 1565 1836 1635 ipsum
1865 1576 2038 1619 teme-

471 1673 529 1711 re
556 1656 702 1721 fecit,
722 1655 814 1710 sed
835 1663 890 1708 ut
917 1656 1079 1710 homo
1100 1654 1342 1725 808m.
1381 1663 1656 1711 auctorem
1685 1671 1842 1710 suum
1875 1671 2042 1726 agno-

2147 521 2238 572 καὶ
2265 521 2435 591 ταύτῃ
2467 520 2718 592 καθάπερ
2744 521 2849 574 τινὶ
2880 520 3102 591 κρηπῖδι
3132 520 3227 573 καὶ
3253 519 3489 591 θεμελίῳ
3515 525 3718 591 χρησά-

2149 628 2327 679 μενος,
2358 612 2456 682 τὴν
2486 611 2801 679 γυναικείαν
2847 612 3008 680 φύσιν
3053 614 3237 664 ποιεῖ’
3270 613 3370 681 οὐχ
3415 612 3547 682 ὕλης
3583 615 3718 664 ἀπο-

2148 701 2258 773 ρίᾳ·
2290 701 2424 771 μόνη
2459 701 2571 770 γὰρ
2595 701 2740 770 αὐτῷ
2773 701 2938 771 βουλὴ
2973 701 3106 771 πρὸς
3149 701 3246 770 τὴν
3291 701 3428 754 ὅλων
3460 701 3722 771 δημιουρ-

2145 793 2269 860 γίαν
2303 793 2535 862 ἤρκεσεν
2561 809 2574 821 ·
2601 791 2714 844 ἀλλ’
2746 793 2802 843 ἐν
2833 796 2898 861 τῇ
2943 792 3103 860 φύσει
3135 793 3232 861 τῆς
3277 793 3525 862 ὁμονοίας
3563 790 3719 857 θελή-

2149 899 2245 944 σας
2277 881 2508 934 ἐνθεῖναι
2535 883 2624 934 τὸν
2657 881 2971 953 σύνδεσμον.
2992 883 3216 936 Φυτεύει
3241 883 3334 936 καὶ
3369 883 3720 952 παράδεισον,

2146 971 2239 1023 καὶ
2270 974 2453 1038 φυτοῖς
2477 970 2641 1023 αὐτὸν
2687 974 3027 1042 κατακοσμεῖ
3053 972 3348 1036 παντοίοις,
3395 973 3490 1024 καὶ
3536 972 3722 1026 τοῦτον

2146 1061 2468 1133 ἐνδιαίτημα
2499 1063 2576 1132 τῷ
2603 1063 2878 1134 ἀνθρώπῳ
2927 1063 3230 1134 χαρίζεται,
3278 1061 3528 1127 δεδωκὼς
3572 1064 3723 1134 αὐτῷ

2145 1150 2445 1220 γυμνάσιον
2476 1152 2676 1222 ἀρετῆς
2706 1193 2720 1216 ,
2748 1152 2968 1220 ἐντολὴν
3000 1153 3100 1205 οὐκ
3152 1153 3428 1216 ἐπίπονον,
3471 1151 3591 1205 οὐδὲ
3629 1154 3722 1220 γέ-

2035 1261 2048 1268 ν
2148 1259 2353 1312 μουσαν
2389 1243 2632 1315 ἱδρῶτος,
2664 1244 2801 1298 ἀλλὰ
2829 1246 2974 1315 μάλα
3009 1244 3374 1316 σωφρονοῦντι
3402 1247 3612 1317 ῥᾳδίαν.

2393 1355 2485 1410 .Ε’.
2527 1356 2630 1412 Διὰ
2665 1357 2723 1410 τί
2745 1357 2933 1426 νόμον
2969 1355 3130 1422 αὐτῷ
3163 1358 3446 1411 τέθεικεν.

2217 1465 2441 1520 Πάντων
2473 1467 2580 1540 γὰρ
2607 1467 2715 1522 τῶν
2743 1468 2924 1537 φυτῶν
2961 1469 3056 1522 τοῦ
3085 1470 3413 1540 παραδείσου
3455 1471 3723 1535 κελεύσας

2145 1556 2472 1622 ἀπολαύειν,
2526 1560 2643 1624 ἐνὸς
2685 1561 3033 1632 ἀπηγόρευσε
3092 1564 3192 1633 τὴν
3237 1563 3562 1633 μετάληψιν
3614 1564 3720 1634 οὐχ

2147 1650 2332 1714 ἁπλῶς
2359 1652 2479 1705 οὐδὲ
2515 1651 2675 1706 τοῦτο
2716 1651 3057 1722 πεποιηκὼς,
3093 1652 3210 1706 ἀλλ’
3238 1653 3326 1707 ἴνα
3368 1653 3456 1706 τὸν
3485 1670 3719 1723 πεποιηο

468 1759 668 1815 sceret,
701 1759 862 1817 atque
906 1749 1079 1802 instar
1106 1747 1219 1816 jugi
1253 1746 1534 1815 cujusdam
1565 1747 1734 1818 legerit
1765 1745 2034 1803 Creatoris

2147 1741 2278 1794 κότα
2308 1741 2551 1814 γνωρίζῃ
2569 1783 2584 1807 ,
2614 1742 2711 1796 καὶ
2735 1741 2924 1812 ὥσπερ
2957 1743 3078 1796 τινά
3111 1744 3274 1812 ζυγὸν
3301 1744 3399 1817 ἐχῃ
3433 1743 3524 1796 τὸν
3553 1744 3720 1814 νόμον

470 1841 733 1904 haberet;
768 1849 934 1908 utque
962 1840 1128 1893 sciret
1169 1854 1228 1893 se
1261 1838 1478 1908 quidem
1510 1839 1563 1892 in
1601 1849 1745 1893 terra
1780 1854 2036 1907 regnare,

469 1932 561 1985 sed
597 1941 776 1986 tamen
812 1930 1095 1984 Factorem
1126 1945 1286 1983 suum
1318 1929 1558 1984 vicissim
1607 1930 1708 1984 sibi
1746 1931 2036 1996 dominari,

469 2035 704 2090 prreesse
742 2031 796 2074 et
818 2019 1036 2086 subjici,
1075 2021 1345 2088 imperare
1375 2028 1432 2074 et
1461 2021 1736 2090 imperari,
1767 2023 1968 2076 ducere
1987 2032 2041 2077 et

469 2112 730 2168 duci.Sed
753 2121 808 2166 et
831 2111 1074 2180 alioquin
1108 2126 1353 2180 congrua
1379 2121 1465 2166 est
1488 2112 1845 2167 rationalibus
1879 2111 2041 2182 legis-

468 2206 596 2260 latio
651 2224 665 2260 :
696 2213 781 2260 est
813 2205 960 2258 enim
997 2205 1282 2260 brutorum
1322 2207 1602 2274 proprium
1636 2205 1754 2259 sine
1801 2205 1919 2274 lege
1962 2189 2042 2259 vi;

467 2310 613 2350 vere.
666 2295 976 2348 Mandatum
1035 2305 1217 2348 autem
1266 2295 1411 2348 circa
1458 2308 1637 2349 escam
1682 2293 1916 2348 Creator
1963 2295 2039 2350 illi

469 2385 745 2455 imposuit,
772 2384 897 2452 quia
931 2385 1070 2439 alius
1095 2384 1336 2452 cujusvis
1375 2384 1512 2454 legis
1543 2394 1674 2439 tunc
1723 2385 1914 2440 fuisset
1955 2386 2039 2438 in-

469 2478 616 2531 utilis
639 2477 785 2530 latio.
842 2477 982 2542 Quid
1024 2477 1166 2531 enim
1195 2478 1243 2530 ei
1281 2478 1562 2530 vetandqu
1612 2479 1778 2532 erat?
1803 2477 1939 2532 Num
1973 2495 2040 2534 ne

465 2570 736 2623 occideret
758 2569 782 2622 ?
804 2569 968 2637 Atqui
1018 2583 1179 2623 nemo
1208 2577 1347 2633 erat,
1387 2570 1437 2622 in
1468 2584 1630 2639 quem
1666 2558 1841 2625 credes
1879 2572 2040 2626 cade-

470 2671 568 2714 ret.
601 2659 740 2714 Num
773 2674 839 2713 ne
877 2661 1288 2715 mmcharetur?
1320 2661 1483 2732 Atqui
1537 2678 1603 2716 ne
1640 2661 1688 2717 si
1720 2663 1878 2716 vellet
1912 2665 2036 2732 qni-

467 2752 585 2804 dem
619 2751 670 2803 id
697 2759 930 2819 poterat,
959 2765 1080 2803 cum
1109 2750 1212 2803 alia
1241 2750 1439 2805 femina
1468 2766 1572 2806 non
1604 2764 1771 2808 esset.
1804 2753 1940 2808 Num
1973 2771 2039 2810 ne

465 2841 783 2896 t'uraretur?
831 2841 904 2893 At
946 2841 1100 2909 cujus
1150 2841 1332 2896 bona?
1382 2841 1590 2898 Cuncta
1642 2844 1786 2898 enim
1840 2846 1891 2899 iu
1922 2846 2038 2915 ejus

469 2942 738 3002 potestate
783 2942 958 2987 erant.
998 2931 1128 2986 Erat
1169 2934 1336 3003 igitur
1372 2933 1462 2988 ille
1519 2935 1750 2989 mundus
1807 2935 2036 3005 tempori

467 3037 565 3076 suo
603 3021 954 3087 conveniens,
1005 3036 1181 3092 neque
1235 3026 1607 3079 tantummodo
1655 3024 1759 3079 illis
1797 3025 1889 3094 qui
1931 3026 2036 3080 duo

2145 1833 2241 1886 τοῦ
2263 1833 2788 1905 δημιουργήσαντος,
2832 1837 2918 1890 ἵνα
2948 1835 3190 1906 γινώσκῃ
3216 1834 3293 1898 ὡς
3322 1834 3590 1905 βασιλεύει
3621 1834 3723 1903 μὲν

2143 1925 2253 1978 τῶν
2286 1927 2341 1978 ἐν
2371 1929 2434 1996 τῇ
2469 1929 2561 1996 γῇ,
2605 1926 2951 1996 βασιλεύεται
2983 1927 3040 1980 δὲ
3073 1927 3175 1980 ὑπὸ
3207 1927 3534 1989 πλάσαντος,
3560 1927 3721 1997 ἄρχει

2144 2015 2238 2067 καὶ
2263 2015 2508 2085 ἄρχεται,
2560 2015 2810 2081 δεσπόζει
2845 2018 2940 2070 καὶ
2992 2016 3334 2081 δεσπόζεται,
3368 2019 3584 2087 ἡγεῖται
3624 2016 3722 2068 καὶ

2143 2101 2356 2170 ἄγεται.
2393 2102 2604 2167 ’Ἄλλως
2645 2105 2702 2157 δὲ
2737 2105 2834 2159 καὶ
2877 2106 3184 2178 πρόσφορος
3217 2108 3250 2177 ὴ
3281 2105 3570 2176 νομοθεσία
3603 2110 3719 2170 τοῖς

2143 2195 2412 2261 λογικοῖς·
2449 2195 2659 2264 ἀλόγων
2703 2198 2814 2268 γάρ
2863 2198 2992 2252 ἴδιον
3024 2198 3086 2251 τὸ
3137 2198 3318 2269 νόμων
3355 2201 3527 2270 χωρὶς
3568 2200 3722 2253 πολι-

2141 2284 2415 2338 τεύεσθαι·
2442 2285 2533 2339 τὸν
2563 2288 2620 2342 δὲ
2651 2289 2778 2360 περὶ
2814 2287 3069 2359 βρώσεως
3093 2290 3256 2360 νόμον
3292 2291 3538 2343 τέθεικεν
3568 2291 3720 2360 αὐτῷ

2143 2375 2170 2426 ὁ
2202 2375 2456 2446 Ποιητὴς,
2489 2377 2679 2449 ἐπειδὴ
2702 2380 2810 2433 τῶν
2836 2379 3012 2434 ἄλλων
3037 2381 3217 2450 νόμων
3251 2382 3285 2452 ἡ
3311 2380 3462 2444 θέσις
3487 2385 3718 2452 περιττὴ

2141 2467 2440 2535 τηνικαῦτα
2468 2463 2554 2539 ἦν.
2591 2470 2655 2521 Τί
2685 2471 2792 2541 γὰρ
2816 2471 2963 2541 αύτῷ
2989 2471 3083 2524 καὶ
3108 2471 3479 2543 ἀπαγορεύειν
3507 2473 3677 2542 ἐχρῆν
3702 2492 3717 2535 ;

2143 2558 2233 2628 Μὴ
2258 2559 2547 2628 φονεῦσαι;
2580 2561 2717 2614 Ἀλλ’
2737 2563 2836 2616 οὐκ
2865 2558 2932 2634 ἦν
2958 2565 2986 2617 ὁ
3016 2564 3175 2617 τοῦτο
3203 2565 3541 2635 πεισόμενος.
3560 2565 3720 2618 ’Δλλά

2147 2652 2220 2722 μὴ
2257 2653 2574 2722 μοιχεῦσαι;
2612 2655 2751 2708 Ἀλλ’
2779 2656 2901 2710 οὐδὲ
2929 2657 3212 2727 βουληθεὶς
3241 2653 3352 2722 οἷός
3383 2676 3449 2712 τε
3476 2655 3543 2731 ἦν
3568 2702 3582 2724 ,
3619 2677 3719 2728 γυο

2142 2742 2327 2804 ναικὸς
2370 2742 2538 2814 ἄλλης
2578 2746 2678 2799 οὐκ
2706 2744 2894 2817 οὔσης.
2941 2747 3105 2802 Ἀλλά
3153 2749 3228 2820 μὴ
3261 2748 3487 2819 κλέψαι;
3524 2751 3603 2804 Τὰ
3634 2751 3718 2804 τί-

2141 2852 2257 2900 νος;
2323 2836 2496 2888 Αὐτοῦ
2547 2837 2655 2906 γὰρ
2714 2834 2782 2909 ἦν
2829 2838 3065 2893 ἅπαντα.
3116 2841 3400 2912 Ἀρμόδιος
3453 2842 3633 2899 τοίνυν
3689 2845 3718 2895 ὁ

2141 2926 2344 2995 κόσμος
2370 2929 2574 2990 ἐκεῖνος
2609 2924 2678 2998 ἦν
2707 2929 2785 2999 τῷ
2811 2930 2932 2982 τότε
2967 2931 3166 3001 καιρῷ,
3198 2933 3292 2985 καὶ
3317 2933 3378 2986 οὐ
3417 2934 3574 3003 μόνον
3602 2937 3715 2999 τοῖς

2143 3017 2326 3086 μόνοις
2362 3014 2541 3083 οὖσιν,
2590 3019 2725 3074 ἀλλὰ
2774 3021 2868 3072 καὶ
2921 3022 3154 3086 παιδίοις
3199 3023 3539 3095 ἀρτιγενέσιν
3579 3043 3717 3096 συμ-

467 3112 567 3166 soli
599 3121 775 3179 erant,
811 3128 1000 3168 verum
1032 3113 1194 3169 etiam
1248 3116 1433 3184 pueris
1468 3126 1713 3171 recenter
1743 3118 1884 3172 natis
1915 3117 2034 3173 ido-
2064 3109 2107 3167 C
2142 3107 2362 3163 ϐαίνων.

467 3222 621 3261 ueus.

923 3296 1008 3352 Vl.
1040 3294 1114 3351 De
1148 3297 1344 3351 Adami
1373 3298 1581 3352 exsilio.

539 3411 646 3467 Sed
685 3421 978 3484 postquam
1028 3413 1230 3468 invidia
1268 3413 1492 3479 diaboli,
1532 3423 1587 3468 et
1633 3413 1876 3469 mulieris
1906 3415 2038 3468 sim-

469 3503 713 3570 plicitate
755 3519 1000 3560 errorem
1053 3504 1326 3560 commisit
1373 3503 1630 3576 (namque
1669 3506 1811 3560 hanc
1851 3515 2036 3574 utpote

465 3593 780 3649 debiliorem
806 3595 1036 3660 .t'allens,
1070 3597 1247 3665 primo
1290 3611 1387 3662 per
1427 3597 1624 3666 ipsam,
1665 3611 1764 3652 ceu
1808 3611 2034 3666 persua-

466 3685 640 3740 dendo
674 3684 963 3753 aptiorem,
990 3687 1256 3738 Adamum
1287 3696 1484 3740 nostra:
1512 3688 1702 3741 salutis
1733 3689 1904 3743 hostis
1923 3689 2034 3744 cir-

463 3774 781 3847 cumvenit),
806 3776 993 3846 pulsus
1040 3775 1184 3829 illico
1219 3776 1467 3844 paradiso
1497 3777 1619 3841 fuit,
1650 3786 1705 3832 et
1735 3778 1801 3830 ad
1839 3793 2038 3832 conua-

468 3865 698 3920 turalem
732 3881 885 3919 suam
937 3874 1138 3920 terram
1165 3866 1424 3920 dimissus
1459 3875 1562 3930 est,
1598 3867 1807 3934 sudori,
1837 3868 2031 3933 labori,

463 3971 826 4025 :erumnaeque
857 3957 1089 4021 deditus,
1123 3971 1188 4011 ac
1217 3956 1380 4011 veluti
1412 3957 1565 4012 freno
1607 3959 1859 4027 quodam,
1892 3960 2036 4025 agri-

463 4049 692 4103 culturae
751 4047 957 4113 labore,
997 4031 1335 4114 aliorumque
1365 4048 1488 4102 vitae
1521 4049 1784 4102 malorum
1811 4065 2034 4119 perpes-

461 4143 613 4194 sione
645 4138 995 4192 constrictus.
1027 4137 1166 4204 Quia
1197 4138 1344 4192 enim
1377 4137 1526 4191 illam
1577 4138 1760 4193 labore
1792 4140 1937 4193 omni
1968 4154 2034 4195 ac

462 4229 648 4284 dolore
677 4229 903 4282 liberam
935 4228 1099 4282 vitam
1131 4244 1236 4282 non
1262 4242 1385 4281 cum
1418 4237 1574 4296 grato
1602 4229 1786 4282 animo
1811 4229 2028 4294 tulerat,

461 4320 770 4374 calamitate
808 4318 1068 4385 deinceps
1117 4316 1406 4385 implicitus
1438 4317 1556 4382 fuit,
1593 4328 1650 4370 ut
1684 4327 2028 4373 contractum

461 4408 822 4476 prosperitate
872 4408 1120 4460 morbum
1158 4445 1172 4468 ,
1222 4406 1498 4460 laboribus
1534 4407 1846 4475 depelleret.
1889 4408 2025 4463 Tum

459 4500 624 4554 etiam
668 4506 843 4552 morte
881 4497 1090 4567 peccati
1138 4512 1355 4551 cursum
1407 4497 1686 4567 legislator
1718 4499 2028 4569 interrupit,

459 4597 512 4640 ct
542 4599 757 4656 poenam
792 4586 961 4655 ipsam
991 4586 1165 4640 instar
1185 4585 1486 4641 clementiae
1512 4587 1708 4641 intulit.
1733 4589 1866 4644 Cum
1885 4591 2029 4644 enim

465 4672 882 4740 trausgressioni
928 4681 1154 4727 mortem
1205 4673 1536 4728 decrevisset
1592 4677 1896 4746 legislator,
1941 4679 2029 4732 fa-

462 4774 580 4815 ctus
609 4777 736 4816 vero
786 4772 1160 4832 transgressor
1205 4764 1368 4818 homo
1413 4765 1467 4818 in
1519 4779 1638 4819 eam
1683 4781 1900 4837 pmnam
1949 4771 2031 4824 in-

460 4854 740 4920 currissct,
789 4870 1009 4922 operam
1055 4855 1143 4908 ille
1197 4856 1345 4909 dedit
1389 4865 1449 4909 ut
1496 4871 1655 4924 pmna
1701 4861 1752 4912 in
1799 4862 2026 4917 salutem

459 4951 728 5011 vergeret.
760 4941 1007 5010 Namque
1037 4942 1140 4996 hoc
1183 4942 1382 4996 animal
1421 4960 1566 4999 mors
1612 4946 1882 5013 dissolvit,
1915 4965 2028 5004 ma-

459 5033 586 5086 litia:
617 5033 886 5087 actionem
922 5033 1085 5098 sistit,
1112 5032 1386 5088 laboribus
1417 5036 1710 5100 subtrahit,
1740 5042 2026 5095 sudoribus

462 5123 678 5186 liberat,
714 5123 994 5175 doloribus
1040 5124 1296 5192 curisque
1359 5127 1541 5193 eripit,
1594 5127 1754 5182 ﬁnem
1785 5108 2026 5200 corporis

455 5213 698 5282 809m.
727 5214 951 5280 imponit
992 5215 1354 5282 passioaibus.
1396 5218 1567 5271 Tanta
1613 5221 1864 5280 nimirum
1919 5224 2026 5276 cle-

457 5308 655 5358 utentia
693 5320 906 5374 pu-nam
939 5309 1257 5376 temperavit
1285 5307 1445 5375 judcx
1473 5311 1486 5362 ί

460 5497 567 5554 νη.
603 5500 773 5564 Quam
816 5504 1014 5571 ingrati
1055 5505 1288 5578 homines
1320 5505 1540 5571 fuerint,
1575 5519 1621 5561 et
1657 5526 1811 5578 quam
1843 5516 2021 5578 provi-

932 5577 1030 5626 dus
1074 5574 1230 5638 Deus,
1261 5587 1529 5630 narratur.

528 5677 634 5732 Sed
676 5679 807 5731 ni-hil
845 5681 965 5735 inde
1011 5700 1176 5748 genus
1205 5686 1482 5739 hominum
1528 5689 1796 5757 ingratum
1836 5709 2015 5760 [ιρι-ορ-

2395 3296 2485 3361 CT'.
2523 3296 2661 3363 Περὶ
2696 3296 2805 3365 τῆς
2839 3298 3076 3366 ἑξοριίις
3111 3301 3218 3354 τοῦ
3258 3275 3448 3370 Ἀδάμ.

2227 3405 2443 3477 Ἐπειδὴ
2468 3407 2521 3459 δὲ
2549 3407 2724 3478 φθόνῳ
2751 3409 2995 3463 διαϐόλου
3014 3451 3027 3474 ,
3073 3413 3165 3465 καὶ
3199 3415 3458 3482 γυναικδς
3489 3417 3715 3490 εὐκολίᾳ

2143 3496 2242 3568 τὴν
2281 3498 2498 3570 ἀπάτην
2546 3499 2765 3570 ἐδέξατο
2812 3501 3035 3572 (ταύτην
3082 3504 3188 3575 γὰρ
3235 3505 3313 3568 ὡς
3360 3505 3722 3579 ἀπαλωτέραν

2145 3591 2464 3657 φενακίσας,
2496 3593 2767 3664 πρότερον
2790 3594 2858 3646 δι’
2886 3596 3074 3666 αὐτῆς,
3104 3597 3178 3660 ὼς
3203 3599 3602 3670 πιθανωτέρας,
3627 3604 3722 3656 τὸν

2158 3679 2326 3748 Ἀδὰμ
2351 3683 2379 3733 ὁ
2403 3681 2500 3748 τῆς
2543 3682 2817 3754 ἡμετέρας
2845 3683 3061 3750 φύσεως
3103 3687 3358 3759 ἀλάστωρ
3390 3691 3716 3762 ἐπολιόρκη-

2145 3769 2280 3830 σεν),
2305 3768 2566 3839 ἐξεϐλήθη
2624 3773 2723 3841 μὲν
2755 3773 2917 3837 εὐθὺς
2945 3775 3041 3828 τού
3073 3777 3424 3847 παραδείσου,
3454 3781 3549 3834 καὶ
3577 3784 3718 3853 πρὸς

2140 3857 2237 3928 τὴν
2269 3860 2508 3930 συγγενῆ
2535 3861 2639 3930 γῆν
2669 3865 3036 3935 παρεπέμφθη
3059 3906 3072 3928 ,
3105 3867 3289 3936 ἱδρῶτι
3325 3872 3420 3923 καὶ
3452 3871 3599 3943 πόνῳ
3623 3877 3718 3927 καὶ

2139 3948 2484 4020 ταλαιπωρίᾳ
2524 3952 2962 4022 συγκληρωθεὶς,
2999 3959 3093 4012 καὶ
3117 3953 3228 4014 οἷόν
3261 3978 3367 4014 τινι
3405 3962 3608 4034 χαλινῷ
3647 3970 3708 4036 τῇ

2140 4040 2377 4112 γηπονίᾳ
2423 4042 2518 4095 καὶ¹
2548 4046 2888 4118 κακοπαθείᾳ
2934 4050 3029 4101 καὶ
3069 4053 3190 4115 ταῖς
3231 4052 3421 4117 ἄλλαις
3463 4057 3560 4110 τοῦ
3592 4059 3708 4127 βίου

2139 4132 2425 4202 πονηρίαις
2467 4135 2809 4204 παραδοθείς.
2843 4137 2931 4201 Ὠς
2959 4140 3068 4210 γὰρ
3114 4141 3212 4212 τὴν
3253 4142 3455 4199 ἄπονον
3496 4147 3708 4216 ἐκείνην

2138 4223 2233 4274 καὶ
2259 4223 2464 4276 ἄλυπον
2490 4225 2589 4278 οὐκ
2611 4226 2847 4294 ἐνεγκὼν
2876 4231 3238 4302 εὐγνωμόνως
3284 4234 3450 4307 ζωὴν,
3495 4241 3561 4310 τῇ
3591 4241 3707 4292 δυσ·

2135 4313 2344 4384 ημερίᾳ
2369 4314 2746 4384 συζεύγνυται,
2776 4319 2861 4372 ἵνα
2893 4321 2991 4393 τὴν
3017 4324 3126 4377 ἀπὸ
3148 4327 3248 4396 τῆς
3289 4329 3586 4400 εὐημερίας
3616 4351 3708 4400 φε-

2140 4404 2371 4476 ρομένην
2401 4406 2553 4459 νόσον
2605 4408 2692 4460 διὰ
2723 4411 2830 4463 τῶν
2859 4413 3034 4467 πόνων
3068 4415 3536 4491 ἀποσκευάσηται.
3577 4426 3708 4478 Δια-

2135 4495 2324 4548 κόπτει
2369 4496 2426 4548 δέ
2469 4498 2562 4550 καὶ
2611 4499 2824 4572 Θανάτῳ
2869 4503 2961 4558 τὸν
3009 4504 3209 4577 δρόμον
3237 4510 3336 4580 τῆς
3367 4513 3641 4583 ἁμαρτίας
3679 4519 3705 4568 ό

2131 4584 2462 4656 νομοθέτης,
2519 4589 2610 4641 καὶ
2652 4591 2822 4663 αὐτὴν
2867 4593 3105 4650 δείκνυσι
3137 4599 3236 4670 τὴν
3277 4605 3552 4674 τιμωρίαν
3587 4609 3704 4675 φιλσ

2130 4676 2468 4748 ανθρωπίαν.
2527 4681 2744 4753 Ἐπειδὴ
2777 4685 2884 4756 γὰρ
2928 4690 2992 4757 τῇ
3038 4693 3350 4762 παραϐάσει
3398 4697 3702 4766 νομοθετῶν

2132 4767 2416 4859 συνέζευξε
2457 4771 2706 4837 θάνατον,
2751 4777 3008 4845 παραϐάς
3056 4780 3113 4834 δὲ
3142 4783 3247 4835 ὑπὸ
3289 4786 3388 4854 τὴν
3437 4791 3702 4859 τιμωρίαν

2128 4857 2344 4929 ἐκείνην
2385 4861 2623 4928 ἐγένετο,
2681 4865 2957 4937 οἰκονομεῖ
2997 4869 3095 4941 τὴν
3126 4875 3399 4944 τιμωρίαν
3429 4857 3704 4951 σωτηρίαν

2127 4951 2401 5018 γενέσθαι.
2435 4953 2649 5006 Διαλύει
2674 4959 2781 5028 γάρ
2814 4958 2970 5012 τοῦτο
3001 4962 3062 5014 τὸ
3091 4961 3233 5026 ζῶον
3257 4967 3286 5016 ὁ
3325 4966 3573 5033 θάνατος,
3609 4973 3703 5025 καὶ

2127 5039 2291 5091 παύει
2325 5041 2424 5109 μὲν
2454 5040 2552 5110 τὴν
2585 5043 2688 5112 τῆς
2727 5048 2991 5117 πονηρίας
3020 5050 3322 5120 ἐνέργειαν,
3368 5057 3697 5112 ἀπαλλάττει

2125 5129 2179 5181 δὲ
2213 5131 2409 5194 πόνων,
2445 5133 2539 5185 καὶ
2569 5133 2806 5204 ἱδρώτων
2830 5137 3125 5210 ἐλευθεροῖ,
3162 5141 3337 5207 λύπας
3361 5147 3453 5198 καὶ
3484 5150 3698 5218 φροντί-

2124 5221 2219 5284 δας
2255 5221 2488 5287 ἐλαύνει,
2535 5225 2688 5288 τέλος
2715 5230 2825 5290 τοῖς
2859 5230 2953 5283 τοῦ
2984 5232 3236 5303 σώματος
3267 5236 3449 5290 δίδωσι
3480 5239 3696 5295 πάθεσι.

2127 5311 2373 5382 Τοσαύτη
2433 5314 2812 5387 φιλανθρωπία
2873 5320 2970 5390 τὴν
3022 5326 3291 5395 τιμωρίαν
3342 5330 3608 5398 ἐκέρασεν
3673 5334 3702 5383 ό

2124 5403 2318 5471 κριτής
2342 5407 2353 5454 !

2123 5515 2194 5566 Z'.
2232 5518 2655 5600 Auiq‘nmqfﬂc
2685 5525 2802 5600 τῶν
2829 5528 3154 5600 ἀνθρώπων
3187 5533 3565 5599 ἀχαριστίας,
3597 5538 3700 5590 καὶ

2471 5595 2582 5659 τῆς
2612 5595 2716 5649 τοῦ
2757 5597 2905 5650 Θεοῦ
2941 5595 3310 5668 κηδεμονίᾱςζ

2207 5698 2343 5751 ’Λλλ’
2384 5703 2533 5756 οὐδὲν
2562 5708 2807 5763 ἐντεῦθεν
2837 5713 2894 5765 τὸ
2939 5714 3226 5785 ἀχάριστον
3260 5717 3414 5783 γένος
3453 5720 3563 5773 τῶν
3601 5721 3700 5773 ἀν·-
