4082 6258
391 373 415 426 Ι
427 373 530 428 αἰεὶό

1557 373 1646 430 DE
1687 369 2204 430 INCARNATIONE
2243 369 2498 428 DOMINI.

3483 371 3635 425 ’14213

391 486 626 558 θρώπων
663 481 916 538 ἀπώνατο
938 499 950 514 ·
985 485 1197 555 μείζοσι
1227 487 1284 540 δὲ
1313 488 1728 558 ἀγνωμοσύναις
1756 490 1847 543 τὸν
1877 489 1969 542 εὐ-

2080 485 2150 554 pit
2177 486 2462 544 utilitatis:
2493 487 2601 542 imo
2623 493 2678 544 et
2705 488 2982 559 peioribus
3013 487 3296 543 maleﬁciis
3337 488 3636 542 benefacto-

391 577 621 648 εργέτην
652 574 942 644 ἠμείψατο.
993 576 1170 639 Εὐθὺς
1199 577 1307 648 γάρ
1355 578 1736 647 ἀδελφοκτονία
1761 580 1964 650 τολμᾶ-

391 686 524 730 ται,
577 668 672 720 καὶ
719 665 948 736 φθόνος,
999 667 1094 718 καὶ
1139 667 1369 736 ψεῦδος,
1425 670 1710 724 ἀκολασίαι
1757 689 1818 724 τε
1877 671 1968 724 καὶ

390 759 712 826 ἀσέλγειαι,
776 757 1018 822 ἀδικίαι,
1087 761 1182 812 καὶ
1249 759 1666 831 ἀλληλοφονίαι,
1717 764 1812 818 καὶ
1860 764 1970 816 τῶν

389 851 688 922 ἀλλοτρίων
727 853 999 923 ἁρπαγαὶ,
1051 841 1146 906 κα)⁸
1187 853 1356 906 τᾶλλα
1409 853 1510 906 ὅσα
1562 854 1896 924 ἐϐλάστησεν
1935 856 1968 924 ἡ

392 942 636 1013 ἁμαρτία
667 941 832 996 κακά.
876 941 1016 995 Ἀλλ’
1049 942 1168 996 οὐδὲ
1198 941 1370 1006 οὕτως
1424 943 1452 994 6
1492 943 1724 1014 Ποιητὴς
1764 947 1829 1016 ἣν
1864 945 1973 997 διέ-

395 1032 602 1086 πλασεν
633 1033 1012 1103 ἀπηγόρευσεν
1045 1033 1205 1102 φύσιν
1227 1051 1238 1064 ·
1270 1035 1444 1102 σοφῶς
1474 1035 1530 1088 δὲ
1557 1035 1688 1087 αὐτὸ
1728 1036 1822 1088 καὶ¹
1864 1036 1970 1090 δια-

393 1123 574 1192 φόρως
615 1123 886 1186 ἐτέλεσεν,
921 1123 1210 1194 ἰατρεύων,
1246 1124 1534 1195 ἐπιτιμῶν,
1567 1124 1835 1190 ἐγκαλῶν,
1863 1127 1972 1178 εἰσ-

393 1213 695 1284 ηγούμενος
734 1214 794 1266 τὸ
843 1214 982 1278 δέον,
1023 1213 1428 1284 συμϐουλεύων,
1463 1215 1718 1280 ἀπειλῶν,
1751 1215 1970 1283 ἐπάγων

393 1305 492 1374 τὴν
521 1305 771 1376 ἀπειλὴν,
805 1304 1047 1369 κολάζων
1067 1307 1194 1368 τοὺς
1219 1307 1512 1376 πονηροὺς,
1541 1307 1820 1376 στεφανῶν
1846 1309 1972 1370 τούς

395 1397 634 1464 ἀγαθοὺς
657 1437 671 1456 ,
715 1396 930 1450 καὶτὸν
963 1397 1060 1466 μὲν
1105 1397 1496 1468 ἀνακηρύττων
1521 1438 1534 1462 ,
1571 1399 1662 1450 τὸν
1709 1397 1766 1450 δὲ
1809 1415 1970 1466 μετα-

395 1488 564 1550 τιθεὶς
588 1527 603 1551 ,
635 1486 727 1540 τδν
755 1487 812 1539 δὲ
849 1487 993 1556 ξύλῳ
1029 1487 1168 1558 μετὰ
1193 1487 1286 1540 τοῦ
1316 1487 1507 1556 γένους
1537 1487 1836 1554 διασώζων,
1877 1489 1972 1541 καὶ

401 1577 670 1648 σπινθῆρα
706 1579 774 1648 τῇ
823 1576 982 1646 φύσει
1025 1577 1316 1649 διατηρῶν,
1350 1577 1655 1642 ἐπικλύζων
1709 1577 1805 1648 τὴν
1844 1577 1970 1647 γῆν,

397 1667 722 1738 διαφθείρων
755 1666 908 1720 ὕδατι
939 1668 1066 1731 τοὺς
1093 1667 1330 1739 ἐργάτας
1357 1671 1456 1739 τῆς
1483 1669 1766 1739 πονηρίας,
1792 1667 1971 1732 αὔξων

399 1753 553 1821 αὖθις
580 1759 642 1812 τὸ
669 1756 1005 1830 ἀνθρώπινον
1031 1758 1220 1827 γένος,
1257 1763 1510 1830 μερικαῖς
1538 1759 1835 1829 τιμωρίαις
1859 1777 1972 1812 κοι-

2071 590 2182 629 rem
2216 585 2595 634 remuneratus
2619 587 2723 634 est.
2776 579 2970 634 Statim
3008 579 3152 634 enim
3189 577 3454 634 fraterna:
3477 581 3636 634 credis

2071 666 2302 733 facinus,
2345 669 2566 734 invidia,
2603 671 2966 736 mendacium,
3003 673 3446 740 intemperantia,
3487 673 3637 726 luxu-

2071 757 2184 822 τίω,
2213 757 2446 826 injuriae,
2477 769 2676 815 mutuae
2706 763 3028 826 occisiones,
3071 762 3260 816 alienae
3293 763 3369 816 rei
3413 763 3636 829 rapina»,

2069 857 2123 900 et
2157 848 2260 901 alia
2283 848 2586 915 huiusmodi
2618 866 2736 919 quae
2773 862 3052 920 peccatum
3085 853 3298 923 peperit
3329 854 3492 906 mala.
3532 855 3637 906 Sed

2071 952 2138 991 ne
2173 939 2252 992 sic
2281 939 2496 1006 quidem
2527 957 2686 1010 quam
2712 942 3044 998 formaverat
3084 945 3284 1013 abjecit
3311 946 3450 1000 Deus
3479 955 3640 998 natu-

2072 1043 2186 1082 ram
2218 1047 2230 1082 :
2262 1033 2356 1084 sed
2406 1031 2550 1084 varia
2586 1033 2853 1101 sapientia
2905 1035 2971 1088 ad
3019 1050 3140 1090 eum
3181 1036 3338 1089 tinem
3376 1051 3506 1090 usus
3534 1045 3638 1094 est,

2073 1121 2292 1174 medens
2337 1120 2568 1183 scilicet,
2605 1121 2920 1191 increpans,
2961 1126 3242 1190 incusans,
3289 1125 3356 1180 ad
3405 1124 3638 1180 cilicium

2072 1209 2344 1274 erudiens,
2378 1211 2604 1264 consilia
2655 1227 2952 1282 suggerens
2981 1254 2996 1276 ,
3042 1216 3380 1270 comminans
3407 1254 3424 1280 ,
3469 1216 3644 1270 minas

2075 1301 2215 1370 ipsas
2247 1303 2299 1355 in
2332 1317 2443 1356 rem
2476 1303 2784 1368 conferens,
2831 1304 3002 1358 malos
3034 1307 3292 1374 puniens,
3318 1307 3490 1360 bonos
3521 1321 3642 1358 tnu-

2074 1407 2288 1458 nerans,
2317 1403 2370 1447 et
2413 1393 2575 1446 alium
2635 1393 2850 1463 quidem
2906 1394 3068 1448 laude
3105 1409 3330 1459 ornans,
3369 1395 3532 1448 alium
3578 1395 3644 1449 de

2073 1484 2269 1536 mundo
2305 1483 2658 1548 transferens,
2689 1485 2852 1536 alium
2892 1500 3016 1538 arca
3053 1485 3232 1555 lignea
3275 1501 3398 1540 cum
3445 1501 3644 1556 genere

2073 1571 2304 1638 salvans,
2334 1583 2389 1627 et
2431 1583 2636 1628 natura:
2678 1574 2976 1629 scintillam
3019 1591 3403 1644 conservans;
3444 1586 3642 1631 terram

2073 1663 2270 1719 diluvio
2296 1665 2554 1731 obruens,
2591 1674 2644 1718 et
2673 1667 2929 1735 nequitiae
2959 1677 3279 1734 operatores
3312 1669 3470 1737 aquis
3513 1665 3646 1738 ιιι-τιιέ

2075 1753 2290 1819 locans;
2327 1755 2691 1824 multiplicans
2727 1772 2920 1810 rursus
2975 1759 3277 1812 humanum
3311 1772 3506 1828 genus,
3533 1759 3646 1810 sin-

397 1847 494 1911 νάς
534 1848 772 1918 ἰατρείας
805 1848 1148 1919 ποιούμενος,
1183 1849 1366 1914 πόλεις
1396 1851 1673 1914 ἀσεϐείαις
1722 1849 1972 1914 συζώσας

2080 1846 2352 1914 gularibus
2386 1847 2560 1914 ptenis
2608 1847 2889 1916 generales
2921 1847 3160 1902 medelas
3197 1849 3642 1914 faciens,.civita-

397 1939 530 2010 πυρὶ
580 1939 936 2008 καταφλέγων
968 1940 1238 2012 οὐρανίῳ,
1269 1941 1359 1993 τὸν
1394 1943 1490 1995 σὺν
1521 1943 1707 2004 αὐτοῖς
1757 1941 1858 2010 μὲν
1895 1942 1972 1993 οί-

399 2029 600 2083 κοῦντα
620 2069 634 2093 ,
663 2031 761 2100 τῆς
793 2029 839 2084 δ’
877 2030 1128 2094 ἀσεϐείας
1159 2031 1220 2083 οὐ
1257 2029 1640 2095 κοινωνοῦντα,
1673 2029 1775 2098 τῆς
1804 2046 1975 2098 τιμωο

402 2121 520 2190 ρίας
564 2121 882 2190 ἐλευθερῶν,
921 2122 1232 2192 εὐετηρίαις
1265 2119 1606 2191 δωρούμενος
1629 2160 1644 2184 ,
1699 2121 1759 2173 ὲν
1799 2120 1974 2191 καιρῷ

398 2209 552 2263 ὑετὸν
595 2209 990 2280 χαριζόμενος,
1046 2209 1224 2273 αὔξων
1270 2210 1525 2280 ἀρρήτως
1566 2209 1634 2262 τά
1679 2207 1829 2280 παρά
1865 2209 1974 2261 τῶν

397 2299 700 2370 ἀνθρώπων
731 2299 1177 2368 καταϐαλλόμενα
1213 2300 1523 2370 σπέρματα,
1556 2299 1786 2370 καρπῶν
1807 2298 1973 2366 ἀφθο-

399 2390 515 2451 νίας
593 2389 776 2458 βρύειν
824 2389 891 2442 τά
949 2389 1136 2459 δένδρα
1187 2389 1452 2454 κελεύων,
1518 2390 1661 2461 λιμῷ
1706 2389 1976 2443 παιδεύων

400 2478 523 2542 τοὺς
571 2479 723 2530 οὐδὲν
771 2480 836 2531 ὲκ
885 2478 986 2547 τῆς
1036 2479 1290 2550 εὐθηνίας
1339 2480 1742 2552 ὠφεληθέντας,
1787 2481 1975 2543 νόσους

401 2570 644 2638 ἐπάγων,
677 2571 772 2622 καὶ
813 2569 974 2623 πάλιν
1003 2569 1204 2634 ταύτας
1232 2571 1492 2638 ἐλαύνων,
1536 2572 1976 2644 χαλασφενδονῶν

401 2658 498 2722 τάς
540 2659 638 2727 τῆς
688 2658 830 2728 ζωῆς
877 2660 1168 2730 ἀφορμάς,
1203 2661 1421 2730 νέφεσιν
1450 2663 1668 2732 ἀκρίδος
1698 2664 1788 2717 τὸν
1828 2665 1976 2735 ἥλιον

401 2744 659 2814 κρύπτων
681 2746 774 2798 καὶ
803 2747 929 2810 τούς
953 2749 1198 2818 καρποὺς
1221 2748 1566 2822 διαφθείρων·
1599 2753 1770 2806 νεύων
1799 2749 1974 2817 αὖθις,

403 2835 498 2888 καὶ
546 2837 614 2888 τὰ
661 2837 878 2908 λυπηρὰ
926 2839 1310 2906 μεταϐάλλων,
1360 2843 1488 2905 τοὺς
1550 2844 1649 2914 τὴν
1696 2846 1977 2900 εὐσέϐειαν

401 2925 794 2993 ἀγαπήσαντας
827 2927 926 2980 οὐκ
954 2927 1060 2981 ὲῶν
1084 2970 1099 2996 ,
1135 2931 1228 2983 καὶ
1251 2931 1460 2995 τούτοις
1506 2934 1846 3004 φαινόμενος.
1884 2937 1978 2989 καὶ

403 3012 628 3080 φιλικῶς
653 3014 1058 3086 διαλεγόμενος,
1106 3018 1202 3072 καὶ
1229 3018 1317 3072 διά
1347 3021 1550 3074 τούτων
1593 3024 1977 3093 προσημαίνων

401 3107 472 3160 τὰ
508 3109 790 3178 μέλλοντα.

405 3218 486 3270 Η’.
532 3220 659 3272 Ὀτι
700 3224 1147 3296 φιλανθρωπίας
1192 3225 1354 3295 τέμει
1404 3229 1440 3296 ἡ
1491 3229 1595 3282 τοῦ
1629 3229 1776 3283 Θεοῦ
1807 3231 1980 3284 ἐναν-

1027 3294 1354 3363 θρώπησις.

493 3402 705 3472 Ἐπειδὴ
765 3404 822 3456 δὲ
885 3405 1097 3473 ταῦτα,
1173 3409 1267 3461 καὶ
1310 3409 1474 3462 τᾶλλα
1535 3411 1603 3464 τὰ
1660 3412 1830 3482 μυρία
1889 3414 1984 3466 καὶ

405 3492 734 3563 δυσδιήγητα
767 3494 868 3564 τῆς
898 3494 1046 3558 θείας
1090 3497 1403 3568 οἰκονομίας
1462 3499 1574 3570 εἴδη
1632 3500 1844 3568 ὀλίγους
1887 3504 1984 3571 μὲν

409 3585 795 3656 εὐηργέτησεν,
828 3589 876 3638 oi
908 3587 964 3639 δὲ
995 3588 1174 3641 λοιποὶ
1193 3589 1302 3644 τῶν
1335 3590 1639 3661 ἀνθρώπων
1663 3593 1984 3666 ἀνηκέστως

406 3678 684 3740 διέκειντο,
719 3679 839 3731 τότε
867 3678 950 3748 δὴ,
971 3679 1094 3732 τότε
1123 3681 1183 3733 τὸ
1217 3681 1359 3752 μέγα
1389 3684 1482 3736 καὶ
1511 3683 1748 3755 ἄρρητον
1773 3686 1982 3754 γίνεται

407 3769 504 3837 τῆς
547 3771 855 3840 οἰκονομίας
903 3773 1234 3843 μυστήριον·
1268 3774 1430 3837 αὐτὸς
1459 3775 1568 3845 γάρ
1609 3776 1637 3827 6
1681 3776 1852 3844 Λόγος
1888 3777 1982 3831 τοῦ

415 3855 576 3921 Θεοῦ,
611 3859 638 3908 6
668 3859 996 3930 δημιουργὸς
1030 3862 1244 3935 ἀπάσης
1286 3865 1385 3934 τῆς
1418 3866 1666 3930 κτίσεως,
1697 3868 1725 3920 ὀ
1757 3867 1984 3938 ἀχῶρη-

407 3965 496 4012 τος
520 3989 534 4012 ,
565 3950 592 4001 6
621 3951 1030 4022 ἀπερίγραπτος
1055 3997 1069 4020 ,
1105 3955 1134 4006 6
1181 3954 1542 4015 ἀναλλοίωτος
1565 3996 1578 4019 ,
1609 3958 1641 4024 ή
1693 3957 1842 4025 πηγὴ
1885 3957 1983 4024 τῆς

407 4039 587 4109 ζωῆς,
630 4041 692 4093 τὸ
728 4043 791 4094 ὲκ
825 4043 918 4094 τοῦ
957 4043 1133 4110 φωτὸς
1169 4043 1326 4110 φῶς,
1374 4043 1406 4110 ὴ
1454 4043 1603 4103 ζῶσα
1636 4044 1728 4094 τοῦ
1771 4045 1983 4114 Πατρὸς

407 4131 589 4196 εἰκὼν,
642 4133 701 4184 τὸ
743 4133 1081 4200 ἀπαύγασμα
1127 4133 1225 4201 τῆς
1263 4131 1440 4200 δόξης,
1482 4135 1511 4184 6
1559 4133 1845 4204 χαρακτὴρ
1883 4135 1983 4204 τῆς

409 4223 781 4282 ὑποστάσεως,
829 4221 925 4290 τὴν
972 4222 1317 4292 ἀνθρωπείαν
1363 4223 1526 4291 φύσιν
1580 4223 1978 4293 ἀναλαμϐάνει,

411 4311 506 4361 καὶ
549 4311 648 4379 τὴν
695 4309 902 4362 οἰκείαν
951 4311 1135 4364 εἰκόνα
1189 4315 1426 4364 νεοποιεϊ
1467 4316 1532 4384 τῇ
1588 4315 1834 4386 ἁμαρτίᾳ
1870 4316 1982 4369 δια-

412 4399 734 4468 φθαρεῖσαν,
769 4401 976 4453 καὶτὸν
1011 4400 1301 4472 ἀνδριάντα
1329 4403 1420 4455 τὸν
1451 4403 1556 4456 ὑπὸ
1595 4403 1688 4457 τοῦ
1731 4406 1850 4458 υίοῦ
1885 4408 1982 4477 τῆς

2079 1947 2158 1990 tes
2184 1937 2480 1992 sceleribus
2509 1939 2715 1992 deditas
2747 1940 2868 2007 igne
2910 1953 3146 1994 exurens
3178 1941 3384 1994 caelesti
3423 1955 3438 2002 ;
3472 1941 3648 1994 virum

2077 2028 2289 2082 illarum
2311 2029 2524 2098 quidem
2559 2029 2814 2094 incolam,
2853 2031 2946 2084 sed
2973 2031 3248 2086 scelerum
3278 2029 3500 2084 minime
3531 2046 3648 2098 par-

2063 2121 2314 2204 .ticipem,
2343 2133 2514 2188 ptente
2541 2120 2781 2190 eripiens
2806 2136 2822 2175 :
2855 2135 3078 2176 annuos
3115 2133 3417 2191 proventus
3461 2137 3648 2191 suppe-

2077 2211 2274 2275 ditans,
2307 2209 2532 2264 imbrem
2563 2222 2864 2280 opportune
2905 2213 3161 2280 largiens,
3200 2227 3408 2283 augens
3443 2227 3648 2272 arcano

2079 2303 2236 2355 modo
2255 2299 2398 2368 jacta
2425 2302 2492 2355 ab
2517 2303 2825 2356 hominibus
2841 2303 3067 2368 semina,
3094 2302 3366 2357 fructuum
3399 2303 3650 2357 ubertate

2077 2393 2299 2446 arbores
2325 2393 2600 2446 luxuriare
2625 2393 2842 2462 jnbens,
2895 2393 3036 2447 fame
3075 2391 3364 2462 aliquando
3391 2393 3649 2446 erudiens

2079 2481 2198 2536 illos
2222 2497 2357 2552 quos
2400 2483 2730 2537 abundantia
2763 2500 2868 2538 non
2919 2485 3163 2554 jnverat,
3194 2484 3413 2538 morbos
3445 2481 3650 2538 imtnits

2081 2583 2217 2640 tcns,
2252 2583 2412 2644 atque
2455 2575 2552 2630 hos
2594 2591 2783 2629 rursus
2822 2575 3133 2644 depellens;
3165 2574 3428 2646 grandine
3454 2573 3650 2628 verbe-

2081 2679 2206 2717 rans
2251 2663 2367 2718 vitae
2411 2664 2687 2731 subsidia;
2737 2663 3064 2718 locustarum
3107 2663 3309 2718 nimbis
3343 2661 3512 2717 solem
3554 2661 3652 2716 ob.-

2079 2769 2324 2820 scurans,
2365 2753 2650 2826 frugesque
2685 2770 3069 2824 corrumpens;
3109 2755 3298 2809 favens
3333 2755 3555 2816 iterum,
3595 2760 3650 2806 et

2082 2845 2355 2899 molestias
2385 2857 2654 2911 avertens,
2713 2846 2994 2914 religiosos
3039 2847 3284 2901 homines
3339 2861 3447 2900 non
3503 2846 3653 2899 dese-

2085 2949 2226 3000 rens,
2263 2935 2346 2989 bis
2379 2935 2543 2988 etiam
2593 2951 2882 3005 apparens,
2919 2938 3094 2991 amice
3140 2936 3481 3008 colloquens,
3527 2950 3648 3004 per-

2082 3041 2185 3092 que
2223 3025 2321 3080 hos
2351 3025 2532 3079 futura
2559 3029 2910 3096 portendens.

2087 3217 2212 3272 Vlll.
2254 3218 2408 3283 Quod
2443 3237 2700 3275 summam
2752 3225 3074 3276 demonstrat
3124 3224 3451 3278 denuntiant
3483 3227 3656 3288 inca:-

2719 3295 2864 3345 mttio
2909 3293 3023 3347 Dei.

2155 3405 2445 3475 Postquam
2479 3421 2605 3460 vero
2645 3414 2756 3460 tum
2787 3408 2900 3460 haec
2932 3416 3042 3460 tum
3075 3406 3179 3461 alia
3211 3408 3494 3464 innumera
3529 3412 3648 3463 vix-

2083 3510 2186 3566 que
2238 3495 2472 3551 eﬂ'abilia
2527 3497 2719 3551 divina:
2765 3497 3119 3567 providentia
3155 3497 3393 3568 810m.
3429 3515 3649 3568 genera,

2083 3587 2268 3655 paucis
2316 3589 2510 3657 oppido
2553 3588 2894 3656 profuerunt,
2945 3587 3138 3657 reliqui
3178 3597 3360 3644 autem
3401 3591 3653 3644 homines

2083 3678 2408 3732 insanabiles
2436 3679 2847 3748 permanebant,
2882 3687 3008 3733 tunc
3032 3681 3249 3733 demum
3287 3695 3539 3749 magnum
3577 3689 3654 3734 at-

2082 3783 2188 3838 que
2237 3768 2506 3824 ineliabile
2556 3781 2832 3837 peractum
2873 3769 2972 3823 l'uit
3005 3771 3400 3824 incarnatiOnis
3453 3780 3654 3840 myste-

2085 3863 2244 3914 rium.
2291 3861 2463 3926 Ipsum
2497 3861 2637 3913 enim
2681 3860 2773 3912 Dei
2813 3861 3069 3924 Verbum,
3101 3861 3176 3914 rei
3204 3860 3468 3912 universa:
3497 3874 3652 3913 crea—

2086 3960 2151 4003 tae
2186 3958 2400 4010 auctor,
2445 3948 2744 4001 immensus
2789 3947 2912 4011 ille,
2959 3949 3504 4018 incircumscriptus,
3551 3950 3653 4003 im—

2081 4037 2378 4102 mutabilis,
2411 4037 2536 4090 vita:
2573 4035 2716 4102 l'ons,
2753 4037 2940 4091 Iumen-
2971 4039 3036 4092 de
3071 4040 3292 4103 lumine,
3326 4039 3446 4092 viva
3479 4037 3654 4093 Patris

2084 4130 2281 4198 imago,
2315 4128 2568 4198 splendor
2601 4129 2806 4198 gloria},
2840 4129 3008 4198 ﬁgura
3035 4130 3351 4185 substantia:
3382 4131 3427 4194 ¹,
3461 4129 3652 4184 huma-

2085 4233 2209 4272 nam
2265 4231 2514 4273 naturam
2571 4220 2882 4293 assumpsit,
2933 4221 3316 4292 propriamque
3367 4221 3652 4289 imaginem

2085 4321 2310 4380 peccato
2342 4321 2648 4379 corruptam
2685 4311 3026 4376 instauravit,
3058 4318 3292 4366 statuam
3322 4327 3351 4365 a
3399 4311 3510 4365 lilio
3550 4310 3655 4364 ini-

2086 4405 2317 4473 quitatis
2347 4403 2688 4472 antiquatam
2733 4405 3031 4468 renovavit,
3086 4413 3138 4458 et
3177 4403 3360 4474 priore
3396 4403 3658 4472 pulchrio-

411 4491 674 4561 πονηρίας
704 4491 1082 4546 παλαιωθέντα
1111 4495 1346 4560 ἀνανεοῖ,
1379 4497 1470 4548 καὶ
1499 4495 1593 4550 τοῦ
1631 4497 1848 4568 πρώτου
1883 4517 1977 4570 χα-

2086 4509 2197 4549 rem
2231 4498 2487 4560 ostendit,
2526 4497 2666 4550 hand
2693 4494 2806 4564 jam
2847 4511 2914 4548 ex
2945 4505 3111 4562 terra,
3136 4504 3194 4548 ut
3215 4495 3368 4560 olim,
3401 4509 3517 4548 eam
3545 4494 3654 4548 fer-

413 4581 688 4651 ριέστερον
732 4583 1021 4647 δείκνυσιν,
1059 4584 1157 4638 οὐκ
1189 4585 1296 4638 ἀπὸ
1341 4587 1445 4655 γῆς
1484 4588 1559 4651 ὡς
1592 4589 1758 4642 πάλαι
1795 4589 1984 4643 τοῦτον

410 4673 858 4745 δημιουργήσας,
910 4675 1025 4729 ἀλλ’
1075 4677 1238 4740 αὐτὸς
1282 4679 1750 4750 καταδεξάμενοςο
1788 4682 1847 4734 οὐ
1887 4684 1986 4753 τὴν

412 4763 561 4817 θείαν
586 4766 746 4834 φύσιν
770 4770 848 4831 εὶς
875 4768 1223 4838 ἀνθρωπείαν
1249 4770 1589 4839 μεταϐαλὼν,
1614 4771 1749 4824 ἀλλά
1773 4774 1838 4844 τῇ
1867 4772 1985 4845 θείᾳ

411 4852 509 4922 τὴν
544 4855 885 4924 ἀνθρωπείαν
918 4858 1156 4927 συνάψας
1180 4875 1193 4890 ’
1231 4859 1406 4928 μένων
1453 4862 1561 4930 γάρ
1594 4860 1622 4913 ὃ
1671 4857 1760 4932 ἦν,
1795 4861 1985 4914 ἔλαϐεν

411 4943 440 4994 ὂ
488 4946 587 4998 οὐκ
637 4943 738 5017 ἦν’
803 4949 897 5000 καὶ
942 4951 1100 5003 τοῦτο
1148 4953 1294 5021 ἡμᾶς
1351 4951 1588 5005 διδάσκει
1636 4953 1665 5004 ὁ
1717 4956 1988 5024 μακάριος

414 5036 622 5100 Παῦλος
657 5038 792 5107 βοῶν
816 5057 827 5068 ’
868 5061 884 5091 ‹
922 5041 1092 5094 Τοῦτο
1133 5041 1436 5112 φρονείσθω
1469 5045 1525 5096 ὲν
1565 5044 1712 5111 ὑμῖν,
1741 5045 1769 5096 ὃ
1798 5047 1889 5098 καὶ
1930 5049 1986 5098 ἐν

414 5129 634 5199 Χριστῷ
676 5131 850 5201 Ἰησοῦ
878 5171 892 5194 ,
933 5132 992 5195 ὃς
1035 5136 1093 5186 έν
1153 5137 1332 5205 μορφῇ
1377 5136 1511 5188 Θεοῦ
1562 5136 1854 5206 ὑπάρχων,
1891 5139 1987 5208 οὐχ

417 5219 713 5290 ἁρπαγμὸν
748 5223 993 5292 ἡγήσατο
1042 5225 1102 5275 τὸ
1137 5220 1276 5276 εἶναι
1329 5226 1417 5276 ίσα
1447 5226 1585 5295 Θεῷ,
1634 5228 1750 5280 ἀλλ’
1799 5230 1988 5281 ἑαυτὸν

413 5312 645 5364 ἐκένωσε
675 5353 687 5372 ,
725 5313 936 5384 μορφὴν
979 5314 1166 5366 δούλου
1201 5314 1399 5367 λαϐὼν.
1439 5333 1455 5366 ι
1510 5318 1596 5380 Ἐξ
1635 5315 1708 5370 ὧν
1739 5319 1980 5388 εὔδηλον,

414 5399 488 5460 ὼς
523 5402 555 5468 ἡ
588 5400 678 5452 τοῦ
724 5402 857 5454 Θεοῦ
907 5405 1127 5474 μορφὴ,
1167 5405 1402 5473 μένουσα
1445 5407 1474 5459 ὃ
1517 5404 1604 5479 ἦν,
1661 5409 1819 5461 ἔλαϐε
1886 5411 1985 5479 τὴν

414 5488 598 5542 δούλου
637 5495 875 5562 μορφήν·
917 5498 1130 5565 μορφὴν
1177 5499 1231 5550 δὲ
1267 5499 1423 5551 καλεῖ
1471 5502 1530 5552 οὐ
1567 5501 1625 5553 τὸ
1667 5502 1988 5571 φαινόμενον

422 5579 574 5646 μόνον
629 5581 722 5632 τοῦ
775 5582 1083 5653 ἀνθρώπου,
1135 5587 1269 5638 ἀλλά
1327 5590 1504 5642 πᾶσαν
1549 5592 1644 5658 τὴν
1703 5591 1987 5661 ἀνθρώπου

499 5761 517 5790 ’
545 5759 704 5812 llobr.
745 5761 858 5821 1,5.
941 5761 956 5792 ³
1001 5759 1226 5832 Philipp.
1268 5781 1326 5832 ll,
1363 5766 1480 5820 5-7.

2085 4602 2262 4652 mans,
2294 4589 2386 4640 sed
2434 4589 2658 4655 ipsemet
2691 4590 2742 4639 in
2777 4600 2836 4639 se
2879 4586 3188 4655 recipiens:
3226 4586 3372 4639 haud
3411 4601 3540 4639 sane
3577 4586 3656 4637 tli-

2085 4678 2263 4732 vinam
2297 4690 2544 4731 naturam
2582 4677 2632 4730 in
2669 4677 2962 4730 humanam
2992 4683 3334 4739 convertens,
3381 4677 3473 4730 sed
3518 4675 3654 4729 divi-

2085 4786 2167 4826 na:
2192 4772 2482 4824 lnnnanam
2519 4771 2798 4838 copulans.
2831 4769 3050 4822 Manens
3079 4768 3223 4822 enim
3260 4769 3400 4836 quod
3434 4776 3572 4832 erat,
3606 4767 3655 4821 id

2087 4864 2227 4933 quod
2255 4879 2358 4916 non
2393 4872 2512 4916 erat
2551 4863 2804 4930 suscepit.
2841 4861 3012 4927 Quam
3055 4875 3165 4914 rem
3210 4875 3306 4914 nos
3339 4861 3498 4914 docet
3540 4861 3657 4915 bea-

2089 4963 2175 5005 tus
2207 4949 2403 5003 Paulus
2430 4952 2705 5004 clamans:
2749 4969 2766 5001 ι
2799 4949 2909 5004 Hoc
2939 4949 3134 5004 sentite
3162 4949 3214 5003 in
3249 4947 3401 5004 vobis
3429 4948 3575 5019 quod
3605 4958 3659 5004 et

2089 5041 2140 5094 in
2187 5039 2409 5095 Christo
2438 5039 2587 5103 Jesn,
2621 5041 2708 5108 qui
2746 5055 2866 5094 cum
2905 5040 2956 5092 in
2989 5038 3161 5093 forma
3199 5038 3292 5092 Dei
3341 5046 3505 5103 esset,
3551 5053 3654 5092 non

2091 5131 2334 5198 rapinam
2366 5133 2659 5186 arbitratus
2685 5142 2768 5186 est
2797 5147 2916 5186 esse
2961 5145 3022 5186 se
3084 5130 3345 5200 aequalem
3393 5129 3523 5196 Deo,
3556 5130 3650 5183 scd

2089 5225 2436 5291 semetipsum
2481 5223 2799 5286 exinanivit,
2830 5222 3058 5276 formam
3079 5223 3219 5276 servi
3247 5221 3520 5290 accipiens
3547 5219 3586 5272 ³.
3633 5239 3651 5270 ι

2092 5313 2245 5368 Unde
2278 5323 2444 5382 patet,
2467 5315 2556 5368 Dei
2589 5314 2816 5368 formam
2841 5315 2891 5366 in
2925 5329 2988 5366 co
3010 5314 3150 5383 quod
3183 5323 3300 5365 crat
3329 5321 3654 5374 manentem,

2094 5405 2237 5459 servi
2285 5405 2515 5459 formam
2561 5407 2879 5475 sumpsisse.
2915 5405 3166 5458 Formam
3198 5412 3374 5456 autem
3421 5401 3650 5470 appellat

2096 5512 2198 5550 non
2226 5496 2276 5549 id
2305 5496 2675 5551 tantummodo
2694 5495 2924 5550 hominis
2949 5494 3087 5561 quod
3112 5502 3354 5563 apparet,
3373 5493 3466 5548 sed
3483 5501 3646 5546 totam

2097 5602 2318 5656 prorsus
2352 5588 2583 5643 hominis
2633 5596 2898 5642 naturam.
2950 5586 3083 5640 Nam
3126 5586 3282 5641 sicuti
3331 5585 3422 5639 Dei
3462 5584 3656 5650 forma,
