4082 6258
447 322 586 377 ΗΞἸ
1441 320 1502 375 S.
1543 315 1823 376 αϊιιιιιῐ
1850 315 2045 372 ΔΕΕΧ.

2146 313 2325 369 DBINI
2369 311 2689 369 ARCHIEP.
3553 300 3698 356 “28

444 436 807 495 substantiam
870 437 964 492 Dei
1009 437 1281 509 signiﬁcat
1325 436 1416 507 (de
1463 445 1662 492 caetero
1691 436 1840 490 enim
1898 434 2045 491 sine.

2146 433 2304 486 μύσιν·
2339 431 2527 501 ὥσπερ
2555 429 2720 502 γάρὴ
2749 426 2844 481 τοῦ
2868 424 3004 480 Θεοῦ
3042 422 3261 495 μορφὴ,
3293 419 3387 473 τοῦ
3428 417 3569 504 Θεού
3601 419 3704 509 την

443 525 627 596 specie
655 524 794 581 Deus
823 533 910 581 est
933 534 990 582 et
1033 507 1155 582 sine
1201 525 1394 596 figura,
1424 540 1694 595 nemoque
1736 525 1839 580 nisi
1881 524 2021 579 forte

2146 524 2308 576 ιὺσίαν
2341 522 2618 594 σημαίνει,
2650 519 2886 574 ἀνείδεον
2911 517 3018 589 γὰρ
3048 519 3110 570 τὸ
3153 515 3294 568 θεῖον
3325 512 3419 565 καὶ
3451 507 3703 580 ἀσχημὰρ

451 613 715 678 delirans,
760 613 966 669 diceret
1005 614 1171 670 Deum
1227 614 1459 669 formam
1502 613 1702 669 habere
1760 622 1815 669 et
1858 627 2020 666 mem-

2146 633 2323 680 :to'tov,
2361 615 2456 668 καὶ
2489 615 2664 677 οὐδεὶς
2697 613 2762 666 ἂν
2806 611 2933 682 εἴπῃ
2981 609 3055 679 μὴ
3099 603 3453 677 παραπαίων,
3489 599 3708 672 μορφὴν

449 703 672 760 brorum
708 703 1138 770 distinctionem,
1167 719 1292 760 cum
1320 706 1391 759 sit
1426 705 1776 773 incorporeus
1805 718 1868 760 ac
1900 704 2024 758 sim-

2146 713 2287 780 ζχειν,
2317 707 2412 762 καὶ
2446 707 2621 778 μελῶν
2645 704 2931 774 διαίρεσιν,
2967 701 3058 753 τὸν
3088 697 3378 767 ἀσώματον
3409 693 3505 747 καὶ
3537 691 3708 745 ἀσύν-

452 793 736 863 plex):ita
779 795 922 852 servi
958 795 1133 850 forma
1165 810 1272 850 non
1323 797 1425 850 hoc
1467 797 1610 865 quod
1656 796 1901 850 cernitur
1943 809 2026 848 so-

2146 805 2316 867 ὶετον,
2363 801 2535 862 οὕτως
2578 803 2611 870 ἡ
2641 799 2736 852 τοῦ
2761 796 2949 851 δούλου
2989 791 3207 866 μορφὴ,
3237 791 3299 843 ού
3333 788 3394 840 τὸ
3427 784 3710 855 ὁρώμενον

451 883 585 952 lunt,
626 887 723 941 sed
753 894 920 940 totam
958 887 1195 941 hominis
1223 888 1563 942 demonstrat
1601 897 1877 942 naturam.

2146 895 2288 948 τοῦτο
2325 893 2514 965 μόνον,
2552 891 2692 944 ἀλλά
2720 890 2901 942 πᾶσαν
2945 885 3041 939 τοῦ
3090 880 3378 952 ἀνθρώπου
3425 877 3577 949 δηλοῖ
3608 873 3710 943 τὴν

2127 985 2335 1039 οὐσίαν.

693 1085 786 1143 IX.
813 1085 1160 1156 Reprehensio
1191 1088 1450 1142 haeretica
1481 1089 1778 1157 pravitatis.

523 1195 779 1253 Nonnulli
837 1206 999 1253 recte
1055 1198 1305 1268 religioni
1362 1199 1639 1253 contraria
1710 1199 2027 1262 sentientes,

457 1287 584 1342 dum
633 1285 947 1357 apostolicis
999 1288 1160 1344 dictis
1185 1289 1430 1344 nituntur
1481 1290 1729 1344 veritatis
1778 1290 2027 1358 dogmata

456 1379 766 1445 vulnerare,
820 1380 983 1435 Arius
1024 1381 1242 1450 quidem
1296 1389 1352 1436 et
1396 1380 1694 1436 Eunomius
1739 1382 2030 1437 inanimem

459 1471 732 1525 hominem
764 1485 792 1524 a
825 1470 936 1526 Deo
968 1469 1150 1526 Verbo
1175 1481 1510 1543 assumptum
1542 1470 1848 1528 afﬁrmant:
1882 1472 2036 1542 Apol-

461 1559 648 1617 linaris
672 1569 850 1617 autem
879 1562 1175 1617 animatum
1207 1563 1446 1632 quidem,
1478 1566 1570 1618 sed
1620 1575 1800 1618 mente
1838 1579 2034 1634 exper-

463 1660 591 1717 tem,
620 1652 863 1724 διιηι.
890 1653 980 1725 qui
1013 1654 1078 1709 de
1128 1654 1361 1709 humana
1409 1654 1588 1708 anima
1627 1655 1756 1725 quid
1805 1657 2036 1710 :esﬁmet

2234 1096 2312 1149 6⁸.
2358 1096 2649 1163 Ἔλεγχος
2679 1089 2788 1158 τῆς
2815 1088 2934 1142 τῶν
2961 1084 3271 1155 αἱρετικῶν
3303 1079 3604 1142 ἀσεϐείας.

2200 1211 2358 1275 Τινὲς
2389 1210 2446 1263 δὲ
2482 1207 2591 1260 τῶν
2627 1203 2888 1258 τάναντία
2913 1198 3253 1272 φροκωύντων
3282 1195 3383 1264 τῆς
3405 1189 3712 1253 εὐσεϐείας,

2133 1304 2319 1375 ἐπειδὴ
2368 1304 2479 1365 τοῖς
2528 1296 2907 1357 ἀποστολικοῖς
2963 1293 3146 1364 ῥητοῖς
3194 1285 3490 1358 πειρῶνται
3542 1297 3718 1375 κατα-

2133 1373 2373 1460 τοξεύειν
2408 1391 2666 1462 ἀληθείας
2690 1387 2758 1442 τά
2792 1387 3058 1456 δόγματα,
3097 1382 3317 1450 ’Ἄρειος
3353 1376 3449 1448 μὲν
3479 1377 3574 1428 καὶ
3609 1373 3719 1425 E13-

2134 1488 2321 1557 νόμιος
2353 1483 2558 1553 ἄψυχον
2587 1480 2871 1550 ἄνθρωπον
2906 1471 3226 1542 ἀνειλῆφθαι
3268 1466 3416 1540 παρὰ
3441 1465 3540 1557 τοῦ,
3572 1462 3717 1517 Θεοῦ

2137 1556 2310 1648 Λόγου
2337 1573 2807 1642 διαϐεϐαιούμενοι
2831 1569 2930 1638 (l),
2969 1563 3339 1631 Ἀπολινάριος
3365 1559 3420 1611 δὲ
3449 1556 3718 1648 ἔμψυχον,

2138 1645 2236 1727 νοῦ⁷
2272 1672 2330 1724 δὲ
2358 1665 2745 1738 ἐστερημένον,
2771 1661 2871 1714 οὐκ
2909 1653 3005 1710 οἷδ’
3039 1658 3066 1709 ὃ
3096 1673 3148 1708 τι
3177 1653 3312 1706 νοῶν
3359 1651 3458 1720 τὴν
3501 1645 3722 1738 ἀνθρωέ

463 1746 666 1800 nescio.
697 1745 935 1801 Marcion
967 1761 1099 1800 vero
1133 1761 1197 1800 ac
1250 1747 1456 1815 Manes,
1501 1757 1555 1803 et
1582 1747 1788 1815 reliqua
1822 1748 1908 1802 illa
1935 1748 2034 1801 im-

2146 1767 2296 1818 πείαν
2339 1762 2536 1832 ψυχήνο
2568 1753 2834 1824 Μαρκίων
2879 1752 2936 1803 δὲ
2969 1749 3062 1802 καὶ
3091 1747 3306 1808 Μάνης,
3345 1741 3442 1796 καὶ
3479 1742 3513 1808 ὴ
3552 1737 3724 1832 λοιπὴ

463 1836 677 1904 pietatis
729 1836 916 1901 factio,
971 1836 1280 1891 universum
1357 1837 1746 1892 incarnationis
1791 1854 2037 1908 pessmu-

465 1927 597 1982 dant
650 1928 989 1998 mysterium.
1038 1927 1102 1982 Ili
1168 1925 1492 1983 inelTabilem
1550 1939 1751 1984 sancta:
1800 1928 2038 1999 Virginis

397 2061 425 2071 _
466 2025 784 2087 conceptum
811 2018 1319 2088 graviditatemque,
1341 2018 1570 2073 fabulam
1598 2034 1660 2073 ac
1692 2019 2039 2074 simulamen-

468 2115 581 2162 tum
629 2107 1278 2176 arbi‘tranturzcorporis
1335 2116 1512 2162 autem
1580 2111 1760 2177 specie
1813 2110 2040 2176 phanta-

471 2198 607 2252 stica
634 2196 866 2252 velatam
910 2198 1246 2252 divinitatem
1273 2198 1546 2264 dictitant,
1574 2211 1734 2268 atque
1761 2200 1859 2252 hoc
1885 2199 2040 2252 modo

468 2290 779 2348 hominibus
864 2292 1138 2347 hominem
1210 2292 1550 2363 apparuisse.
1637 2293 1873 2348 Necesse
1959 2302 2041 2349 est

466 2381 634 2451 igitur
663 2381 1080 2451 apostolicorum
1118 2382 1404 2436 verborum
1431 2383 1776 2453 perspicuum
1822 2399 2039 2437 sensum

469 2469 669 2525 sistere
693 2469 1037 2535 orthodoxis,
1069 2485 1265 2540 nempe
1307 2487 1326 2520 ι
1356 2471 1444 2540 qui
1474 2487 1595 2524 cum
1646 2472 1697 2524 in
1741 2470 1915 2526 forma
1947 2472 2039 2526 Dei

471 2569 637 2626 esset,
670 2575 775 2616 non
803 2561 1048 2630 rapinam
1075 2561 1371 2615 arbitratus
1412 2570 1495 2614 est
1542 2549 1664 2615 esse
1694 2576 1752 2616 se
1779 2563 2040 2630 aequalem

471 2651 604 2719 Deo,
663 2652 758 2706 sed
822 2653 1170 2722 semetipsum
1233 2652 1555 2718 exinanivit,
1615 2647 1841 2706 fermam
1900 2654 2040 2708 servi

472 2743 770 2812 accipiens,
836 2743 889 2796 in
943 2743 1350 2798 similitudinem
1409 2746 1685 2798 hominum
1743 2744 1935 2810 factus,
1990 2756 2046 2800 et

470 2833 660 2890 habitu
701 2834 953 2888 inventus
1002 2843 1061 2888 ut
1103 2834 1287 2890 homo.
1326 2854 1344 2887 ι
1381 2836 1558 2891 Verba
1613 2838 1726 2891 haec
1763 2837 2046 2906 praedicto-

473 2941 594 2982 rum
624 2926 997 2996 unusquisque
1059 2928 1437 2983 haereticorum
1491 2931 1559 2984 ad
1607 2945 1762 2985 suum
1825 2923 2043 2985 sensum

474 3017 722 3083 trahens,
753 3017 1196 3073 detestandorum
1247 3019 1558 3089 dogmatum
1616 3021 1847 3075 fabricat
1897 3020 2045 3074 falsi-

2138 1859 2237 1930 τῆς
2286 1830 2540 1915 ἀσεϐείας
2578 1848 2764 1916 ἐκείνη
2815 1841 3112 1914 συμμορία,
3162 1840 3221 1892 τὸ
3274 1837 3373 1930 τῆς
3407 1830 3726 1930 οἰκονομίας

2140 1925 2284 2004 ἅπαν
2318 1945 2454 2015 ὁμοῦ
2487 1943 2731 2011 ἀρνεῖται
2771 1936 3087 2007 μυστήριον.
3137 1930 3248 1984 Καὶ
3291 1929 3389 1998 τὴν
3421 1928 3518 1994 μὲν
3548 1925 3726 1994 ἀρρη-

2139 2059 2229 2094 τον
2273 2039 2373 2105 τῆς
2431 2035 2592 2104 ἁγίας
2642 2029 2918 2102 Παρθένου
2955 2022 3216 2094 σύλληψίν
3257 2036 3317 2072 τε
3365 2019 3458 2072 καὶ
3502 2017 3719 2083 κύησιν,

2145 2133 2312 2205 μῦθον
2363 2129 2503 2182 εἶναι
2559 2125 2652 2179 καὶ
2702 2122 2928 2191 πλάσμα
2978 2113 3296 2187 νομίζουσι·
3350 2109 3623 2180 φαντασία
3664 2107 3725 2159 δὲ

2145 2197 2397 2294 σώματος
2441 2218 2540 2288 τὴν
2574 2215 2804 2286 θεότητα
2844 2203 3290 2276 συγκαλυφθῆναι
3321 2197 3720 2294 διαγορεύουσι,

2143 2289 2438 2383 καίτούτῳ
2466 2310 2541 2380 τῷ
2572 2308 2759 2379 τρόπῳ
2795 2307 2908 2367 τοῖς
2938 2297 3248 2370 ἀνθρώποις
3273 2293 3558 2383 ἄνθρωπον
3591 2289 3726 2383 ἅναξ

2145 2409 2401 2478 φανῆναι.
2450 2402 2770 2469 Ἀναγκαῖον
2800 2395 2910 2450 τῶν
2943 2386 3318 2447 ἀποστολικιῖψ
3366 2381 3540 2455 ῥητῶν
3558 2379 3726 2482 ’σαιξῆ

2141 2471 2242 2570 τῆς
2279 2471 2536 2555 ’διανοίας
2587 2488 2938 2560 παραστῆσαι
2984 2485 3097 2545 τοῖς
3146 2477 3447 2538 εὐσεϐέσιν,
3498 2491 3516 2523 t
3556 2471 3616 2534 ὃς
3665 2471 3726 2578 εν

2149 2564 2334 2664 μορφῇ
2365 2585 2523 2649 Θεοῦ,
2551 2584 2739 2654 φησιν,
2775 2579 3060 2648 ὑπάρχων,
3094 2573 3194 2642 οὐχ
3247 2565 3542 2664 ἁρπαγμὸν
3585 2564 3727 2664 ἡγη-

2148 2652 2284 2738 σατο
2309 2652 2368 2733 τὸ
2394 2674 2534 2731 εἶναι
2563 2652 2656 2729 ίσα
2683 2671 2822 2741 Θεῷ,
2853 2668 2968 2722 ἀλλ’
2998 2667 3188 2747 ἑαυτὸν
3223 2662 3479 2723 ἐκένωσε,
3512 2652 3725 2727 μορφὴν

2143 2775 2330 2830 δούλου
2367 2768 2568 2833 λαϐὼν,
2615 2748 2672 2819 ὲν
2710 2761 3017 2833 ὁμοιώματι
3060 2752 3366 2826 ἀνθρώπων
3411 2749 3724 2817 γενόμενος,

2147 2865 2240 2919 καὶ
2273 2863 2511 2933 σχήματι
2559 2854 2803 2927 εὑρεθεὶς
2850 2853 2927 2914 ὡς
2975 2849 3280 2919 ἅνθρωπος.
3339 2837 3582 2936 κταῦτα
3615 2835 3728 2936 τιίὑν

2148 2931 2562 3025 προειρημένων
2595 2944 2887 3018 αἱρετικῶν
2927 2942 3158 3000 ἕκαστος
3190 2931 3578 3000 οἰκειούμενος,
3617 2931 3729 2977 τῶν

2151 3020 2419 3116 βδελυρῶν
2448 3037 2732 3107 δογμάτων
2761 3027 3159 3089 κατασκευάζει
3189 3025 3250 3076 τὸ
3269 3021 3480 3091 ψεῦδος.
3510 3020 3730 3086 ’Δρειος

475 3115 664 3163 tatem.
695 3108 858 3163 Arius
900 3108 1149 3177 quidem,
1186 3117 1240 3165 et
1271 3109 1588 3177 Eunomius,
1643 3120 1806 3180 atque
1838 3113 2044 3178 Apolli-

2151 3106 2253 3207 μὲν
2301 3106 2396 3187 καὶ
2451 3106 2710 3197 Εὐνόμιος
2754 3124 2850 3177 καὶ
2913 3117 3288 3185 Ἀπολινάριος
3337 3112 3433 3207 καὶ
3471 3111 3534 3207 ῌοί
3586 3106 3732 3207 κατά

476 3198 647 3265 naris,
685 3207 744 3253 et
770 3199 962 3254 horum
1019 3199 1244 3268 similes,
1293 3201 1433 3255 servi
1478 3200 1648 3255 forma
1680 3210 1734 3255 et
1776 3202 1961 3255 habitu
1997 3213 2049 3255 et

477 3288 829 3344 similitudine
861 3291 1118 3357 hominis,
1148 3301 1424 3347 externam
1453 3302 1658 3347 naturae
1702 3305 1902 3347 nosuac
1925 3307 2044 3361 spe-

479 3383 618 3440 ciem
643 3383 888 3439 denotari
920 3384 1220 3455 praedicant
1245 3401 1258 3436 :
1287 3384 1376 3452 qui
1399 3393 1579 3437 autem
1626 3382 2049 3437 detestabilioris

479 3476 658 3531 adhuc
685 3476 1083 3546 agminissunt,
1122 3477 1367 3532 habitum
1416 3487 1471 3532 et
1524 3476 1936 3532 similitudinem
1982 3475 2048 3527 ad

479 3566 728 3620 umbram
752 3568 1038 3634 quamdam
1059 3568 1439 3636 etimaginem,
1471 3583 1533 3622 ac
1555 3568 1894 3636 phantasiam
1927 3582 2049 3622 cor-

479 3657 598 3727 pori
631 3657 884 3720 similem,
913 3659 1178 3712 sententia
1224 3674 1319 3711 sua
1359 3659 1598 3711 trahunt.

480 3766 550 3823 X.
584 3765 957 3838 Interpretatio
979 3770 1271 3834 verborum,
1309 3787 1328 3841 ι
1362 3771 1454 3838 qui
1502 3786 1617 3824 cum
1654 3771 1705 3824 in
1754 3773 1924 3841 forma
1954 3771 2050 3826 Dei

1151 3851 1280 3894 esset
1310 3840 1353 3896 ‘.
1393 3859 1411 3892 ›

550 3955 662 4014 Nos
709 3957 891 4026 itaque
943 3957 1224 4026 utriusque
1283 3955 1536 4011 factionis
1586 3958 1861 4011 vesaniam
1925 3975 2054 4014 con-

483 4050 662 4107 festim
688 4049 1064 4105 refutabimus.
1083 4048 1213 4103 Nam
1234 4047 1459 4102 formam
1493 4050 1654 4112 servi,
1675 4051 2052 4115 substantiam,

484 4152 542 4196 ut
567 4140 678 4206 iant
707 4139 1224 4204 demonstravimus,
1259 4140 1400 4194 servi
1433 4139 1687 4208 appellat.
1715 4141 1848 4194 Nam
1885 4143 1930 4194 si
1961 4143 2052 4196 Dei

485 4229 658 4287 forma
689 4231 1048 4286 substantiam
1075 4229 1164 4283 Dei
1184 4229 1474 4299 signiﬁcat,
1497 4226 1645 4298 patet
1677 4234 1816 4284 servi
1841 4248 2056 4300 quoque

484 4318 741 4384 formam,
813 4319 956 4373 servi
1039 4318 1394 4372 substantiam
1478 4319 1803 4387 significare.
1879 4323 2052 4376 Verba

2151 3197 2391 3288 Ιτούτους,
2425 3222 2522 3292 τὴν
2569 3218 2663 3271 τοῦ
2709 3215 2893 3269 δούλου
2929 3210 3142 3281 μορφὴν
3176 3207 3267 3258 καὶ
3303 3204 3362 3256 τὸ
3403 3202 3613 3292 σχῆμα,
3636 3197 3732 3249 καὶ

2151 3318 2208 3370 τὸ
2253 3291 2502 3386 ὁμοίωμα
2532 3309 2623 3363 τοῦ
2671 3304 2978 3372 ἀνθρώπου,
3015 3299 3076 3352 τὸ
3112 3297 3431 3368 φαινόμενον
3591 3291 3732 3390 ἡμε-

2150 3381 2313 3480 τέρας
2361 3381 2574 3474 φύσεως
2630 3398 2913 3468 σημαίνειν
2946 3389 3349 3480 διαγορεύοντες
3370 3401 3382 3413 ·
3407 3385 3502 3480 ὀξ-
3523 3381 3602 3480 se.
3636 3381 3734 3448 τῆς

2157 3471 2543 3571 μύσαρωτὲρας
2577 3491 2871 3560 φάλαγγος,
2917 3485 2978 3537 τὸ
3031 3482 3216 3552 σχῆμα
3247 3478 3341 3530 καὶ
3372 3475 3433 3571 τὸ
3480 3471 3734 3571 ὁμοίωμα

2153 3563 2231 3655 εἰς
2285 3563 2460 3642 σκιάν⁷
2496 3601 2614 3639 τινα
2663 3581 2756 3634 καὶ
2802 3577 2984 3632 εἰκόνα
3029 3574 3122 3626 καὶ
3175 3567 3476 3639 φαντασίαν
3521 3563 3732 3632 σώματι

2155 3685 2392 3737 ἐοικυῖαν
2421 3677 2807 3748 λαμϐάνοντες.

2153 3795 2211 3846 ι’.
2243 3787 2558 3858 Ἐρμηνεία
2586 3785 2712 3848 τοῦ,
2741 3801 2760 3834 t
2785 3783 2853 3848 ὂς
2875 3781 2945 3835 ἑν
2960 3775 3160 3848 μορφῇ
3197 3773 3345 3828 Θεοῦ
3370 3770 3672 3837 ὑπάρχων.
3708 3785 3726 3816 ι

2227 3960 2652 4034 Φρενοϐλάϐειαν
2685 3957 2742 4010 δὲ
2763 3958 2860 4026 τὴν
2883 3952 3206 4026 ἀμφοτέρων
3239 3947 3553 4019 παραυτίκα
3574 3945 3733 4014 ἡμεῖς

2156 4052 2531 4120 διελέγξομεν·
2587 4047 2800 4118 μορφὴν
2852 4046 2959 4116 γὰρ
3009 4043 3196 4098 δούλου
3245 4041 3341 4110 τὴν
3388 4037 3607 4096 οὐσίαν,
3657 4035 3734 4096 ὡς

2155 4145 2548 4214 ἀπεδείξαμεν,
2604 4136 3000 4211 προσαγορεύει
3049 4135 3143 4189 τοῦ
3189 4132 3410 4186 δούλου·
3468 4131 3517 4181 εί
3566 4127 3734 4196 γὰρὴ

2156 4233 2250 4287 τοῦ
2283 4233 2416 4286 Θεοῦ
2451 4227 2631 4300 μορφὴ
2658 4228 2756 4299 τὴν
2794 4227 2979 4280 οὐσίαν
3007 4225 3158 4295 δηλοῖ
3186 4222 3278 4276 τοῦ
3308 4220 3466 4280 Θεοῦ,
3516 4217 3741 4287 εὔδηλον

2158 4325 2233 4389 ὡς
2263 4323 2354 4376 καὶ
2385 4325 2417 4392 ἡ
2449 4321 2542 4374 τοῦ
2572 4319 2756 4372 δούλου
2810 4318 2908 4386 τῆς
2941 4317 3128 4378 οὐσίας
3158 4315 3272 4368 ἐστὶ
3301 4312 3393 4366 τοῦ
3423 4311 3608 4363 δούλου
3640 4325 3735 4377 ση-

486 4419 693 4474 autem,
727 4427 746 4461 ι
777 4409 829 4462 in
871 4409 1277 4464 similitudinem
1311 4410 1544 4464 hominis
1579 4411 1775 4472 factus,
1801 4415 2045 4469 ethabitu

2166 4416 2420 4488 μαντικήο
2454 4413 2512 4464 τὸ
2536 4412 2612 4475 δὲ,
2638 4431 2654 4462 t
2682 4414 2738 4464 ἐν
2765 4409 3070 4479 ὁμοιώματι
3087 4407 3182 4460 τοῦ
3201 4405 3486 4473 ἀνθρώπου
3513 4401 3737 4490 γενόμε-

488 4501 739 4555 inventus
767 4509 824 4554 ut
847 4500 1031 4565 homo,
1075 4519 1093 4552 ι
1128 4515 1232 4554 non
1265 4510 1521 4569 tanquam
1555 4513 1761 4556 natura:
1796 4508 2045 4559 voeabula

2153 4524 2262 4569 νος,
2297 4504 2391 4557 καὶ
2410 4502 2646 4572 σχήματι
2667 4499 2912 4567 εὑρεθεὶς
2936 4498 3011 4560 ὡς
3040 4495 3348 4565 ἄνθρωπος,
3371 4511 3388 4543 ι
3415 4492 3512 4559 οὐχ
3531 4489 3606 4550 ὡς
3640 4488 3737 4554 τῆς

485 4587 775 4660 Apostolus
798 4590 998 4660 posuit,
1022 4591 1112 4645 sed
1135 4591 1488 4658 operationis.
1506 4590 1640 4645 Nam
1668 4593 1790 4661 quia
1810 4595 2045 4652 Christus

2155 4595 2367 4664 φύσεως
2408 4591 2648 4660 ὀνόματα
2701 4587 2944 4640 τέθεικεν
2976 4579 3382 4644 δ’Λπόστολος,
3461 4578 3594 4632 ἀλλὰ
3641 4576 3735 4643 τῆς

490 4679 769 4743 Dominus,
806 4691 1042 4735 nostram
1109 4683 1317 4747 habens
1377 4690 1646 4746 naturam,
1681 4684 1823 4736 haud
1880 4694 2045 4739 tamet

2152 4683 2468 4756 ἐνεργείας·
2524 4679 2710 4750 ἐπειδὴ
2756 4679 2864 4747 γὰρ
2931 4678 2959 4729 ὁ
3025 4674 3300 4743 Δεσπότης
3351 4670 3588 4742 Χριστὸς
3639 4666 3734 4736 τὴν

489 4776 730 4822 nostram
765 4769 819 4822 in
867 4783 926 4822 se
959 4772 1160 4836 recepit
1189 4769 1468 4831 malitiam,
1518 4772 1610 4824 sed
1649 4773 1793 4825 omni
1841 4787 2041 4842 pCCL'alt

2156 4777 2430 4846 ἡμετέραν
2484 4773 2619 4841 ἔχων
2656 4773 2836 4841 ῳύσιν,
2869 4769 2966 4839 τὴν
3005 4769 3279 4837 ἡμετέραν
3320 4764 3379 4816 ού
3413 4758 3736 4824 κατεδέξατο

490 4857 689 4924 caruit,
717 4866 774 4911 ut
803 4859 1069 4927 propheta
1096 4859 1295 4911 clamat
1319 4859 1364 4924 ⁸,
1393 4875 1585 4927 nempe
1619 4878 1637 4910 ι
1674 4862 1763 4927 qui
1807 4863 2061 4930 iniquita-

491 4961 599 5003 tem
635 4965 740 5003 non
772 4950 920 5014 fecit,
954 4964 1052 5003 nec
1081 4950 1326 5003 inventus
1355 4961 1436 5003 est
1463 4951 1619 5004 dolus
1646 4952 1695 5004 in
1730 4967 1822 5006 ore
1839 4952 1955 5020 ejus
1985 4971 1998 5019 ;
2036 4975 2054 5006 ι

490 5047 591 5088 nec
619 5049 722 5089 non
752 5036 950 5091 deserti
979 5036 1152 5090 incola
1173 5036 1406 5119 Joannes
1452 5048 1785 5094 contestatur
1834 5043 2018 5096 dicens
2046 5063 2058 5097 :

496 5143 516 5176 ι
551 5123 695 5180 Ecce
721 5142 893 5196 agnus
915 5127 1003 5196 qui
1027 5127 1266 5197 812m.
1288 5129 1468 5182 umndi
1490 5140 1764 5198 peccatum
1799 5133 1999 5189 tollit“:
2038 5153 2056 5184 ι

491 5217 694 5273 idcirco
750 5219 938 5273 beatus
987 5217 1204 5285 Paulus,
1262 5220 1314 5272 in
1371 5220 1776 5276 similitudinem
1830 5226 2062 5281 hominis

490 5310 693 5364 factum
726 5311 899 5379 ipsum
937 5312 1249 5366 necessario
1279 5312 1436 5379 dixit,
1473 5321 1528 5366 ct
1566 5313 1749 5367 habitu
1776 5315 2050 5371 inventum

565 5463 590 5494 ⁵
614 5461 845 5534 Philipp.
883 5480 944 5528 tt,
973 5465 1026 5517 ϐ.
1102 5465 1124 5495 ⁵
1157 5463 1257 5519 lsa.
1291 5481 1405 5532 Llll,
1443 5467 1496 5522 9.
1573 5467 1593 5496 °
1625 5465 1780 5519 Joan.
1814 5483 1852 5535 ι,
1884 5470 1972 5525 29.

573 5632 651 5702 (l)
685 5632 781 5703 rSic
813 5637 973 5703 plane
1006 5638 1056 5690 in
1096 5641 1253 5695 tertio
1283 5641 1487 5695 decimo
1515 5658 1581 5695 ex
1628 5642 1946 5696 Arianorum
1991 5646 2067 5699 fra

507 5701 648 5770 ll,p.
674 5701 915 5761 228.1Ibi
941 5707 1136 5760 videsis
1166 5712 1213 5760 in
1245 5711 1423 5763 adnot.
1452 5714 1552 5764 alia
1584 5714 1907 5766 testimonia.

2159 4866 2441 4936 πονηρίαν,
2483 4864 2595 4917 ἀλλ’
2638 4865 2852 4931 ἀπάσης
2903 4859 3213 4929 ἐλεύθερος,
3264 4857 3338 4918 ὡς
3377 4857 3404 4907 ὁ
3451 4852 3737 4922 προφήτης

2160 4956 2276 5029 βοᾷ,
2309 4960 2388 5010 ὅτι
2426 4976 2443 5008 ι
2480 4956 2709 5025 ἀνομίαν
2745 4955 2844 5007 οὐκ
2886 4952 3162 5022 ἐποίησεν,
3193 4949 3314 5002 οὐδὲ
3343 4945 3540 5016 εὑρέθη
3587 4942 3737 5004 δόλος

2158 5052 2215 5102 ὲν
2245 5049 2322 5119 τῷ
2358 5051 2582 5118 στόματι
2617 5046 2784 5102 αὑτοῦ
2809 5064 2822 5079 ·
2867 5065 2886 5098 ι
2922 5045 3012 5099 καὶ
3049 5047 3077 5097 ὁ
3124 5044 3223 5112 τῆς
3261 5042 3468 5111 ἐρήμου
3510 5038 3735 5102 πολίτης

2171 5141 2421 5211 Ἰωάννης
2457 5140 2837 5210 συμμαρτυρεῖ
2877 5137 3089 5206 λέγωνε
3131 5154 3149 5186 ι
3198 5133 3301 5186 Ἴδε
3332 5133 3361 5184 ὁ
3388 5131 3560 5201 ἀμνὶς
3590 5133 3620 5183 ὁ
3654 5130 3736 5180 αῖ-

2163 5248 2270 5300 ρων
2301 5232 2392 5284 τοῦ
2424 5233 2626 5301 κόσμου
2658 5231 2757 5301 τὴν
2790 5229 3062 5299 ἁμαρτίαν
3083 5243 3096 5256 °
3140 5245 3158 5278 ι
3198 5228 3226 5275 ὁ
3270 5224 3543 5294 μακάριος
3590 5220 3737 5272 Παῦ-

2163 5321 2247 5384 λος
2299 5324 2357 5374 ἐν
2404 5323 2710 5392 ὁμοιώματι
2743 5321 3033 5390 ἀνθρώπου
3077 5321 3238 5374 αὐτὸν
3280 5315 3600 5384 ἀναγκαίως
3633 5313 3734 5380 ἔφη

2074 5648 2330 5717 gmentis,
2387 5662 2504 5714 qua:
2567 5659 2664 5700 nos
2727 5643 2990 5700 edidimus
3025 5644 3218 5713 Script.
3252 5653 3344 5697 vet.
3381 5651 3419 5696 t.
3456 5640 3522 5695 ιη
3543 5683 3556 5705 ,
3593 5648 3732 5708 part.
