4082 6258
395 369 532 450 itis

1551 395 1638 450 DE
1675 394 2186 452 INCARNATIONE
2223 393 2478 452 DOMINI‘.

3505 396 3644 454 ΝΞΟ

393 505 668 574 γενέσθαι,
701 503 794 556 καὶ
821 507 1058 575 σχήματι
1089 507 1378 580 εὑρεθῆναι
1415 511 1490 572 ὼς
1527 509 1831 583 ἄνθρωπον,
1861 509 1962 580 τῆς

2067 519 2124 564 ιιι
2179 509 2473 574 hominem,
2533 521 2697 577 prava
2761 507 2910 562 omni
2990 507 3270 562 hominum
3331 511 3645 576 operatione

394 596 636 664 πονηρᾶς
681 595 958 664 ἐνεργείας
1017 597 1124 650 τῶν
1172 599 1268 652 ἀνθ
1277 598 1474 668 ρώπων
1522 600 1961 670 ἀπηλλαγμένον.

345 703 349 708 ‘
395 685 483 738 Διὸ
515 687 608 738 καὶ
655 686 878 756 ἑτέρωθι
907 687 1058 756 ἔλεγε
1079 705 1092 717 ·
1139 707 1160 740 ι
1209 690 1282 742 Τὸ
1320 691 1428 762 γάρ
1459 691 1719 745 ἀδύνατον
1749 691 1842 745 τοῦ
1875 691 1963 744 νό-

396 795 498 848 μου
523 779 582 830 tv
607 771 652 846 ᾧ
683 777 898 848 ἠσθένει
927 779 1014 835 διὰ
1041 780 1142 850 τῆς
1172 781 1392 851 σαρκὸς,
1427 784 1454 834 ὁ
1482 783 1614 846 Θεὸς
1637 783 1728 836 τὸν
1765 782 1963 836 ἑαυτοῦ

395 868 522 921 Υίὸν
553 868 802 939 πέμψας,
841 871 900 924 tv
946 869 1250 940 ὁμοιώματι
1303 870 1503 942 σαρκὸς
1543 873 1838 942 ἁμαρτίας,
1869 873 1964 927 καὶ

391 959 520 1031 περὶ
551 961 846 1032 ἁμαρτίας,
895 961 1182 1031 κατέκρινε
1225 959 1325 1030 τὴν
1361 961 1634 1032 ἁμαρτίαν
1672 965 1732 1016 tv.
1777 963 1962 1033 capaci,

393 1047 478 1104 ῐνα
501 1047 562 1100 τὸ
591 1049 866 1119 δικαίωμα
894 1048 990 1102 τοῦ
1017 1051 1182 1119 νόμου
1205 1049 1464 1120 πληρωθῇ
1489 1051 1550 1104 tv
1577 1050 1708 1120 ἡμῖν
1739 1052 1852 1114 τοῖς
1885 1051 1962 1122 μὴ

391 1138 536 1193 κατὰ
577 1139 756 1210 σάρκα
783 1141 1193 1212 περιπατοῦσιν,
1225 1141 1362 1196 ἀλλὰ
1392 1141 1536 1196 κατὰ
1563 1141 1780 1213 πνεῦμα
1803 1142 1902 1214 (1).
1935 1163 1954 1194 ι

472 1231 665 1301 ὐρᾷτε
709 1231 826 1294 πῶς
870 1231 958 1286 διὰ
993 1231 1198 1286 τούτων
1243 1233 1468 1286 ἐκείναιν
1513 1233 1630 1287 λύει
1679 1233 1778 1304 τὴν
1823 1235 1962 1289 ἀσά-

387 1337 568 1390 φειαν.
607 1342 626 1376 ι
676 1323 738 1376 '0
765 1321 918 1388 Θεὸς,
949 1323 1100 1394 φησὶ,
1131 1323 1224 1377 τὸν
1255 1323 1448 1378 ἑαυτοῦ
1491 1325 1616 1378 Υίὺν
1653 1325 1880 1395 πέμψας
1905 1329 1964 1380 tv

385 1411 692 1481 ὁμοιώματι
726 1414 926 1484 σαρκὸς
953 1413 1248 1485 ἁμαρτίας·
1279 1433 1298 1468 ι
1333 1415 1434 1486 οὑχ
1481 1415 1668 1479 ἁπλῶς
1701 1413 1875 1482 εἶπεν,
1905 1419 1963 1471 tv

383 1501 694 1572 ὁμοιώματι
743 1504 966 1574 σαρκὸς,
1013 1503 1244 1558 διαλύων
1275 1505 1384 1560 τῶν
1413 1505 1628 1560 άσεδῶν
1677 1507 1962 1576 δογμάτων

381 1593 484 1662 τὴν
531 1593 878 1665 βλασφημίαν
898 1609 911 1622 ·
949 1594 1308 1667 προγινώσκει
1341 1597 1448 1666 γὰρ
1485 1597 1706 1654 ἅπαντα
1741 1600 1774 1670 ή
1803 1599 1964 1670 χάρις

379 1685 480 1740 τοῦ
489 1685 630 1740 Πνεύ
639 1687 978 1758 ματος”.άλλ’,
991 1706 1008 1740 ι
1019 1689 1076 1744 tv
1091 1689 1400 1760 ὁμοιώματι
1413 1705 1480 1744 σα
1487 1689 1613 1762 pub;
1628 1691 1922 1762 ἁμαρτίας,
1937 1711 1954 1742 ι

383 1777 472 1832 ἵνα
505 1776 764 1848 μάθωμεν
793 1777 870 1842 ὡς
889 1778 950 1832 τὸ
989 1781 1322 1850 concitatur.)
1354 1780 1442 1838 διὰ
1463 1781 1524 1835 τὸ
1559 1782 1738 1853 πάσης
1775 1783 1961 1854 ἁμαρ-

2067 601 2314 656 alienum.
2341 599 2634 671 Propterea
2658 599 2784 655 alibi
2805 613 3022 668 quoque
3039 598 3214 654 aiebat
3241 617 3254 653 :
3287 618 3304 652 ι
3336 599 3468 653 Nam
3501 603 3641 669 quod

2065 690 2394 760 impossibile
2409 699 2528 745 erat
2547 689 2672 760 legi,
2691 689 2746 742 in
2763 702 2870 759 quo
2888 704 2984 757 per
3005 704 3067 743 ca
3077 703 3224 742 raem
3243 689 3640 752 inllrmabatur,

2066 779 2206 840 Deus
2231 779 2426 836 Filium
2451 795 2606 836 suum
2635 780 2856 836 mittens
2905 780 2959 834 in
3013 779 3426 834 similitudinem
3465 783 3645 834 carnis

2063 871 2296 941 peccati,
2343 879 2396 926 et
2423 885 2520 940 pro
2554 881 2798 940 peccato,
2825 871 3106 925 damnavit
3155 871 3210 924 in
3253 884 3418 925 carne
3457 883 3644 940 pecca-

2067 971 2176 1015 tum
2209 960 2651 1029 ;utjustillcatio
2682 961 2814 1032 legis
2861 960 3176 1030 impleretur
3227 962 3284 1016 in
3333 961 3513 1027 nobis,
3550 961 3641 1030 qui

2065 1068 2176 1109 non
2214 1047 2509 1109 secundum
2543 1068 2764 1110 carnem
2811 1053 3172 1120 ambulamus,
3223 1054 3317 1109 sed
3347 1053 3642 1109 secundum

2064 1144 2310 1214 spiritum
2336 1147 2379 1201 ⁷.
2415 1163 2436 1197 ι

2137 1237 2566 1292 Animadvertite
2615 1237 2886 1307 quomodo
2915 1251 3010 1306 per
3049 1239 3164 1292 haec
3213 1236 3430 1292 illorum
3485 1236 3646 1292 solvit

2063 1325 2469 1384 obscuritatem.
2509 1345 2532 1380 ι
2567 1328 2738 1394 Deus,
2763 1327 2960 1396 inquit,
3009 1327 3202 1381 Filium
3235 1343 3390 1382 suum
3423 1327 3645 1382 mittens

2065 1417 2121 1472 in
2147 1417 2558 1476 similitudinem
2581 1419 2770 1475 carnis
2812 1418 3016 1488 peccati
3049 1434 3076 1472 ε
3112 1437 3132 1471 ι
3167 1433 3276 1472 non
3327 1419 3646 1487 simpliciter

2063 1507 2220 1573 dixit,
2253 1509 2308 1564 in
2331 1507 2740 1566 similitudinem
2763 1509 2968 1572 carnis,
3003 1521 3194 1578 nempe
3243 1515 3304 1561 ιιι
3353 1507 3644 1576 impiorum

2063 1597 2374 1669 dogmatum
2427 1598 2822 1670 blasphemiam
2857 1598 3184 1667 dissiparet;
3213 1599 3417 1653 etenim
3462 1599 3644 1650 omnia

2064 1686 2320 1758 prtevidet
2343 1688 2518 1758 gratia
2546 1687 2814 1758 Spiritus;
2836 1688 2952 1754 sed,
2975 1707 2992 1740 ι
3013 1688 3070 1744 in
3093 1688 3504 1742 similitudinem
3525 1703 3648 1741 car-

2064 1779 2150 1834 nis
2173 1779 2410 1848 peccati,
2445 1797 2466 1832 ι
2523 1788 2583 1833 ιιι
2633 1778 3014 1847 intelligamus,
3039 1778 3358 1844 vocabulum
3409 1797 3428 1832 ι
3458 1777 3645 1833 simili-

380 1867 506 1931 τίας
550 1867 895 1940 ἀπηλλάχθαι
927 1869 1020 1924 τὸν
1065 1869 1332 1942 ἡμέτερον
1377 1871 1628 1942 Σωτῆρα,
1679 1872 1952 1930 τέθεικεν·

2062 1869 2192 1924 tudo
2238 1887 2258 1921 ι
2291 1870 2359 1924 ab
2381 1882 2446 1924 eo
2463 1869 2720 1938 positum,
2749 1868 2876 1936 quia
2917 1879 3142 1937 peccato
3191 1869 3338 1926 omni
3389 1869 3647 1948 Sey-valor

379 1958 670 2030 ἄνθρωπος
717 1960 826 2029 γάρ
870 1962 1160 2032 γενόμενος
1205 1962 1302 2032 τὴν
1349 1963 1511 2032 φύσιν
1545 1964 1644 2035 (2),
1676 1965 1818 2026 κατὰ
1863 1967 1962 2038 τὴν

378 2050 662 2122 ἁμαρτίαν
697 2052 918 2120 γέγονεν
952 2053 1238 2126 ἄνθρωπος
1257 2068 1274 2084 ⁶
1303 2054 1386 2108 διὸ
1409 2057 1466 2110 tv
1490 2055 1796 2128 ὁμοιώματι
1831 2075 1962 2130 σαρ-

381 2142 478 2207 κὸς
507 2144 783 2214 ἁμαρτίας
813 2145 1105 2217 κατέκρινε
1136 2147 1236 2216 τὴν
1261 2147 1538 2219 ἁμαρτίαν
1571 2151 1630 2204 tv
1654 2153 1722 2222 τῇ
1758 2152 1956 2222 σαρκί·

377 2235 726 2306 ἀνθρωπείαν
760 2239 858 2307 μὲν
895 2238 1058 2307 φύσιν
1105 2239 1416 2306 ἀναλαϐὼν,
1447 2240 1546 2311 τῆς
1575 2240 1633 2295 δὲ
1667 2243 1961 2314 τυραννού-

383 2343 484 2397 σης
514 2329 572 2380 tv
599 2331 711 2391 τοῖς
739 2328 1048 2398 ἀνθρώποις
1081 2331 1356 2400 ἁμαρτίας
1379 2331 1470 2384 τὸν
1507 2332 1670 2401 ζυγὸν
1703 2334 1778 2404 μὴ
1804 2334 1958 2401 δεξά-

383 2434 568 2486 μενος,
615 2419 750 2474 ἀλλὰ
792 2421 974 2474 πᾶσαν
1021 2420 1224 2492 ταύτης
1267 2422 1579 2494 ἀπορρίψας
1627 2425 1728 2496 τὴν
1770 2426 1962 2480 δεσπο-

379 2506 552 2572 τείαν,
601 2506 694 2561 καὶ
721 2506 922 2573 δείξας,
957 2509 1034 2572 ὡς
1069 2507 1294 2564 δυνατὸν
1337 2512 1396 2568 ὲν
1439 2511 1756 2585 ἀνθρωπεία
1801 2515 1968 2583 φύσεις

381 2597 489 2652 τῶν
516 2598 618 2668 τῆς
658 2600 932 2671 ἁμαρτίας
965 2602 1347 2671 περιγενέσθαι
1382 2603 1553 2673 βελῶν
1573 2621 1586 2634 ·
1619 2605 1792 2671 οὕτως
1824 2625 1960 2662 κατ-

379 2687 566 2760 έκρινε
597 2689 698 2760 τὴν
739 2691 1018 2762 ἁμαρτίαν
1061 2693 1119 2746 tv
1145 2695 1208 2764 τῇ
1244 2695 1429 2764 σαρκὶ,
1459 2695 1520 2750 τὸ
1541 2695 1762 2760 ἀσθενὲς
1789 2698 1960 2768 αὑτῆς

378 2779 631 2850 ἐλέγξας,
666 2783 761 2836 καὶ
792 2784 892 2852 τὴν
923 2785 1210 2856 τυραννίδα
1245 2787 1480 2852 παύσας,
1508 2789 1603 2842 καὶ
1631 2791 1787 2862 νικᾷν
1818 2789 1960 2846 οὕτω

374 2873 505 2935 τοὺς
533 2871 854 2943 ἀνθρώπους
882 2874 1136 2942 διδάξαςο
1177 2877 1258 2930 διὸ
1305 2879 1585 2951 ἐπήγαγεν
1623 2883 1652 2934 ὁ
1689 2882 1958 2955 μακάριος

376 2963 614 3030 Παῦλος,
636 2966 752 3020 Ἵνα
776 2967 836 3018 τὺ
858 2965 1134 3038 δικαίωμα
1148 2969 1242 3022 τοῦ
1266 2969 1434 3041 νόμου
1463 2971 1724 3044 πληρωθῇ
1749 2975 1806 3028 tv
1827 2977 1960 3045 ἡμῖν

375 3058 491 3120 τοῖς
526 3055 600 3127 μὴ
646 3057 789 3112 κατὰ
835 3059 1014 3131 σάρκα
1041 3060 1136 3113 τοῦ
1169 3061 1337 3132 νόμου
1379 3065 1794 3134 περιπατοῦσιν,
1825 3065 1962 3122 ἀλλὰ

377 3145 524 3201 κατά
553 3147 791 3219 πνεῦμα.
840 3149 1048 3206 Οὐκοῦν
1097 3150 1513 3225 ὲδικαιώθημεν,
1548 3155 1646 3226 τῆς
1689 3157 1961 3228 ἁμαρτίας
1987 3201 2031 3260 G

373 3243 434 3294 tv
465 3241 633 3310 σαρκὶ
665 3242 1092 3313 κατακριθείσης
1111 3261 1128 3274 ι
1163 3244 1452 3316 κατέκρινε
1481 3247 1538 3300 δὲ
1568 3248 1624 3302 tv
1671 3250 1837 3320 σαρκὶ
1860 3251 1961 3321 τὴν

375 3331 676 3400 ἁμαρτίαν,
711 3332 769 3384 tv
797 3331 1103 3402 ὁμοιώματι
1135 3335 1338 3404 σαρκὸς
1368 3337 1642 3408 ἁμαρτίας
1673 3341 1962 3410 γενόμενος

373 3424 403 3475 ὁ
448 3421 642 3493 Σωτὴρ
687 3423 717 3475 ὁ
759 3423 1058 3495 ἡμέτερος·
1102 3425 1200 3498 τὴν
1250 3430 1348 3498 μὲν
1396 3430 1746 3500 ἀνθρωπείαν
1799 3434 1962 3503 φύσιν

375 3513 684 3598 ἀναλαϐὼν,
713 3515 814 3588 τὴν
851 3517 908 3586 δὲ
937 3518 1106 3572 πάλαι
1133 3521 1338 3592 ταύτης
1365 3522 1732 3588 δεσπόζουσαν
1763 3525 1839 3598 μὴ
1863 3544 1962 3581 κα-

372 3595 740 3676 ταδεξάμενος
787 3609 1082 3679 ἁμαρτίαν.
1130 3611 1316 3678 Οὑτως
1347 3615 1376 3667 ὁ
1417 3614 1702 3680 θεσπέσιος
1751 3595 1960 3684 Παῦλος

374 3697 436 3750 tv
483 3695 685 3764 ὀλίγοις
733 3699 976 3770 ῥήμασιν
1009 3701 1156 3755 ἅπαν
1203 3703 1313 3757 τῶν
1346 3707 1635 3777 αίρετικῶν
1667 3709 1727 3762 τὸ
1773 3710 1960 3780 στίφος

373 3788 653 3854 διέλυσεν,
717 3792 924 3862 Ἀρείου
991 3793 1090 3864 μὲν
1145 3797 1240 3849 καὶ
1291 3799 1558 3870 Εὑνομίου
1607 3801 1708 3873 τὴν
1763 3805 1960 3875 μανίαν

373 3877 626 3945 ἐλέγξας,
673 3880 729 3932 tv
762 3883 827 3952 τῇ
877 3883 988 3938 τῶν
1023 3889 1436 3959 προειρημένων
1481 3891 1744 3960 ῥημάτων
1775 3895 1917 3964 ἀρχῇ
1943 3913 1956 3925 ·

381 3989 400 4020 ι
447 3967 614 4022 Τοῦτο
661 3971 770 4039 γὰρ
814 3975 1118 4044 φρονείσθω
1165 3979 1224 4030 tv
1271 3979 1422 4047 ὑμῖν,
1455 3979 1484 4030 ὃ
1527 3982 1621 4032 καὶ
1651 3983 1710 4033 tv
1739 3981 1960 4052 Χριστῷ

388 4060 588 4130 Ἰησοῦ,
625 4061 684 4124 ὃς
735 4064 793 4116 tv
825 4067 1008 4134 μορφῇ
1047 4063 1182 4117 Θεοῦ
1208 4067 1489 4137 ὑπάρχων,
1533 4071 1631 4138 οὑχ
1661 4072 1954 4140 ἁρπαγμὸν

375 4155 626 4222 ἡγήσατο
652 4153 710 4204 τὸ
727 4149 866 4206 εἶναι
898 4155 990 4208 ίσα
1013 4154 1156 4224 Θεῷ,
1181 4157 1296 4210 ἀλλ’
1328 4159 1521 4213 ἑαυτὸν
1547 4161 1806 4227 ἐκένωσε,
1829 4181 1958 4234 μορ-

377 4241 486 4308 φὴν
515 4239 702 4291 δούλου
743 4239 943 4298 λαϐὼν.
993 4261 1015 4297 ι
1062 4246 1135 4298 Οὑ
1157 4245 1268 4317 γάρ
1313 4243 1488 4316 εἶπεν,
1519 4252 1576 4303 tv
1609 4257 1790 4324 μορφῇ
1822 4255 1957 4308 Θεοῦ

375 4331 691 4402 γενόμενος,
723 4332 862 4397 ἀλλ’,
897 4352 915 4385 ι
959 4336 1018 4392 tv
1053 4342 1233 4411 μορφῇ
1264 4341 1401 4395 Θεοῦ
1450 4344 1730 4414 ὑπάρχων.
1771 4367 1789 4397 ›
1826 4349 1959 4402 Οὐδὲ

373 4424 532 4478 εἶπεν
559 4426 670 4496 Οὐχ
708 4427 1002 4498 ἁρπαγμὸν
1034 4431 1276 4502 ἡγήσατο
1319 4434 1379 4488 τὸ
1417 4432 1554 4490 εἶναι
1611 4439 1702 4492 ἴσα
1745 4442 1954 4513 ἐαυτῷ,

374 4519 410 4586 ἢ
439 4515 528 4570 ἴσα
560 4518 831 4586 ἀγγέλοις,
865 4521 898 4590 ἢ
929 4521 1017 4575 ἴσα
1047 4526 1111 4595 τῇ
1152 4526 1350 4592 κτίσει,
1371 4528 1486 4581 ἀλλ’
1533 4531 1640 4596 ἴσα,
1675 4531 1800 4604 ἔφη,
1841 4534 1958 4604 Θεῷ
1991 4537 2034 4592 D

375 4608 456 4679 τῷ
483 4611 678 4681 Πατρὶ,
712 4612 790 4683 τῷ
819 4615 1160 4685 γεννήσαντι,
1189 4619 1428 4692 άνάρχῳ,
1457 4621 1533 4692 τῷ
1563 4625 1860 4696 ἁγεννήτῳ,
1879 4627 1954 4698 τῷ

375 4701 691 4771 ἁπεράντῳ,
722 4702 800 4772 τῷ
838 4705 944 4759 τῶν
971 4706 1107 4760 ὅλων
1139 4710 1404 4782 Δεσπότῃ.

455 4792 671 4862 Ἄρειος
697 4795 797 4864 μὲν
821 4791 912 4850 οὖν
937 4798 1031 4850 καὶ
1059 4799 1323 4870 Εὑνόμιος
1351 4805 1427 4874 (⁸5)
1463 4806 1678 4876 ἰσχυρὸν
1707 4808 1952 4861 ἐντεῦθεν

375 4883 628 4949 ἐδέξαντο
655 4889 753 4957 τῆς
784 4889 988 4953 οἰκείας
1014 4891 1268 4956 ἀσεϐείας
1297 4895 1386 4948 τὸν
1433 4896 1650 4968 ἔλεγχον
1670 4940 1683 4963 ,
1716 4901 1806 4953 καὶ
1853 4903 1955 4956 Σα-

377 4975 586 5039 ϐελλιος
609 4978 666 5029 δὲ
695 4979 788 5032 καὶ
814 4981 1134 5052 Μάρκελλος
1163 4987 1258 5038 παλ⁵
1287 4988 1572 5052 Φωτεινὸς,
1607 4993 1654 5043 oi
1684 4993 1783 5054 τὰς
1809 4997 1957 5062 τρεῖς

379 5066 706 5134 ὑποστάσεις
755 5074 1101 5144 ἀρνούμενοι,
1134 5081 1229 5132 καὶ
1274 5080 1374 5144 τὰς
1415 5083 1513 5151 τῆς
1545 5081 1795 5154 θεότητος
1830 5103 1958 5154 συγ-

379 5155 593 5224 χέοντες
625 5160 913 5230 ἰδιότητας,
945 5167 1194 5220 ἐντεῦθεν
1226 5167 1669 5240 βλασφημοῦντες
1713 5173 1960 5244 ἐλέγχον-ι

377 5265 505 5301 ται·
539 5251 726 5322 ἕτερος
768 5255 876 5326 γάρ
925 5260 1066 5312 κατὰ
1105 5259 1205 5330 τὴν
1255 5261 1550 5316 ὑπόστασιν
1595 5266 1624 5316 ὁ
1673 5265 1730 5317 tv
1777 5269 1959 5337 μορφῇ

375 5337 514 5391 Θεοῦ
542 5339 821 5412 ὑπάρχων,
852 5349 944 5400 καὶ
975 5349 1158 5418 ἕτερος
1181 5353 1386 5415 ἐκεῖνος
1413 5347 1472 5406 οῦ
1499 5355 1557 5405 ἐν
1587 5360 1767 5427 μορφῇ
1794 5358 1963 5429 ὑπάρ-

453 5501 470 5528 ⁷
515 5501 671 5553 i‘umt.
701 5518 819 5566 VIII,
854 5507 908 5570 5,
943 5506 996 5560 4.

455 5660 530 5728 (l)
574 5659 790 5724 Lt-gcsis
810 5659 1069 5728 Cyrillum
1095 5663 1144 5716 iu
1170 5666 1573 5719 στοιιιιιιοιιιιιιηὶἱδ
1596 5667 1704 5719 suis
1727 5666 1790 5719 ad
1817 5665 1954 5718 hunc

381 5728 526 5781 Pauli
559 5731 730 5780 Initum
763 5731 899 5796 apud
931 5747 1046 5786 nos.
1615 5773 1620 5776 -

451 5802 527 5866 (ὲ)
573 5799 722 5853 llzultl
767 5801 877 5853 scio
924 5819 987 5854 :m
1033 5803 1117 5855 llil‘
1166 5803 1550 5870 iutvrponttuzla
1600 5808 1666 5858 sit
1713 5805 1957 5873 negativu

2062 1969 2249 2018 noster
2279 1961 2478 2016 caruit.
2501 1959 2674 2016 Homo
2701 1961 2845 2016 enim
2867 1969 3062 2016 natura
3101 1961 3298 2026 factus,
3351 1963 3644 2016 secundum

2062 2059 2346 2123 peccatu
2391 2051 2570 2107 factus
2623 2059 2712 2107 est
2762 2051 2949 2108 homo.
3003 2049 3130 2107 hleo
3177 2051 3232 2106 in
3287 2051 3647 2107 similitudine

2063 2143 2246 2200 carnis
2271 2144 2478 2214 peccati
2497 2143 2774 2199 damnavit
2805 2143 2862 2198 in
2895 2156 3060 2198 carne
3085 2153 3366 2212 peccatum
3403 2163 3418 2198 :
3457 2145 3646 2206 buma-

2063 2253 2188 2294 nam
2237 2237 2454 2309 quidem
2507 2246 2757 2293 naturam
2805 2251 3116 2302 assumens,
3151 2247 3392 2292 attamen
3433 2240 3644 2309 tyranni

2063 2329 2342 2385 hominum
2391 2328 2607 2399 peccati
2645 2327 2834 2398 iugum
2885 2343 2996 2384 non
3033 2327 3278 2390 subiens,
3339 2328 3434 2382 sed
3490 2326 3648 2395 huius

2061 2436 2275 2477 omnem
2299 2421 2630 2477 dominatum
2667 2433 2948 2490 respuens,
2987 2419 3486 2488 demonstransque
3525 2419 3642 2474 ﬁeri

2061 2529 2220 2584 posse
2257 2524 2322 2567 ut
2356 2514 2411 2568 in
2463 2514 2700 2572 humana
2735 2521 2930 2568 natura
2987 2513 3194 2582 peccati
3247 2512 3352 2568 tela
3389 2514 3639 2567 vitemus.

2065 2607 2156 2662 Sic
2187 2604 2466 2661 damnavit
2493 2605 2546 2659 in
2583 2619 2750 2660 carne
2774 2613 3078 2672 peccatum,
3133 2603 3466 2660 debilitatem
3497 2601 3642 2672 ejus-

2063 2696 2184 2754 dem
2203 2711 2522 2767 coargueus,
2555 2696 2898 2767 tyrannidem
2941 2695 3222 2762 cohibens,
3258 2705 3424 2765 atque
3471 2696 3542 2750 ita
3577 2696 3643 2749 ad

2065 2788 2345 2844 victoriam
2389 2789 2638 2844 homines
2687 2788 2966 2844 erudiens.
3017 2787 3142 2843 Ideo
3199 2788 3414 2843 addidit
3453 2787 3640 2842 beatus

2064 2879 2298 2936 Paulus:
2331 2880 2887 2952 Utjustilicatiolegis
2909 2881 3223 2950 impleretur
3259 2880 3313 2934 in
3341 2879 3516 2942 nobis,
3545 2879 3638 2948 qui

2063 2988 2170 3029 non
2209 2975 2504 3029 secundum
2545 2988 2764 3029 carnem
2813 2973 3179 3037 ambulamus,
3201 2973 3298 3027 sed
3343 2971 3640 3026 secmulum

2065 3063 2336 3134 spiritum.
2387 3063 2530 3132 Ergo
2571 3063 2772 3120 luimus
2811 3061 3118 3133 iustiﬁcati,
3148 3070 3371 3132 peccato
3395 3061 3450 3116 in
3475 3075 3644 3117 carne

2065 3156 2336 3212 damnato.
2371 3154 2660 3212 Damnavit
2705 3163 2884 3210 autem
2930 3154 2983 3209 iu
3011 3167 3174 3209 carne
3195 3162 3496 3224 peccatum,
3518 3167 3640 3206 cum

2064 3247 2118 3302 in
2162 3247 2568 3303 similitudinem
2609 3248 2790 3302 carnis
2861 3246 3072 3317 peccati
3133 3244 3392 3300 Servator
3461 3253 3643 3299 noster

2063 3339 2239 3394 factus
2270 3348 2396 3406 est;
2429 3339 2722 3394 humanam
2763 3339 2979 3408 quidem
3037 3345 3289 3391 naturam
3329 3350 3638 3400 assumens,

2061 3433 2285 3488 minime
2327 3442 2505 3488 tamen
2555 3431 2916 3487 dominansei
2975 3437 3258 3500 peccatur»
3323 3429 3638 3486 admittens.

2065 3519 2156 3577 Sic
2179 3523 2336 3578 divus
2364 3523 2564 3580 Paulus
2605 3524 2786 3579 verbis
2823 3523 3010 3593 paucis
3059 3521 3374 3576 universum
3421 3519 3640 3576 haereti-

2062 3627 2248 3668 corum
2297 3628 2492 3684 agmen
2525 3612 2854 3685 proﬂigavit,
2899 3614 3066 3686 813
3087 3631 3164 3670 nt.
3200 3613 3314 3668 Arii
3347 3613 3534 3682 utique
3587 3626 3642 3668 et

2065 3703 2310 3758 Eunomii
2343 3703 2612 3758 insaniam
2649 3705 2896 3760 refutans
2939 3707 3318 3775 praedictorum
3353 3705 3642 3760 verborum

2064 3795 2220 3849 initio
2253 3813 2265 3848 :
2301 3813 2319 3846 ι
2352 3794 2462 3850 Hoc
2493 3796 2638 3852 enim
2668 3798 2936 3850 seutitein
2969 3799 3122 3854 vobis
3143 3799 3285 3866 quod
3317 3807 3372 3851 et
3405 3797 3458 3850 in
3483 3796 3640 3852 Citri-

2063 3893 2145 3936 sto
2187 3881 2336 3946 Jesu,
2371 3884 2606 3950 quicum
2643 3883 2694 3935 in
2730 3881 2902 3936 forma
2929 3883 3022 3936 Dei
3053 3893 3219 3950 esset,
3244 3901 3349 3940 non
3393 3887 3637 3954 rapinam

2061 3973 2355 4026 arbitratus
2371 3981 2458 4026 est
2485 3979 2605 4027 e'ssc
2631 3986 2690 4027 se
2715 3971 2976 4041 aequalem
3005 3974 3133 4040 Deo,
3159 3975 3252 4029 sed
3283 3976 3635 4045 semetipsum

2061 4057 2380 4123 exinanivit,
2433 4059 2661 4120 formam
2715 4059 2857 4114 servi
2915 4060 3210 4128 accipiens.
3247 4079 3274 4112 ι
3327 4058 3441 4116 Non
3491 4060 3636 4116 enim

2059 4149 2215 4214 dixit,
2252 4149 2304 4206 in
2339 4148 2516 4208 forma
2541 4150 2635 4206 Dei
2657 4149 2856 4218 lactus,
2882 4151 3008 4216 sed,
3038 4169 3058 4202 ι
3093 4152 3295 4208 cumin
3329 4150 3503 4206 forma
3544 4151 3636 4208 Dei

2059 4252 2222 4296 esset.
2257 4259 2276 4294 ι
2323 4237 2508 4312 Neque
2548 4241 2675 4298 item
2714 4242 2850 4304 dixit
2881 4261 2900 4298 ;.
2921 4240 3037 4298 Non
3067 4243 3309 4313 rapinam
3341 4244 3638 4300 arbitratus

2061 4341 2144 4388 est
2166 4347 2286 4388 esse
2308 4347 2366 4388 se
2382 4333 2646 4404 aequalem
2669 4333 2885 4390 sibimet
2907 4345 3001 4389 aut
3017 4335 3243 4406 angelis,
3261 4345 3354 4389 aut
3374 4350 3522 4404 aiqua
3533 4334 3635 4388 lem

2059 4435 2344 4490 creaturae,
2390 4427 2484 4481 sed
2533 4425 2797 4496 atqualem
2861 4426 2996 4482 dixit
3065 4428 3173 4482 Deo
3227 4425 3374 4482 Patri
3430 4425 3520 4495 qui
3579 4441 3638 4480 se

2061 4526 2341 4588 genuerat,
2361 4516 2540 4582 Patri,
2566 4518 2808 4585 inquam,
2835 4517 3042 4585 absque
3071 4518 3354 4586 principio,
3375 4517 3636 4587 ingenito.

2063 4609 2298 4671 inﬁnito,
2331 4623 2509 4662 rerum
2551 4608 2794 4660 omnium
2835 4607 3080 4660 Domino.

2136 4809 2300 4862 Arius
2344 4807 2505 4877 igitur
2557 4815 2720 4875 atque.
2745 4804 3042 4858 Eunomius
3069 4801 3300 4856 validam
3341 4803 3466 4856 hinc
3512 4817 3634 4871 νει-υ

2064 4902 2302 4955 tulerunt
2329 4899 2626 4970 impietatis
2651 4911 2762 4952 sum
2803 4896 3238 4967 redargutionem
3269 4913 3281 4948 :
3309 4895 3636 4964 insuperque

2066 4991 2332 5048 Sabellius
2351 5000 2406 5046 et
2433 4989 2718 5045 Marcellus
2751 4997 2914 5059 atque
2948 4985 3232 5050 Photinus,
3296 4987 3388 5054 qui
3435 4996 3631 5055 negant

2061 5091 2170 5137 tres
2208 5083 2547 5152 hypostases,
2572 5088 2626 5134 et
2645 5078 2864 5133 deitatis
2886 5079 3221 5134 confundunt
3244 5076 3624 5146 proprietates,

2060 5174 2188 5228 hinc
2204 5172 2504 5242 blasphemi
2556 5177 2945 5241 coarguuntur.
2979 5170 3132 5224 Alius
3159 5178 3244 5223 est
3259 5169 3408 5223 enim
3439 5182 3634 5223 secun-

2059 5268 2182 5318 dum
2207 5263 2540 5335 hypostasim
2571 5263 2658 5316 ille
2687 5264 2777 5331 qui
2816 5263 2867 5316 in
2923 5261 3090 5316 forma
3127 5259 3218 5314 Dei
3249 5269 3388 5322 erat,
3418 5271 3472 5314 et
3496 5260 3633 5316 alius

2060 5357 2146 5411 ille
2179 5356 2329 5424 cujus
2365 5359 2416 5410 iu
2448 5357 2617 5411 I‘urina
2641 5366 2795 5410 erat:
2827 5366 2879 5410 et
2924 5356 3061 5409 alius
3101 5369 3286 5409 rursus
3339 5353 3430 5420 qui
3479 5353 3628 5423 rapi-

2065 5665 2323 5734 parlicula
2353 5667 2434 5730 οὑ,
2463 5683 2584 5719 non.

2139 5735 2213 5802 (ἦ)
2259 5737 2312 5788 111
2360 5737 2458 5787 hor,
2497 5747 2548 5787 et
2591 5745 2846 5803 sequente
2886 5738 3141 5803 opusculo
3184 5735 3382 5789 nullum
3425 5735 3630 5789 lucreti-

2067 5823 2186 5858 cum
2224 5808 2581 5860 recentiorem
2615 5807 2877 5860 Eunomio
2911 5807 3148 5860 nominat
3176 5807 3425 5876 Cyrillus.
