4082 6258
491 356 624 413 1431

1517 357 1573 412 S.
1608 353 1879 414 CYRILLI
1918 346 2387 409 ALEXANDBINI
2440 351 2784 408 ARCHIEP.'

3603 350 3627 404 i
3636 349 3748 406 13‘!

489 488 614 528 nam
638 487 743 529 non
764 474 1136 529 arbitrabatur
1150 489 1271 530 esse
1292 489 1352 530 se
1380 475 1636 544 aequalem
1669 473 1802 540 Deo,
1831 483 1887 529 et
1925 471 2057 527 alius

2166 489 2250 542 χει
2270 490 2283 503 ο
2323 471 2416 524 καὶ
2442 472 2600 535 ἀλλος
2629 471 2790 526 πάλιν
2819 471 2847 524 6
2877 470 2952 541 μὴ
2981 467 3275 540 ἁρπαγμὸν
3306 464 3646 536 ἡγησάμενος
3686 464 3747 516 τ’)

488 564 578 625 ille
601 565 686 617 cui
710 565 1050 634 estaequalis,
1075 567 1168 621 sed
1192 581 1296 622 non
1319 567 1420 622 sibi
1451 566 1813 636 aequalitatem
1831 581 1951 620 eum
1971 565 2060 619 illo

488 655 688 722 rapuit.
726 653 994 714 Praeterea
1030 657 1120 711 ille
1175 657 1342 711 etiam
1400 657 1518 712 falsi
1561 657 1800 713 nominis
1836 655 2056 722 Paulus,

486 742 580 810 qui
625 742 929 799 Servatoris
979 755 1102 800 ante
1149 745 1346 800 saecula
1386 745 1790 816 generationem
1825 745 2057 815 negavit,

485 830 766 888 Judaicam
835 837 1154 891 sententiam
1203 837 1413 902 fovens,
1467 847 1524 892 et
1559 837 1628 893 de
1681 837 1899 906 Virgine
1945 845 2061 891 tan-

489 925 766 977 tummodo
794 934 979 978 natum
1010 925 1293 981 confessus
1313 937 1420 991 est,
1468 941 1532 980 ex
1579 927 1664 981 his
1706 927 1840 996 ipsis
1883 925 2062 982 verbis

489 1012 703 1082 dignam
754 1015 1031 1083 impietate
1073 1032 1170 1072 sua
1218 1019 1362 1087 capit
1401 1018 1778 1087 ignominiam.
1830 1018 2062 1073 Docetur

485 1103 631 1157 enim
662 1104 789 1161 hinc
819 1121 848 1160 a
871 1106 996 1162 divo
1021 1105 1188 1164 Paulo
1214 1119 1271 1164 et
1294 1109 1387 1164 Dei
1430 1107 1662 1164 Verbum
1690 1110 1835 1180 quod
1875 1123 2058 1164 susce-

487 1193 585 1262 pit.
617 1207 671 1251 et
701 1197 994 1253 humanam
1027 1209 1332 1270 susceptam
1387 1213 1657 1268 naturam,
1697 1211 1753 1256 et
1795 1203 2058 1274 praaexsi-

486 1295 716 1342 stentem
738 1289 830 1345 Dei
849 1289 1102 1353 formam.
1119 1303 1174 1348 et
1193 1293 1246 1348 in
1266 1293 1370 1349 line
1386 1295 1706 1350 saeculorum
1726 1305 2058 1365 assumptam

487 1379 555 1433 ab
583 1383 772 1435 eadem
820 1383 962 1438 servi
1016 1381 1271 1439 formam.
1323 1387 1552 1442 Docetur
1603 1386 1806 1457 pariter
1858 1385 2054 1456 Apolli-

487 1472 636 1548 naris
673 1487 794 1528 cum
836 1474 968 1531 Ario
990 1485 1152 1547 atque
1179 1477 1467 1545 Eunomio,
1517 1479 1661 1549 quod
1718 1493 2055 1550 nequaquam

487 1565 630 1620 Deus
676 1565 934 1634 Verbum,
982 1570 1126 1638 quod
1171 1579 1255 1625 est
1303 1571 1664 1638 immutabile,
1726 1571 1779 1624 in
1835 1583 2058 1625 carnem

486 1655 651 1711 fuerit
723 1657 1092 1724 immutatum,
1141 1661 1235 1716 sed
1303 1661 1448 1730 quod
1503 1673 1686 1716 nostra
1753 1661 2057 1716 substantia

486 1761 802 1821 assumpta,
848 1751 1076 1807 salutem
1139 1761 1379 1809 nostram
1417 1754 1489 1810 sit
1535 1760 1838 1823 operatum.
1889 1751 2059 1807 Porro

485 1843 737 1911 superius
797 1843 958 1899 dictis
1011 1843 1528 1909 demonstravimus,
1612 1843 1843 1898 formant
1914 1843 2056 1898 servi

486 1936 809 2004 appellatam
842 1950 964 1992 esse
998 1935 1236 1992 hominis
1282 1946 1555 1991 naturam.
1602 1933 1738 1990 Nam
1782 1935 1829 1990 si
1883 1933 2058 1990 forma

487 2025 582 2081 Dei
643 2037 729 2082 est
777 2027 1080 2082 substantia
1113 2025 1206 2080 Dei
1252 2026 1427 2097 (caret
1471 2027 1618 2082 enim
1669 2041 1854 2081 revera
1887 2026 2058 2081 forma

483 2116 653 2190 8“.
676 2135 746 2172 m.
776 2129 830 2173 et
861 2119 1050 2190 quavis
1073 2120 1253 2189 specie
1280 2118 1445 2184 Deus,
1475 2119 1566 2189 qni
1597 2127 1681 2175 est
1699 2118 1948 2188 simplex,
1983 2117 2062 2172 in-

485 2212 838 2281 compositus,
877 2223 930 2268 et
963 2213 1108 2268 omni
1147 2213 1320 2283 figura
1363 2213 1696 2283 destitutus),
1729 2213 1974 2283 sequitur
2003 2220 2062 2265 ut

485 2305 628 2358 servi
685 2305 878 2370 forma,
944 2320 1096 2374 teque
1143 2305 1284 2360 servi
1329 2304 1630 2361 substantia
1701 2303 2055 2374 intelligatur.

487 2395 640 2450 Servi
695 2407 872 2451 autem
913 2397 1238 2463 substantia,
1286 2397 1340 2452 id
1386 2407 1472 2452 est
1517 2396 1777 2461 hominis,
1823 2410 1930 2450 non
1978 2404 2062 2450 est

485 2503 682 2563 corpus
725 2489 826 2544 hoc
882 2490 1252 2544 tantummodo
1301 2488 1442 2556 quod
1496 2497 1739 2556 apparet,
1799 2487 1893 2540 sed
1947 2496 2057 2542 tota

486 2581 722 2635 hominis
766 2591 957 2635 natura
1015 2597 1044 2635 a
1097 2580 1453 2650 prudentibus
1503 2579 1865 2633 existimatur.
1913 2577 2058 2633 Prae—

486 2683 632 2728 terea
667 2685 721 2727 et
749 2673 818 2726 illi
856 2673 1148 2742 impietatis
1181 2671 1546 2740 antesignani,
1599 2681 1653 2725 et
1713 2671 2058 2740 blasphemiae

485 2765 748 2817 adversus
786 2773 988 2818 rectam
1037 2763 1196 2818 ﬁdem
1229 2763 1388 2832 primi
1449 2771 1721 2826 auctores,
1777 2762 1869 2831 qui
1897 2761 2056 2816 Chri-

483 2855 782 2910 stianorum
817 2855 1034 2925 quidem
1086 2854 1189 2910 sibi
1231 2855 1448 2911 nomina
1505 2854 1902 2925 imposuerunt,
1963 2857 2055 2910 sed

482 2947 912 3001 idololatricnm'
972 2946 1318 3016 poiytheismi
1396 2961 1641 3001 errorem
1705 2958 2054 3016 superarunt,

482 3041 743 3107 Marcion,
792 3041 1032 3110 inquam,
1083 3048 1142 3094 et
1171 3040 1378 3104 Manes,
1429 3051 1486 3096 et
1541 3041 1721 3096 ueteri
1757 3041 2056 3112 pestilentis

481 3133 694 3188 illorum
737 3133 1010 3187 cathedra:
1063 3132 1408 3188 consectanei
1462 3141 1517 3187 et
1570 3133 1845 3202 discipuli,
1878 3149 1944 3187 ex
1971 3133 2052 3186 his
2082 3161 2124 3218 ρ

482 3223 613 3292 ipsis
671 3223 908 3291 Apostoli
961 3221 1141 3276 verbis
1216 3237 1369 3275 suam
1437 3221 1712 3276 vesaniam
1773 3222 1907 3276 satis
1959 3238 2051 3277 co-

481 3323 768 3384 gnoscunt.
817 3312 950 3365 Nam
984 3326 1106 3365 cum
1132 3313 1231 3380 ipsi
1263 3311 1474 3366 Domini
1508 3312 1802 3367 secundum
1835 3327 2052 3368 carnem

479 3405 821 3459 nativitatem
847 3413 902 3458 et
929 3391 1325 3457 humanitatem
1350 3419 1458 3458 non
1493 3404 1804 3468 admittant,
1827 3404 2055 3459 audiunt

480 3496 956 3566 praeclarissimum
993 3494 1214 3549 Paulum
1245 3496 1549 3560 docentem,
1577 3496 1718 3560 quod
1759 3495 1849 3551 Dei
1882 3497 2053 3552 forma

479 3589 622 3643 servi
657 3587 886 3641 formam
913 3583 1234 3656 susceperit.
1263 3589 1418 3643 Servi
1449 3597 1628 3643 autem
1687 3589 1861 3644 forma
1912 3591 2053 3644 haud

479 3675 764 3748 phantasia
789 3675 1033 3744 quaedam
1051 3684 1187 3738 erat,
1205 3689 1378 3743 neque
1403 3676 1612 3741 umbra,
1641 3693 1812 3745 neque
1837 3693 2052 3733 aereum

479 3765 852 3832 simulacrum,
888 3779 1064 3834 neque
1090 3763 1234 3820 aliud
1273 3764 1488 3833 quidvis
1517 3765 1827 3836 huiusmodi
1867 3768 2050 3837 appel-

483 3861 645 3926 latur,
675 3858 770 3914 sed
798 3859 940 3913 servi
965 3865 1177 3911 natura.

550 3951 705 4020 Quod
737 3951 782 4006 si
819 3949 1204 4020 subsequentia
1239 3949 1328 4004 illa
1359 3948 1524 4005 verba
1584 3951 1739 4008 nobis
1771 3951 2050 4022 objicient,

487 4065 505 4097 ι
539 4045 592 4099 in
619 4042 1026 4100 similitudinem
1049 4040 1285 4096 hominis
1315 4042 1786 4111 iactus,cthabitu
1807 4043 2055 4098 inventus

482 4145 542 4191 ut
565 4139 727 4191 homo
755 4152 770 4203 ;
803 4153 824 4188 ι
854 4148 1063 4189 necnon
1099 4132 1189 4186 illa
1238 4133 1304 4188 ad
1345 4133 1661 4190 Romanos:
1687 4152 1705 4187 ι
1733 4135 1786 4190 in
1809 4134 2055 4190 similitu-

482 4227 662 4282 dinem
687 4225 868 4280 earnis
897 4224 1103 4292 peccati
1132 4223 1156 4254 ⁸
1189 4238 1206 4277 :
1256 4241 1274 4274 ι
1313 4225 1486 4292 primo
1521 4226 1734 4293 quidem
1770 4225 2049 4279 stultitiam

481 4318 719 4384 ipsorum
761 4315 1163 4368 convincemus‘.
1204 4313 1336 4365 Nam
1371 4314 1414 4367 si
1437 4316 1622 4378 verba,
1665 4333 1683 4366 ι
1721 4316 1774 4368 in
1801 4315 2054 4369 similitu-

481 4407 660 4462 dinem
719 4405 974 4468 hominis,
1027 4415 1083 4459 et
1139 4404 1326 4458 habitu
1378 4405 1627 4460 inventus
1678 4416 1735 4460 ut
1810 4408 1991 4474 homo,
2030 4428 2048 4460 ι

2163 557 2303 615 εἶναι
2351 561 2441 615 ίσα
2483 561 2622 632 Θεῷ,
2660 564 2788 632 παρ’
2837 564 3044 615 ἐκεῖνον
3071 556 3137 616 οὗ
3165 561 3276 623 ῐσος
3326 559 3577 627 ὑπάρχει,
3630 557 3746 608 ἀλλ’

2165 653 2263 723 οὐχ
2294 654 2544 723 ἥρπασεν
2575 654 2674 724 τὴν
2717 653 2853 724 πρὸς
2896 653 3059 706 αὐτὸν
3089 650 3328 722 ίσόξητα.
3372 649 3516 718 Πρὸς
3543 647 3598 699 δὲ
3629 646 3744 697 τού-

2161 765 2275 810 τοις
2322 748 2469 800 καὶὸ
2494 745 2844 816 ψευδώνυμος
2888 744 3099 806 Παῦλος
3142 743 3241 812 (1),
3288 741 3317 792 6
3346 740 3443 810 τὴν
3496 741 3594 809 μὲν
3637 736 3746 806 πρὸ

2161 840 2373 895 αἰώνων
2401 840 2658 911 γέννησιν
2681 837 2774 892 τοῦ
2802 837 3050 906 Σωτῆρος
3074 835 3429 905 ἀρνούμενος,
3464 829 3745 898 Ἰουδαῖκῷ

2162 933 2220 987 δὲ
2248 931 2587 1002 κεχρημένος
2621 931 2949 1000 φρονήματι,
2981 927 3076 979 καὶ
3118 925 3216 995 τὴν
3246 926 3309 976 ἐκ
3340 921 3619 992 Παρθένου
3647 921 3746 988 μό-

2160 1041 2259 1094 νην
2277 1021 2576 1094 ὁμολογῶν,
2598 1023 2662 1075 ὲκ
2682 1021 2791 1074 τῶν
2815 1019 2996 1073 αὐτῶν
3023 1017 3225 1070 τούτων
3243 1016 3438 1084 λόγων,
3465 1013 3564 1084 τὴν
3586 1011 3745 1076 ἀξίαν

2160 1117 2262 1187 τῆς
2309 1115 2566 1179 ἀσεϐείας
2607 1113 2869 1184 αἰσχύνην
2915 1111 3253 1183 καρποῦται·
3288 1108 3601 1162 διδάσκεται
3632 1107 3743 1176 γὰρ

2163 1208 2268 1262 ὑπὸ
2292 1207 2386 1261 τοῦ
2431 1206 2575 1261 θείου
2622 1205 2836 1259 Παύλου
2877 1205 2966 1257 τὸν
2993 1203 3225 1256 λαϐόντα
3254 1200 3386 1254 Θεὸν
3419 1200 3613 1268 Λόγον,
3646 1199 3744 1252 καὶ

2161 1303 2259 1372 τὴν
2285 1300 2632 1371 ἀνθρωπείαν
2664 1298 2824 1369 φύσιν
2855 1297 2954 1368 τὴν
2981 1296 3297 1367 ληφθεῖσαν,
3328 1295 3428 1364 τὴν
3462 1292 3745 1362 προϋπάρο

2161 1410 2360 1466 χουσαν
2383 1392 2594 1464 μορφὴν
2617 1390 2708 1444 τοῦ
2738 1389 2897 1456 Θεοῦ,
2925 1391 3020 1443 καὶ
3047 1391 3104 1441 έν
3129 1387 3206 1458 τῷ
3229 1386 3372 1440 τέλει
3396 1385 3504 1439 τῶν
3521 1385 3742 1438 αἰώνων

2162 1485 2603 1557 προσληφθεῖσαν
2641 1481 2734 1536 ἀπ’
2779 1480 2994 1550 ἐκείνης
3040 1478 3231 1531 δούλου
3289 1477 3518 1548 μορφήν.
3573 1475 3741 1527 Διδά-

2165 1596 2359 1632 σκεται
2387 1577 2444 1631 δὲ
2478 1575 2639 1630 πάλιν
2682 1571 3054 1641 ’Δπολινάριος
3085 1570 3182 1622 σὺν
3227 1568 3419 1638 Ἀρείῳ
3446 1565 3539 1620 καὶ
3569 1565 3746 1618 Εὐνο-

2165 1672 2294 1743 μίῳ,
2321 1671 2398 1734 ὼς
2441 1669 2540 1740 οὐχ
2566 1668 2595 1719 6
2642 1664 2776 1728 Θεὸς
2816 1664 2988 1732 Λόγος
3027 1665 3055 1714 6
3097 1663 3387 1733 ἄτρεπτος,
3429 1661 3506 1722 εἰς
3539 1657 3746 1730 σαρκὸς

2162 1763 2325 1833 φύσιν
2352 1760 2586 1831 ἐτράπη,
2617 1756 2753 1812 ἀλλά
2780 1757 2878 1828 τὴν
2907 1755 3186 1826 ἡμετέραν
3214 1751 3498 1808 ἀναλαϐὼν
3526 1749 3744 1813 οὐσίαν,

2163 1857 2262 1928 τὴν
2289 1854 2562 1927 ἡμετέραν
2585 1849 3076 1924 ἐπραγματεύσατο
3100 1846 3393 1916 σωτηρίαν.
3438 1842 3748 1909 Ἀπεδείξα·

2166 1965 2266 2019 μεν
2309 1947 2385 2012 δὲ,
2429 1946 2496 2000 δι’
2529 1939 2605 1999 ὧν
2650 1944 2971 2015 είρήκαμεν,
3011 1939 3224 2011 μορφὴν
3269 1937 3457 1990 δούλου
3503 1934 3602 2005 τὴν
3647 1935 3745 1986 τοῦ

2161 2037 2448 2110 ἀνθρώπου
2477 2032 3026 2108 προσαγορευομένην
3046 2029 3229 2082 οὐσίαν
3249 2045 3262 2057 ·
3293 2028 3343 2079 εἰ
3364 2026 3471 2096 γάρ
3500 2027 3531 2094 ή
3559 2023 3745 2094 μορφὴ

2160 2129 2254 2183 τοῦ
2288 2127 2444 2190 Θεοῦ,
2471 2126 2628 2179 ούσία
2654 2122 2750 2178 τοῦ
2781 2122 2916 2176 Θεοῦ
2941 2137 2955 2151 °
2979 2121 3306 2190 ἀμόρφωτον
3334 2117 3444 2188 γὰρ
3471 2116 3564 2170 καὶ
3595 2115 3745 2167 ἀνεί-

2161 2221 2279 2275 δεον
2304 2221 2364 2273 τδ
2389 2220 2561 2272 Θεῖον·
2592 2215 2795 2271 ἁπλοῦν
2829 2215 2888 2267 δὲ
2915 2213 3009 2266 καὶ
3040 2209 3332 2265 ἀσύνθετον
3361 2207 3455 2261 καὶ
3494 2203 3746 2274 ἀσχημά-

2160 2331 2362 2374 τιστον,
2393 2311 2486 2364 καὶ
2513 2312 2546 2382 ἠ
2586 2308 2680 2362 τοῦ
2707 2306 2895 2361 δούλου
2930 2304 3112 2375 μορφὴ
3141 2302 3384 2372 δηλονότι
3435 2300 3593 2352 οὐσία
3623 2297 3745 2350 δού-

2161 2405 2254 2458 λου
2295 2403 2515 2465 εἰκότως
2549 2401 2614 2455 ἀν
2658 2398 2908 2469 νοηθείη·
2943 2395 3100 2449 οὐσία
3128 2395 3185 2449 δὲ
3213 2393 3423 2455 δούλου,
3464 2391 3746 2444 τουτέστιν

2160 2491 2471 2564 ἀνθρώπου,
2495 2491 2556 2544 ού
2587 2489 2649 2543 τὸ
2674 2487 2999 2558 φαινόμενον
3033 2485 3193 2554 σῶμα
3229 2484 3410 2553 μόνον,
3433 2481 3570 2536 ἀλλά
3594 2483 3742 2534 πᾶσα

2159 2584 2254 2639 τοῦ
2284 2581 2571 2653 ἀνθρώπου
2601 2581 2634 2652 ἡ
2663 2579 2824 2649 φύσις
2854 2577 3006 2648 παρὰ
3047 2579 3160 2639 τοῖς
3187 2573 3563 2645 σωφρονοῦσιν
3592 2574 3743 2626 νενό-

2163 2693 2370 2749 μισται.
2394 2673 2536 2746 Πρὸς
2560 2672 2618 2725 δὲ
2638 2670 2848 2734 τούτοις
2866 2672 2914 2723 οἱ
2938 2667 3319 2738 πρωτοστάται
3341 2666 3441 2737 τῆς
3462 2665 3740 2729 ἀσεϐείας,

2160 2769 2254 2824 καὶ
2299 2767 2504 2838 πρῶτοι
2557 2763 2656 2834 τὴν
2705 2761 3054 2833 βλασφημίαν
3105 2761 3250 2812 κατά
3305 2758 3403 2828 τῆς
3457 2755 3741 2818 εὐσεϐείας

2161 2859 2582 2931 βλαστήσαντες,
2629 2854 2725 2908 καὶ
2768 2850 3112 2923 Χριστιανῶν
3161 2849 3259 2920 μὲν
3303 2850 3475 2918 δνομα
3520 2848 3741 2908 ἑαυτοῖς

2159 2950 2458 3012 ἐπιθέντες,
2488 2949 2670 3001 πᾶσαν
2703 2946 2760 3000 δὲ
2788 2947 2887 3015 τὴν
2914 2944 3175 2997 πολύθεον
3201 2941 3311 2995 τῶν
3338 2941 3568 2994 εἰδώλων
3601 2939 3732 2992 πλά-

2158 3059 2258 3113 νην
2286 3037 2830 3110 ύπερακοντίσαντες,
2860 3033 3148 3104 Μαρκίων,
3193 3033 3359 3102 φημὶ,
3394 3031 3488 3085 καὶ
3524 3030 3738 3099 Μάνης,

2160 3134 2254 3186 καὶ
2282 3133 2331 3186 ei
2356 3133 2453 3201 τῆς
2481 3129 2733 3200 λοιμικῆς
2757 3127 2935 3180 αὐτῶν
2962 3125 3235 3197 καθέδρας
3265 3125 3464 3195 μύσται
3507 3124 3601 3176 καὶ
3628 3123 3736 3189 γεί-

2157 3239 2328 3286 τονες,
2375 3221 2442 3274 δι’
2469 3219 2648 3272 αὐτῶν
2681 3216 2888 3271 τούτων
2914 3216 3024 3269 τῶν
3073 3215 3334 3287 ῥημάτων
3389 3213 3486 3285 τὴν
3531 3213 3742 3265 οἰκείαν

2157 3311 2542 3386 παραπληξίαν
2587 3309 2918 3382 μανθάνουσι
2939 3327 2954 3341 ο
2985 3308 3084 3377 τὴν
3117 3307 3257 3360 κατά
3300 3305 3478 3377 σάρκα
3505 3304 3616 3373 γὰρ
3647 3303 3743 3356 τοῦ

2156 3409 2362 3480 Κυρίου
2394 3405 2646 3476 γέννησιν
2673 3420 2732 3456 τε
2786 3401 2880 3455 καὶ
2902 3400 3317 3472 ὲνανθρώπησιν
3345 3400 3404 3452 ού
3433 3397 3740 3468 δεχόμενοι,

2155 3501 2415 3555 ἀκούουσι
2459 3498 2552 3553 τοῦ
2599 3497 2876 3550 θειοτάτου
2916 3494 3130 3549 Παύλου
3162 3493 3526 3555 διδάσκοντος,
3584 3489 3662 3553 ὡς
3706 3492 3743 3560 ἡ

2155 3593 2250 3646 τοῦ
2278 3591 2412 3646 Θεοῦ
2445 3588 2628 3662 μορφὴ
2655 3587 2814 3640 ἔλαϐε
2843 3586 2942 3657 τὴν
2974 3586 3070 3639 τοῦ
3099 3584 3288 3640 δούλου
3321 3584 3534 3654 μορφήν
3558 3597 3573 3612 ·
3606 3584 3639 3651 ή
3681 3580 3740 3632 δὲ

2155 3684 2248 3738 τοῦ
2305 3683 2490 3737 δούλου
2542 3681 2723 3752 μορφὴ
2764 3682 2826 3734 οὐ
2853 3679 3124 3750 φαντασία
3147 3695 3232 3740 τις
3275 3672 3375 3748 ἦν’,
3421 3674 3542 3729 οὐδὲ
3587 3672 3739 3735 σκιὰ,

2155 3773 2276 3827 οὐδὲ
2321 3773 2505 3842 ἀέριον
2561 3771 2828 3841 ῐνδαλμα,
2881 3770 2988 3823 οὐδ’
3033 3769 3161 3824 ἄλλο
3210 3785 3266 3820 τι
3309 3766 3420 3818 τῶν
3475 3763 3740 3819 τοιούτων

2157 3862 2645 3938 προσαγορεύεται,
2674 3862 2788 3916 ἀλλ’
2823 3863 2857 3933 ή
2891 3861 2986 3915 τοῦ
3008 3861 3196 3914 δούλου
3233 3859 3416 3929 φύσις.

2228 3957 2290 4010 Ei
2322 3955 2378 4009 δὲ
2407 3954 2476 4008 τά
2500 3954 2964 4025 έπαγόμεναὴμῖν
2983 3952 3392 4025 προϐάλλοιντο,
3418 3969 3438 4004 ι
3470 3953 3525 4003 ἐν
3543 3949 3739 4021 ὁμοιώ·

2159 4063 2290 4116 ματι
2321 4043 2610 4120 ἀνθρώπου
2639 4045 2949 4116 γενόμενος,
2979 4043 3075 4096 καὶ
3113 4043 3355 4113 σχήματι
3388 4039 3630 4111 εὑρεθεὶς
3658 4038 3736 4101 ὡς

2156 4139 2465 4213 ἄνθρωπος,
2508 4138 2650 4192 »καὶ
2703 4138 2764 4191 τὸ
2819 4139 2879 4190 έν
2924 4140 2992 4208 τῇ
3024 4136 3160 4206 πρὸς
3210 4134 3536 4205 Ῥωμαίους,
3593 4151 3611 4183 ι
3677 4132 3736 4183 έν

2160 4230 2466 4302 ὁμοιώματι
2516 4229 2715 4300 σαρκὸς
2757 4229 3051 4299 ἁμαρτίας,
3094 4245 3113 4278 ι
3164 4225 3382 4296 πρῶτον
3423 4223 3602 4276 αὐτῶν
3640 4223 3737 4293 τὴν

2159 4323 2344 4377 ἄνοιαν
2376 4322 2736 4392 διελέγξωμεν
2759 4340 2771 4352 ο
2803 4322 2852 4373 εί
2889 4321 2996 4390 γὰρ
3023 4319 3103 4385 τὸ,
3149 4339 3166 4370 ι
3205 4321 3264 4371 έν
3302 4317 3610 4388 ὁμοιώματι
3645 4318 3736 4369 ἀν-

2161 4413 2400 4485 θρώπου,
2427 4414 2520 4466 καὶ
2554 4414 2796 4484 σχήματι
2829 4411 3073 4483 εὑρεθεὶς
3101 4411 3176 4474 ὡς
3209 4409 3514 4481 ἄνθρωπος,
3553 4427 3572 4461 ι
3604 4426 3737 4476 φαν-

482 4497 824 4567 phantasiam
890 4496 1121 4565 aliquam
1191 4495 1482 4550 humanam
1539 4499 1821 4566 dcnotant,
1906 4502 2048 4555 servi

2159 4505 2350 4559 τασίαν
2383 4504 2505 4556 τινά
2533 4503 2877 4573 ἀνθρωπείαν
2911 4502 3080 4572 δηλοῖ,
3113 4504 3145 4573 ἡ
3180 4501 3236 4554 δὲ
3271 4501 3453 4572 μορφὴ
3488 4500 3584 4553 τοῦ
3618 4499 3738 4553 60:3-

482 4597 662 4642 autem
698 4585 892 4648 forma,
945 4594 1135 4640 natura
1187 4586 1422 4641 hominis
1474 4597 1596 4642 est:
1629 4590 2053 4644 contradicentia

483 4681 662 4750 posuit
707 4678 1018 4748 Apostolus.
1073 4678 1191 4734 Jam
1253 4679 1297 4733 si
1341 4679 1582 4749 Apostoli
1642 4687 1804 4737 verba
1833 4683 2056 4738 minime

484 4773 712 4828 invicem
730 4771 1130 4835 contradicunt,
1165 4785 1296 4828 sane
1322 4771 1602 4836 discimus,
1633 4773 1772 4827 servi
1802 4772 2054 4842 formam,

483 4867 626 4921 servi
661 4879 782 4922 esse
807 4865 1188 4920 substantiam.
1231 4864 1399 4919 Porro
1422 4864 1472 4917 in
1503 4864 1776 4919 hominum
1811 4865 2060 4920 similitu-

485 4958 665 5012 dinem
715 4953 858 5023 ﬁeri,
897 4966 952 5010 et
1005 4954 1192 5010 habitu
1237 4963 1312 5009 ut.
1336 4954 1609 5010 hominem
1655 4955 1907 5021 inveniri,
1973 4959 2050 5013 sic

484 5050 908 5120 intelligemus;
963 5063 1156 5118 nempe
1223 5047 1507 5102 Dominum
1569 5057 1812 5103 nostrum
1867 5048 2048 5105 Jesnm

483 5143 786 5208 Christum,
817 5151 1068 5196 naturam
1099 5148 1339 5194 nostram
1370 5139 1678 5204 habentem,
1711 5155 1814 5194 non
1847 5139 1898 5193 in
1923 5155 2056 5193 cun-

483 5235 589 5290 ctis
639 5235 793 5290 nobis
826 5234 992 5288 fuisse
1021 5231 1305 5302 aequalem.
1342 5230 1584 5299 Namque
1625 5240 1677 5285 et
1734 5232 1848 5300 ipse
1897 5242 2056 5287 natus

483 5338 566 5382 est
607 5329 676 5383 de
714 5327 960 5390 muliere,
1017 5326 1111 5381 sed
1169 5325 1272 5378 alia
1327 5339 1389 5378 ac
1440 5339 1538 5379 nos
1571 5325 1777 5380 ratione
1813 5341 1828 5392 ;
1859 5326 2058 5396 quippe

484 5421 573 5486 qui
631 5421 697 5473 de
752 5418 999 5489 virginali
1055 5417 1252 5486 prodiit
1305 5415 1480 5469 vulva.
1531 5415 1595 5471 Et
1628 5417 1787 5472 homo
1841 5418 2055 5487 quidem

555 5599 576 5628 ⁸
613 5599 767 5651 Rom.
803 5615 922 5664 vnt,
953 5602 1006 5653 5.

560 5773 636 5839 (1)
677 5769 930 5840 Intelligit
964 5771 1184 5827 Paulum
1220 5773 1670 5831 Samosatensem.

2155 4597 2268 4663 λου,
2302 4597 2460 4667 φύσις
2482 4595 2791 4667 ἀνθρώπου·
2815 4595 3034 4648 ἐναντία
3068 4594 3282 4664 τίθησιν
3305 4595 3334 4647 6
3383 4594 3734 4657 Ἀπόστολοςο

2157 4693 2205 4744 εί
2253 4691 2310 4744 δὲ
2341 4691 2439 4743 οὐκ
2471 4689 2686 4744 ἐναντία
2716 4688 2810 4741 τοῦ
2857 4687 3185 4742 ’Δποστόλου
3227 4688 3296 4740 τὰ
3335 4687 3577 4758 ῥήματα,
3625 4687 3726 4757 μά-

2158 4786 2340 4854 θωμεν
2368 4783 2441 4848 ὡς
2471 4785 2504 4853 ἡ
2538 4781 2632 4836 τοῦ
2662 4783 2848 4836 δούλου
2883 4783 3087 4855 μορφὴ,
3119 4781 3278 4835 οὐσία
3306 4781 3493 4834 δούλου
3540 4782 3736 4850 τυγχά-

2158 4893 2257 4930 νει.
2292 4875 2366 4926 Τὸ
2396 4874 2452 4927 δὲ
2496 4877 2552 4927 ὲν
2586 4873 3212 4945 δμοιώματιάνθρώπων
3240 4871 3320 4945 (οὶ)
3340 4872 3619 4942 γενέσθαι,
3647 4873 3735 4925 καὶ

2163 4967 2399 5036 σχήματι
2448 4965 2738 5036 εὑρεθῆναι
2776 4965 2852 5028 ώς
2898 4964 3206 5037 ἄνθρωπον,
3241 4963 3414 5027 οῦτως
3447 4965 3732 5034 νοήσομεν,

2156 5058 2236 5109 ὅτι
2287 5057 2316 5107 6
2359 5056 2560 5127 Κύριος
2606 5057 2762 5127 ἡμῶν
2803 5056 3008 5128 Ἰησοῦς
3051 5057 3284 5126 Χριστὸς
3321 5058 3421 5128 τὴν
3459 5059 3733 5129 ἡμετέραν

2155 5147 2292 5217 έχων
2327 5148 2507 5217 φύσιν,
2557 5149 2617 5200 οὺ
2653 5149 2794 5201 κατά
2835 5149 3015 5204 πάντα
3069 5149 3180 5212 ἴσος
3223 5151 3356 5219 ἡμῖν
3407 5150 3728 5218 έτύγχανεψ

2155 5237 2417 5305 ἐγεννήθη
2453 5237 2552 5305 μὲν
2584 5237 2691 5306 γάρ
2719 5239 2783 5291 ἐκ
2813 5240 3068 5307 γυναικὸς
3121 5237 3215 5290 καὶ
3263 5237 3447 5300 αὐτὸς,
3483 5237 3600 5290 ἀλλ’
3639 5239 3731 5307 οὐχ

2156 5326 2355 5395 ὁμοίως
2385 5327 2514 5397 ἡμῖν
2531 5344 2542 5356 °
2569 5328 2632 5380 ἐκ
2659 5326 2996 5397 παρθενικῆς
3020 5327 3128 5398 γὰρ
3153 5327 3453 5398 ἐϐλάστησε
3484 5329 3696 5399 μήτρας
3719 5345 3730 5356 ·

2159 5419 2251 5472 καὶ
2289 5419 2489 5482 τέλειος
2544 5419 2640 5489 μὲν
2689 5419 2972 5489 ἄνθρωπος
3021 5416 3086 5489 ἦν
3143 5419 3216 5483 ὠς
3270 5421 3465 5489 ἡμεῖς·
3515 5414 3627 5489 εἶχε
3681 5417 3733 5472 δὲ

2229 5778 2304 5848 (2)
2350 5777 2419 5833 ita
2455 5777 2540 5833 hic
2577 5777 2696 5833 cod.
2729 5785 2785 5832 ut
2823 5777 2872 5832 in
2913 5777 3038 5832 edit.
