  <div class='ocr_page' id='page_1' title='image "/cluster/home/n/w/nwhite01/storage/ocr_20150623/75/mdp.39015078384495/742.png"; bbox 0 0 4082 6258; ppageno 0'>
   <div class='ocr_carea' id='block_1_1' title="bbox 415 358 556 416">
    <p class='ocr_par' dir='ltr' id='par_1_1' title="bbox 415 358 556 416">
     <span class='ocr_line' id='line_1_1' title="bbox 415 358 556 416; baseline 0 -2"><span class='ocrx_word' id='word_1_1' title='bbox 415 358 438 414; x_wconf 72' lang='lat' dir='ltr'><strong>i</strong></span> <span class='ocrx_word' id='word_1_2' title='bbox 449 359 556 416; x_wconf 65' lang='grc'><strong>455</strong></span> 
     </span>
    </p>
   </div>
   <div class='ocr_carea' id='block_1_2' title="bbox 1577 362 2529 427">
    <p class='ocr_par' dir='ltr' id='par_1_2' title="bbox 1577 362 2529 427">
     <span class='ocr_line' id='line_1_2' title="bbox 1577 362 2529 427; baseline 0.006 -7"><span class='ocrx_word' id='word_1_3' title='bbox 1577 365 1668 422; x_wconf 85' lang='lat' dir='ltr'><strong>DE</strong></span> <span class='ocrx_word' id='word_1_4' title='bbox 1708 362 2234 426; x_wconf 68' lang='lat' dir='ltr'><strong>iNCAllNATIONE</strong></span> <span class='ocrx_word' id='word_1_5' title='bbox 2271 369 2529 427; x_wconf 76' lang='lat' dir='ltr'><strong>DOMINI.</strong></span> 
     </span>
    </p>
   </div>
   <div class='ocr_carea' id='block_1_3' title="bbox 3533 373 3672 430">
    <p class='ocr_par' dir='ltr' id='par_1_3' title="bbox 3533 373 3672 430">
     <span class='ocr_line' id='line_1_3' title="bbox 3533 373 3672 430; baseline 0 0"><span class='ocrx_word' id='word_1_6' title='bbox 3533 373 3672 430; x_wconf 63' lang='lat' dir='ltr'><strong>143i</strong></span> 
     </span>
    </p>
   </div>
   <div class='ocr_carea' id='block_1_4' title="bbox 417 475 1978 558">
    <p class='ocr_par' dir='ltr' id='par_1_4' title="bbox 417 475 1978 554">
     <span class='ocr_line' id='line_1_4' title="bbox 417 475 1978 554; baseline 0.004 -24"><span class='ocrx_word' id='word_1_7' title='bbox 417 477 580 530; x_wconf 83' lang='grc' dir='ltr'><strong>πλέον</strong></span> <span class='ocrx_word' id='word_1_8' title='bbox 618 475 748 546; x_wconf 84' lang='grc' dir='ltr'>ήμῖν</span> <span class='ocrx_word' id='word_1_9' title='bbox 791 478 888 532; x_wconf 89' lang='grc' dir='ltr'><strong>τοῦ</strong></span> <span class='ocrx_word' id='word_1_10' title='bbox 933 481 1068 534; x_wconf 88' lang='grc' dir='ltr'>Θεοῦ</span> <span class='ocrx_word' id='word_1_11' title='bbox 1113 482 1284 551; x_wconf 84' lang='grc' dir='ltr'>Λόγου</span> <span class='ocrx_word' id='word_1_12' title='bbox 1329 483 1428 554; x_wconf 80' lang='grc' dir='ltr'>τὴν</span> <span class='ocrx_word' id='word_1_13' title='bbox 1479 485 1750 554; x_wconf 88' lang='grc' dir='ltr'>ἐνοίκησίν</span> <span class='ocrx_word' id='word_1_14' title='bbox 1789 502 1848 536; x_wconf 88' lang='grc' dir='ltr'><strong>τε</strong></span> <span class='ocrx_word' id='word_1_15' title='bbox 1893 486 1978 538; x_wconf 68' lang='grc' dir='ltr'>καὶ</span> 
     </span>
    </p>
   </div>
   <div class='ocr_carea' id='block_1_5' title="bbox 2079 475 3665 558">
    <p class='ocr_par' dir='ltr' id='par_1_5' title="bbox 2089 486 3665 558">
     <span class='ocr_line' id='line_1_5' title="bbox 2089 486 3665 558; baseline -0.001 -18"><span class='ocrx_word' id='word_1_16' title='bbox 2089 486 2362 555; x_wconf 68' lang='lat' dir='ltr'><strong>perfectura</strong></span> <span class='ocrx_word' id='word_1_17' title='bbox 2387 497 2498 542; x_wconf 90' lang='lat' dir='ltr'><strong>erat</strong></span> <span class='ocrx_word' id='word_1_18' title='bbox 2515 502 2668 557; x_wconf 80' lang='lat' dir='ltr'><strong>aeque</strong></span> <span class='ocrx_word' id='word_1_19' title='bbox 2687 503 2749 542; x_wconf 88' lang='lat' dir='ltr'><strong>ac</strong></span> <span class='ocrx_word' id='word_1_20' title='bbox 2777 503 2873 542; x_wconf 90' lang='lat' dir='ltr'><strong>nos</strong></span> <span class='ocrx_word' id='word_1_21' title='bbox 2893 505 2908 550; x_wconf 84' lang='lat'>;</span> <span class='ocrx_word' id='word_1_22' title='bbox 2939 489 3032 544; x_wconf 91' lang='lat' dir='ltr'><strong>sed</strong></span> <span class='ocrx_word' id='word_1_23' title='bbox 3059 499 3252 558; x_wconf 70' lang='lat' dir='ltr'><strong>praeter</strong></span> <span class='ocrx_word' id='word_1_24' title='bbox 3269 503 3380 543; x_wconf 88' lang='lat' dir='ltr'><strong>rem</strong></span> <span class='ocrx_word' id='word_1_25' title='bbox 3403 501 3665 554; x_wconf 72' lang='lat' dir='ltr'><strong>nostram,</strong></span> 
     </span>
    </p>
   </div>
   <div class='ocr_carea' id='block_1_6' title="bbox 415 569 1991 644">
    <p class='ocr_par' dir='ltr' id='par_1_6' title="bbox 415 569 1991 644">
     <span class='ocr_line' id='line_1_6' title="bbox 415 569 1991 644; baseline 0.004 -22"><span class='ocrx_word' id='word_1_26' title='bbox 415 570 642 622; x_wconf 72' lang='grc' dir='ltr'>ἐνωσιν·</span> <span class='ocrx_word' id='word_1_27' title='bbox 681 570 774 622; x_wconf 77' lang='grc' dir='ltr'><strong>καὶ</strong></span> <span class='ocrx_word' id='word_1_28' title='bbox 805 570 986 641; x_wconf 89' lang='grc' dir='ltr'>σάρκα</span> <span class='ocrx_word' id='word_1_29' title='bbox 1018 574 1116 642; x_wconf 86' lang='grc' dir='ltr'>μὲν</span> <span class='ocrx_word' id='word_1_30' title='bbox 1146 569 1290 644; x_wconf 83' lang='grc' dir='ltr'>εἶχεν</span> <span class='ocrx_word' id='word_1_31' title='bbox 1333 573 1572 643; x_wconf 79' lang='grc' dir='ltr'>ἔμψυχόν</span> <span class='ocrx_word' id='word_1_32' title='bbox 1597 593 1659 626; x_wconf 84' lang='grc' dir='ltr'><strong>τε</strong></span> <span class='ocrx_word' id='word_1_33' title='bbox 1699 576 1792 628; x_wconf 77' lang='grc' dir='ltr'>καὶ</span> <span class='ocrx_word' id='word_1_34' title='bbox 1841 576 1991 644; x_wconf 85' lang='grc' dir='ltr'>λογι-</span> 
     </span>
    </p>
   </div>
   <div class='ocr_carea' id='block_1_7' title="bbox 413 659 1992 738">
    <p class='ocr_par' dir='ltr' id='par_1_7' title="bbox 413 659 1992 738">
     <span class='ocr_line' id='line_1_7' title="bbox 413 659 1992 738; baseline 0.005 -26"><span class='ocrx_word' id='word_1_35' title='bbox 413 659 514 727; x_wconf 84' lang='grc' dir='ltr'>κὴν</span> <span class='ocrx_word' id='word_1_36' title='bbox 555 661 635 720; x_wconf 80' lang='grc' dir='ltr'>ὡς</span> <span class='ocrx_word' id='word_1_37' title='bbox 680 661 860 730; x_wconf 83' lang='grc' dir='ltr'>ἡμεῖς,</span> <span class='ocrx_word' id='word_1_38' title='bbox 894 663 1000 716; x_wconf 82' lang='grc' dir='ltr'><strong>τῶν</strong></span> <span class='ocrx_word' id='word_1_39' title='bbox 1045 664 1100 716; x_wconf 79' lang='grc' dir='ltr'>δὲ</span> <span class='ocrx_word' id='word_1_40' title='bbox 1149 664 1248 733; x_wconf 80' lang='grc' dir='ltr'>τῆς</span> <span class='ocrx_word' id='word_1_41' title='bbox 1283 666 1555 736; x_wconf 87' lang='grc' dir='ltr'>ἁμαρτίας</span> <span class='ocrx_word' id='word_1_42' title='bbox 1596 668 1696 719; x_wconf 82' lang='grc' dir='ltr'><strong>οὐκ</strong></span> <span class='ocrx_word' id='word_1_43' title='bbox 1723 667 1992 738; x_wconf 76' lang='grc' dir='ltr'>ἠνέσχετο</span> 
     </span>
    </p>
   </div>
   <div class='ocr_carea' id='block_1_8' title="bbox 416 751 1990 828">
    <p class='ocr_par' dir='ltr' id='par_1_8' title="bbox 416 751 1990 828">
     <span class='ocr_line' id='line_1_8' title="bbox 416 751 1990 828; baseline 0.008 -28"><span class='ocrx_word' id='word_1_44' title='bbox 416 752 731 819; x_wconf 81' lang='grc' dir='ltr'><strong>κινημάτων</strong></span> <span class='ocrx_word' id='word_1_45' title='bbox 762 751 954 824; x_wconf 82' lang='grc' dir='ltr'>ὥσπερ</span> <span class='ocrx_word' id='word_1_46' title='bbox 983 756 1166 824; x_wconf 79' lang='grc' dir='ltr'>ἡμεῖς,</span> <span class='ocrx_word' id='word_1_47' title='bbox 1197 755 1310 808; x_wconf 85' lang='grc' dir='ltr'>ἀλλ’</span> <span class='ocrx_word' id='word_1_48' title='bbox 1347 755 1649 826; x_wconf 84' lang='grc' dir='ltr'>ἐνσώματι</span> <span class='ocrx_word' id='word_1_49' title='bbox 1687 758 1776 825; x_wconf 79' lang='grc' dir='ltr'><strong>ὑφ’</strong></span> <span class='ocrx_word' id='word_1_50' title='bbox 1811 759 1990 828; x_wconf 84' lang='grc' dir='ltr'>ἀμαρ-</span> 
     </span>
    </p>
   </div>
   <div class='ocr_carea' id='block_1_9' title="bbox 413 841 1994 916">
    <p class='ocr_par' dir='ltr' id='par_1_9' title="bbox 413 841 1994 916">
     <span class='ocr_line' id='line_1_9' title="bbox 413 841 1994 916; baseline 0.008 -26"><span class='ocrx_word' id='word_1_51' title='bbox 413 841 534 901; x_wconf 83' lang='grc' dir='ltr'>τίας</span> <span class='ocrx_word' id='word_1_52' title='bbox 565 841 976 914; x_wconf 76' lang='grc' dir='ltr'><strong>πολεμουμένῳ,</strong></span> <span class='ocrx_word' id='word_1_53' title='bbox 995 847 1094 914; x_wconf 82' lang='grc' dir='ltr'>τὴν</span> <span class='ocrx_word' id='word_1_54' title='bbox 1119 846 1218 916; x_wconf 86' lang='grc' dir='ltr'>τῆς</span> <span class='ocrx_word' id='word_1_55' title='bbox 1251 847 1524 916; x_wconf 81' lang='grc' dir='ltr'>ἁμαρτίας</span> <span class='ocrx_word' id='word_1_56' title='bbox 1551 848 1842 916; x_wconf 75' lang='grc' dir='ltr'>τυραννίδα</span> <span class='ocrx_word' id='word_1_57' title='bbox 1861 865 1994 902; x_wconf 89' lang='grc' dir='ltr'>κατ-</span> 
     </span>
    </p>
   </div>
   <div class='ocr_carea' id='block_1_10' title="bbox 414 929 1992 1010">
    <p class='ocr_par' dir='ltr' id='par_1_10' title="bbox 414 929 1992 1010">
     <span class='ocr_line' id='line_1_10' title="bbox 414 929 1992 1010; baseline 0.008 -30"><span class='ocrx_word' id='word_1_58' title='bbox 414 929 602 984; x_wconf 87' lang='grc' dir='ltr'>έλυσε·</span> <span class='ocrx_word' id='word_1_59' title='bbox 653 932 741 986; x_wconf 85' lang='grc' dir='ltr'>διὰ</span> <span class='ocrx_word' id='word_1_60' title='bbox 788 935 946 988; x_wconf 81' lang='grc' dir='ltr'>τοῦτο</span> <span class='ocrx_word' id='word_1_61' title='bbox 1012 939 1070 989; x_wconf 74' lang='grc' dir='ltr'>ἐν</span> <span class='ocrx_word' id='word_1_62' title='bbox 1137 937 1440 1010; x_wconf 79' lang='grc' dir='ltr'><strong>ὁμοιώματι</strong></span> <span class='ocrx_word' id='word_1_63' title='bbox 1490 938 1776 1010; x_wconf 84' lang='grc' dir='ltr'>ἀνθρώπου</span> <span class='ocrx_word' id='word_1_64' title='bbox 1839 941 1992 1008; x_wconf 87' lang='grc' dir='ltr'>γενό-</span> 
     </span>
    </p>
   </div>
   <div class='ocr_carea' id='block_1_11' title="bbox 416 1025 1992 1101">
    <p class='ocr_par' dir='ltr' id='par_1_11' title="bbox 416 1025 1992 1101">
     <span class='ocr_line' id='line_1_11' title="bbox 416 1025 1992 1101; baseline 0.008 -28"><span class='ocrx_word' id='word_1_65' title='bbox 416 1039 594 1090; x_wconf 91' lang='grc' dir='ltr'>μενος,</span> <span class='ocrx_word' id='word_1_66' title='bbox 629 1025 724 1077; x_wconf 76' lang='grc' dir='ltr'><strong>καὶ</strong></span> <span class='ocrx_word' id='word_1_67' title='bbox 773 1027 1010 1096; x_wconf 85' lang='grc' dir='ltr'>σχήματι</span> <span class='ocrx_word' id='word_1_68' title='bbox 1043 1029 1284 1100; x_wconf 76' lang='grc' dir='ltr'>εὑρεθεὶς</span> <span class='ocrx_word' id='word_1_69' title='bbox 1334 1030 1410 1093; x_wconf 85' lang='grc' dir='ltr'>ὡς</span> <span class='ocrx_word' id='word_1_70' title='bbox 1462 1030 1768 1101; x_wconf 79' lang='grc' dir='ltr'>ἄνθρωπος,</span> <span class='ocrx_word' id='word_1_71' title='bbox 1801 1031 1992 1085; x_wconf 78' lang='grc' dir='ltr'>ἐαυτὸν</span> 
     </span>
    </p>
   </div>
   <div class='ocr_carea' id='block_1_12' title="bbox 411 1114 1990 1192">
    <p class='ocr_par' dir='ltr' id='par_1_12' title="bbox 411 1114 1990 1192">
     <span class='ocr_line' id='line_1_12' title="bbox 411 1114 1990 1192; baseline 0.008 -28"><span class='ocrx_word' id='word_1_72' title='bbox 411 1114 796 1177; x_wconf 78' lang='grc' dir='ltr'><strong>ἐταπείνωσεν,</strong></span> <span class='ocrx_word' id='word_1_73' title='bbox 831 1118 1116 1188; x_wconf 86' lang='grc' dir='ltr'>γενόμενος</span> <span class='ocrx_word' id='word_1_74' title='bbox 1151 1119 1389 1191; x_wconf 79' lang='grc' dir='ltr'><strong>ὑπήκοος</strong></span> <span class='ocrx_word' id='word_1_75' title='bbox 1423 1121 1586 1192; x_wconf 84' lang='grc' dir='ltr'>μέχρι</span> <span class='ocrx_word' id='word_1_76' title='bbox 1617 1121 1868 1184; x_wconf 87' lang='grc' dir='ltr'>θανάτου,</span> <span class='ocrx_word' id='word_1_77' title='bbox 1895 1122 1990 1176; x_wconf 80' lang='grc' dir='ltr'>θα-</span> 
     </span>
    </p>
   </div>
   <div class='ocr_carea' id='block_1_13' title="bbox 411 1203 1992 1282">
    <p class='ocr_par' dir='ltr' id='par_1_13' title="bbox 411 1203 1992 1282">
     <span class='ocr_line' id='line_1_13' title="bbox 411 1203 1992 1282; baseline 0.007 -27"><span class='ocrx_word' id='word_1_78' title='bbox 411 1203 574 1256; x_wconf 82' lang='grc' dir='ltr'>νάτου</span> <span class='ocrx_word' id='word_1_79' title='bbox 604 1205 658 1258; x_wconf 84' lang='grc' dir='ltr'>δὲ</span> <span class='ocrx_word' id='word_1_80' title='bbox 689 1207 918 1276; x_wconf 81' lang='grc' dir='ltr'>σταυροῦ</span> <span class='ocrx_word' id='word_1_81' title='bbox 943 1223 954 1235; x_wconf 85' lang='grc'><em>’</em></span> <span class='ocrx_word' id='word_1_82' title='bbox 1003 1209 1096 1260; x_wconf 79' lang='grc' dir='ltr'><strong>καὶ</strong></span> <span class='ocrx_word' id='word_1_83' title='bbox 1122 1211 1254 1264; x_wconf 82' lang='grc' dir='ltr'>αὐτὸ</span> <span class='ocrx_word' id='word_1_84' title='bbox 1283 1210 1340 1264; x_wconf 89' lang='grc' dir='ltr'>δὲ</span> <span class='ocrx_word' id='word_1_85' title='bbox 1381 1211 1442 1264; x_wconf 83' lang='grc' dir='ltr'><strong>τὸ</strong></span> <span class='ocrx_word' id='word_1_86' title='bbox 1477 1211 1648 1280; x_wconf 78' lang='grc' dir='ltr'>ὄνομα</span> <span class='ocrx_word' id='word_1_87' title='bbox 1681 1213 1780 1282; x_wconf 82' lang='grc' dir='ltr'>τῆς</span> <span class='ocrx_word' id='word_1_88' title='bbox 1809 1231 1992 1268; x_wconf 85' lang='grc' dir='ltr'>ταπει-</span> 
     </span>
    </p>
   </div>
   <div class='ocr_carea' id='block_1_14' title="bbox 418 1292 1984 1372">
    <p class='ocr_par' dir='ltr' id='par_1_14' title="bbox 418 1292 1984 1372">
     <span class='ocr_line' id='line_1_14' title="bbox 418 1292 1984 1372; baseline 0.008 -28"><span class='ocrx_word' id='word_1_89' title='bbox 418 1292 630 1356; x_wconf 73' lang='grc' dir='ltr'>νώσεως</span> <span class='ocrx_word' id='word_1_90' title='bbox 674 1294 824 1366; x_wconf 81' lang='grc' dir='ltr'>δηλοῖ</span> <span class='ocrx_word' id='word_1_91' title='bbox 863 1296 961 1367; x_wconf 77' lang='grc' dir='ltr'>τὴν</span> <span class='ocrx_word' id='word_1_92' title='bbox 1003 1298 1100 1366; x_wconf 87' lang='grc' dir='ltr'>τῆς</span> <span class='ocrx_word' id='word_1_93' title='bbox 1143 1303 1404 1370; x_wconf 81' lang='grc' dir='ltr'><strong>ταπεινῆς</strong></span> <span class='ocrx_word' id='word_1_94' title='bbox 1439 1301 1708 1372; x_wconf 75' lang='grc' dir='ltr'><strong>ἀνάληψιν</strong></span> <span class='ocrx_word' id='word_1_95' title='bbox 1755 1304 1984 1372; x_wconf 68' lang='grc' dir='ltr'>φύσεως.</span> 
     </span>
    </p>
   </div>
   <div class='ocr_carea' id='block_1_15' title="bbox 415 1384 1988 1466">
    <p class='ocr_par' dir='ltr' id='par_1_15' title="bbox 415 1384 1988 1466">
     <span class='ocr_line' id='line_1_15' title="bbox 415 1384 1988 1466; baseline 0.01 -31"><span class='ocrx_word' id='word_1_96' title='bbox 415 1384 625 1448; x_wconf 77' lang='grc' dir='ltr'>Ἀλλως</span> <span class='ocrx_word' id='word_1_97' title='bbox 663 1403 720 1438; x_wconf 90' lang='grc' dir='ltr'><strong>τε</strong></span> <span class='ocrx_word' id='word_1_98' title='bbox 751 1389 878 1456; x_wconf 72' lang='grc' dir='ltr'>περὶ</span> <span class='ocrx_word' id='word_1_99' title='bbox 908 1389 1002 1440; x_wconf 89' lang='grc' dir='ltr'><strong>τοῦ</strong></span> <span class='ocrx_word' id='word_1_100' title='bbox 1033 1391 1090 1442; x_wconf 78' lang='grc' dir='ltr'><strong>έν</strong></span> <span class='ocrx_word' id='word_1_101' title='bbox 1123 1394 1304 1463; x_wconf 80' lang='grc' dir='ltr'>μορφῇ</span> <span class='ocrx_word' id='word_1_102' title='bbox 1341 1392 1475 1445; x_wconf 87' lang='grc' dir='ltr'>Θεοῦ</span> <span class='ocrx_word' id='word_1_103' title='bbox 1504 1393 1839 1466; x_wconf 84' lang='grc' dir='ltr'>ὑπάρχοντος</span> <span class='ocrx_word' id='word_1_104' title='bbox 1870 1396 1988 1450; x_wconf 87' lang='grc' dir='ltr'>δια-</span> 
     </span>
    </p>
   </div>
   <div class='ocr_carea' id='block_1_16' title="bbox 408 1475 1988 1555">
    <p class='ocr_par' dir='ltr' id='par_1_16' title="bbox 408 1475 1988 1555">
     <span class='ocr_line' id='line_1_16' title="bbox 408 1475 1988 1555; baseline 0.008 -29"><span class='ocrx_word' id='word_1_105' title='bbox 408 1475 722 1546; x_wconf 88' lang='grc' dir='ltr'>λεγόμενος,</span> <span class='ocrx_word' id='word_1_106' title='bbox 771 1479 1084 1550; x_wconf 67' lang='grc' dir='ltr'>ἐπήγαγεν*</span> <span class='ocrx_word' id='word_1_107' title='bbox 1140 1499 1159 1533; x_wconf 77' lang='lat' dir='ltr'><strong>t</strong></span> <span class='ocrx_word' id='word_1_108' title='bbox 1221 1483 1306 1538; x_wconf 87' lang='grc' dir='ltr'>Ἐν</span> <span class='ocrx_word' id='word_1_109' title='bbox 1337 1483 1642 1554; x_wconf 79' lang='grc' dir='ltr'>ὁμοιώματι</span> <span class='ocrx_word' id='word_1_110' title='bbox 1687 1485 1988 1555; x_wconf 82' lang='grc' dir='ltr'>ἀνθρώπων</span> 
     </span>
    </p>
   </div>
   <div class='ocr_carea' id='block_1_17' title="bbox 409 1563 1980 1644">
    <p class='ocr_par' dir='ltr' id='par_1_17' title="bbox 409 1563 1980 1644">
     <span class='ocr_line' id='line_1_17' title="bbox 409 1563 1980 1644; baseline 0.009 -30"><span class='ocrx_word' id='word_1_111' title='bbox 409 1563 721 1633; x_wconf 82' lang='grc' dir='ltr'>γενόμενος,</span> <span class='ocrx_word' id='word_1_112' title='bbox 753 1567 846 1618; x_wconf 79' lang='grc' dir='ltr'><strong>καὶ</strong></span> <span class='ocrx_word' id='word_1_113' title='bbox 892 1571 1130 1638; x_wconf 84' lang='grc' dir='ltr'>σχήματι</span> <span class='ocrx_word' id='word_1_114' title='bbox 1177 1571 1420 1641; x_wconf 75' lang='grc' dir='ltr'>εὑρεθεὶς</span> <span class='ocrx_word' id='word_1_115' title='bbox 1475 1574 1550 1636; x_wconf 85' lang='grc' dir='ltr'>ὼς</span> <span class='ocrx_word' id='word_1_116' title='bbox 1597 1573 1901 1644; x_wconf 77' lang='grc' dir='ltr'>ἄνθρωπος,</span> <span class='ocrx_word' id='word_1_117' title='bbox 1963 1597 1980 1628; x_wconf 77' lang='grc' dir='ltr'><strong>ι</strong></span> 
     </span>
    </p>
   </div>
   <div class='ocr_carea' id='block_1_18' title="bbox 407 1653 1988 1736">
    <p class='ocr_par' dir='ltr' id='par_1_18' title="bbox 407 1653 1988 1736">
     <span class='ocr_line' id='line_1_18' title="bbox 407 1653 1988 1736; baseline 0.011 -32"><span class='ocrx_word' id='word_1_118' title='bbox 407 1653 674 1706; x_wconf 78' lang='grc' dir='ltr'><strong>διδάσκων</strong></span> <span class='ocrx_word' id='word_1_119' title='bbox 705 1655 787 1707; x_wconf 83' lang='grc' dir='ltr'><strong>ὅτι</strong></span> <span class='ocrx_word' id='word_1_120' title='bbox 832 1658 860 1709; x_wconf 87' lang='grc' dir='ltr'><strong>ό</strong></span> <span class='ocrx_word' id='word_1_121' title='bbox 889 1657 1180 1728; x_wconf 79' lang='grc' dir='ltr'>ἀσώματος</span> <span class='ocrx_word' id='word_1_122' title='bbox 1219 1660 1355 1714; x_wconf 83' lang='grc' dir='ltr'>Θεοῦ</span> <span class='ocrx_word' id='word_1_123' title='bbox 1385 1662 1558 1730; x_wconf 85' lang='grc' dir='ltr'><strong>Λόγος</strong></span> <span class='ocrx_word' id='word_1_124' title='bbox 1599 1666 1676 1727; x_wconf 85' lang='grc' dir='ltr'>ὡς</span> <span class='ocrx_word' id='word_1_125' title='bbox 1703 1665 1988 1736; x_wconf 78' lang='grc' dir='ltr'>ἄνθρωπος</span> 
     </span>
    </p>
   </div>
   <div class='ocr_carea' id='block_1_19' title="bbox 408 1740 1986 1820">
    <p class='ocr_par' dir='ltr' id='par_1_19' title="bbox 408 1740 1986 1820">
     <span class='ocr_line' id='line_1_19' title="bbox 408 1740 1986 1820; baseline 0.013 -30"><span class='ocrx_word' id='word_1_126' title='bbox 408 1740 588 1811; x_wconf 68' lang='grc' dir='ltr'>ὤφθη,</span> <span class='ocrx_word' id='word_1_127' title='bbox 613 1742 772 1812; x_wconf 76' lang='grc' dir='ltr'>φύσιν</span> <span class='ocrx_word' id='word_1_128' title='bbox 802 1744 1147 1815; x_wconf 77' lang='grc' dir='ltr'><strong>ἀνθρωπείαν</strong></span> <span class='ocrx_word' id='word_1_129' title='bbox 1177 1749 1463 1804; x_wconf 80' lang='grc' dir='ltr'>ἀναλαϐών</span> <span class='ocrx_word' id='word_1_130' title='bbox 1483 1771 1495 1782; x_wconf 90' lang='grc'>·</span> <span class='ocrx_word' id='word_1_131' title='bbox 1531 1751 1612 1804; x_wconf 78' lang='grc' dir='ltr'><strong>διὸ</strong></span> <span class='ocrx_word' id='word_1_132' title='bbox 1651 1754 1744 1806; x_wconf 73' lang='grc' dir='ltr'>καὶ.</span> <span class='ocrx_word' id='word_1_133' title='bbox 1775 1756 1834 1807; x_wconf 79' lang='grc' dir='ltr'><strong>τὸ</strong></span> <span class='ocrx_word' id='word_1_134' title='bbox 1863 1775 1881 1805; x_wconf 78' lang='grc' dir='ltr'><strong>ι</strong></span> <span class='ocrx_word' id='word_1_135' title='bbox 1912 1757 1986 1820; x_wconf 84' lang='grc' dir='ltr'>ὡς</span> 
     </span>
    </p>
   </div>
   <div class='ocr_carea' id='block_1_20' title="bbox 405 1831 1985 1915">
    <p class='ocr_par' dir='ltr' id='par_1_20' title="bbox 405 1831 1985 1915">
     <span class='ocr_line' id='line_1_20' title="bbox 405 1831 1985 1915; baseline 0.011 -32"><span class='ocrx_word' id='word_1_136' title='bbox 405 1831 692 1902; x_wconf 67' lang='grc' dir='ltr'>ἄνθρωπος</span> <span class='ocrx_word' id='word_1_137' title='bbox 729 1853 746 1884; x_wconf 76' lang='grc' dir='ltr'><strong>ι</strong></span> <span class='ocrx_word' id='word_1_138' title='bbox 779 1835 1042 1902; x_wconf 82' lang='grc' dir='ltr'>τέθεικεν,</span> <span class='ocrx_word' id='word_1_139' title='bbox 1066 1839 1154 1893; x_wconf 82' lang='grc' dir='ltr'>ἴνα</span> <span class='ocrx_word' id='word_1_140' title='bbox 1185 1839 1260 1910; x_wconf 83' lang='grc' dir='ltr'>μὴ</span> <span class='ocrx_word' id='word_1_141' title='bbox 1283 1843 1493 1912; x_wconf 85' lang='grc' dir='ltr'>τροπήν</span> <span class='ocrx_word' id='word_1_142' title='bbox 1516 1860 1635 1896; x_wconf 82' lang='grc' dir='ltr'>τινα</span> <span class='ocrx_word' id='word_1_143' title='bbox 1663 1847 1985 1915; x_wconf 74' lang='grc' dir='ltr'>γεγενῆσθαι</span> 
     </span>
    </p>
   </div>
   <div class='ocr_carea' id='block_1_21' title="bbox 405 1923 1986 2006">
    <p class='ocr_par' dir='ltr' id='par_1_21' title="bbox 405 1923 1986 2006">
     <span class='ocr_line' id='line_1_21' title="bbox 405 1923 1986 2006; baseline 0.011 -32"><span class='ocrx_word' id='word_1_144' title='bbox 405 1923 721 1996; x_wconf 89' lang='grc' dir='ltr'>νομίσωμεν</span> <span class='ocrx_word' id='word_1_145' title='bbox 745 1925 840 1980; x_wconf 86' lang='grc' dir='ltr'><strong>τοῦ</strong></span> <span class='ocrx_word' id='word_1_146' title='bbox 869 1929 1100 2000; x_wconf 77' lang='grc' dir='ltr'>ἀοράτου</span> <span class='ocrx_word' id='word_1_147' title='bbox 1144 1931 1302 1997; x_wconf 87' lang='grc' dir='ltr'>Θεοῦ,</span> <span class='ocrx_word' id='word_1_148' title='bbox 1335 1934 1472 1988; x_wconf 84' lang='grc' dir='ltr'><strong>ἀλλά</strong></span> <span class='ocrx_word' id='word_1_149' title='bbox 1506 1936 1885 2006; x_wconf 90' lang='grc' dir='ltr'>πιστεύσωμεν</span> <span class='ocrx_word' id='word_1_150' title='bbox 1905 1940 1986 1992; x_wconf 83' lang='grc' dir='ltr'><strong>ὅτι</strong></span> 
     </span>
    </p>
   </div>
   <div class='ocr_carea' id='block_1_22' title="bbox 407 2016 1987 2096">
    <p class='ocr_par' dir='ltr' id='par_1_22' title="bbox 407 2016 1987 2096">
     <span class='ocr_line' id='line_1_22' title="bbox 407 2016 1987 2096; baseline 0.009 -29"><span class='ocrx_word' id='word_1_151' title='bbox 407 2016 588 2086; x_wconf 83' lang='grc' dir='ltr'>σάρκα</span> <span class='ocrx_word' id='word_1_152' title='bbox 620 2017 800 2071; x_wconf 80' lang='grc' dir='ltr'>λαϐὼν</span> <span class='ocrx_word' id='word_1_153' title='bbox 829 2018 1069 2091; x_wconf 77' lang='grc' dir='ltr'>ἔμψυχόν</span> <span class='ocrx_word' id='word_1_154' title='bbox 1110 2041 1171 2076; x_wconf 89' lang='grc' dir='ltr'><strong>τε</strong></span> <span class='ocrx_word' id='word_1_155' title='bbox 1211 2023 1306 2077; x_wconf 78' lang='grc' dir='ltr'>καὶ</span> <span class='ocrx_word' id='word_1_156' title='bbox 1340 2024 1588 2096; x_wconf 86' lang='grc' dir='ltr'>λογικὴν,</span> <span class='ocrx_word' id='word_1_157' title='bbox 1635 2027 1767 2090; x_wconf 81' lang='grc' dir='ltr'>Θεὸς</span> <span class='ocrx_word' id='word_1_158' title='bbox 1810 2028 1886 2081; x_wconf 81' lang='grc' dir='ltr'>ὢν</span> <span class='ocrx_word' id='word_1_159' title='bbox 1929 2032 1987 2082; x_wconf 86' lang='grc' dir='ltr'>ἐν</span> 
     </span>
    </p>
   </div>
   <div class='ocr_carea' id='block_1_23' title="bbox 403 2105 1985 2190">
    <p class='ocr_par' dir='ltr' id='par_1_23' title="bbox 403 2105 1985 2190">
     <span class='ocr_line' id='line_1_23' title="bbox 403 2105 1985 2190; baseline 0.01 -35"><span class='ocrx_word' id='word_1_160' title='bbox 403 2105 714 2176; x_wconf 81' lang='grc' dir='ltr'>ὁμοιώματι</span> <span class='ocrx_word' id='word_1_161' title='bbox 749 2109 1040 2180; x_wconf 86' lang='grc' dir='ltr'>ἀνθρώπου</span> <span class='ocrx_word' id='word_1_162' title='bbox 1089 2113 1326 2180; x_wconf 79' lang='grc' dir='ltr'>ἐγένετο,</span> <span class='ocrx_word' id='word_1_163' title='bbox 1375 2115 1468 2170; x_wconf 78' lang='grc' dir='ltr'>καὶ</span> <span class='ocrx_word' id='word_1_164' title='bbox 1513 2119 1752 2187; x_wconf 82' lang='grc' dir='ltr'>σχήματι</span> <span class='ocrx_word' id='word_1_165' title='bbox 1788 2118 1985 2190; x_wconf 79' lang='grc' dir='ltr'>εὑρέθη</span> 
     </span>
    </p>
   </div>
   <div class='ocr_carea' id='block_1_24' title="bbox 401 2197 1988 2281">
    <p class='ocr_par' dir='ltr' id='par_1_24' title="bbox 401 2197 1988 2281">
     <span class='ocr_line' id='line_1_24' title="bbox 401 2197 1988 2281; baseline 0.009 -33"><span class='ocrx_word' id='word_1_166' title='bbox 401 2197 480 2259; x_wconf 84' lang='grc' dir='ltr'>ὡς</span> <span class='ocrx_word' id='word_1_167' title='bbox 519 2197 836 2268; x_wconf 83' lang='grc' dir='ltr'>ἄνθρωπος·</span> <span class='ocrx_word' id='word_1_168' title='bbox 881 2200 1052 2265; x_wconf 80' lang='grc' dir='ltr'>οὕτως</span> <span class='ocrx_word' id='word_1_169' title='bbox 1099 2205 1127 2256; x_wconf 83' lang='grc' dir='ltr'><strong>ὁ</strong></span> <span class='ocrx_word' id='word_1_170' title='bbox 1174 2205 1348 2274; x_wconf 84' lang='grc' dir='ltr'>μέγας</span> <span class='ocrx_word' id='word_1_171' title='bbox 1385 2207 1485 2278; x_wconf 80' lang='grc' dir='ltr'>τῆς</span> <span class='ocrx_word' id='word_1_172' title='bbox 1523 2208 1804 2272; x_wconf 78' lang='grc' dir='ltr'>εὐσεϐείας</span> <span class='ocrx_word' id='word_1_173' title='bbox 1856 2227 1988 2281; x_wconf 82' lang='grc' dir='ltr'>προ-</span> 
     </span>
    </p>
   </div>
   <div class='ocr_carea' id='block_1_25' title="bbox 403 2290 1986 2364">
    <p class='ocr_par' dir='ltr' id='par_1_25' title="bbox 403 2290 1986 2364">
     <span class='ocr_line' id='line_1_25' title="bbox 403 2290 1986 2364; baseline 0.01 -25"><span class='ocrx_word' id='word_1_174' title='bbox 403 2290 733 2356; x_wconf 75' lang='grc' dir='ltr'>ἀγωνιστὴς,</span> <span class='ocrx_word' id='word_1_175' title='bbox 766 2293 794 2343; x_wconf 89' lang='grc' dir='ltr'><strong>ό</strong></span> <span class='ocrx_word' id='word_1_176' title='bbox 826 2293 1096 2363; x_wconf 86' lang='grc' dir='ltr'>μακάριος</span> <span class='ocrx_word' id='word_1_177' title='bbox 1129 2294 1272 2364; x_wconf 87' lang='grc' dir='ltr'>λέγω</span> <span class='ocrx_word' id='word_1_178' title='bbox 1299 2297 1531 2364; x_wconf 80' lang='grc' dir='ltr'>Παῦλος,</span> <span class='ocrx_word' id='word_1_179' title='bbox 1549 2300 1618 2352; x_wconf 78' lang='grc' dir='ltr'><strong>τά</strong></span> <span class='ocrx_word' id='word_1_180' title='bbox 1643 2301 1864 2354; x_wconf 84' lang='grc' dir='ltr'>ποικίλα</span> <span class='ocrx_word' id='word_1_181' title='bbox 1892 2303 1986 2354; x_wconf 74' lang='grc' dir='ltr'>καὶ</span> 
     </span>
    </p>
   </div>
   <div class='ocr_carea' id='block_1_26' title="bbox 401 2376 1985 2458">
    <p class='ocr_par' dir='ltr' id='par_1_26' title="bbox 401 2376 1985 2458">
     <span class='ocr_line' id='line_1_26' title="bbox 401 2376 1985 2458; baseline 0.009 -30"><span class='ocrx_word' id='word_1_182' title='bbox 401 2376 636 2446; x_wconf 62' lang='grc' dir='ltr'>διάφορα</span> <span class='ocrx_word' id='word_1_183' title='bbox 690 2379 800 2432; x_wconf 86' lang='grc' dir='ltr'>τῶν</span> <span class='ocrx_word' id='word_1_184' title='bbox 856 2383 1148 2452; x_wconf 75' lang='grc' dir='ltr'>αἱρετικῶν</span> <span class='ocrx_word' id='word_1_185' title='bbox 1197 2386 1462 2438; x_wconf 82' lang='grc' dir='ltr'>κατέλυσε</span> <span class='ocrx_word' id='word_1_186' title='bbox 1511 2388 1773 2458; x_wconf 87' lang='grc' dir='ltr'>στόματα.</span> <span class='ocrx_word' id='word_1_187' title='bbox 1843 2389 1985 2442; x_wconf 81' lang='grc' dir='ltr'>Ἀλλ’</span> 
     </span>
    </p>
   </div>
   <div class='ocr_carea' id='block_1_27' title="bbox 403 2469 1985 2553">
    <p class='ocr_par' dir='ltr' id='par_1_27' title="bbox 403 2469 1985 2553">
     <span class='ocr_line' id='line_1_27' title="bbox 403 2469 1985 2553; baseline 0.011 -33"><span class='ocrx_word' id='word_1_188' title='bbox 403 2469 646 2524; x_wconf 81' lang='grc' dir='ltr'>ἐνταῦθα</span> <span class='ocrx_word' id='word_1_189' title='bbox 681 2471 780 2542; x_wconf 85' lang='grc' dir='ltr'>μὲν</span> <span class='ocrx_word' id='word_1_190' title='bbox 828 2475 971 2544; x_wconf 83' lang='grc' dir='ltr'>ἡμᾶς</span> <span class='ocrx_word' id='word_1_191' title='bbox 1004 2477 1032 2528; x_wconf 89' lang='grc' dir='ltr'><strong>ό</strong></span> <span class='ocrx_word' id='word_1_192' title='bbox 1063 2477 1235 2544; x_wconf 88' lang='grc' dir='ltr'>Λόγος</span> <span class='ocrx_word' id='word_1_193' title='bbox 1263 2481 1598 2550; x_wconf 84' lang='grc' dir='ltr'>παρήνεγκε,</span> <span class='ocrx_word' id='word_1_194' title='bbox 1631 2483 1732 2553; x_wconf 81' lang='grc' dir='ltr'>τὴν</span> <span class='ocrx_word' id='word_1_195' title='bbox 1765 2484 1874 2536; x_wconf 84' lang='grc' dir='ltr'>τῶν</span> <span class='ocrx_word' id='word_1_196' title='bbox 1901 2487 1985 2537; x_wconf 72' lang='lat' dir='ltr'><strong>ai—</strong></span> 
     </span>
    </p>
   </div>
   <div class='ocr_carea' id='block_1_28' title="bbox 403 2560 1983 2641">
    <p class='ocr_par' dir='ltr' id='par_1_28' title="bbox 403 2560 1983 2641">
     <span class='ocr_line' id='line_1_28' title="bbox 403 2560 1983 2641; baseline 0.011 -31"><span class='ocrx_word' id='word_1_197' title='bbox 403 2560 639 2629; x_wconf 80' lang='grc' dir='ltr'>ρετικῶν</span> <span class='ocrx_word' id='word_1_198' title='bbox 670 2563 907 2633; x_wconf 75' lang='grc' dir='ltr'><strong>ἐλέγχων</strong></span> <span class='ocrx_word' id='word_1_199' title='bbox 936 2566 1358 2636; x_wconf 79' lang='grc' dir='ltr'>ἐμϐροντησίαν,</span> <span class='ocrx_word' id='word_1_200' title='bbox 1389 2571 1484 2623; x_wconf 83' lang='grc' dir='ltr'><strong>καὶ</strong></span> <span class='ocrx_word' id='word_1_201' title='bbox 1513 2571 1648 2641; x_wconf 85' lang='grc' dir='ltr'>δῆλα</span> <span class='ocrx_word' id='word_1_202' title='bbox 1677 2574 1848 2628; x_wconf 80' lang='grc' dir='ltr'>ποιῶν</span> <span class='ocrx_word' id='word_1_203' title='bbox 1872 2577 1983 2638; x_wconf 86' lang='grc' dir='ltr'>τοῖς</span> 
     </span>
    </p>
   </div>
   <div class='ocr_carea' id='block_1_29' title="bbox 399 2651 1978 2735">
    <p class='ocr_par' dir='ltr' id='par_1_29' title="bbox 399 2651 1978 2735">
     <span class='ocr_line' id='line_1_29' title="bbox 399 2651 1978 2735; baseline 0.012 -33"><span class='ocrx_word' id='word_1_204' title='bbox 399 2651 690 2720; x_wconf 75' lang='grc' dir='ltr'>τροφίμοις</span> <span class='ocrx_word' id='word_1_205' title='bbox 722 2657 820 2725; x_wconf 86' lang='grc' dir='ltr'>τῆς</span> <span class='ocrx_word' id='word_1_206' title='bbox 851 2656 1131 2721; x_wconf 78' lang='grc' dir='ltr'>εὐσεϐείας</span> <span class='ocrx_word' id='word_1_207' title='bbox 1169 2660 1264 2729; x_wconf 84' lang='grc' dir='ltr'><strong>τῆς</strong></span> <span class='ocrx_word' id='word_1_208' title='bbox 1300 2661 1558 2732; x_wconf 81' lang='grc' dir='ltr'>ἀληθείας</span> <span class='ocrx_word' id='word_1_209' title='bbox 1603 2665 1674 2718; x_wconf 86' lang='grc' dir='ltr'>τὰ</span> <span class='ocrx_word' id='word_1_210' title='bbox 1715 2666 1978 2735; x_wconf 83' lang='grc' dir='ltr'>δόγματα.</span> 
     </span>
    </p>
   </div>
   <div class='ocr_carea' id='block_1_30' title="bbox 416 2741 1538 2824">
    <p class='ocr_par' dir='ltr' id='par_1_30' title="bbox 416 2741 1538 2824">
     <span class='ocr_line' id='line_1_30' title="bbox 416 2741 1538 2824; baseline 0.011 -29"><span class='ocrx_word' id='word_1_211' title='bbox 416 2744 743 2814; x_wconf 85' lang='grc' dir='ltr'>Ἀναχωρείν</span> <span class='ocrx_word' id='word_1_212' title='bbox 775 2741 892 2806; x_wconf 84' lang='grc' dir='ltr'>οὖν,</span> <span class='ocrx_word' id='word_1_213' title='bbox 919 2747 1041 2800; x_wconf 76' lang='grc' dir='ltr'>ὅθεν</span> <span class='ocrx_word' id='word_1_214' title='bbox 1080 2749 1295 2822; x_wconf 80' lang='grc' dir='ltr'>ἐξέϐην,</span> <span class='ocrx_word' id='word_1_215' title='bbox 1329 2755 1538 2824; x_wconf 86' lang='grc' dir='ltr'>καιρός.</span> 
     </span>
    </p>
   </div>
   <div class='ocr_carea' id='block_1_31' title="bbox 402 2897 1983 2979">
    <p class='ocr_par' dir='ltr' id='par_1_31' title="bbox 402 2897 1983 2979">
     <span class='ocr_line' id='line_1_31' title="bbox 402 2897 1983 2979; baseline 0.009 -29"><span class='ocrx_word' id='word_1_216' title='bbox 402 2897 508 2955; x_wconf 78' lang='grc' dir='ltr'><strong>1Α’.</strong></span> <span class='ocrx_word' id='word_1_217' title='bbox 557 2901 721 2967; x_wconf 79' lang='grc' dir='ltr'>Τίνος</span> <span class='ocrx_word' id='word_1_218' title='bbox 750 2904 926 2971; x_wconf 78' lang='grc' dir='ltr'>χάριν</span> <span class='ocrx_word' id='word_1_219' title='bbox 951 2904 1068 2979; x_wconf 69' lang='grc' dir='ltr'>τὴν</span> <span class='ocrx_word' id='word_1_220' title='bbox 1114 2905 1492 2979; x_wconf 66' lang='grc' dir='ltr'>ἀνθρωπίνην</span> <span class='ocrx_word' id='word_1_221' title='bbox 1529 2911 1722 2978; x_wconf 71' lang='grc' dir='ltr'>φύσιν</span> <span class='ocrx_word' id='word_1_222' title='bbox 1772 2916 1803 2966; x_wconf 86' lang='grc' dir='ltr'><strong>ό</strong></span> <span class='ocrx_word' id='word_1_223' title='bbox 1840 2913 1983 2979; x_wconf 77' lang='grc' dir='ltr'><strong>Θεές</strong></span> 
     </span>
    </p>
   </div>
   <div class='ocr_carea' id='block_1_32' title="bbox 931 2974 1429 3045">
    <p class='ocr_par' dir='ltr' id='par_1_32' title="bbox 931 2974 1429 3045">
     <span class='ocr_line' id='line_1_32' title="bbox 931 2974 1429 3045; baseline 0.006 -17"><span class='ocrx_word' id='word_1_224' title='bbox 931 2974 1187 3028; x_wconf 78' lang='grc' dir='ltr'>ἀνέλαϐε</span> <span class='ocrx_word' id='word_1_225' title='bbox 1221 2979 1429 3045; x_wconf 76' lang='grc' dir='ltr'>Λόγος.</span> 
     </span>
    </p>
   </div>
   <div class='ocr_carea' id='block_1_33' title="bbox 471 3080 1979 3166">
    <p class='ocr_par' dir='ltr' id='par_1_33' title="bbox 471 3080 1979 3166">
     <span class='ocr_line' id='line_1_33' title="bbox 471 3080 1979 3166; baseline 0.011 -34"><span class='ocrx_word' id='word_1_226' title='bbox 471 3080 663 3134; x_wconf 81' lang='grc' dir='ltr'>Τοίνυν</span> <span class='ocrx_word' id='word_1_227' title='bbox 712 3083 811 3154; x_wconf 83' lang='grc' dir='ltr'>τὴν</span> <span class='ocrx_word' id='word_1_228' title='bbox 849 3085 1122 3156; x_wconf 80' lang='grc' dir='ltr'>ἡμετέραν</span> <span class='ocrx_word' id='word_1_229' title='bbox 1157 3087 1317 3156; x_wconf 83' lang='grc' dir='ltr'>φύσιν</span> <span class='ocrx_word' id='word_1_230' title='bbox 1353 3091 1380 3144; x_wconf 88' lang='grc' dir='ltr'>ὁ</span> <span class='ocrx_word' id='word_1_231' title='bbox 1415 3091 1654 3162; x_wconf 77' lang='grc' dir='ltr'>Ποιητής</span> <span class='ocrx_word' id='word_1_232' title='bbox 1703 3095 1979 3166; x_wconf 83' lang='grc' dir='ltr'>οἰκτείρας</span> 
     </span>
    </p>
   </div>
   <div class='ocr_carea' id='block_1_34' title="bbox 2095 576 3670 649">
    <p class='ocr_par' dir='ltr' id='par_1_34' title="bbox 2095 576 3670 649">
     <span class='ocr_line' id='line_1_34' title="bbox 2095 576 3670 649; baseline 0.002 -20"><span class='ocrx_word' id='word_1_233' title='bbox 2095 578 2282 631; x_wconf 97' lang='lat' dir='ltr'><strong>habuit</strong></span> <span class='ocrx_word' id='word_1_234' title='bbox 2303 578 2466 632; x_wconf 89' lang='lat' dir='ltr'><strong>etiam</strong></span> <span class='ocrx_word' id='word_1_235' title='bbox 2503 578 2670 632; x_wconf 87' lang='lat' dir='ltr'><strong>Deum</strong></span> <span class='ocrx_word' id='word_1_236' title='bbox 2701 576 2934 632; x_wconf 85' lang='lat' dir='ltr'><strong>Verbum</strong></span> <span class='ocrx_word' id='word_1_237' title='bbox 2971 578 3140 649; x_wconf 73' lang='lat'><strong>815</strong></span> <span class='ocrx_word' id='word_1_238' title='bbox 3167 596 3238 632; x_wconf 87' lang='lat' dir='ltr'><strong>m.</strong></span> <span class='ocrx_word' id='word_1_239' title='bbox 3279 580 3588 634; x_wconf 85' lang='lat' dir='ltr'><strong>inhabitans</strong></span> <span class='ocrx_word' id='word_1_240' title='bbox 3615 591 3670 633; x_wconf 87' lang='lat' dir='ltr'><strong>et</strong></span> 
     </span>
    </p>
   </div>
   <div class='ocr_carea' id='block_1_35' title="bbox 2094 667 3666 724">
    <p class='ocr_par' dir='ltr' id='par_1_35' title="bbox 2094 667 3666 724">
     <span class='ocr_line' id='line_1_35' title="bbox 2094 667 3666 724; baseline 0.001 -4"><span class='ocrx_word' id='word_1_241' title='bbox 2094 667 2326 722; x_wconf 87' lang='lat' dir='ltr'><strong>unitum.</strong></span> <span class='ocrx_word' id='word_1_242' title='bbox 2377 668 2610 724; x_wconf 82' lang='lat' dir='ltr'><strong>Carnem</strong></span> <span class='ocrx_word' id='word_1_243' title='bbox 2667 669 2854 724; x_wconf 85' lang='lat' dir='ltr'><strong>habuit</strong></span> <span class='ocrx_word' id='word_1_244' title='bbox 2895 671 3192 724; x_wconf 84' lang='lat' dir='ltr'><strong>animatam</strong></span> <span class='ocrx_word' id='word_1_245' title='bbox 3243 679 3298 724; x_wconf 93' lang='lat' dir='ltr'><strong>et</strong></span> <span class='ocrx_word' id='word_1_246' title='bbox 3349 671 3666 724; x_wconf 71' lang='lat' dir='ltr'><strong>rationalem</strong></span> 
     </span>
    </p>
   </div>
   <div class='ocr_carea' id='block_1_36' title="bbox 2095 761 3668 832">
    <p class='ocr_par' dir='ltr' id='par_1_36' title="bbox 2095 761 3668 832">
     <span class='ocr_line' id='line_1_36' title="bbox 2095 761 3668 832; baseline 0.003 -20"><span class='ocrx_word' id='word_1_247' title='bbox 2095 761 2168 812; x_wconf 86' lang='lat' dir='ltr'><strong>uti</strong></span> <span class='ocrx_word' id='word_1_248' title='bbox 2199 775 2320 825; x_wconf 91' lang='lat' dir='ltr'><strong>nos,</strong></span> <span class='ocrx_word' id='word_1_249' title='bbox 2349 770 2406 813; x_wconf 81' lang='lat' dir='ltr'><strong>at</strong></span> <span class='ocrx_word' id='word_1_250' title='bbox 2453 762 2656 829; x_wconf 84' lang='lat' dir='ltr'><strong>peccati</strong></span> <span class='ocrx_word' id='word_1_251' title='bbox 2713 761 3106 816; x_wconf 84' lang='lat' dir='ltr'><strong>commotiones</strong></span> <span class='ocrx_word' id='word_1_252' title='bbox 3151 777 3444 832; x_wconf 50' lang='lat' dir='ltr'><strong>nonaque</strong></span> <span class='ocrx_word' id='word_1_253' title='bbox 3473 779 3536 816; x_wconf 88' lang='lat' dir='ltr'><strong>ac</strong></span> <span class='ocrx_word' id='word_1_254' title='bbox 3571 779 3668 817; x_wconf 91' lang='lat' dir='ltr'><strong>nos</strong></span> 
     </span>
    </p>
   </div>
   <div class='ocr_carea' id='block_1_37' title="bbox 2091 852 3666 922">
    <p class='ocr_par' dir='ltr' id='par_1_37' title="bbox 2091 852 3666 922">
     <span class='ocr_line' id='line_1_37' title="bbox 2091 852 3666 922; baseline 0.002 -17"><span class='ocrx_word' id='word_1_255' title='bbox 2091 861 2354 920; x_wconf 79' lang='lat' dir='ltr'><strong>expertus</strong></span> <span class='ocrx_word' id='word_1_256' title='bbox 2373 861 2454 906; x_wconf 84' lang='lat' dir='ltr'><strong>est</strong></span> <span class='ocrx_word' id='word_1_257' title='bbox 2485 867 2500 916; x_wconf 88' lang='lat'><strong>;</strong></span> <span class='ocrx_word' id='word_1_258' title='bbox 2535 853 2628 908; x_wconf 83' lang='lat' dir='ltr'><strong>sed</strong></span> <span class='ocrx_word' id='word_1_259' title='bbox 2671 852 2726 906; x_wconf 94' lang='lat' dir='ltr'><strong>in</strong></span> <span class='ocrx_word' id='word_1_260' title='bbox 2778 867 3008 920; x_wconf 82' lang='lat' dir='ltr'><strong>corpore</strong></span> <span class='ocrx_word' id='word_1_261' title='bbox 3055 855 3194 921; x_wconf 89' lang='lat' dir='ltr'><strong>quod</strong></span> <span class='ocrx_word' id='word_1_262' title='bbox 3253 862 3480 922; x_wconf 86' lang='lat' dir='ltr'><strong>peccato</strong></span> <span class='ocrx_word' id='word_1_263' title='bbox 3530 854 3666 908; x_wconf 83' lang='lat' dir='ltr'><strong>solet</strong></span> 
     </span>
    </p>
   </div>
   <div class='ocr_carea' id='block_1_38' title="bbox 2089 944 3663 1016">
    <p class='ocr_par' dir='ltr' id='par_1_38' title="bbox 2089 944 3663 1016">
     <span class='ocr_line' id='line_1_38' title="bbox 2089 944 3663 1016; baseline -0.001 -18"><span class='ocrx_word' id='word_1_264' title='bbox 2089 959 2214 998; x_wconf 86' lang='lat' dir='ltr'><strong>esse</strong></span> <span class='ocrx_word' id='word_1_265' title='bbox 2287 944 2600 1008; x_wconf 78' lang='lat' dir='ltr'><strong>obnoxium,</strong></span> <span class='ocrx_word' id='word_1_266' title='bbox 2673 945 2880 1012; x_wconf 84' lang='lat' dir='ltr'><strong>peccati</strong></span> <span class='ocrx_word' id='word_1_267' title='bbox 2947 945 3286 1016; x_wconf 81' lang='lat' dir='ltr'><strong>tyrannidem</strong></span> <span class='ocrx_word' id='word_1_268' title='bbox 3355 945 3663 999; x_wconf 78' lang='lat' dir='ltr'><strong>debellavit.</strong></span> 
     </span>
    </p>
   </div>
   <div class='ocr_carea' id='block_1_39' title="bbox 2092 1035 3663 1106">
    <p class='ocr_par' dir='ltr' id='par_1_39' title="bbox 2092 1035 3663 1106">
     <span class='ocr_line' id='line_1_39' title="bbox 2092 1035 3663 1106; baseline 0.001 -19"><span class='ocrx_word' id='word_1_269' title='bbox 2092 1035 2383 1106; x_wconf 76' lang='lat' dir='ltr'><strong>PrOpterea</strong></span> <span class='ocrx_word' id='word_1_270' title='bbox 2423 1035 2474 1090; x_wconf 91' lang='lat' dir='ltr'><strong>in</strong></span> <span class='ocrx_word' id='word_1_271' title='bbox 2527 1036 2930 1090; x_wconf 79' lang='lat' dir='ltr'><strong>similitudinem</strong></span> <span class='ocrx_word' id='word_1_272' title='bbox 2964 1037 3201 1090; x_wconf 88' lang='lat' dir='ltr'><strong>hominis</strong></span> <span class='ocrx_word' id='word_1_273' title='bbox 3249 1036 3446 1100; x_wconf 78' lang='lat' dir='ltr'><strong>factus,</strong></span> <span class='ocrx_word' id='word_1_274' title='bbox 3477 1047 3532 1090; x_wconf 91' lang='lat' dir='ltr'><strong>et</strong></span> <span class='ocrx_word' id='word_1_275' title='bbox 3565 1037 3663 1089; x_wconf 86' lang='lat' dir='ltr'><strong>ba-</strong></span> 
     </span>
    </p>
   </div>
   <div class='ocr_carea' id='block_1_40' title="bbox 2053 1123 3667 1190">
    <p class='ocr_par' dir='ltr' id='par_1_40' title="bbox 2053 1123 3667 1190">
     <span class='ocr_line' id='line_1_40' title="bbox 2053 1123 3667 1190; baseline -0.001 -12"><span class='ocrx_word' id='word_1_276' title='bbox 2053 1123 2208 1178; x_wconf 81' lang='lat' dir='ltr'><strong>‘bitn</strong></span> <span class='ocrx_word' id='word_1_277' title='bbox 2263 1124 2516 1180; x_wconf 86' lang='lat' dir='ltr'><strong>inventus</strong></span> <span class='ocrx_word' id='word_1_278' title='bbox 2547 1137 2606 1178; x_wconf 90' lang='lat' dir='ltr'><strong>ut</strong></span> <span class='ocrx_word' id='word_1_279' title='bbox 2655 1127 2838 1187; x_wconf 84' lang='lat' dir='ltr'><strong>homo,</strong></span> <span class='ocrx_word' id='word_1_280' title='bbox 2887 1137 3061 1180; x_wconf 82' lang='lat' dir='ltr'><strong>semet</strong></span> <span class='ocrx_word' id='word_1_281' title='bbox 3115 1127 3440 1190; x_wconf 84' lang='lat' dir='ltr'><strong>humiliavit,</strong></span> <span class='ocrx_word' id='word_1_282' title='bbox 3491 1127 3667 1180; x_wconf 83' lang='lat' dir='ltr'><strong>factus</strong></span> 
     </span>
    </p>
   </div>
   <div class='ocr_carea' id='block_1_41' title="bbox 2089 1212 3666 1282">
    <p class='ocr_par' dir='ltr' id='par_1_41' title="bbox 2089 1212 3666 1282">
     <span class='ocr_line' id='line_1_41' title="bbox 2089 1212 3666 1282; baseline 0 -16"><span class='ocrx_word' id='word_1_283' title='bbox 2089 1212 2348 1268; x_wconf 88' lang='lat' dir='ltr'><strong>obediens</strong></span> <span class='ocrx_word' id='word_1_284' title='bbox 2397 1229 2570 1282; x_wconf 84' lang='lat' dir='ltr'><strong>usque</strong></span> <span class='ocrx_word' id='word_1_285' title='bbox 2597 1215 2666 1268; x_wconf 88' lang='lat' dir='ltr'><strong>ad</strong></span> <span class='ocrx_word' id='word_1_286' title='bbox 2719 1225 2972 1279; x_wconf 85' lang='lat' dir='ltr'><strong>mortem,</strong></span> <span class='ocrx_word' id='word_1_287' title='bbox 3031 1225 3260 1270; x_wconf 87' lang='lat' dir='ltr'><strong>mortem</strong></span> <span class='ocrx_word' id='word_1_288' title='bbox 3303 1225 3482 1270; x_wconf 87' lang='lat' dir='ltr'><strong>autem</strong></span> <span class='ocrx_word' id='word_1_289' title='bbox 3539 1230 3666 1269; x_wconf 88' lang='lat' dir='ltr'><strong>eru-</strong></span> 
     </span>
    </p>
   </div>
   <div class='ocr_carea' id='block_1_42' title="bbox 2090 1301 3664 1372">
    <p class='ocr_par' dir='ltr' id='par_1_42' title="bbox 2090 1301 3664 1372">
     <span class='ocr_line' id='line_1_42' title="bbox 2090 1301 3664 1372; baseline 0.001 -17"><span class='ocrx_word' id='word_1_290' title='bbox 2090 1301 2170 1355; x_wconf 87' lang='lat' dir='ltr'><strong>cis</strong></span> <span class='ocrx_word' id='word_1_291' title='bbox 2193 1301 2306 1356; x_wconf 69' lang='lat'><strong>&quot;‘°.</strong></span> <span class='ocrx_word' id='word_1_292' title='bbox 2357 1301 2424 1356; x_wconf 86' lang='lat' dir='ltr'><strong>Et</strong></span> <span class='ocrx_word' id='word_1_293' title='bbox 2456 1302 2668 1371; x_wconf 83' lang='lat' dir='ltr'><strong>quidem</strong></span> <span class='ocrx_word' id='word_1_294' title='bbox 2709 1301 2880 1372; x_wconf 87' lang='lat' dir='ltr'><strong>ipsum</strong></span> <span class='ocrx_word' id='word_1_295' title='bbox 2927 1302 3316 1358; x_wconf 84' lang='lat' dir='ltr'><strong>bumiliationis</strong></span> <span class='ocrx_word' id='word_1_296' title='bbox 3344 1303 3664 1357; x_wconf 85' lang='lat' dir='ltr'><strong>vocabulum</strong></span> 
     </span>
    </p>
   </div>
   <div class='ocr_carea' id='block_1_43' title="bbox 2090 1391 3664 1461">
    <p class='ocr_par' dir='ltr' id='par_1_43' title="bbox 2090 1391 3664 1461">
     <span class='ocr_line' id='line_1_43' title="bbox 2090 1391 3664 1461; baseline 0.001 -17"><span class='ocrx_word' id='word_1_297' title='bbox 2090 1392 2424 1447; x_wconf 73' lang='lat' dir='ltr'><strong>demonstrat</strong></span> <span class='ocrx_word' id='word_1_298' title='bbox 2461 1391 2679 1446; x_wconf 89' lang='lat' dir='ltr'><strong>humilis</strong></span> <span class='ocrx_word' id='word_1_299' title='bbox 2719 1401 2924 1446; x_wconf 71' lang='lat' dir='ltr'><strong>natum</strong></span> <span class='ocrx_word' id='word_1_300' title='bbox 2943 1393 3390 1461; x_wconf 65' lang='lat' dir='ltr'><strong>assumtionem.</strong></span> <span class='ocrx_word' id='word_1_301' title='bbox 3433 1392 3664 1446; x_wconf 83' lang='lat' dir='ltr'><strong>Aliunde</strong></span> 
     </span>
    </p>
   </div>
   <div class='ocr_carea' id='block_1_44' title="bbox 2089 1483 3665 1554">
    <p class='ocr_par' dir='ltr' id='par_1_44' title="bbox 2089 1483 3665 1554">
     <span class='ocr_line' id='line_1_44' title="bbox 2089 1483 3665 1554; baseline 0.001 -16"><span class='ocrx_word' id='word_1_302' title='bbox 2089 1483 2274 1549; x_wconf 90' lang='lat' dir='ltr'><strong>etiam,</strong></span> <span class='ocrx_word' id='word_1_303' title='bbox 2315 1485 2384 1540; x_wconf 92' lang='lat' dir='ltr'><strong>de</strong></span> <span class='ocrx_word' id='word_1_304' title='bbox 2409 1499 2474 1540; x_wconf 90' lang='lat' dir='ltr'><strong>eo</strong></span> <span class='ocrx_word' id='word_1_305' title='bbox 2493 1487 2584 1554; x_wconf 91' lang='lat' dir='ltr'><strong>qui</strong></span> <span class='ocrx_word' id='word_1_306' title='bbox 2617 1486 2670 1540; x_wconf 91' lang='lat' dir='ltr'><strong>in</strong></span> <span class='ocrx_word' id='word_1_307' title='bbox 2695 1485 2864 1540; x_wconf 78' lang='lat' dir='ltr'><strong>forma</strong></span> <span class='ocrx_word' id='word_1_308' title='bbox 2903 1485 2994 1540; x_wconf 86' lang='lat' dir='ltr'><strong>Dei</strong></span> <span class='ocrx_word' id='word_1_309' title='bbox 3031 1499 3150 1541; x_wconf 84' lang='lat' dir='ltr'><strong>erat</strong></span> <span class='ocrx_word' id='word_1_310' title='bbox 3181 1487 3482 1547; x_wconf 82' lang='lat' dir='ltr'><strong>disserens,</strong></span> <span class='ocrx_word' id='word_1_311' title='bbox 3513 1485 3665 1540; x_wconf 87' lang='lat' dir='ltr'><strong>addi-</strong></span> 
     </span>
    </p>
   </div>
   <div class='ocr_carea' id='block_1_45' title="bbox 2089 1573 3662 1642">
    <p class='ocr_par' dir='ltr' id='par_1_45' title="bbox 2089 1573 3662 1642">
     <span class='ocr_line' id='line_1_45' title="bbox 2089 1573 3662 1642; baseline 0.001 -14"><span class='ocrx_word' id='word_1_312' title='bbox 2089 1575 2166 1628; x_wconf 86' lang='lat' dir='ltr'><strong>dit</strong></span> <span class='ocrx_word' id='word_1_313' title='bbox 2199 1591 2218 1629; x_wconf 86' lang='lat'><strong>:</strong></span> <span class='ocrx_word' id='word_1_314' title='bbox 2253 1593 2272 1626; x_wconf 75' lang='grc' dir='ltr'><strong>ι</strong></span> <span class='ocrx_word' id='word_1_315' title='bbox 2303 1573 2362 1630; x_wconf 90' lang='lat' dir='ltr'><strong>In</strong></span> <span class='ocrx_word' id='word_1_316' title='bbox 2387 1575 2794 1631; x_wconf 86' lang='lat' dir='ltr'><strong>similitudinem</strong></span> <span class='ocrx_word' id='word_1_317' title='bbox 2818 1577 3098 1631; x_wconf 81' lang='lat' dir='ltr'><strong>hominum</strong></span> <span class='ocrx_word' id='word_1_318' title='bbox 3149 1576 3348 1642; x_wconf 82' lang='lat' dir='ltr'><strong>factus,</strong></span> <span class='ocrx_word' id='word_1_319' title='bbox 3389 1585 3444 1630; x_wconf 85' lang='lat' dir='ltr'><strong>et</strong></span> <span class='ocrx_word' id='word_1_320' title='bbox 3475 1577 3662 1631; x_wconf 84' lang='lat' dir='ltr'><strong>habitu</strong></span> 
     </span>
    </p>
   </div>
   <div class='ocr_carea' id='block_1_46' title="bbox 2089 1663 3661 1736">
    <p class='ocr_par' dir='ltr' id='par_1_46' title="bbox 2089 1663 3661 1736">
     <span class='ocr_line' id='line_1_46' title="bbox 2089 1663 3661 1736; baseline 0.003 -19"><span class='ocrx_word' id='word_1_321' title='bbox 2089 1663 2342 1718; x_wconf 84' lang='lat' dir='ltr'><strong>iuventus</strong></span> <span class='ocrx_word' id='word_1_322' title='bbox 2392 1676 2449 1718; x_wconf 91' lang='lat' dir='ltr'><strong>ut</strong></span> <span class='ocrx_word' id='word_1_323' title='bbox 2507 1667 2720 1732; x_wconf 87' lang='lat' dir='ltr'><strong>homo;</strong></span> <span class='ocrx_word' id='word_1_324' title='bbox 2783 1685 2804 1718; x_wconf 67' lang='grc' dir='ltr'><em>υ</em></span> <span class='ocrx_word' id='word_1_325' title='bbox 2860 1667 3066 1722; x_wconf 85' lang='lat' dir='ltr'><strong>docens</strong></span> <span class='ocrx_word' id='word_1_326' title='bbox 3115 1666 3492 1736; x_wconf 86' lang='lat' dir='ltr'><strong>incorporeum</strong></span> <span class='ocrx_word' id='word_1_327' title='bbox 3571 1667 3661 1721; x_wconf 82' lang='lat' dir='ltr'><strong>Dei</strong></span> 
     </span>
    </p>
   </div>
   <div class='ocr_carea' id='block_1_47' title="bbox 2093 1756 3663 1828">
    <p class='ocr_par' dir='ltr' id='par_1_47' title="bbox 2093 1756 3663 1828">
     <span class='ocr_line' id='line_1_47' title="bbox 2093 1756 3663 1828; baseline 0.001 -20"><span class='ocrx_word' id='word_1_328' title='bbox 2093 1756 2324 1811; x_wconf 84' lang='lat' dir='ltr'><strong>Verbum</strong></span> <span class='ocrx_word' id='word_1_329' title='bbox 2376 1759 2450 1812; x_wconf 87' lang='lat' dir='ltr'><strong>uti</strong></span> <span class='ocrx_word' id='word_1_330' title='bbox 2501 1759 2772 1813; x_wconf 88' lang='lat' dir='ltr'><strong>hominem</strong></span> <span class='ocrx_word' id='word_1_331' title='bbox 2801 1759 3146 1828; x_wconf 79' lang='lat' dir='ltr'><strong>apparuisse,</strong></span> <span class='ocrx_word' id='word_1_332' title='bbox 3183 1760 3416 1813; x_wconf 86' lang='lat' dir='ltr'><strong>humana</strong></span> <span class='ocrx_word' id='word_1_333' title='bbox 3457 1759 3663 1814; x_wconf 84' lang='lat' dir='ltr'><strong>scilicet</strong></span> 
     </span>
    </p>
   </div>
   <div class='ocr_carea' id='block_1_48' title="bbox 2020 1831 3662 1917">
    <p class='ocr_par' dir='ltr' id='par_1_48' title="bbox 2020 1831 3662 1917">
     <span class='ocr_line' id='line_1_48' title="bbox 2020 1831 3662 1917; baseline 0 -15"><span class='ocrx_word' id='word_1_334' title='bbox 2020 1831 2059 1884; x_wconf 81' lang='grc' dir='ltr'><strong><em>Β</em></strong></span> <span class='ocrx_word' id='word_1_335' title='bbox 2090 1858 2364 1917; x_wconf 84' lang='lat' dir='ltr'><strong>assumpta</strong></span> <span class='ocrx_word' id='word_1_336' title='bbox 2400 1861 2614 1904; x_wconf 85' lang='lat' dir='ltr'><strong>natura.</strong></span> <span class='ocrx_word' id='word_1_337' title='bbox 2647 1849 2772 1905; x_wconf 88' lang='lat' dir='ltr'><strong>Ideo</strong></span> <span class='ocrx_word' id='word_1_338' title='bbox 2797 1861 2848 1904; x_wconf 91' lang='lat' dir='ltr'><strong>et</strong></span> <span class='ocrx_word' id='word_1_339' title='bbox 2875 1851 3014 1904; x_wconf 76' lang='lat' dir='ltr'><strong>dixit</strong></span> <span class='ocrx_word' id='word_1_340' title='bbox 3047 1870 3066 1902; x_wconf 79' lang='grc' dir='ltr'><strong>ι</strong></span> <span class='ocrx_word' id='word_1_341' title='bbox 3103 1861 3160 1906; x_wconf 91' lang='lat' dir='ltr'><strong>ut</strong></span> <span class='ocrx_word' id='word_1_342' title='bbox 3185 1851 3366 1917; x_wconf 83' lang='lat' dir='ltr'><strong>homo,</strong></span> <span class='ocrx_word' id='word_1_343' title='bbox 3401 1869 3422 1903; x_wconf 69' lang='grc' dir='ltr'><strong>ι</strong></span> <span class='ocrx_word' id='word_1_344' title='bbox 3453 1867 3520 1906; x_wconf 85' lang='lat' dir='ltr'><strong>ne</strong></span> <span class='ocrx_word' id='word_1_345' title='bbox 3547 1866 3662 1904; x_wconf 88' lang='lat' dir='ltr'><strong>mn-</strong></span> 
     </span>
    </p>
   </div>
   <div class='ocr_carea' id='block_1_49' title="bbox 2093 1937 3664 2008">
    <p class='ocr_par' dir='ltr' id='par_1_49' title="bbox 2093 1937 3664 2008">
     <span class='ocr_line' id='line_1_49' title="bbox 2093 1937 3664 2008; baseline 0.001 -18"><span class='ocrx_word' id='word_1_346' title='bbox 2093 1937 2350 1992; x_wconf 87' lang='lat' dir='ltr'><strong>tationem</strong></span> <span class='ocrx_word' id='word_1_347' title='bbox 2415 1937 2650 2008; x_wconf 81' lang='lat' dir='ltr'><strong>aliquam</strong></span> <span class='ocrx_word' id='word_1_348' title='bbox 2704 1938 2904 1993; x_wconf 79' lang='lat' dir='ltr'><strong>factam</strong></span> <span class='ocrx_word' id='word_1_349' title='bbox 2959 1940 3336 1995; x_wconf 81' lang='lat' dir='ltr'><strong>existimemus</strong></span> <span class='ocrx_word' id='word_1_350' title='bbox 3383 1941 3664 1994; x_wconf 74' lang='lat' dir='ltr'><strong>invisibilis</strong></span> 
     </span>
    </p>
   </div>
   <div class='ocr_carea' id='block_1_50' title="bbox 2087 2028 3661 2110">
    <p class='ocr_par' dir='ltr' id='par_1_50' title="bbox 2087 2028 3661 2110">
     <span class='ocr_line' id='line_1_50' title="bbox 2087 2028 3661 2110; baseline 0 -28"><span class='ocrx_word' id='word_1_351' title='bbox 2087 2028 2206 2094; x_wconf 87' lang='lat' dir='ltr'><strong>Dei,</strong></span> <span class='ocrx_word' id='word_1_352' title='bbox 2253 2030 2350 2084; x_wconf 87' lang='lat' dir='ltr'><strong>sed</strong></span> <span class='ocrx_word' id='word_1_353' title='bbox 2395 2031 2683 2110; x_wconf 63' lang='lat' dir='ltr'><strong>credamus</strong></span> <span class='ocrx_word' id='word_1_354' title='bbox 2711 2030 2912 2098; x_wconf 86' lang='lat' dir='ltr'><strong>potius,</strong></span> <span class='ocrx_word' id='word_1_355' title='bbox 2964 2031 3138 2098; x_wconf 90' lang='lat' dir='ltr'><strong>ipsum</strong></span> <span class='ocrx_word' id='word_1_356' title='bbox 3177 2047 3344 2084; x_wconf 88' lang='lat' dir='ltr'><strong>carne</strong></span> <span class='ocrx_word' id='word_1_357' title='bbox 3389 2039 3661 2098; x_wconf 79' lang='lat' dir='ltr'><strong>assumpta</strong></span> 
     </span>
    </p>
   </div>
   <div class='ocr_carea' id='block_1_51' title="bbox 2087 2121 3664 2188">
    <p class='ocr_par' dir='ltr' id='par_1_51' title="bbox 2087 2121 3664 2188">
     <span class='ocr_line' id='line_1_51' title="bbox 2087 2121 3664 2188; baseline 0.003 -14"><span class='ocrx_word' id='word_1_358' title='bbox 2087 2121 2322 2176; x_wconf 84' lang='lat' dir='ltr'><strong>animata</strong></span> <span class='ocrx_word' id='word_1_359' title='bbox 2371 2137 2436 2176; x_wconf 87' lang='lat' dir='ltr'><strong>ac</strong></span> <span class='ocrx_word' id='word_1_360' title='bbox 2473 2123 2747 2184; x_wconf 85' lang='lat' dir='ltr'><strong>rationali,</strong></span> <span class='ocrx_word' id='word_1_361' title='bbox 2779 2139 2900 2178; x_wconf 87' lang='lat' dir='ltr'><strong>eum</strong></span> <span class='ocrx_word' id='word_1_362' title='bbox 2949 2124 3090 2180; x_wconf 88' lang='lat' dir='ltr'><strong>Deus</strong></span> <span class='ocrx_word' id='word_1_363' title='bbox 3129 2135 3296 2188; x_wconf 86' lang='lat' dir='ltr'><strong>esset,</strong></span> <span class='ocrx_word' id='word_1_364' title='bbox 3331 2125 3384 2180; x_wconf 91' lang='lat' dir='ltr'><strong>in</strong></span> <span class='ocrx_word' id='word_1_365' title='bbox 3409 2125 3664 2179; x_wconf 85' lang='lat' dir='ltr'><strong>similitu-</strong></span> 
     </span>
    </p>
   </div>
   <div class='ocr_carea' id='block_1_52' title="bbox 2087 2214 3662 2280">
    <p class='ocr_par' dir='ltr' id='par_1_52' title="bbox 2087 2214 3662 2280">
     <span class='ocr_line' id='line_1_52' title="bbox 2087 2214 3662 2280; baseline 0.003 -12"><span class='ocrx_word' id='word_1_366' title='bbox 2087 2215 2268 2268; x_wconf 88' lang='lat' dir='ltr'><strong>dinem</strong></span> <span class='ocrx_word' id='word_1_367' title='bbox 2297 2215 2530 2270; x_wconf 90' lang='lat' dir='ltr'><strong>hominis</strong></span> <span class='ocrx_word' id='word_1_368' title='bbox 2565 2214 2790 2280; x_wconf 77' lang='lat' dir='ltr'><strong>lactum,</strong></span> <span class='ocrx_word' id='word_1_369' title='bbox 2837 2227 2892 2271; x_wconf 88' lang='lat' dir='ltr'><strong>et</strong></span> <span class='ocrx_word' id='word_1_370' title='bbox 2935 2217 3124 2271; x_wconf 87' lang='lat' dir='ltr'><strong>habitu</strong></span> <span class='ocrx_word' id='word_1_371' title='bbox 3161 2219 3436 2272; x_wconf 72' lang='lat' dir='ltr'><strong>inventura</strong></span> <span class='ocrx_word' id='word_1_372' title='bbox 3473 2229 3534 2272; x_wconf 88' lang='lat' dir='ltr'><strong>ut</strong></span> <span class='ocrx_word' id='word_1_373' title='bbox 3565 2220 3662 2272; x_wconf 90' lang='lat' dir='ltr'><strong>bo-</strong></span> 
     </span>
    </p>
   </div>
   <div class='ocr_carea' id='block_1_53' title="bbox 2088 2303 3660 2379">
    <p class='ocr_par' dir='ltr' id='par_1_53' title="bbox 2088 2303 3660 2379">
     <span class='ocr_line' id='line_1_53' title="bbox 2088 2303 3660 2379; baseline 0.003 -21"><span class='ocrx_word' id='word_1_374' title='bbox 2088 2307 2308 2360; x_wconf 84' lang='lat' dir='ltr'><strong>minem.</strong></span> <span class='ocrx_word' id='word_1_375' title='bbox 2343 2303 2433 2360; x_wconf 90' lang='lat' dir='ltr'><strong>Sic</strong></span> <span class='ocrx_word' id='word_1_376' title='bbox 2469 2321 2694 2376; x_wconf 74' lang='lat' dir='ltr'><strong>magnus</strong></span> <span class='ocrx_word' id='word_1_377' title='bbox 2729 2317 2892 2360; x_wconf 77' lang='lat' dir='ltr'><strong>recta:</strong></span> <span class='ocrx_word' id='word_1_378' title='bbox 2917 2307 3042 2362; x_wconf 80' lang='lat' dir='ltr'><strong>ﬁdei</strong></span> <span class='ocrx_word' id='word_1_379' title='bbox 3080 2319 3468 2379; x_wconf 75' lang='lat' dir='ltr'><strong>propugnator,</strong></span> <span class='ocrx_word' id='word_1_380' title='bbox 3525 2310 3660 2364; x_wconf 85' lang='lat' dir='ltr'><strong>bea-</strong></span> 
     </span>
    </p>
   </div>
   <div class='ocr_carea' id='block_1_54' title="bbox 2090 2385 3656 2464">
    <p class='ocr_par' dir='ltr' id='par_1_54' title="bbox 2090 2385 3656 2464">
     <span class='ocr_line' id='line_1_54' title="bbox 2090 2385 3656 2464; baseline 0.004 -16"><span class='ocrx_word' id='word_1_381' title='bbox 2090 2405 2192 2458; x_wconf 88' lang='lat' dir='ltr'><strong>tus,</strong></span> <span class='ocrx_word' id='word_1_382' title='bbox 2217 2396 2460 2464; x_wconf 85' lang='lat' dir='ltr'><strong>inquam,</strong></span> <span class='ocrx_word' id='word_1_383' title='bbox 2490 2385 2708 2462; x_wconf 71' lang='lat' dir='ltr'><strong>Paulus,</strong></span> <span class='ocrx_word' id='word_1_384' title='bbox 2733 2397 2946 2452; x_wconf 85' lang='lat' dir='ltr'><strong>diversa</strong></span> <span class='ocrx_word' id='word_1_385' title='bbox 2977 2413 3044 2454; x_wconf 87' lang='lat' dir='ltr'><strong>ac</strong></span> <span class='ocrx_word' id='word_1_386' title='bbox 3078 2400 3228 2452; x_wconf 84' lang='lat' dir='ltr'><strong>varia</strong></span> <span class='ocrx_word' id='word_1_387' title='bbox 3279 2399 3656 2454; x_wconf 79' lang='lat' dir='ltr'><strong>luereticorum</strong></span> 
     </span>
    </p>
   </div>
   <div class='ocr_carea' id='block_1_55' title="bbox 2085 2485 3661 2558">
    <p class='ocr_par' dir='ltr' id='par_1_55' title="bbox 2085 2485 3661 2558">
     <span class='ocr_line' id='line_1_55' title="bbox 2085 2485 3661 2558; baseline 0.003 -18"><span class='ocrx_word' id='word_1_388' title='bbox 2085 2502 2180 2540; x_wconf 89' lang='lat' dir='ltr'><strong>ora</strong></span> <span class='ocrx_word' id='word_1_389' title='bbox 2209 2485 2509 2554; x_wconf 82' lang='lat' dir='ltr'><strong>dissipavit.</strong></span> <span class='ocrx_word' id='word_1_390' title='bbox 2535 2486 2642 2541; x_wconf 85' lang='lat' dir='ltr'><strong>Sed</strong></span> <span class='ocrx_word' id='word_1_391' title='bbox 2671 2486 2896 2542; x_wconf 77' lang='lat' dir='ltr'><strong>ulterius</strong></span> <span class='ocrx_word' id='word_1_392' title='bbox 2911 2487 2930 2556; x_wconf 90' lang='lat' dir='ltr'><strong>j</strong></span> <span class='ocrx_word' id='word_1_393' title='bbox 2948 2503 3038 2542; x_wconf 90' lang='lat' dir='ltr'><strong>am</strong></span> <span class='ocrx_word' id='word_1_394' title='bbox 3062 2503 3160 2544; x_wconf 89' lang='lat' dir='ltr'><strong>nos</strong></span> <span class='ocrx_word' id='word_1_395' title='bbox 3189 2503 3288 2558; x_wconf 87' lang='lat' dir='ltr'><strong>pro</strong></span> <span class='ocrx_word' id='word_1_396' title='bbox 3301 2490 3446 2544; x_wconf 81' lang='lat' dir='ltr'><strong>vexit</strong></span> <span class='ocrx_word' id='word_1_397' title='bbox 3477 2505 3661 2544; x_wconf 84' lang='lat' dir='ltr'><strong>sermo</strong></span> 
     </span>
    </p>
   </div>
   <div class='ocr_carea' id='block_1_56' title="bbox 2087 2577 3662 2650">
    <p class='ocr_par' dir='ltr' id='par_1_56' title="bbox 2087 2577 3662 2650">
     <span class='ocr_line' id='line_1_56' title="bbox 2087 2577 3662 2650; baseline 0.003 -20"><span class='ocrx_word' id='word_1_398' title='bbox 2087 2585 2292 2639; x_wconf 87' lang='lat' dir='ltr'><strong>noster,</strong></span> <span class='ocrx_word' id='word_1_399' title='bbox 2347 2577 2474 2631; x_wconf 90' lang='lat' dir='ltr'><strong>dum</strong></span> <span class='ocrx_word' id='word_1_400' title='bbox 2531 2577 2912 2634; x_wconf 82' lang='lat' dir='ltr'><strong>haereticorum</strong></span> <span class='ocrx_word' id='word_1_401' title='bbox 2959 2580 3240 2634; x_wconf 76' lang='lat' dir='ltr'><strong>vesaniam</strong></span> <span class='ocrx_word' id='word_1_402' title='bbox 3293 2582 3558 2650; x_wconf 75' lang='lat' dir='ltr'><strong>coarguit.</strong></span> <span class='ocrx_word' id='word_1_403' title='bbox 3607 2591 3662 2635; x_wconf 91' lang='lat' dir='ltr'><strong>et</strong></span> 
     </span>
    </p>
   </div>
   <div class='ocr_carea' id='block_1_57' title="bbox 2089 2667 3663 2741">
    <p class='ocr_par' dir='ltr' id='par_1_57' title="bbox 2089 2667 3663 2741">
     <span class='ocr_line' id='line_1_57' title="bbox 2089 2667 3663 2741; baseline 0.003 -19"><span class='ocrx_word' id='word_1_404' title='bbox 2089 2677 2250 2723; x_wconf 73' lang='lat' dir='ltr'><strong>rectm</strong></span> <span class='ocrx_word' id='word_1_405' title='bbox 2276 2667 2400 2724; x_wconf 78' lang='lat' dir='ltr'><strong>ﬁdei</strong></span> <span class='ocrx_word' id='word_1_406' title='bbox 2441 2669 2674 2724; x_wconf 86' lang='lat' dir='ltr'><strong>alumnis</strong></span> <span class='ocrx_word' id='word_1_407' title='bbox 2703 2673 2952 2740; x_wconf 76' lang='lat' dir='ltr'><strong>dogmata</strong></span> <span class='ocrx_word' id='word_1_408' title='bbox 2986 2672 3231 2726; x_wconf 81' lang='lat' dir='ltr'><strong>veritatis</strong></span> <span class='ocrx_word' id='word_1_409' title='bbox 3256 2674 3462 2741; x_wconf 84' lang='lat' dir='ltr'><strong>pandit.</strong></span> <span class='ocrx_word' id='word_1_410' title='bbox 3521 2674 3663 2740; x_wconf 80' lang='lat' dir='ltr'><strong>Ergo</strong></span> 
     </span>
    </p>
   </div>
   <div class='ocr_carea' id='block_1_58' title="bbox 2081 2761 3659 2829">
    <p class='ocr_par' dir='ltr' id='par_1_58' title="bbox 2081 2761 3659 2829">
     <span class='ocr_line' id='line_1_58' title="bbox 2081 2761 3659 2829; baseline 0.003 -17"><span class='ocrx_word' id='word_1_411' title='bbox 2081 2761 2190 2828; x_wconf 86' lang='lat' dir='ltr'><strong>jam</strong></span> <span class='ocrx_word' id='word_1_412' title='bbox 2225 2769 2433 2828; x_wconf 85' lang='lat' dir='ltr'><strong>tempus</strong></span> <span class='ocrx_word' id='word_1_413' title='bbox 2460 2770 2544 2814; x_wconf 84' lang='lat' dir='ltr'><strong>est</strong></span> <span class='ocrx_word' id='word_1_414' title='bbox 2573 2761 2720 2828; x_wconf 89' lang='lat' dir='ltr'><strong>illnc,</strong></span> <span class='ocrx_word' id='word_1_415' title='bbox 2757 2761 2898 2817; x_wconf 88' lang='lat' dir='ltr'><strong>unde</strong></span> <span class='ocrx_word' id='word_1_416' title='bbox 2916 2762 3293 2829; x_wconf 87' lang='lat' dir='ltr'><strong>discessimus,</strong></span> <span class='ocrx_word' id='word_1_417' title='bbox 3328 2763 3659 2820; x_wconf 83' lang='lat' dir='ltr'><strong>revert&#39;ndi.</strong></span> 
     </span>
    </p>
   </div>
   <div class='ocr_carea' id='block_1_59' title="bbox 2085 2909 3662 2980">
    <p class='ocr_par' dir='ltr' id='par_1_59' title="bbox 2085 2909 3662 2980">
     <span class='ocr_line' id='line_1_59' title="bbox 2085 2909 3662 2980; baseline 0 -16"><span class='ocrx_word' id='word_1_418' title='bbox 2085 2911 2174 2964; x_wconf 79' lang='lat' dir='ltr'><strong>XI.</strong></span> <span class='ocrx_word' id='word_1_419' title='bbox 2213 2909 2379 2980; x_wconf 80' lang='lat' dir='ltr'><strong>Cujus</strong></span> <span class='ocrx_word' id='word_1_420' title='bbox 2410 2928 2484 2964; x_wconf 78' lang='lat' dir='ltr'><strong>ret</strong></span> <span class='ocrx_word' id='word_1_421' title='bbox 2517 2912 2689 2980; x_wconf 85' lang='lat' dir='ltr'><strong>gratia</strong></span> <span class='ocrx_word' id='word_1_422' title='bbox 2731 2915 3016 2966; x_wconf 75' lang='lat' dir='ltr'><strong>Immunem</strong></span> <span class='ocrx_word' id='word_1_423' title='bbox 3048 2921 3295 2966; x_wconf 84' lang='lat' dir='ltr'><strong>naturam</strong></span> <span class='ocrx_word' id='word_1_424' title='bbox 3339 2911 3479 2966; x_wconf 74' lang='lat' dir='ltr'><strong>Deus</strong></span> <span class='ocrx_word' id='word_1_425' title='bbox 3538 2909 3662 2966; x_wconf 81' lang='lat' dir='ltr'><strong>Ver-</strong></span> 
     </span>
    </p>
   </div>
   <div class='ocr_carea' id='block_1_60' title="bbox 2607 2983 3127 3050">
    <p class='ocr_par' dir='ltr' id='par_1_60' title="bbox 2607 2983 3127 3050">
     <span class='ocr_line' id='line_1_60' title="bbox 2607 2983 3127 3050; baseline 0.002 -17"><span class='ocrx_word' id='word_1_426' title='bbox 2607 2983 2726 3034; x_wconf 86' lang='lat' dir='ltr'><strong>bum</strong></span> <span class='ocrx_word' id='word_1_427' title='bbox 2765 2985 3127 3050; x_wconf 75' lang='lat' dir='ltr'><strong>assumpserit.</strong></span> 
     </span>
    </p>
   </div>
   <div class='ocr_carea' id='block_1_61' title="bbox 2180 3091 3658 3165">
    <p class='ocr_par' dir='ltr' id='par_1_61' title="bbox 2180 3091 3658 3165">
     <span class='ocr_line' id='line_1_61' title="bbox 2180 3091 3658 3165; baseline -0.003 -19"><span class='ocrx_word' id='word_1_428' title='bbox 2180 3093 2348 3165; x_wconf 83' lang='lat' dir='ltr'><strong>igitur</strong></span> <span class='ocrx_word' id='word_1_429' title='bbox 2413 3102 2662 3147; x_wconf 86' lang='lat' dir='ltr'><strong>naturam</strong></span> <span class='ocrx_word' id='word_1_430' title='bbox 2731 3101 2970 3146; x_wconf 88' lang='lat' dir='ltr'><strong>nostram</strong></span> <span class='ocrx_word' id='word_1_431' title='bbox 3029 3091 3253 3148; x_wconf 87' lang='lat' dir='ltr'><strong>Creator</strong></span> <span class='ocrx_word' id='word_1_432' title='bbox 3312 3091 3581 3144; x_wconf 88' lang='lat' dir='ltr'><strong>miserans</strong></span> <span class='ocrx_word' id='word_1_433' title='bbox 3629 3105 3658 3142; x_wconf 90' lang='lat' dir='ltr'><strong>a</strong></span> 
     </span>
    </p>
   </div>
   <div class='ocr_carea' id='block_1_62' title="bbox 394 3168 1978 3259">
    <p class='ocr_par' dir='ltr' id='par_1_62' title="bbox 394 3173 1977 3259">
     <span class='ocr_line' id='line_1_62' title="bbox 394 3173 1977 3259; baseline 0.01 -33"><span class='ocrx_word' id='word_1_434' title='bbox 394 3173 503 3226; x_wconf 76' lang='grc' dir='ltr'><strong>ὑπὸ</strong></span> <span class='ocrx_word' id='word_1_435' title='bbox 526 3173 618 3226; x_wconf 88' lang='grc' dir='ltr'><strong>τοῦ</strong></span> <span class='ocrx_word' id='word_1_436' title='bbox 648 3175 889 3246; x_wconf 86' lang='grc' dir='ltr'>Πονηροῦ</span> <span class='ocrx_word' id='word_1_437' title='bbox 919 3179 1352 3252; x_wconf 82' lang='grc' dir='ltr'>πολεμουμένην,</span> <span class='ocrx_word' id='word_1_438' title='bbox 1381 3183 1474 3235; x_wconf 76' lang='grc' dir='ltr'><strong>καὶ</strong></span> <span class='ocrx_word' id='word_1_439' title='bbox 1503 3187 1616 3248; x_wconf 88' lang='grc' dir='ltr'>τοῖς</span> <span class='ocrx_word' id='word_1_440' title='bbox 1633 3191 1850 3258; x_wconf 87' lang='grc' dir='ltr'>πικροῖς</span> <span class='ocrx_word' id='word_1_441' title='bbox 1878 3189 1977 3259; x_wconf 83' lang='grc' dir='ltr'>τῆς</span> 
     </span>
    </p>
   </div>
   <div class='ocr_carea' id='block_1_63' title="bbox 2079 3168 3660 3259">
    <p class='ocr_par' dir='ltr' id='par_1_63' title="bbox 2084 3181 3660 3254">
     <span class='ocr_line' id='line_1_63' title="bbox 2084 3181 3660 3254; baseline -0.006 -13"><span class='ocrx_word' id='word_1_442' title='bbox 2084 3186 2224 3241; x_wconf 88' lang='lat' dir='ltr'><strong>malo</strong></span> <span class='ocrx_word' id='word_1_443' title='bbox 2251 3186 2498 3240; x_wconf 69' lang='lat' dir='ltr'><strong>daemone</strong></span> <span class='ocrx_word' id='word_1_444' title='bbox 2529 3193 2918 3254; x_wconf 84' lang='lat' dir='ltr'><strong>Oppugnatam,</strong></span> <span class='ocrx_word' id='word_1_445' title='bbox 2945 3194 2998 3237; x_wconf 89' lang='lat' dir='ltr'><strong>et</strong></span> <span class='ocrx_word' id='word_1_446' title='bbox 3031 3182 3246 3237; x_wconf 88' lang='lat' dir='ltr'><strong>acerbis</strong></span> <span class='ocrx_word' id='word_1_447' title='bbox 3272 3181 3479 3252; x_wconf 86' lang='lat' dir='ltr'><strong>peccati</strong></span> <span class='ocrx_word' id='word_1_448' title='bbox 3500 3181 3660 3250; x_wconf 81' lang='lat' dir='ltr'><strong>sagit-</strong></span> 
     </span>
    </p>
   </div>
   <div class='ocr_carea' id='block_1_64' title="bbox 395 3268 1981 3350">
    <p class='ocr_par' dir='ltr' id='par_1_64' title="bbox 395 3268 1981 3350">
     <span class='ocr_line' id='line_1_64' title="bbox 395 3268 1981 3350; baseline 0.01 -32"><span class='ocrx_word' id='word_1_449' title='bbox 395 3268 676 3338; x_wconf 87' lang='grc' dir='ltr'>ἁμαρτίας</span> <span class='ocrx_word' id='word_1_450' title='bbox 708 3269 884 3339; x_wconf 82' lang='grc' dir='ltr'>βέλεσι</span> <span class='ocrx_word' id='word_1_451' title='bbox 919 3270 1273 3344; x_wconf 77' lang='grc' dir='ltr'>βαλλομένην,</span> <span class='ocrx_word' id='word_1_452' title='bbox 1324 3276 1418 3328; x_wconf 78' lang='grc' dir='ltr'><strong>καὶ</strong></span> <span class='ocrx_word' id='word_1_453' title='bbox 1449 3277 1526 3346; x_wconf 86' lang='grc' dir='ltr'>τῷ</span> <span class='ocrx_word' id='word_1_454' title='bbox 1563 3278 1773 3349; x_wconf 79' lang='grc' dir='ltr'>θανάτῳ</span> <span class='ocrx_word' id='word_1_455' title='bbox 1801 3299 1981 3350; x_wconf 85' lang='grc' dir='ltr'>παρα-</span> 
     </span>
    </p>
   </div>
   <div class='ocr_carea' id='block_1_65' title="bbox 395 3361 1979 3436">
    <p class='ocr_par' dir='ltr' id='par_1_65' title="bbox 395 3361 1979 3436">
     <span class='ocr_line' id='line_1_65' title="bbox 395 3361 1979 3436; baseline 0.009 -26"><span class='ocrx_word' id='word_1_456' title='bbox 395 3361 782 3430; x_wconf 81' lang='grc' dir='ltr'>πεμπομένην,</span> <span class='ocrx_word' id='word_1_457' title='bbox 823 3363 1092 3432; x_wconf 85' lang='grc' dir='ltr'>ἐπαμύνει</span> <span class='ocrx_word' id='word_1_458' title='bbox 1129 3368 1194 3436; x_wconf 82' lang='grc' dir='ltr'>τῇ</span> <span class='ocrx_word' id='word_1_459' title='bbox 1248 3365 1436 3432; x_wconf 74' lang='grc' dir='ltr'>εἰκόνι,</span> <span class='ocrx_word' id='word_1_460' title='bbox 1493 3371 1586 3421; x_wconf 85' lang='grc' dir='ltr'><strong>καὶ</strong></span> <span class='ocrx_word' id='word_1_461' title='bbox 1635 3371 1762 3433; x_wconf 79' lang='grc' dir='ltr'>τοὺς</span> <span class='ocrx_word' id='word_1_462' title='bbox 1817 3373 1979 3425; x_wconf 69' lang='grc' dir='ltr'>πολερ</span> 
     </span>
    </p>
   </div>
   <div class='ocr_carea' id='block_1_66' title="bbox 397 3452 1978 3534">
    <p class='ocr_par' dir='ltr' id='par_1_66' title="bbox 397 3452 1978 3534">
     <span class='ocr_line' id='line_1_66' title="bbox 397 3452 1978 3534; baseline 0.007 -30"><span class='ocrx_word' id='word_1_463' title='bbox 397 3452 634 3520; x_wconf 81' lang='grc' dir='ltr'>μοῦντας</span> <span class='ocrx_word' id='word_1_464' title='bbox 663 3455 1115 3521; x_wconf 82' lang='grc' dir='ltr'>καταγωνίζεται,</span> <span class='ocrx_word' id='word_1_465' title='bbox 1148 3457 1208 3508; x_wconf 86' lang='grc' dir='ltr'>οὺ</span> <span class='ocrx_word' id='word_1_466' title='bbox 1251 3461 1430 3529; x_wconf 80' lang='grc' dir='ltr'>γυμνῇ</span> <span class='ocrx_word' id='word_1_467' title='bbox 1479 3462 1546 3530; x_wconf 80' lang='grc' dir='ltr'>τῇ</span> <span class='ocrx_word' id='word_1_468' title='bbox 1588 3460 1814 3530; x_wconf 82' lang='grc' dir='ltr'>δυνάμει</span> <span class='ocrx_word' id='word_1_469' title='bbox 1843 3482 1978 3534; x_wconf 80' lang='grc' dir='ltr'>χρη-</span> 
     </span>
    </p>
   </div>
   <div class='ocr_carea' id='block_1_67' title="bbox 397 3542 1978 3617">
    <p class='ocr_par' dir='ltr' id='par_1_67' title="bbox 397 3542 1978 3617">
     <span class='ocr_line' id='line_1_67' title="bbox 397 3542 1978 3617; baseline 0.006 -24"><span class='ocrx_word' id='word_1_470' title='bbox 397 3542 631 3609; x_wconf 87' lang='grc' dir='ltr'>σάμενος</span> <span class='ocrx_word' id='word_1_471' title='bbox 658 3545 722 3613; x_wconf 83' lang='grc' dir='ltr'>τῇ</span> <span class='ocrx_word' id='word_1_472' title='bbox 756 3543 990 3610; x_wconf 79' lang='grc' dir='ltr'>θεότητι,</span> <span class='ocrx_word' id='word_1_473' title='bbox 1038 3545 1159 3597; x_wconf 81' lang='grc' dir='ltr'>οὐδὲ</span> <span class='ocrx_word' id='word_1_474' title='bbox 1199 3548 1263 3616; x_wconf 80' lang='grc' dir='ltr'>τῇ</span> <span class='ocrx_word' id='word_1_475' title='bbox 1307 3546 1526 3617; x_wconf 78' lang='grc' dir='ltr'>ἐξουσίᾳ</span> <span class='ocrx_word' id='word_1_476' title='bbox 1566 3547 1669 3616; x_wconf 79' lang='grc' dir='ltr'><strong>τῆς</strong></span> <span class='ocrx_word' id='word_1_477' title='bbox 1704 3548 1978 3617; x_wconf 79' lang='grc' dir='ltr'>βασιλείας</span> 
     </span>
    </p>
   </div>
   <div class='ocr_carea' id='block_1_68' title="bbox 393 3630 1977 3708">
    <p class='ocr_par' dir='ltr' id='par_1_68' title="bbox 393 3630 1977 3708">
     <span class='ocr_line' id='line_1_68' title="bbox 393 3630 1977 3708; baseline 0.007 -26"><span class='ocrx_word' id='word_1_478' title='bbox 393 3630 749 3700; x_wconf 80' lang='grc' dir='ltr'>καταπλήξας</span> <span class='ocrx_word' id='word_1_479' title='bbox 766 3635 890 3696; x_wconf 80' lang='grc' dir='ltr'>τοὺς</span> <span class='ocrx_word' id='word_1_480' title='bbox 917 3633 1262 3698; x_wconf 77' lang='grc' dir='ltr'>ἀντιπάλους,</span> <span class='ocrx_word' id='word_1_481' title='bbox 1290 3637 1390 3688; x_wconf 77' lang='grc' dir='ltr'><strong>οὐκ</strong></span> <span class='ocrx_word' id='word_1_482' title='bbox 1422 3637 1690 3704; x_wconf 80' lang='grc' dir='ltr'>ἀγγέλους</span> <span class='ocrx_word' id='word_1_483' title='bbox 1721 3639 1977 3708; x_wconf 85' lang='grc' dir='ltr'>στρατεύ-</span> 
     </span>
    </p>
   </div>
   <div class='ocr_carea' id='block_1_69' title="bbox 393 3723 1974 3799">
    <p class='ocr_par' dir='ltr' id='par_1_69' title="bbox 393 3723 1974 3799">
     <span class='ocr_line' id='line_1_69' title="bbox 393 3723 1974 3799; baseline 0.006 -26"><span class='ocrx_word' id='word_1_484' title='bbox 393 3739 516 3783; x_wconf 85' lang='grc' dir='ltr'>σας,</span> <span class='ocrx_word' id='word_1_485' title='bbox 549 3723 668 3775; x_wconf 73' lang='grc' dir='ltr'>οὐδὲ</span> <span class='ocrx_word' id='word_1_486' title='bbox 706 3723 831 3786; x_wconf 81' lang='grc' dir='ltr'>τοὺς</span> <span class='ocrx_word' id='word_1_487' title='bbox 872 3723 1243 3796; x_wconf 87' lang='grc' dir='ltr'>ἀρχαγγέλους</span> <span class='ocrx_word' id='word_1_488' title='bbox 1294 3727 1373 3789; x_wconf 84' lang='grc' dir='ltr'><strong>είς</strong></span> <span class='ocrx_word' id='word_1_489' title='bbox 1413 3727 1730 3799; x_wconf 85' lang='grc' dir='ltr'>συμμαχίαν</span> <span class='ocrx_word' id='word_1_490' title='bbox 1775 3728 1974 3795; x_wconf 78' lang='grc' dir='ltr'>λαϐὼν,</span> 
     </span>
    </p>
   </div>
   <div class='ocr_carea' id='block_1_70' title="bbox 389 3813 1976 3889">
    <p class='ocr_par' dir='ltr' id='par_1_70' title="bbox 389 3813 1976 3889">
     <span class='ocr_line' id='line_1_70' title="bbox 389 3813 1976 3889; baseline 0.004 -24"><span class='ocrx_word' id='word_1_491' title='bbox 389 3813 515 3865; x_wconf 78' lang='grc' dir='ltr'>οὐδὲ</span> <span class='ocrx_word' id='word_1_492' title='bbox 576 3816 872 3883; x_wconf 84' lang='grc' dir='ltr'>κεραυνοὺς</span> <span class='ocrx_word' id='word_1_493' title='bbox 923 3817 956 3887; x_wconf 84' lang='grc' dir='ltr'>ἢ</span> <span class='ocrx_word' id='word_1_494' title='bbox 1004 3819 1328 3889; x_wconf 85' lang='grc' dir='ltr'>πρηστῆρας</span> <span class='ocrx_word' id='word_1_495' title='bbox 1377 3819 1518 3873; x_wconf 88' lang='grc' dir='ltr'><strong>κατά</strong></span> <span class='ocrx_word' id='word_1_496' title='bbox 1567 3821 1676 3876; x_wconf 83' lang='grc' dir='ltr'>τῶν</span> <span class='ocrx_word' id='word_1_497' title='bbox 1720 3823 1976 3877; x_wconf 83' lang='grc' dir='ltr'>ἐναντίων</span> 
     </span>
    </p>
   </div>
   <div class='ocr_carea' id='block_1_71' title="bbox 387 3905 1976 3981">
    <p class='ocr_par' dir='ltr' id='par_1_71' title="bbox 387 3905 1976 3981">
     <span class='ocr_line' id='line_1_71' title="bbox 387 3905 1976 3981; baseline 0.005 -24"><span class='ocrx_word' id='word_1_498' title='bbox 387 3905 636 3970; x_wconf 80' lang='grc' dir='ltr'>ὁπλίσας,</span> <span class='ocrx_word' id='word_1_499' title='bbox 681 3907 801 3959; x_wconf 76' lang='grc' dir='ltr'>οὐδὲ</span> <span class='ocrx_word' id='word_1_500' title='bbox 851 3909 990 3977; x_wconf 87' lang='grc' dir='ltr'><strong>μετά</strong></span> <span class='ocrx_word' id='word_1_501' title='bbox 1036 3911 1146 3963; x_wconf 84' lang='grc' dir='ltr'>τῶν</span> <span class='ocrx_word' id='word_1_502' title='bbox 1200 3911 1465 3980; x_wconf 81' lang='grc' dir='ltr'>χερουὸὶμ</span> <span class='ocrx_word' id='word_1_503' title='bbox 1510 3914 1697 3980; x_wconf 73' lang='grc' dir='ltr'>φανεὶς</span> <span class='ocrx_word' id='word_1_504' title='bbox 1745 3914 1837 3964; x_wconf 79' lang='grc' dir='ltr'><strong>ἐπὶ</strong></span> <span class='ocrx_word' id='word_1_505' title='bbox 1879 3915 1976 3981; x_wconf 85' lang='grc' dir='ltr'>τῆς</span> 
     </span>
    </p>
   </div>
   <div class='ocr_carea' id='block_1_72' title="bbox 388 3997 1974 4071">
    <p class='ocr_par' dir='ltr' id='par_1_72' title="bbox 388 3997 1974 4071">
     <span class='ocr_line' id='line_1_72' title="bbox 388 3997 1974 4071; baseline 0.003 -23"><span class='ocrx_word' id='word_1_506' title='bbox 388 3997 618 4066; x_wconf 83' lang='grc' dir='ltr'>ἠπείρου</span> <span class='ocrx_word' id='word_1_507' title='bbox 665 4000 759 4052; x_wconf 72' lang='grc' dir='ltr'><strong>καλ⁵</strong></span> <span class='ocrx_word' id='word_1_508' title='bbox 807 4000 917 4052; x_wconf 84' lang='grc' dir='ltr'>τῶν</span> <span class='ocrx_word' id='word_1_509' title='bbox 965 4001 1254 4071; x_wconf 81' lang='grc' dir='ltr'>ἡμετέρων</span> <span class='ocrx_word' id='word_1_510' title='bbox 1308 4001 1598 4054; x_wconf 88' lang='grc' dir='ltr'>ἀντιδίκων</span> <span class='ocrx_word' id='word_1_511' title='bbox 1646 4001 1974 4065; x_wconf 84' lang='grc' dir='ltr'>δικαστικῶς</span> 
     </span>
    </p>
   </div>
   <div class='ocr_carea' id='block_1_73' title="bbox 387 4087 1969 4162">
    <p class='ocr_par' dir='ltr' id='par_1_73' title="bbox 387 4087 1969 4162">
     <span class='ocr_line' id='line_1_73' title="bbox 387 4087 1969 4162; baseline 0.003 -24"><span class='ocrx_word' id='word_1_512' title='bbox 387 4087 909 4156; x_wconf 81' lang='grc' dir='ltr'>καταψηφισάμενος</span> <span class='ocrx_word' id='word_1_513' title='bbox 953 4088 1100 4159; x_wconf 91' lang='lat' dir='ltr'><strong>[cod.</strong></span> <span class='ocrx_word' id='word_1_514' title='bbox 1161 4089 1424 4144; x_wconf 87' lang='lat' dir='ltr'><strong>mendose</strong></span> <span class='ocrx_word' id='word_1_515' title='bbox 1467 4090 1969 4162; x_wconf 76' lang='grc' dir='ltr'>καταψησάμενος],</span> 
     </span>
    </p>
   </div>
   <div class='ocr_carea' id='block_1_74' title="bbox 384 4173 1974 4250">
    <p class='ocr_par' dir='ltr' id='par_1_74' title="bbox 384 4173 1974 4250">
     <span class='ocr_line' id='line_1_74' title="bbox 384 4173 1974 4250; baseline 0.004 -23"><span class='ocrx_word' id='word_1_516' title='bbox 384 4175 501 4227; x_wconf 86' lang='grc' dir='ltr'>ἀλλ’</span> <span class='ocrx_word' id='word_1_517' title='bbox 543 4173 624 4237; x_wconf 77' lang='grc' dir='ltr'>εἷς</span> <span class='ocrx_word' id='word_1_518' title='bbox 649 4176 758 4227; x_wconf 83' lang='grc' dir='ltr'><strong>τῶν</strong></span> <span class='ocrx_word' id='word_1_519' title='bbox 789 4176 1106 4231; x_wconf 85' lang='grc' dir='ltr'>ὑπευθύνων</span> <span class='ocrx_word' id='word_1_520' title='bbox 1154 4179 1248 4230; x_wconf 81' lang='grc' dir='ltr'><strong>καὶ</strong></span> <span class='ocrx_word' id='word_1_521' title='bbox 1295 4178 1721 4249; x_wconf 81' lang='grc' dir='ltr'>πολεμουμένων</span> <span class='ocrx_word' id='word_1_522' title='bbox 1755 4181 1974 4250; x_wconf 86' lang='grc' dir='ltr'>γινόμε-</span> 
     </span>
    </p>
   </div>
   <div class='ocr_carea' id='block_1_75' title="bbox 384 4264 1972 4341">
    <p class='ocr_par' dir='ltr' id='par_1_75' title="bbox 384 4264 1972 4341">
     <span class='ocr_line' id='line_1_75' title="bbox 384 4264 1972 4341; baseline 0.005 -26"><span class='ocrx_word' id='word_1_523' title='bbox 384 4281 496 4326; x_wconf 90' lang='grc' dir='ltr'>νος,</span> <span class='ocrx_word' id='word_1_524' title='bbox 529 4264 622 4316; x_wconf 71' lang='grc' dir='ltr'><strong>καὶ</strong></span> <span class='ocrx_word' id='word_1_525' title='bbox 655 4266 1012 4336; x_wconf 71' lang='grc' dir='ltr'>κατακρύψας</span> <span class='ocrx_word' id='word_1_526' title='bbox 1038 4268 1100 4320; x_wconf 85' lang='grc' dir='ltr'><strong>τὸ</strong></span> <span class='ocrx_word' id='word_1_527' title='bbox 1133 4268 1543 4340; x_wconf 85' lang='grc' dir='ltr'>μεγαλοπρεπὲς</span> <span class='ocrx_word' id='word_1_528' title='bbox 1587 4271 1685 4340; x_wconf 86' lang='grc' dir='ltr'><strong>τῆς</strong></span> <span class='ocrx_word' id='word_1_529' title='bbox 1720 4270 1972 4341; x_wconf 89' lang='grc' dir='ltr'>θεότητος</span> 
     </span>
    </p>
   </div>
   <div class='ocr_carea' id='block_1_76' title="bbox 381 4354 1970 4432">
    <p class='ocr_par' dir='ltr' id='par_1_76' title="bbox 381 4354 1970 4432">
     <span class='ocr_line' id='line_1_76' title="bbox 381 4354 1970 4432; baseline 0.004 -25"><span class='ocrx_word' id='word_1_530' title='bbox 381 4357 452 4424; x_wconf 83' lang='grc' dir='ltr'>τῇ</span> <span class='ocrx_word' id='word_1_531' title='bbox 506 4354 748 4426; x_wconf 81' lang='grc' dir='ltr'>εὐτελείᾳ</span> <span class='ocrx_word' id='word_1_532' title='bbox 794 4358 893 4426; x_wconf 82' lang='grc' dir='ltr'>τῆς</span> <span class='ocrx_word' id='word_1_533' title='bbox 943 4357 1384 4429; x_wconf 86' lang='grc' dir='ltr'>ἀνθρωπότητος,</span> <span class='ocrx_word' id='word_1_534' title='bbox 1431 4359 1522 4411; x_wconf 79' lang='grc' dir='ltr'><strong>καὶ</strong></span> <span class='ocrx_word' id='word_1_535' title='bbox 1565 4359 1656 4412; x_wconf 81' lang='grc' dir='ltr'>τὸν</span> <span class='ocrx_word' id='word_1_536' title='bbox 1693 4361 1970 4432; x_wconf 82' lang='grc' dir='ltr'>ὁρώμενον</span> 
     </span>
    </p>
   </div>
   <div class='ocr_carea' id='block_1_77' title="bbox 377 4447 1970 4524">
    <p class='ocr_par' dir='ltr' id='par_1_77' title="bbox 377 4447 1970 4524">
     <span class='ocr_line' id='line_1_77' title="bbox 377 4447 1970 4524; baseline 0.004 -24"><span class='ocrx_word' id='word_1_537' title='bbox 377 4447 670 4516; x_wconf 77' lang='grc' dir='ltr'>ἄνθρωπον</span> <span class='ocrx_word' id='word_1_538' title='bbox 703 4450 781 4512; x_wconf 84' lang='grc' dir='ltr'>εἰς</span> <span class='ocrx_word' id='word_1_539' title='bbox 815 4450 991 4520; x_wconf 85' lang='grc' dir='ltr'>πάλην</span> <span class='ocrx_word' id='word_1_540' title='bbox 1021 4451 1269 4520; x_wconf 76' lang='grc' dir='ltr'>ἀλείψας,</span> <span class='ocrx_word' id='word_1_541' title='bbox 1305 4453 1398 4506; x_wconf 75' lang='grc' dir='ltr'><strong>καὶ</strong></span> <span class='ocrx_word' id='word_1_542' title='bbox 1426 4454 1727 4524; x_wconf 88' lang='grc' dir='ltr'>νικήσαντα</span> <span class='ocrx_word' id='word_1_543' title='bbox 1773 4471 1970 4524; x_wconf 78' lang='grc' dir='ltr'>στεφα-</span> 
     </span>
    </p>
   </div>
   <div class='ocr_carea' id='block_1_78' title="bbox 379 4537 1971 4614">
    <p class='ocr_par' dir='ltr' id='par_1_78' title="bbox 379 4537 1971 4614">
     <span class='ocr_line' id='line_1_78' title="bbox 379 4537 1971 4614; baseline 0.006 -24"><span class='ocrx_word' id='word_1_544' title='bbox 379 4537 560 4601; x_wconf 86' lang='grc' dir='ltr'>νώσας</span> <span class='ocrx_word' id='word_1_545' title='bbox 583 4555 594 4568; x_wconf 88' lang='grc'><strong>·</strong></span> <span class='ocrx_word' id='word_1_546' title='bbox 628 4540 722 4592; x_wconf 75' lang='grc' dir='ltr'>καὶ</span> <span class='ocrx_word' id='word_1_547' title='bbox 753 4541 1006 4595; x_wconf 87' lang='grc' dir='ltr'>παιδόθεν</span> <span class='ocrx_word' id='word_1_548' title='bbox 1038 4543 1136 4612; x_wconf 83' lang='grc' dir='ltr'><strong>μὲν</strong></span> <span class='ocrx_word' id='word_1_549' title='bbox 1181 4543 1279 4612; x_wconf 86' lang='grc' dir='ltr'>τὴν</span> <span class='ocrx_word' id='word_1_550' title='bbox 1306 4544 1507 4614; x_wconf 76' lang='grc' dir='ltr'>ἀρετὴν</span> <span class='ocrx_word' id='word_1_551' title='bbox 1535 4546 1837 4611; x_wconf 82' lang='grc' dir='ltr'>ἐκδιδάξας,</span> <span class='ocrx_word' id='word_1_552' title='bbox 1879 4547 1971 4600; x_wconf 79' lang='grc' dir='ltr'><strong>καὶ</strong></span> 
     </span>
    </p>
   </div>
   <div class='ocr_carea' id='block_1_79' title="bbox 388 4631 1973 4708">
    <p class='ocr_par' dir='ltr' id='par_1_79' title="bbox 388 4631 1973 4708">
     <span class='ocr_line' id='line_1_79' title="bbox 388 4631 1973 4708; baseline 0.004 -25"><span class='ocrx_word' id='word_1_553' title='bbox 388 4631 735 4702; x_wconf 76' lang='grc' dir='ltr'>δικαιοσύνης</span> <span class='ocrx_word' id='word_1_554' title='bbox 763 4634 842 4695; x_wconf 88' lang='grc' dir='ltr'><strong>είς</strong></span> <span class='ocrx_word' id='word_1_555' title='bbox 872 4635 1174 4704; x_wconf 79' lang='grc' dir='ltr'>ἀκρότατον</span> <span class='ocrx_word' id='word_1_556' title='bbox 1213 4635 1455 4704; x_wconf 86' lang='grc' dir='ltr'>ἀγαγὼν,</span> <span class='ocrx_word' id='word_1_557' title='bbox 1490 4637 1756 4708; x_wconf 83' lang='grc' dir='ltr'>ἀήττητον</span> <span class='ocrx_word' id='word_1_558' title='bbox 1796 4639 1852 4690; x_wconf 79' lang='grc' dir='ltr'><strong>δὲ</strong></span> <span class='ocrx_word' id='word_1_559' title='bbox 1875 4656 1973 4706; x_wconf 82' lang='grc' dir='ltr'><strong>φυ-</strong></span> 
     </span>
    </p>
   </div>
   <div class='ocr_carea' id='block_1_80' title="bbox 2085 3271 3660 3344">
    <p class='ocr_par' dir='ltr' id='par_1_80' title="bbox 2085 3271 3660 3344">
     <span class='ocr_line' id='line_1_80' title="bbox 2085 3271 3660 3344; baseline -0.008 -10"><span class='ocrx_word' id='word_1_560' title='bbox 2085 3281 2150 3334; x_wconf 91' lang='lat' dir='ltr'><strong>tis</strong></span> <span class='ocrx_word' id='word_1_561' title='bbox 2173 3277 2536 3341; x_wconf 78' lang='lat' dir='ltr'><strong>vulneratam,</strong></span> <span class='ocrx_word' id='word_1_562' title='bbox 2560 3275 2830 3344; x_wconf 83' lang='lat' dir='ltr'><strong>mortique</strong></span> <span class='ocrx_word' id='word_1_563' title='bbox 2857 3274 3151 3338; x_wconf 86' lang='lat' dir='ltr'><strong>addictam,</strong></span> <span class='ocrx_word' id='word_1_564' title='bbox 3199 3272 3470 3342; x_wconf 86' lang='lat' dir='ltr'><strong>propriam</strong></span> <span class='ocrx_word' id='word_1_565' title='bbox 3517 3271 3660 3324; x_wconf 87' lang='lat' dir='ltr'><strong>ultus</strong></span> 
     </span>
    </p>
   </div>
   <div class='ocr_carea' id='block_1_81' title="bbox 2081 3361 3659 3438">
    <p class='ocr_par' dir='ltr' id='par_1_81' title="bbox 2081 3361 3659 3438">
     <span class='ocr_line' id='line_1_81' title="bbox 2081 3361 3659 3438; baseline -0.003 -19"><span class='ocrx_word' id='word_1_566' title='bbox 2081 3376 2162 3420; x_wconf 87' lang='lat' dir='ltr'><strong>est</strong></span> <span class='ocrx_word' id='word_1_567' title='bbox 2212 3367 2526 3438; x_wconf 82' lang='lat' dir='ltr'><strong>imaginem,</strong></span> <span class='ocrx_word' id='word_1_568' title='bbox 2563 3367 2860 3433; x_wconf 81' lang='lat' dir='ltr'><strong>hostesque</strong></span> <span class='ocrx_word' id='word_1_569' title='bbox 2911 3364 3264 3434; x_wconf 85' lang='lat' dir='ltr'><strong>prepulsavit,</strong></span> <span class='ocrx_word' id='word_1_570' title='bbox 3327 3363 3470 3417; x_wconf 90' lang='lat' dir='ltr'><strong>haud</strong></span> <span class='ocrx_word' id='word_1_571' title='bbox 3525 3361 3659 3416; x_wconf 85' lang='lat' dir='ltr'><strong>solis</strong></span> 
     </span>
    </p>
   </div>
   <div class='ocr_carea' id='block_1_82' title="bbox 2079 3451 3658 3525">
    <p class='ocr_par' dir='ltr' id='par_1_82' title="bbox 2079 3451 3658 3525">
     <span class='ocr_line' id='line_1_82' title="bbox 2079 3451 3658 3525; baseline -0.003 -14"><span class='ocrx_word' id='word_1_572' title='bbox 2079 3457 2299 3513; x_wconf 88' lang='lat' dir='ltr'><strong>deitatis</strong></span> <span class='ocrx_word' id='word_1_573' title='bbox 2345 3459 2548 3512; x_wconf 86' lang='lat' dir='ltr'><strong>viribus</strong></span> <span class='ocrx_word' id='word_1_574' title='bbox 2607 3467 2794 3520; x_wconf 90' lang='lat' dir='ltr'><strong>utens,</strong></span> <span class='ocrx_word' id='word_1_575' title='bbox 2833 3471 3008 3524; x_wconf 83' lang='lat' dir='ltr'><strong>neque</strong></span> <span class='ocrx_word' id='word_1_576' title='bbox 3064 3455 3363 3525; x_wconf 87' lang='lat' dir='ltr'><strong>majestatis</strong></span> <span class='ocrx_word' id='word_1_577' title='bbox 3415 3451 3658 3522; x_wconf 82' lang='lat' dir='ltr'><strong>potentia</strong></span> 
     </span>
    </p>
   </div>
   <div class='ocr_carea' id='block_1_83' title="bbox 2079 3545 3654 3619">
    <p class='ocr_par' dir='ltr' id='par_1_83' title="bbox 2079 3545 3654 3619">
     <span class='ocr_line' id='line_1_83' title="bbox 2079 3545 3654 3619; baseline -0.007 -16"><span class='ocrx_word' id='word_1_578' title='bbox 2079 3549 2466 3604; x_wconf 87' lang='lat' dir='ltr'><strong>colluctatores</strong></span> <span class='ocrx_word' id='word_1_579' title='bbox 2531 3549 2844 3619; x_wconf 74' lang='lat' dir='ltr'><strong>proﬂigatis,</strong></span> <span class='ocrx_word' id='word_1_580' title='bbox 2923 3563 3029 3602; x_wconf 89' lang='lat' dir='ltr'><strong>non</strong></span> <span class='ocrx_word' id='word_1_581' title='bbox 3100 3547 3416 3616; x_wconf 74' lang='lat' dir='ltr'><strong>angelorum</strong></span> <span class='ocrx_word' id='word_1_582' title='bbox 3483 3545 3654 3598; x_wconf 85' lang='lat' dir='ltr'><strong>aciem</strong></span> 
     </span>
    </p>
   </div>
   <div class='ocr_carea' id='block_1_84' title="bbox 2081 3635 3654 3707">
    <p class='ocr_par' dir='ltr' id='par_1_84' title="bbox 2081 3635 3654 3707">
     <span class='ocr_line' id='line_1_84' title="bbox 2081 3635 3654 3707; baseline -0.003 -17"><span class='ocrx_word' id='word_1_583' title='bbox 2081 3637 2376 3700; x_wconf 87' lang='lat' dir='ltr'><strong>instruens,</strong></span> <span class='ocrx_word' id='word_1_584' title='bbox 2405 3651 2581 3705; x_wconf 89' lang='lat' dir='ltr'><strong>neque</strong></span> <span class='ocrx_word' id='word_1_585' title='bbox 2610 3636 2965 3707; x_wconf 81' lang='lat' dir='ltr'><strong>archangelos</strong></span> <span class='ocrx_word' id='word_1_586' title='bbox 3005 3635 3304 3690; x_wconf 81' lang='lat' dir='ltr'><strong>auxiliares</strong></span> <span class='ocrx_word' id='word_1_587' title='bbox 3345 3648 3654 3696; x_wconf 77' lang='lat' dir='ltr'><strong>assumens,</strong></span> 
     </span>
    </p>
   </div>
   <div class='ocr_carea' id='block_1_85' title="bbox 2080 3727 3655 3786">
    <p class='ocr_par' dir='ltr' id='par_1_85' title="bbox 2080 3727 3655 3786">
     <span class='ocr_line' id='line_1_85' title="bbox 2080 3727 3655 3786; baseline -0.003 -4"><span class='ocrx_word' id='word_1_588' title='bbox 2080 3743 2186 3783; x_wconf 91' lang='lat' dir='ltr'><strong>non</strong></span> <span class='ocrx_word' id='word_1_589' title='bbox 2221 3727 2445 3781; x_wconf 83' lang='lat' dir='ltr'><strong>fulmina</strong></span> <span class='ocrx_word' id='word_1_590' title='bbox 2481 3737 2576 3782; x_wconf 90' lang='lat' dir='ltr'><strong>aut</strong></span> <span class='ocrx_word' id='word_1_591' title='bbox 2611 3729 2852 3783; x_wconf 86' lang='lat' dir='ltr'><strong>turbines</strong></span> <span class='ocrx_word' id='word_1_592' title='bbox 2885 3738 3074 3782; x_wconf 84' lang='lat' dir='ltr'><strong>centra</strong></span> <span class='ocrx_word' id='word_1_593' title='bbox 3116 3727 3366 3781; x_wconf 90' lang='lat' dir='ltr'><strong>inimicos</strong></span> <span class='ocrx_word' id='word_1_594' title='bbox 3409 3740 3655 3786; x_wconf 85' lang='lat' dir='ltr'><strong>armans.</strong></span> 
     </span>
    </p>
   </div>
   <div class='ocr_carea' id='block_1_86' title="bbox 2077 3815 3654 3886">
    <p class='ocr_par' dir='ltr' id='par_1_86' title="bbox 2077 3815 3654 3886">
     <span class='ocr_line' id='line_1_86' title="bbox 2077 3815 3654 3886; baseline -0.001 -15"><span class='ocrx_word' id='word_1_595' title='bbox 2077 3833 2253 3886; x_wconf 91' lang='lat' dir='ltr'><strong>neque</strong></span> <span class='ocrx_word' id='word_1_596' title='bbox 2271 3834 2393 3872; x_wconf 89' lang='lat' dir='ltr'><strong>cum</strong></span> <span class='ocrx_word' id='word_1_597' title='bbox 2437 3817 2748 3872; x_wconf 87' lang='lat' dir='ltr'><strong>cberubinis</strong></span> <span class='ocrx_word' id='word_1_598' title='bbox 2775 3820 2826 3869; x_wconf 93' lang='lat' dir='ltr'><strong>in</strong></span> <span class='ocrx_word' id='word_1_599' title='bbox 2857 3829 2998 3870; x_wconf 88' lang='lat' dir='ltr'><strong>terra</strong></span> <span class='ocrx_word' id='word_1_600' title='bbox 3023 3831 3286 3884; x_wconf 84' lang='lat' dir='ltr'><strong>apparens</strong></span> <span class='ocrx_word' id='word_1_601' title='bbox 3313 3815 3654 3869; x_wconf 80' lang='lat' dir='ltr'><strong>adversaries</strong></span> 
     </span>
    </p>
   </div>
   <div class='ocr_carea' id='block_1_87' title="bbox 2076 3906 3655 3974">
    <p class='ocr_par' dir='ltr' id='par_1_87' title="bbox 2076 3906 3655 3974">
     <span class='ocr_line' id='line_1_87' title="bbox 2076 3906 3655 3974; baseline 0 -16"><span class='ocrx_word' id='word_1_602' title='bbox 2076 3922 2174 3974; x_wconf 88' lang='lat' dir='ltr'><strong>pro</strong></span> <span class='ocrx_word' id='word_1_603' title='bbox 2205 3906 2460 3959; x_wconf 89' lang='lat' dir='ltr'><strong>tribunali</strong></span> <span class='ocrx_word' id='word_1_604' title='bbox 2505 3907 2873 3959; x_wconf 78' lang='lat' dir='ltr'><strong>condemnatis</strong></span> <span class='ocrx_word' id='word_1_605' title='bbox 2915 3907 3057 3969; x_wconf 90' lang='lat' dir='ltr'><strong>;sed</strong></span> <span class='ocrx_word' id='word_1_606' title='bbox 3115 3913 3370 3973; x_wconf 89' lang='lat' dir='ltr'><strong>tanquam</strong></span> <span class='ocrx_word' id='word_1_607' title='bbox 3423 3919 3562 3957; x_wconf 90' lang='lat' dir='ltr'><strong>unus</strong></span> <span class='ocrx_word' id='word_1_608' title='bbox 3590 3907 3655 3958; x_wconf 87' lang='lat' dir='ltr'><strong>de</strong></span> 
     </span>
    </p>
   </div>
   <div class='ocr_carea' id='block_1_88' title="bbox 2077 3995 3654 4066">
    <p class='ocr_par' dir='ltr' id='par_1_88' title="bbox 2077 3995 3654 4066">
     <span class='ocr_line' id='line_1_88' title="bbox 2077 3995 3654 4066; baseline 0 -18"><span class='ocrx_word' id='word_1_609' title='bbox 2077 3996 2184 4050; x_wconf 86' lang='lat' dir='ltr'><strong>reis</strong></span> <span class='ocrx_word' id='word_1_610' title='bbox 2209 3998 2642 4065; x_wconf 80' lang='lat' dir='ltr'><strong>oppugnatisque</strong></span> <span class='ocrx_word' id='word_1_611' title='bbox 2665 3995 2864 4063; x_wconf 79' lang='lat' dir='ltr'><strong>factus,</strong></span> <span class='ocrx_word' id='word_1_612' title='bbox 2920 3997 3246 4066; x_wconf 72' lang='lat' dir='ltr'><strong>deitatisque</strong></span> <span class='ocrx_word' id='word_1_613' title='bbox 3299 3996 3654 4065; x_wconf 77' lang='lat' dir='ltr'><strong>magniﬁcen-</strong></span> 
     </span>
    </p>
   </div>
   <div class='ocr_carea' id='block_1_89' title="bbox 2075 4085 3651 4157">
    <p class='ocr_par' dir='ltr' id='par_1_89' title="bbox 2075 4085 3651 4157">
     <span class='ocr_line' id='line_1_89' title="bbox 2075 4085 3651 4157; baseline 0.001 -19"><span class='ocrx_word' id='word_1_614' title='bbox 2075 4085 2202 4140; x_wconf 83' lang='lat' dir='ltr'><strong>tiam</strong></span> <span class='ocrx_word' id='word_1_615' title='bbox 2232 4085 2440 4139; x_wconf 82' lang='lat' dir='ltr'><strong>vilitate</strong></span> <span class='ocrx_word' id='word_1_616' title='bbox 2479 4087 2831 4141; x_wconf 79' lang='lat' dir='ltr'><strong>humanitatis</strong></span> <span class='ocrx_word' id='word_1_617' title='bbox 2877 4086 3080 4152; x_wconf 84' lang='lat' dir='ltr'><strong>celans,</strong></span> <span class='ocrx_word' id='word_1_618' title='bbox 3143 4087 3312 4157; x_wconf 74' lang='lat'><strong>816</strong></span> <span class='ocrx_word' id='word_1_619' title='bbox 3344 4103 3413 4139; x_wconf 84' lang='lat' dir='ltr'><strong>m.</strong></span> <span class='ocrx_word' id='word_1_620' title='bbox 3463 4087 3651 4140; x_wconf 84' lang='lat' dir='ltr'><strong>visibi-</strong></span> 
     </span>
    </p>
   </div>
   <div class='ocr_carea' id='block_1_90' title="bbox 2073 4175 3644 4248">
    <p class='ocr_par' dir='ltr' id='par_1_90' title="bbox 2073 4175 3644 4248">
     <span class='ocr_line' id='line_1_90' title="bbox 2073 4175 3644 4248; baseline -0.001 -18"><span class='ocrx_word' id='word_1_621' title='bbox 2073 4175 2177 4231; x_wconf 90' lang='lat' dir='ltr'><strong>lem</strong></span> <span class='ocrx_word' id='word_1_622' title='bbox 2200 4177 2471 4231; x_wconf 89' lang='lat' dir='ltr'><strong>hominem</strong></span> <span class='ocrx_word' id='word_1_623' title='bbox 2509 4177 2573 4230; x_wconf 91' lang='lat' dir='ltr'><strong>ad</strong></span> <span class='ocrx_word' id='word_1_624' title='bbox 2607 4193 2841 4248; x_wconf 80' lang='lat' dir='ltr'><strong>pugnam</strong></span> <span class='ocrx_word' id='word_1_625' title='bbox 2872 4177 3269 4243; x_wconf 79' lang='lat' dir='ltr'><strong>corroboravit,</strong></span> <span class='ocrx_word' id='word_1_626' title='bbox 3299 4187 3356 4230; x_wconf 88' lang='lat' dir='ltr'><strong>et</strong></span> <span class='ocrx_word' id='word_1_627' title='bbox 3383 4178 3644 4230; x_wconf 81' lang='lat' dir='ltr'><strong>victorem</strong></span> 
     </span>
    </p>
   </div>
   <div class='ocr_carea' id='block_1_91' title="bbox 2072 4267 3649 4338">
    <p class='ocr_par' dir='ltr' id='par_1_91' title="bbox 2072 4267 3649 4338">
     <span class='ocr_line' id='line_1_91' title="bbox 2072 4267 3649 4338; baseline -0.001 -14"><span class='ocrx_word' id='word_1_628' title='bbox 2072 4269 2357 4324; x_wconf 89' lang='lat' dir='ltr'><strong>coronavit</strong></span> <span class='ocrx_word' id='word_1_629' title='bbox 2395 4267 2621 4336; x_wconf 88' lang='lat' dir='ltr'><strong>:etjam</strong></span> <span class='ocrx_word' id='word_1_630' title='bbox 2653 4269 2780 4323; x_wconf 89' lang='lat' dir='ltr'><strong>inde</strong></span> <span class='ocrx_word' id='word_1_631' title='bbox 2815 4285 2842 4322; x_wconf 88' lang='lat' dir='ltr'><strong>a</strong></span> <span class='ocrx_word' id='word_1_632' title='bbox 2877 4268 3060 4338; x_wconf 89' lang='lat' dir='ltr'><strong>pueris</strong></span> <span class='ocrx_word' id='word_1_633' title='bbox 3105 4267 3364 4323; x_wconf 88' lang='lat' dir='ltr'><strong>virtutem</strong></span> <span class='ocrx_word' id='word_1_634' title='bbox 3410 4269 3649 4331; x_wconf 87' lang='lat' dir='ltr'><strong>edocuit,</strong></span> 
     </span>
    </p>
   </div>
   <div class='ocr_carea' id='block_1_92' title="bbox 2075 4357 3650 4429">
    <p class='ocr_par' dir='ltr' id='par_1_92' title="bbox 2075 4357 3650 4429">
     <span class='ocr_line' id='line_1_92' title="bbox 2075 4357 3650 4429; baseline -0.003 -15"><span class='ocrx_word' id='word_1_635' title='bbox 2075 4370 2240 4429; x_wconf 88' lang='lat' dir='ltr'><strong>atque</strong></span> <span class='ocrx_word' id='word_1_636' title='bbox 2270 4360 2336 4416; x_wconf 87' lang='lat' dir='ltr'><strong>ad</strong></span> <span class='ocrx_word' id='word_1_637' title='bbox 2373 4359 2606 4428; x_wconf 72' lang='lat' dir='ltr'><strong>iustitia:</strong></span> <span class='ocrx_word' id='word_1_638' title='bbox 2634 4361 2846 4414; x_wconf 73' lang='lat' dir='ltr'><strong>culmen</strong></span> <span class='ocrx_word' id='word_1_639' title='bbox 2894 4359 3159 4427; x_wconf 79' lang='lat' dir='ltr'><strong>provexit,</strong></span> <span class='ocrx_word' id='word_1_640' title='bbox 3212 4357 3475 4411; x_wconf 87' lang='lat' dir='ltr'><strong>invictum</strong></span> <span class='ocrx_word' id='word_1_641' title='bbox 3533 4371 3650 4410; x_wconf 88' lang='lat' dir='ltr'><strong>scr-</strong></span> 
     </span>
    </p>
   </div>
   <div class='ocr_carea' id='block_1_93' title="bbox 2073 4451 3648 4524">
    <p class='ocr_par' dir='ltr' id='par_1_93' title="bbox 2073 4451 3648 4524">
     <span class='ocr_line' id='line_1_93' title="bbox 2073 4451 3648 4524; baseline -0.002 -19"><span class='ocrx_word' id='word_1_642' title='bbox 2073 4469 2226 4518; x_wconf 88' lang='lat' dir='ltr'><strong>vans,</strong></span> <span class='ocrx_word' id='word_1_643' title='bbox 2261 4464 2316 4507; x_wconf 88' lang='lat' dir='ltr'><strong>et</strong></span> <span class='ocrx_word' id='word_1_644' title='bbox 2345 4454 2550 4524; x_wconf 87' lang='lat' dir='ltr'><strong>peccati</strong></span> <span class='ocrx_word' id='word_1_645' title='bbox 2587 4454 2708 4506; x_wconf 88' lang='lat' dir='ltr'><strong>telis</strong></span> <span class='ocrx_word' id='word_1_646' title='bbox 2741 4453 3060 4517; x_wconf 88' lang='lat' dir='ltr'><strong>immunem,</strong></span> <span class='ocrx_word' id='word_1_647' title='bbox 3133 4452 3455 4519; x_wconf 81' lang='lat' dir='ltr'><strong>permittens</strong></span> <span class='ocrx_word' id='word_1_648' title='bbox 3490 4451 3648 4504; x_wconf 85' lang='lat' dir='ltr'><strong>simul</strong></span> 
     </span>
    </p>
   </div>
   <div class='ocr_carea' id='block_1_94' title="bbox 2078 4543 3648 4612">
    <p class='ocr_par' dir='ltr' id='par_1_94' title="bbox 2078 4543 3648 4612">
     <span class='ocr_line' id='line_1_94' title="bbox 2078 4543 3648 4612; baseline -0.006 -11"><span class='ocrx_word' id='word_1_649' title='bbox 2078 4556 2137 4601; x_wconf 89' lang='lat' dir='ltr'><strong>ut</strong></span> <span class='ocrx_word' id='word_1_650' title='bbox 2201 4549 2362 4602; x_wconf 88' lang='lat' dir='ltr'><strong>morti</strong></span> <span class='ocrx_word' id='word_1_651' title='bbox 2433 4546 2834 4608; x_wconf 83' lang='lat' dir='ltr'><strong>succumberet,</strong></span> <span class='ocrx_word' id='word_1_652' title='bbox 2891 4557 2998 4612; x_wconf 90' lang='lat' dir='ltr'><strong>quo</strong></span> <span class='ocrx_word' id='word_1_653' title='bbox 3057 4543 3261 4611; x_wconf 88' lang='lat' dir='ltr'><strong>peccati</strong></span> <span class='ocrx_word' id='word_1_654' title='bbox 3331 4543 3648 4608; x_wconf 87' lang='lat' dir='ltr'><strong>injustitiam</strong></span> 
     </span>
    </p>
   </div>
   <div class='ocr_carea' id='block_1_95' title="bbox 2080 4631 3438 4707">
    <p class='ocr_par' dir='ltr' id='par_1_95' title="bbox 2080 4631 3438 4707">
     <span class='ocr_line' id='line_1_95' title="bbox 2080 4631 3438 4707; baseline -0.006 -15"><span class='ocrx_word' id='word_1_655' title='bbox 2080 4645 2422 4707; x_wconf 84' lang='lat' dir='ltr'><strong>coargueret,</strong></span> <span class='ocrx_word' id='word_1_656' title='bbox 2451 4645 2506 4690; x_wconf 92' lang='lat' dir='ltr'><strong>et</strong></span> <span class='ocrx_word' id='word_1_657' title='bbox 2553 4636 2746 4688; x_wconf 88' lang='lat' dir='ltr'><strong>mortis</strong></span> <span class='ocrx_word' id='word_1_658' title='bbox 2780 4631 3078 4700; x_wconf 84' lang='lat' dir='ltr'><strong>potentiam</strong></span> <span class='ocrx_word' id='word_1_659' title='bbox 3112 4631 3438 4685; x_wconf 86' lang='lat' dir='ltr'><strong>destrueret.</strong></span> 
     </span>
    </p>
   </div>
   <div class='ocr_carea' id='block_1_96' title="bbox 378 4720 3649 4800">
    <p class='ocr_par' dir='ltr' id='par_1_96' title="bbox 378 4720 3649 4800">
     <span class='ocr_line' id='line_1_96' title="bbox 378 4720 3649 4800; baseline 0.001 -28"><span class='ocrx_word' id='word_1_660' title='bbox 378 4720 567 4786; x_wconf 80' lang='grc' dir='ltr'>λάξας,</span> <span class='ocrx_word' id='word_1_661' title='bbox 615 4724 707 4776; x_wconf 86' lang='grc' dir='ltr'><strong>καὶ</strong></span> <span class='ocrx_word' id='word_1_662' title='bbox 766 4725 873 4777; x_wconf 88' lang='grc' dir='ltr'>τῶν</span> <span class='ocrx_word' id='word_1_663' title='bbox 918 4726 1086 4794; x_wconf 82' lang='grc' dir='ltr'>βελῶν</span> <span class='ocrx_word' id='word_1_664' title='bbox 1125 4729 1224 4797; x_wconf 79' lang='grc' dir='ltr'>τῆς</span> <span class='ocrx_word' id='word_1_665' title='bbox 1284 4729 1558 4799; x_wconf 79' lang='grc' dir='ltr'>ἁμαρτίας</span> <span class='ocrx_word' id='word_1_666' title='bbox 1620 4730 1923 4800; x_wconf 85' lang='grc' dir='ltr'>ἐλεύθερον,</span> <span class='ocrx_word' id='word_1_667' title='bbox 1976 4734 2339 4800; x_wconf 82' lang='grc' dir='ltr'>συγχωρήσας</span> <span class='ocrx_word' id='word_1_668' title='bbox 2381 4727 2439 4780; x_wconf 84' lang='grc' dir='ltr'>δὲ</span> <span class='ocrx_word' id='word_1_669' title='bbox 2487 4728 2636 4797; x_wconf 84' lang='grc' dir='ltr'>ὅμως</span> <span class='ocrx_word' id='word_1_670' title='bbox 2679 4725 2784 4778; x_wconf 75' lang='grc' dir='ltr'><strong>ὑπὸ</strong></span> <span class='ocrx_word' id='word_1_671' title='bbox 2839 4723 3068 4777; x_wconf 89' lang='grc' dir='ltr'>θάνατον</span> <span class='ocrx_word' id='word_1_672' title='bbox 3119 4723 3392 4789; x_wconf 82' lang='grc' dir='ltr'>γενέσθαι,</span> <span class='ocrx_word' id='word_1_673' title='bbox 3435 4722 3519 4775; x_wconf 82' lang='grc' dir='ltr'><strong>ἵνα</strong></span> <span class='ocrx_word' id='word_1_674' title='bbox 3555 4721 3649 4791; x_wconf 80' lang='grc' dir='ltr'>τῆς</span> 
     </span>
    </p>
   </div>
   <div class='ocr_carea' id='block_1_97' title="bbox 378 4813 2698 4894">
    <p class='ocr_par' dir='ltr' id='par_1_97' title="bbox 378 4813 2698 4894">
     <span class='ocr_line' id='line_1_97' title="bbox 378 4813 2698 4894; baseline 0.003 -30"><span class='ocrx_word' id='word_1_675' title='bbox 378 4813 653 4885; x_wconf 88' lang='grc' dir='ltr'>ἁμαρτίας</span> <span class='ocrx_word' id='word_1_676' title='bbox 687 4816 784 4885; x_wconf 73' lang='grc' dir='ltr'>τὴν</span> <span class='ocrx_word' id='word_1_677' title='bbox 857 4817 1072 4870; x_wconf 86' lang='grc' dir='ltr'>ἀδικίαν</span> <span class='ocrx_word' id='word_1_678' title='bbox 1136 4819 1369 4892; x_wconf 80' lang='grc' dir='ltr'>ἐλέγξῃ,</span> <span class='ocrx_word' id='word_1_679' title='bbox 1439 4822 1531 4873; x_wconf 75' lang='grc' dir='ltr'>καὶ</span> <span class='ocrx_word' id='word_1_680' title='bbox 1587 4822 1680 4876; x_wconf 88' lang='grc' dir='ltr'><strong>τοῦ</strong></span> <span class='ocrx_word' id='word_1_681' title='bbox 1748 4824 1978 4878; x_wconf 84' lang='grc' dir='ltr'>θανάτου</span> <span class='ocrx_word' id='word_1_682' title='bbox 2035 4823 2316 4894; x_wconf 83' lang='grc' dir='ltr'>καταλύσῃ</span> <span class='ocrx_word' id='word_1_683' title='bbox 2378 4821 2437 4874; x_wconf 79' lang='grc' dir='ltr'>τὸ</span> <span class='ocrx_word' id='word_1_684' title='bbox 2483 4822 2698 4890; x_wconf 82' lang='grc' dir='ltr'>κράτος.</span> 
     </span>
    </p>
   </div>
   <div class='ocr_carea' id='block_1_98' title="bbox 449 4962 1962 5039">
    <p class='ocr_par' dir='ltr' id='par_1_98' title="bbox 449 4962 1962 5039">
     <span class='ocr_line' id='line_1_98' title="bbox 449 4962 1962 5039; baseline 0.007 -26"><span class='ocrx_word' id='word_1_685' title='bbox 449 4962 510 5013; x_wconf 89' lang='grc' dir='ltr'><strong>Εἰ</strong></span> <span class='ocrx_word' id='word_1_686' title='bbox 546 4963 653 5033; x_wconf 79' lang='grc' dir='ltr'><strong>γάρ</strong></span> <span class='ocrx_word' id='word_1_687' title='bbox 679 4963 788 5015; x_wconf 85' lang='grc' dir='ltr'>τῶν</span> <span class='ocrx_word' id='word_1_688' title='bbox 819 4964 925 5016; x_wconf 80' lang='grc' dir='ltr'><strong>ὑπὸ</strong></span> <span class='ocrx_word' id='word_1_689' title='bbox 955 4965 1055 5035; x_wconf 81' lang='grc' dir='ltr'><strong>τὴν</strong></span> <span class='ocrx_word' id='word_1_690' title='bbox 1085 4966 1361 5036; x_wconf 85' lang='grc' dir='ltr'>ἁμαρτίαν</span> <span class='ocrx_word' id='word_1_691' title='bbox 1397 4970 1778 5039; x_wconf 85' lang='grc' dir='ltr'>γεγενημένων</span> <span class='ocrx_word' id='word_1_692' title='bbox 1807 4973 1835 5023; x_wconf 87' lang='grc' dir='ltr'>ὁ</span> <span class='ocrx_word' id='word_1_693' title='bbox 1869 4971 1962 5025; x_wconf 85' lang='grc' dir='ltr'>θά-</span> 
     </span>
    </p>
   </div>
   <div class='ocr_carea' id='block_1_99' title="bbox 371 5056 1956 5128">
    <p class='ocr_par' dir='ltr' id='par_1_99' title="bbox 371 5056 1956 5128">
     <span class='ocr_line' id='line_1_99' title="bbox 371 5056 1956 5128; baseline 0.005 -22"><span class='ocrx_word' id='word_1_694' title='bbox 371 5070 536 5118; x_wconf 88' lang='grc' dir='ltr'>νατος</span> <span class='ocrx_word' id='word_1_695' title='bbox 567 5056 860 5125; x_wconf 83' lang='grc' dir='ltr'>ἐπιτίμιον,</span> <span class='ocrx_word' id='word_1_696' title='bbox 887 5059 914 5110; x_wconf 87' lang='grc' dir='ltr'><strong>ό</strong></span> <span class='ocrx_word' id='word_1_697' title='bbox 940 5057 1144 5127; x_wconf 88' lang='grc' dir='ltr'>ταύτης</span> <span class='ocrx_word' id='word_1_698' title='bbox 1165 5059 1585 5128; x_wconf 82' lang='grc' dir='ltr'>ἀπηλλαγμένος</span> <span class='ocrx_word' id='word_1_699' title='bbox 1618 5061 1956 5126; x_wconf 82' lang='grc' dir='ltr'>παντάπασι,</span> 
     </span>
    </p>
   </div>
   <div class='ocr_carea' id='block_1_100' title="bbox 367 5144 1962 5216">
    <p class='ocr_par' dir='ltr' id='par_1_100' title="bbox 367 5144 1962 5216">
     <span class='ocr_line' id='line_1_100' title="bbox 367 5144 1962 5216; baseline 0.006 -20"><span class='ocrx_word' id='word_1_700' title='bbox 367 5144 613 5214; x_wconf 85' lang='grc' dir='ltr'>δηλονότι</span> <span class='ocrx_word' id='word_1_701' title='bbox 649 5145 796 5214; x_wconf 77' lang='grc' dir='ltr'>ζωῆς</span> <span class='ocrx_word' id='word_1_702' title='bbox 841 5148 1157 5211; x_wconf 83' lang='grc' dir='ltr'>ἀπολαύειν,</span> <span class='ocrx_word' id='word_1_703' title='bbox 1198 5149 1312 5202; x_wconf 77' lang='grc' dir='ltr'>ἀλλ’</span> <span class='ocrx_word' id='word_1_704' title='bbox 1348 5151 1409 5202; x_wconf 77' lang='grc' dir='ltr'><strong>οὐ</strong></span> <span class='ocrx_word' id='word_1_705' title='bbox 1461 5149 1713 5214; x_wconf 84' lang='grc' dir='ltr'>θανάτου,</span> <span class='ocrx_word' id='word_1_706' title='bbox 1757 5151 1962 5216; x_wconf 87' lang='grc' dir='ltr'>δίκαιος</span> 
     </span>
    </p>
   </div>
   <div class='ocr_carea' id='block_1_101' title="bbox 365 5229 1961 5311">
    <p class='ocr_par' dir='ltr' id='par_1_101' title="bbox 365 5229 1961 5311">
     <span class='ocr_line' id='line_1_101' title="bbox 365 5229 1961 5311; baseline 0.006 -26"><span class='ocrx_word' id='word_1_707' title='bbox 365 5229 476 5302; x_wconf 80' lang='grc' dir='ltr'><strong>ἦν·</strong></span> <span class='ocrx_word' id='word_1_708' title='bbox 509 5237 686 5288; x_wconf 86' lang='grc' dir='ltr'>τοίνυν</span> <span class='ocrx_word' id='word_1_709' title='bbox 726 5237 1017 5308; x_wconf 90' lang='grc' dir='ltr'>ήττηθείσα</span> <span class='ocrx_word' id='word_1_710' title='bbox 1064 5240 1098 5308; x_wconf 84' lang='grc' dir='ltr'>ὴ</span> <span class='ocrx_word' id='word_1_711' title='bbox 1139 5239 1418 5310; x_wconf 85' lang='grc' dir='ltr'>ἁμαρτία,</span> <span class='ocrx_word' id='word_1_712' title='bbox 1462 5240 1553 5292; x_wconf 79' lang='grc' dir='ltr'><strong>καὶ</strong></span> <span class='ocrx_word' id='word_1_713' title='bbox 1599 5240 1690 5292; x_wconf 78' lang='grc' dir='ltr'><strong>τὸν</strong></span> <span class='ocrx_word' id='word_1_714' title='bbox 1734 5241 1961 5311; x_wconf 81' lang='grc' dir='ltr'>νικητὴν</span> 
     </span>
    </p>
   </div>
   <div class='ocr_carea' id='block_1_102' title="bbox 375 5328 1963 5401">
    <p class='ocr_par' dir='ltr' id='par_1_102' title="bbox 375 5328 1963 5401">
     <span class='ocr_line' id='line_1_102' title="bbox 375 5328 1963 5401; baseline 0.005 -24"><span class='ocrx_word' id='word_1_715' title='bbox 375 5328 755 5396; x_wconf 82' lang='grc' dir='ltr'>κατακρίνασα</span> <span class='ocrx_word' id='word_1_716' title='bbox 800 5329 1052 5400; x_wconf 84' lang='grc' dir='ltr'>θανάτῳ,</span> <span class='ocrx_word' id='word_1_717' title='bbox 1095 5330 1190 5382; x_wconf 74' lang='grc' dir='ltr'><strong>καὶ</strong></span> <span class='ocrx_word' id='word_1_718' title='bbox 1236 5329 1334 5400; x_wconf 81' lang='grc' dir='ltr'>τὴν</span> <span class='ocrx_word' id='word_1_719' title='bbox 1383 5329 1550 5401; x_wconf 79' lang='grc' dir='ltr'>αὐτὴν</span> <span class='ocrx_word' id='word_1_720' title='bbox 1604 5331 1963 5399; x_wconf 76' lang='grc' dir='ltr'>ἐξενεγκοῦσα</span> 
     </span>
    </p>
   </div>
   <div class='ocr_carea' id='block_1_103' title="bbox 375 5417 1962 5492">
    <p class='ocr_par' dir='ltr' id='par_1_103' title="bbox 375 5417 1962 5492">
     <span class='ocr_line' id='line_1_103' title="bbox 375 5417 1962 5492; baseline 0.006 -26"><span class='ocrx_word' id='word_1_721' title='bbox 375 5418 520 5467; x_wconf 77' lang='grc' dir='ltr'>κατὰ</span> <span class='ocrx_word' id='word_1_722' title='bbox 546 5417 643 5470; x_wconf 89' lang='grc' dir='ltr'><strong>τοῦ</strong></span> <span class='ocrx_word' id='word_1_723' title='bbox 674 5423 1020 5490; x_wconf 85' lang='grc' dir='ltr'>νενικηκότος</span> <span class='ocrx_word' id='word_1_724' title='bbox 1047 5421 1247 5491; x_wconf 78' lang='grc' dir='ltr'>ψῆφον,</span> <span class='ocrx_word' id='word_1_725' title='bbox 1280 5423 1344 5492; x_wconf 85' lang='grc' dir='ltr'><strong>ἢν</strong></span> <span class='ocrx_word' id='word_1_726' title='bbox 1373 5423 1460 5476; x_wconf 79' lang='grc' dir='ltr'>ἀεὶ</span> <span class='ocrx_word' id='word_1_727' title='bbox 1492 5421 1631 5476; x_wconf 85' lang='grc' dir='ltr'><strong>κατά</strong></span> <span class='ocrx_word' id='word_1_728' title='bbox 1657 5423 1764 5475; x_wconf 83' lang='grc' dir='ltr'>τῶν</span> <span class='ocrx_word' id='word_1_729' title='bbox 1788 5425 1962 5491; x_wconf 77' lang='grc' dir='ltr'>ἡττω-</span> 
     </span>
    </p>
   </div>
   <div class='ocr_carea' id='block_1_104' title="bbox 374 5507 1958 5586">
    <p class='ocr_par' dir='ltr' id='par_1_104' title="bbox 374 5507 1958 5586">
     <span class='ocr_line' id='line_1_104' title="bbox 374 5507 1958 5586; baseline 0.011 -28"><span class='ocrx_word' id='word_1_730' title='bbox 374 5507 551 5576; x_wconf 78' lang='grc' dir='ltr'>μένων</span> <span class='ocrx_word' id='word_1_731' title='bbox 581 5510 858 5582; x_wconf 73' lang='grc' dir='ltr'>ἐξέφερεν,</span> <span class='ocrx_word' id='word_1_732' title='bbox 887 5513 1148 5567; x_wconf 88' lang='grc' dir='ltr'>ἁδικοῦσα</span> <span class='ocrx_word' id='word_1_733' title='bbox 1181 5515 1339 5569; x_wconf 79' lang='grc' dir='ltr'>ἑάλω.</span> <span class='ocrx_word' id='word_1_734' title='bbox 1362 5517 1539 5585; x_wconf 82' lang='grc' dir='ltr'>Μέχρι</span> <span class='ocrx_word' id='word_1_735' title='bbox 1569 5514 1668 5586; x_wconf 82' lang='grc' dir='ltr'>μὲν</span> <span class='ocrx_word' id='word_1_736' title='bbox 1691 5517 1805 5584; x_wconf 79' lang='grc' dir='ltr'>γὰρ</span> <span class='ocrx_word' id='word_1_737' title='bbox 1833 5516 1958 5576; x_wconf 75' lang='grc' dir='ltr'>τοὺς</span> 
     </span>
    </p>
   </div>
   <div class='ocr_carea' id='block_1_105' title="bbox 371 5598 1956 5678">
    <p class='ocr_par' dir='ltr' id='par_1_105' title="bbox 371 5598 1956 5678">
     <span class='ocr_line' id='line_1_105' title="bbox 371 5598 1956 5678; baseline 0.004 -26"><span class='ocrx_word' id='word_1_738' title='bbox 371 5598 646 5669; x_wconf 79' lang='grc' dir='ltr'>ὑπηκόους</span> <span class='ocrx_word' id='word_1_739' title='bbox 675 5603 751 5671; x_wconf 80' lang='grc' dir='ltr'>τῷ</span> <span class='ocrx_word' id='word_1_740' title='bbox 778 5603 990 5675; x_wconf 84' lang='grc' dir='ltr'>θανάτῳ</span> <span class='ocrx_word' id='word_1_741' title='bbox 1016 5606 1397 5678; x_wconf 83' lang='grc' dir='ltr'>παρέπεμπεν,</span> <span class='ocrx_word' id='word_1_742' title='bbox 1423 5607 1495 5671; x_wconf 82' lang='grc' dir='ltr'>ὡς</span> <span class='ocrx_word' id='word_1_743' title='bbox 1518 5607 1699 5662; x_wconf 82' lang='grc' dir='ltr'>δίκαια</span> <span class='ocrx_word' id='word_1_744' title='bbox 1733 5605 1956 5660; x_wconf 75' lang='grc' dir='ltr'>ποιοῦσα</span> 
     </span>
    </p>
   </div>
   <div class='ocr_carea' id='block_1_106' title="bbox 448 5783 1071 5852">
    <p class='ocr_par' dir='ltr' id='par_1_106' title="bbox 448 5783 1071 5852">
     <span class='ocr_line' id='line_1_106' title="bbox 448 5783 1071 5852; baseline 0.006 -14"><span class='ocrx_word' id='word_1_745' title='bbox 448 5786 538 5814; x_wconf 77' lang='lat'><strong>°&quot;&quot;</strong></span> <span class='ocrx_word' id='word_1_746' title='bbox 570 5783 796 5852; x_wconf 81' lang='lat' dir='ltr'><strong>Philipp.</strong></span> <span class='ocrx_word' id='word_1_747' title='bbox 841 5802 897 5849; x_wconf 81' lang='grc' dir='ltr'><strong>ιι,</strong></span> <span class='ocrx_word' id='word_1_748' title='bbox 932 5788 981 5850; x_wconf 78' lang='grc'><strong>7.</strong></span> <span class='ocrx_word' id='word_1_749' title='bbox 1022 5787 1071 5842; x_wconf 84' lang='grc'><strong>8.</strong></span> 
     </span>
    </p>
   </div>
   <div class='ocr_carea' id='block_1_107' title="bbox 2141 4961 3644 5034">
    <p class='ocr_par' dir='ltr' id='par_1_107' title="bbox 2141 4961 3644 5034">
     <span class='ocr_line' id='line_1_107' title="bbox 2141 4961 3644 5034; baseline -0.011 -10"><span class='ocrx_word' id='word_1_750' title='bbox 2141 4969 2273 5024; x_wconf 85' lang='lat' dir='ltr'><strong>Nam</strong></span> <span class='ocrx_word' id='word_1_751' title='bbox 2319 4968 2364 5024; x_wconf 89' lang='lat' dir='ltr'><strong>si</strong></span> <span class='ocrx_word' id='word_1_752' title='bbox 2405 4981 2589 5022; x_wconf 87' lang='lat' dir='ltr'><strong>eorum</strong></span> <span class='ocrx_word' id='word_1_753' title='bbox 2641 4965 2728 5034; x_wconf 84' lang='lat' dir='ltr'><strong>qni</strong></span> <span class='ocrx_word' id='word_1_754' title='bbox 2777 4973 3001 5033; x_wconf 79' lang='lat' dir='ltr'><strong>peccato</strong></span> <span class='ocrx_word' id='word_1_755' title='bbox 3054 4961 3451 5017; x_wconf 86' lang='lat' dir='ltr'><strong>succubuerunt</strong></span> <span class='ocrx_word' id='word_1_756' title='bbox 3489 4972 3644 5027; x_wconf 76' lang='lat' dir='ltr'><strong>pmna</strong></span> 
     </span>
    </p>
   </div>
   <div class='ocr_carea' id='block_1_108' title="bbox 2070 5050 3646 5127">
    <p class='ocr_par' dir='ltr' id='par_1_108' title="bbox 2070 5050 3646 5127">
     <span class='ocr_line' id='line_1_108' title="bbox 2070 5050 3646 5127; baseline -0.01 -12"><span class='ocrx_word' id='word_1_757' title='bbox 2070 5077 2218 5116; x_wconf 87' lang='lat' dir='ltr'><strong>mors</strong></span> <span class='ocrx_word' id='word_1_758' title='bbox 2265 5071 2366 5126; x_wconf 89' lang='lat' dir='ltr'><strong>est,</strong></span> <span class='ocrx_word' id='word_1_759' title='bbox 2420 5060 2466 5114; x_wconf 87' lang='lat' dir='ltr'><strong>is</strong></span> <span class='ocrx_word' id='word_1_760' title='bbox 2515 5063 2604 5127; x_wconf 85' lang='lat' dir='ltr'><strong>qui</strong></span> <span class='ocrx_word' id='word_1_761' title='bbox 2655 5066 2878 5127; x_wconf 85' lang='lat' dir='ltr'><strong>peccato</strong></span> <span class='ocrx_word' id='word_1_762' title='bbox 2925 5070 3150 5125; x_wconf 88' lang='lat' dir='ltr'><strong>prorsus</strong></span> <span class='ocrx_word' id='word_1_763' title='bbox 3197 5053 3368 5107; x_wconf 77' lang='lat' dir='ltr'><strong>fuerat</strong></span> <span class='ocrx_word' id='word_1_764' title='bbox 3417 5050 3646 5112; x_wconf 70' lang='lat' dir='ltr'><strong>alienus,</strong></span> 
     </span>
    </p>
   </div>
   <div class='ocr_carea' id='block_1_109' title="bbox 2072 5145 3645 5215">
    <p class='ocr_par' dir='ltr' id='par_1_109' title="bbox 2072 5145 3645 5215">
     <span class='ocr_line' id='line_1_109' title="bbox 2072 5145 3645 5215; baseline -0.008 -9"><span class='ocrx_word' id='word_1_765' title='bbox 2072 5154 2180 5207; x_wconf 86' lang='lat' dir='ltr'><strong>vita</strong></span> <span class='ocrx_word' id='word_1_766' title='bbox 2231 5153 2443 5208; x_wconf 87' lang='lat' dir='ltr'><strong>scilicet</strong></span> <span class='ocrx_word' id='word_1_767' title='bbox 2494 5150 2639 5215; x_wconf 75' lang='lat' dir='ltr'><strong>frui,</strong></span> <span class='ocrx_word' id='word_1_768' title='bbox 2683 5165 2788 5204; x_wconf 89' lang='lat' dir='ltr'><strong>non</strong></span> <span class='ocrx_word' id='word_1_769' title='bbox 2845 5156 3075 5202; x_wconf 86' lang='lat' dir='ltr'><strong>mortem</strong></span> <span class='ocrx_word' id='word_1_770' title='bbox 3121 5145 3231 5215; x_wconf 85' lang='lat' dir='ltr'><strong>pati</strong></span> <span class='ocrx_word' id='word_1_771' title='bbox 3273 5145 3464 5214; x_wconf 83' lang='lat' dir='ltr'><strong>dignus</strong></span> <span class='ocrx_word' id='word_1_772' title='bbox 3509 5153 3645 5196; x_wconf 87' lang='lat' dir='ltr'><strong>erat.</strong></span> 
     </span>
    </p>
   </div>
   <div class='ocr_carea' id='block_1_110' title="bbox 2071 5236 3644 5310">
    <p class='ocr_par' dir='ltr' id='par_1_110' title="bbox 2071 5236 3644 5310">
     <span class='ocr_line' id='line_1_110' title="bbox 2071 5236 3644 5310; baseline -0.008 -11"><span class='ocrx_word' id='word_1_773' title='bbox 2071 5245 2239 5299; x_wconf 90' lang='lat' dir='ltr'><strong>Porro</strong></span> <span class='ocrx_word' id='word_1_774' title='bbox 2263 5244 2468 5297; x_wconf 88' lang='lat' dir='ltr'><strong>victum</strong></span> <span class='ocrx_word' id='word_1_775' title='bbox 2502 5250 2784 5310; x_wconf 87' lang='lat' dir='ltr'><strong>peccatum</strong></span> <span class='ocrx_word' id='word_1_776' title='bbox 2841 5255 2961 5292; x_wconf 85' lang='lat' dir='ltr'><strong>eum</strong></span> <span class='ocrx_word' id='word_1_777' title='bbox 2997 5240 3171 5308; x_wconf 86' lang='lat' dir='ltr'><strong>ipsum</strong></span> <span class='ocrx_word' id='word_1_778' title='bbox 3201 5238 3456 5291; x_wconf 86' lang='lat' dir='ltr'><strong>victorem</strong></span> <span class='ocrx_word' id='word_1_779' title='bbox 3486 5236 3644 5287; x_wconf 83' lang='lat' dir='ltr'><strong>morti</strong></span> 
     </span>
    </p>
   </div>
   <div class='ocr_carea' id='block_1_111' title="bbox 2062 5327 3642 5401">
    <p class='ocr_par' dir='ltr' id='par_1_111' title="bbox 2062 5327 3642 5401">
     <span class='ocr_line' id='line_1_111' title="bbox 2062 5327 3642 5401; baseline -0.009 -11"><span class='ocrx_word' id='word_1_780' title='bbox 2062 5335 2382 5399; x_wconf 80' lang='lat' dir='ltr'><strong>addixisset,</strong></span> <span class='ocrx_word' id='word_1_781' title='bbox 2410 5334 2764 5401; x_wconf 88' lang='lat' dir='ltr'><strong>eamdemque</strong></span> <span class='ocrx_word' id='word_1_782' title='bbox 2781 5333 3043 5384; x_wconf 87' lang='lat' dir='ltr'><strong>adversus</strong></span> <span class='ocrx_word' id='word_1_783' title='bbox 3071 5327 3460 5382; x_wconf 88' lang='lat' dir='ltr'><strong>dominatorem</strong></span> <span class='ocrx_word' id='word_1_784' title='bbox 3485 5339 3642 5378; x_wconf 86' lang='lat' dir='ltr'><strong>suum</strong></span> 
     </span>
    </p>
   </div>
   <div class='ocr_carea' id='block_1_112' title="bbox 2061 5415 3644 5490">
    <p class='ocr_par' dir='ltr' id='par_1_112' title="bbox 2061 5415 3644 5490">
     <span class='ocr_line' id='line_1_112' title="bbox 2061 5415 3644 5490; baseline -0.008 -11"><span class='ocrx_word' id='word_1_785' title='bbox 2061 5425 2384 5480; x_wconf 87' lang='lat' dir='ltr'><strong>sententiam</strong></span> <span class='ocrx_word' id='word_1_786' title='bbox 2418 5425 2647 5488; x_wconf 82' lang='lat' dir='ltr'><strong>tulisset,</strong></span> <span class='ocrx_word' id='word_1_787' title='bbox 2682 5437 2843 5490; x_wconf 80' lang='lat' dir='ltr'><strong>quam</strong></span> <span class='ocrx_word' id='word_1_788' title='bbox 2873 5431 3132 5489; x_wconf 85' lang='lat' dir='ltr'><strong>perpetuo</strong></span> <span class='ocrx_word' id='word_1_789' title='bbox 3163 5429 3353 5472; x_wconf 88' lang='lat' dir='ltr'><strong>contra</strong></span> <span class='ocrx_word' id='word_1_790' title='bbox 3394 5415 3644 5470; x_wconf 84' lang='lat' dir='ltr'><strong>subditos</strong></span> 
     </span>
    </p>
   </div>
   <div class='ocr_carea' id='block_1_113' title="bbox 2059 5509 3640 5580">
    <p class='ocr_par' dir='ltr' id='par_1_113' title="bbox 2059 5509 3640 5580">
     <span class='ocr_line' id='line_1_113' title="bbox 2059 5509 3640 5580; baseline -0.009 -9"><span class='ocrx_word' id='word_1_791' title='bbox 2059 5532 2187 5572; x_wconf 87' lang='lat' dir='ltr'><strong>suos</strong></span> <span class='ocrx_word' id='word_1_792' title='bbox 2237 5516 2563 5576; x_wconf 84' lang='lat' dir='ltr'><strong>exercebat,</strong></span> <span class='ocrx_word' id='word_1_793' title='bbox 2619 5511 2817 5578; x_wconf 86' lang='lat' dir='ltr'><strong>injuste</strong></span> <span class='ocrx_word' id='word_1_794' title='bbox 2867 5525 3029 5580; x_wconf 76' lang='lat' dir='ltr'><strong>agere</strong></span> <span class='ocrx_word' id='word_1_795' title='bbox 3080 5509 3476 5575; x_wconf 86' lang='lat' dir='ltr'><strong>deprehensum</strong></span> <span class='ocrx_word' id='word_1_796' title='bbox 3536 5514 3640 5558; x_wconf 89' lang='lat' dir='ltr'><strong>est.</strong></span> 
     </span>
    </p>
   </div>
   <div class='ocr_carea' id='block_1_114' title="bbox 2061 5596 3643 5675">
    <p class='ocr_par' dir='ltr' id='par_1_114' title="bbox 2061 5596 3643 5675">
     <span class='ocr_line' id='line_1_114' title="bbox 2061 5596 3643 5675; baseline -0.005 -15"><span class='ocrx_word' id='word_1_797' title='bbox 2061 5608 2191 5662; x_wconf 77' lang='lat' dir='ltr'><strong>Nam</strong></span> <span class='ocrx_word' id='word_1_798' title='bbox 2227 5606 2463 5675; x_wconf 88' lang='lat' dir='ltr'><strong>quandiu</strong></span> <span class='ocrx_word' id='word_1_799' title='bbox 2504 5614 2778 5674; x_wconf 79' lang='lat' dir='ltr'><strong>peccatum</strong></span> <span class='ocrx_word' id='word_1_800' title='bbox 2817 5601 3059 5657; x_wconf 87' lang='lat' dir='ltr'><strong>subditos</strong></span> <span class='ocrx_word' id='word_1_801' title='bbox 3119 5616 3246 5656; x_wconf 86' lang='lat' dir='ltr'><strong>suos</strong></span> <span class='ocrx_word' id='word_1_802' title='bbox 3287 5609 3458 5656; x_wconf 86' lang='lat' dir='ltr'><strong>morte</strong></span> <span class='ocrx_word' id='word_1_803' title='bbox 3500 5596 3643 5653; x_wconf 82' lang='lat' dir='ltr'><strong>mul-</strong></span> 
     </span>
    </p>
   </div>
  </div>
