4082 6258
443 346 585 404 M55

1433 345 1488 398 S.
1519 339 1792 398 CYRILLI
1823 336 2289 392 ALEXANDRINI
2331 339 2649 394 ARBHIEP.

3553 341 3693 395 “'56

448 464 618 528 tabat,
659 479 758 520 ceu
786 463 909 534 jure
944 466 998 520 id
1029 479 1193 534 agens
1220 479 1324 519 non
1357 465 1741 533 prohibebatur
1762 481 1776 517 :
1800 465 1892 515 sed
1921 463 2008 513 ubi

2138 463 2472 530 τυνεχωρεῖτο
2501 460 2658 514 τοῦτο
2701 465 2872 515 ποιεῖν
2894 479 2906 492 ·
2940 463 3130 534 ἐπειδὴ
3165 465 3222 516 δὲ
3254 463 3346 516 τὸν
3390 461 3570 516 ἀθῶον
3606 463 3692 517 καῖ

448 554 794 609 innocentem
831 565 887 608 et
923 554 1118 616 nullius
1153 554 1324 624 culpa;
1357 569 1530 618 reum,
1566 555 1673 608 imo
1699 553 1935 623 praemiis
1963 563 2016 606 et

447 645 682 698 summis
731 643 983 700 laudibus
1032 645 1732 718 dignum,eide‘m,pmn2
1789 645 2012 706 addixit,

451 733 762 789 necessitrio
801 734 1052 802 posthinc
1104 743 1286 804 utpote
1331 735 1588 804 iniustum
1629 735 1872 803 potentia
1919 751 2016 788 sua

450 821 730 890 depulsum
781 823 904 880 iuit.
955 823 1132 893 Atque
1187 825 1288 879 hoc
1344 825 1542 880 docens
1587 824 1774 879 beatus
1825 825 2021 880 Paulus

451 913 674 970 aiebat:
707 932 728 966 ι
757 914 911 981 Quod
963 924 1082 969 erat
1133 915 1468 986 impossibile
1502 916 1627 986 legi,
1676 917 1728 970 in
1775 931 1882 985 quo
1927 932 2022 985 per

451 1020 670 1064 sartum
699 1006 1102 1070 iniit-(uallatur,
1138 1009 1279 1062 Deus
1311 1008 1506 1064 Filium
1529 1024 1682 1063 suum
1713 1009 1938 1064 mittens
1967 1009 2018 1061 in

456 1095 862 1152 similitudinem
887 1099 1071 1152 carnis
1085 1099 1310 1168 peccati,
1340 1111 1393 1153 et
1417 1114 1516 1168 pro
1533 1108 1775 1169 peccato,
1797 1099 1991 1154 damna
2005 1128 2022 1140 -

454 1186 534 1240 vit
561 1188 612 1241 in
651 1204 820 1242 carne
851 1200 1153 1256 peccatum,
1187 1199 1245 1244 ut
1269 1191 1587 1257 justiticatio
1618 1190 1750 1260 legis
1774 1191 2024 1261 implere-

447 1289 544 1332 tur
577 1281 629 1333 in
651 1282 928 1349 nohis,qui
955 1298 1059 1335 non
1081 1284 1378 1337 secundum
1411 1298 1630 1337 carnem
1655 1284 2018 1345 ambulamus,

452 1371 547 1425 sed
581 1373 876 1426 secundum
918 1374 1163 1442 spiritum
1189 1375 1255 1428 “.
1291 1392 1311 1425 ι

525 1462 680 1528 Quod
718 1478 844 1518 vero
875 1466 967 1528 ait,
1004 1465 1106 1518 hoc
1135 1473 1216 1519 est
1251 1480 1265 1518 :
1301 1465 1508 1532 Scopus
1540 1465 1674 1535 legis
1704 1475 1821 1518 erat
1849 1467 2018 1520 homi-

454 1565 585 1604 num
626 1563 871 1607 naturam
911 1554 1211 1621 jnstiiicare
1240 1571 1253 1606 ι
1283 1556 1424 1608 haud
1481 1564 1656 1609 tamen
1695 1557 1745 1609 id
1790 1566 2020 1626 poterat,

457 1657 564 1696 non
597 1646 829 1712 propria
861 1645 1191 1700 inﬁrmitatis
1217 1661 1403 1713 casa,
1430 1648 1522 1702 sed
1557 1657 1777 1717 propter
1805 1650 2026 1704 audien-

457 1735 591 1788 tiutu
629 1735 694 1788 ad
725 1743 873 1790 recte
903 1738 1168 1805 agendum
1197 1738 1461 1808 ignaviam
1494 1755 1508 1792 :
1542 1755 1774 1808 namque
1797 1741 1862 1794 ad
1903 1756 2023 1796 car-

459 1824 545 1878 uis
593 1825 920 1895 voluptatem
956 1829 1242 1896 proclives,
1288 1831 1666 1884 mandatorum
1710 1831 1839 1901 legis
1874 1832 2027 1886 iaho—
2059 1808 2100 1862 Β

460 1929 576 1968 rem
597 1915 961 1985 deingiebant,
989 1920 1338 1987 corporisque
1365 1919 1810 1976 delectationibus
1844 1924 2028 1978 adhae-

460 2005 670 2061 rebant.
714 2006 1025 2077 Propterea,
1062 2010 1254 2079 inquit,
1298 2011 1618 2067 universalis
1657 2013 1798 2068 Dens
1835 2014 2028 2068 Filium

463 2111 620 2154 suum
669 2100 890 2154 mittens
931 2101 984 2152 in
1023 2101 1430 2156 similitudinem
1466 2104 1645 2158 carnis
1673 2107 1899 2174 peccati,
1931 2107 2032 2162 hoc

461 2196 545 2245 est
587 2204 710 2245 eum
745 2191 980 2246 humana
1017 2193 1230 2260 quidem
1281 2202 1498 2258 natura,
1547 2196 1638 2250 sed
1677 2204 1853 2250 tamen
1901 2212 2029 2266 pec-

459 2291 588 2338 cato
629 2281 826 2347 aliena,
861 2294 916 2337 et
966 2300 1064 2353 pro
1093 2294 1338 2353 peccato,
1391 2287 1665 2341 damnavit
1706 2289 1758 2342 in
1789 2289 2028 2360 817m.

461 2387 632 2428 carne
671 2386 975 2442 peccatum,
1013 2375 1276 2443 iniustitia
1316 2378 1432 2441 eius
1463 2388 1745 2448 coargnta,
1789 2381 1912 2449 quia
1951 2383 2032 2434 in-

465 2473 749 2518 uocenteln
808 2474 860 2519 et
921 2476 1140 2533 peccato
1199 2468 1423 2522 liberum
1473 2469 1810 2538 peccantium
1873 2486 2032 2540 paena

460 2550 750 2611 affecisset.
790 2551 907 2608 Non
949 2565 1130 2609 autem
1181 2558 1230 2610 id
1262 2559 1389 2626 egit,
1430 2567 1486 2612 ut
1517 2575 1675 2627 quem
1721 2571 2036 2630 susceperat

461 2643 737 2702 hominem
767 2643 1112 2715 justiﬁearet,
1153 2648 1248 2701 sed
1287 2658 1363 2709 ut,
1389 2648 1584 2716 inquit,
1609 2649 2034 2720 legisjttstiiica-

466 2732 544 2791 tio
577 2732 889 2804 impleretur
921 2738 974 2790 in
1011 2738 1187 2800 nobis,
1227 2739 1320 2805 qui
1355 2754 1458 2792 non
1489 2743 1781 2794 secundum
1812 2757 2034 2798 carnem

467 2823 830 2888 ambulamus,
880 2828 973 2880 sed
1025 2831 1318 2882 secundum
1368 2830 1638 2898 spiritum.
1688 2831 1930 2903 Namque
1970 2838 2034 2888 ad

467 2913 778 2970 universam
844 2918 1122 2972 hominum
1189 2929 1434 2974 naturam
1501 2921 1806 2978 Servatoris
1865 2929 2034 2980 nostri

468 3005 791 3061 beneﬁciqu
824 3010 1079 3080 pertingit
1115 3029 1128 3064 :
1165 3023 1222 3064 ut
1263 3013 1422 3067 sicuti
1456 3017 1818 3085 progenitoris
1848 3018 2036 3073 Adami

471 3097 832 3154 ma‘ledictioni
869 3105 1407 3167 eommuuicavimus,
1436 3116 1490 3161 et
1520 3109 1700 3163 cuncti
1735 3119 1790 3162 ttt
1822 3111 1908 3165 ille
1940 3114 2040 3166 sub

2117 551 2406 605 ἀνεύθυνον
2434 553 2528 606 καὶ
2570 553 2846 621 στεφάνων
2878 555 2972 606 καὶ
3003 555 3362 624 ἀναρρήσεων
3395 555 3543 621 ἀξιον
3586 557 3700 614 τοῖς,

2117 643 2302 707 αὐτοῖς
2338 643 2634 714 ἐπιτιμίοις
2665 644 2987 707 ὑπέϐαλλεν,
3031 645 3347 713 ἀναγκαίως
3400 645 3586 696 λοιπὸν
3625 645 3700 706 ὡς

2119 733 2298 796 ἄδικος
2332 733 2432 801 τῆς
2456 731 2701 796 ἐξουσίας
2733 733 3074 788 ἐκϐάλλεται.
3097 735 3209 788 Καὶ
3239 733 3399 787 τοῦτο
3429 735 3703 787 διδάσκων

2118 825 2147 876 ὀ
2175 823 2442 895 μακάριος
2490 823 2700 887 Παῦλος
2743 824 2958 893 ἔλεγεν·
3000 844 3018 876 t
3052 825 3126 878 Τὸ
3177 823 3288 893 γὰρ
3313 824 3577 877 ἀδύνατον
3605 821 3703 875 τοῦ

2121 912 2284 982 νόμου
2329 916 2388 967 ὲν
2417 905 2462 980 ᾧ
2501 913 2714 982 ἠσθένει
2744 914 2833 968 διὰ
2864 915 2964 985 τῆς
3004 914 3206 984 σαρκὸς
3252 913 3354 983 (i),
3384 915 3412 965 ὁ
3444 913 3578 976 Θεὸς
3608 911 3704 966 τὸν

2122 1004 2315 1058 ἑαυτοῦ
2361 1006 2484 1059 Υἰὸν
2514 1006 2771 1077 πέμψας,
2820 1009 2878 1060 ὲν
2909 1006 3218 1077 ὁμοιώματι
3266 1005 3470 1076 σαρκὸς
3512 1005 3701 1074 ἀμαρ-

2122 1094 2257 1159 τίας,
2287 1095 2380 1148 καὶ
2411 1097 2539 1166 περῖ
2559 1096 2856 1166 ἁμαρτίας,
2893 1096 3180 1167 κατέκρινε
3209 1095 3310 1165 τὴν
3336 1095 3612 1165 ἁμαρτίαν
3641 1096 3703 1145 ὲν

2121 1189 2189 1256 τῇ
2226 1187 2421 1256 σαρκὶ,
2459 1188 2545 1240 ίνα
2590 1189 2650 1240 τὸ
2695 1187 2970 1258 δικαίωμα
2998 1186 3094 1240 τοῦ
3135 1187 3300 1258 νόμου
3334 1187 3596 1257 πληρωθῇ
3643 1188 3705 1236 ἐν

2125 1282 2254 1349 ἡμῖν
2284 1282 2396 1340 τοῖς
2435 1280 2507 1349 μὴ
2542 1280 2682 1332 κατά
2722 1281 2900 1349 σάρκα
2939 1277 3354 1348 περιπατοῦσιν,
3389 1279 3524 1332 άλλά
3555 1277 3706 1330 κατά

2126 1375 2361 1443 πνεῦμα.
2403 1394 2420 1425 ι

2202 1468 2269 1518 Ὃ
2308 1465 2363 1518 δὲ
2405 1465 2570 1530 λέγει,
2614 1463 2819 1516 τοιοῦτό
2866 1465 2984 1517 ἐστι
3009 1481 3021 1494 ·
3056 1464 3288 1526 Σκοπὸς,
3323 1463 3500 1532 φησὶν,
3529 1457 3598 1532 ἦν
3617 1463 3704 1531 τῷ

2125 1556 2274 1626 νόμῳ
2299 1555 2584 1607 δικαιῶσαι
2609 1555 2705 1623 τὴν
2733 1555 2892 1623 φύσιν
2921 1553 3030 1607 τῶν
3057 1552 3358 1625 ἀνθρώπων
3377 1569 3390 1582 ·
3422 1552 3700 1615 ἀδυνάτως

2125 1648 2183 1701 δὲ
2213 1645 2322 1717 εἶχε
2357 1646 2514 1700 τοῦτο
2544 1649 2734 1709 ποιεῖν,
2764 1647 2825 1698 οὐ
2858 1646 3009 1716 παρὰ
3038 1648 3136 1715 τὴν
3163 1645 3369 1697 οἰκείαν
3395 1641 3703 1704 ἀσθένειαν,

2129 1740 2263 1793 ἀλλά
2297 1739 2381 1792 διὰ
2421 1740 2518 1810 τὴν
2550 1739 2659 1791 τῶν
2690 1739 2994 1791 ἀκουόντων
3039 1737 3322 1808 ῥαστώνην
3344 1753 3356 1764 ·
3389 1733 3712 1805 ὲπιρρεπῶς

2133 1831 2241 1903 γάρ
2283 1831 2496 1901 ἔχοντες
2537 1829 2662 1901 περὶ
2705 1828 2803 1900 τὴν
2845 1828 2948 1898 τῆς
2986 1828 3186 1899 σαρκὸς
3241 1825 3456 1897 ἡδονὴν,
3507 1825 3714 1894 ἔφυγον

2137 1923 2236 1992 μὲν
2261 1923 2320 1975 τὸ
2366 1923 2473 1974 τῶν
2501 1921 2750 1990 νομίμων
2777 1920 3052 1982 ἐπίπονον,
3101 1921 3220 1980 ταῖς
3247 1918 3303 1970 δὲ
3333 1916 3424 1970 τοῦ
3456 1914 3711 1985 σώματος

2133 2014 2514 2086 προσεχώρουν
2557 2012 2947 2084 ἡδυπαθείαις·
2974 2010 3061 2064 διὰ
3105 2009 3283 2098 τοῦτο,
3322 2009 3507 2079 φησὶν,
3534 2009 3561 2060 δ
3603 2007 3715 2059 τῶν

2133 2105 2269 2158 ὅλων
2313 2104 2444 2166 Θεὸς
2482 2103 2572 2156 τὸν
2623 2103 2818 2156 ἑαυτοῦ
2875 2101 3101 2172 πέμψας
3135 2096 3262 2152 Υξδν
3303 2101 3361 2152 ἐν
3406 2096 3712 2168 ὁμοιώματι

2137 2193 2336 2262 σαρκὸς
2372 2190 2670 2262 ἁμαρτίας,
2711 2190 2990 2244 τουτέστιν
3021 2187 3338 2260 ἀνθρωπίνῃ
3389 2187 3488 2256 μὲν
3526 2185 3711 2255 φύσει,

2136 2277 2405 2347 ἁμαρτίας
2425 2277 2483 2331 δὲ
2510 2277 2924 2349 ἀπηλλαγμένῃ,
2958 2276 3051 2330 καὶ
3081 2276 3209 2346 περὶ
3248 2275 3545 2344 ἁμαρτίας,
3579 2291 3713 2327 κατ-

2135 2367 2316 2439 έκρινε
2341 2370 2440 2438 τὴν
2465 2367 2738 2438 ἁμαρτίαν
2769 2371 2827 2420 ὲν
2853 2370 2916 2438 τῇ
2950 2367 3132 2436 σαρκὶ,
3158 2366 3382 2434 ἐλέγξας
3413 2367 3582 2436 αὐτῆς
3615 2366 3718 2435 τὴν

2137 2459 2367 2524 ἀδικίαν,
2399 2461 2481 2518 ὅτι
2517 2460 2608 2512 τὸν
2652 2460 2944 2512 ἀνεύθυνον
2977 2460 3072 2511 καὶ
3105 2459 3386 2528 ἁμαρτίας
3431 2457 3717 2527 ἐλεύθερον

2136 2549 2250 2609 τοῖς
2295 2547 2404 2600 τῶν
2447 2549 2785 2618 ἁμαρτωλῶν
2857 2550 3156 2618 ἐπιτιμίοις
3232 2548 3566 2601 ὑπέϐαλλεν·
3618 2550 3718 2617 οὐχ

2136 2639 2222 2691 ἵνα
2273 2639 2329 2692 δὲ
2385 2640 2648 2712 δικαιώσῃ
2693 2641 2752 2694 δν
2813 2641 3075 2698 ἀνέλαϐεν
3135 2641 3460 2711 ἄνθρωπον,
3540 2641 3716 2694 ταῦτα

2139 2731 2458 2800 πεποίηκεν,
2504 2731 2618 2784 ἀλλ’
2645 2733 2752 2794 ἵνα,
2795 2732 2950 2803 φησὶ,
2995 2732 3055 2784 τὸ
3094 2731 3372 2801 δικαίωμα
3406 2731 3500 2784 τοῦ
3545 2733 3713 2801 νόμου

2139 2823 2398 2893 πληρωθῇ
2431 2825 2487 2874 ὲν
2518 2824 2648 2893 ἡμῖν
2675 2826 2789 2886 τοῖς
2817 2825 2891 2895 μὴ
2917 2823 3060 2880 κατὰ
3086 2825 3265 2893 σάρκα
3297 2824 3713 2896 περιπατοῦσιν,

2083 2966 2086 2968 ν
2139 2913 2274 2966 ἀλλά
2309 2914 2446 2966 κατά
2486 2914 2722 2983 πνεῦμα.
2766 2916 2888 2968 Ἐπὶ
2921 2915 3029 2986 γὰρ
3079 2917 3261 2969 πᾶσαν
3291 2914 3389 2986 τὴν
3421 2915 3579 2984 φύσιν
3606 2917 3720 2968 τῶν

2140 3003 2440 3074 ἀνθρώπων
2464 3007 2497 3075 ἡ
2523 3006 2614 3058 τοῦ
2639 3006 2888 3078 Σωτῆρος
2914 3009 3070 3078 ἡμῶν
3096 3008 3386 3078 εὐεργεσία
3415 3010 3607 3079 χωρεῖ·
3637 3009 3722 3062 ὅτι

2142 3095 2394 3168 καθάπερ
2426 3094 2503 3167 τῷ
2538 3099 2846 3170 προπάτορι
2882 3098 3087 3170 Ἀδὰμ,
3133 3101 3228 3154 καλ¹
3259 3101 3357 3171 τῆς
3389 3101 3529 3171 ἀρᾶς
3573 3101 3725 3155 ἐκοι-

471 3190 666 3245 mortis
691 3191 811 3260 jura
861 3192 1214 3257 devenimus,
1265 3197 1334 3249 ita
1387 3197 1693 3252 Servatoris
1743 3199 1942 3256 Christi
1990 3213 2037 3258 et

2147 3191 2486 3260 νωνήσαμεν,
2517 3190 2611 3243 καὶ
2638 3191 2939 3262 γεγόναμεν
2975 3192 3212 3255 ἅπαντες
3241 3193 3346 3245 ὑπὸ
3369 3193 3460 3246 τὸν
3494 3193 3727 3248 θάνατον

473 3278 756 3334 victoriam
796 3296 894 3336 ceu
938 3295 1173 3338 nostram
1222 3286 1502 3352 iaciamus,
1534 3298 1586 3343 et
1617 3291 1840 3360 gloriam
1873 3294 2040 3362 parti-

474 3369 736 3437 cipemus,
755 3383 804 3426 et
831 3388 992 3444 regno
1014 3378 1467 3446 congaudeamus.
1489 3382 1662 3450 Atque
1678 3382 1867 3437 horum
1885 3386 2043 3440 testis

475 3467 560 3513 est
587 3459 780 3516 beatus
810 3463 1002 3518 Paulus
1028 3467 1092 3532 ¹¹,
1126 3468 1252 3521 dum
1282 3479 1459 3524 vetera
1492 3472 1649 3524 simul
1683 3483 1736 3525 et
1763 3489 1897 3526 nova
1933 3489 2044 3529 me-

478 3557 674 3611 morat,
707 3559 759 3603 et
784 3553 1022 3618 priorum
1055 3555 1246 3610 factum
1280 3559 1688 3616 dissolutionem
1724 3579 1817 3632 per
1847 3563 2043 3619 Serva-

479 3636 613 3691 toris
642 3640 808 3692 nostri
834 3642 1097 3706 justitiam
1129 3647 1474 3700 demonstrat.

481 3858 593 3918 ιιι.
633 3859 786 3916 Sicut
813 3862 1005 3917 Aduuti
1047 3876 1263 3936 mortem
1289 3868 1744 3936 participavimus,
1782 3874 1857 3925 ita
1888 3851 2042 3928 etiam

1043 3934 1260 3988 Domini
1293 3934 1481 3992 vitam.

559 4064 579 4098 ι
612 4044 746 4100 Nam
775 4046 818 4104 si
843 4063 1030 4111 mnus,
1063 4049 1257 4119 inquit,
1295 4051 1445 4121 lapsu
1485 4053 1637 4108 multi
1667 4067 1795 4110 sunt
1826 4059 2043 4123 mortui,

481 4135 650 4190 multo
685 4137 853 4206 magis
881 4139 1056 4207 gratia
1084 4139 1200 4205 Dei,
1225 4149 1280 4196 et
1309 4142 1508 4198 donum
1537 4161 1664 4200 cum
1694 4147 1866 4214 gratia
1891 4149 2047 4203 unius

482 4227 718 4286 hominis
747 4227 878 4284 Jesu
923 4229 1125 4288 Christi
1171 4231 1226 4285 in
1269 4230 1450 4300 plures
1499 4233 1792 4294 abundavit
1819 4237 1880 4291 ³³.
1913 4256 1934 4290 ι
1983 4239 2047 4295 ια

479 4319 640 4388 paulo
681 4329 845 4387 post:
882 4337 900 4370 ι
934 4319 1121 4386 itaque
1169 4321 1312 4376 sicut
1353 4339 1450 4391 per
1490 4325 1647 4380 unius
1695 4327 1947 4384 delictum
1994 4331 2044 4383 in

479 4423 674 4468 omnes
700 4409 947 4464 homines
975 4411 1380 4477 condemnatio,
1405 4413 1476 4466 ita
1510 4424 1564 4468 et
1595 4431 1688 4485 per
1714 4417 1872 4472 unius
1890 4418 2049 4488 justi-

2149 3279 2334 3351 ὥσπερ
2361 3282 2585 3347 ἐκεῖνος,
2614 3280 2757 3336 οὕτω
2784 3283 2879 3336 τοῦ
2909 3283 3158 3356 Σωτῆρος
3206 3284 3443 3356 Χριστοῦ
3492 3285 3587 3340 καὶ
3622 3285 3728 3356 τὴν

2149 3372 2304 3440 νίκην
2331 3372 2700 3444 οἰκειούμεθα,
2731 3375 2824 3426 καὶ
2853 3376 2950 3446 τῆς
2977 3375 3135 3446 δόξης
3167 3376 3596 3448 συμμεθέξομεν,
3629 3379 3729 3432 καὶ

2150 3461 2252 3530 τῆς
2283 3460 2558 3530 βασιλείας
2587 3462 3116 3532 συναπολαυσὸμεθα.
3149 3463 3255 3516 Καὶ
3280 3462 3483 3516 τούτων
3516 3465 3730 3534 μάρτυς

2152 3553 2180 3605 ὁ
2217 3553 2487 3624 μακάριος
2524 3553 2752 3618 Παῦλος,
2793 3553 2900 3607 τῶν
2944 3571 3001 3607 τε
3035 3555 3282 3609 παλαιῶν
3322 3555 3554 3609 καὶτῶν
3590 3555 3732 3608 νέων

2152 3644 2604 3716 ἀναμιμνήσκων,
2625 3646 2720 3698 καλ⁵
2746 3644 2960 3708 δεικνὺς
2991 3645 3100 3699 τῶν
3133 3647 3417 3720 προτέρων
3447 3647 3599 3701 λύσιν
3631 3665 3730 3717 γε-

2153 3736 2478 3806 γενημένην,
2506 3736 2603 3807 τὴν
2632 3736 2724 3790 τοῦ
2751 3738 3002 3809 Σωτῆρος
3035 3737 3190 3810 ἡμῶν
3217 3739 3585 3812 δικαιοσύνην.

2154 3865 2254 3921 ω’.
2297 3867 2523 3935 Ὥσπερ
2557 3867 2637 3932 τῷ
2683 3867 2790 3922 τοῦ
2812 3867 3006 3939 Ἀδὰμ
3039 3869 3274 3939 θανάτῳ
3320 3869 3730 3939 ἐκοινωνήσα-

2377 3955 2515 4007 μεν,
2545 3939 2697 3992 οὔτω
2727 3938 2825 3994 καὶ
2858 3938 2932 4008 τῇ
2965 3937 3071 3992 τοῦ
3102 3941 3321 4008 Kvplov
3358 3938 3495 4008 ζωῇ.

2229 4066 2249 4099 t
2274 4047 2459 4118 Είγὰρ
2482 4047 2561 4116 τῷ
2581 4047 2674 4101 τοῦ
2707 4048 2850 4110 ἑνὸς,
2878 4050 3036 4120 φησὶ,
3055 4048 3462 4121 παραπτώματι
3478 4052 3524 4103 oi
3542 4050 3735 4103 πολλοὶ

2153 4138 2448 4200 ἀπέθανον,
2489 4138 2671 4209 πολλῷ
2713 4139 2913 4210 μᾶλλον
2957 4143 2990 4211 ἡ
3035 4141 3194 4212 χάρις
3227 4141 3322 4194 τοῦ
3352 4141 3520 4208 Θεοῦ,
3557 4143 3652 4194 καὶ
3693 4145 3734 4210 ἡ

2153 4231 2331 4302 δωρεά
2351 4233 2406 4284 ὲν
2433 4233 2615 4302 χάριτι
2640 4233 2706 4302 τῇ
2729 4231 2820 4285 τοῦ
2844 4232 2957 4295 ἑνὸς
2982 4231 3272 4304 ἀνθρώπου
3302 4232 3473 4304 Ἰησοῦ
3494 4233 3733 4302 Χριστοῦ

2157 4325 2236 4386 εἰς
2249 4323 2473 4386 πολλοὺς
2491 4323 2778 4396 ἐπερίσσευ
2788 4340 2866 4376 σε.
2883 4343 2900 4379 ›
2920 4324 3030 4379 Καὶ
3047 4323 3186 4394 μετά
3209 4323 3437 4394 βραχέα·
3451 4341 3470 4374 ι
3487 4324 3632 4394 Ἀρα
3643 4318 3735 4376 οὖν

2156 4414 2230 4479 ώς
2267 4413 2333 4466 δι’
2361 4414 2477 4477 ἐνὸς
2508 4414 2952 4486 παραπτώματος
2979 4416 3058 4478 εἰς
3089 4415 3298 4477 πάντας
3326 4414 3422 4467 ἀνθ
3433 4413 3649 4486 ρώπους
3676 4414 3741 4466 τὸ

481 4499 614 4558 tiam
641 4497 962 4567 justiﬁeatio
985 4500 1128 4555 vitae.
1153 4498 1309 4556 Sicut
1329 4503 1470 4556 enim
1499 4519 1594 4572 per
1629 4506 2037 4564 inobedientiam

2153 4506 2492 4578 κατάκριμα,
2522 4505 2666 4560 οὕτω
2691 4507 2788 4561 καὶ
2819 4507 2886 4560 δι’
2911 4507 3028 4566 ἑνὸς
3058 4505 3428 4577 δικαιώματος
3453 4506 3737 4567 δικαίωσις

482 4589 641 4647 unius
695 4591 928 4652 hominis
980 4602 1295 4662 peccatores
1353 4597 1629 4652 constituti
1682 4610 1806 4660 sunt
1855 4601 2050 4664 multi,

484 4681 559 4736 ita
595 4691 659 4736 et
706 4696 806 4753 per
847 4683 1014 4736 unius
1063 4685 1431 4742 obeditiouent
1480 4685 1610 4756 justi
1656 4691 2054 4747 constituentur

485 4771 637 4827 multi
665 4773 729 4828 “.
757 4792 776 4824 ι
826 4773 951 4828 Haec
998 4775 1050 4828 in
1103 4775 1339 4844 Epistola
1371 4792 1586 4846 quoque
1625 4781 1690 4833 ad
1743 4782 2054 4840 Corinthios

486 4865 726 4933 apertius
753 4865 911 4919 docet
946 4866 1132 4920 dicens
1161 4885 1175 4920 ε
1215 4886 1231 4918 ι
1265 4867 1418 4920 Sicut
1442 4868 1584 4920 enim
1621 4869 1670 4922 in
1703 4869 1911 4927 Adamo
1941 4886 2058 4926 om-

487 4969 582 5008 nes
605 4939 937 5018 moriuntur,
969 4955 1040 5007 ita
1069 4964 1120 5009 et
1155 4955 1206 5008 in
1237 4954 1453 5010 Christo
1483 4972 1669 5012 omnes
1702 4960 2052 5016 viviﬁcabun-

485 5044 661 5099 tur“.
696 5063 715 5096 ι
763 5042 918 5098 (inde
959 5053 1192 5110 constat,
1240 5046 1524 5101 victoriam
1577 5059 1811 5104 nostram
1864 5067 2050 5108 revera

483 5150 604 5190 csse
631 5136 937 5190 Senatoris
963 5137 1135 5191 nostri
1161 5139 1463 5195 victoriam.
1496 5138 1630 5193 Nam
1664 5152 1718 5195 et
1749 5145 2052 5199 communis

485 5228 664 5282 clades
691 5229 794 5282 fuit
843 5228 934 5282 illa
972 5230 1334 5298 progenitoris
1364 5233 1532 5285 nostri
1556 5233 1736 5287 clades
1769 5247 2050 5304 :oportet-

484 5334 592 5387 que
634 5322 774 5376 sicut
809 5321 1169 5391 progenitoris
1214 5324 1724 5381 eontaminationem
1763 5331 2051 5398 participa-

555 5497 596 5527 ¹¹
636 5495 796 5550 item.
838 5513 954 5560 xm,
988 5501 1038 5561 ὖ,
1077 5499 1128 5552 4.
1193 5500 1233 5530 ¹⁹
1265 5499 1300 5552 ll
1327 5499 1450 5553 Cor.
1482 5516 1531 5561 ν,
1572 5501 1656 5553 i7.

1729 5502 1770 5533 "
1803 5501 1953 5555 Rom.
1989 5521 2035 5567 ν,
2068 5504 2150 5558 13.

2152 4599 2334 4668 ζωῆς·
2368 4598 2560 4668 ὥσπερ
2588 4598 2694 4669 γὰρ
2739 4598 2826 4652 διὰ
2866 4599 2966 4668 τῆς
3012 4599 3300 4670 παρακοῆς
3329 4597 3425 4651 τοῦ
3473 4597 3593 4659 ἐνὸς
3639 4599 3734 4650 άν-

2150 4688 2370 4760 θρώπου
2414 4689 2730 4760 ἁμαρτωλοὶ
2776 4689 3191 4762 κατεστάθησαν
3235 4692 3284 4744 οί
3337 4688 3526 4742 πολλοὶ
3547 4731 3561 4754 ,
3595 4687 3739 4742 οὕτω

2151 4778 2247 4833 καὶ
2290 4778 2378 4830 διὰ
2426 4780 2523 4848 τῆς
2561 4779 2806 4848 ὑπακοῆς
2837 4778 2930 4834 τοῦ
2970 4779 3088 4842 te;
3132 4779 3332 4835 δίκαιοι
3384 4778 3740 4845 κατασταθῂ-

2155 4888 2336 4923 σονται
2358 4873 2410 4923 οἱ
2439 4871 2678 4925 πολλοί.»
2707 4872 2748 4923 Τ
2754 4872 2892 4925 αῦτα
2924 4873 3020 4925 καὶ
3052 4873 3109 4925 ὲν
3145 4875 3212 4943 τῇ
3248 4872 3383 4942 πρὸς
3417 4870 3738 4940 Κορινθίους

2171 4961 2458 5032 Ἐπιστολῇ
2494 4963 2828 5033 σαφέστερον
2849 4963 3089 5017 διδάσκει
3121 4963 3316 5032 λέγων·
3355 4963 3602 5032 «Ὥσπερ
3633 4963 3742 5028 γὲρ

2158 5059 2214 5107 ἐν
2245 5053 2320 5124 τῷ
2351 5053 2521 5125 Ἀδάμ
2547 5057 2747 5118 πάντες
2787 5056 3244 5126 ἀποθνήσκουσιν,
3270 5054 3414 5107 οῦτω
3445 5055 3542 5107 καὶ
3579 5056 3639 5105 ἐν
3666 5054 3743 5121 τῷ

2158 5146 2378 5216 Χριστῷ
2430 5147 2626 5209 πάντες
2667 5148 3219 5218 ζωοποιηθήσονται.»
3264 5147 3352 5212 Ἐξ
3384 5139 3460 5198 ὧν
3485 5145 3733 5215 εὔδηλον,

2158 5239 2238 5301 ώς
2258 5241 2503 5310 ἡμετέρα
2532 5239 2653 5310 νίκη
2681 5239 2774 5291 τοῦ
2798 5241 3048 5310 Σωτῆρος
3077 5239 3230 5309 ἡμῶν
3255 5241 3288 5308 ἡ
3314 5239 3437 5307 νίκη
3463 5253 3475 5264 ⁸
3511 5240 3607 5290 καὶ
3636 5238 3742 5306 γὰρ

2157 5327 2294 5399 ἧττα
2325 5331 2476 5400 κοινὴ
2514 5333 2797 5402 γέγονενὴ
2842 5331 2934 5384 τοῦ
2980 5332 3322 5402 προπάτορος
3358 5329 3517 5398 ἡμῶν
3564 5323 3739 5399 ἧττα·

2231 5506 2275 5537 ’⁸
2313 5508 2440 5563 ibid.
2485 5508 2569 5561 18.
2653 5510 2692 5540 ⁸⁵
2735 5508 2751 5561 l
2783 5509 2908 5563 Cur.
2943 5525 3030 5569 xv,
3067 5509 3156 5562 9.2.

563 5670 639 5736 (i)
668 5668 872 5754 gonier
910 5689 1028 5739 qua:
1061 5675 1159 5728 hac.
1193 5691 1351 5743 super
1399 5693 1453 5729 t'c
1491 5676 1616 5729 dicit
1678 5679 1813 5732 idem
1850 5678 2080 5747 (Iyrillus
2158 5684 2207 5735 in
2264 5684 2637 5751 explanatione
2694 5685 2945 5754 Epistulae
2999 5686 3060 5738 ad
3106 5684 3396 5747 Iiomanos,
3443 5699 3563 5750 mp.
3621 5696 3740 5735 vnt.

495 5749 638 5791 vers.
667 5738 720 5790 3.
