4082 6258
377 349 512 405 1457

1539 359 1628 414 DE
1668 359 2187 424 INCARNATIONE
2225 368 2482 424 DOMINI.

3489 371 3626 430 M38

375 461 470 514 καὶ
497 461 596 526 δεῖ,
629 443 878 533 καθάπερ
897 463 1091 535 ἐκείνῳ
1106 469 1208 536 τῆς
1236 469 1522 534 κοινωνίας
1553 473 1630 544 (1)
1657 475 1938 548 ἐκοινωνή-

2055 483 2252 547 vimus,
2295 484 2368 538 ita
2407 483 2566 540 bonis
2591 495 2690 547 nos
2719 481 2882 540 simul
2915 482 3119 554 perfrui
3151 498 3270 538 cum
3313 485 3402 542 illo
3433 488 3524 555 qui
3561 489 3630 544 de

375 568 568 621 σαμεν,
595 551 766 616 οὕτως
795 555 939 622 ἡμᾶς
965 558 1368 614 συναπολαῦσαι
1397 563 1504 614 τῶν
1531 564 1752 632 ἀγαθῶν
1785 568 1862 637 τῷ
1895 569 1955 634 ἐξ

373 644 404 712 ἡ
415 643 532 711 μῶν
558 643 658 712 μὲν
679 643 1062 713 άναληφθέντι,
1092 649 1230 720 ὑπὲρ
1260 651 1416 722 ἡμῶν
1441 652 1498 706 δὲ
1524 659 1950 723 στεφανωθέντι·

373 731 453 783 διὸ
480 732 572 784 καὶ
603 733 631 784 6
660 731 800 796 θεῖος
825 734 1143 801 Ἀπόστολος
1168 739 1372 808 ἔλεγεν,
1399 743 1482 796 ὄτι
1515 763 1534 794 ι
1563 744 1668 808 Οὓς
1704 749 1954 816 προέγνω

374 819 469 871 καὶ
502 819 776 891 προῶρισε
807 823 1166 894 συμμόρφους
1194 825 1295 896 τῆς
1329 829 1536 892 εἰκόνος
1565 829 1656 882 τοῦ
1691 831 1822 885 Υίοῦ
1860 834 1955 886 αύ-

375 908 488 974 τοῦ,
522 912 602 972 είς
629 911 689 963 τὸ
724 907 862 966 εἶναι
897 915 1058 968 αὐτὸν
1092 917 1434 988 πρωτότοκον
1468 922 1526 974 ὲν
1561 921 1774 986 πολλοῖς
1803 925 1953 978 ἀδελ-

375 1003 519 1068 φοῖς·
553 1000 646 1065 οὓς
673 1003 836 1066 αὐτὸς
866 1005 1160 1076 προώρισε,
1186 1008 1408 1073 τούτους
1438 1013 1530 1065 καὶ
1563 1013 1788 1068 ἐκάλεσε
1814 1032 1825 1044 ·
1859 1018 1953 1069 xal.

371 1089 464 1154 οὒς
503 1092 763 1158 ἐκάλεσε,
799 1095 1024 1160 τούτους
1071 1099 1166 1152 καὶ
1214 1100 1532 1155 ἐδικαίωσε·
1570 1105 1664 1158 καὶ
1709 1105 1802 1169 οὓς
1851 1108 1955 1161 ἐδι-

375 1181 600 1246 καίωσε,
639 1184 860 1249 τούτους
889 1189 980 1240 καὶ
1013 1188 1251 1254 ἐδόξασε.
1281 1209 1302 1242 ι
1337 1193 1446 1246 Καὶ
1473 1194 1738 1265 ἑτέρωθεν
1771 1197 1949 1266 λέγει·

380 1293 399 1326 ι
425 1275 487 1327 El
509 1274 566 1328 δὲ
594 1275 778 1339 τέκνα,
807 1278 898 1329 καὶ
925 1279 1284 1350 κληρονόμοι·
1317 1284 1644 1356 κληρονόμοι
1677 1288 1776 1357 μὲν
1795 1288 1948 1354 Θεοῦ,

376 1363 807 1434 συγκληρονόμοι
830 1367 887 1420 δὲ
922 1369 1157 1439 Χριστοῦ
1180 1389 1193 1401 ·
1226 1373 1386 1444 εἴπερ
1415 1375 1510 1428 καὶ
1537 1379 1948 1448 συμπάσχομεν,

377 1454 462 1506 ἵνα
493 1457 584 1508 καὶ
611 1457 1075 1531 συνδοξασθῶμεν.
1103 1481 1122 1514 ι
1157 1465 1266 1516 Καὶ
1295 1466 1528 1537 ἀλλαχοῦ
1555 1486 1567 1498 ·
1605 1488 1623 1520 ι
1654 1470 1716 1522 Εἰ
1747 1471 1951 1540 ύπομέο

375 1563 556 1616 νομεν,
593 1551 687 1602 καὶ
722 1551 1244 1624 συμϐασιλεύσομεν.
1271 1575 1292 1608 ι
1339 1558 1512 1629 ’Υπὲρ
1560 1560 1740 1628 πάσης
1771 1561 1950 1615 τοίνυν

372 1638 468 1706 τῆς
516 1640 788 1711 ἡμετέρας
822 1643 1036 1710 φύσεως
1075 1647 1102 1698 ὁ
1127 1645 1226 1710 τοῦ
1270 1647 1404 1700 Θεοῦ
1455 1649 1588 1712 Θεὸς
1632 1651 1804 1720 Λόγος
1851 1653 1952 1724 τὴν

373 1729 643 1800 ἡμετέραν
670 1732 921 1804 ἀπαρχὴν
945 1735 1254 1805 ἀνελάϐετο,
1293 1739 1379 1792 ἵνα
1417 1741 1507 1796 διὰ
1545 1743 1730 1813 πάσης
1768 1744 1938 1814 αὐτὴν

372 1821 573 1889 ἀρετῆς
605 1822 848 1891 ἀγαγὼν,
887 1827 966 1889 είς
1015 1827 1192 1899 πάλην
1235 1829 1334 1900 μὲν
1368 1832 1652 1904 προτρέψῃ
1694 1834 1785 1887 τὸν
1817 1836 1944 1888 άντ-
1975 1821 2018 1876 Β

370 1914 706 1982 αγωνιστὴν,
751 1915 898 1988 δείξῃ
945 1915 1000 1968 δὲ
1037 1919 1130 1971 τὸν
1184 1911 1426 1990 ἀθλητὴν
1507 1925 1813 1994 ἀήττητον
1851 1928 1946 1979 καὶ

367 2002 554 2057 τοῦτον
587 2005 685 2074 μὲν
723 2006 1060 2080 στεφανώσῃ,
1086 2010 1292 2062 ἐκείνου
1315 2012 1372 2064 δὲ
1397 2013 1496 2082 τὴν
1515 2008 1682 2083 ἧτταν
1711 2015 1940 2086 κηρύξῃ,

369 2095 462 2147 καὶ
494 2097 860 2169 καταθαρρεῖν
885 2101 1048 2152 αὑτοῦ
1083 2100 1290 2165 πάντας
1318 2105 1714 2178 παρασκευάσῃ
1732 2123 1744 2134 ·
1777 2106 1858 2159 διὸ
1887 2110 1944 2160 ἐν

367 2189 476 2251 τοῖς
515 2190 677 2258 ἱεροῖς
713 2191 1066 2258 Εύαγγελίοις
1099 2192 1274 2258 ἔλεγε,
1320 2194 1415 2248 νῦν
1449 2196 1579 2266 μέν·
1622 2216 1640 2248 ι
1671 2194 1824 2252 Εἶδον
1853 2201 1943 2253 τὸν

366 2279 606 2338 Σατανᾶν
649 2281 723 2343 ὡς
774 2282 1058 2351 ἀστραπὴν
1104 2286 1167 2336 ἐκ
1210 2285 1303 2338 τοῦ
1352 2287 1580 2357 ούρανοῦ
1616 2290 1882 2344 πεσόντα·
1917 2311 1934 2343 ι

367 2367 462 2420 νῦν
492 2369 584 2422 δέ·
621 2389 640 2420 ι
683 2371 806 2422 Ἐὰν
859 2373 931 2442 μή
971 2390 1054 2436 τις
1093 2375 1308 2446 εἰσέλθῃ
1359 2380 1440 2442 εἰς
1485 2379 1585 2449 τὴν
1633 2381 1812 2435 οἰκίαν
1846 2383 1939 2435 τοῦ

369 2459 612 2529 Ισχυροῦ,
641 2463 736 2513 καὶ
772 2462 860 2514 τὸν
891 2465 1109 2533 ἰσχυρὸν
1138 2466 1294 2538 δήσῃ,
1332 2467 1449 2532 πῶς
1473 2471 1544 2522 τὰ
1579 2471 1748 2540 σκεύη
1776 2473 1940 2526 αὑτοῦ

363 2549 682 2620 διαρπάσει;
715 2573 732 2603 ι
767 2555 946 2606 οἰκίαν
984 2555 1158 2624 λέγων
1200 2557 1294 2610 τοῦ
1346 2561 1566 2632 ἰσχυροῦ
1599 2563 1696 2633 τὴν
1729 2563 1938 2635 ἀνθρω-

364 2641 520 2694 πείαν
570 2642 752 2711 φύσιν,
789 2645 866 2707 ὡς
901 2647 1034 2716 πρὸς
1079 2651 1285 2702 ἐκεῖνον
1327 2653 1802 2724 αύτομολήσασαν,
1847 2658 1940 2708 καὶ

363 2734 472 2784 πᾶν
505 2733 566 2785 τὸ
599 2735 884 2789 κελευσθὲν
925 2740 1016 2791 ὑπ’
1067 2741 1275 2794 ἐκείνου
1328 2748 1501 2796 ποιεῖν
1539 2747 1936 2817 ἀνασχομένην,

365 2825 456 2876 καὶ
485 2825 804 2896 αὐθαίρετον
835 2830 1077 2884 δουλείαν
1111 2835 1590 2907 ἐπισπασαμὲνην.
1629 2841 1738 2892 Καὶ
1777 2841 1938 2896 ἀλλα-

362 2916 457 2983 χοῦ
487 2917 563 2981 δὲ,
586 2937 604 2968 ι
627 2919 907 2989 Θαρσεῖτε,
927 2923 1110 2991 φησιν,
1129 2923 1240 2992 ἐγὼ
1270 2927 1528 2997 νενίκηκα
1557 2929 1649 2980 τὸν
1677 2931 1928 3002 κόσμον.»

362 3007 473 3059 Καὶ
497 3008 759 3076 ἑτέρωθεν
778 3029 793 3044 ο
824 3028 843 3061 ι
877 3011 990 3064 Νῦν
1024 3015 1203 3083 κρίσις
1229 3016 1344 3068 ἐστὶ
1369 3017 1459 3070 τοῦ
1488 3019 1693 3090 κόσμου
1724 3022 1932 3087 τούτου,

361 3099 505 3151 νῦνὸ
534 3101 715 3170 ἄρχων
741 3101 836 3155 τοῦ
904 3103 1108 3174 κόσμου
1162 3106 1555 3178 ἐκϐληθήσεται
1599 3111 1728 3176 ἔξω·
1779 3114 1933 3182 κάγὼ

367 3189 461 3240 ἐὰν
525 3191 632 3242 ἀπὸ
688 3193 785 3262 τῆς
851 3195 953 3264 γῆς
1007 3187 1224 3264 ὑψωθῶ,
1277 3199 1484 3263 πάντας
1534 3202 1744 3257 ἑλκύσω
1798 3208 1933 3277 πρὸς

362 3281 646 3348 ἐμαυτόν.»
680 3285 788 3337 Καὶ
826 3285 1030 3355 προῖὼν
1060 3288 1115 3340 δὲ
1144 3289 1301 3344 τοῦτο
1333 3291 1479 3361 λέγει
1509 3294 1868 3366 σαφέστερονο

363 3411 457 3465 ll".
497 3415 613 3466 ’Ότι
649 3417 991 3498 κοίνὶι-τῶιξ
1009 3422 1332 3498 ἀνίὶρῴπων
1373 3428 1692 3498 εὐεργεσία
1737 3432 1776 3498 ἡ
1829 3435 1935 3487 τοῦ

828 3490 1101 3557 Σωτῆρος
1127 3495 1457 3564 οἰκονομία.

433 3638 452 3669 ‹
481 3621 614 3690 Περὶ
645 3622 700 3674 δὲ
729 3624 984 3693 κρίσεως,
1013 3625 1094 3678 ὅτι
1122 3629 1149 3680 6
1177 3628 1360 3698 ἅρχων
1383 3630 1476 3684 τοῦ
1511 3631 1717 3702 κόσμου
1747 3635 1933 3687 τούτου

358 3710 640 3781 κέκριταν
669 3733 685 3763 ι
720 3715 813 3767 καὶ
847 3711 1024 3780 αὖθιςο
1062 3736 1080 3767 ι
1115 3719 1372 3789 Ἔρχεται
1397 3723 1426 3774 ό
1451 3723 1544 3776 τοῦ
1578 3725 1784 3793 κόσμου
1814 3727 1935 3779 τού·

357 3817 449 3852 του
483 3801 684 3871 ἄρχων,
714 3805 806 3856 καὶ
832 3807 890 3858 ὲν
919 3807 1043 3876 spei.
1070 3810 1170 3863 οὐκ
1203 3811 1316 3880 ἔχει
1349 3814 1532 3868 οὐδέν’
1559 3835 1578 3866 ο
1615 3817 1796 3887 πάσης
1825 3819 1932 3888 γὰρ

356 3893 772 3965 ἀπηλλαγμένος
811 3898 1009 3964 αἰτίας,
1056 3903 1207 3954 οὐδὲν
1247 3903 1361 3972 εἶχε
1399 3907 1508 3957 τῶν
1539 3906 1634 3957 τοῦ
1685 3909 1930 3960 διαϐόλου

358 3987 704 4057 σπερμάτων.
736 3989 826 4042 Διὸ
873 3992 966 4042 καὶ
1006 3993 1068 4042 τὸ
1113 3997 1396 4062 τυραννεῖν
1430 3997 1794 4061 κατέπαυσεν,
1835 4002 1930 4053 καὶ

352 4075 605 4140 ἐξέϐαλεν
638 4077 762 4140 ἔξω,
794 4079 888 4128 καὶ
926 4079 1029 4130 ὑπὸ
1073 4081 1180 4132 τῶν
1227 4082 1395 4134 πάλαι
1433 4083 1792 4139 δουλευόντων
1823 4107 1927 4141 πα-

351 4169 562 4218 τεῖσθαι
606 4167 898 4235 πεποίηκε,
954 4171 1302 4238 παρεγγυῶν,
1345 4175 1438 4224 καὶ
1482 4174 1684 4242 λέγων·
1737 4197 1756 4229 ι
1797 4179 1928 4234 Ἰδοὺ

350 4255 542 4327 δίδωμι
573 4257 700 4325 ὑμῖν
724 4256 969 4322 ἐξουσίαν
995 4264 1186 4314 πατεῖν
1213 4263 1397 4318 ἐπάνω
1422 4265 1620 4334 ὄφεων,
1650 4271 1745 4322 καὶ
1776 4289 1930 4345 σκορ-

352 4349 511 4410 πίων,
542 4349 635 4401 καὶ
661 4349 753 4401 ἐπὶ
784 4351 966 4409 πᾶσαν,
992 4351 1091 4422 τὴν
1121 4353 1347 4425 δύναμιν
1376 4359 1732 4430 τοῦἘχθροῦ.
1765 4383 1782 4414 ι
1814 4365 1927 4418 Ἵνα

350 4441 531 4494 δὲκαὶ
580 4443 750 4513 αὐτὴν
810 4443 1010 4513 ἴδωμεν
1067 4445 1162 4516 τὴν
1223 4451 1358 4517 πρὸς
1391 4451 1484 4503 τὸν
1544 4453 1787 4508 διάϐολον
1821 4458 1925 4510 πά-

352 4530 470 4600 λην,
520 4531 760 4603 ἔλθωμεν
809 4535 901 4586 ἐπὶ
947 4536 1042 4604 τὴν
1101 4539 1340 4610 ἱστορίαν
1395 4543 1500 4595 τῶν
1551 4547 1917 4615 Εὐαγγελίων.

364 4622 593 4694 Ἀνήχθη
625 4625 728 4676 ὑπὸ
761 4626 854 4678 τοῦ
887 4628 1199 4698 Πνεύματος
1238 4633 1440 4699 Ἰησοῦς
1472 4638 1551 4698 είς
1582 4637 1676 4707 τὴν
1718 4640 1922 4710 ἔρημον

354 4714 489 4779 μετά
533 4715 592 4767 τὸ
631 4713 934 4784 βάπτισμα,
970 4721 1326 4789 πειρασθῆναι
1371 4724 1476 4776 ὑπὸ
1515 4728 1604 4779 τοῦ
1654 4729 1918 4786 διαϐόλου.

362 4804 595 4875 ’Λνήχθη
629 4807 688 4860 δὲ
724 4809 821 4876 οὐχ
854 4810 882 4860 ὁ
923 4810 1051 4872 Θεὸς
1081 4813 1270 4879 Λόγος,
1310 4815 1424 4867 ἀλλ’
1451 4819 1479 4868 ὁ
1509 4819 1571 4870 ὲκ
1612 4821 1922 4890 σπέρματος

349 4893 513 4946 Δαϐὶδ
539 4897 644 4948 ὑπὸ
667 4898 759 4950 τοῦ
791 4899 924 4951 Θεοῦ
958 4901 1128 4968 Λόγου
1169 4903 1396 4972 ληφθεὶς
1431 4908 1583 4970 ναός·
1609 4911 1670 4961 ού
1702 4911 1804 4981 γάρ
1831 4914 1920 4966 τὸν

349 4985 478 5037 Θεὸν
501 4989 672 5056 Λόγον
701 4993 778 5052 εἰς
801 4992 900 5060 τὴν
925 4993 1060 5062 πρὸς
1087 4994 1178 5046 τὸν
1199 4996 1441 5050 διάϐολον
1465 5000 1640 5068 πάλην
1666 5004 1919 5072 ἀπήγαγε

347 5078 408 5128 τὸ
434 5079 655 5148 Πνεῦμα
681 5082 742 5132 τὸ
771 5083 946 5150 ἅγιον,
976 5085 1089 5137 ἀλλ’
1108 5087 1165 5139 ὃν
1198 5089 1254 5140 ἐν
1285 5092 1350 5160 τῇ
1383 5091 1642 5162 Παρθένῳ
1668 5094 1920 5150 διέπλατε

349 5166 425 5234 τῷ
450 5168 565 5237 Θεῷ
605 5171 761 5241 Λόγῳ
799 5174 945 5228 ναόν.
983 5177 1198 5241 Ἀσιτος
1227 5179 1526 5233 διετέλεσεν
1557 5185 1769 5253 ἡμέρας
1799 5205 1922 5239 τεσ-

349 5257 673 5325 σαράκοντα,
708 5264 801 5312 καὶ
830 5263 1028 5326 νύκτας
1057 5267 1374 5336 ἰσαρίθμους
1394 5286 1407 5298 ⁸
1435 5269 1496 5320 οὐ
1524 5269 1629 5341 γὰρ
1661 5271 1922 5342 ἠθέλησεν

417 5433 459 5462 ¹⁶
503 5435 657 5486 Rom.
691 5452 806 5498 vm,
847 5436 934 5496 99.
977 5441 1064 5492 50.

345 5501 408 5528 ’τοι

1145 5441 1184 5472 ¹⁷
1209 5443 1335 5498 ibid.
1373 5445 1459 5498 17.

415 5682 490 5757 (Ι)
533 5683 750 5757 cod.
785 5686 1090 5750 κοινωνίας,
1120 5706 1236 5757 qua:
1272 5692 1317 5743 si
1389 5693 1545 5749 lectio
1605 5712 1732 5750 sana

347 5755 513 5806 sueris
539 5753 721 5808 Bibliis
750 5770 844 5822 pro
869 5753 1424 5828 polimus,profanus.

1542 5448 1585 5478 18
1615 5449 1652 5478 ΙΙ
1683 5450 1740 5478 'l‘:

419 5449 459 5462 ὐ
505 5449 657 5486 noun.
691 5452 806 5498 vm,
847 5449 934 5496 at).
977 5449 1064 5492 50.
1145 5449 1183 5472 "
1209 5449 1335 5498 ibid.
1373 5449 1459 5498 17.
1542 5449 1585 5478 ¹³
1615 5449 1654 5502 ιι
1683 5450 1820 5503 Tim.
1853 5466 1910 5513 ll,

346 5501 431 5555 55.
511 5506 554 5533 ³⁸
593 5501 746 5557 Joan.
783 5522 879 5570 xu,
915 5508 1004 5561 51.
1067 5511 1111 5540 ’³
1146 5512 1272 5567 ibid.
1309 5515 1399 5568 52.
1475 5517 1522 5547 ³³
1557 5516 1710 5572 Joan.
1753 5535 1864 5586 xvt,
1899 5524 1919 5574 1

2114 5454 2152 5484 ¹⁹
2191 5453 2319 5509 Luc.
2357 5473 2412 5517 Χ,
2453 5456 2537 5510 18.
2617 5459 2660 5488 ²⁰
2693 5457 2881 5512 Matth.
2911 5476 3008 5523 xit,
3037 5461 3126 5515 29.
3225 5463 3266 5492 ¹¹
3296 5462 3584 5520 .Ioau.xvt.

2063 5525 2106 5554 ’⁸
2135 5524 2289 5578 Joan.
2326 5542 2432 5588 xw,
2465 5527 2552 5579 50.
2627 5529 2672 5560 ’⁸
2705 5529 2832 5582 Luc.
2875 5546 2927 5595 κ,
2960 5531 3044 5585 19.
3122 5533 3163 5562 ’⁷
3199 5531 3387 5587 Matth.
3426 5549 3499 5596 IV,
3533 5533 3585 5585 1.

2059 575 2213 630 nobis
2242 584 2488 643 sumptus
2530 581 2635 640 est,
2677 587 2732 630 et
2776 589 2874 644 pro
2905 574 3065 630 nobis
3101 585 3413 634 coronatus.
3451 579 3629 644 Quare

2056 667 2111 712 et
2167 659 2322 714 divus
2375 659 2667 730 Apostolus
2719 661 2954 716 aiebat:
3012 680 3030 714 ι
3067 661 3522 733 Quosprmscivit
3572 681 3628 722 et
3681 681 3684 684 ‘

2055 750 2458 820 prmdestinavit
2486 753 2792 810 eonformes
2829 755 2942 808 ﬁeri
2987 756 3238 824 imaginis
3277 756 3396 812 Filii
3429 759 3536 826 sui,
3567 767 3627 814 ut

2055 841 2126 894 sit
2157 841 2272 910 ipse
2299 843 2544 914 818m.
2594 845 2986 914 primogenitus
3019 848 3070 900 in
3115 848 3304 904 multis
3339 849 3621 904 fratribus.

2055 931 2202 996 Quos
2265 931 2386 1002 ipse
2451 935 2876 1002 praedestinavit,
2917 937 3013 994 hos
3037 947 3093 990 et
3125 940 3338 992 vocavit
3370 953 3384 991 :
3413 947 3468 993 et
3491 953 3625 1008 quos

2055 1021 2288 1085 vocavit,
2325 1022 2422 1076 bos
2453 1031 2506 1075 et
2531 1023 2852 1092 justiticavit
2881 1047 2893 1080 :
2925 1040 3060 1094 quos
3089 1026 3622 1094 autemjustilicavil,

2055 1113 2155 1168 hos
2206 1121 2260 1166 et
2315 1113 2637 1182 gloriﬁcavit
2663 1117 2726 1170 ¹⁶.
2759 1136 2778 1169 ›
2831 1118 2898 1174 Et
2929 1119 3056 1172 alibi
3093 1119 3168 1172 ait
3201 1138 3214 1174 :
3305 1139 3324 1170 ‹
3357 1117 3412 1172 Si
3443 1127 3623 1172 autem

2054 1204 2172 1270 lilii,
2216 1206 2404 1274 utique
2443 1217 2499 1262 et
2525 1208 2770 1264 barrech
2803 1225 2817 1262 :
2852 1211 3098 1266 baerodcs
3131 1211 3346 1280 quidem
3389 1210 3502 1276 Dei,
3527 1223 3620 1264 co-

2055 1297 2296 1352 haeredes
2321 1307 2502 1353 autem
2535 1299 2738 1356 Christi
2777 1319 2788 1354 :
2845 1301 2890 1354 si
2934 1311 3113 1356 tamen
3143 1303 3528 1371 compatimur.
3567 1310 3626 1354 ut

2051 1399 2106 1446 et
2148 1390 2622 1460 congloriﬁcemur
2645 1393 2710 1447 ιτ.
2743 1411 2764 1446 θ
2815 1391 2884 1446 Ει
2930 1392 3060 1448 alibi
3091 1413 3103 1449 :
3141 1413 3158 1446 ι
3189 1394 3246 1449 Si
3297 1394 3624 1450 sustinueri-

2053 1497 2188 1542 mus,
2227 1482 2390 1536 etiam
2419 1484 2873 1550 conregnabimus
2902 1485 2966 1540 ιθ.
3001 1503 3021 1538 ›
3065 1485 3168 1540 Pro
3203 1486 3452 1540 universa
3493 1500 3624 1556 ergo

2053 1583 2242 1626 natura
2281 1583 2462 1627 nostra
2499 1574 2590 1628 Dei
2628 1572 2864 1628 Verbum
2901 1574 3044 1630 Deus
3087 1574 3487 1642 inchoationem
3522 1590 3623 1630 no-

2050 1674 2214 1721 stram
2249 1666 2507 1736 suscepit,
2541 1676 2600 1720 ut
2625 1681 2746 1720 eam
2789 1681 2885 1735 per
2911 1681 3126 1724 omnem
3163 1665 3415 1722 virtutem
3454 1665 3624 1722 dedu-

2051 1771 2202 1820 cens,
2235 1757 2302 1811 ad
2343 1764 2617 1812 certamen
2664 1767 2990 1825 provocaret
3025 1757 3418 1824 adversarium,
3465 1773 3622 1813 suum

2049 1862 2176 1901 vero
2204 1848 2468 1902 athletam
2505 1849 2768 1904 invictum
2793 1857 3077 1916 praestaret
3111 1867 3124 1901 :
3156 1859 3211 1906 et
3233 1850 3376 1903 hunc
3403 1851 3623 1919 quidem

2047 1945 2356 2001 coronaret,
2387 1937 2532 1991 illius
2558 1947 2737 1992 autem
2767 1939 2972 1992 cladem
3005 1939 3388 2007 proclamaret,
3421 1949 3476 1994 et
3500 1956 3623 1994 om-

2047 2026 2206 2081 nibus
2235 2027 2496 2082 adversus
2533 2028 2680 2082 illum
2717 2029 3000 2084 audaciam
3043 2041 3288 2102 augeret.
3322 2031 3536 2086 Idcirco
3567 2033 3622 2086 in

2045 2119 2214 2174 sacris
2239 2117 2545 2190 Evangeliis
2576 2123 2734 2174 modo
2769 2121 2948 2176 aiebat
2984 2138 2998 2174 :
3029 2140 3048 2172 r
3081 2121 3334 2176 Videbam
3364 2121 3622 2178 Satanam

2043 2209 2186 2264 sicut
2242 2211 2422 2281 fulgur
2463 2213 2532 2266 de
2573 2212 2712 2267 uelo
2760 2213 3042 2268 cadentem
3067 2213 3140 2280 ";
3176 2231 3194 2266 ι
3247 2229 3391 2268 nunc
3445 2231 3618 2272 vero:

2051 2320 2068 2352 ι
2103 2298 2213 2352 Nisi
2256 2303 2378 2368 quis
2421 2300 2474 2354 in
2526 2301 2682 2354 fortis
2715 2302 2934 2356 domum
2977 2302 3285 2366 intraverit,
3319 2303 3622 2378 fortemque

2043 2391 2364 2460 alligaverit,
2391 2393 2661 2460 quomodo
2689 2409 2814 2450 vasa
2843 2395 2961 2464 ejus
2983 2394 3206 2464 diripiet
3231 2395 3319 2448 ²⁰ἳ
3349 2416 3368 2448 ι
3401 2399 3617 2452 domum

2041 2481 2202 2536 fortis
2230 2484 2418 2539 dicens
2450 2485 2742 2538 humanam
2777 2494 3049 2551 naturam,
3087 2501 3183 2541 ceu
3212 2503 3328 2555 qua:
3365 2489 3430 2542 ad
3469 2491 3617 2544 illum

2041 2572 2361 2643 profugerit,
2400 2583 2456 2628 ct
2479 2575 2662 2628 omnia
2705 2576 2875 2645 ipsius
2911 2577 3164 2630 mandata
3205 2579 3428 2647 exsequi
3458 2595 3618 2647 passa

2044 2665 2226 2729 fuerit,
2251 2667 2641 2736 servitiumque
2667 2668 2770 2722 sibi
2809 2677 3003 2737 sponte
3031 2668 3366 2738 imposuerit.
3397 2672 3460 2726 Et
3489 2672 3616 2728 alibi

2041 2771 2292 2822 quoque:
2329 2776 2349 2808 ι.
2373 2757 2658 2821 Cuniidite,
2713 2757 2910 2827 inquit,
2945 2773 3048 2828 ego
3075 2760 3182 2814 vici
3215 2762 3470 2816 mundum
3493 2763 3558 2814 ²¹.
3593 2779 3612 2810 ›

2041 2848 2106 2900 Ει
2129 2847 2232 2902 alio
2253 2847 2370 2904 loco
2396 2866 2411 2903 :
2433 2867 2453 2900 ε
2477 2849 2628 2904 Nunc
2645 2848 2906 2916 judicium
2930 2859 3012 2908 est
3036 2851 3244 2916 mundi,
3267 2866 3412 2906 IIIIIIC
3433 2850 3617 2906 mundi

2041 2941 2287 3010 princeps
2345 2941 2591 3010 ejicietur
2636 2940 2780 2996 [oras
2811 2944 2884 3008 ²²;
2922 2961 2940 2993 ι
2975 2950 3032 2997 et
3057 2961 3078 2993 ι
3107 2941 3219 3011 Ego
3272 2943 3318 2997 si
3344 2943 3618 2996 cxaltatus

2041 3031 2191 3088 fuero
2223 3049 2252 3088 a
2302 3043 2469 3098 terra,
2504 3049 2692 3089 omnes
2726 3034 2936 3088 traham
2972 3033 3036 3086 ad
3075 3048 3160 3086 me
3190 3032 3364 3102 ipsum
3390 3032 3456 3086 ".
3489 3047 3510 3080 ι
3551 3030 3617 3082 Et

1987 3168 2005 3188 ,
2042 3139 2202 3192 porro
2234 3139 2483 3194 pergens,
2526 3125 2576 3180 id
2615 3126 2788 3193 ipsunt
2821 3124 3024 3180 clarius
3051 3125 3224 3182 dicit:

2037 3432 2174 3488 Xlll.
2218 3432 2372 3498 Quod
2397 3449 2668 3490 commune
2693 3450 2818 3502 erga
2854 3435 3088 3486 (tantum:
3117 3431 3421 3499 liene/icium
3449 3431 3613 3500 fuerit

2497 3503 2792 3560 Serualoris
2829 3504 3150 3558 inmutatio.

2112 3659 2129 3690 ‹
2166 3640 2236 3693 De
2259 3639 2466 3710 judicio
2507 3639 2746 3708 quidem,
2781 3642 2904 3706 quia
2939 3643 3191 3709 princeps
3231 3641 3413 3695 mundi
3452 3641 3614 3714 hujus

2031 3726 2142 3794 jam
2196 3727 2473 3796 judicatus
2511 3728 2682 3782 est".
2719 3747 2736 3780 ι
2786 3729 2852 3782 Ει
2902 3746 3127 3784 rursus:
3165 3751 3182 3781 ‹
3221 3731 3375 3784 Venit
3426 3733 3606 3787 uutndi

2031 3814 2192 3882 hujus
2224 3819 2495 3884 princeps,
2531 3826 2584 3868 et
2615 3819 2666 3870 in
2700 3831 2784 3868 me
2829 3833 2934 3868 non
2969 3819 3126 3870 habet
3154 3818 3446 3886 quidquam
3467 3821 3512 3852 "
3539 3837 3552 3872 :
3584 3839 3607 3871 ι

2033 3921 2289 3972 namque,
2311 3905 2455 3956 omni
2485 3906 2716 3958 crimine
2743 3904 2973 3968 alienus,
3009 3906 3148 3958 nulla
3177 3908 3375 3960 diaboli
3402 3911 3606 3963 semina

2034 3994 2286 4046 habebat.
2319 3992 2474 4046 Unde
2502 4005 2558 4046 et
2591 3994 2734 4046 hunc
2761 3997 3046 4064 tyrannide
3077 3998 3344 4064 deposuit,
3383 4011 3434 4053 et
3463 4003 3610 4055 foras

2031 4083 2214 4149 ejecit,
2251 4091 2305 4138 ct
2343 4085 2556 4138 illorum
2599 4086 2689 4152 qui
2739 4099 2896 4138 antea
2933 4087 2982 4140 ei
3037 4089 3349 4143 serviebant
3383 4092 3608 4159 pedibus

2029 4173 2289 4241 subjecit,
2343 4175 2639 4230 adhortans
2697 4176 2988 4246 dicensque
3033 4195 3046 4232 :
3085 4197 3107 4230 ι
3138 4177 3278 4234 Ecce
3329 4195 3430 4250 ego
3485 4183 3604 4242 dedi

2031 4265 2184 4319 vobis
2215 4275 2535 4335 potestatem
2565 4267 2809 4322 calcandi
2849 4284 3012 4339 supra
3053 4279 3337 4336 serpentes
3367 4281 3422 4324 et
3453 4287 3603 4325 scor-

2029 4359 2237 4428 piones,
2283 4371 2336 4416 et
2365 4377 2530 4431 super
2560 4377 2776 4416 omnem
2822 4364 3076 4418 virtutem
3115 4363 3325 4418 Inimici
3355 4365 3422 4420 ".
3460 4383 3476 4414 ι
3509 4367 3605 4419 Αι-

2031 4467 2136 4521 que
2165 4464 2224 4506 ut
2257 4453 2426 4523 ipsam
2456 4457 2719 4508 adversus
2745 4453 3017 4508 diabolum
3045 4457 3244 4510 luctam
3276 4468 3600 4525 spectemus,

2031 4543 2095 4593 ad
2149 4543 2512 4609 evangelicum
2537 4541 2779 4610 819m.
2829 4543 3110 4596 historiam
3153 4545 3453 4600 veniamus.
3495 4547 3595 4601 Du-

2030 4641 2149 4686 ctus
2193 4642 2276 4686 est
2321 4649 2349 4685 a
2399 4632 2602 4700 Spiritu
2657 4634 2709 4686 in
2755 4634 3029 4686 desertum
3075 4633 3230 4688 Jesus
3271 4646 3390 4702 post
3428 4637 3602 4704 bapti-

2029 4739 2204 4778 smum
2233 4732 2288 4778 ut
2333 4733 2634 4778 tentaretur
2666 4741 2692 4778 a
2717 4724 2930 4778 diabolo
2949 4726 3012 4777 ³⁷.
3043 4724 3274 4778 Ductum
3307 4729 3390 4780 est
3419 4738 3596 4779 autem

2025 4831 2133 4869 non
2165 4814 2259 4871 Dei
2285 4814 2544 4879 Verbum,
2569 4817 2665 4872 sed
2695 4818 2823 4871 illud
2854 4833 2920 4872 ex
2952 4818 3172 4874 Davidis
3204 4821 3408 4874 semine
3433 4837 3464 4873 a
3493 4822 3600 4874 lien

2035 4907 2206 4962 Verbo
2242 4909 2496 4977 templum
2527 4919 2884 4978 assumptum.
2923 4909 3036 4964 Non
3072 4912 3216 4964 enim
3259 4910 3426 4966 Deum
3463 4912 3597 4966 Ver-

2019 4999 2144 5050 bum
2187 4999 2253 5052 ad
2288 4998 2599 5054 luctandum
2648 5015 2770 5070 cum
2820 5001 3037 5056 diabolo
3085 5003 3308 5056 abduxit
3361 5003 3596 5070 Spiritus

2019 5101 2259 5156 sanctus,
2296 5093 2387 5146 sed
2422 5093 2569 5155 illud,
2603 5093 2844 5160 inquam,
2883 5095 3024 5162 quod
3057 5109 3123 5148 ex
3149 5095 3367 5164 Virgine
3393 5094 3594 5148 {orma-

2020 5189 2171 5233 vcrat
2219 5179 2330 5234 Deo
2387 5181 2564 5236 Verbo
2625 5184 2904 5250 templum.
2971 5184 3342 5238 Perseveravit
3377 5183 3594 5253 jejunus

2020 5275 2376 5343 quadraginta
2410 5276 2620 5342 diebus,
2651 5277 2984 5346 totidemque
3011 5278 3280 5333 noctibus.
3310 5277 3425 5332 Non
3445 5278 3594 5332 enim

2114 5454 2152 5484 '9
2191 5453 2319 5509 Luc.
2357 5473 2412 5517 Χ,
2453 5456 2537 5510 18.

2617 5459 2660 5488 ὀ
2693 5457 2881 5512 Matth.
2911 5476 3008 5523 xit,
3037 5461 3126 5515 29.
3225 5463 3266 5492 ¹¹
3296 5462 3451 5516 .Ioau.
3474 5477 3584 5520 xvt.

1794 5709 1875 5754 cst
1951 5701 2156 5758 nihilve
2206 5707 2375 5772 deest,
2414 5706 2625 5760 videtur
2681 5709 3004 5778 idiotismus,
3053 5713 3126 5766 uti
3177 5723 3256 5770 est
3304 5713 3479 5777 κοινὸς
3527 5713 3580 5766 in
