4082 6258
519 381 657 437 “39

1490 380 1547 437 S.
1590 376 1869 434 CYRILLI
1907 375 2373 432 ALEXANDRINI
2411 376 2735 434 ARCHIEP.

3629 376 3778 434 NW

517 492 687 544 voluit
709 505 896 544 eorum
921 490 1013 559 qui
1043 491 1172 545 olim
1191 491 1571 561 jejunaverant
1595 508 1901 546 mensuram
1925 506 2084 545 exce-

2185 491 2488 560 ύπερϐἦναι
2519 491 2628 543 τῶν
2658 491 2823 544 πάλαι
2863 487 3297 558 νενηστευκὸτων
3324 485 3386 539 τὸ
3422 487 3643 558 μέτρον,
3677 489 3770 542 ἵνα

516 584 666 647 dere,
711 599 776 636 ne
808 583 1070 637 adversus
1107 599 1165 636 se
1197 597 1431 653 pugnam
1489 584 1836 638 adversarius
1867 585 2083 652 defuge-

518 683 620 737 ret,
652 689 738 736 ne,
765 674 1004 741 inquam,
1028 688 1095 728 eo
1127 674 1214 742 qui
1250 675 1494 729 occultus
1518 685 1633 729 erat
1657 677 1860 745 agnito,
1892 676 2080 729 luctari

516 781 637 818 cum
689 764 976 818 manifesto
1031 775 1327 818 recusaret.
1376 767 1546 829 Huius
1594 768 1672 820 rei
1727 783 1911 830 causa,
1965 777 2084 835 post

518 857 834 923 praedictum
868 855 1075 909 dierum
1111 871 1415 923 numerum,
1454 858 1700 912 humanae
1730 869 1934 913 natura'
1963 875 2084 927 pas-

516 947 723 1000 sionem
756 946 1034 1015 patefecit,
1066 949 1314 1016 permisit
1350 947 1474 1002 fami
1507 949 1732 1013 aditum,
1762 949 1903 1003 fame
1937 950 2083 1002 vide-

517 1034 642 1088 licet
676 1050 861 1089 ansam
897 1035 1112 1091 diabolo
1153 1037 1420 1106 praebens.
1469 1035 1584 1091 Non
1635 1040 1779 1092 enim
1827 1041 2084 1093 accedere

518 1129 772 1190 audebat,
809 1129 932 1196 quia
968 1129 1133 1183 multa
1168 1130 1232 1182 ab
1273 1145 1338 1183 eo
1375 1131 1532 1200 digna
1577 1130 1687 1184 Deo
1723 1131 1858 1184 facta
1888 1134 2082 1185 obser-

515 1237 757 1279 mverat.
797 1227 1038 1292 Namque
1073 1233 1128 1278 et
1173 1225 1345 1294 angeli
1379 1238 1442 1277 co
1474 1232 1600 1277 nato
1635 1223 2083 1292 tripueliavcraut,

517 1328 572 1374 et
604 1329 851 1373 exortum
878 1319 1027 1373 sidus
1055 1333 1242 1386 magos
1270 1318 1569 1371 deduxerat
1593 1316 1660 1370 ad
1686 1315 2082 1380 adorationem,

518 1425 710 1478 nempe
747 1411 988 1479 ejusdem
1028 1409 1236 1464 ordinis
1265 1409 1667 1477 antesignanos,
1697 1416 1750 1461 et
1794 1407 1969 1474 Ipsum
2006 1405 2085 1457 vi—

517 1501 670 1556 derat
695 1500 806 1567 jam
839 1501 962 1555 inde
995 1515 1024 1554 a
1058 1500 1286 1569 pueritia
1329 1499 1477 1552 omni
1500 1497 1729 1567 justitia:
1755 1497 2019 1560 deditum,
2053 1511 2082 1548 ιι

517 1591 758 1660 nequitia
794 1593 1200 1654 abhorrentem,
1237 1589 1456 1644 malitiae
1489 1604 1740 1655 osorem;
1781 1597 1942 1657 atque
1970 1589 2085 1641 lucc

516 1683 809 1737 secundum
858 1682 1062 1737 editum
1134 1683 1199 1740 de
1249 1697 1314 1738 eo
1367 1699 1395 1736 a
1439 1684 1700 1753 propheta
1744 1680 2082 1746 vaticinium,

514 1773 768 1843 quoniam
811 1793 828 1824 ι
860 1773 1176 1843 Priusquam
1229 1784 1519 1844 cognoscat
1577 1775 1690 1843 ipse
1745 1773 1941 1826 bonum
1999 1772 2083 1822 vel

2189 581 2262 650 μὴ
2291 581 2434 650 φύγῃ
2469 582 2568 650 τὴν
2601 580 2738 649 πρὸς
2765 580 2927 633 αὐτὸν
2951 582 2979 632 6
3004 579 3296 641 ἀντίπαλος
3331 577 3536 650 μάχην,
3571 579 3660 631 ἶνα
3695 581 3774 651 μὴ

2184 672 2452 741 γνωρίσας
2484 672 2574 724 τὸν
2612 671 3006 743 κρυπτόμενον,
3031 671 3179 742 φύγῃ
3204 671 3303 740 τὴν
3331 670 3468 740 πρὸς
3494 670 3556 722 τὸ
3586 671 3774 739 φαινόο

2188 782 2345 833 μενον
2387 764 2584 833 πάλην.
2617 763 2822 816 Τούτου
2858 761 3016 833 χάριν
3056 761 3194 832 μετὰ
3224 760 3317 813 τὸν
3359 761 3771 830 προειρημένον

2183 856 2412 926 ἀριθμὸν
2457 855 2564 908 τῶν
2607 853 2852 924 ἡμερῶν,
2895 853 2994 922 τῆς
3040 852 3388 922 ἀνθρωπείας
3435 853 3654 919 φύσεως
3711 853 3774 904 τὸ

2187 948 2356 1011 πάθος
2405 946 2718 1016 ὑποφαίνει,
2769 947 2863 999 καί
2915 947 3190 1014 συγχωρεῖ
3243 946 3313 1014 τῇ
3360 944 3518 1013 πείνῃ
3575 943 3766 1015 χώραν

2183 1039 2388 1103 λαϐεῖν,
2421 1039 2589 1108 λαϐὴν
2613 1037 2802 1106 ἐκείνῳ
2828 1036 2916 1088 διὰ
2947 1035 3047 1103 τῆς
3086 1035 3278 1105 πείνης
3313 1034 3487 1097 διδούς
3507 1050 3522 1064 ⁸
3559 1035 3620 1087 ού
3659 1035 3771 1105 γάρ

2185 1129 2503 1202 προσελθεῖν
2567 1129 2773 1199 ἐτόλμα
2798 1169 2812 1193 ,
2867 1123 3036 1180 πολλὰ
3087 1126 3216 1198 περὶ
3267 1125 3430 1179 αὐτὸν
3482 1125 3770 1196 θεοπρεπῆ

2185 1220 2442 1286 γινόμενα
2488 1215 2710 1285 θεωρῶν
2731 1234 2744 1247 ·
2775 1215 2868 1269 καὶ
2900 1214 3009 1285 γὰρ
3041 1213 3262 1281 ἄγγελοι
3303 1214 3588 1283 τεχθέντος
3641 1215 3768 1284 ἐχό-

2187 1322 2373 1376 ρειιον,
2435 1300 2720 1368 ἀνατείλας
2776 1304 2951 1376 ἀστὴρ
3013 1303 3223 1374 μάγους
3283 1304 3620 1374 ἐποδήγησεν
3688 1307 3770 1368 είς

2187 1395 2557 1468 προσκύνησιν
2593 1398 2718 1459 τοὺς
2757 1396 2855 1466 τῆς
2883 1395 3055 1464 αὐτῆς
3089 1395 3370 1463 φάλαγγος
3408 1395 3766 1465 κορυφαίους,

2186 1488 2280 1539 καὶ
2313 1486 2474 1539 αὑτὸν
2501 1485 2647 1557 ἐώρα
2676 1487 2855 1539 πᾶσαν
2885 1486 2948 1538 ἐκ
2980 1485 3170 1546 παιδὸς
3206 1486 3450 1555 μετιόντα
3487 1484 3772 1538 δικαιοσύ-

2185 1596 2304 1646 νην,
2337 1577 2752 1648 βδελυττόμενον
2779 1578 2998 1639 κακίαν,
3030 1576 3430 1648 μυσαττόμενον
3461 1575 3766 1645 πονηρίαν·

2187 1669 2278 1722 καὶ
2309 1670 2480 1722 ταῦτα
2510 1668 2654 1742 [cod.
2676 1668 2902 1740 ταύτην]
2935 1669 3074 1722 κατά
3105 1667 3204 1737 τὴν
3234 1669 3314 1730 εἰς
3341 1665 3502 1720 αὐτὸν
3527 1682 3769 1734 γεγενη-

2191 1758 2356 1828 μένην
2402 1759 2705 1831 πρόρρησιν
2753 1757 2860 1811 ὑπὸ
2905 1757 2998 1812 τοῦ
3047 1758 3345 1828 προφήτου,
3381 1755 3464 1807 ὅτι
3504 1773 3521 1807 ι
3550 1755 3691 1826 Πρὶν
3736 1755 3768 1823 ἦ

3803 805 3817 841 ι

516 1863 738 1928 malum,
771 1881 875 1917 non
911 1865 1094 1918 credet
1135 1865 1373 1927 malitiae,
1411 1873 1467 1917 ut
1508 1865 1667 1932 eligat,
1693 1863 1833 1932 quod
1882 1863 2080 1916 bonum

2188 1847 2391 1916 γνῶναι
2422 1850 2581 1902 αὐτὸν
2609 1849 2812 1917 ἀγαθὸν
2844 1848 2876 1918 ἢ
2912 1848 3101 1910 κακὸν,
3146 1846 3364 1900 ἀπειθεῖ
3401 1846 3638 1917 πονηρίᾳ
3670 1846 3769 1897 τοῦ

517 1956 664 2009 est"
697 1956 796 2026 (-I).
833 1975 850 2007 ι
921 1955 1204 2010 Clamabat
1249 1971 1464 2025 quoque
1525 1955 1762 2009 Joannes
1819 1971 1833 2010 :
1884 1973 1902 2005 ι
1951 1955 2086 2007 Ecce

521 2061 689 2114 agnus
735 2045 852 2111 Dei,
898 2047 988 2117 qui
1045 2046 1182 2101 tollit
1229 2057 1507 2116 peccatum
1557 2047 1741 2100 mundi
1767 2049 1832 2100 ι’.
1863 2065 1881 2096 ι
1923 2045 2086 2099 Pater

519 2136 748 2203 desuper
782 2137 1080 2189 testabatur
1109 2154 1122 2191 :
1163 2156 1180 2188 ι
1215 2135 1312 2190 Hic
1341 2146 1421 2189 est
1455 2137 1622 2190 Filius
1647 2151 1797 2190 meus
1829 2137 2084 2199 dilectus,

519 2227 572 2280 in
612 2243 716 2295 quo
753 2227 882 2279 mihi
927 2228 1227 2297 cnmplacni
1256 2227 1322 2282 '°.
1357 2247 1374 2278 ι
1415 2228 1598 2282 Gratia
1641 2227 1872 2296 denique
1913 2227 2086 2296 Spiri—

519 2327 605 2371 tus
637 2317 805 2371 sancti
838 2318 1171 2386 supervenit.
1202 2317 1326 2371 Hzec
1359 2327 1413 2372 et
1451 2317 1716 2386 ejusmodi
1762 2319 1864 2372 alia
1903 2319 2082 2371 diabo-

519 2407 628 2460 lum
674 2407 1093 2471 terrefacientia,
1142 2423 1246 2462 non
1296 2409 1546 2464 sinebant
1590 2410 1849 2464 accedere
1879 2410 1943 2462 ad
1989 2425 2084 2463 no-

519 2505 645 2550 strae
684 2505 889 2551 natura:
935 2498 1214 2551 athletam.
1252 2497 1356 2552 Sed
1397 2507 1679 2567 postquam
1725 2499 1773 2552 is
1808 2498 1964 2552 famis
1991 2513 2083 2551 ac-

517 2601 730 2640 cessum
761 2586 1003 2653 admisit,
1041 2589 1324 2657 ipsumque
1355 2588 1490 2643 vidit
1517 2589 1735 2656 humani
1769 2587 2084 2642 nutrimenti

520 2677 782 2746 llltligllln,
820 2694 992 2748 neque
1031 2681 1167 2733 ultra
1199 2680 1544 2748 antiquorum
1577 2679 1854 2734 hominum
1901 2689 2088 2734 termi-

522 2782 648 2819 num
682 2767 881 2821 durare
905 2767 1197 2832 valentem,
1233 2778 1358 2822 tunc
1393 2768 1645 2831 accessit,
1679 2784 1863 2824 ansam
1897 2770 2088 2824 existi-

522 2873 677 2912 mans
727 2873 785 2913 se
833 2859 1044 2927 cepisse
1097 2860 1422 2925 maximam,
1477 2860 1800 2933 facilemque
1860 2861 2087 2918 credens

518 2947 802 3000 victoriam
846 2947 1166 3002 relaturum.

586 3058 823 3129 820m.
870 3057 1005 3114 XIV.
1050 3057 1322 3124 Quomodo
1380 3061 1650 3115 diabolum
1682 3062 2013 3117 debellavm't

1033 3129 1269 3184 Christus
1309 3129 1581 3186 Dominus.

2185 1939 2504 2004 ἐκλέξασθαι
2534 1941 2594 1992 τὸ
2625 1939 2829 2007 ἀγαθόν
2851 1958 2864 1971 ο
2888 1957 2906 1988 ι
2942 1938 3072 1992 ἐϐόα
3086 1938 3142 1990 δὲ
3172 1937 3266 1990 καὶ
3297 1938 3554 2006 Ἰωάννης
3573 1955 3585 1966 ·
3614 1955 3632 1986 ι
3661 1935 3768 1986 Ἴδε

2182 2033 2212 2084 6
2237 2031 2404 2101 ἀμνὸς
2427 2031 2521 2084 τοῦ
2542 2031 2700 2098 Θεοῦ,
2722 2032 2750 2083 6
2773 2031 2946 2102 αἴρων
2961 2030 3059 2100 τὴν
3074 2029 3349 2100 ἁμαρτίαν
3373 2028 3465 2080 τοῦ
3490 2027 3715 2096 κόσμου.
3744 2047 3761 2075 ι

2185 2123 2373 2192 Πατὴρ
2428 2123 2630 2176 ἄνωθεν
2675 2123 3054 2193 ἐμαρτύρησεν
3081 2137 3094 2150 ·
3132 2139 3150 2171 ι
3192 2115 3360 2180 Οὗτός
3396 2119 3540 2171 ἐστιν
3575 2120 3603 2170 6
3639 2117 3766 2178 Υἱός

2189 2214 2332 2282 μουὸ
2361 2213 2664 2282 ἀγαπητὸς,
2693 2215 2748 2265 ἐν
2855 2211 3149 2282 ηὑδόκησα.
3175 2230 3193 2262 ι
3227 2201 3333 2262 Τοῦ
3377 2207 3689 2277 Πνεύματος
3733 2209 3764 2272 ἡ

2185 2303 2345 2374 χάρις
2373 2305 2644 2375 ἐφοίτησε.
2674 2305 2858 2358 Ταῦτα
2888 2305 2980 2357 καὶ
3009 2307 3108 2357 ὅσα
3141 2301 3369 2356 τοιαῦτα
3404 2301 3494 2354 τὸν
3519 2300 3766 2355 διάϐολον

2185 2395 2632 2465 καταπλήττοντα
2667 2395 2980 2466 προσελθεῖν
3010 2395 3109 2447 οὐκ
3140 2395 3225 2454 εἶα
3253 2393 3332 2462 τῷ
3361 2397 3459 2463 τῆς
3487 2391 3764 2461 ἡμετέρας

2185 2482 2401 2552 φύσεως
2446 2485 2651 2555 ἀθλητῇ
2677 2499 2692 2515 ⁸
2725 2485 2801 2548 ὡς
2839 2484 2894 2536 δὲ
2933 2484 3030 2553 τῆς
3077 2484 3270 2553 πείνης
3313 2483 3413 2552 τὴν
3458 2482 3765 2553 προσϐολὴν

2185 2575 2500 2641 ὑπεδέξατο,
2533 2577 2628 2628 καὶ
2670 2577 2874 2648 τροφῆς
2905 2575 3068 2631 αὑτὸν
3101 2571 3242 2627 εἶδεν
3275 2573 3621 2644 ἀνθρωπίνης
3652 2575 3766 2626 δεό·

2189 2683 2369 2737 μενον,
2417 2667 2512 2720 καὶ
2561 2671 2849 2739 καρτερεῖν
2883 2667 3194 2737 περαιτέρω
3234 2666 3342 2719 τῶν
3384 2666 3627 2719 παλαιῶν
3665 2667 3763 2718 ἀν-

2185 2757 2326 2827 δρῶν
2349 2758 2410 2810 οὺ
2439 2757 2752 2828 δυνάμενον,
2788 2757 3171 2828 προσέρχεται,
3201 2755 3371 2826 λαϐὴν
3399 2757 3640 2826 οἰόμενος
3668 2756 3764 2808 εύ-

2191 2849 2416 2920 ρηκέναι
2449 2850 2734 2920 μεγίστην,
2765 2849 2857 2902 καὶ
2889 2850 3132 2921 νικήσειν
3166 2847 3365 2919 ῥᾳδίως
3394 2849 3686 2903 πιστεύων.

2261 3075 2358 3127 1Δ’.
2405 3073 2524 3127 Τίνι
2556 3074 2750 3141 τρόπῳ
2782 3073 3230 3140 κατηγωνίσατο
3268 3075 3377 3128 τὸν
3412 3073 3696 3144 διάιῆλογ

2633 3145 2666 3196 o'
2704 3145 3011 3208 Δεσπότης
3049 3145 3322 3211 Χριστός.
3503 3171 3512 3178 ι

585 3248 664 3303 Ac
695 3247 1143 3318 quemadmodum
1181 3249 1234 3303 in
1289 3249 1494 3319 prmliis
1525 3265 1645 3304 cum
1681 3252 1803 3319 quis
1839 3252 1950 3305 vult
1981 3252 2082 3306 ali-

2258 3253 2368 3308 Καὶ
2415 3252 2666 3324 καθάπερ
2699 3254 2755 3305 ἐν
2787 3256 2899 3316 τοῖς
2929 3253 3187 3324 πολέμοις
3211 3255 3303 3308 τὸν
3337 3256 3672 3326 πανταχόθεν
3701 3261 3770 3327 τῇ

517 3356 678 3411 quem
706 3341 1112 3410 cataphractum
1149 3340 1255 3396 telo
1282 3351 1554 3411 appetere,
1581 3351 1750 3396 totum
1775 3343 1949 3398 oculis
1976 3345 2084 3399 cir-

515 3441 846 3499 cumtuetur,
872 3433 1082 3486 eminus
1105 3433 1419 3498 observans,
1451 3435 1647 3488 nudum
1671 3434 1888 3503 aliquod
1919 3450 2084 3490 mem-

517 3521 672 3574 brum
705 3522 1012 3590 explorans,
1046 3532 1102 3576 ut
1128 3522 1252 3576 illuc
1283 3523 1534 3602 sagittam
1570 3525 1807 3590 dirigens
1835 3525 2085 3579 adversa-

517 3613 656 3666 rium
688 3613 967 3678 vulneret;
998 3614 1076 3668 sic
1103 3614 1349 3668 diabolus
1381 3616 1525 3668 omni
1571 3614 1780 3682 justitia
1807 3615 2084 3671 Christum

516 3703 706 3758 videns
754 3712 1059 3766 armatum,
1114 3703 1385 3771 situmque
1422 3705 1674 3772 idoneum
1717 3717 1966 3761 scrutans
2018 3713 2084 3762 ad

515 3807 675 3862 quem
715 3793 876 3848 telum
909 3793 1184 3864 dirigeret,
1216 3805 1274 3847 ut
1305 3803 1670 3864 emergentem
1698 3796 1832 3850 vidit
1865 3794 2084 3865 famem,

515 3885 773 3940 audacter
798 3886 1007 3940 accedit
1031 3901 1144 3950 ceu,
1166 3902 1224 3942 re
1249 3887 1473 3956 quaesita
1516 3886 1740 3956 potitus,
1763 3889 1886 3956 quia
1917 3889 2086 3957 ipsam

518 3979 881 4048 pragenitoris
913 3979 1218 4048 passionem
1254 3981 1306 4035 in
1343 3995 1410 4036 eo
1445 3981 1895 4050 deprehenderat.
1927 3983 2090 4039 Nam-

515 4082 622 4136 que
662 4077 719 4122 et
751 4069 900 4122 illum
949 4084 1074 4125 esca
1103 4069 1281 4125 oblata
1326 4069 1471 4126 felici
1502 4072 1609 4125 vita
1652 4073 1995 4141 spoliaverat,
2035 4083 2090 4128 et

515 4159 721 4224 sudori,
754 4175 1026 4225 aerumnae,
1057 4176 1120 4215 ac
1153 4161 1311 4216 morti
1339 4161 1699 4232 implicuerat.
1736 4163 1878 4234 Ergo
1907 4165 1979 4220 ita
2007 4166 2086 4220 di-

515 4267 644 4306 cens
672 4252 916 4307 accedit:
951 4270 970 4305 ι
1007 4251 1064 4307 Si
1095 4251 1263 4308 Filius
1305 4253 1396 4308 Dei
1430 4269 1511 4318 es,
1539 4254 1629 4308 die
1669 4265 1726 4308 ιιι
1766 4255 1973 4323 lapides
2001 4257 2085 4312 isti

515 4358 682 4410 panes
712 4343 844 4394 ﬁant
878 4343 944 4394 ³¹.
981 4360 1001 4394 ι
1046 4341 1206 4397 Certe
1248 4344 1300 4397 id
1348 4358 1452 4397 non
1505 4344 1748 4410 fecisset,
1787 4347 1886 4400 nisi
1932 4346 2088 4402 famis

516 4433 820 4504 passionem
864 4433 1120 4488 Servator
1163 4434 1488 4489 admisisset.
1538 4435 1708 4501 Quam
1755 4451 1866 4490 rem
1910 4452 1976 4492 ex
2022 4439 2087 4494 iis

2187 3343 2458 3413 πανοπλίᾳ
2504 3342 2917 3413 κεκαλυμμένον
2965 3343 3362 3410 κατατοξεῦσαί
3411 3362 3496 3408 τις
3539 3344 3771 3409 ἐθέλων,

2184 3435 2304 3488 ὅλον
2337 3438 2449 3498 τοῖς
2479 3434 2776 3505 ὀφθαλμοῖς
2801 3435 3170 3506 περισκοπῶν,
3196 3437 3476 3508 πόρρωθεν
3503 3438 3770 3507 ἐρευνῶν,

2190 3527 2348 3596 μέλος
2375 3527 2794 3597 γεγυμνωμένον
2821 3527 3114 3597 ἐπιζητῶν,
3153 3527 3238 3579 ἵνα
3271 3526 3331 3580 τὸ
3363 3527 3516 3598 βέλος
3544 3530 3660 3580 ἐκεῖ
3686 3531 3774 3598 ῥίς

2184 3619 2291 3687 ψας
2342 3619 2430 3670 τὸν
2472 3617 2764 3672 ἀντίπαλον
2811 3616 3007 3690 πλήξῃ,
3038 3616 3212 3680 οὕτως
3254 3620 3282 3670 ὁ
3319 3618 3564 3681 διάϐολος
3617 3620 3773 3690 πάσῃ

2185 3708 2498 3781 δικαιοσύνῃ
2547 3710 2638 3761 τὸν
2680 3708 2916 3778 Χριστὸν
2960 3709 3408 3779 καθωπλισμένον
3446 3710 3588 3779 ὀρῶν
3613 3750 3628 3772 .
3675 3713 3776 3764 καὶ

2185 3798 2351 3852 τόπον
2382 3797 2559 3867 ζητῶν
2591 3799 2871 3868 ἁρμόδιον,
2909 3799 2996 3852 ἵνα
3032 3800 3092 3853 τὸ
3128 3799 3281 3871 βέλος
3328 3802 3448 3854 ἐκεῖ
3484 3802 3773 3874 άκοντίσῃ,

2187 3888 2263 3951 ὼς
2287 3884 2396 3942 εἶδε
2420 3889 2518 3960 τὴν
2542 3890 2732 3944 πείναν
2760 3891 3144 3959 ἀναφανεῖσαν,
3171 3891 3534 3963 προσέρχεται
3566 3892 3775 3964 θάρσει-

2187 3980 2328 4044 λέως
2371 3981 2446 4043 ὡς
2496 3981 2670 4052 εὑρὼν
2698 3981 2759 4034 τὸ
2789 3981 3143 4053 ζητούμενον,
3178 3985 3255 4048 ὡς
3292 3984 3388 4038 τοῦ
3427 3985 3774 4056 προπάτορος

2189 4072 2248 4125 ἐν
2294 4071 2442 4142 αύτῷ
2491 4072 2774 4144 θεωρήσας
2820 4074 2878 4127 τὸ
2919 4074 3110 4138 πάθος.
3151 4077 3261 4129 Καὶ
3295 4075 3406 4146 γάρ
3444 4079 3645 4129 ἐκεῖνον
3679 4077 3778 4129 διὰ

2191 4161 2446 4233 βρώσεως
2497 4167 2768 4233 στερήσας
2809 4163 2911 4234 τῆς
2959 4165 3164 4218 ἀλύπου
3211 4165 3390 4237 ζωῆς,
3439 4166 3624 4238 ἱδρῶτι
3675 4170 3774 4218 καὶ

2189 4254 2532 4326 ταλαιπωρίᾳ
2601 4255 2696 4308 καὶ
2745 4254 2963 4325 θανάτῳ
3024 4255 3343 4320 συνέζευξε·
3409 4256 3772 4326 προσέρχεται

2188 4345 2366 4398 τοίνυν
2390 4345 2597 4413 λέγων·
2637 4365 2655 4396 ι
2685 4347 2749 4398 Εἰ
2781 4345 2910 4408 Υἱὸς
2943 4341 2996 4398 εἴ
3019 4345 3112 4399 τοῦ
3146 4345 3304 4408 Θεοῦ,
3340 4347 3462 4400 είπὲ
3495 4349 3581 4401 ἵνα
3607 4351 3659 4400 οἱ
3692 4350 3771 4401 λίο

2189 4436 2272 4490 θοι
2304 4432 2448 4490 οὗτοι
2475 4438 2626 4508 ἄρτοι
2653 4437 2936 4505 γένωνται.
2973 4457 2992 4489 ι
3025 4439 3140 4492 Οὐκ
3165 4439 3229 4492 ἂν
3256 4439 3313 4491 δὲ
3342 4439 3502 4492 τοῦτο
3533 4444 3772 4511 πεποίη-

515 4542 635 4596 quae
669 4535 852 4594 postea
877 4536 1173 4582 evenerunt
1203 4527 1429 4596 quilibet
1458 4529 1741 4585 manifeste
1771 4541 2081 4599 cognoscet.

2190 4543 2303 4588 κεν,
2333 4528 2381 4578 εί
2419 4527 2492 4596 μὴ
2518 4527 2578 4579 τὸ
2599 4526 2769 4589 πάθος
2798 4527 2898 4596 τῆς
2927 4527 3120 4598 πείνης
3146 4529 3175 4579 6
3201 4527 3390 4598 Σωτὴρ
3422 4529 3770 4594 κατεδέξατοο

517 4619 793 4688 Siquidem
817 4620 996 4674 statim
1024 4635 1087 4673 ac
1119 4621 1291 4675 victus
1320 4620 1373 4674 in
1400 4620 1541 4675 lucta
1575 4621 1695 4685 fuit,
1730 4633 2090 4692 expertusque

513 4711 701 4767 didicit
758 4710 903 4766 hunc
940 4726 1062 4766 esse
1103 4727 1259 4780 quem
1307 4713 1583 4782 prophetae
1607 4729 1796 4768 omnes
1822 4715 2085 4782 praedixe-

518 4813 672 4870 rant,
726 4819 792 4858 ne
850 4815 1126 4873 aspectum
1174 4804 1388 4873 quidem
1424 4805 1544 4874 ejus
1591 4806 1895 4862 accedentis
1950 4808 2090 4862 ferre

515 4911 678 4950 ausus
697 4907 802 4960 est,
826 4899 917 4951 sed
960 4897 1105 4952 illico
1127 4896 1355 4964 aufugit,
1399 4912 1542 4952 nunc
1576 4898 1818 4953 clamans
1846 4917 1860 4953 :
1899 4916 1917 4950 ι
1949 4898 2085 4966 Quid

516 4988 672 5042 nobis
693 4996 746 5041 et
785 4989 902 5051 tibi,
936 4987 1034 5042 Fili
1075 4988 1325 5042 Dei?cur
1353 4989 1549 5043 venisti
1588 5001 1713 5044 ante
1745 5001 1952 5058 tempus
1980 5000 2090 5045 tor-

514 5095 681 5148 quere
704 5095 800 5134 nos
819 5078 907 5132 "?
945 5097 963 5131 ι
1001 5095 1146 5136 nunc
1178 5090 1356 5136 autem
1403 5101 1418 5137 :
1453 5081 1616 5136 «Novi
1641 5083 1779 5152 quod
1809 5081 1972 5136 Filius
1998 5083 2088 5136 Dei

515 5173 626 5225 sis:
675 5170 865 5239 adjuro
917 5179 986 5234 te,
1036 5187 1105 5226 ne
1145 5187 1232 5227 me
1275 5181 1529 5241 torqueas
1565 5174 1632 5227 ³³.
1675 5193 1693 5225 ι
1751 5174 1896 5227 Adeo
1943 5174 2088 5226 illum

2187 4621 2280 4672 καὶ
2326 4618 2485 4672 τοῦτο
2532 4619 2693 4688 μάθοι
2726 4617 2818 4682 τις
2841 4621 2905 4672 ἐκ
2937 4620 3046 4673 τῶν
3081 4621 3220 4690 μετά
3249 4620 3419 4674 ταῦτα
3449 4622 3669 4690 σαφῶς·
3700 4623 3777 4686 ὡς

2185 4711 2295 4780 γάρ
2340 4710 2547 4780 ἡττήθη
2592 4709 2877 4772 παλαίσας,
2918 4711 3013 4764 κει)⁸
3057 4711 3146 4763 διὰ
3178 4711 3274 4780 τῆς
3313 4712 3511 4780 πείρας
3546 4711 3774 4782 ἔμαθεν,

2185 4801 2268 4852 ὅτι
2287 4801 2446 4865 αὑτός
2468 4803 2616 4854 ἐστιν
2641 4800 2700 4854 ὃν
2723 4802 2772 4854 οἱ
2797 4801 3071 4872 προφῆται
3098 4803 3484 4872 προεκήρυξαν
3508 4804 3772 4866 ἅπαντες,

2185 4891 2308 4943 οὐδὲ
2354 4891 2454 4961 τὴν
2488 4891 2616 4946 θέαν
2657 4891 2823 4945 αὐτοῦ
2865 4892 3184 4964 προσιόντος
3219 4893 3411 4963 φέρειν
3442 4894 3772 4964 ἐτόλμησεν,

2189 4983 2301 5036 ἀλλ’
2332 4984 2490 5046 εὐθὺς
2531 4969 2948 5054 ἐδραπέτευσεν,
2983 4982 3078 5036 νῦν
3127 4983 3225 5054 μὲν
3267 4983 3428 5053 βοῶν,
3469 5003 3486 5035 ι
3523 4985 3588 5037 Τί
3640 4986 3773 5055 ήμῖν

2192 5078 2284 5130 καὶ
2319 5078 2421 5140 σοὶ,
2449 5078 2543 5130 Υἱὲ
2569 5077 2664 5130 τοῦ
2694 5078 2864 5141 Θεοῦ;
2906 5078 2958 5129 τί
2992 5073 3155 5149 ἦλθες
3184 5077 3291 5146 πρὸ
3317 5076 3514 5148 καιροῦ
3544 5077 3773 5147 βασανίι

2194 5185 2283 5221 σαι
2316 5169 2496 5238 ήμᾶς;
2526 5188 2542 5218 ι
2575 5167 2667 5221 νῦν
2693 5169 2772 5230 δὲ,
2810 5164 2972 5222 «Οἶδά
3007 5185 3066 5221 σε
3095 5167 3178 5232 τίς
3211 5162 3282 5230 εἴ,
3303 5169 3330 5219 6
3352 5167 3480 5230 Υἱὸς
3498 5168 3593 5220 τοῦ
3610 5168 3768 5228 Θεοῦ.

515 5263 758 5325 timebat,
796 5263 1141 5332 iudicemque
1189 5263 1497 5318 fatebatur!
1535 5265 1687 5319 Tunc
1739 5275 1918 5319 autem
1971 5275 2085 5316 ante

2187 5257 2392 5330 ὁρκίζω
2453 5276 2511 5312 σε
2559 5261 2630 5330 μή
2691 5277 2757 5329 με
2808 5260 3124 5332 βασανίσῃς.
3160 5280 3178 5312 ι
3230 5259 3420 5323 Οῦτως
3486 5260 3768 5321 ἐδεδοίκει,

514 5353 925 5422 experientiam,
954 5355 1093 5410 haud
1122 5355 1317 5410 talibus
1344 5355 1522 5409 verbis
1543 5358 1815 5420 utebatur,
1846 5355 1937 5409 sed
1965 5370 2085 5408 con-

2194 5353 2288 5404 καὶ
2319 5352 2510 5422 κριτὴν
2537 5352 2804 5422 ὡμολόγει
2827 5369 2838 5382 ο
2869 5351 2987 5404 τότε
3021 5351 3126 5422 πρὸ
3149 5351 3250 5420 τῆς
3278 5353 3476 5422 πείρας
3506 5351 3570 5403 ού
3598 5351 3773 5403 τοιού-

588 5510 632 5540 ¹⁸
663 5513 767 5566 lsa.
793 5525 885 5578 vn,
928 5509 1016 5564 16.
1079 5509 1122 5540 ’³
1162 5507 1316 5562 Joan.
1352 5526 1388 5574 ι,
1423 5509 1510 5564 29.
1547 5509 1590 5539 ³ο
1625 5507 1810 5562 Matth.
1848 5524 1928 5572 ιιι,
1960 5508 2041 5561 l7.

593 5646 668 5708 (l)
709 5644 782 5695 lla
809 5661 867 5698 se
892 5648 1054 5700 habet
1080 5648 1298 5702 Graecus
1325 5657 1506 5702 textus
1538 5657 1645 5700 ιιιιιι
1677 5651 1728 5700 in
1763 5647 1945 5700 Bibliis
1975 5659 2083 5700 tum

523 5715 658 5777 apud
686 5713 977 5785 Cyrillum;
1005 5729 1165 5782 atque
1197 5718 1266 5769 ita
1300 5721 1435 5785 apud
1465 5717 1800 5770 Sabaterium
1833 5719 2087 5784 interpre-

528 5792 705 5835 tamur
733 5782 830 5835 SS.
859 5784 1171 5838 Ambrosius
1197 5782 1355 5854 atque
1383 5787 1721 5853 Fulgentius;
1750 5802 1918 5855 neque
1945 5782 2087 5841 ablu-

2125 5507 2165 5538 ³¹
2201 5506 2385 5560 Matth.
2423 5522 2495 5567 ιν,
2529 5507 2581 5563 5.
2659 5506 2701 5536 ³³
2741 5506 2926 5559 Matth.
2961 5521 3078 5571 vm,
3106 5505 3194 5587 ἓξ.
3272 5505 3316 5537 ³³
3351 5505 3486 5561 Luc.
3510 5523 3630 5571 vm,
3667 5507 3761 5560 28.

2197 5648 2273 5699 dit
2311 5645 2560 5707 lrcnants,
2601 5647 2688 5714 qui
2733 5655 2906 5698 tamen
2945 5662 3040 5712 pro
3079 5663 3179 5699 non
3215 5646 3405 5707 credet,
3438 5646 3626 5698 scribit
3669 5660 3768 5697 non

2198 5720 2495 5768 consentiet
2537 5714 2795 5783 Vulgalus
2843 5724 3021 5765 autem
3075 5715 3338 5785 interpres
3390 5715 3596 5777 tlicht-t,
3643 5716 3765 5782 quia

2199 5785 2518 5842 llebraicum
2552 5797 2753 5841 textum
2788 5796 3042 5840 sei-tatur.
