4082 6258
370 318 486 375 Mil

1501 303 1586 356 DE
1627 301 2136 358 INCAllLVA'l'lUl‘tE
2175 299 2429 356 DOMINI.

3464 302 3604 362 1H9-

367 446 468 493 τοις
486 427 744 498 ἐκέχρητο
773 425 1031 494 ῥήμασιν,
1061 423 1196 476 ἀλλά
1221 421 1436 493 θαρρῶν
1469 419 1696 491 προσῄει
1721 419 1912 485 λέγων·

2045 415 2248 471 identer
2280 416 2566 471 accedebat
2597 416 2780 471 dicens
2816 431 2830 468 :
2874 433 2892 466 ι
2926 416 3017 470 Dic
3049 425 3104 472 ut
3137 417 3340 486 lapides
3373 418 3462 474 isti
3502 433 3598 486 pa-

375 543 391 574 ι
423 519 544 573 Εἰπὲ
573 517 660 568 ἵνα
687 515 736 567 oi
768 513 908 568 λίθοι
934 507 1078 566 οὗτοι
1113 507 1265 584 ἄρτοι
1298 511 1580 580 γένωνται.
1615 530 1634 562 ι
1673 509 1784 577 Τῆς
1823 508 1922 578 μὲν

365 609 464 680 γάρ
494 606 692 663 ἄνωθεν
726 603 988 674 ἐλθούσης
1021 603 1202 672 φωνῆς
1231 605 1457 672 ἥκουσα,
1489 599 1644 670 φησὶ,
1677 599 1832 652 τοῦτό
1863 615 1921 650 σε

351 699 677 766 .κοιλεσάσης,
713 695 926 749 ἀπιστῶ
957 695 1012 746 δὲ
1044 693 1148 755 ἕως
1181 694 1247 746 ἂν
1290 691 1438 745 λάϐω
1469 691 1567 761 τὴν
1608 691 1800 758 πεῖραν
1845 688 1923 740 δι-

368 787 639 842 δάσκαλον.
674 786 867 838 Πεῖσόν
910 801 977 855 με
1019 784 1108 838 διὰ
1135 784 1243 836 τῶν
1271 783 1630 854 πραγμάτων,
1667 781 1742 843 ὼς
1775 779 1802 830 ὃ
1828 777 1924 831 κέ-

365 877 568 951 κλησαι,
603 877 816 946 ἀληθῶς
841 877 1230 948 ὑπάρχεις.“Αν
1259 875 1367 946 γάρ
1393 874 1552 926 τοῦτο
1581 871 1756 944 μάθω,
1787 869 1920 939 φεύ-

365 971 534 1040 ξομαι,
566 967 661 1021 καὶ
687 966 1061 1037 δραπετεύσω,
1091 967 1186 1019 καὶ
1211 966 1308 1035 τὴν
1342 963 1477 1035 πρὸς
1507 963 1566 1016 σὲ
1591 961 1926 1032 παραιτήσο-

366 1075 457 1128 μαι
485 1056 660 1126 πάλην
681 1072 696 1086 ο
729 1050 844 1107 οῖδα
869 1055 979 1124 γάρ
1000 1055 1124 1107 ὅσον
1154 1051 1288 1123 ὲμοῦ
1315 1057 1408 1106 καὶ
1440 1050 1532 1104 σοῦ
1562 1050 1624 1104 τὸ
1649 1049 1922 1120 διάφορον.

364 1145 531 1210 Δεῖξον
551 1143 732 1196 τοίνυν
756 1140 816 1195 τὺ
838 1139 1022 1214 θαῦμα
1051 1143 1146 1195 καὶ
1166 1143 1261 1212 τὴν
1287 1142 1386 1196 θαυ
1397 1140 1754 1211 ματουργίαν,
1784 1139 1927 1192 δίδα-

363 1238 446 1303 ξον
488 1236 578 1289 τὸν
613 1233 708 1289 τοῦ
743 1233 1017 1305 θαύματος
1047 1237 1306 1306 ποιητήν·
1348 1253 1366 1286 ι
1403 1233 1534 1286 Εἰπὲ
1569 1233 1656 1286 ἵνα
1698 1233 1748 1284 oi
1791 1231 1928 1286 λίθοι

363 1323 494 1382 οῦτοι
531 1327 688 1398 ἄρτοι
726 1325 1009 1394 γένωνται.
1041 1345 1060 1378 ι

429 1417 642 1469 Τούτων
685 1415 922 1478 ἀκούσας
951 1412 1185 1486 κρύπτει
1225 1411 1322 1484 μὲν
1359 1411 1458 1484 τὴν
1500 1409 1750 1482 θεότητα,
1781 1411 1844 1463 ὲκ
1872 1409 1930 1463 δὲ

360 1511 452 1580 τῆς
481 1508 824 1579 ἀνθρωπείας
865 1507 1167 1574 διαλέγεται
1203 1505 1416 1575 φύσεως
1436 1522 1450 1536 ·
1483 1523 1502 1555 ι
1530 1503 1644 1558 Οὐκ
1674 1503 1758 1555 ἐπ’
1782 1503 1930 1574 ἄρτῳ

365 1600 523 1670 μόνῳ,
555 1597 750 1664 λέγων,
783 1596 1016 1666 ζήσηται
1051 1593 1357 1665 ἄνθρωπος,
1395 1590 1512 1644 ἀλλ’
1541 1593 1600 1644 έν
1634 1589 1798 1642 παντὶ
1833 1589 1931 1659 M-

364 1707 490 1761 ματι
531 1687 620 1742 διά
663 1689 928 1764 στόματος
956 1683 1374 1756 ἐκπορευομένῳ
1400 1681 1558 1737 Θεοῦ.
1597 1700 1616 1733 ι
1650 1680 1920 1751 Δύναμαι,

2024 523 2119 562 nes
2167 509 2315 562 ﬁant.
2351 527 2368 558 ι
2401 507 2534 560 Nam
2575 523 2886 578 supernam,
2936 509 3130 576 inquit,
3163 523 3348 562 vocem
3401 509 3598 572 audivi,

2023 596 2218 652 Filium
2259 609 2311 653 te
2357 601 2718 665 vocitantem;
2756 601 2943 670 ignoro
2973 609 3176 666 autem,
3214 601 3386 654 donec
3433 616 3599 670 espe-

2025 688 2274 742 rientiam
2309 689 2619 757 magistram
2653 701 2844 746 nactus
2877 689 3050 744 fuero.
3095 690 3276 745 Factis
3314 691 3444 744 mihi
3477 705 3603 758 per-

2024 780 2210 844 suade,
2245 781 2336 848 qui
2381 781 2692 850 appellaris,
2726 796 2846 834 eum
2879 790 2930 834 te
2961 796 3082 837 esse
3127 797 3336 838 revera.
3383 780 3514 834 Nam
3559 785 3602 834 si

2025 871 2126 926 hoc
2156 872 2417 936 didicero,
2451 873 2669 940 fugiant,
2703 875 2950 938 evadant,
2979 875 3263 942 quominus
3292 883 3466 928 tecum
3495 873 3604 926 col-
3649 871 3682 940 ‘_-

2026 961 2202 1014 lucter
2227 962 2576 1030 deprecabor.
2613 961 2826 1016 Etenim
2868 973 3126 1032 quantum
3167 964 3308 1018 inter
3341 979 3436 1017 nos
3470 966 3606 1018 duos

2027 1052 2259 1117 intersit,
2299 1054 2430 1108 scio.
2471 1054 2786 1108 DemOustra
2823 1069 2951 1124 ergo
2991 1056 3312 1126 prodigium,
3347 1068 3606 1126 tuamque

2027 1141 2283 1194 miracula
2315 1143 2559 1210 patrandi
2591 1141 2918 1206 eﬂicaciam;
2955 1143 3089 1198 doce
3122 1157 3206 1198 me
3237 1145 3466 1214 prodigii
3502 1161 3604 1197 au-

2027 1240 2261 1284 ctorem:
2299 1249 2316 1282 ι
2353 1231 2446 1286 Dic
2481 1241 2536 1286 ut
2563 1233 2764 1302 lapides
2792 1233 2879 1287 isti
2913 1248 3078 1301 panes
3111 1234 3239 1288 ﬁant
3295 1255 3313 1286 ι

2100 1401 2244 1474 Ergo
2281 1405 2362 1460 his
2400 1407 2620 1472 auditis,
2648 1406 2786 1462 celat
2826 1408 3081 1464 deitatem
3118 1409 3385 1476 Christus,
3415 1411 3604 1466 huma-

2035 1509 2224 1565 nmque
2244 1506 2448 1552 natura:
2465 1514 2612 1554 more
2635 1499 2870 1568 laquitur
2900 1518 2914 1555 :
2943 1500 3186 1572 821m.
3210 1522 3228 1554 ι
3251 1503 3364 1558 Νοη
3392 1519 3455 1558 ex
3487 1506 3604 1559 solo

2030 1600 2166 1654 pane
2193 1587 2324 1642 vivit
2368 1590 2545 1656 homo,
2589 1595 2682 1647 sed
2725 1609 2791 1648 ex
2819 1596 2966 1654 omni
3003 1597 3164 1649 verbo
3187 1599 3330 1665 quod
3359 1599 3610 1663 procedit.

2032 1678 2098 1731 de
2124 1693 2218 1734 ore
2243 1677 2338 1734 Dei
2364 1681 2428 1734 “.
2461 1699 2481 1734 ι
2518 1681 2765 1748 Possum,
2811 1684 3004 1754 inquit,
3034 1686 3153 1740 sine
3201 1701 3338 1754 pane
3385 1689 3600 1742 nutriri.

362 1747 542 1851 ξρησὶν,
573 1781 697 1833 ἄνευ
722 1747 887 1850 ἄρτου
908 1747 1314 1847 τραφῆναι..ού
1343 1747 1508 1846 μόνον
1535 1773 1644 1843 γὰρ
1675 1747 1860 1842 ἄρτοις
1892 1772 1925 1840 ἡ

2045 1769 2218 1839 Neque
2251 1773 2395 1827 enim
2436 1775 2662 1844 panibus
2693 1785 2898 1830 tantum
2937 1779 3045 1832 vita
3084 1778 3358 1832 hominum
3393 1791 3606 1834 susten-

361 1869 466 1922 τῶν
511 1867 812 1937 ἀνθρώπων
863 1867 1240 1936 συγκροτεῖται
1287 1863 1423 1934 ζωὴ,
1454 1862 1589 1915 ἀλλά
1618 1863 1770 1934 ῥῆμα
1796 1860 1930 1914 Θεοῦ

362 1959 517 2030 ἀρκεῖ
565 1959 744 2011 πᾶσαν
794 1955 900 2009 τῶν
954 1954 1255 2025 ἀνθρώπων
1283 1953 1570 2025 διαθρέψαι
1597 1953 1696 2022 τὴν
1729 1951 1890 2020 φύσιν
1915 1967 1929 1982 ·

360 2050 532 2112 οὕτως
562 2050 589 2100 ὁ
636 2046 1024 2119 Ἰσραηλιτικδς
1053 2045 1316 2117 διετράφη
1345 2043 1492 2110 λαὸς,
1523 2043 1932 2114 τεσσαράκοντα

357 2145 452 2214 ἐτη
483 2142 752 2210 συλλέγων
776 2140 834 2194 τδ
861 2140 1054 2210 μάννα,
1079 2138 1174 2191 καὶ
1201 2137 1373 2207 θήρας
1394 2135 1681 2190 ἀπολαύων
1707 2135 1935 2206 ὀρνίθων

362 2232 744 2303 πεπεδημένης
775 2229 935 2300 βουλῇ
960 2228 1092 2282 Θεοῦ
1119 2245 1132 2257 ·
1157 2229 1248 2282 καὶ
1273 2227 1456 2290 Ἠλίας
1483 2227 1723 2296 κόρακας
1754 2226 1938 2278 ἑστιά-

361 2337 528 2391 τορας
581 2323 743 2390 ἔσχε·
797 2320 891 2371 καὶ
937 2317 1199 2380 Ἐλισαῑος
1250 2317 1460 2387 ἀγρίοις
1508 2316 1761 2386 λαχάνοις
1811 2317 1939 2379 τοὺς

363 2409 641 2474 θιασώτας
686 2409 936 2480 διέθρεψε
956 2426 969 2438 ·
1023 2408 1115 2460 καὶ
1144 2408 1196 2460 τί
1235 2424 1301 2478 με
1333 2407 1412 2459 δεῖ
1437 2406 1504 2461 τά
1533 2407 1736 2460 παλαιά
1775 2424 1940 2461 κατα-

362 2505 579 2572 λέγειν;
641 2500 894 2570 Ἰωάννης
937 2491 1091 2561 οὗτος
1137 2499 1165 2550 ὁ
1209 2497 1438 2568 ἔναγχος
1488 2499 1544 2551 ἐν
1593 2497 1669 2567 τῷ
1705 2497 1943 2570 Ἰορδάνῃ

367 2594 670 2664 βαπτίζων,
700 2589 879 2645 πᾶσάν
904 2608 963 2643 τε
988 2589 1084 2660 τὴν
1115 2589 1328 2660 ἡλικίαν
1356 2589 1414 2640 ὲν
1451 2591 1516 2659 τῇ
1547 2590 1739 2660 ἐρήμῳ
1763 2590 1943 2643 διατε-

364 2687 554 2748 λέσας,
582 2683 767 2756 ἀκρίσι
791 2681 1066 2752 τρέφεται,
1089 2681 1181 2733 καὶ
1204 2679 1469 2752 μελιττῶν
1491 2680 1698 2750 ἀγρίων
1722 2681 1938 2752 καρπῷ·

361 2778 522 2831 οὐδὲν
547 2776 724 2829 τοίνυν
759 2774 1006 2837 ἀπεικὸς,
1032 2775 1126 2826 καὶ
1151 2775 1184 2843 ἡ
1195 2774 1298 2842 μᾶς
1323 2773 1433 2826 άπὸ
1452 2771 1585 2824 Θεοῦ
1616 2772 1744 2846 ξένῃ
1766 2774 1946 2827 ἑστια-

365 2871 530 2942 θῆναι
570 2869 766 2939 τροφῇ,
803 2870 898 2919 καὶ
935 2865 1100 2935 ἄρτου
1143 2863 1218 2936 μὴ
1254 2864 1532 2935 δεηθῆναι.

436 2961 658 3014 Τούτων
696 2958 932 3020 ἀκούσας
961 2959 988 3010 ὁ
1019 2955 1284 3021 διάϐολος,
1313 2955 1520 3026 ἤλγησε
1555 2959 1653 3029 μὲν
1687 2960 1763 3026 ὡς
1789 2965 1950 3034 ὴττη-

2033 1869 2199 1927 tatur,
2250 1864 2343 1916 sed
2379 1861 2474 1916 Dei
2518 1865 2742 1918 verbum
2778 1863 2972 1918 sullicit
3021 1866 3284 1921 universae
3330 1869 3605 1922 ltotniuum

2033 1952 2236 2006 alenda:
2267 1963 2494 2008 naturae.
2527 1953 2618 2010 Sic
2646 1955 2969 2011 lsraeliticus
3007 1967 3193 2025 pastus
3224 1957 3321 2012 fuit
3360 1960 3610 2029 populus,

1997 2091 1999 2093 ,
2036 2044 2392 2112 quadraginta
2420 2045 2575 2100 annis
2599 2061 2796 2100 manna
2824 2048 3104 2117 colligens,
3134 2058 3188 2102 et
3211 2051 3386 2103 avium
3416 2063 3610 2104 venatu

2037 2136 2222 2192 fruens
2255 2152 2372 2205 quae
2413 2136 2504 2192 Dei
2541 2137 2818 2193 voluntate
2851 2139 3256 2195 irretiebantur.
3303 2140 3431 2196 Item
3467 2141 3614 2196 Elias

2039 2243 2232 2282 corvos
2263 2228 2461 2282 altores
2491 2229 2706 2292 habuit;
2743 2231 2964 2286 Elisazns
3010 2243 3188 2287 autem
3229 2234 3428 2302 agresti
3463 2234 3612 2288 olere

2039 2319 2252 2373 sodales
2300 2335 2426 2373 suos
2475 2320 2720 2375 nutrivit.
2778 2321 2884 2375 Sed
2936 2338 3034 2377 Cur
3087 2335 3266 2378 vetera
3314 2325 3614 2378 enumero?

2040 2407 2293 2474 Joannes,
2336 2411 2426 2480 qui
2459 2427 2630 2481 nuper
2665 2413 2801 2481 apud
2825 2411 3112 2468 Jordanem
3138 2415 3459 2484 baptizabat,
3488 2432 3610 2470 om~

2045 2515 2271 2570 nemque
2301 2511 2512 2556 aztatem
2540 2504 2592 2556 in
2635 2505 2851 2558 deserto
2889 2507 3168 2571 transegit,
3201 2507 3424 2562 locustis
3451 2507 3614 2561 alitur

2043 2601 2094 2646 et
2136 2607 2294 2660 apum
2342 2593 2665 2648 silvestrium
2698 2594 2894 2650 fructu.
2943 2596 3094 2652 llaud
3134 2613 3263 2666 ergo
3303 2598 3616 2652 incredibile

2044 2691 2150 2746 est,
2175 2698 2274 2736 nos
2296 2698 2510 2754 quoque
2552 2684 2768 2741 insolito
2791 2701 2820 2740 a
2855 2687 2962 2742 Deo
2987 2688 3107 2743 cibo
3138 2689 3358 2754 nutriri,
3391 2699 3444 2744 et
3476 2705 3618 2760 pane

2047 2788 2152 2828 non
2181 2775 2436 2844 indigere.

2123 2950 2246 3007 Haec
2273 2953 2498 3008 audiens
2526 2954 2798 3022 diabolus,
2825 2957 3024 3011 victum
3064 2959 3282 3026 quidem
3319 2974 3378 3014 se
3405 2959 3576 3016 doluit
3601 2977 3618 3024 ;

364 3053 503 3114 θεὶς,
532 3051 634 3103 οὐκ
661 3048 1004 3118 ἀπηγόρευσε
1035 3047 1090 3099 δὲ
1121 3045 1220 3117 τὴν
1259 3046 1436 3117 νίκην,
1473 3050 1711 3116 ἀκούσας
1746 3054 1821 3119 ὡς
1866 3058 1941 3112 ἄν.

2058 3044 2153 3100 sed
2183 3054 2362 3099 tamen
2378 3060 2497 3100 eum
2523 3045 2826 3116 intelligens
2852 3047 3121 3104 hominem
3149 3065 3290 3116 esse,
3311 3051 3377 3106 de
3399 3051 3621 3106 victoria

363 3145 590 3214 Θρωπος
641 3141 760 3210 εἴη·
799 3139 878 3192 διὸ
925 3137 1183 3208 δευτέραν
1232 3138 1380 3208 αὑτῷ
1433 3143 1527 3194 καὶ
1572 3146 1761 3217 τρίτην
1794 3145 1951 3217 αὖθις

362 3238 570 3301 πεῖραν
595 3231 878 3302 προσάγει,
899 3231 976 3300 πὴ
1002 3229 1098 3299 μὲν
1119 3229 1310 3297 λέγων,
1339 3250 1356 3281 ι
1375 3231 1438 3285 Ei
1462 3232 1585 3297 Υίδς
1607 3230 1660 3288 εἷ
1675 3239 1768 3292 τοῦ
1792 3240 1948 3308 Θεοῦ,

363 3325 502 3392 βάλε
557 3321 779 3374 σεαυτὸν
814 3319 1020 3374 ἄνωθεν
1053 3322 1232 3374 κάτω·
1263 3340 1282 3373 ι
1333 3321 1408 3393 πὴ
1447 3323 1502 3376 δὲ
1542 3326 1640 3390 τὰς
1675 3328 1953 3398 βασιλείας

357 3420 465 3486 τῆς
515 3414 840 3484 οἰκουμένης
884 3413 1222 3476 ὑποδεικνὺς,
1253 3413 1346 3466 καὶ
1394 3415 1597 3481 ταύτας
1642 3421 1952 3478 ἀντιδώσειν

357 3505 822 3575 ὑπισχνούμενος,
852 3505 900 3556 εί
931 3505 1191 3574 πρότερον
1221 3505 1349 3570 παρ’
1379 3507 1544 3560 αὐτοῦ
1577 3509 1673 3580 τὴν
1708 3517 1950 3582 προσκύ-

354 3613 534 3668 νησιν
569 3594 719 3646 λάϐοι
739 3611 752 3624 ·
791 3595 864 3658 ὼς
895 3592 952 3644 δὲ
995 3593 1154 3644 πάλιν
1187 3593 1348 3644 αὑτὸν
1376 3595 1483 3648 τῶν
1515 3597 1758 3654 παλαιῶν
1796 3605 1948 3674 νομί-

363 3707 496 3761 μων
526 3687 814 3757 ἀνέμνησε,
851 3702 869 3735 ι
899 3685 1231 3754 Γέγραπται,
1263 3685 1456 3755 λέγων,
1476 3689 1680 3761 Κύριον
1703 3693 1792 3748 τὸν
1817 3694 1946 3751 Θεόν

361 3800 466 3835 σου
512 3778 926 3848 προσκυνήσεις,
963 3777 1054 3829 καὶ
1088 3775 1233 3847 αὐτῷ
1266 3777 1409 3850 μόνῳ
1439 3779 1777 3850 λατρεύσεις,
1805 3807 1821 3837 ι
1857 3789 1952 3842 καὶ

361 3868 616 3933 ἐδίδαξεν
659 3869 740 3920 ὅτι
780 3867 878 3918 οὐκ
907 3867 1149 3934 ἀνέξεται
1180 3870 1348 3940 ἑτέρῳ
1379 3872 1486 3924 τινὶ
1521 3873 1579 3924 τὸ
1611 3874 1752 3927 θεῖον
1784 3879 1951 3945 γέρας

362 3963 786 4036 προσενεγκεῖν,
827 3959 918 4013 καὶ
964 3961 1162 4032 ἑτέρων
1192 3961 1246 4012 δὲ
1285 3962 1636 4031 ὑπομέμνησε
1694 3965 1952 4033 ῥημάτων

362 4054 468 4108 τοῦ
491 4051 624 4103 Θεοῦ
649 4049 742 4104 καὶ
763 4049 1102 4116 διδαγμάτων
1127 4047 1547 4113 διαγορευόντων
1573 4048 1648 4119 μὴ
1679 4051 1953 4121 πειράζειν

361 4147 469 4198 τὸν
519 4141 625 4194 τῶν
678 4140 813 4190 ὅλων
860 4136 1010 4196 Θεὸν,
1041 4135 1069 4185 ὁ
1104 4135 1200 4204 μὲν
1235 4135 1462 4205 ἀπέδρα,
1497 4137 1594 4205 τῆς
1641 4139 1810 4210 ἥττης
1855 4142 1953 4211 τὴν

365 4232 644 4303 αἰσχύνην
671 4229 730 4280 οὐ
756 4226 954 4296 φέρων,
979 4225 1069 4278 καὶ
1094 4225 1324 4291 δειλιῶν,
1353 4229 1445 4280 καὶ
1472 4227 1710 4300 τρέμων,
1739 4232 1833 4284 κοιλ¹
1856 4235 1953 4302 τῆς

367 4320 699 4396 τυραννίδος
746 4316 1178 4396 ὲκϐληθήσεσθαι
1222 4320 1558 4387 προσδοκῶν.
1611 4323 1796 4376 Πάντα
1846 4324 1956 4395 γάρ

2059 3150 2164 3189 non
2187 3135 2512 3204 desperavit.
2540 3137 2832 3209 Propterea
2867 3141 3156 3196 secundam
3195 3142 3268 3196 illi
3299 3143 3628 3212 tertiamque

2058 3229 2307 3282 admovet
2346 3231 2724 3297 tentatiouem;
2757 3233 2925 3310 modo
2946 3233 3131 3288 dicens
3159 3252 3172 3288 :
3202 3255 3218 3286 ι
3257 3234 3313 3290 Si
3345 3234 3508 3291 Filius
3529 3237 3624 3291 Dei

2057 3329 2136 3380 es,
2163 3315 2315 3369 mitte
2355 3326 2406 3372 te
2446 3317 2574 3374 hinc
2604 3319 2854 3375 deorsqu
2883 3321 2961 3388 ³³;
2996 3340 3017 3375 υ
3049 3323 3207 3377 modo
3249 3339 3408 3392 regna
3441 3327 3626 3380 mundi

2057 3407 2374 3474 ostendens,
2399 3421 2569 3476 eaque
2594 3425 2652 3464 se
2681 3411 2932 3466 daturum
2960 3414 3298 3482 promittens,
3319 3416 3364 3470 si
3389 3431 3448 3470 se
3477 3417 3630 3484 prius

2059 3497 2360 3553 adorasset.
2387 3497 2492 3554 Sed
2521 3501 2608 3555 ubi
2633 3501 2882 3558 Christus
2909 3502 2984 3556 illi
3017 3504 3193 3573 prisca
3219 3507 3358 3588 dicta
3393 3507 3446 3560 in
3479 3523 3630 3562 men-

2063 3596 2166 3642 tem
2201 3591 2494 3654 revocavit,
2528 3610 2548 3642 ι
2594 3591 2866 3661 Scriptum
2907 3603 3010 3658 est,
3044 3595 3314 3664 inquiens,
3345 3595 3628 3654 Dominum

2061 3677 2229 3736 Deum
2257 3692 2404 3734 tuum
2437 3681 2709 3746 adorabis,
2742 3690 2796 3736 et
2827 3681 2900 3736 illi
2933 3684 3030 3737 soli
3055 3686 3258 3740 servies
3285 3685 3357 3752 ³⁶;
3387 3704 3406 3736 ι
3442 3686 3630 3740 adum-

2060 3774 2300 3842 nuitque,
2347 3789 2618 3841 nunquam
2665 3789 2724 3828 se
2767 3774 3184 3827 commissurum
3229 3785 3286 3826 ut
3326 3778 3498 3832 cuivis
3539 3781 3630 3832 alii

2060 3865 2296 3916 divinum
2329 3863 2648 3928 obsequium
2674 3861 2928 3928 olferret;
2957 3873 3118 3931 atque
3156 3865 3258 3916 alia
3294 3865 3512 3936 insuper
3534 3869 3628 3924 Dei

2059 3953 2216 4006 effata
2245 3968 2320 4016 _ac
2363 3963 2630 4021 praecepta
2675 3956 3138 4018 connuemoravit,
3188 3972 3308 4024 quae
3344 3959 3626 4014 universa-

2062 4045 2162 4099 lem
2195 4045 2360 4098 Deum
2404 4054 2612 4100 tentare
2649 4047 2939 4114 vetabant;
2977 4049 3064 4103 ille
3107 4049 3322 4118 quidem
3367 4049 3626 4122 fugiebat,

2063 4134 2408 4202 ignominiam
2450 4135 2622 4190 cladis
2668 4151 2773 4190 non
2814 4136 3010 4200 ferens,
3039 4137 3234 4190 timens
3267 4146 3628 4206 tremensque,

2063 4235 2118 4280 et
2140 4242 2198 4281 se
2227 4227 2508 4296 tyrannide
2535 4227 2814 4297 depulsum
2855 4228 2918 4282 iri
2950 4239 3290 4298 exspectans.
3335 4227 3468 4282 Nam
3507 4244 3630 4284 cum

2065 4317 2167 4371 tela
2202 4317 2378 4371 omnia
2406 4319 2803 4388 insumpsisset,
2841 4329 3172 4388 cunctasque
3223 4319 3429 4374 fraudis
3461 4319 3632 4374 luctas

369 4412 549 4470 αὑτοῦ
575 4409 812 4470 κενώσας
840 4407 906 4459 τά
937 4406 1082 4476 βέλη,
1109 4407 1202 4460 καὶ⁸
1224 4408 1400 4472 πάσας
1428 4409 1590 4463 αὑτοῦ
1615 4411 1714 4481 τῆς
1739 4414 1941 4484 ἀπάτης

2065 4409 2164 4479 ipsi
2202 4409 2548 4475 admovisset,
2575 4410 3018 4464 invulnerabilem
3052 4411 3422 4480 invictumque
3457 4411 3634 4466 athle-

363 4509 482 4568 τὰς
506 4503 678 4565 πάλας
706 4497 1099 4570 προσενεγκὼν,
1129 4497 1369 4569 ἄτρωτον
1394 4494 1519 4570 εῦρε
1567 4503 1659 4555 καὶ
1687 4503 1953 4574 ἀήττητον

367 4603 476 4653 τὸν
523 4595 782 4664 ἀθλητήν.
809 4591 918 4645 Καὶ
951 4591 1024 4653 ὡς
1063 4589 1142 4659 τῷ
1177 4589 1346 4660 Ἀδάμ
1380 4592 1710 4661 προσελθὼν,
1736 4596 1834 4665 οὐχ
1869 4591 1958 4650 εὗ-

371 4708 480 4763 ρεν
531 4689 588 4740 ὃν
639 4684 1066 4757 προσεδόκησεν·
1105 4681 1323 4749 ἄγγελοι
1352 4682 1408 4735 δὲ
1437 4682 1514 4752 τῷ
1559 4688 1750 4755 νικητῇ
1795 4703 1960 4756 προσ-

375 4784 584 4842 ιόντες,
615 4777 662 4829 οἳ
693 4774 971 4846 πόρρωθεν
1000 4773 1183 4844 ἑώρων
1205 4773 1301 4843 τὴν
1318 4773 1512 4843 πάλην,
1545 4775 1795 4846 καθάπερ
1823 4777 1962 4841 τινὲς

371 4867 616 4940 ἐρασταὶ
653 4865 951 4935 διηκόνουν,
976 4863 1247 4933 ἐχόρευον,
1283 4864 1560 4934 εὐφήμουν
1587 4865 1678 4918 τὸν
1704 4867 1961 4937 ἀθλητὴν,

2057 4512 2164 4554 tam
2190 4515 2309 4556 esse
2345 4501 2615 4570 cognovit.
2656 4501 2866 4556 Etenim
2911 4516 3032 4556 cum
3071 4516 3195 4556 eum
3231 4501 3421 4556 Adami
3465 4503 3634 4557 instar

2055 4591 2247 4646 fuisset
2266 4609 2566 4662 aggressus,
2591 4608 2694 4646 non
2718 4593 2933 4661 qualem
2956 4593 3326 4660 exspectabat,
3351 4595 3630 4662 comperit.

2056 4683 2228 4738 Porro
2273 4685 2447 4752 angeli
2493 4685 2559 4737 ad
2591 4685 2850 4739 victorem
2897 4687 3234 4750 accedentes,
3284 4687 3374 4755 qui
3423 4686 3635 4740 eminus

2062 4784 2219 4828 antea
2265 4773 2462 4829 luctum
2506 4783 2912 4845 spectaverant,
2962 4791 3059 4830 ceu
3096 4777 3310 4845 quidam
3366 4785 3638 4831 amatores

2059 4867 2170 4936 jam
2203 4867 2606 4934 ministrabant,
2643 4869 2897 4922 choream
2943 4868 3191 4936 agebant,
3229 4868 3486 4922 athletam
3524 4886 3640 4920 nta-

372 4958 740 5029 ἐστεφάνουν,
780 4955 1165 5025 ἀνεκήρυττόν,
1205 4953 1420 5024 ἔχαιρον
1455 4956 1546 5007 ἐπὶ
1593 4959 1656 5026 τῇ
1700 4957 1806 5009 τῶν
1832 4960 1941 5026 ὁμο·

2062 4954 2410 5022 gniiicabant.
2445 4959 2798 5022 coronabant,
2827 4959 3208 5026 praedicabant,
3247 4958 3488 5028 822m.
3515 4973 3640 5027 gra—
3697 4997 3705 5008 .

371 5053 589 5108 δούλων
615 5048 916 5119 ἀνθρώπων
956 5045 1257 5116 ἐλευθερίᾳ,
1294 5046 1582 5115 ἐγάννιιντο
1611 5047 1705 5099 τοῦ
1735 5049 1965 5102 ἀντιπά-

371 5147 486 5197 λου
523 5143 622 5212 τὴν
659 5136 827 5197 ἧτταν
864 5137 1120 5209 ὁρῶντες.

2064 5046 2374 5102 tulabantur
2404 5063 2792 5104 conservorum
2836 5050 3114 5104 hominum
3147 5050 3404 5116 libertati,
3446 5051 3640 5105 adver-

2061 5139 2191 5191 sarii
2222 5139 2424 5192 cladem
2451 5150 2760 5209 spectantes
2785 5144 3109 5210 gaudebant.

375 5234 648 5290 ΙΕ’..”οτι
687 5235 739 5285 εί
774 5230 921 5302 rei)»:
946 5232 1056 5302 ούκ
1077 5227 1616 5302 κάν-ἐλαϐενηρὺᾷἐν
1640 5230 1786 5302 πρός
1813 5229 1941 5298 ἡμᾶς

2063 5228 2202 5302 XV.
2224 5230 2346 5282 Nisi
2375 5231 2613 5289 Clarium
2645 5244 2862 5285 mentem
2900 5250 3103 5302 quoque
3133 5233 3517 5302 assumpsisse},
3552 5233 3638 5284 ni-

465 5306 504 5369 ἠ
553 5307 698 5354 κατὰ
744 5301 846 5352 τοῦ
885 5299 1166 5350 διαϐόλου
1201 5298 1360 5364 νίκη.
1394 5297 1552 5350 Κατὰ
1591 5297 1697 5348 τοῦ
1738 5297 1965 5352 Ἀπολι-

463 5373 674 5438 ’ναρίου
714 5370 808 5437 (-l).

465 5463 648 5516 Ταῦτα
682 5461 778 5527 τὴν
818 5456 1184 5524 Ἀπολιναρίου
1229 5455 1438 5524 ἐλέγχει
1474 5458 1879 5526 ματαιολογίαν,
1907 5460 1964 5522 ὃς

468 5577 512 5609 ³⁸
541 5577 724 5630 Matth.
765 5589 833 5658 IV:
864 5573 916 5626 4.
1005 5572 1048 5604 ³⁵
1082 5572 1206 5626 ibid.
1247 5572 1298 5636 5,
1328 5571 1378 5624 6.
1457 5571 1500 5601 ³⁵
1526 5572 1651 5627 ibid.
1681 5573 1731 5639 9,
1761 5575 1844 5628 10.

2131 5301 2203 5351 Itil
2245 5313 2477 5370 nostrum
2505 5302 2775 5356 interesset
2805 5301 3028 5370 victoria
3069 5305 3132 5355 de
3173 5304 3405 5356 diabolo.
3442 5301 3640 5354 Contra

2143 5369 2516 5436 Apollinarem.

2144 5459 2266 5514 llmc
2298 5462 2518 5515 stultum
2565 5464 2890 5532 Apollinaris
2923 5465 3336 5519 deliramentum
3383 5462 3639 5524 refutant.

473 5701 546 5770 (-l)
591 5697 663 5750 De
703 5693 864 5749 variis
905 5692 1232 5761 Apollinaris
1280 5691 1556 5754 erroribus
1611 5693 1826 5749 memini
1884 5709 1968 5751 me
2006 5696 2132 5751 olim
2200 5694 2466 5750 disserere
2498 5692 2692 5763 Script.
2727 5703 2826 5748 ret.
2865 5703 2900 5748 t.
2933 5692 2972 5760 Ι,
3003 5693 3092 5748 ed.
3148 5693 3304 5761 prim.
3337 5707 3390 5762 p.
3427 5693 3550 5759 l85,
3581 5692 3638 5745 in
