4082 6258
397 260 542 316 1455
1567 257 1654 311 DE
1695 254 2009 312 lNCAﬂNA'

2055 249 2210 310 IONE
2253 251 2514 306 DOMI‘NI.
3523 257 3667 316 ηισ

396 381 456 432 οὑ
503 380 800 452 δυνάμενον
840 380 1055 449 νόμους.
1086 379 1195 432 Καὶ
1237 379 1576 450 μαρτυροῦσι
1621 377 1978 450 πατριάρχαι,

2047 374 2276 433 .Tcstes
2324 383 2452 426 sunt
2511 373 2830 441 palriarchm
2884 383 3046 444 alque
3097 373 3391 446 prophetat,
3441 384 3496 427 et
3549 375 3659 430 Deo

398 471 492 526 καὶ
517 471 814 542 προφῆται,
845 470 936 524 καὶ¹
980 469 1086 524 τῶν
1134 470 1398 539 θεοφιλῶν
1428 469 1730 542 ἀνθρώπων
1779 469 1850 522 τὰ
1887 467 1982 521 τά·

2081 466 2372 518 cbarorum
2404 465 2682 518 Imminnm
2715 468 2952 536 agmina,
2991 476 3102 518 tum
3135 475 3260 520 ante
3295 475 3406 520 tum
3435 475 3556 535 post
3587 467 3661 523 le—

400 580 602 633 γματα,
627 561 736 616 τῶν
764 579 822 614 τε
863 563 970 633 πρὸ
996 562 1091 616 τοῦ
1132 563 1318 632 νόμου,
1352 562 1444 616 καὶ⁸
1471 563 1578 615 τῶν
1613 561 1752 632 μετὰ
1779 561 1868 614 τὸν
1897 559 1982 612 νό-

2083 573 2224 625 gem,
2256 566 2364 610 tum
2393 556 2624 622 cmlibes,
2656 567 2766 610 tmn
2787 558 3080 626 coujngati,
3115 567 3224 610 tum
3257 555 3520 625 opulenti,
3548 567 3659 614 tum

403 671 522 723 μον,
553 655 600 706 οἱ
633 655 692 706 ὲν
724 651 946 723 ἀζυγίᾳ,
989 654 1039 704 οί
1081 655 1140 706 ὲν
1173 653 1344 723 ζυγῷ,
1377 655 1428 706 οἱ
1470 655 1528 706 ὲν
1573 653 1808 721 πλούτιε),
1841 653 1892 704 οἱ
1923 654 1980 704 ἐν

2085 649 2292 718 inopes,
2327 649 2420 718 qui
2450 649 2650 704 mentis
2683 663 2844 702 causa
2883 657 3002 703 tuas
3025 650 3320 718 adimplere
3350 650 3494 720 leges
3515 650 3658 706 haud

400 744 638 814 ὰκτησίᾳ
675 742 987 816 πληρῶσαί,
1013 761 1106 796 σου
1141 743 1241 807 τὰς
1277 743 1496 806 ἐντολὰς
1543 745 1616 814 μὴ
1662 741 1980 813 δυνηθέντες

2082 749 2390 810 potuerunt,
2409 741 2768 808 nequidquam
2792 739 2996 810 Spiritu
3019 750 3109 796 tuo
3137 743 3482 796 sanctissimo
3505 743 3661 796 anxi—

399 837 486 891 διὰ
529 835 749 890 τοῦτον·
801 836 896 888 καὶ
945 837 1118 890 ταῦτα
1151 835 1228 906 τῷ
1258 835 1508 906 παναγίῳ
1559 852 1652 888 σου
1701 834 1980 904 Πνεύματι

2084 830 2270 884 liante.
2307 829 2414 886 Sed
2451 845 2546 884 cur
2587 830 2832 898 pluribus
2861 832 3042 886 verbis
3087 847 3224 901 opus
3254 833 3366 886 sit?
3401 832 3492 904 .Tu
3526 833 3660 901 ipse,

403 925 780 997 βοηθούμενοι.
823 926 934 979 Καὶ
959 927 1012 979 τί
1050 927 1131 979 δεῖ
1162 925 1230 980 τὰ
1259 926 1432 980 πολλὰ
1469 926 1684 994 λέγειν;
1713 926 1904 992 Αὐτὸς,
1936 920 1980 978 ὧ

2083 921 2329 992 Domine,
2363 937 2524 976 carne
2553 923 2773 976 indutus
2802 924 3034 990 venisti;
3063 924 3158 978 sed
3192 938 3412 986 carnem
3443 925 3659 992 quidem

401 1017 684 1080 Δέσποτα,
729 1015 788 1068 ἐν
836 1014 1000 1084 σαρκὶ
1043 1013 1456 1084 παραγέγονας,
1507 1012 1600 1066 καὶ
1655 1013 1832 1083 σάρκα
1883 1011 1982 1082 μὲν

2085 1019 2326 1067 nostram
2349 1013 2714 1080 assumpsisti,
2739 1025 2974 1068 mentem
3011 1025 3188 1068 tamen
3217 1025 3276 1068 ut
3298 1016 3513 1068 virtutis
3567 1016 3665 1068 ad-

401 1107 674 1178 ἡμετέραν
706 1105 986 1169 ἀνέλαϐες,
1014 1105 1104 1158 τὸν
1154 1106 1210 1159 δὲ
1258 1106 1380 1164 νοῦν
1429 1105 1505 1168 ὡς
1557 1103 1832 1158 κωλύοντα
1883 1104 1982 1172 τῆς

2083 1103 2282 1173 eptioni
2308 1105 2660 1170 contrariam,
2676 1116 2729 1158 et
2749 1105 2955 1172 peccati
2980 1107 3148 1158 errori
3165 1104 3319 1159 facile
3346 1105 3655 1168 obnoxiam,

403 1199 602 1269 ἀρετῆς
651 1199 746 1270 τὴν
797 1197 1010 1262 κτῆσιν,
1036 1197 1132 1250 καὶ
1174 1197 1271 1267 τῆς
1307 1197 1582 1267 ἁμαρτίας
1625 1195 1722 1266 τὴν
1765 1196 1982 1264 ἀπάτην

2085 1194 2345 1249 recusasti
2371 1208 2474 1250 nec
2493 1210 2708 1249 sumere
2735 1209 2930 1262 passus
2952 1209 3012 1248 es
3037 1208 3052 1250 :
3075 1205 3239 1264 tuque
3265 1193 3508 1266 θρωπε.
3525 1195 3660 1250 adeo

405 1290 614 1366 ῥαδίως
655 1289 1049 1360 ὑποδεχόμενον
1105 1289 1437 1360 ἀπέρριψας,
1470 1289 1565 1342 καὶ
1607 1288 1707 1341 οὐκ
1751 1287 1981 1358 ἠνέσχου

2085 1287 2280 1341 mentis
2309 1287 2428 1342 vice
2451 1287 2510 1340 in
2533 1301 2710 1364 ,εει-ηε
2743 1287 2958 1342 functus
2992 1301 3072 1351 es,
3108 1297 3268 1356 atque
3295 1288 3369 1340 ita
3397 1288 3659 1357 justitiam

403 1382 586 1436 λαϐεῖν
607 1365 621 1415 έ
659 1381 888 1452 γέγονας
913 1382 969 1435 δὲ
997 1381 1118 1435 ἀντὶ
1143 1381 1234 1434 νοῦ
1261 1383 1326 1453 τῇ
1361 1383 1550 1455 σαρκὶ,
1573 1382 1668 1434 καὶ
1693 1380 1770 1451 τῷ
1796 1381 1982 1451 τρόπῳ

2084 1379 2227 1434 felici
2281 1396 2540 1438 successu
2607 1381 2882 1450 peregisti.
2949 1379 3064 1434 llac
3132 1379 3381 1436 videlicet
3453 1378 3667 1434 ratione

401 1471 577 1543 τούτῳ
633 1472 732 1543 τὴν
792 1472 1138 1544 δικαιοσύνην
1203 1472 1594 1542 κατώρθωσας.
1649 1472 1834 1542 Τούτῳ
1905 1471 1984 1542 τῷ

2085 1481 2362 1542 peccatum
2393 1472 2596 1530 vicisti.
2629 1473 2772 1528 Deus
2805 1473 2948 1528 enim
2980 1487 3062 1536 es,
3097 1472 3392 1527 voluntatis
3425 1471 3476 1524 vi
3499 1470 3661 1539 quid-

401 1562 588 1635 τρόπῳ
635 1564 734 1634 τὴν
787 1565 1061 1636 ἁμαρτίαν
1110 1566 1422 1637 νενίκηκας.
1476 1565 1608 1632 Θεὸς
1655 1565 1764 1636 γὰρ
1805 1567 1984 1638 ὑπάρ-

2083 1565 2210 1633 quid
2241 1564 2456 1618 libuerit
2492 1580 2680 1636 agens,
2714 1576 2847 1620 nutu
2881 1576 2974 1620 tuo
3013 1563 3224 1634 negotia
3260 1577 3502 1618 versans.
3551 1559 3667 1616 Nos

402 1671 538 1724 χεις,
575 1653 738 1726 βουλῇ
764 1656 932 1709 ποιῶν
967 1657 1030 1710 τὸ
1057 1657 1269 1723 δοκοῦν,
1299 1657 1528 1728 νεύματι
1561 1657 1982 1728 μετασκευάζων

2086 1669 2213 1729 vero
2242 1663 2422 1709 mente
2465 1655 2702 1710 humana
2739 1655 2970 1725 praediti,
3017 1669 3178 1723 quam
3222 1661 3276 1708 tu
3309 1652 3404 1706 tibi
3445 1664 3663 1706 sumere

403 1745 472 1798 τὰ
494 1746 814 1817 πράγματα.
831 1747 1022 1817 Ἡμεῖς
1043 1747 1098 1800 δὲ
1123 1749 1245 1802 νοῦν
1271 1748 1484 1820 ἔχοντες
1505 1748 1594 1802 τὸν
1620 1748 1977 1820 ἀνθρώπινον,

2051 1742 2056 1783 ι
2087 1746 2328 1812 noluisti,
2355 1749 2661 1804 necessario
2689 1749 2790 1804 sub
2819 1757 3043 1818 peccato
3073 1747 3342 1817 degimus,
3389 1755 3478 1800 tua
3509 1744 3663 1812 sequi

401 1835 460 1888 ὃν
513 1835 801 1912 ἀναλαβεῖν
847 1836 945 1889 οὐκ
996 1836 1306 1906 ἠθέλησας,
1354 1837 1667 1905 ἀναγκαίως
1729 1838 1833 1890 ὑπὸ
1880 1839 1980 1908 τὴν

2088 1839 2312 1907 vestigia
2375 1855 2482 1894 non
2543 1847 2808 1894 valentes.
2877 1839 3014 1904 Quid
3099 1848 3184 1894 est
3229 1837 3374 1892 enim
3425 1836 3663 1892 humana

404 1925 679 1996 ἁμαρτίαν
707 1925 1068 1996 τυγχάνομεν,
1103 1929 1212 1989 τοῖς
1248 1929 1359 1990 σοῖς
1392 1926 1754 1997 ἀκολουθῆσαι
1779 1927 1979 1996 ἴχνεσιν

2089 1945 2244 1985 mens
2277 1945 2386 1998 prie
2421 1931 2514 1986 Dei
2564 1932 2800 1995 viribus,
2837 1931 3128 2001 sapientia,
3171 1930 3392 1994 lumine,
3426 1927 3663 1998 iustitia,

403 2018 503 2070 οὐκ
533 2017 870 2088 ἰσχύσαντες.
907 2017 971 2069 Τί
1000 2018 1108 2089 γὰρ
1135 2017 1259 2081 νοῦς
1288 2018 1626 2091 ἀνθρώπινος
1667 2018 1802 2090 πρὸς
1843 2018 1977 2072 Θεοῦ

2086 2023 2218 2086 vita,
2267 2023 2500 2092 aliisque
2529 2025 2850 2079 substantiae
2879 2033 2984 2078 tuae
3025 2022 3304 2086 eﬂicaciis,
3343 2036 3466 2090 equa-
3500 2018 3664 2074 veluti

403 2109 628 2180 δυνάμιν
662 2111 755 2164 καὶ
784 2109 920 2164 Θεοῦ
957 2110 1168 2178 σοφίαν,
1197 2112 1292 2163 καὶ
1327 2111 1462 2179 φῶς,
1494 2111 1588 2164 καὶ
1612 2109 1976 2179 δικαιοσύνην,

2090 2114 2226 2170 radii
2259 2131 2322 2170 ac
2357 2115 2633 2184 lampades
2676 2132 2741 2170 ex
2789 2125 2982 2170 natura
3019 2125 3110 2170 tua
3153 2113 3498 2170 scaturiunt?
3541 2110 3668 2166 "ire

405 2199 498 2250 xui.
533 2199 698 2272 ζωὴν,
733 2202 826 2254 καὶ
857 2201 954 2263 τὰς
997 2200 1164 2262 ἄλλας
1196 2201 1475 2272 ἐνεργείας
1507 2202 1606 2272 τῆς
1643 2201 1743 2271 σῆς
1770 2201 1980 2265 οὐσίας,

2088 2202 2420 2262 credibiliter
2455 2205 2696 2258 dicerent
2721 2205 2756 2258 ii
2789 2205 2881 2272 qui
2911 2214 3132 2274 peccato
3167 2203 3374 2258 servire
3397 2201 3664 2256 decrevis-

403 2289 457 2341 αἳ
489 2290 739 2362 καθάπερ
770 2293 987 2356 ἀκτῖνες
1027 2291 1121 2345 καὶ
1167 2291 1507 2362 λαμπηδὸνες
1533 2293 1598 2344 ὲκ
1633 2293 1733 2361 τῆς
1761 2291 1859 2360 σῆς
1889 2292 1981 2352 ἁν-

2088 2306 2230 2360 senl,
2253 2295 2298 2350 si
2327 2295 2464 2348 Dens
2479 2291 2716 2347 Verbum
2741 2292 2866 2346 dum
2891 2307 3018 2346 vere
3037 2293 3312 2346 hominem
3341 2301 3663 2352 assumeret,

407 2382 614 2452 ίσχουσι
662 2385 904 2453 φύσεως;
949 2385 1109 2438 Ταῦτ’
1161 2383 1226 2438 ἂν
1279 2383 1503 2447 εἰκότως
1559 2386 1762 2438 εἴποιεν
1809 2386 1858 2436 οἱ
1911 2387 1978 2455 τῇ

2091 2385 2192 2440 hac
2225 2386 2434 2440 ratione
2467 2383 2878 2454 impeccantiam
2913 2399 3064 2438 suam
3095 2384 3198 2438 sibi
3229 2383 3591 2438 conciliasset.

406 2473 650 2546 ἁμαρτίᾳ
695 2475 963 2528 δουλεύειν
1013 2477 1349 2548 αἱρούμενοι,
1379 2481 1542 2549 εἴπερ
1577 2479 1606 2530 ὁ
1651 2477 1783 2540 Θεὸς
1813 2476 1982 2543 Λόγος
2025 2475 2237 2546 άληθῶς
2289 2477 2355 2529 ἂν
2406 2477 2760 2530 συνανέλαϐεν
2795 2475 3104 2546 ἄνθρωπον,
3141 2475 3316 2544 τούτῳ
3355 2472 3432 2542 τῷ
3475 2473 3669 2544 τρόπῳ

413 2566 865 2637 μηχανησάμενος
906 2569 968 2621 τὸ
1007 2570 1412 2640 ἀναμάρτητον.

407 2762 503 2813 iZ'.
529 2761 906 2828 Κατασκευῖι,
923 2761 1010 2814 ὅτι
1030 2764 1282 2832 εὔλογος
1300 2765 1336 2832 ἠ
1356 2763 1460 2817 τοῦ
1478 2763 1588 2816 νοῦ
1609 2763 1983 2831 ἀνθρωπίνου

2093 2761 2254 2818 XVII.
2295 2762 2617 2827 Argumenta
2669 2763 2752 2832 ad,
2779 2761 3244 2814 demonstrandum
3290 2769 3424 2811 recte
3465 2758 3665 2826 [artam

1027 2831 1355 2900 ἀνάληψις.
2325 2833 2355 2900 f
2354 2832 2488 2884 uisse
2518 2847 2639 2883 men.

2325 2832 2488 2900 fuisse
2518 2832 2700 2884 mentis
2735 2831 2981 2884 humana:
3003 2840 3430 2895 assmnpliouem.

490 2964 648 3019 Ἀλλὰ
685 2966 783 3035 τὴν
827 2967 923 3036 μὲν
968 2967 1284 3038 ἀδολεσχίαν
1321 2969 1547 3021 ἐκείνων
1592 2967 1982 3038 καταλίπωμεν
2030 3037 2040 3038 7

2161 2967 2266 3024 Sed
2313 2965 2425 3036 jam
2476 2966 2702 3020 istorum
2742 2980 2910 3036 nugas
2942 2965 2994 3018 in
3027 2963 3280 3033 praesenti
3325 2963 3661 3016 omittaums.

405 3057 497 3110 ἐπὶ
543 3056 635 3110 τοῦ
687 3059 986 3128 παρόντος·
1028 3061 1188 3130 ἡμεῖς
1235 3059 1290 3112 δὲ
1337 3061 1428 3113 ἐπὶ
1471 3061 1570 3132 τὴν
1614 3049 2017 3132 προκειμένην⁴

2051 3043 2053 3091 ἓ
2085 3055 2194 3112 Nos
2236 3071 2366 3112 vero
2398 3054 2463 3108 ad
2500 3055 2830 3124 propositum
2878 3063 3257 3124 argumentum
3305 3053 3663 3114 revertamur,

406 3145 664 3199 ὑπόθεσιν
687 3147 1093 3217 ἐπανέλθωμεν,
1129 3151 1221 3201 καὶ
1247 3149 1512 3220 δείξωμεν
1537 3151 1634 3220 τὴν
1666 3151 1758 3203 τοῦ
1795 3151 1980 3221 Σωτῆ-

2087 3160 2246 3218 atque
2285 3149 2716 3201 demonstremus
2753 3145 3118 3200 necessariam
3153 3141 3325 3198 fuisse
3355 3142 3666 3196 Servatoris

409 3251 499 3307 ρος
525 3237 680 3308 ἡμῶν
703 3239 1019 3309 οἰκονομίαν
1052 3241 1367 3308 ἀναγκαίως
1398 3243 1790 3313 γεγενημένην.
1809 3245 1984 3296 Ἐπει-

2085 3240 2254 3296 nostri
2296 3237 2747 3292 incarnationem.
2788 3237 2924 3304 Quia
2955 3237 3100 3290 enim
3131 3245 3276 3291 totus
3303 3236 3465 3290 homo
3505 3233 3667 3288 dece-

405 3327 468 3396 δὴ
495 3327 602 3398 γὰρ
630 3327 776 3392 ἅπας
801 3331 829 3382 ὁ
856 3328 1140 3400 ἄνθρωπος
1164 3330 1442 3402 ἠπατήθη,
1470 3332 1562 3385 καὶ
1588 3331 1735 3394 ἅπας
1763 3332 1866 3385 ὑπὸ
1884 3331 1982 3402 τὴν

2087 3343 2210 3401 ptus
2251 3329 2448 3395 fuerat,
2483 3339 2733 3396 totusque
2765 3331 2864 3386 sub
2915 3337 3198 3399 peceatum
3255 3327 3551 3390 deciderat,
3609 3334 3667 3380 et

407 3417 681 3491 ἁμαρτίαν
703 3423 940 3490 ἐγένετο,
955 3423 1047 3476 καὶ
1072 3423 1177 3492 πρὸ
1199 3421 1292 3475 τοῦ
1313 3423 1564 3494 σώματος
1585 3423 1641 3478 δὲ
1654 3423 1752 3496 τὴν
1769 3425 1984 3494 ἀπάτην

2086 3435 2212 3478 ante
2251 3423 2424 3491 ipsum
2453 3436 2654 3489 corpus
2691 3435 2842 3476 mens
2871 3435 3110 3476 errorem
3143 3417 3476 3485 admiserat;
3501 3433 3671 3472 nam-

406 3513 433 3564 ὀ
453 3513 576 3574 νοῦς
602 3514 923 3579 ὑπεδέξατο·
951 3518 982 3586 ὴ
1007 3514 1104 3567 τοῦ
1125 3513 1215 3567 νοῦ
1239 3515 1346 3586 γὰρ
1368 3517 1632 3587 πρότερον
1653 3516 1984 3585 συγκατάθε-

2087 3529 2191 3584 que
2211 3522 2368 3569 antea
2390 3513 2588 3570 mentis
2610 3527 2907 3568 consensus
2927 3521 3208 3582 peccatum
3240 3511 3496 3574 delineat,
3514 3510 3669 3564 dein-

407 3621 490 3667 σις
506 3603 602 3675 τὴν
625 3607 901 3676 ἁμαρτίαν
925 3609 1276 3679 σκιαγραφεῖ,
1301 3603 1400 3661 εἷθ’
1421 3607 1592 3671 οὕτως
1611 3608 1699 3662 διὰ
1719 3609 1818 3679 τῆς
1841 3612 1985 3681 ὲνερ-

2089 3609 2153 3662 de
2202 3607 2252 3661 id
2297 3621 2494 3675 corpus
2542 3621 2638 3675 per
2679 3619 2832 3660 suam
2889 3605 3154 3660 actionem
3203 3603 3416 3674 ﬁgurat,
3473 3603 3671 3657 merito

406 3695 556 3762 γείας
597 3697 658 3749 τὸ
704 3697 861 3768 σῶμα
903 3698 1108 3769 ταύτην
1142 3701 1360 3768 μορφοῖ,
1404 3700 1677 3764 εἰκότωςὸ
1703 3701 1983 3772 Δεσπότης

2087 3701 2336 3756 Christus
2371 3700 2628 3754 Dominus
2669 3699 2874 3768 lapsam
2919 3709 3164 3752 naturam
3207 3700 3418 3766 erigere
3457 3698 3669 3758 volens,

404 3787 639 3856 Χριστὸς
679 3788 778 3859 τὴν
813 3791 1164 3844 πεπτωκυῖαν
1203 3789 1364 3860 φύσιν
1391 3791 1692 3860 ἀναστῆσαι
1725 3791 1984 3861 βουλόμε-

2093 3793 2306 3862 utrique
2337 3791 2498 3846 simul
2533 3805 2752 3844 manum
2803 3790 3052 3857 porrigit,
3083 3797 3137 3841 et
3175 3789 3442 3855 jacentem
3485 3789 3667 3856 erigit,

404 3893 516 3941 νος,
563 3880 694 3930 πᾶσι
735 3881 894 3948 χεῖρα
935 3880 1152 3950 ὀρέγει,
1197 3881 1291 3933 καὶ
1335 3881 1592 3951 κειμένην
1635 3881 1839 3950 ἐγείρει
1887 3882 1986 3948 τὴν

2090 3897 2338 3944 carnem,
2359 3881 2598 3946 inquam,
2625 3893 2690 3931 ac
2717 3889 2972 3940 mentem,
3003 3893 3126 3946 qua:
3149 3877 3214 3929 ad
3237 3876 3512 3931 Creatoris
3531 3879 3669 3931 ia—

407 3967 604 4036 σάρκα,
631 3984 701 4038 φη
711 3967 794 4039 μὶ,
813 3969 903 4021 καὶ
923 3971 1012 4022 τὸν
1036 3968 1180 4031 νοῦν,
1201 3969 1257 4030 ὃς
1281 3969 1520 4035 ἐγεγόνει
1545 3970 1664 4020 κατ’
1685 3969 1869 4020 εἰκόνα
1890 3969 1984 4020 τοῦ

2089 3975 2268 4041 ginem
2299 3971 2442 4024 facta
2479 3969 2598 4022 fuit.
2629 3968 2724 4022 Est
2755 3969 2897 4022 enim
2935 3985 3088 4024 mens
3128 3969 3434 4033 invisibilis,
3481 3971 3667 4025 incen-

405 4059 733 4123 Κτίσαντος·
759 4060 988 4129 ἀόρατός
1023 4077 1082 4110 τε
1123 4060 1230 4128 γάρ
1273 4061 1410 4122 ἐστι,
1435 4059 1526 4111 καὶ
1549 4059 1796 4122 ἀθέατος,
1822 4057 1984 4129 ἀνέφ-

2090 4063 2438 4132 templabilis,
2473 4063 2732 4132 impervia
2778 4071 2832 4116 et
2874 4061 3460 4131 incomprehensibilis,
3489 4077 3671 4132 neque

407 4149 554 4210 ικτός
588 4167 647 4200 τε
681 4149 774 4200 καὶ
808 4147 1212 4216 ἀκατάληπτος,
1236 4149 1344 4200 οὐδ’
1367 4149 1560 4202 ἑαυτὸν
1602 4149 1981 4219 ἐπιστάμενος,

2090 4173 2148 4212 se
2193 4157 2362 4227 ipsam
2409 4171 2760 4226 cognoscens,
2803 4166 2858 4210 et
2905 4155 3124 4224 insuper
3151 4154 3616 4223 incircumscripta
3647 4173 3665 4208 ε

405 4240 543 4309 πρὸς
583 4239 639 4291 δὲ
682 4238 893 4300 τούτοις
932 4239 1024 4290 καὶ
1048 4239 1454 4312 ἀπερίγραεροςο
1480 4243 1636 4312 εἴπερ
1657 4243 1736 4305 είς
1756 4244 1854 4314 τὴν
1876 4242 1984 4296 τῶν

2089 4260 2142 4305 et
2189 4251 2231 4305 si
2279 4249 2666 4319 cogitationum
2701 4247 3044 4318 phantasiam
3089 4254 3418 4315 spectamus,
3467 4245 3667 4300 ducatu

403 4329 678 4398 λογισμῶν
717 4327 1125 4399 ἀποϐλέψαιμεν
1163 4333 1482 4399 φαντασίαν,
1510 4333 1777 4404 ἡγεμονία
1803 4350 1862 4386 τε
1889 4333 1984 4386 καὶ

2051 4352 2142 4430 ὀι
2175 4349 2441 4410 potestate
2499 4341 2744 4410 praedita,
2801 4338 3006 4391 artibus
3053 4346 3108 4391 et
3160 4335 3410 4390 scientiis
3451 4347 3663 4400 ornata,

404 4421 623 4492 ἐξουσίᾳ
659 4421 1041 4492 τετιμημένος,
1067 4423 1280 4493 τέχναις
1326 4424 1419 4477 καὶ
1462 4427 1794 4497 ἐπιστήμαις
1829 4443 1987 4479 κεκο-

2053 4421 2059 4428 ’
2094 4449 2256 4502 parva
2280 4434 2520 4502 qimdam
2543 4448 2604 4486 ac
2618 4447 2758 4486 nova
2776 4431 3158 4495 creatrix-,vel,
3177 4438 3236 4483 ut
3253 4432 3434 4484 verius
3461 4428 3665 4495 dicam,

407 4514 709 4584 σμημένος,
739 4513 946 4584 βραχύς
985 4531 1069 4578 τις
1108 4515 1201 4569 καί⁵
1227 4515 1343 4579 νέος
1365 4517 1710 4588 δημιουργὸς,
1733 4519 1790 4590 ἦ,
1829 4519 1889 4571 τό
1922 4535 1986 4586 γε

2091 4525 2366 4580 Creatoris
2407 4525 2686 4587 imitatrix,
2739 4524 2926 4591 regina
2967 4533 3228 4576 creaturae
3277 4522 3524 4586 visibilis,
3579 4523 3667 4576 vel

405 4605 766 4677 ἀληθέστερον
807 4607 1004 4672 είπεῖν,
1044 4607 1134 4660 τοῦ
1160 4608 1502 4680 Δημιουργοῦ
1545 4610 1804 4681 μιμητὴς,
1834 4609 1988 4680 βασι-

2093 4617 2233 4686 regis
2279 4617 2480 4686 imago,
2531 4615 2730 4669 tributa
2778 4615 2843 4668 de
2895 4624 3040 4668 terra
3082 4613 3361 4679 colligens,
3403 4627 3466 4665 ex
3501 4612 3664 4676 mari,

405 4698 528 4761 λεὺς
549 4699 646 4768 τῆς
666 4699 948 4770 ὀρωμένης
972 4699 1274 4770 κτίσεως,ἢ
1303 4700 1564 4769 βασιλέως
1588 4699 1768 4763 εἰκὼν,
1790 4701 1986 4773 φόρους

2090 4715 2252 4775 atque
2284 4722 2431 4771 aere,
2480 4721 2544 4761 ex
2576 4707 2688 4760 sole
2737 4721 2799 4760 ac
2841 4705 2968 4758 luna
2997 4715 3048 4758 et
3101 4705 3292 4766 stellis.
3323 4720 3388 4757 ex
3417 4705 3559 4758 caelo
3607 4713 3665 4758 et

409 4789 678 4856 συλλέγων
701 4791 766 4840 ὲκ
787 4789 908 4860 γῆς,
937 4791 1000 4844 ὲκ
1023 4789 1313 4860 θαλάττης,
1341 4791 1400 4855 ἐξ
1423 4792 1602 4863 ἀέρος,
1627 4791 1684 4856 ἐξ
1706 4792 1854 4862 ἡλίου
1892 4794 1986 4846 καὶ

2092 4797 2342 4862 nubibus,
2377 4813 2440 4852 ex
2484 4798 2694 4862 ovibus,
2738 4797 2932 4861 bobus,
2962 4795 3189 4865 aliisque
3213 4795 3454 4866 825m.
3501 4810 3666 4863 pecu-

406 4880 636 4951 σελήνης
663 4884 756 4934 καὶ
778 4882 1043 4953 ἀστέρων,
1068 4881 1126 4948 ἐξ
1156 4883 1387 4954 οὐρανοῦ
1420 4883 1512 4936 καὶ
1540 4882 1736 4952 νεφῶν,
1763 4883 1827 4936 ἐκ
1847 4901 1984 4956 προ-

2089 4888 2276 4954 dibus;
2308 4890 2417 4943 imo
2443 4903 2566 4942 vero
2591 4887 2830 4943 omnium
2855 4887 3062 4942 fructus
3081 4903 3309 4957 carpens
3335 4905 3347 4940 :
3378 4888 3494 4954 ejus
3515 4886 3665 4940 enim

408 4975 586 5027 ϐάτων
627 4975 721 5026 καὶ
762 4973 899 5043 βοῶν
944 4975 1038 5027 καὶ
1078 4974 1188 5027 τῶν
1227 4973 1400 5028 ἄλλων
1441 4974 1671 5044 κτηνῶν,
1699 4973 1898 5045 μᾶλλον
1929 4975 1985 5027 δὲ

2089 4983 2260 5050 gratia
2300 4981 2529 5036 visibilia
2563 4991 2758 5035 cuneta
2790 4989 2918 5034 sunt
2944 4979 3084 5034 facta
3106 4997 3122 5034 :
3147 4995 3273 5034 nam
3303 4978 3446 5032 Deus
3469 4977 3665 5032 borum

407 5065 616 5128 πάντας
655 5065 835 5117 αὐτῶν
873 5063 1000 5127 τοὺς
1041 5065 1286 5135 καρποὺς
1321 5065 1682 5136 δρεπόμενος’
1723 5063 1791 5118 δι’
1824 5067 1985 5120 αὐτὸν

962 5081 1000 5127 ις
1041 5065 1286 5135 καρποὺς
1321 5065 1682 5136 δρεπόμενος’
1723 5063 1791 5118 δι’
1824 5067 1985 5120 αὐτὸν
2090 5087 2193 5125 non
2223 5083 2304 5126 est
2341 5072 2574 5139 indigus.

413 5157 512 5226 γὰρ
539 5155 750 5224 ἐγένετο
769 5155 838 5208 τά
858 5155 1132 5226 ὁρώμενα·
1149 5157 1278 5220 Θεὸς
1302 5157 1408 5227 γάρ
1435 5156 1638 5209 τούτων
1654 5158 1979 5229 ἀπροσδεής.

475 5267 683 5321 Οῦκουν
727 5269 964 5338 ἠτίμασε
1003 5269 1092 5320 τὸν
1135 5269 1276 5321 οὕτω
1314 5271 1522 5339 τίμιον,
1561 5268 1650 5321 τὸν
1692 5269 1984 5340 θεραπείας

2157 5265 2271 5319 Non
2297 5282 2425 5337 ergo
2446 5268 2769 5336 contempsit
2785 5255 2889 5322 tam
2907 5269 3198 5339 pretiosam
3220 5279 3428 5339 partem
3452 5269 3658 5324 medela

404 5359 676 5429 δεόμενον’
702 5359 820 5411 οὐδὲ
843 5359 904 5410 τὸ
926 5359 1302 5429 φθειρόμενον,
1319 5359 1564 5428 καὶνόσῳ
1587 5360 1680 5410 καὶ
1703 5361 1850 5430 γήρᾳ
1869 5361 1983 5412 δου-

2087 5369 2336 5427 egentem
2363 5375 2378 5424 ;
2410 5363 2701 5422 morboque
2731 5369 2786 5411 et
2816 5371 3030 5413 senecta
3059 5371 3366 5430 corruptam
3392 5361 3665 5430 mortique

404 5450 562 5505 λεῦον
581 5452 675 5504 καὶ
690 5450 903 5520 θανάτῳ
921 5450 1174 5514 ἀνέλαϐε,
1198 5450 1258 5502 τὸ
1279 5450 1335 5501 δὲ
1359 5449 1573 5517 λογικὸν
1597 5451 1690 5503 καὶ
1715 5451 1982 5505 ἀθάνατον

2087 5447 2446 5515 mancipatam
2495 5449 2884 5504 humanitatem
2938 5465 3044 5506 non
3100 5449 3170 5505 ita
3233 5453 3550 5521 assumpsit,
3603 5463 3660 5507 ut

403 5542 496 5596 καὶ
505 5541 628 5596 κατ’
641 5542 825 5594 εἰκόνα
834 5541 1197 5611 γεγενημένον
1211 5539 1312 5594 ὑπε
1322 5541 1460 5610 ρεῖδε
1469 5580 1482 5604 ,
1491 5541 1582 5594 καὶ
1593 5540 1764 5594 ταῦτα
1775 5543 1980 5610 κακῶς,

2084 5547 2292 5606 partem
2331 5537 2502 5607 ipsius
2541 5539 2855 5596 rationalem
2896 5548 2950 5593 et
2995 5541 3354 5598 immortalem
3390 5553 3549 5612 atque
3590 5545 3658 5598 ad

401 5635 476 5700 ὣς
491 5653 640 5694 φασι,
653 5633 1014 5699 διακείμενον·
1031 5633 1163 5686 ἀλλὰ
1184 5635 1360 5685 πᾶσαν
1372 5633 1467 5703 τὴν
1481 5631 1640 5700 φύσιν
1654 5631 1978 5688 παλαιωθεῖ-

2085 5631 2374 5701 imaginem
2409 5649 2561 5689 suam
2598 5634 2792 5689 factam
2818 5635 3159 5705 deSpexerit;
3195 5636 3496 5704 praesertim
3533 5635 3661 5704 quia
