4082 6258
477 335 500 387 1
513 329 611 389 “7

1498 321 1555 376 S.
1589 318 1866 375 CYRILLI
1899 313 2366 374 ALEXANDIUNI
2407 311 2730 368 ABCHIEP.

3599 304 3738 364 ιιιε

475 449 635 512 male.
671 455 726 502 ut
756 447 928 511 aiunt,
959 458 1020 500 se
1041 443 1274 498 habebat
1302 459 1315 494 :
1349 441 1444 495 sed
1468 441 1774 494 universam
1808 449 2053 491 naturam

2163 452 2258 486 σαν
2280 433 2612 502 ἐνεοποίησε.
2629 431 2737 484 Καὶ
2756 430 2818 481 τὸ
2840 428 2937 498 μὲν
2955 427 3126 499 αὐτῆς
3141 426 3326 481 καινὸν
3342 427 3739 498 ἀπειργάσατο,

476 542 810 610 antiquatam
846 542 1144 593 renovavit.
1188 537 1342 590 Anne
1371 535 1512 588 enim
1558 542 1764 601 partem
1801 531 1918 600 ejus
1959 545 2055 583 no—

475 648 595 685 vam
647 632 884 696 fecisset,
936 631 1082 685 illam
1136 643 1285 693 vero,
1333 642 1454 696 quae
1505 629 1801 678 lnveterata
1832 631 1950 677 erat
2002 631 2056 675 et

478 732 750 792 corrupta,
782 722 901 776 sine
933 720 1174 774 remedio
1207 733 1327 773 esse
1363 714 1626 772 sivisset?
1665 728 1786 767 cum
1826 725 2054 782 praeser-

481 816 575 868 tim
615 829 740 882 pars
772 814 887 866 haec
922 809 1315 880 pretiosissima
1359 818 1523 872 esset,
1553 814 1607 859 et
1648 800 2056 857 immortalitate

479 907 706 975 pollens,
739 913 792 957 et
820 902 1045 956 rationis
1073 915 1171 953 usu
1205 907 1490 960 exornata,
1525 906 1580 950 et
1609 895 1676 948 ad
1720 891 2056 946 intellectua-

481 999 610 1050 lium
669 995 916 1050 ordinem
977 992 1274 1060 pertinens.
1321 988 1787 1044 Absurdissimum
1858 984 2057 1053 quippe

482 1089 693 1150 fuisset,
721 1100 919 1154 corpus
949 1085 1153 1139 luteum
1183 1092 1238 1137 et
1266 1081 1599 1151 pulvereum,
1630 1089 1683 1133 et
1713 1076 2057 1146 passionibus

483 1179 800 1249 implicitum
845 1175 948 1231 sibi
1004 1187 1282 1230 assumere
1331 1182 1493 1240 atque
1544 1168 1856 1238 adiungere,
1903 1175 1958 1221 et
2003 1166 2054 1219 in

481 1272 703 1324 dextera
731 1266 1030 1337 maiestatis
1053 1265 1316 1321 collocare
1353 1281 1367 1316 :
1400 1273 1632 1316 mentem
1664 1258 2056 1314 veroinvisibi-

483 1360 607 1423 lem,
645 1359 1027 1425 immortalem,
1057 1355 1351 1409 animantis
1394 1355 1700 1415 rectricem,
1739 1351 1804 1404 ad
1841 1350 1932 1405 Dei
1976 1348 2057 1402 l‘a-

483 1461 625 1506 ctam
689 1449 1000 1520 imaginem,
1039 1446 1550 1516 incorruptibilitate
1592 1444 1896 1513 praeditam,
1938 1457 2058 1496 cor-

483 1543 632 1610 poris
658 1541 820 1596 veluti
868 1542 1133 1607 aurigam,
1169 1537 1629 1605 gubernatricem,
1663 1545 1716 1590 et
1742 1535 1896 1605 quasi
1929 1549 2059 1588 con-

486 1643 644 1687 centu
675 1637 1087 1701 temperantem,
1123 1645 1221 1698 per
1253 1645 1413 1700 quam
1447 1631 1679 1683 humana
1722 1636 1914 1682 natura
1949 1642 2055 1681 non

485 1731 569 1776 est
608 1721 785 1784 bruta,
822 1720 914 1774 sed
948 1719 1238 1788 sapientia,
1291 1719 1496 1772 artibus
1536 1726 1592 1771 et
1635 1716 1823 1785 quavis
1867 1717 2056 1784 peritia

2155 526 2214 579 τὸ
2255 523 2804 592 δὲ”πεπαλαιωμένον
2851 521 2941 574 καί.
2980 519 3378 590 διεφθαρμένον
3400 518 3620 573 ἀνίατον
3665 520 3742 570 εἴ·

2156 629 2288 683 ασες
2331 615 2427 668 καὶ
2462 614 2636 668 ταῦτα
2673 612 3002 683 τιμιώτατον
3046 611 3434 681 ὑπάρχον,καί
3470 610 3740 680 ἀθανασία

2155 706 2538 778 τετιμημένον,
2564 704 2659 758 καὶ
2696 704 2840 772 λόγῳ
2880 701 3319 772 κεκοσμημένον,
3361 703 3455 754 καί
3494 701 3592 764 τῆς
3633 701 3740 753 τῶν

2155 798 2362 869 νοητῶν
2389 797 2580 868 μοίρας
2603 797 2870 865 τυγχάνον
2889 812 2904 826 ·
2928 796 3036 847 τῶν
3059 793 3422 868 ἀτοπωτάτων
3439 793 3546 863 γὰρ
3571 793 3626 846 τὺ
3648 803 3744 861 μεν

2159 891 2318 962 σῶμα
2352 891 2413 943 τὸ
2436 891 2676 961 πήλινον,
2703 889 2796 943 καί⁸
2814 888 3018 958 χοῖκδν,
3042 888 3136 939 καὶ
3159 885 3354 940 πάθεσι
3379 885 3745 953 συνεζευγμέ-

2156 1000 2266 1044 νον,
2292 983 2386 1035 καί,
2424 981 2852 1053 προσληφθῆναι,
2881 983 2978 1032 καί.
3018 977 3417 1047 ἀναληφθῆναι,
3443 977 3536 1030 καὶ
3567 979 3631 1028 ὲκ
3662 977 3745 1028 δε-

2157 1073 2286 1138 ξιῶν
2343 1073 2440 1141 τῆς
2494 1070 2882 1142 μεγαλωσύνης
2926 1067 3382 1138 καθιδρυνθῆναι·
3417 1067 3506 1120 τὸν
3535 1066 3591 1118 δὲ
3621 1065 3745 1117 νοῦν

2155 1166 2245 1216 τὸν
2269 1165 2519 1236 ἀόρατον,
2543 1162 2634 1215 τὸν
2657 1161 2943 1225 ἀθάνατον,
2967 1161 3058 1214 τὸν
3084 1160 3328 1230 ἡγεμόνα
3353 1158 3445 1212 τοῦ
3468 1158 3629 1222 ζὼου,
3654 1157 3744 1210 τὸν

2159 1258 2279 1310 κατ’
2301 1258 2486 1309 εἰκόνα
2547 1255 2700 1308 Θείαν
2730 1253 3114 1322 γεγενημένον,
3144 1251 3234 1304 τὸν
3284 1250 3560 1320 ἀφθαρσίᾳ
3599 1268 3743 1302 τετι-

2161 1347 2422 1417 μημένον,
2459 1347 2549 1400 τὸν
2597 1345 2692 1399 τοῦ
2730 1345 2983 1415 σώματος
3016 1345 3230 1414 ἡνίοχον
3279 1343 3371 1396 καὶ
3401 1342 3745 1412 κυϐερνήτην

2158 1440 2250 1492 καὶ
2285 1439 2562 1508 μουσικὸν,
2594 1439 2661 1491 δι’
2685 1438 2744 1491 ὃν
2785 1438 2884 1490 οὐκ
2917 1437 3110 1504 ἄλογος
3138 1438 3170 1505 ἡ
3201 1435 3508 1504 ἀνθρωπεία
3554 1435 3743 1503 φύσις,

2156 1530 2292 1582 ἀλλὰ
2328 1529 2520 1598 σοφίας
2547 1530 2641 1582 καὶ
2662 1529 2854 1598 τέχνης
2876 1528 2971 1580 καὶ
2992 1529 3186 1598 ἐπιστή
3199 1547 3301 1598 μης
3330 1527 3610 1586 ἀνάπλεως
3634 1523 3740 1596 (Ι),

2156 1621 2345 1675 τοῦτον
2382 1614 2721 1690 ἁπερρίφθαί
2755 1621 2924 1681 κάτω,
2958 1619 3050 1672 καὶ
3095 1619 3196 1688 τῆς
3243 1618 3335 1672 τοῦ
3381 1618 3624 1688 σώματος
3663 1615 3743 1686 μὴ

2163 1713 2592 1784 μεταλαγχάνειν
2636 1711 2834 1781 τιμῆςσ
2885 1711 2951 1764 δι’
2983 1710 3042 1763 ὃν
3090 1710 3152 1762 τὸ
3202 1710 3360 1781 σῶμα
3392 1711 3489 1780 τῆς
3519 1708 3747 1777 λογικῆς

485 1813 754 1866 abundat:
795 1811 952 1873 hanc,
977 1811 1220 1878 inquam,
1245 1818 1477 1864 mentem
1512 1808 1578 1862 ad
1602 1808 1914 1862 inferiorem
1941 1820 2062 1877 gra-

2169 1807 2385 1875 ἐγένετο
2413 1805 2640 1868 κτίσεως
2659 1821 2672 1834 ·
2709 1803 2775 1855 δι’
2806 1802 2864 1855 ὃν
2895 1787 3228 1872 νομοθεσίαι,
3267 1802 3362 1853 καὶ
3395 1801 3744 1871 προφητεῖαιο

485 1905 609 1956 dum
644 1901 896 1970 deprimi,
931 1915 1028 1953 nec
1052 1915 1237 1966 parem
1264 1900 1458 1953 saltem
1483 1914 1606 1952 cum
1640 1913 1868 1967 corpore
1892 1898 2064 1951 hono-

488 2008 598 2044 rem
633 1991 990 2059 patticipare;
1029 2004 1152 2041 cum
1182 1999 1360 2042 tamen
1397 1987 1515 2056 ejus
1549 2002 1715 2042 causa
1749 2002 1946 2055 corpus
1974 2002 2065 2041 ra-

487 2082 703 2135 tionalis
725 2090 972 2134 creatura
1004 2080 1277 2145 evaserit;
1313 2094 1434 2134 cum
1465 2079 1707 2149 ejusdem
1737 2093 1901 2134 causa
1931 2079 2068 2132 date

487 2173 690 2228 fuerint
734 2172 880 2240 leges
920 2186 984 2224 ac
1020 2170 1356 2238 prophetiae;
1391 2186 1485 2238 per
1520 2185 1684 2239 quam
1719 2170 1853 2223 fiunt
1887 2179 2067 2224 certa-

487 2265 651 2328 mina,
704 2264 882 2328 luctas,
940 2262 1204 2325 victoriae,
1257 2261 1614 2328 laudationes,
1665 2276 1913 2325 coronae;
1973 2275 2069 2329 per

488 2371 646 2427 quam
708 2371 906 2424 corpus
935 2370 1056 2410 cum
1082 2369 1144 2407 ea
1176 2354 1482 2420 decertans,
1507 2355 1785 2424 praemium
1823 2355 2066 2408 laborum

489 2449 836 2518 consequitur
867 2447 1127 2501 cmlorum
1165 2461 1429 2514 regnum;
1479 2447 1548 2500 ob
1589 2450 1758 2513 quam'
1787 2447 1901 2515 ipse
1933 2459 2068 2514 quo-

487 2555 590 2609 que
623 2540 928 2594 Servatoris
969 2538 1138 2592 nostri
1192 2538 1454 2592 adventus
1491 2537 1740 2608 contigit,
1791 2547 1844 2592 et
1892 2539 2070 2591 incar-

489 2631 724 2686 nationis
750 2639 1026 2700 peractum
1056 2629 1368 2700 mysterium
1395 2636 1497 2682 est.
1529 2626 1644 2682 Non
1675 2628 1816 2681 enim
1853 2637 2071 2696 propter

2163 1898 2228 1950 δι’
2258 1897 2317 1949 ὃν
2354 1897 2587 1963 ἀγῶνες.
2621 1896 2714 1947 καὶ
2744 1894 2933 1957 πάλαι,
2966 1893 3060 1946 καὶ
3084 1893 3250 1953 νίκαι,
3273 1893 3368 1944 καὶ
3391 1891 3744 1960 ἀναρρήσεις.

2164 1989 2258 2041 καὶ
2287 1973 2544 2057 στέφανοι
2560 2003 2574 2018 ο
2600 1987 2668 2039 δι’
2692 1985 2750 2038 ὃν
2775 1986 2868 2038 καὶ
2892 1985 2951 2038 τὸ
2975 1984 3133 2054 σῶμα
3158 1984 3220 2036 τὸ
3244 1982 3561 2044 συναθλοῦν,
3587 1977 3748 2033 ἆθλον

2164 2080 2272 2132 τῶν
2324 2080 2498 2132 πόνων
2547 2079 2660 2148 ἔχει
2712 2079 2812 2150 τὴν
2844 2077 2951 2131 τῶν
2981 2075 3223 2148 οὐρανῶν
3253 2075 3528 2145 βασιλείαν
3550 2087 3564 2100 ·
3596 2073 3663 2125 δι’
3688 2072 3746 2123 ὃν

2167 2173 2259 2225 καὶ
2290 2173 2427 2242 αὐτὴ
2461 2170 2554 2224 τοῦ
2589 2171 2839 2241 Σωτῆρος
2869 2169 3025 2241 ἡμῶν
3061 2171 3093 2239 ἡ
3125 2166 3406 2239 παρουσία
3435 2165 3744 2234 γεγένηται,

2165 2263 2258 2316 καὶ
2295 2262 2357 2314 τὸ
2390 2263 2487 2332 τῆς
2514 2262 2826 2330 οἰκονομίας
2862 2259 3291 2330 ὲπραγματεύθη
3324 2259 3618 2328 μυστήριον
3641 2273 3654 2284 θ
3683 2255 3742 2306 ού

2165 2354 2271 2424 γὰρ
2304 2352 2446 2422 ὑπὲρ
2483 2352 2704 2422 ἀψύχων
2735 2352 2767 2421 ἦ
2795 2353 3038 2422 ἀνοήτων
3067 2352 3135 2404 τὰ
3161 2351 3405 2421 σωτήρια
3427 2347 3746 2412 κατεδέξατο

2167 2444 2351 2513 πάθη,
2412 2444 2521 2496 οὐδ’
2561 2444 2702 2514 ὑπὲρ
2749 2443 2960 2511 ἀλόγων
3011 2443 3223 2513 κτηνῶν
3275 2441 3306 2512 ἢ
3363 2441 3524 2493 λίθων
3572 2439 3748 2509 ψυχῆς

2166 2534 2569 2605 ὲστερημένων,
2610 2535 2725 2587 ἀλλ’
2761 2535 2902 2605 ὑπὲρ
2937 2534 3240 2606 ἀνθρώπων
3267 2534 3448 2606 ψυχὴν
3487 2534 3749 2587 ἀθάνατον

2168 2626 2373 2680 Ενοικον
2415 2644 2582 2698 κεκτη
2593 2627 2791 2696 μένων.

492 2740 576 2779 res
618 2724 880 2779 inanimes
929 2734 982 2778 et
1029 2735 1208 2778 mente
1255 2732 1502 2779 carentes
1547 2725 1839 2778 salutarem
1871 2724 2090 2780 admisit
2164 2727 2494 2796 passionem,
2545 2741 2719 2794 neque
2765 2725 3006 2796 826m.
3042 2736 3264 2795 propter
3299 2725 3629 2779 irrationalia
3659 2723 3746 2788 jn-

491 2823 667 2870 tncnta
704 2825 796 2870 aut
823 2816 1027 2886 lapides
1057 2815 1238 2869 anima
1266 2816 1578 2881 destitutos,
1606 2819 1698 2870 sed
1729 2826 1950 2886 propter
1974 2816 2221 2871 homines
2249 2816 2343 2886 qui
2394 2815 2752 2870 immortalem
2787 2817 3026 2868 animam
3061 2816 3202 2868 naeti
3233 2825 3357 2869 sunt
3393 2815 3640 2869 incolam.

487 2927 672 2985 XVIII.
704 2929 1086 2986 Hterett'corum
1119 2933 1389 2986 contraria
1413 2941 1726 3002 argumenta
1761 2933 2056 2989 solvuntur.
2095 2987 2132 3007 η

542 3045 646 3100 Sed
661 3047 942 3116 quinugas
978 3047 1148 3115 magis
1181 3061 1341 3114 quam
1361 3045 1642 3100 veritatem
1662 3045 2069 3114 aestimatApol-

491 3139 700 3201 linaris,
738 3138 1009 3204 rectisque
1041 3154 1103 3192 ac
1132 3138 1234 3208 piis
1259 3139 1599 3208 dogmatibus
1617 3153 1769 3191 suam
1792 3138 2070 3208 anteponit

491 3227 1112 3296 garrulitatctn,carnetn
1138 3227 1354 3296 quidem
1375 3243 1403 3280 a
1420 3228 1527 3280 Deo
1543 3225 1720 3281 Verbo
1735 3237 2066 3294 assumptam

491 3320 586 3380 ait,
624 3326 784 3384 atque
817 3317 915 3370 hac
938 3331 1038 3370 ceu
1065 3315 1184 3370 velo
1210 3317 1442 3385 quodam
1475 3330 1595 3370 esse
1627 3330 1782 3369 usum
1816 3332 1829 3380 ;
1889 3325 2069 3368 tuente

490 3418 668 3461 autem
699 3424 802 3461 non
840 3407 1131 3477 indiguisse
1154 3447 1168 3473 ,
1204 3409 1298 3462 sed
1328 3408 1500 3476 ipsum
1536 3408 1654 3461 vice
1699 3407 1898 3460 mentis
1941 3422 2068 3461 cor-

490 3496 606 3561 pori
636 3497 933 3550 exstitisse.
967 3496 1096 3562 Sed,
1120 3511 1151 3550 ο
1201 3497 1380 3562 sodes,
1413 3495 1559 3549 dicet
1611 3495 1658 3549 ei
1711 3495 1907 3562 aliquis
1932 3535 1947 3562 ,
2002 3509 2069 3548 ne

491 3599 715 3650 corpore
749 3587 964 3652 quidem
995 3587 1135 3641 Deus
1172 3586 1408 3641 Verbum
1441 3588 1632 3656 egebat
1660 3604 1674 3652 ;
1731 3587 1866 3640 nihil
1917 3588 2061 3640 enim

493 3691 712 3745 prorsus
746 3677 971 3742 requirit
1005 3693 1019 3729 :
1059 3685 1270 3744 poterat
1304 3687 1484 3729 autem
1540 3680 1657 3730 solo
1686 3679 1939 3731 mandato
1972 3695 2069 3732 no-

492 3774 658 3818 stram
692 3763 905 3834 cperari
930 3764 1180 3818 salutem.
1205 3763 1309 3818 Sed
1336 3774 1514 3818 tamen
1539 3766 1706 3820 voluit
1730 3782 1826 3820 nos
1852 3782 2067 3837 quoque

492 3856 925 3910 communionem
945 3855 1182 3924 aliquam
1203 3865 1350 3911 recte
1379 3854 1645 3916 factorum
1669 3855 1869 3912 habere
1890 3875 1902 3910 :
1923 3861 2066 3928 quod

493 3956 551 4001 ut
577 3945 830 4013 elliceret,
859 3949 1216 4016 peccatricem
1242 3959 1573 4016 assumptam
1599 3956 1845 4002 naturam
1866 3988 1880 4013 ,
1915 3963 2069 4003 eam-

492 4052 597 4108 que
625 4040 1031 4094 suislahoribus
1050 4039 1426 4108 justillcatam,
1459 4039 1671 4094 acerbis
1691 4040 1962 4109 expedivit
1983 4050 2066 4112 ty-

494 4130 675 4183 rannis
700 4139 919 4198 peccato
967 4140 1021 4184 et
1063 4131 1277 4185 diabolo
1312 4146 1376 4186 ac
1405 4141 1609 4196 morte,
1646 4141 1700 4185 et
1749 4133 2060 4189 caelestibus

492 4222 711 4276 sedibus
757 4222 1029 4276 donavit:
1069 4233 1123 4275 et
1151 4237 1248 4291 per
1291 4237 1409 4276 eam
1458 4238 1619 4292 quam
1671 4223 1788 4292 ipse
1837 4227 2067 4296 sumpsit

2301 2933 2408 2986 IH'.
2439 2933 2630 2997 Λύσις
2658 2930 2777 2984 τῶν
2807 2932 3119 3000 αἰρετικῶν
3151 2933 3606 3002 προϐλημάτων.

2255 3043 2392 3096 Ἀλλ’
2425 3045 2453 3096 ὁ
2483 3042 2574 3095 τὸν
2599 3041 2757 3096 ὕθλον
2791 3044 3136 3115 προτιμήσας
3176 3044 3278 3113 τῆς
3305 3043 3562 3113 ἀληθείας
3588 3044 3756 3096 Ἀπο-

2169 3137 2430 3207 λινὰριος,
2478 3137 2574 3189 καὶ
2622 3135 2731 3188 τῶν
2778 3135 3019 3188 εὐσεϐῶν
3075 3136 3360 3207 δογμάτων
3407 3135 3504 3206 τὴν
3547 3136 3754 3188 οἰκείαν

2171 3226 2445 3298 προτάξας
2469 3226 2809 3296 ἀδολεσχίαν,
2839 3225 2936 3296 τὴν
2964 3227 3061 3297 μὲν
3092 3228 3272 3297 σάρκα
3304 3226 3394 3278 τὸν
3422 3227 3556 3279 Θεὸν
3581 3227 3755 3295 Λόγον

2169 3317 2521 3389 ἀνειληφέναι
2555 3319 2709 3388 φησὶ,
2743 3318 2838 3372 καὶ
2873 3319 3049 3390 ταύτῃ
3081 3319 3331 3389 καθάπερ
3368 3319 3472 3371 τινὶ
3498 3337 3756 3390 παραπε-

2168 3407 2407 3476 τάσματι
2439 3406 2747 3476 χρήσασθαι
2774 3425 2788 3438 ·
2817 3408 2910 3460 τοῦ
2959 3408 3015 3460 δὲ
3044 3407 3135 3462 νοῦ
3173 3408 3249 3479 μὴ
3282 3407 3560 3477 δεηθῆναι,
3590 3410 3754 3462 αὐτὸν

2167 3498 2224 3551 δὲ
2253 3499 2374 3551 ἀντὶ
2403 3498 2495 3550 νοῦ
2541 3498 2790 3568 γενέσθαι
2823 3498 2900 3570 τῷ
2931 3499 3165 3570 σώματι.
3208 3500 3368 3566 Ἀλλ’,
3405 3494 3449 3553 ῶ
3481 3499 3752 3570 βέλτιστε,

2169 3591 2314 3645 εἴποι
2344 3611 2430 3656 τις
2465 3593 2530 3645 ἂν
2579 3592 2714 3662 πρὸς
2748 3591 2932 3655 αὐτὸν,
2972 3591 3092 3644 οὐδὲ
3133 3591 3227 3645 τοῦ
3281 3592 3528 3663 σώματος
3562 3596 3589 3647 ὁ
3619 3595 3754 3657 Θεὸς

2169 3685 2336 3751 Λόγος
2365 3683 2614 3754 ἔχρῃζεν,
2639 3684 2947 3755 ἀπροσδεὴς
2973 3685 3080 3755 γάρ
3103 3699 3115 3712 ·
3145 3683 3374 3754 ἠδύνατο
3398 3685 3453 3738 δὲ
3479 3687 3572 3740 καὶ
3605 3687 3754 3757 μόνῳ

2171 3775 2556 3844 προστάγματι
2603 3774 2700 3845 τὴν
2747 3775 3026 3846 ἡμετέραν
3075 3777 3611 3846 πραγματεύσασθαι
3645 3796 3754 3832 σω-

2167 3865 2387 3935 τηρίανο
2425 3863 2538 3918 ἀλλ’
2578 3864 2846 3935 ἠθέλησεν
2890 3864 3032 3934 ἔχειν
3076 3865 3197 3918 τινὰ
3247 3867 3344 3920 καὶ
3385 3847 3534 3938 ἡμᾶς
3577 3870 3656 3931 εἰς
3691 3870 3753 3920 τὸ

2169 3955 2606 4028 κατορθούμενον
2635 3960 2943 4023 κοινωνίαν,
2967 3950 3027 4010 οὗ
3056 3957 3215 4028 χάριν
3244 3957 3426 4011 λαϐὼν
3451 3959 3615 4028 φύσιν
3652 3961 3750 4024 τὴν

2168 4050 2571 4120 ήμαρτηκυίαν,
2605 4049 2788 4112 πόνοις
2823 4047 2994 4120 αὐτὴν
3022 4050 3245 4112 οἰκείοις
3282 4049 3608 4116 δικαιώσας,
3640 4052 3750 4104 τῶν

2167 4159 2226 4194 τε
2249 4142 2462 4212 πικρῶν
2485 4141 2764 4214 τυράννων
2782 4141 3092 4212 ἀπήλλαξεν
3111 4143 3406 4214 ἁμαρτίας,
3435 4143 3533 4197 καί
3561 4144 3749 4198 διαϐό-

2169 4231 2284 4295 λου,
2303 4231 2395 4283 καί
2413 4231 2667 4298 θανάτου,
2692 4232 2786 4284 καὶ
2803 4233 2912 4284 τῶν
2936 4233 3276 4304 ἐπουρανίων
3298 4235 3501 4306 θρόνων
3519 4236 3745 4305 ἠξίωσε,

494 4313 906 4374 humanitatem,
935 4315 1187 4367 universo
1239 4315 1422 4382 generi
1463 4315 1768 4370 libertatem
1807 4333 2051 4372 commu-

2163 4323 2251 4376 καὶ
2273 4323 2359 4376 διὰ
2385 4322 2477 4375 τοῦ
2504 4323 2801 4392 ληφθέντος
2837 4326 2999 4378 παντὶ
3022 4324 3099 4395 τῷ
3125 4327 3274 4394 γένει
3305 4328 3404 4397 τῆς
3437 4326 3746 4398 ἐλευθερίας

496 4401 715 4454 nicavit.
749 4401 1003 4455 Sedenim
1035 4402 1168 4455 nihil
1213 4403 1407 4457 horum
1443 4413 1699 4472 reputans
1724 4406 1812 4460 hic
1844 4410 2060 4475 sapien~

496 4491 738 4545 tissimus
760 4531 773 4556 ,
801 4489 1203 4546 vocalissimum
1242 4490 1528 4562 theologia:
1553 4508 1859 4562 praeconem
1889 4497 2060 4553 Joan-

495 4597 615 4637 nem
654 4583 1064 4653 evangelistam,
1098 4585 1346 4637 amentia:
1381 4599 1494 4639 suae
1521 4595 1716 4640 testem
1765 4588 1968 4644 habere
2003 4605 2062 4645 se

489 4674 714 4743 judicat.
752 4690 771 4724 t
811 4671 1046 4727 Verbum
1082 4675 1249 4737 enim,
1293 4675 1509 4744 inquit,
1562 4691 1690 4731 caro
1729 4677 1926 4732 factum
1957 4689 2059 4745 est,

493 4778 546 4820 et
568 4767 828 4820 habitavit
857 4767 909 4820 in
935 4766 1094 4820 nobis
1113 4767 1178 4820 ³⁷.
1207 4784 1229 4818 a
1258 4767 1422 4836 Atqui
1446 4769 1669 4823 omnino
1690 4770 1912 4836 sciebat,
1933 4773 2060 4826 alibi

495 4873 708 4929 quoque
731 4867 938 4926 partem
969 4872 1068 4926 pro
1101 4867 1216 4911 toto
1247 4858 1486 4912 divinam
1513 4858 1854 4928 Scripturam
1881 4863 2066 4932 appel-

497 4950 606 5002 lare
635 4947 851 5002 solere:
886 4962 1007 5017 qua:
1062 4947 1223 5002 modo
1269 4949 1492 5017 quidem
1544 4965 1611 5004 ex
1662 4953 1843 5007 anima
1896 4962 2066 5008 totum

498 5039 764 5093 hominem
799 5049 1094 5106 nuncupat,
1130 5042 1292 5094 modo
1325 5052 1508 5096 autem
1565 5057 1632 5095 ex
1677 5059 1842 5097 carne
1898 5055 2066 5100 totum

493 5129 690 5184 animal
721 5131 978 5185 denotat:
1016 5149 1035 5183 ι
1062 5128 1262 5186 Omnes
1293 5132 1456 5197 enim,
1486 5132 1681 5201 inquit,
1726 5136 1920 5192 anima:
1950 5151 2069 5206 qua:

567 5309 608 5342 ³⁷
634 5308 789 5363 Joan.
822 5323 858 5373 t,
886 5310 972 5363 14.

565 5515 640 5582 (l)
681 5513 1100 5569 Praeclarissime
1141 5512 1225 5565 his
1263 5510 1456 5564 Cicero
1497 5509 1818 5578 astlpulatur
1855 5509 1904 5562 in
1947 5510 2062 5564 Sci-

496 5583 667 5648 pionis
688 5583 928 5636 Somnio.
958 5583 1035 5636 Tu
1071 5599 1189 5637 vero
1217 5583 1294 5635 sic
1324 5583 1528 5642 habeto,
1562 5596 1664 5632 non
1699 5596 1810 5632 ease
1843 5590 1890 5632 te
1920 5596 2058 5631 mor-

497 5651 685 5711 talem,
713 5653 799 5701 aed
829 5668 1013 5718 corpus
1043 5652 1138 5704 hoc
1169 5668 1186 5704 :
1218 5667 1307 5703 nec
1337 5653 1470 5702 enim
1503 5661 1555 5701 tu
1588 5667 1673 5711 es,
1705 5666 1852 5718 quem
1883 5649 2053 5718 forma

497 5722 595 5771 ista
627 5718 890 5784 declarat,
924 5722 1009 5772 scd
1041 5737 1184 5774 mens
1218 5720 1466 5786 cujusque
1494 5719 1533 5771 is
1566 5729 1640 5771 est
1671 5723 1916 5787 quisque,
1951 5735 2052 5773 non

2168 4415 2488 4482 μετέδωκεν·
2509 4415 2624 4468 ἀλλ’
2641 4417 2790 4469 οὐδὲν
2806 4416 3010 4470 τούτων
3033 4420 3112 4482 εἰς
3130 4419 3253 4471 νοῦν
3265 4418 3444 4472 λαϐὼν
3462 4421 3488 4472 ὀ
3508 4418 3747 4487 σοφώτα·

2161 4522 2251 4567 τος
2267 4504 2356 4557 τὸν
2373 4505 2887 4576 μεγαλοφωνότατον
2908 4507 3124 4576 κήρυκα
3135 4508 3234 4578 τῆς
3245 4507 3543 4576 θεολογίας,
3558 4508 3650 4562 τὸν
3665 4509 3749 4560 52'.-

2163 4597 2490 4667 αγγελιστὴν
2507 4598 2783 4669 Ἰωάννην,
2806 4598 3059 4671 μάρτυρα
3076 4600 3174 4670 τῆς
3187 4599 3390 4663 οἰκείας
3404 4600 3588 4662 ἀνοίας
3601 4599 3746 4669 ἔχειν

2162 4691 2396 4758 ἡγεῖται·
2417 4708 2435 4740 t
2455 4691 2514 4742 '0
2534 4689 2704 4759 Λόγος
2724 4689 2854 4760 γὰρ,
2877 4691 3030 4761 φησὶ,
3053 4690 3190 4760 σὰρξ
3207 4691 3441 4759 ἐγένετο,
3462 4693 3556 4744 καὶ
3579 4693 3747 4746 ἐσκή-

2163 4800 2334 4834 νωσεν
2360 4783 2417 4835 ὲν
2437 4784 2568 4853 ἡμῖν
2589 4799 2600 4810 ·
2631 4803 2648 4834 ι
2667 4784 2952 4838 καὶταῦτα
2973 4785 3160 4854 σαφῶς
3179 4784 3354 4847 εἰδὼς,
3378 4785 3454 4848 ὡς
3477 4785 3749 4854 πολλαχοῦ

2162 4874 2222 4952 τὸ
2251 4876 2357 4926 πᾶν
2385 4875 2494 4927 ἀπὸ
2522 4875 2724 4948 μέρους
2759 4876 2930 4946 ὴθεία
2963 4877 3153 4948 Γραφὴ
3191 4877 3614 4948 προσαγορεύει,
3651 4877 3748 4930 καὶ

2167 4961 2244 5031 πη
2268 4963 2366 5031 μὲν
2383 4964 2491 5016 ἀπὸ
2517 4965 2614 5035 τῆς
2633 4965 2812 5035 ψυχῆς
2833 4967 3010 5019 πάντα
3033 4967 3189 5020 καλεῖ
3208 4968 3298 5019 τὸν
3323 4967 3635 5038 ἄνθρωπον,
3667 4967 3744 5036 πὴ

2166 5052 2224 5104 δὲ
2263 5054 2370 5106 ἀπὸ
2404 5053 2505 5123 τῆς
2538 5054 2738 5126 σαρκὸς
2764 5055 2884 5108 ὅλον
2915 5054 2975 5107 τὸ
3004 5055 3142 5120 ζῶον
3169 5055 3349 5126 δηλοῖ·
3378 5077 3396 5109 t
3417 5057 3600 5110 Πᾶσαι
3633 5055 3743 5125 γὰρ

2169 5145 2225 5196 αἱ
2255 5145 2444 5215 ψυχαὶ,
2471 5147 2526 5198 αἱ
2554 5145 2916 5211 εἰσελθοῦσαι,
2941 5148 3127 5219 φησὶν,
3159 5148 3277 5219 ἅμα
3313 5146 3510 5202 Ἰακὼὸ
3545 5149 3625 5211 εἰς
3655 5148 3748 5199 AI-

2170 5531 2229 5564 αα
2259 5515 2428 5593 ﬁgura
2449 5535 2564 5588 qum
2595 5520 2756 5588 digito
2785 5525 3137 5576 demonstrari
3160 5533 3350 5590 potest.
3382 5524 3589 5578 Pudeat
3615 5539 3744 5593 ergo

2166 5599 2288 5649 eos,
2313 5589 2404 5655 qui
2439 5601 2608 5642 totum
2650 5594 2920 5647 hominem
2962 5589 3246 5648 materiam
3289 5610 3410 5648 esse
3450 5589 3744 5649 mortalem

2165 5655 2344 5709 dicere
2382 5661 2597 5712 audent.
