4082 6258
347 301 482 354 tito

1509 285 1596 342 DE
1636 284 1744 339 INC
1761 278 2144 339 ἎΠΝΑΤΙΟΝΕ
2183 273 2438 334 DOMINL

3455 261 3594 317 1450

345 405 946 490 γυπτονέϐδομήκοντα
987 415 1148 468 πέντε
1185 412 1281 481 (l).
1321 409 1560 481 Εὔδηλον
1594 410 1650 463 δὲ
1693 410 1768 472 ὼς
1813 409 1914 461 οὐκ

2050 418 2274 482 agressa:
2313 408 2438 456 sunt
2485 414 2604 454 cum
2649 397 2851 452 Jacobo
2900 394 2952 448 in
2987 393 3276 463 :Egyptum
3309 430 3322 454 ,
3377 396 3596 456 septua-

342 512 624 581 ἀσώματοι
653 503 796 578 ἦσαν
836 509 885 560 οἱ
925 506 1020 559 τοῦ
1065 504 1262 558 Ἰακὼὸ
1313 505 1415 559 υἱοί
1447 520 1504 556 τε
1537 503 1632 557 καὶ
1680 501 1914 567 ἔκγονοι,

343 605 458 658 ἀλλ’
486 600 594 654 ἀπὸ
635 599 836 671 μέρους
875 599 936 650 τὸ
971 598 1077 650 πᾶν
1133 597 1160 647 6
1207 594 1620 666 ἱστοριογράφος
1661 591 1916 660 ἐδήλωσε.

343 690 452 744 Καὶ
484 688 646 742 πάλιν
667 703 682 717 ο
729 705 746 738 ι
771 685 930 757 Ψυχὴ
961 687 994 756 ή
1029 685 1437 756 ἁμαρτάνουσα,
1465 682 1604 753 αὐτὴ
1628 681 1918 734 ἀποθανεῖ-

346 797 454 834 ται.
507 797 525 828 ι
565 777 752 840 Οὐδεὶς
782 775 840 828 δὲ
861 774 1002 843 ἔγνω
1033 773 1252 827 πώποτε
1289 773 1466 844 ψυχὴν
1508 771 1635 826 ἄνευ
1670 770 1920 840 σώματος

348 869 594 940 ἁμαρτίᾳ
635 865 1072 938 περιπεσοῦσαν·
1117 864 1210 916 καὶ
1257 858 1432 924 αὖθις,
1475 881 1492 912 ι
1530 861 1604 913 Ού
1650 859 1724 930 μὴ
1754 874 1922 911 κατα-

353 962 509 1032 μείνῃ
537 962 598 1014 τὸ
625 959 851 1028 Πνεῦμά
881 975 982 1028 μου
1015 959 1072 1010 ὲν
1100 959 1210 1018 τοῖς
1233 953 1538 1025 ἀνθρώποις
1571 951 1805 1015 τούτοις,
1835 949 1923 1002 διὰ

350 1055 410 1108 τὸ
433 1051 571 1108 εἷναι
615 1053 811 1115 αὐτοὺς
854 1051 1049 1121 σάρκα.
1085 1068 1103 1101 ι
1145 1049 1256 1103 Καὶ
1295 1050 1324 1101 6
1357 1047 1642 1117 προφήτης
1675 1041 1922 1114 ἑτέρωθι,

357 1165 376 1198 ι
401 1147 556 1200 Πᾶσα
574 1144 708 1215 σὰρξ
724 1142 852 1214 χοῦς
873 1142 969 1214 [ita
987 1142 1129 1205 rod.,
1147 1155 1251 1195 non
1266 1139 1503 1210 χόρτος],
1520 1139 1611 1190 καὶ
1631 1137 1780 1190 πᾶσα
1800 1135 1928 1199 δόξα

353 1236 638 1308 ἀνθρώπου
664 1234 736 1297 ὡς
765 1233 922 1296 ἄνθος
947 1233 1140 1304 χόρτου
1159 1246 1174 1259 ⁸
1210 1250 1228 1283 ι
1263 1232 1356 1285 καὶ
1385 1233 1413 1283 6
1441 1231 1708 1301 μακάριος
1738 1229 1925 1292 Δαῦὶδ,

361 1347 378 1380 ι
415 1325 709 1396 Ἐμνήσθη,
729 1326 914 1394 φησὶν,
947 1324 1027 1376 ὅτι
1055 1321 1192 1394 σάρξ
1221 1323 1348 1384 είσι,
1381 1319 1598 1390 πνεῦμα
1628 1319 1929 1391 πορευόμε-

355 1437 464 1478 νον.
498 1417 594 1470 καὶ
614 1416 712 1470 οὐκ
742 1414 1090 1484 ἐπιστρέφον.
1120 1433 1137 1464 ι
1173 1411 1344 1465 Παντὶ
1364 1411 1422 1464 δὲ
1443 1409 1710 1481 δήπουθεν
1735 1407 1930 1478 γνώρι-

362 1527 478 1581 μον,
502 1507 576 1569 ὡς
603 1505 700 1558 οὐκ
729 1504 924 1573 δίψυχοι
949 1498 1089 1574 ἦσαν
1111 1496 1256 1555 οῦτοι
1285 1493 1358 1554 ὧν
1379 1497 1698 1567 κατηγορεῖ,
1727 1495 1822 1548 καὶ
1849 1488 1930 1558 οἷς

358 1597 657 1667 νομοθετεῖ,
697 1593 788 1646 καὶ
813 1587 887 1646 ὧν
913 1591 1208 1661 ἑρμηνεύει
1241 1590 1339 1659 τὴν
1372 1589 1554 1658 φύσιν.

429 1688 503 1741 Οὐ
538 1687 694 1757 μόνον
720 1685 774 1738 δὲ
811 1685 938 1745 τοὺς
981 1680 1484 1752 κατηγορουμένους
1513 1678 1684 1750 [λέγει
1724 1680 1756 1748 ἡ
1786 1678 1928 1747 Γρα-

2025 479 2176 568 ginta
2214 495 2454 564 quinque
2483 492 2632 545 luere
2663 489 2728 542 ⁸⁸.
2780 488 3007 543 Constat
3055 492 3236 538 autem
3279 497 3384 536 non
3429 479 3598 533 fuisse

2027 589 2374 652 incorporeus
2402 582 2587 638 Jacobi
2609 581 2748 636 tilios
2780 589 2940 647 atque
2971 585 3226 644 nepotes;
3255 574 3348 628 sed
3365 588 3428 626 ex
3447 580 3600 640 parte

2030 686 2197 731 totum
2233 674 2526 730 historicus
2557 669 2968 727 demonstravit.
2995 667 3062 722 Et
3091 679 3280 720 rursus
3309 679 3322 714 :
3359 682 3376 713 ι
3405 661 3596 716 Anima

2028 781 2146 836 qua:
2165 763 2489 836 peccaverit,
2510 763 2624 830 ipsa
2643 761 2902 816 morietur
2921 759 2988 810 ”.
3003 757 3202 812 iNemo
3215 768 3344 808 vero
3361 765 3600 821 unquam

2030 856 2440 912 scivitanimam
2467 855 2671 924 absque
2709 864 2936 921 corpore
2970 849 3023 902 in
3056 849 3272 916 culpam
3306 842 3588 898 incidisse.

2031 948 2318 1003 Etdenuo:
2351 963 2370 997 ι
2393 945 2507 1000 Non
2539 944 2878 1014 permanebit
2901 941 3137 1011 Spiritus
3167 951 3321 992 meus
3349 936 3404 990 in
3423 932 3604 988 homi-

2033 1038 2194 1092 nibus
2219 1036 2363 1098 istis,
2401 1038 2524 1103 quia
2553 1034 2772 1104 827m
2801 1047 2928 1086 caro
2951 1029 3188 1086 suum.»
3224 1027 3292 1082 Et
3316 1024 3444 1080 alibi
3473 1037 3604 1092 pro-

2034 1133 2196 1202 pheta
2215 1146 2228 1182 :
2248 1129 2466 1184 «Omnis
2479 1141 2612 1183 caro
2629 1125 2822 1196 pulvis,
2848 1133 2902 1180 et
2915 1122 3094 1178 omnis
3112 1120 3391 1176 hominum
3431 1115 3608 1188 gloria

2034 1239 2130 1277 ceu
2151 1220 2369 1276 l'eniﬂos
2393 1220 2494 1274 ⁸³.»
2519 1219 2716 1272 Beatus
2735 1231 2950 1286 quoque
2969 1213 3134 1268 David
3167 1231 3182 1267 :
3219 1231 3236 1264 ι
3266 1208 3606 1265 liecordatus

2035 1323 2137 1378 est,
2160 1313 2356 1382 inquit,
2389 1311 2532 1382 quod
2555 1325 2686 1366 caro
2713 1317 2863 1374 sunt,
2916 1306 3142 1374 spiritus
3174 1304 3374 1358 vadens
3417 1307 3472 1356 et
3495 1313 3604 1353 non

2037 1406 2253 1460 rediens
2278 1405 2346 1458 ⁸¹.
2383 1423 2402 1456 ι
2448 1402 2546 1458 Est
2567 1410 2746 1455 autem
2787 1399 3078 1467 unicuique
3110 1394 3471 1464 exploratum,
3499 1405 3606 1442 non

2037 1496 2204 1552 fuisse
2249 1497 2348 1550 hos
2401 1493 2670 1548 inanimes
2737 1506 2874 1560 quos
2921 1486 3294 1558 reprehendit,
3345 1482 3427 1537 vel
3489 1480 3608 1549 qui-

2037 1587 2322 1656 buslegem
2342 1583 2648 1647 constituit,
2673 1580 2756 1635 vel
2780 1595 3008 1649 quorum
3039 1588 3290 1631 naturam
3324 1570 3604 1628 describit.

2106 1677 2291 1748 Neque
2325 1677 2497 1731 solum
2543 1675 2612 1728 de
2661 1671 2990 1741 vituperatis
3045 1671 3118 1722 ita
3166 1666 3408 1737 loquitur
3449 1661 3606 1717 Scri-

363 1775 482 1850 φὴ],
509 1756 646 1830 ἀλλὰ
699 1773 793 1828 καὶ
823 1774 930 1826 τῶν
964 1772 1372 1841 ἐπαινουμένων
1407 1771 1534 1833 τοὺς
1567 1768 1927 1840 κορυφαίους·

2050 1780 2418 1835 itura,verum
2439 1767 2608 1822 etiam
2641 1766 2706 1818 de
2733 1763 3142 1818 laudatissimis.
3172 1760 3351 1814 Testis
3383 1756 3606 1818 Paulus,

362 1869 457 1921 καὶ
492 1865 695 1920 τούτων
731 1865 940 1935 μάρτυς
966 1865 994 1914 ὁ
1035 1863 1304 1932 μακάριος
1349 1860 1558 1921 Παῦλος
1601 1860 1657 1911 ὲν
1690 1860 1756 1928 τῇ
1799 1857 1932 1928 πρὸς

363 1957 608 2020 Γαλάτας
634 1955 834 2022 λέγων·
871 1973 887 2004 ι
918 1954 1046 2006 Ὅτε
1079 1952 1134 2004 δὲ
1166 1951 1458 2020 εὐδόκησεν
1490 1953 1518 2003 6
1537 1949 1666 2012 Θεὸς
1692 1951 1719 2000 6
1743 1948 1936 2017 ἀφορί-
1981 1985 1984 1988 .

367 2064 465 2109 σας
499 2064 566 2116 με
589 2047 653 2098 ὲκ
689 2041 894 2104 κοιλίας
935 2041 1139 2110 μητρός
1173 2055 1298 2110 μου,
1329 2038 1421 2089 κα¹ι
1457 2033 1696 2097 καλέσας
1727 2032 1817 2086 διὰ
1839 2033 1936 2102 τῆς

365 2139 580 2210 χάριτος
614 2133 778 2189 αὐτοῦ
822 2131 1173 2200 ἀποκαλύψαι
1213 2130 1306 2182 τὸν
1333 2128 1461 2181 Υίὸν
1501 2125 1666 2180 αὐτοῦ
1702 2126 1758 2178 ἐν
1793 2124 1934 2194 ἐμοὶ,

365 2231 563 2292 εὐθέως
599 2229 658 2280 οὐ
685 2224 1100 2298 προσανεθέμην
1138 2221 1304 2292 σαρκὶ
1342 2222 1436 2274 καὶ
1466 2220 1679 2289 αἵματι,
1701 2216 1836 2270 ἀλλὰ
1861 2215 1935 2286 (Ξ)

365 2319 502 2391 πρὸς
532 2319 655 2379 τοὺς
686 2316 790 2384 πρὸ
837 2313 969 2384 ἐμοῦ
1002 2311 1330 2373 ἀποστόλους
1365 2307 1618 2378 ἀνῆλθον.
1643 2326 1662 2358 ι
1691 2305 1754 2359 Ei
1792 2305 1848 2358 δὲ
1876 2305 1936 2356 ού

371 2409 532 2481 μόνον
562 2407 655 2459 ἐπὶ
681 2403 773 2457 τοῦ
812 2401 1074 2474 σαρκικοῦ
1109 2400 1453 2471 φρονήματος
1485 2398 1577 2451 καὶ
1607 2397 1706 2467 τῆς
1745 2395 1938 2465 θνητό-

368 2516 549 2570 τητος,
581 2496 640 2550 τὸ
675 2496 772 2564 τῆς
799 2493 996 2564 σαρκὸς
1019 2491 1271 2562 φρόνημα
1303 2487 1654 2558 λαμϐάνεται,
1679 2485 1814 2540 ἀλλά
1842 2487 1936 2538 καὶ

370 2589 462 2642 ἐπὶ
494 2587 672 2656 πάσης
689 2585 786 2652 τῆς
811 2583 902 2636 τοῦ
927 2579 1213 2652 ἀνθρώπου
1246 2578 1478 2649 φύσεως,
1511 2576 1732 2648 εὔδηλον
1758 2576 1832 2640 ὡς
1858 2577 1937 2642 τὸ,

378 2699 396 2732 ι
429 2680 486 2731 '0
514 2677 684 2744 Λόγος
711 2674 850 2746 σὰρξ
878 2675 1112 2743 ἐγένετο,
1137 2692 1154 2724 ι
1179 2672 1236 2724 οὺ
1261 2671 1320 2724 τὸ
1341 2669 1658 2740 φαινόμενον
1680 2667 1772 2720 τοῦ
1801 2667 1940 2732 ζώου

377 2770 555 2841 μόνον,
601 2766 712 2819 ἀλλ’
748 2765 866 2818 ὅλον
897 2763 1150 2834 σημαίνει
1184 2762 1274 2814 τὸν
1314 2760 1625 2831 ἄνθρωπον·
1665 2759 1783 2812 οὐδὲ
1815 2775 1938 2829 τροο

375 2862 484 2930 πήν
513 2875 634 2911 τινα
671 2856 769 2926 τῆς
813 2855 961 2916 θείας
989 2852 1176 2914 οὐσίας
1207 2854 1286 2914 εἰς
1338 2852 1516 2919 σάρκα
1559 2850 1691 2919 φησὶ
1721 2849 1944 2919 γεγενῆ-

375 2952 520 3015 σθαι,
553 2948 689 3002 ἀλλὰ
730 2947 827 3016 τὴν
865 2947 968 2999 ὑπὸ
1005 2945 1099 2999 τοῦ
1133 2943 1267 2997 Θεοῦ
1313 2945 1486 3012 Λόγου
1533 2941 1797 3012 ἀνάληψιν
1847 2942 1945 3012 τῆς

376 3039 720 3112 ἀνθρωπείας
755 3037 1016 3108 κηρύττει
1041 3036 1281 3104 φύσεως·
1310 3033 1496 3106 ὥσπερ
1530 3033 1637 3103 γὰρ
1660 3033 1740 3097 τὸ,
1775 3053 1791 3083 ι
1812 3034 1946 3103 Χρι-

378 3132 500 3192 στὸς
545 3131 692 3201 ἡμᾶς
737 3128 1070 3200 ἐξηγόρασεν
1103 3129 1168 3180 ὲκ
1200 3126 1298 3198 τῆς
1341 3126 1587 3194 κατάρας
1631 3123 1725 3176 τοῦ
1756 3123 1942 3194 νόμου,

378 3222 664 3290 γενόμενος
693 3219 832 3290 ὑπὲρ
859 3219 1014 3288 ἡμῶν
1059 3217 1290 3287 κατάρα,
1319 3235 1336 3268 ι
1366 3218 1426 3270 ού
1471 3217 1568 3287 τὴν
1597 3217 1676 3278 εἰς
1707 3214 1947 3286 κατάραν

382 3310 680 3382 μεταϐολὴν
708 3309 808 3379 τῆς
843 3310 949 3364 τῶν
982 3308 1204 3376 ἀγαθῶν
1250 3308 1432 3377 πηγῆς
1463 3307 1778 3370 αἰνίττεται,
1815 3305 1950 3359 ἀλλὰ

381 3397 479 3467 τὴν
521 3397 582 3448 δι’
622 3396 784 3448 αὑτοῦ
833 3396 1130 3466 γενομένην
1171 3396 1270 3464 τῆς
1325 3395 1599 3465 ἁμαρτίας
1650 3396 1815 3466 ἤγουν
1853 3395 1950 3463 τῆς

383 3486 626 3557 κατάρας
673 3487 1012 3558 ἀπαλλαγὴν,
1055 3488 1148 3539 καὶ
1192 3487 1275 3550 τὸ,
1316 3505 1334 3538 ι
1375 3486 1631 3539 Γενέσθαι
1678 3486 1950 3556 ἁμαρτίαν

384 3579 519 3648 ὑπὲρ
566 3579 722 3649 ἡμῶν
759 3581 849 3633 τὸν
906 3581 980 3650 μὴ
1009 3579 1204 3647 γνόντα
1241 3578 1537 3650 ἁμαρτίαν,
1583 3597 1602 3630 ι
1638 3579 1698 3632 οὐ
1723 3579 1822 3649 τὴν
1853 3579 1953 3650 τῆς

384 3669 721 3738 δικαιοσύνης
739 3671 990 3741 σημαίνει
1012 3670 1217 3740 τροπὴν
1241 3671 1530 3740 (ἄτρεπτον
1548 3669 1655 3742 γὰρ
1686 3669 1747 3723 τὸ
1777 3670 1950 3736 Θεῖον,

387 3761 476 3811 καὶ
507 3760 881 3826 ἀναλλοίωτον,
913 3760 986 3822 ὡς
1014 3758 1103 3811 διὰ
1149 3757 1244 3812 τοῦ
1289 3761 1569 3830 προφήτου
1601 3759 1729 3830 βοᾷ·
1772 3777 1789 3810 ι
1813 3757 1954 3828 Ἐγώ

388 3852 522 3918 εἰμι,
561 3851 654 3902 καὶ
683 3851 781 3902 οὐκ
807 3849 1106 3920 ὴλλοίωμαι
1125 3889 1139 3914 ,
1173 3850 1219 3921 ι)
1242 3851 1376 3904 ἀλλὰ
1405 3851 1504 3921 τὴν
1534 3851 1640 3903 τῶν
1673 3852 1956 3919 ἡμετέρων

390 3939 799 4011 ἁμαρτημάτων
825 3941 1117 4010 ἀνάληψιν·
1148 3961 1167 3992 ι
1205 3943 1308 3992 Ἴδε
1341 3941 1469 4007 γὰρ,
1499 3940 1682 4007 φησὶν,
1703 3941 1731 3990 ό
1764 3938 1956 4006 Ἀμνὸς

389 4029 484 4081 τοῦ
521 4029 676 4095 Θεοῦ,
717 4031 790 4082 ίδε
816 4033 842 4082 6
872 4032 1040 4099 αἴρων
1072 4030 1170 4096 τὴν
1215 4027 1486 4096 ἁμαρτίαν
1541 4026 1634 4078 τοῦ
1671 4027 1897 4094 κόσμου·
1933 4044 1951 4075 ι

391 4118 530 4172 οὕτω
551 4123 632 4184 τὸ,
665 4138 683 4170 ι
707 4121 762 4170 ’0
791 4119 958 4184 Λόγος
983 4116 1119 4186 σάρξ
1147 4117 1381 4184 ἐγένετο,
1413 4133 1430 4166 ι
1462 4117 1522 4168 ού
1552 4116 1650 4185 τὴν
1675 4115 1958 4167 ἀλλοίωσιν

393 4208 540 4275 λέγει
579 4209 677 4274 τῆς
723 4207 1002 4275 Θεότητος,
1036 4206 1170 4259 ἀλλὰ
1196 4207 1295 4276 τῆς
1354 4205 1700 4275 ἀνθρωπίνης
1744 4208 1958 4274 φύσεως

396 4298 664 4366 ἀνάληψιν
691 4313 705 4327 ·
735 4297 831 4368 τὴν
870 4297 1075 4366 ἄφατον
1105 4298 1212 4369 γὰρ
1252 4298 1346 4351 τοῦ
1385 4299 1518 4352 Θεοῦ
1553 4297 1959 4370 φιλανθρωπίαν

1331 4388 1499 4418 κέλ-ε.-

2037 1863 2128 1932 qui
2159 1862 2212 1914 in
2244 1858 2478 1928 Epistula
2506 1859 2572 1910 ad
2601 1855 2822 1910 Galatas
2853 1855 2927 1906 ait
2955 1871 2968 1906 :
3005 1873 3022 1904 ι
3049 1853 3182 1908 Cum
3205 1860 3385 1904 autem
3407 1846 3610 1918 placuit

2037 1954 2110 2018 ei,
2143 1952 2233 2020 qui
2264 1965 2350 2004 me
2377 1948 2682 2018 segregavit
2708 1962 2776 2001 ex
2809 1958 2965 2000 utero
3009 1943 3198 1998 matris
3227 1957 3382 2006 meae,
3433 1949 3486 1994 et
3517 1952 3614 1993 vo-

2040 2045 2181 2100 cavit
2208 2057 2302 2110 per
2331 2042 2560 2110 gratiam
2591 2053 2770 2102 suam,
2817 2047 2876 2092 ut
2927 2037 3196 2092 revelaret
3226 2033 3422 2088 Filium
3451 2045 3610 2086 suum

2040 2135 2094 2190 in
2125 2150 2232 2199 me,
2264 2133 2526 2189 continuo
2577 2146 2684 2186 non
2720 2129 2972 2200 acquievi
3021 2126 3174 2182 carni
3217 2133 3273 2180 et
3324 2121 3608 2192 sanguini,

2042 2225 2137 2279 sed
2167 2223 2232 2278 ad
2265 2235 2625 2292 praecessores
2655 2235 2804 2275 meos
2833 2217 3106 2287 apostolos
3135 2216 3338 2272 accessi
3371 2214 3439 2270 ⁸³.
3495 2235 3515 2268 ›
3548 2211 3612 2272 Si

2041 2332 2170 2386 ergo
2193 2331 2298 2370 non
2325 2324 2536 2368 tantum
2573 2314 2642 2368 de
2663 2312 2867 2367 carnali
2908 2310 3126 2376 atl‘ectu,
3173 2319 3228 2365 et
3265 2311 3332 2365 de
3367 2311 3615 2366 mortali-

2045 2417 2185 2472 tate,
2230 2405 2412 2461 carnis
2462 2419 2656 2460 sensus
2697 2403 3044 2474 intelligitur,
3096 2416 3282 2456 verum
3329 2402 3493 2457 etiam
3549 2404 3616 2458 de

2045 2499 2296 2574 universa
2346 2494 2583 2550 hominis
2627 2503 2840 2561 natura,
2887 2502 3036 2564 patet
3065 2493 3378 2560 dictionem,
3408 2511 3425 2544 ι
3478 2492 3616 2548 Ver-

2043 2589 2168 2644 bum
2193 2603 2322 2643 caro
2353 2586 2554 2642 factum
2585 2593 2688 2651 est,
2709 2605 2728 2638 »
2759 2600 2866 2641 non
2909 2586 3052 2654 quod
3083 2585 3295 2640 visibile
3323 2584 3614 2640 animantis

2044 2689 2124 2734 est
2161 2678 2570 2745 tantummodo,
2612 2681 2706 2734 sed
2738 2687 2906 2733 totum
2951 2677 3222 2732 hominem
3271 2675 3606 2748 signiﬁcare.

2044 2774 2228 2842 Neque
2277 2773 2690 2830 conversionem
2742 2771 3030 2841 quamdam
3061 2769 3258 2825 divina:
3298 2770 3618 2826 substantia:

2046 2865 2099 2920 in
2131 2877 2352 2918 carnem
2399 2862 2648 2918 evenisse
2700 2861 2852 2925 dicit,
2905 2860 3000 2914 sed
3048 2867 3386 2928 assumptam
3425 2877 3460 2913 a-
3507 2859 3618 2916 Deo

2049 2954 2227 3011 Verbo
2287 2957 2578 3010 humanam
2632 2961 2882 3006 naturain
2929 2951 3206 3019 praedicat.
3261 2950 3414 3006 Sicut
3470 2952 3616 3008 enim

2047 3051 2322 3114 iocutio,-t
2361 3046 2610 3102 Christus
2651 3043 2882 3098 redemit
2918 3058 3017 3098 nos
3033 3043 3101 3097 de
3136 3043 3428 3100 maledicto
3459 3045 3618 3118 legis,

2049 3145 2222 3200 factus
2239 3156 2335 3211 pro
2368 3140 2522 3194 nobis
2551 3136 2895 3192 maledictum
2919 3135 2984 3202 ⁸⁸,
3031 3154 3049 3186 ι
3080 3151 3420 3206 nequaquam
3443 3139 3620 3195 innuit

2049 3237 2402 3292 mutationem
2447 3232 2610 3287 fontis
2661 3233 2926 3286 bonorum
2975 3230 3028 3284 in
3079 3231 3422 3286 maledictum
3453 3271 3468 3298 ,
3524 3237 3618 3290 sed

2051 3331 2229 3400 potius
2253 3328 2444 3382 factam
2472 3340 2566 3394 per
2599 3324 2776 3393 ipsum
2815 3321 3023 3392 peccati
3064 3323 3180 3378 sive
3219 3324 3489 3379 maledicti
3521 3325 3618 3380 de-

2051 3418 2350 3489 pulsionem
2375 3433 2390 3482 ;
2422 3425 2474 3470 et
2503 3415 2664 3470 sicuti
2689 3414 2874 3478 verba,
2914 3431 2934 3465 ι
2971 3413 3176 3468 factum
3197 3429 3316 3470 esse
3337 3426 3620 3483 peccatum

2053 3525 2149 3580 pro
2174 3509 2327 3563 nobis
2353 3521 2474 3562 eum
2511 3506 2600 3575 qui
2629 3514 2908 3575 peccatum
2961 3521 3066 3560 non
3099 3516 3326 3560 noverat
3359 3507 3427 3572 ⁸⁵,
3468 3527 3486 3562 ι
3523 3525 3622 3564 ue-

2054 3615 2323 3671 quaquam
2358 3598 2583 3668 justitia:
2617 3597 2975 3652 mutationem
3009 3598 3319 3666 signiﬁcant
3349 3599 3450 3669 (est
3477 3603 3620 3654 enim

2055 3691 2378 3748 invertibilis
2411 3691 2548 3746 Deus
2573 3698 2627 3744 et
2657 3688 3026 3753 immutabilis,
3059 3688 3216 3744 sicuti
3249 3703 3345 3757 per
3391 3693 3622 3759 pmpbe-

2059 3797 2166 3840 tam
2195 3784 2420 3838 clamat:
2455 3800 2473 3831 ι
2507 3781 2617 3848 Ego
2645 3795 2786 3842 sum,
2815 3787 2991 3831 etnon
3015 3789 3192 3831 mutor
3219 3779 3286 3840 ⁸⁸,
3321 3779 3475 3846 i)sed
3493 3798 3626 3849 ρυε-

2058 3887 2302 3930 calorum
2349 3881 2655 3924 nostrorum
2698 3867 3159 3934 assumptionem:
3197 3887 3214 3920 ι
3267 3869 3403 3924 Ecce
3437 3873 3579 3926 enim
3606 3915 3621 3939 ,

2058 3963 2152 4029 ait,
2191 3963 2373 4031 Agnus
2406 3959 2520 4024 Dei,
2553 3971 2679 4012 ecce
2705 3959 2794 4027 qui
2823 3957 2961 4012 tollit
2989 3967 3270 4028 peccatum
3294 3963 3574 4031 mundi";
3601 3985 3622 4019 ν

2060 4055 2166 4116 sic,
2209 4052 2448 4118 inquam,
2494 4047 2676 4110 dictio,
2715 4067 2734 4098 ι
2769 4046 3003 4102 Verbum
3041 4064 3169 4104 caro
3217 4051 3414 4106 factum
3464 4065 3568 4118 est,
3597 4076 3615 4108 ι

2061 4155 2164 4193 ιιοιι
2198 4136 2547 4190 mutationem
2572 4136 2704 4190 dicit
2745 4135 2991 4202 Deitatis,
3017 4141 3109 4192 sed
3137 4140 3384 4196 humanae
3418 4155 3622 4198 natura:

2064 4228 2514 4297 assumptionem.
2557 4225 2802 4297 Namque
2844 4227 3170 4284 ineffabilem
3211 4229 3305 4285 Dei
3356 4247 3482 4299 erga
3527 4235 3628 4290 ho-

2067 4318 2240 4372 mines
2291 4318 2611 4370 charitatem
2667 4316 2964 4385 praedicare
3017 4318 3202 4396 volens
3248 4321 3573 4391 evangelista
3611 4363 3626 4388 ,

395 4390 422 4441 6
445 4387 830 4456 εύαγγελιστὴς
862 4388 1168 4460 κηρύττων,
1190 4390 1263 4451 ὡς
1296 4388 1535 4453 ἐδίδαξεν
1575 4388 1648 4450 ὡς
1671 4390 1698 4440 6
1727 4389 1786 4442 ὲν
1817 4389 1943 4458 ἀρχῇ

2069 4418 2354 4479 postquam
2370 4407 2573 4474 docuit,
2604 4407 2828 4477 828m
2858 4421 2980 4460 eum
3006 4409 3094 4476 qui
3117 4391 3198 4462 ab
3231 4387 3548 4478 initio—erat,
3579 4387 3634 4468 et

395 4497 468 4552 ὢν
505 4499 604 4567 (5),
632 4497 724 4551 καὶ
758 4499 888 4561 Θεὸς
909 4497 1004 4566 ὢν,
1041 4499 1135 4551 καὶ
1163 4498 1299 4571 πρὸς
1336 4499 1430 4552 τὸν
1459 4498 1590 4552 Θεὸν
1617 4497 1713 4560 ὣν,
1737 4497 1831 4551 καὶ
1867 4499 1960 4550 ού-

395 4588 588 4642 δέποτε
617 4589 691 4662 μὴ
722 4589 817 4655 ὢν,
853 4593 881 4644 ὁ
901 4589 1310 4662 δημιουργήσας
1339 4590 1542 4655 πάντα,
1572 4591 1600 4641 ὁ
1633 4589 1700 4642 τὰ
1738 4590 1812 4661 μὴ
1834 4589 1964 4643 ὄντα

473 4795 668 4851 "Gen.
705 4809 848 4860 τινι,
879 4793 970 4848 27.

401 4879 442 4932 ι,
469 4865 559 4920 15.
635 4865 681 4897 ⁸⁸
709 4865 886 4919 Galat.
919 4880 1000 4930 ιιι,
1029 4865 1114 4918 15.
1191 4863 1235 4896 ⁸⁵
1263 4865 1303 4918 ll
1334 4869 1458 4919 Cor.
1481 4880 1535 4928 ν,
1561 4863 1647 4917 2-1.

473 5047 550 5117 (l)
576 5045 726 5099 llunc
757 5041 1124 5117 numerum_i_n
1153 5041 1336 5094 Grmca
1370 5039 1562 5117 Genesi
1594 5039 1882 5107 scriptum,
1911 5049 1965 5093 et

402 5111 672 5170 cum'Act.
706 5121 877 5179 apost.
908 5128 1012 5174 vn,
1047 5111 1142 5175 M,
1175 5113 1633 5173 consentientem,
1667 5119 1967 5177 sequuntur

401 5185 577 5240 Latini
609 5187 768 5236 etiam
813 5181 1001 5235 Patres
1027 5181 1257 5247 aliquot,
1302 5190 1434 5233 teste
1476 5179 1786 5242 Sahaterio;
1830 5180 1966 5246 apud

400 5272 558 5322 quem
595 5253 952 5322 Hieronymus
986 5266 1200 5320 quoque
1232 5260 1285 5302 et
1315 5249 1644 5316 Augustinus
1680 5251 1744 5301 de
1779 5263 1836 5300 re
1871 5249 1971 5302 dis-

401 5333 606 5378 scrttttt.

472 5393 636 5461 (‘2)lta
669 5391 788 5444 cod.
815 5391 967 5452 ἀλλά,
1002 5389 1110 5449 sed,
1140 5404 1236 5457 pro
1262 5389 1395 5461 οὐδέ
1413 5405 1592 5458 neque,
1620 5389 1760 5461 quod
1789 5399 1964 5445 tamen

400 5459 586 5513 contra
633 5475 967 5513 communem
1020 5474 1238 5527 prorsus
1284 5459 1526 5512 codicum
1573 5467 1625 5512 et
1671 5460 1963 5514 editionum

401 5531 776 5585 auctoritatem
806 5545 926 5582 esse
951 5531 1179 5582 videtur.

475 5602 547 5668 (ὃ)
589 5600 895 5664 Opportune
918 5614 1140 5666 magnus
1162 5597 1352 5652 Cicero
1376 5599 1425 5653 in
1451 5598 1716 5664 Scipionis
1743 5598 1964 5654 Somnio

403 5671 545 5724 circa
583 5671 762 5729 linem,
796 5668 882 5720 ubi
920 5671 985 5721 de
1023 5669 1126 5720 Deo
1158 5683 1334 5722 rerum
1369 5672 1605 5724 omniunt
1645 5679 1851 5724 motore
1887 5671 1958 5724 lo-

717 5759 989 5819 Panos.
1023 5760 1136 5820 Gn.
1186 5760 1413 5820 LXXV.

1049 4794 1092 4826 ³⁸
1123 4793 1319 4850 Ezech.
1351 4809 1505 4856 xvm,
1539 4795 1591 4847 4.
1669 4793 1714 4826 ⁸ο
1749 4796 1886 4847 Gen.
1929 4809 1943 4843 ι

2050 4794 2092 4858 5,
2120 4794 2207 4849 41.
2272 4793 2436 4848 “Isa.
2467 4809 2553 4857 XL,
2581 4793 2632 4849 6.
2709 4796 2752 4826 ⁸²
2796 4795 2937 4848 Psal.
2969 4811 3171 4860 Lxxvtt,
3201 4797 3287 4851 '59.

1723 4865 1768 4895 ⁸⁸
1802 4864 2027 4917 Malach.
2063 4881 2142 4926 ιιι,
2176 4865 2226 4918 6.
2306 4864 2350 4895 ⁸⁷
2373 4863 2524 4918 Joan.
2559 4880 2595 4929 ι,
2629 4864 2716 4918 29.

2069 4502 2158 4570 qui
2191 4500 2329 4555 Deus
2351 4510 2489 4564 erat,
2511 4509 2565 4553 et
2589 4503 2678 4568 qui
2721 4499 2861 4567 apud
2894 4499 3058 4551 Deum
3097 4511 3232 4566 erat,
3265 4510 3319 4554 et
3352 4503 3441 4570 qui
3488 4519 3630 4558 nun-

2069 4606 2230 4661 quam
2262 4604 2370 4644 non
2405 4590 2618 4655 fuerat,
2663 4589 2754 4657 qui
2803 4588 2984 4642 omnia
3015 4600 3335 4658 creaverat,
3383 4593 3474 4661 qui
3522 4610 3632 4651 non

3383 4797 3427 4828 ⁸³
3455 4797 3629 4854 Gulat.

2073 5042 2256 5110 quitur
2286 5059 2298 5092 :
2333 5038 2602 5112 Principio
2637 5043 2782 5096 nulla
2815 5054 2887 5097 est
2923 5046 3088 5112 origo,
3123 5061 3240 5096 nam
3277 5061 3340 5098 ex
3373 5045 3634 5112 principio

2075 5113 2316 5164 oriuntur
2349 5111 2543 5174 onmt'a,
2581 5115 2750 5180 ipsum
2787 5127 2960 5167 autent
2996 5111 3138 5166 nulla
3171 5129 3235 5167 ea:
3273 5131 3326 5168 re
3359 5111 3381 5168 ἐ
3413 5111 3550 5183 σμιοά
3591 5117 3638 5168 si

2078 5196 2339 5261 nunquam
2389 5183 2577 5261 oritur,
2634 5199 2694 5235 ne
2737 5185 2922 5261 occidi}
2962 5185 3166 5261 quidem
3207 5181 3454 5254 unquam.
3493 5181 3638 5238 Nam

2075 5251 2392 5318 principium
2411 5251 2752 5316 exstinctum,
2774 5271 2863 5306 nec
2893 5251 3060 5321 ipsum
3090 5253 3151 5304 ab
3182 5251 3634 5318 alio—renascetur,

2080 5336 2170 5372 nec
2198 5335 2262 5371 ex
2285 5335 2342 5390 ξε
2372 5321 2517 5371 aliud
2547 5321 2740 5374 creabit
2766 5363 2779 5384 ,
2810 5334 2913 5376 etc.
2945 5321 2998 5376 Si
3029 5337 3155 5390 ergo
3179 5322 3412 5378 Verbum
3435 5364 3447 5387 ,
3477 5335 3535 5376 ut
3565 5333 3642 5376 te-

2073 5399 2248 5462 statur
2278 5387 2534 5452 Joannes,
2575 5393 2626 5444 in
2673 5394 2934 5460 principio
2973 5387 3117 5455 erat;
3141 5401 3195 5445 et
3237 5396 3450 5460 quidem
3499 5392 3641 5462 apud

2073 5458 2276 5540 Domni
2304 5475 2574 5540 nunquam
2606 5463 2771 5540 cuapi-l
2794 5501 2808 5522 .
2836 5458 2889 5516 et
2919 5458 3506 5540 ipsutn_se_tttpiternum
3534 5458 3639 5517 est.

2076 5527 2209 5602 liiuc
2230 5529 2497 5602 rliominus
2529 5527 2707 5602 Jesus,
2738 5530 2887 5584 Joan.
2921 5527 3036 5597 vm,
3058 5531 3151 5594 25,
3184 5527 3643 5602 interrogantibus

2071 5597 2268 5678 Judaeis
2307 5597 2442 5680 :_Tu
2469 5601 2594 5680 quis
2636 5618 2686 5652 es
2709 5602 2743 5680 .°-
2768 5604 3050 5680 _rcspondit
3085 5604 3340 5659 divinitus
3383 5597 3418 5658 τ’
3437 5601 3643 5656 Princi-

2072 5673 2236 5738 pium,
2266 5673 2354 5738 qui
2384 5677 2430 5723 et
2461 5673 2644 5739 loquor
2668 5673 2823 5725 vobis.

3142 5762 3213 5822 46
