4082 6258
490 351 624 410 1451

1493 334 1552 388 S.
1588 323 1862 386 CYRILLI
1893 313 2366 377 ALEXANDRINI
2409 309 2735 368 ARCIIIEP.

3612 294 3762 350 “5?.

494 470 813 529 exsistentia
842 467 906 522 ad
946 461 1318 522 exsistendum
1359 464 1626 518 traxerat,
1666 449 1759 519 qui
1794 446 1904 501 vita
1945 449 2100 503 erat,

2203 439 2250 501 ίς
2269 437 2330 490 τὸ
2357 431 2496 489 εἶναι
2520 433 2778 502 ποιήσας,
2806 427 2839 499 ἡ
2862 424 2998 496 ζωὴ,
3029 422 3089 477 τὸ
3113 419 3230 490 φῶς
3251 417 3315 472 τὸ
3347 413 3628 488 ἀληθινὸν,
3656 413 3764 484 τὴν

495 579 551 623 ct
577 567 670 621 lux
697 577 858 625 vera;
892 561 1001 622 hic,
1038 557 1134 620 ait,
1164 551 1443 608 hominum
1462 559 1590 600 suas
1617 542 1745 598 fecit
1766 537 2069 610 passiones,

498 658 625 714 dum
667 653 946 709 hominum
971 647 1202 703 salutem
1233 646 1576 708 operaretur.
1610 632 1856 699 Cumque
1895 625 2073 681 adhuc

504 750 677 821 magis
733 743 1115 801 beneﬁciorum
1175 735 1318 791 illius
1381 725 1812 798 magnitudinem
1847 719 2075 821 demon-

504 805 681 897 strare
703 836 882 896 vellet,
911 840 1252 900 nequaquam
1279 823 1347 878 de
1377 815 1672 875 immortali
1695 813 1876 867 anima
1908 805 2074 862 verba

505 934 652 998 fecit,
684 931 777 985 sed
817 928 882 982 de
904 897 1146 995 passibili
1176 931 1361 979 carne,
1387 909 1600 967 mortali
1629 916 1683 963 et
1711 897 2071 972 corruptibili,

505 1037 572 1080 ex
602 989 940 1082 li'mofacla';
989 1021 1152 1082 atque
1190 1024 1220 1062 a
1264 1012 1419 1076 parte
1467 1009 1632 1055 totam
1679 1003 1928 1049 naturam
1977 989 2074 1043 de-

506 1110 769 1173 claravit,
811 1117 870 1160 ut
893 1079 1176 1172 sequentia
1207 1103 1478 1152 testantur
1514 1107 1528 1144 :
1565 1105 1584 1139 ι
1624 1085 1857 1141 Verbum
1888 1079 2032 1136 enim
2057 1117 2073 1143 ,

579 1405 733 1462 Alius
759 1416 889 1455 vero
920 1399 967 1453 is
993 1402 1134 1460 erat,
1179 1391 1270 1461 qui
1313 1388 1476 1443 modo
1533 1381 1763 1439 naturali
1812 1376 2083 1433 inhabita-

509 1502 626 1561 bat,
664 1493 808 1548 aliud
838 1504 969 1545 vero
1001 1483 1284 1553 templum.
1319 1479 1498 1546 Quare
1528 1484 1582 1528 et
1613 1470 1812 1527 Judacis
1861 1467 2079 1522 aiebat:

517 1608 538 1642 ι
575 1556 780 1644 solvite
829 1578 1085 1650 templum
1123 1575 1245 1638 hoc,
1268 1580 1322 1626 et
1362 1583 1462 1639 ego
1507 1566 1680 1621 tribus
1710 1562 1900 1617 diebus
1933 1556 2088 1613 exci-

516 1680 642 1736 tabo
666 1675 814 1731 illud.
845 1673 914 1726 ”.
955 1690 975 1723 ι
1014 1663 1224 1735 Templi
1263 1677 1394 1717 vero
1425 1657 1624 1714 solutio
1657 1661 1776 1709 erat
1807 1651 2006 1707 anima:
2054 1664 2085 1705 a

515 1763 742 1842 corpore
776 1761 1058 1821 dissolutio
1081 1777 1095 1814 :
1117 1771 1242 1812 nam
1269 1767 1418 1809 mors
1450 1758 1536 1807 est
1559 1747 1754 1802 anima:
1794 1759 1824 1798 a
1854 1755 2086 1812 corpore

519 1815 742 1842 ηυγ...-
780 1815 963 1821 --ηπ

519 1876 784 1920 recessus.
816 1858 959 1925 Ergo
996 1851 1178 1920 templi
1229 1846 1551 1902 solutionem
1595 1845 1853 1909 Operatur
1893 1835 2088 1888 animae
2120 1815 2161 1874 Β

518 1973 548 2010 a
574 1964 802 2022 corpore
835 1923 1128 2012 separatio.
1172 1939 1339 2009 Igitur
1389 1934 1432 1988 si
1474 1929 1644 1986 Judmi
1689 1926 1946 1996 templum
1985 1923 2092 1978 sol-

520 2017 752 2108 verunt,
805 2036 952 2094 cruci
1006 2031 1278 2098 mortique
1335 2025 1612 2080 tradentes
1647 2059 1662 2085 ,
1721 2017 1926 2073 solutio
1962 2028 2093 2069 vero

522 2133 704 2204 templi
754 2127 1162 2196 coniunctorum
1207 2115 1480 2188 separatio
1518 2110 1667 2175 fuit,
1733 2108 1876 2162 Deus
1911 2113 2090 2158 autem

524 2227 758 2283 Verbum
790 2224 892 2276 hoc
921 2215 1241 2274 dissolutum
1305 2203 1660 2264 resuscitavit
1685 2242 1700 2267 ,
1747 2197 2092 2269 exploratum

523 2317 760 2374 arbitror
796 2326 920 2367 esse
971 2303 1350 2378 prudentibus,
1406 2313 1512 2353 non
1573 2294 1868 2350 inanimem
1921 2303 2097 2358 neque

525 2419 706 2466 mente
749 2409 1046 2464 carentem,
1073 2398 1167 2452 sed
1217 2392 1520 2465 perfectum
1579 2387 1855 2443 hominem
1912 2397 1941 2437 a
1985 2382 2098 2436 Deo

528 2501 704 2556 Verbo
739 2501 1073 2562 assumptum
1129 2484 1322 2539 fuisse.
1382 2480 1514 2534 Nam
1558 2477 1604 2532 si
1657 2489 1755 2546 pro
1803 2470 2097 2528 immortali

525 2589 730 2654 anima,
766 2586 820 2639 in
865 2558 1148 2645 assumpto
1195 2585 1423 2641 corpore
1457 2567 1600 2622 Deus
1645 2563 1880 2618 Verbum
1931 2558 2100 2614 exsti-

528 2653 722 2746 tisset,
750 2674 936 2743 utique
971 2666 1172 2724 Judaeis
1221 2662 1452 2719 dixisset
1499 2675 1514 2713 :
1551 2653 1842 2711 Dissolvite
1879 2666 1987 2717 me,
2045 2657 2100 2705 et

528 2739 716 2828 tridro
741 2739 1040 2831 resurgam.
1075 2756 1230 2812 Nunc
1254 2767 1385 2808 vero
1415 2765 1538 2806 cum
1565 2747 1782 2810 doceat,
1812 2751 1867 2800 et
1915 2739 2099 2811 templi

528 2862 672 2920 illius
690 2841 1524 2914 mortalitatem,etiuhabitantis
1537 2839 1762 2896 Deitatis
1779 2834 2099 2907 potentiam,

533 2973 557 3010 ι
596 2952 823 3016 Solvite,
856 2944 1058 3014 inquit,
1078 2939 1338 3010 templum
1375 2936 1500 2999 hoc,
1525 2940 1582 2987 et
1613 2945 1712 3002 ego
1748 2929 1928 2983 triduo
1952 2923 2104 2981 esci-

531 3049 657 3104 tabo
683 3041 831 3100 illud.
872 3057 892 3092 ι
936 3035 1054 3091 Non
1078 3033 1224 3090 enim
1255 3043 1381 3098 ego,
1411 3026 1525 3092 ait,
1559 3040 1590 3080 a
1620 3021 1774 3078 vobis
1807 3018 2098 3084 dissolvar,

531 3139 625 3195 sed
656 3141 989 3199 assumptum
1024 3144 1054 3182 a
1083 3141 1169 3181 me
1202 3121 1499 3191 templum;
1554 3126 1608 3172 et
1635 3117 1741 3172 hoc
1771 3115 1986 3183 quidem
2021 3112 2104 3182 ip-

2173 527 2426 599 φθαρτὴν
2450 523 2682 579 άνέλαὸε
2704 521 2889 592 φύσιν,
2903 518 2998 572 και
3019 514 3088 569 τὰ
3100 512 3208 566 τῶν
3228 508 3538 583 ἀνθρώπων
3556 504 3766 578 ᾠκειώ-

2174 637 2308 678 σατο
2352 618 2523 687 πάθη,
2558 617 2657 687 τὴν
2701 613 2811 668 τῶν
2871 607 3178 680 ἀνθρώπων
3229 600 3765 675 πραγματευόμενος

2175 711 2472 782 σωτηρίαν.
2500 708 2613 762 Καὶ
2637 704 2901 776 μειζόνως
2925 698 3088 756 αὐτοῦ
3112 695 3284 760 δεῖξαι
3303 693 3408 763 τῆς
3435 688 3766 762 εὐεργεσίας

2174 803 2234 856 τδ
2266 778 2498 872 μέγεθος
2527 796 2814 867 ἐθελήσας,
2835 793 2898 845 ού
2927 791 3029 860 τῆς
3051 785 3235 858 ψυχῆς
3264 782 3642 855 ἐμνημόνευσε
3661 778 3767 847 τῆς

2175 871 2471 957 ἀθανάτου,
2508 889 2646 944 ἀλλὰ
2675 888 2774 958 τῆς
2813 884 3018 956 σαρκδς
3042 882 3142 952 τῆς
3176 877 3451 946 παθητῆς,
3481 874 3584 944 τῆς
3632 871 3768 942 θνη-

2175 986 2296 1057 τῆς,
2327 983 2430 1052 τῆς
2463 979 2854 1052 φθειρομένης,
2903 972 3005 1042 τῆς
3047 971 3113 1024 ἐκ
3157 964 3332 1038 πηλοῦ
3362 960 3768 1034 γεγενημένης

2178 1050 2271 1132 καὶ
2293 1050 2401 1131 ἀπό
2442 1050 2538 1128 τοῦ
2575 1050 2774 1144 μέρους
2807 1067 2904 1138 τὴν
2931 1065 3115 1118 πᾶσαν
3145 1061 3311 1129 φύσιν
3358 1055 3657 1126 ἐδήλωσεν,
3690 1050 3771 1112 ὡς

2051 1142 2076 1210 έ
2184 1168 2454 1239 μαρτυρεῖ
2494 1142 2584 1218 τὸ.⁷
2613 1159 2970 1229 ἐπαγόμενα·
3011 1175 3030 1206 ι
3070 1153 3130 1206 '0
3176 1149 3351 1218 Λόγος
3394 1147 3532 1218 γὰρ,
3577 1142 3769 1214 φησιν,

2189 1257 2324 1330 σὰρξ
2349 1257 2589 1326 ἐγένετο,
2621 1252 2718 1306 καὶ
2737 1251 3051 1320 ἐσκήνωσεν
3074 1247 3131 1298 ἐν
3159 1245 3314 1314 ἡμῖν.
3346 1259 3364 1291 ι

2254 1369 2484 1439 Ἕτερος
2521 1365 2578 1419 δὲ
2609 1365 2638 1418 6
2660 1361 2995 1430 κατοικήσας
3032 1353 3175 1409 κατὰ
3197 1352 3290 1405 τὸν
3332 1350 3490 1417 λόγον
3524 1347 3625 1417 τῆς
3663 1345 3774 1416 φύ-

2185 1477 2342 1523 σεως,
2368 1459 2465 1513 καὶ
2486 1458 2674 1527 ἔτερος
2695 1456 2723 1508 6
2749 1451 2896 1514 ναός.
2911 1449 3003 1502 Διὸ
3022 1447 3119 1501 καὶ
3145 1446 3260 1507 τοῖς
3289 1441 3563 1502 Ἰουδαίοις
3585 1439 3775 1506 ἔλεγε·

2191 1571 2210 1604 ι
2237 1550 2450 1605 Λύσατε
2480 1547 2570 1601 τὸν
2616 1545 2746 1600 ναδν
2795 1541 3005 1605 τοῦτον,
3054 1538 3153 1592 καὶ
3206 1537 3263 1590 ἐν
3306 1534 3480 1605 τρισὶν
3522 1531 3778 1603 ἡμέραις

2185 1640 2364 1713 ἐγερῶ
2396 1638 2578 1694 αὐτόν.
2608 1655 2626 1688 ι
2649 1634 2818 1698 Λύσις
2845 1632 2902 1686 δὲ
2933 1629 3028 1685 τοῦ
3053 1628 3208 1693 ναοῦ,
3239 1626 3415 1696 ψυχῆς
3440 1623 3534 1676 καὶ
3570 1621 3775 1691 σώμα-

2185 1711 2345 1804 τοςήὴ
2383 1727 2687 1795 διάζευξις’
2713 1725 2962 1786 ’Θάνατος
3000 1722 3108 1794 γάρ
3136 1721 3254 1773 ἐστι
3310 1716 3487 1787 ψυχῆς
3518 1713 3627 1767 ἀπὸ
3662 1711 3779 1765 σώ-

2193 1841 2361 1897 ματος
2385 1822 2766 1893 ἀναχώρησιςο
2791 1814 2988 1871 οὐκοῦν
3012 1814 3111 1885 τὴν
3151 1811 3306 1865 λύσιν
3333 1808 3429 1862 τοῦ
3459 1805 3588 1861 ναοῦ
3618 1806 3647 1859 6
3671 1803 3781 1873 τῆς

2191 1896 2372 1988 ψυχῆς
2407 1912 2702 1986 ἐργάζεται
2734 1907 3046 1982 χωρισμός·
3097 1906 3146 1958 εί
3173 1902 3354 1957 τοίνυν
3398 1898 3640 1953 Ἰουδαῖοι
3683 1896 3780 1948 τὸν

2193 1987 2323 2061 ναὸν
2370 2005 2568 2059 ἔλυσαν
2607 2000 2832 2073 σταυρῷ
2879 1997 2974 2052 καὶ
3021 1994 3238 2064 Θανάτῳ
3293 1987 3777 2062 παραδεδωκότες,

2193 2099 2349 2162 λύσις
2371 2097 2428 2150 δέ
2459 2093 2589 2150 ναοῦ
2612 2093 2722 2147 τῶν
2743 2087 3109 2162 συνημμένων
3139 2088 3168 2140 6
3194 2081 3499 2156 χωρισμὸς,
3521 2080 3550 2133 6
3568 2078 3623 2131 δὲ
3645 2077 3779 2139 Θεὸς

2196 2191 2370 2258 Λόγος
2403 2185 2591 2240 τοῦτον
2637 2183 2870 2236 λυθέντα
2925 2179 3216 2248 ἀνέστησε,
3262 2173 3438 2244 σαφές
3464 2167 3614 2244 οἶμαι
3661 2171 3778 2233 τοῖς

2197 2282 2486 2351 ἔμφροσιν,
2523 2276 2599 2341 ὡς
2632 2276 2734 2328 οὐκ
2779 2274 2984 2344 ἄψυχον
3017 2269 3140 2323 οὐδὲ
3164 2269 3358 2332 ἄνουν,
3407 2263 3541 2318 ἀλλὰ
3572 2261 3779 2316 τέλειον

2197 2369 2488 2440 ἄνθρωπον
2521 2369 2550 2420 6
2578 2365 2711 2428 Θεὸς
2752 2362 3045 2417 ἀνελάϐετο
3069 2359 3244 2427 Λόγος
3266 2377 3279 2390 ·
3315 2359 3365 2410 εί
3400 2357 3507 2427 γάρ
3535 2352 3655 2408 ἀντὶ
3679 2352 3778 2422 τῆς

2198 2459 2466 2516 ἀθανάτου
2492 2456 2691 2528 ψυχῆς,
2717 2457 2774 2508 ἐν
2802 2452 2880 2525 τῷ
2912 2449 3279 2521 άναληφθὲντι
3317 2448 3534 2519 σώματι
3562 2445 3781 2514 γέγονεν

2198 2551 2226 2603 6
2270 2551 2402 2612 Θεὸς
2425 2551 2617 2618 Λόγος,
2649 2542 2802 2600 εἷπεν
2834 2545 2900 2600 ἂν
2939 2546 3054 2606 τοῖς
3096 2541 3399 2604 Ἰουδαίοις·
3441 2537 3656 2592 Λύσατε
3689 2552 3780 2603 με,

2209 2643 2304 2698 καὶ
2342 2645 2400 2696 ἐν
2454 2641 2631 2712 τρισὶν
2675 2637 2916 2708 ἡμέραις
2947 2635 3364 2705 ἀναστήσομαιο
3423 2630 3519 2683 νῦν
3543 2629 3602 2683 δέ
3637 2627 3780 2682 διδά-

2203 2748 2372 2795 σκων,
2403 2730 2497 2783 καὶ
2531 2726 2626 2781 τοῦ
2665 2725 2796 2781 ναοῦ
2830 2725 2892 2779 τὸ
2917 2721 3219 2794 τηνικαῦτα
3247 2722 3310 2775 τὸ
3353 2718 3566 2790 θνητδν,
3596 2717 3691 2771 καὶ
3721 2715 3784 2769 τὸ

2200 2820 2425 2876 δυνατὸν
2457 2819 2558 2889 τῆς
2591 2814 2910 2886 ἐνοικούσης
2953 2812 3242 2882 Θεότητος,
3295 2829 3316 2862 ι
3359 2809 3593 2872 Λύσατε,
3627 2804 3779 2875 φησὶ,

2201 2913 2294 2968 τὸν
2319 2911 2446 2964 ναὸν
2489 2908 2712 2972 τοῦτον,
2759 2907 2854 2960 καὶ
2886 2909 2943 2959 ἐν
2987 2904 3166 2975 τρισὶν
3206 2901 3445 2972 ἡμέραις
3478 2896 3655 2970 ἐγερῶ
3680 2896 3782 2950 αύ-

2202 3005 2293 3060 τὸν
2313 3023 2326 3034 ·
2360 3023 2378 3056 ι
2407 3005 2470 3058 ού
2501 3003 2611 3074 γάρ
2647 3001 2777 3070 ἐγὼ,
2795 2999 2982 3070 φησιν,
3011 2996 3103 3068 ὑφ’
3133 2996 3288 3068 ὑμῶν
3314 2994 3638 3064 λυθήσομαι,
3667 2989 3784 3044 ἀλλ’

2205 3099 2233 3151 6
2261 3095 2491 3168 ληφθεὶς
2527 3095 2620 3148 ὑπ’
2669 3091 2807 3164 ἐμοῦ
2847 3093 3006 3155 ναός·
3038 3089 3136 3143 καὶ
3168 3080 3323 3152 οὗτος
3352 3085 3410 3140 δὲ
3452 3084 3664 3148 λύεται,
3698 3082 3788 3136 ἶνα

531 3174 625 3195 σου
656 3174 989 3199 παν...,,......
1024 3174 1054 3182 _
1083 3174 1167 3181 ----
1315 3174 1338 3191 ,κ
1485 3174 1498 3184 ,
1789 3174 1802 3183 _
2041 3174 2056 3182 _

531 3247 652 3289 sum
684 3229 756 3283 ita
783 3220 1097 3279 dissolvitur
1127 3257 1142 3283 ,
1175 3225 1236 3270 ut
1267 3212 1492 3268 meliore
1525 3208 1926 3265 resurrectione
1953 3215 2100 3276 post-

2205 3187 2518 3258 κρείττονος
2559 3185 2915 3247 ἀναστάσεως
2967 3179 3274 3251 ἀπολαύσῃ,
3327 3177 3416 3231 ἵνα
3452 3175 3551 3248 τὴν
3585 3174 3788 3245 θνητὴν

531 3339 595 3381 ea
636 3322 869 3383 fruatur,
901 3322 959 3369 ut
985 3307 1271 3367 mortalem
1303 3305 1539 3373 deponat
1575 3311 1850 3362 naturam,
1888 3307 1948 3351 ιιι
1981 3311 2104 3350 cor-

534 3414 838 3486 ruptionem
867 3412 1031 3461 exuat
1059 3409 1115 3455 et
1147 3398 1334 3454 induat
1359 3393 1843 3464 incorruptionem,
1882 3387 2104 3460 829m

535 3481 816 3558 ut—mortis
847 3493 1136 3565 imperium
1199 3490 1464 3551 destruat,
1493 3492 1552 3537 ut
1599 3483 1693 3536 [lat
1723 3481 2106 3536 dormientium

536 3592 826 3662 primitiae,
892 3595 949 3640 ut
997 3579 1368 3650 corruptionis
1417 3575 1697 3631 doloribus
1762 3573 1956 3629 solutis
1999 3585 2104 3639 ap-

537 3690 724 3753 pareat
746 3683 1078 3732 mortuorum
1108 3669 1524 3740 primogenitus,
1581 3677 1636 3721 et
1673 3667 1890 3734 propria
1929 3677 2110 3717 resur-

536 3772 780 3831 rectione
834 3765 1071 3826 omnium
1134 3759 1414 3817 hominum
1467 3756 1924 3812 resurrectionem
1979 3769 2106 3822 por-

538 3866 746 3925 tendat.

541 4005 682 4061 Xlx.
721 3997 1106 4059 Demonatratio
1140 4035 1156 4059 ,
1211 3993 1352 4062 quod
1401 3990 1635 4044 animam
1670 3981 2113 4062 Δἰηιείιιξιιιιιιιιεηι

928 4069 1070 4124 Deus
1113 4058 1332 4120 Verbum
1363 4058 1720 4126 assumpseril.

618 4187 772 4256 Quod
825 4192 1005 4238 autem
1054 4180 1171 4234 haec
1198 4177 1274 4231 ita
1307 4187 1366 4229 se
1402 4171 1657 4234 habeant,
1700 4176 1931 4221 testatur
1983 4179 2116 4235 apo-

544 4281 806 4337 stolorum
836 4275 1087 4345 princeps
1113 4271 1166 4324 in
1189 4267 1415 4322 Actibus
1436 4264 1754 4327 dicens,non
1780 4259 1946 4314 fuisse
1962 4257 2116 4312 dere-

544 4376 726 4428 lictam
753 4369 990 4423 animam
1023 4361 1142 4430 eius
1171 4361 1225 4413 in
1258 4357 1492 4417 inferno,
1524 4367 1700 4422 neque
1734 4366 1953 4407 carnem
1997 4349 2115 4418 ejus

546 4462 751 4517 vidisse
792 4452 1196 4523 corruptionem
1227 4448 1300 4501 “.
1382 4443 1590 4512 Templi
1625 4455 1755 4512 ergo
1807 4439 2004 4495 solutio
2032 4446 2115 4492 est

2205 3278 2478 3349 ἀπόθηται
2509 3277 2694 3348 φύσιν,
2731 3276 2818 3330 ἵνα
2842 3275 2942 3344 τὴν
2970 3272 3180 3345 φθορὰν
3212 3270 3550 3339 ἀποδύσηται
3577 3270 3674 3322 καὶ
3691 3267 3790 3338 τὴν

2205 3370 2520 3442 ἀφθαρσίαν
2557 3367 2868 3439 ἐνδύσηται,
2893 3368 2981 3420 ἵνα
3015 3365 3109 3418 τοῦ
3151 3364 3385 3418 θανάτου
3415 3360 3697 3432 καταλύσῃ
3730 3359 3791 3412 τδ

2207 3463 2430 3534 κράτος,
2467 3461 2556 3514 ἵνα
2578 3460 2685 3513 τῶν
2717 3457 3135 3528 κεκοιμημένων
3157 3454 3390 3526 ἀπαρχὴ
3416 3454 3668 3525 γένηται,
3703 3452 3792 3504 ῐνα

2207 3553 2376 3618 λύσας
2405 3553 2508 3625 τῆς
2531 3552 2736 3623 φθορᾶς
2765 3551 2864 3615 τὰς
2899 3551 3096 3613 ὠδῖνας
3125 3547 3418 3618 ἀναδειχθῇ
3442 3546 3550 3599 τῶν
3579 3543 3792 3614 νεκρῶν

2210 3643 2579 3716 πρωτότοκος,
2608 3643 2703 3697 καὶ
2731 3642 2818 3695 διὰ
2850 3642 2951 3712 τῆς
2977 3640 3186 3704 οἰκείας
3224 3640 3578 3701 ἀναστάσεως
3627 3636 3794 3703 εὐαγ-

2209 3735 2492 3806 γελίσηται
2523 3735 2623 3801 τὴν
2649 3734 2868 3787 πάντων
2898 3730 3200 3804 ἀνθρώπων
3224 3731 3536 3785 ἀνάστασιν.

2214 3984 2314 4039 ΙΘ’.
2359 3981 2687 4046 Ἀπόδειξις
2730 3980 2819 4034 ὅτι
2858 3979 3074 4106 ψέλχέν
3103 3979 3324 4048 γοερὰν
3349 3982 3384 4032 ό
3418 3976 3564 4043 Θεὸς
3597 3978 3794 4048 Λόγος

2960 4067 2997 4102 a
3033 4067 3122 4104 εν.

2960 4067 3122 4104 αδεν.

2286 4168 2408 4220 Ὅτι
2435 4166 2493 4219 δὲ
2519 4164 2693 4220 ταῦτα
2732 4164 2906 4228 οὕτως
2935 4163 3074 4234 ἔχει,
3117 4162 3384 4233 μαρτυρεῖ
3413 4158 3518 4212 τῶν
3548 4159 3800 4214 ἀποστό-

2213 4261 2322 4313 λων
2351 4261 2379 4312 6
2423 4259 2720 4328 κορυφαῖος
2758 4257 2818 4310 ἐν
2856 4258 2980 4319 ταῖς
3024 4254 3264 4326 Πράξεσι
3335 4253 3542 4320 λέγων,
3576 4251 3663 4306 ὅτι
3702 4255 3800 4306 οὐκ

2218 4349 2612 4419 ἐκγατελείφθη
2639 4351 2673 4420 ἡ
2710 4347 2857 4418 ψυχὴ
2893 4345 3059 4402 αὑτοῦ
3093 4348 3174 4409 εἰς
3219 4344 3370 4417 ᾅδου,
3417 4344 3543 4397 οὐδέ
3589 4347 3625 4416 ἡ
3665 4345 3802 4417 σὰρξ

2217 4443 2382 4496 αὐτοῦ
2426 4437 2534 4495 οἶδε
2587 4440 2903 4511 διαφθοράν.
2953 4438 3122 4501 Λύσις
3166 4436 3456 4508 τοιγαροῦν
3499 4436 3598 4490 τοῦ
3647 4439 3798 4502 ναοῦ,

543 4556 741 4613 animae
777 4567 808 4605 a
841 4560 1067 4618 corpore
1094 4539 1367 4612 separatio
1401 4553 1418 4605 ;
1464 4535 1818 4604 vicissimque
1863 4544 2100 4587 resurre-

2217 4534 2397 4606 ψυχῆς
2427 4534 2523 4588 καὶ
2549 4533 2802 4603 σώματος
2822 4531 3137 4604 χωρισμόςο
3163 4530 3260 4584 καὶ
3282 4530 3448 4584 πάλιν
3479 4531 3796 4594 ἀνάστασις,

542 4649 652 4716 ctio
680 4654 766 4702 est
795 4643 860 4697 ad
901 4637 1173 4711 propriam
1218 4646 1443 4690 carnem
1483 4629 1711 4685 reditus.
1765 4625 1824 4681 Si
1858 4639 2019 4696 ergo,
2061 4641 2092 4679 ιι

2221 4625 2360 4699 πρὸς
2390 4625 2490 4695 τὴν
2519 4624 2698 4716 σάρκα
2725 4623 2824 4694 τὴν
2853 4622 3064 4676 οίκείαν
3092 4620 3350 4683 ἐπάνοδος
3371 4637 3384 4652 ·
3425 4622 3475 4673 εἰ
3494 4621 3706 4686 τοίνυν,
3729 4619 3802 4683 ὥς

544 4742 814 4797 haereseos
865 4727 1203 4801 antesignani
1261 4725 1436 4786 aiunt,
1493 4721 1707 4776 animas
1759 4717 1896 4773 duas
1945 4731 2117 4771 unus-

543 4833 774 4903 quisque
804 4829 966 4883 homo
998 4823 1155 4878 habet
1177 4861 1193 4886 ,
1215 4816 1434 4872 vitalem
1461 4812 1670 4870 scilicet
1685 4819 1737 4866 et
1771 4807 2112 4872 rationalem,

543 4899 599 4978 et
630 4899 698 4977 ne
726 4933 854 4975 caro
879 4915 1094 4986 quidem
1119 4911 1325 4979 absque
1349 4905 1498 4961 vitali
1535 4903 1717 4957 anima
1753 4899 1980 4970 cogitari
2013 4913 2112 4952 un-

499 5035 506 5040 ·
545 5026 707 5083 quam
722 5013 933 5078 potest;
958 5019 1080 5057 nam
1099 5013 1312 5067 corpus,
1333 5011 1438 5050 non
1461 5006 1612 5057 caro,
1642 4990 1839 5060 inquit,
1861 4988 2004 5058 quod
2033 4995 2117 5042 est

548 5100 874 5176 huiusmodi,
906 5093 1207 5166 appellatur
1231 5107 1248 5156 ;
1272 5088 1383 5144 etsi
1421 5087 1620 5142 Petrus
1652 5083 1750 5150 ait,
1782 5097 1888 5137 non
1915 5094 2116 5151 corpus

547 5173 786 5258 Domini,
821 5187 914 5244 sed
967 5181 1178 5240 Domini
1231 5191 1454 5235 carnem
1499 5174 1645 5230 haud
1689 5173 1893 5227 vidisse
1934 5184 2118 5224 corru-

546 5287 807 5357 ptionem,
839 5292 1015 5350 neque
1043 5275 1280 5330 animam
1311 5271 1429 5340 ejus
1451 5271 1500 5323 in
1525 5266 1740 5322 inferno
1762 5263 2077 5320 derelictam
2099 5305 2114 5331 ,

547 5391 678 5432 sane
706 5381 920 5430 constat
949 5369 1164 5425 vitalem
1190 5366 1375 5438 (quam
1420 5359 1692 5431 quomodo
1738 5366 1989 5414 astruant
2023 5371 2120 5412 ne-

548 5467 681 5535 scio)
721 5463 1002 5519 exstitisse
1040 5461 1094 5513 in
1157 5471 1321 5511 carne
1361 5460 1616 5519 corrupta
1673 5449 1910 5502 animam
1938 5488 1953 5512 ,
2001 5448 2120 5502 sine

549 5573 650 5624 qua
683 5571 750 5609 ne
781 5569 909 5609 caro
945 5551 1188 5624 quidem,
1249 5555 1308 5600 ut
1352 5545 1524 5610 aiunt,
1577 5541 1963 5612 appellaretur.
2015 5539 2117 5594 hn-

557 5698 564 5702 ’
620 5723 666 5754 δ’
707 5724 1053 5791 ιυειιι.ι,ιι.
1127 5725 1169 5756 ιν
1199 5724 1356 5778 Joan.
1394 5738 1453 5801 ιι,
1485 5720 1569 5775 l9.
1651 5720 1697 5752 ιο
1724 5720 1846 5774 Act.
1881 5733 1936 5784 ιι,
1969 5717 2061 5771 27.

2216 4734 2378 4791 φασιν
2398 4717 2449 4769 οἱ
2479 4715 2580 4784 τῆς
2605 4714 2872 4787 αἱρέσεως
2898 4712 3224 4782 προστάται,
3254 4709 3436 4781 ψυχὰς
3462 4709 3559 4764 δύο
3579 4711 3693 4765 τῶν
3713 4711 3803 4763 άν-

2214 4807 2450 4880 θρὼπων
2486 4807 2719 4871 ἔκαστος
2746 4805 2881 4877 ἔχει,
2905 4805 3008 4875 τήν
3033 4820 3094 4857 τε
3127 4801 3390 4873 ζωτικὴν,
3421 4803 3517 4856 καὶ
3539 4802 3641 4874 τὴν
3668 4802 3805 4870 λογιο

2221 4899 2346 4972 κὴν,
2373 4899 2468 4953 καὶ
2509 4897 2650 4971 σὰρξ
2680 4898 2809 4952 ἄνευ
2843 4897 3023 4967 ψυχῆς
3058 4895 3160 4948 οὐκ
3186 4894 3253 4950 ἄν
3285 4911 3417 4948 ποτε
3456 4893 3684 4965 νοηθείη
3709 4893 3804 4960 τῆς

2224 4990 2460 5060 ζωτικῆς
2517 4988 2705 5061 (σῶμα
2727 4989 2861 5061 γὰρ,
2888 4989 3004 5043 ἀλλ’
3033 4987 3093 5041 ού
3128 4985 3286 5058 σὰρξ,
3306 4984 3542 5056 φησὶ,τδ
3565 4983 3805 5037 τοιοῦτον

2223 5080 2740 5153 προσαγορεύεται)·
2761 5081 2970 5152 Πέτρος
2995 5080 3049 5134 δέ
3075 5079 3201 5150 ἐφη,
3227 5079 3290 5132 οὺ
3312 5077 3375 5131 τὺ
3397 5076 3558 5147 σῶμα
3577 5074 3679 5130 τοῦ
3701 5075 3780 5128 Kv
3795 5100 3808 5111 -

2229 5173 2367 5244 ρίου,
2403 5172 2538 5226 ἀλλὰ
2570 5173 2671 5243 τὴν
2708 5171 2891 5244 σάρκα
2921 5171 3018 5226 τοῦ
3056 5170 3262 5243 Κυρίου
3295 5168 3372 5241 μὴ
3418 5168 3547 5221 ἰδεῖν
3585 5165 3806 5235 διαφθοο

2227 5263 2350 5335 ρὰν,
2393 5263 2489 5318 καλ⁵
2516 5262 2614 5334 τὴν
2650 5254 2830 5335 ψυχὴν
2873 5263 3038 5318 αὑτοῦ
3089 5262 3164 5334 μὴ
3192 5258 3698 5330 ἐγκαταλειφθῆναι
3732 5259 3808 5318 εις

2227 5353 2377 5425 ᾅδου·
2412 5352 2636 5424 εὔδηλον
2667 5355 2742 5418 ὼς
2773 5355 2873 5426 τὴν
2895 5356 2992 5426 μὲν
3025 5351 3285 5424 ζωτικὴν,
3322 5351 3391 5422 ἢν
3413 5350 3515 5404 οὐκ
3543 5344 3808 5407 οἷδ’ὅπως

2226 5443 2495 5513 λέγουσιν,
2523 5439 2724 5516 εῖχενή
2758 5443 3118 5516 διαφθαρεῖσα
3156 5441 3313 5514 σὰρξ,
3358 5436 3426 5511 ἦς
3451 5440 3584 5494 ἄνευ
3610 5439 3713 5490 οὐκ
3741 5436 3807 5489 ἂν

2227 5535 2720 5607 προσαγορευθείη,
2753 5534 2828 5600 ὥς
2857 5552 3012 5606 φασι,
3045 5534 3212 5606 σάρξ·
3247 5535 3283 5605 ἡ
3326 5532 3383 5587 δέ
3419 5531 3696 5595 ἀθάνατος
3718 5529 3808 5582 καὶ
