4082 6258
410 294 431 346 ί
443 291 548 347 453

1575 278 1662 334 DE
1701 273 2215 333 INCARNATIONE
2254 273 2508 332 DOMINI.

3527 277 3547 330 l
3561 277 3666 331 ιδι

420 407 612 479 λογικὴ
651 403 747 458 καὶ
777 403 870 456 τοῦ
901 400 1041 466 ζὼου
1087 402 1183 471 τὴν
1219 399 1511 472 ἠγεμονίαν
1556 396 1987 468 πεπιστευμένη,

2095 391 2342 447 mortalis
2367 400 2546 446 autem
2586 398 2640 446 et
2686 391 2990 458 rationalis,
3047 393 3135 447 cui
3180 394 3474 448 animantis
3523 397 3666 464 regi-

407 503 468 558 οὐ
501 497 828 567 κατελείφθη
854 498 934 558 είς
955 494 1103 566 ᾅδου,
1128 493 1261 548 ἀλλά
1285 492 1416 565 πρὸς
1449 492 1549 563 τὴν
1576 489 1782 544 οἰκείαν
1816 493 1985 543 ἐπαν-

407 595 512 665 ἧκε
577 590 790 660 σάρκα·
853 590 948 640 καὶ
1008 587 1183 656 μάτην
1235 583 1646 654 ἀδολεσχοῦσιν,
1703 581 1907 651 ἄψυχον
1950 580 1983 650 ἢ

409 685 569 740 ἄνοον
599 681 694 734 τοῦ
740 676 878 732 Θεοῦ
927 676 1102 745 Λόγου
1136 674 1228 729 τὸν
1271 675 1396 728 ναὸν
1460 673 1984 746 προσαγορεύοντες.

419 775 611 845 Ἡμεῖς
633 773 691 825 δὲ
721 770 913 841 Πέτρῳ
941 767 1207 838 ἑψόμεθα,
1231 767 1325 819 καὶ
1348 766 1526 838 σάρκα
1555 764 1876 836 κηρύττοντι
1909 763 1986 835 μὴ

407 864 705 934 δεξαμένην
732 860 1050 932 διαφθορὰν,
1087 860 1180 912 καὶ
1216 858 1393 929 ψυχὴν
1428 858 1502 929 μὴ
1532 855 1987 926 καταλειφθεῖσαν

411 959 487 1019 εἰς
516 955 661 1027 ᾅδου,
704 954 818 1007 ἀλλ’
851 950 1253 1006 ἐπανελθοῦσαν
1283 950 1377 1004 κα)⁸
1419 949 1497 1020 τῷ
1549 949 1733 1019 οἰκείῳ
1773 949 1986 1019 σώματι

417 1045 808 1114 συναφθεῖσαν·
838 1041 1165 1112 πιστεύομεν
1192 1041 1250 1094 δὲ
1279 1042 1374 1094 καὶ
1407 1038 1556 1111 αὐτῷ
1581 1039 1658 1111 τῷ
1680 1040 1869 1110 Κυρίῳ
1901 1037 1989 1092 λέ-

415 1153 592 1204 γοντιο
628 1155 647 1186 ‹
672 1133 976 1206 Περίλυπός
997 1136 1145 1187 ἐστιν
1171 1133 1204 1205 ἡ
1239 1131 1384 1203 ψυχή
1421 1148 1522 1203 μου
1547 1131 1652 1195 ἓως
1675 1129 1925 1186 θανάτου.
1961 1148 1982 1183 ι

416 1229 527 1298 Τῆς
553 1225 661 1298 γάρ
690 1227 867 1296 λύπης
889 1224 986 1296 τήν
1008 1223 1257 1295 αἴσθησιν
1284 1224 1344 1276 τὸ
1374 1225 1432 1277 ὲν
1455 1225 1590 1295 ἡμῖν
1617 1223 1830 1290 λογικὸν
1851 1222 1986 1275 ὑπο⁴

415 1318 659 1389 δέχεται⁶
696 1319 745 1370 εί
796 1316 852 1369 δὲ
893 1316 1014 1370 ἀντὶ
1051 1313 1140 1368 νοῦ
1179 1315 1208 1367 6
1239 1313 1370 1378 Θεὸς
1414 1315 1583 1384 Λόγος
1615 1313 1897 1386 ὑπάρχων,
1919 1313 1989 1366 τά

415 1409 507 1462 τοῦ
539 1407 631 1462 νοῦ
663 1405 984 1476 κατεδέχετο
1019 1403 1188 1476 πάθη,
1224 1404 1387 1467 αὐτὸς
1424 1399 1492 1475 ἦν
1520 1405 1548 1458 6
1575 1403 1857 1473 λυπηθεὶς,
1895 1403 1988 1457 καὶ

417 1499 694 1569 φοϐηθεὶς,
733 1498 826 1551 καὶ
866 1497 1163 1566 ἀγνοήσας,
1189 1496 1284 1548 καὶ
1331 1495 1662 1564 ἀγωνιάσας,
1697 1495 1790 1548 καὶ
1818 1495 1987 1563 ἀγγε-

411 1593 538 1662 λικῇ
562 1588 849 1660 συμμαχία
878 1588 1105 1659 ρωσθείς
1126 1605 1139 1618 ο
1169 1591 1218 1640 εί
1249 1586 1307 1640 δὲ
1333 1587 1621 1641 καὶταῦτα
1649 1589 1910 1658 φήσουσιν
1939 1587 1987 1638 oi

417 1682 513 1751 τῆς
558 1677 932 1748 Ἀπολιναρίου
995 1674 1381 1748 ματαιολογίας
1429 1674 1797 1745 κληρονόμοι,
1851 1675 1989 1744 μετά

2089 497 2214 539 men
2270 492 2358 540 est
2411 483 2784 550 commissum,
2835 497 2940 538 non
2997 494 3075 540 est
3122 484 3175 539 in
3236 485 3447 541 inferno
3503 487 3667 542 dere-

2088 576 2245 638 licta.
2295 576 2392 633 sed
2443 576 2512 631 ad
2547 591 2700 631 suam
2733 576 2899 632 rediit
2945 591 3164 632 carnem
3201 597 3214 633 :
3249 578 3478 648 ideoque
3547 579 3664 634 l’ru-

2093 679 2206 722 stra
2237 676 2510 738 nugantur
2549 666 2624 732 bi,
2674 667 2764 736 qui
2820 667 3060 723 inanimo
3101 675 3159 724 et
3196 669 3420 724 rationis
3468 683 3669 738 expers

2090 760 2256 816 fuisse
2281 762 2469 815 dicunt
2498 759 2594 815 Dei
2630 760 2789 815 Verbi
2827 761 3111 830 templum.
3154 760 3263 817 Nos
3290 771 3471 817 autem
3503 763 3667 818 Petro

2089 853 2453 909 assentiemur
2511 847 2606 922 qui
2650 864 2704 907 et
2748 867 2968 907 carnem
3013 853 3270 921 praedicat
3321 854 3669 922 corruptione

2088 954 2388 1014 expertem,
2421 952 2475 998 et
2509 945 2748 999 animam
2794 944 2846 999 in
2896 944 3110 999 inferno
3156 959 3267 999 non
3323 945 3666 1012 derelictam,

2088 1036 2183 1091 sed
2217 1037 2468 1090 reducem
2498 1044 2662 1106 atque
2702 1035 2770 1090 ad
2827 1050 3027 1105 corpus
3075 1051 3235 1090 suum
3291 1037 3666 1092 recollectam.

2089 1126 2376 1183 Credimus
2413 1129 2577 1183 etiam
2607 1127 2837 1183 Domino
2869 1127 2969 1197 ipsi
3016 1129 3220 1184 dicenti
3254 1146 3268 1181 :
3306 1147 3327 1181 ι
3361 1128 3558 1185 Tristis
3589 1141 3672 1186 est

2091 1221 2270 1275 anima
2318 1231 2437 1274 mea
2479 1233 2652 1290 usque
2690 1221 2755 1274 ad
2799 1229 3027 1274 mortem
3071 1221 3154 1286 ⁸¹;
3205 1238 3224 1272 ι
3269 1236 3391 1275 nam
3436 1221 3671 1278 tristitia

2089 1326 2307 1367 sensum
2339 1326 2465 1381 pars
2514 1321 2701 1366 nostra
2749 1310 3034 1367 rationalis
3063 1312 3286 1382 excipit.
3337 1312 3490 1380 Quod
3536 1313 3582 1369 si
3615 1315 3669 1369 in

2092 1403 2292 1458 mentis
2336 1404 2454 1458 loco
2501 1401 2643 1458 Deus
2687 1401 2927 1457 Verbum
2970 1403 3276 1469 exsistens,
3322 1406 3520 1460 mentis
3548 1420 3672 1473 [δοες

2090 1493 2271 1549 siones
2290 1494 2624 1565 excipiebat,
2650 1494 2840 1564 utique
2867 1496 3039 1562 ipsum
3065 1493 3300 1551 Verbum
3325 1495 3669 1561 tristabatur,

2092 1584 2388 1649 metuebat,
2426 1585 2736 1655 ignorabat,
2771 1585 3138 1655 agonizabat,
3181 1597 3234 1641 et
3281 1587 3524 1657 angelica
3568 1602 3672 1655 ope
3761 1650 3768 1659 ο

2092 1675 2520 1731 coniortabatur.
2550 1674 2669 1730 Jam
2715 1676 2762 1731 si
2787 1681 2901 1733 hate
2927 1693 3142 1748 quoque
3173 1679 3354 1733 dicant
3393 1679 3672 1750 Apollina-

430 1771 641 1842 Ἀρείου
662 1771 755 1824 καὶ
782 1769 1044 1839 Εὑνομίου
1069 1767 1175 1821 τῶν
1199 1767 1579 1839 χριστομάχων
1598 1766 1984 1836 ταχθήτωσανο

2097 1769 2258 1822 rianre
2285 1769 2530 1823 stultitiae
2567 1769 2828 1835 haeredes,
2849 1771 2884 1824 ii
2913 1771 3156 1838 profecto
3179 1787 3302 1825 eum
3346 1769 3549 1826 Christi
3577 1772 3674 1826 ho-

419 1858 492 1916 ὧν
525 1863 633 1933 γὰρ
685 1862 775 1930 ίση
829 1863 862 1930 ἡ
917 1858 1256 1930 βλασφημία,
1286 1857 1490 1911 τούτων
1526 1857 1656 1928 μίαν
1705 1851 1842 1909 εἶναι
1891 1856 1989 1927 τὴν

423 1954 662 2027 ἑταιρίαν
688 1953 895 2006 δίκαιον
921 1950 997 2021 (l)
1017 1967 1030 1981 ·
1057 1952 1221 2021 ἡμεῖς
1239 1949 1294 2001 δὲ
1318 1948 1644 2018 ἀκούσωμεν
1663 1947 1758 2000 τοῦ
1782 1946 1990 2016 Κυρίου

421 2048 670 2114 λέγοντος
689 2061 703 2078 ο
733 2065 750 2098 ι
788 2043 1066 2109 Ἐξουσίαν
1094 2041 1201 2111 ἔχω
1225 2040 1395 2094 θεῖναι
1421 2039 1518 2111 τὴν
1541 2039 1717 2110 ψυχήν
1748 2057 1872 2111 μου,
1899 2040 1994 2094 καὶ

421 2137 668 2205 ἐξουσίαν
696 2134 803 2207 ἔχω
826 2134 986 2189 πάλιν
1009 2134 1195 2187 λαϐεῖν
1220 2133 1391 2204 αὑτήν
1415 2149 1429 2163 ο
1458 2131 1630 2194 οὐδεὶς
1657 2131 1801 2202 αἴρει
1825 2129 1993 2202 αὐτὴν

421 2229 513 2282 ἀπ’
536 2227 690 2298 ἐμοῦ.
719 2245 738 2278 ι
779 2227 874 2278 Ἐκ
902 2226 1010 2296 γὰρ
1037 2224 1146 2277 τῶν
1175 2224 1350 2291 λόγων
1373 2222 1578 2276 τούτων
1607 2222 1987 2293 μαθησόμεθα,

419 2322 494 2384 ὡς
529 2322 716 2391 ἕτερος
744 2318 840 2388 μὲν
869 2319 897 2370 6
926 2318 1121 2382 τιθεὶς,
1155 2316 1343 2388 ἕτερον
1365 2316 1422 2369 δὲ
1457 2315 1518 2368 τὸ
1550 2315 1833 2387 τιθέμενον
1855 2332 1868 2346 ”
1899 2317 1992 2369 καὶ

421 2412 552 2475 Θεὸς
586 2411 682 2482 μὲν
710 2412 737 2464 ό
759 2409 928 2472 τιθεὶς
955 2409 1049 2462 καὶ
1066 2407 1379 2478 λαμϐάνων,
1405 2407 1551 2479 ψυχὴ
1579 2407 1634 2460 δὲ
1669 2409 1701 2479 ἡ
1733 2407 1992 2478 τιθεμένη

423 2505 515 2556 καὶ
542 2495 929 2574 λαμϐανομένη
948 2516 960 2530 ·
995 2501 1087 2553 καὶ
1113 2498 1243 2562 Θεὸς
1279 2499 1375 2570 μὲν
1405 2499 1503 2570 τὴν
1537 2498 1786 2564 ἐξουσίαν
1831 2497 1986 2569 ἔχων,

420 2595 564 2667 ψυχὴ
591 2595 648 2648 δὲ
681 2595 714 2665 ή
741 2592 846 2646 ὑπὸ
869 2591 967 2664 τὴν
991 2590 1236 2656 ἐξουσίαν
1264 2590 1481 2662 ἐκείνην
1518 2589 1847 2661 τεταγμένη.

421 2881 505 2934 K'.
544 2880 672 2934 "Ott
709 2881 761 2933 οἱ
796 2877 1093 2950 προφῆται
1126 2880 1365 2950 τελείως
1396 2880 1510 2948 τὴν
1547 2883 1736 2950 φύσιν
1765 2883 1992 2950 ἀναλη-

904 2949 1124 3017 φθῆναι
1163 2949 1530 3010 θεσπίζουσι.

495 3057 716 3120 Τούτοις
752 3059 961 3129 συνῳδὰ
1000 3061 1094 3113 καὶ
1121 3060 1346 3124 Ἡσαΐας
1374 3063 1402 3114 6
1430 3065 1715 3136 προφήτης
1746 3063 1990 3128 θεσπίζει
2019 3076 2062 3132 f;

424 3149 560 3220 βοῶν
577 3165 589 3178 ·
603 3169 620 3200 ι
644 3149 772 3202 Ἰδοὺ
791 3151 822 3219 ἡ
851 3150 1114 3221 παρθένος
1131 3151 1187 3203 ὲν
1199 3153 1396 3222 γαστρὶ
1415 3152 1664 3222 λήψεται,
1681 3156 1994 3222 καὶτέξεται

423 3241 661 3305 υίὸν,καὶ
707 3241 996 3294 καλέσουσι
1025 3241 1083 3295 τὸ
1115 3242 1285 3314 ὄνομα
1315 3246 1480 3298 αὐτοῦ
1523 3247 1889 3318 Ἐμμανουήλ,
1918 3267 1936 3299 ι
1968 3249 1995 3301 ὃ

423 3337 537 3387 ὲστι
565 3334 1125 3406 μεθερμηνευόμενον,
1154 3336 1294 3390 κατά
1319 3337 1416 3408 τὴν
1432 3337 1539 3390 τῶν
1557 3339 1900 3408 Εὐαγγελίων
1921 3340 1997 3394 δι-

421 3424 876 3488 δασκαλίαν,Μεθ⁹
895 3424 1048 3495 ήμῶν
1071 3427 1098 3477 6
1119 3425 1269 3490 Θεός·
1288 3429 1348 3480 τὸ
1368 3428 1445 3492 δὲ,
1470 3428 1601 3482 Μεθ’
1618 3431 1648 3499 ή
1657 3429 1773 3499 μῶν
1791 3433 1818 3483 6
1840 3430 1992 3496 Θεὸς,

425 3520 563 3588 μετά
581 3518 676 3572 ἀνθ
686 3517 881 3590 ρώπων
897 3518 1185 3588 ὲρμηνεύει
1199 3519 1348 3574 Θεὸν·
1365 3521 1602 3574 είτοίνυν
1619 3523 1677 3575 τὸ
1695 3523 1881 3593 κύημα
1896 3523 1996 3592 τῆς

425 3611 702 3682 Παρθένου
732 3611 938 3682 ταύτην
983 3611 1142 3664 ἔλαϐε
1189 3612 1288 3684 τὴν
1332 3614 1700 3685 προσηγορίαν
1725 3657 1740 3680 ,
1774 3614 1994 3686 εὔδηλον

425 3703 499 3767 ὼς
520 3705 547 3755 6
576 3703 704 3765 Θεὸς
729 3702 862 3773 ὁμοῦ
894 3703 984 3755 καὶ
1007 3703 1294 3776 ἄνθρωπος
1335 3702 1401 3776 ἦν
1429 3723 1442 3736 ·
1485 3706 1544 3759 τὸ
1580 3706 1678 3777 μὲν
1709 3706 1991 3778 ὑπάρχων,

422 3794 483 3846 τὸ
504 3795 559 3846 δὲ
589 3794 787 3858 λαϐὼν,
816 3794 935 3848 καθ’
959 3796 1218 3868 ἑκάτερον
1247 3797 1450 3862 τέλειος
1467 3813 1479 3826 ·
1503 3795 1592 3851 διὰ
1623 3798 1720 3870 μὲν
1745 3799 1852 3870 γὰρ
1875 3799 1991 3865 τοῦ,

431 3904 447 3937 t
484 3885 620 3939 Μεθ’
646 3885 824 3956 ὴμῶν,
852 3906 870 3939 ι
905 3887 998 3940 τοῦ
1029 3887 1320 3959 ἀνθρώπου
1350 3889 1409 3942 τὸ
1449 3888 1657 3942 τέλειον
1685 3890 1990 3942 δείκνυται·

421 3977 640 4040 τελείως
678 3978 786 4049 γὰρ
829 3979 988 4050 ἡμῶν
1019 3981 1252 4042 ἕκαστος
1285 3981 1396 4048 ἔχει
1442 3980 1538 4030 τοῦ
1571 3978 1860 4048 ἀνθρώπου
1895 3979 1996 4049 τὴν

423 4068 612 4137 φύσιν⁹
649 4069 736 4122 διά
764 4070 820 4122 δὲ
845 4068 963 4132 τοῦ,
1001 4089 1019 4119 ι
1054 4070 1206 4133 Θεὸς,
1241 4088 1259 4120 ι
1293 4069 1386 4120 καὶ
1416 4068 1515 4137 τῆς
1553 4069 1872 4139 προσθήκης
1893 4068 1988 4120 τοῦ

422 4161 647 4231 ἄρθρου,
680 4163 711 4229 ή
754 4160 844 4212 τοῦ
880 4159 1008 4211 Υίοῦ
1057 4158 1246 4230 θεότης
1273 4158 1625 4228 γνωρίζεται·
1671 4160 1765 4212 καὶ
1804 4159 1994 4212 τούτου

423 4250 736 4312 διδάσκαλος
770 4252 798 4302 6
833 4249 1105 4320 μακάριος
1139 4249 1352 4312 Παῦλος
1382 4249 1576 4318 λέγων·
1613 4268 1630 4300 t
1673 4249 1762 4302 Ἐν
1861 4267 1992 4302 κατ-

424 4345 559 4394 οικεῐ
594 4343 700 4394 πᾶν
727 4340 786 4394 τὸ
835 4340 1112 4413 πλήρωμα
1135 4342 1234 4412 τῆς
1281 4341 1532 4411 θεότητος
1577 4341 1903 4412 σωματικῶς
1923 4357 1935 4370 ·
1968 4361 1985 4392 ι

2092 1860 2266 1914 stibus
2292 1861 2422 1914 Ario
2453 1869 2614 1929 atque
2631 1860 2850 1930 830m
2875 1859 3140 1917 Eunomio
3164 1863 3667 1920 collocentur.Nam

2091 1965 2322 2018 quorum
2361 1965 2463 2020 par
2512 1958 2598 2005 est
2641 1952 2982 2021 blasphemia
3012 1993 3028 2019 ,
3075 1953 3269 2007 horum
3330 1970 3496 2010 unam
3549 1971 3672 2011 esse

2092 2039 2440 2094 sodalitatem
2467 2055 2680 2110 aequum
2711 2051 2816 2096 est.
2865 2041 2975 2097 Nos
2999 2058 3129 2098 vero
3161 2045 3448 2100 Dominum
3489 2048 3673 2102 dicen-

2094 2137 2202 2182 tem
2277 2129 2564 2184 audiamus
2618 2146 2632 2182 :
2689 2148 2708 2181 ι
2792 2129 3129 2187 Potestatem
3189 2133 3364 2187 habeo
3435 2136 3670 2204 ponendi

2097 2220 2334 2274 animam
2390 2235 2590 2284 meam,
2638 2230 2693 2274 et
2744 2230 3067 2288 potestatem
3118 2221 3294 2278 habeo
3330 2227 3526 2280 iterum
3579 2242 3674 2282 su-

2099 2311 2277 2366 mendi
2313 2326 2471 2376 eam;
2507 2326 2666 2366 nemo
2701 2311 2841 2365 tollit
2871 2327 2989 2367 eam
3029 2328 3058 2366 a
3085 2328 3170 2368 me
3194 2315 3263 2368 ⁵².
3295 2333 3313 2366 ι
3337 2316 3582 2388 Namque
3605 2335 3674 2376 ex

2100 2405 2444 2459 sermonibus
2496 2403 2582 2458 his
2629 2405 2889 2460 discimus
2957 2405 3121 2460 alium
3173 2421 3296 2462 esse
3337 2409 3428 2479 qui
3482 2413 3671 2479 ponit,

2098 2494 2238 2548 aliud
2270 2494 2410 2563 quod
2443 2504 2524 2550 est
2543 2495 2815 2566 positum;
2850 2494 3125 2566 Deumque
3147 2512 3266 2552 esse
3297 2501 3387 2569 qui
3415 2504 3586 2570 ponit,
3621 2515 3675 2559 et

2102 2588 2191 2657 qui
2230 2587 2394 2641 sumit
2424 2606 2438 2654 ;
2473 2587 2707 2641 animam
2733 2596 2911 2642 autem
2949 2597 3002 2642 et
3024 2590 3254 2657 positam
3281 2601 3334 2644 et
3359 2603 3626 2663 sumptam
3653 2613 3667 2661 ;

2099 2687 2154 2733 et
2185 2677 2275 2732 Dei
2307 2678 2525 2748 quidem
2567 2693 2687 2734 esse
2723 2685 3070 2748 potestatem,
3103 2681 3336 2735 animam
3367 2692 3544 2738 autem
3574 2690 3675 2742 sub

2115 2782 2179 2822 ea
2212 2776 2474 2837 potestate
2505 2769 2758 2823 locatam.

2103 2878 2217 2932 XX.
2260 2878 2414 2945 Quod
2441 2879 2704 2950 prop/tela:
2732 2880 3016 2958 perfectam
3043 2883 3206 2950 fuisse
3234 2897 3554 2958 assumptum
3582 2907 3680 2944 na-

2643 2960 2817 3004 turam
2850 2953 3128 3022 aﬁirmant.

2166 3063 2261 3119 llis
2292 3080 2527 3119 consona
2566 3065 2730 3120 Isaias
2764 3080 2979 3135 quoque
3012 3068 3270 3138 propheta
3305 3069 3555 3137 aliirmat,
3591 3073 3676 3128 di-

2101 3171 2232 3211 cens
2261 3175 2274 3209 :
2310 3156 2479 3209 «Ecce
2519 3157 2667 3226 virgo
2695 3156 2963 3226 concipiet
2991 3168 3045 3213 et
3075 3160 3247 3228 pariet
3279 3161 3467 3230 tilium,
3499 3173 3555 3218 et
3578 3181 3672 3221 vo-

2099 3246 2310 3301 cabitur
2328 3261 2520 3299 nomen
2543 3245 2660 3315 ejus
2683 3247 2995 3301 Emmanuel
3013 3248 3078 3314 ⁸³,
3103 3267 3122 3301 ι
3146 3252 3287 3320 quod
3307 3262 3392 3307 est
3414 3254 3676 3327 interpre-

2101 3346 2293 3401 tatum,
2327 3340 2622 3393 secundum
2656 3339 2934 3411 Evangelii
2967 3342 3270 3399 doctrinam
3292 3348 3358 3413 ⁸⁵,
3377 3347 3670 3405 Nobiscum

2101 3430 2260 3485 Deus.
2295 3430 2465 3485 Porro
2497 3428 2636 3485 Deus
2674 3433 2944 3486 nobiscum
3005 3435 3174 3490 Deum
3210 3451 3330 3492 cum
3365 3439 3675 3497 hominibus

2097 3522 2384 3592 significat.
2418 3524 2477 3578 Si
2514 3539 2644 3594 ergo
2670 3525 2904 3594 Virginis
2937 3539 3233 3597 conceptus
3267 3529 3407 3586 hanc
3438 3532 3677 3587 obtinuit

2099 3615 2535 3683 appellatioaem,
2583 3625 2733 3685 patet
2780 3615 2946 3672 Deum
2994 3618 3162 3676 fuisse
3204 3621 3365 3676 simul
3407 3632 3460 3676 et
3501 3622 3676 3679 homio

2100 3719 2254 3770 nem;
2286 3712 2397 3757 tum
2425 3703 2910 3773 prmexsistentem,
2939 3716 3050 3759 tum
3078 3708 3240 3761 etiam
3268 3710 3676 3780 suscipientem,

2101 3795 2152 3850 in
2190 3805 2418 3865 utroque
2451 3795 2770 3864 perfectum.
2803 3795 2937 3849 Nam
2971 3797 3230 3852 vocabulo
3268 3816 3285 3848 ι
3329 3800 3607 3855 nobiscum
3649 3821 3669 3854 ι

2100 3889 2374 3941 hominem
2413 3887 2712 3954 perfectum
2756 3887 2975 3938 denotat
3015 3904 3028 3939 :
3064 3889 3263 3941 etenim
3306 3892 3676 3961 unusquisque

2101 3977 2343 4032 nostrum
2376 3973 2670 4044 perfectam
2704 3974 2867 4029 habet
2899 3975 3135 4030 hominis
3170 3987 3434 4032 naturam.
3468 3980 3544 4034 Ex
3578 3997 3674 4036 vo-

2099 4069 2288 4124 cabulo
2319 4076 2496 4121 autem
2536 4085 2554 4119 ι
2592 4065 2734 4122 Deus
2769 4087 2788 4120 ι
2819 4077 2872 4123 et
2901 4068 3113 4122 articuli
3146 4069 3318 4124 Grazci
3373 4073 3674 4142 adjectione

2101 4159 2221 4215 Filii
2264 4159 2525 4214 divinitas
2559 4160 2912 4229 conspicitur.
2945 4161 3120 4232 Atque
3157 4161 3297 4217 hanc
3337 4177 3447 4216 rem
3483 4163 3675 4220 beatus

2098 4253 2254 4308 docet
2279 4249 2474 4306 Paulus
2500 4250 2686 4306 dicens
2716 4271 2734 4304 ι
2768 4270 2781 4307 :
2809 4251 2862 4306 ln
2889 4267 2996 4322 quo
3023 4253 3286 4306 inhabitat
3308 4255 3483 4308 omnis
3505 4256 3676 4325 pleni-

2104 4344 2236 4399 tudo
2269 4343 2574 4398 divinitatis
2604 4342 2962 4414 corporaliter
2979 4345 3046 4400 ⁵⁸.
3087 4362 3106 4396 ι
3139 4343 3271 4399 item
3299 4359 3329 4398 a
3361 4343 3469 4400 Deo
3499 4347 3669 4417 inspi-

424 4435 518 4486 καὶ
547 4436 574 4486 6
613 4433 906 4503 θεόληπτος
938 4433 994 4486 δὲ
1026 4435 1238 4497 Λουκᾶς
1268 4436 1295 4487 ό
1321 4432 1716 4504 εύαγγελιστὴς
1745 4433 1992 4504 ἐναργῶς

2103 4445 2252 4489 ratus
2299 4433 2475 4491 Lucas
2520 4436 2846 4506 evangelista
2896 4439 3176 4508 perspicue
3226 4438 3386 4493 nobis
3435 4440 3676 4494 ostendit

424 4527 552 4596 ἡμῖν
575 4526 816 4580 δείκνυσι
842 4524 932 4578 τὸν
973 4524 1099 4578 νοῦν
1130 4526 1222 4578 τὸν
1250 4525 1590 4596 ἀνθρώπινον
1612 4525 1707 4578 τοῦ
1742 4525 1994 4596 Σωτῆρος

423 4615 660 4686 Χριστοῦ
683 4631 696 4644 ·
722 4633 739 4665 ι
770 4614 844 4667 Τὸ
872 4614 1081 4667 παιδίον
1113 4614 1241 4687 γὰρ,
1258 4615 1441 4686 φησιν,
1473 4613 1696 4684 ηὔξανε,
1721 4615 1814 4667 καὶ
1834 4615 1996 4684 ὲκρα-

422 4706 640 4759 ταιοῦτο
681 4705 973 4774 πνεύματι,
1032 4704 1408 4777 πληρούμενον
1444 4706 1652 4774 σοφίας,
1699 4706 1792 4758 καὶ
1835 4706 1996 4776 χάρις

421 4796 557 4850 Θεοῦ
579 4793 645 4867 ἦν
666 4799 750 4849 ἐπ’
771 4797 937 4867 αύτῷ.
966 4816 984 4848 ι
1010 4798 1121 4852 Καὶ
1149 4801 1267 4869 μετ’
1287 4799 1470 4867 ὀλίγα·
1507 4818 1524 4850 t
1550 4799 1756 4870 Ἰησοῦς
1784 4798 1840 4851 δὲ
1865 4815 1997 4870 προ-

423 4887 648 4940 έκοπτεν
677 4888 881 4959 ἡλικίᾳ,
909 4889 1004 4942 καὶ
1036 4890 1217 4960 σοφίᾳ,
1243 4891 1335 4943 καὶ
1371 4891 1556 4961 χάριτι
1582 4890 1734 4960 ποιρά
1762 4889 1881 4960 Θεῷ
1903 4889 1997 4942 καὶ

424 4979 749 5051 ἀνθρώποις.
787 5000 806 5032 ι
842 4982 916 5033 To
943 4981 998 5032 δὲ
1048 4983 1213 5052 σοφίᾳ
1249 4983 1603 5052 προκόπτειν,
1637 4983 1697 5035 οὐ
1728 4981 1862 5034 Θεοῦ
1901 4981 1996 5034 τοῦ

426 5071 612 5139 σοφοῦ,
653 5071 746 5124 τοῦ
790 5072 1142 5142 ἀπροσδεοῦς,
1190 5074 1284 5126 καὶ
1319 5075 1404 5127 ἀεὶ
1457 5075 1692 5141 τελείου,
1722 5076 1816 5129 καὶ
1864 5077 1998 5147 μήτε

425 5161 683 5226 ἐπίδοσιν,
712 5164 849 5234 μήτε
873 5164 1166 5217 ἐλάττωσιν
1182 5165 1498 5236 δεχομένου,
1531 5166 1668 5220 ἀλλά
1682 5166 1772 5220 τοῦ
1789 5166 1882 5222 νοῦ
1899 5166 1994 5221 τοῦ

424 5253 787 5317 ἀνθρωπίνου,
819 5254 910 5308 τοῦ
934 5258 1051 5318 ταῖς
1075 5257 1314 5326 ήλικίαις
1346 5260 1760 5330 συμπροῖόντος,
1795 5261 1888 5313 καὶ
1917 5259 1996 5312 δι-

496 5389 537 5419 ⁵¹
571 5387 756 5441 Matth.
783 5406 924 5454 xxvr,
956 5392 1043 5445 ⁸58.
1105 5392 1151 5422 ⁸³
1183 5391 1341 5446 Joan.
1374 5407 1431 5457 ι,
1464 5393 1546 5446 18.
1625 5395 1670 5425 ⁵³
1699 5395 1802 5448 lsa.
1833 5409 1928 5456 vn,
1964 5395 2053 5447 ίίι.

428 5457 471 5485 δ’
505 5458 634 5510 ibid.
673 5457 761 5512 52.

2099 4528 2384 4581 humanam
2420 4525 2621 4583 Christi
2657 4527 2964 4584 Servatoris
2999 4538 3234 4583 mentem
3273 4550 3286 4584 :
3329 4547 3347 4581 ι
3391 4527 3549 4596 Puer,
3583 4530 3671 4584 in-

2095 4620 2242 4690 quit,
2274 4620 2553 4674 crescebat
2581 4628 2635 4673 et
2665 4619 3072 4675 confortabatur
3100 4620 3290 4688 spiritu
3312 4660 3327 4685 ,
3361 4621 3548 4690 plenus
3577 4638 3670 4676 sa-

2095 4712 2318 4780 pientia,
2363 4721 2416 4767 et
2455 4711 2625 4780 gratia
2668 4710 2760 4765 Dei
2801 4720 2918 4765 erat
2955 4726 3080 4766 cum
3122 4711 3210 4766 illo
3230 4710 3296 4764 ⁸⁸.
3342 4729 3361 4763 ι
3409 4710 3472 4765 Ει
3513 4712 3672 4781 paulo

2095 4813 2216 4874 post
2257 4821 2270 4858 :
2324 4823 2342 4856 ι
2392 4803 2548 4859 Jesus
2592 4803 2910 4874 proﬁciebat
2951 4811 3138 4865 aetate.
3179 4817 3244 4858 ac
3287 4804 3579 4875 sapientia,
3618 4814 3674 4859 ct

2096 4895 2270 4964 gratia
2319 4893 2461 4963 apud
2505 4893 2672 4950 Deum
2717 4904 2772 4949 et
2814 4893 3060 4947 homines
3081 4891 3146 4944 ⁸⁷.
3197 4911 3216 4944 ι
3256 4891 3374 4946 Jam
3411 4907 3540 4947 vero
3579 4906 3670 4945 sa-

2099 4988 2298 5056 pientia
2334 4987 2621 5056 proiicere,
2660 5001 2766 5041 non
2804 4993 2887 5044 est
2923 4985 3015 5040 Dei
3052 4985 3330 5054 sapientis,
3369 4984 3672 5056 nulliusquo

2098 5079 2174 5133 rei
2217 5078 2408 5147 indigi,
2453 5091 2775 5148 semperque
2820 5075 3076 5147 perfecti,
3118 5076 3210 5130 sed
3259 5074 3452 5128 mentis
3496 5075 3673 5143 potius

2095 5169 2366 5232 humanae,
2407 5182 2526 5237 quae
2565 5167 2724 5222 simul
2767 5181 2886 5220 cum
2929 5175 3087 5221 aetate
3131 5164 3362 5234 proiicit,
3401 5173 3456 5219 et
3493 5165 3674 5219 erudi-

2099 5261 2242 5314 tione
2264 5270 2404 5328 eget,
2429 5270 2481 5314 et
2501 5260 2604 5314 arti
2627 5259 2846 5330 831m
2875 5270 3035 5328 atque
3075 5257 3315 5312 scientiae
3347 5258 3675 5327 excipienda:

2144 5395 2192 5426 ⁵⁵
2218 5394 2409 5449 Matth.
2439 5411 2476 5458 ι,
2512 5395 2601 5450 25.
2681 5395 2726 5425 ⁸³
2755 5395 2958 5449 Coloss.
2981 5410 3036 5458 tt,
3063 5393 3116 5448 9.
3192 5393 3238 5424 “
3269 5392 3397 5448 Luc.
3423 5408 3482 5460 tt,
3512 5393 3603 5451 ιο.

502 5567 576 5647 (ι)
605 5565 812 5647 .Recole
857 5583 976 5647 cap.
1020 5584 1097 5647 tx_.
1140 5567 1385 5647 .‘lamque
1424 5573 1601 5626 anima
1645 5584 1834 5627 amens
1875 5586 1972 5640 par
2013 5572 2140 5627 nulli
2171 5585 2413 5644 reputata
2481 5576 2687 5632 fuisset.
2738 5580 2904 5631 Porro
2967 5576 3200 5630 animam
3232 5590 3419 5647 reapse
3448 5574 3498 5629 in
3523 5572 3676 5629 Citri-

432 5648 515 5691 sto
547 5637 732 5701 fuisse,
767 5641 1031 5707 negabant
1061 5640 1270 5693 Ariani.
