4082 6258
382 257 517 312 “55

1408 235 1466 290 S.
1511 227 1789 289 CYRILLI
1831 221 2303 277 ΑιιιςιιΑικυιιιΜ
2356 217 2677 270 ΔιὶΩΗΙΕΡ.

3515 205 3659 257 H56

375 371 567 423 idonea
595 374 697 432 est,
727 373 780 419 et
804 375 924 433 quae
951 356 1209 431 paulatim
1239 362 1350 411 tum
1377 351 1613 407 humana
1640 343 1820 408 discit,
1847 350 1960 395 tum

2083 334 2365 397 ῑασκαλίας
2389 331 2670 402 δεομένου,
2699 329 2794 383 καὶ
2838 328 3038 399 τέχνης
3072 322 3167 378 καὶ
3211 319 3526 392 ἐπιστήμης
3563 317 3655 370 δε-

2225 426 2253 433 -
2405 425 2416 433 .
2581 421 2686 433 ,η
2805 421 2817 433 .
2916 421 2928 433 .
3089 408 3655 433 .n,.,,____\_;

375 460 576 516 divina.

379 653 919 722 XXluEpristola
949 651 1018 722 ad
1050 647 1318 722 Hebr-reos
1332 643 1722 722 demonstratur
1744 641 1968 687 naturam

734 709 849 778 rum
874 719 1172 783 distinctio,
1201 727 1249 771 et
1278 713 1432 768 Verbi
1464 709 1612 764 unio.

453 906 691 967 Clarius,
722 898 935 969 opinor,
969 910 1034 948 ex
1067 890 1304 961 Epistola
1338 889 1404 943 ad
1439 884 1695 941 Hebraeos
1725 880 1963 937 divinam

383 1000 542 1058 simul
567 1004 621 1052 et
647 996 938 1048 humanam
968 996 1220 1042 naturain
1249 993 1578 1052 cognoscere
1607 976 1755 1042 licet,
1775 986 1966 1043 opera-

385 1092 620 1149 tionibus
654 1086 870 1157 quidem
907 1081 1223 1143 distinctas,
1259 1087 1488 1146 persona
1525 1079 1702 1123 tamen
1737 1063 1966 1134 conjun-

385 1194 520 1247 ctas,
552 1152 714 1248 atque
748 1172 1434 1230 unicum-demonstrantes
1460 1158 1679 1215 Filium.
1714 1152 1966 1224 Epistolte

385 1266 998 1347 apprimeprommium
1044 1264 1184 1319 hanc
1229 1257 1468 1313 continet
1511 1250 1832 1307 doctrinam.
1877 1247 1968 1301 Ait

383 1337 528 1421 enim
557 1337 710 1419 divu—s
739 1357 940 1413 Paulus
974 1372 990 1410 :
1024 1372 1042 1404 ι
1080 1350 1181 1418 Qui
1212 1365 1334 1405 cum
1365 1347 1437 1401 sit
1465 1342 1721 1414 splendor
1749 1337 1963 1409 gloriae,

385 1468 441 1513 et
479 1457 648 1526 ligura
685 1448 1006 1507 substantiae
1040 1444 1187 1513 ejus,
1222 1448 1555 1510 portansque
1588 1432 1770 1487 omnia
1797 1428 1967 1518 verbo

385 1525 604 1604 virtutis
632 1544 822 1600 suae".
861 1561 880 1594 ι
915 1538 1164 1608 Cumque
1193 1534 1628 1589 demonstrasset
1660 1525 1809 1579 illum
1843 1531 1968 1576 ante

386 1655 546 1696 omne
579 1648 788 1706 tempus
815 1649 876 1687 ac
903 1627 1098 1687 saecula
1125 1641 1245 1682 esse
1271 1627 1391 1696 (per
1415 1623 1589 1692 ipsum
1616 1617 1814 1686 quippe
1843 1613 1969 1668 fecit

387 1744 440 1788 et
469 1685 718 1800 saecula),r
736 1725 944 1780 addidit
971 1740 984 1776 :
1016 1739 1034 1772 ι
1071 1719 1226 1774 Sedit
1357 1685 1647 1768 dei-ueram
1669 1685 1970 1774 majestatis
2005 1685 2045 1738 Β

388 1825 441 1877 in
488 1819 717 1876 excelsis
757 1835 770 1871 :
816 1824 966 1869 tanto
1012 1810 1202 1864 melior
1239 1805 1448 1876 angelis
1487 1802 1730 1863 eﬂ‘ectus,
1771 1803 1972 1866 quanto

391 1912 730 1972 dill'erentius
756 1923 867 1980 prae
896 1905 998 1959 illis
1029 1915 1224 1956 nomen
1251 1893 1677 1951 hacreditavit”.
1711 1909 1728 1941 ι
1759 1889 1852 1942 Est
1878 1902 1974 1940 att-

392 2012 498 2056 tcm
556 1977 777 2053 verbum
821 1993 947 2065 efﬁci
988 1988 1320 2046 contrarium
1362 1983 1526 2038 verbo
1574 1997 1706 2035 esse.
1754 1977 1885 2032 Nam
1930 1977 1975 2032 is

391 2095 481 2166 qui
528 2101 611 2147 est
651 2089 903 2158 splendor
940 2083 1142 2154 gloriaz,
1182 2089 1237 2133 et
1262 2079 1450 2148 ﬁgura
1492 2072 1828 2134 substantiae,
1868 2084 1976 2123 non

391 2162 620 2243 elﬁcitur
656 2180 848 2235 melior
885 2175 1112 2246 angelis,
1146 2171 1241 2226 sed
1279 2179 1360 2224 est
1393 2165 1602 2236 angelis
1640 2179 1745 2219 non
1785 2162 1978 2216 melior

394 2271 788 2331 tantummodo,
824 2281 1013 2321 verum
1050 2263 1213 2316 etiam
1254 2260 1493 2326 ipsorum
1531 2263 1747 2310 creator
1777 2267 1841 2306 ac
1880 2253 1975 2307 do—

393 2368 593 2420 minus.
635 2360 754 2416 Jam
796 2358 842 2412 si
884 2354 1052 2408 verbo
1093 2367 1202 2407 esse
1245 2348 1581 2404 contrarium
1626 2353 1708 2399 est
1749 2341 1978 2396 verbum

391 2455 542 2526 cﬁici,
579 2467 674 2522 per
703 2450 831 2504 illud
865 2445 1081 2516 quidem
1140 2436 1596 2511 sempiternaliter
1625 2435 1976 2488 exsistentem

394 2524 778 2614 intelligemus,
806 2555 900 2610 per
921 2539 1022 2592 hoc
1075 2542 1254 2589 autem
1289 2545 1410 2584 eum
1436 2529 1527 2596 qui
1558 2528 1623 2582 de
1653 2524 1806 2580 nobis
1833 2537 1983 2578 sum-

395 2646 517 2708 ptus
542 2634 662 2697 fuit,
685 2641 740 2687 et
761 2628 966 2700 angelis
992 2625 1286 2681 melior-est
1310 2620 1553 2685 effectus,
1581 2624 1801 2687 pr0pter
1823 2629 1978 2669 suam

396 2705 518 2782 cum
549 2732 855 2781 assumente
887 2718 1287 2774 adunationem.
1323 2711 1575 2781 Etpaulo
1622 2716 1748 2778 post
1795 2706 1860 2760 ad
1891 2705 1980 2759 Fi-

397 2816 525 2868 limn
557 2813 773 2882 quidem
805 2809 938 2863 dicit
970 2827 984 2862 :
1022 2825 1040 2858 ι
1073 2805 1324 2859 'I‘hronus
1356 2812 1496 2867 tuus,
1534 2802 1692 2866 Deus,
1726 2798 1777 2851 in
1811 2812 1981 2852 saecu-

398 2906 508 2957 lum
547 2902 762 2966 saeculi;
799 2899 952 2968 virga
993 2895 1285 2966 aequitatis,
1327 2895 1480 2962 virga
1524 2891 1674 2959 regni
1722 2889 1797 2943 tui
1841 2905 1854 2941 :
1901 2887 1982 2941 di-

398 2996 575 3050 lexisti
614 2992 905 3061 justitiam,
951 2999 1006 3044 et
1045 2988 1207 3043 odisti
1252 2985 1592 3054 iniquitatem
1636 2999 1649 3036 :
1695 2989 1978 3050 propterea
2007 3027 2052 3085 Ο

400 3088 556 3141 unxit
598 3095 650 3140 te
693 3084 861 3146 Deus,
907 3081 1049 3136 Deus
1093 3089 1247 3143 tuus,
1291 3078 1411 3131 oleo
1451 3074 1830 3130 exsultatiouis
1872 3082 1981 3141 prae

400 3176 758 3248 participibus
801 3175 908 3230 tuis
931 3173 997 3226 ⁵ο.
1052 3191 1071 3224 ›
1119 3170 1238 3225 Jam
1282 3183 1409 3224 vero
1453 3168 1624 3231 Deus,
1665 3175 1719 3220 et
1761 3165 1982 3236 quidem

399 3272 590 3326 Graeco
617 3268 844 3324 articulo
872 3265 1162 3337 prmposilo
1189 3262 1407 3335 proprie
1432 3261 1609 3316 dictus
1635 3259 1798 3324 Deus,
1829 3259 1981 3312 thro-

402 3378 638 3433 numque
676 3373 866 3417 tenens
902 3360 952 3413 in
993 3357 1249 3412 szeculum
1290 3353 1494 3418 smeuli,
1529 3354 1620 3422 qui
1659 3351 1774 3407 ﬁeri
1811 3359 1986 3421 potest

403 3466 461 3512 ut
503 3472 531 3510 a
575 3456 684 3510 Deo
724 3451 990 3524 ungatur?
1026 3449 1304 3517 Quomodo
1343 3447 1412 3502 ab
1452 3445 1717 3500 electione
1760 3457 1985 3512 regnum

403 3548 687 3611 sortietur,
722 3547 811 3614 qui
841 3545 964 3612 jure
996 3541 1230 3596 naturali
1263 3554 1487 3610 regnum
1519 3535 1721 3592 habet?
1754 3554 1771 3587 ι
1813 3534 1988 3589 Thro-

405 3655 509 3695 nus
532 3641 674 3693 enim
711 3648 855 3699 tuus,
878 3636 1094 3705 832m
1121 3633 1314 3701 inquit,
1339 3632 1503 3695 Deus,
1530 3631 1581 3683 in
1603 3628 1858 3684 saeculum
1884 3643 1986 3683 sce-

406 3731 536 3786 culi.
581 3746 602 3781 ι
644 3728 780 3782 Esse
814 3726 996 3794 itaque
1034 3737 1240 3792 regem,
1275 3721 1607 3775 contrarium
1646 3729 1728 3774 est
1765 3719 1986 3772 dictioni

409 3823 535 3894 ungi
567 3822 620 3875 in
654 3835 856 3890 regem.
879 3816 1018 3884 Quia
1050 3813 1284 3870 dilexisti
1305 3811 1575 3880 jttstitiam
1605 3820 1659 3864 et
1690 3809 1854 3865 odisti
1884 3808 1989 3862 ini-

408 3917 694 3986 quitatem.
720 3911 854 3966 Nam
888 3911 1132 3964 laborum
1169 3907 1446 3978 praemium
1479 3913 1562 3960 est
1597 3903 1704 3958 tale
1738 3918 1984 3974 regnum.

409 4009 618 4065 ltursus
655 4008 842 4076 itaque
889 4005 1056 4058 Deum
1085 4000 1237 4069 cujus
1270 4001 1497 4054 thronus
1526 3998 1578 4051 in
1607 3997 1863 4051 saeculum
1890 4010 1991 4050 sa:-

409 4101 539 4169 culi,
565 4095 1024 4169 sempiternaliter
1047 4093 1194 4148 illurn
1223 4091 1573 4148 exSistenIetti
1601 4088 1989 4159 intelligemus.

411 4194 546 4250 Eum
590 4181 769 4247 autem
812 4189 902 4259 qui
945 4197 1135 4259 postea
1180 4194 1372 4240 unctus
1414 4181 1534 4247 fuit,
1577 4189 1798 4250 propter
1834 4193 1988 4234 suum

411 4285 618 4356 peccati
652 4282 858 4341 odium,
889 4287 944 4333 et
970 4275 1195 4346 justitiae
1229 4286 1494 4337 amorem,
1525 4268 1672 4323 illum
1705 4269 1992 4323 credemus

2064 426 2289 492 κτικοῦ,
2335 425 2429 478 καὶ
2466 422 2606 476 κατὰ
2660 421 2834 493 βραχὺ
2870 421 2937 474 τά
2979 435 3037 472 τε
3078 409 3398 486 ἀνθρώπινα
3451 410 3548 464 καὶ
3585 408 3658 462 τὰ

2065 519 2183 574 θεῖα
2212 516 2576 587 γνωρίζοντος
2599 513 2697 584 (1).

2063 633 2196 687 KA’.
2236 628 2562 694 Ἀπόδειξις
2598 627 2668 681 ἐκ
2691 623 2983 695 τῆς-πρός
3027 620 3659 695 Ἐϐραίους-Ἐίτιστος

2132 684 2391 770 λῆξητῆς
2423 684 2554 770 τῷν’
2572 684 2822 767 φύσεξιίν
2853 684 3234 762 διακρίσεως,
3268 684 3368 744 καί
3403 688 3513 758 τῆς
3545 684 3655 741 τοῦ

2141 768 2337 842 Λόγου
2371 768 2662 835 ἐνώσεως.

2136 885 2477 956 Σαφέστερον
2497 883 2539 936 δ’
2574 881 2638 934 ἄν
2674 897 2756 943 τις
2787 881 2850 932 ἐκ
2879 877 2981 948 τῆς
3003 876 3141 948 πρὸς
3179 875 3466 946 Ἐϐραίους
3507 872 3662 925 Ἑπι-

2069 978 2260 1048 στολῆς
2293 976 2390 1048 τὴν
2414 975 2563 1029 θείαν
2587 973 2747 1044 φύσιν
2794 970 2891 1024 καὶ
2918 970 3018 1040 τὴν
3049 967 3399 1039 ἀνθρωπείαν
3425 963 3661 1026 κατίδοι,

2065 1073 2183 1133 ταῖς
2205 1067 2508 1140 ἐνεργείαις
2533 1065 2631 1136 μὲν
2658 1062 3020 1135 διῃρημένας,
3045 1059 3126 1131 τῷ
3156 1061 3438 1130 προσώπῳ
3460 1056 3517 1111 δέ
3541 1073 3663 1108 συν-

2067 1161 2339 1232 ημμένας,
2366 1159 2460 1213 καὶ
2486 1158 2576 1212 τὸν
2593 1156 2690 1209 ἕνα
2720 1152 3113 1216 ὑποδεικνύσας
3149 1151 3298 1205 Υίόν.
3322 1151 3434 1220 Οὐχ
3457 1149 3662 1221 ἥκιστα

2067 1254 2124 1307 δέ
2149 1253 2239 1305 καὶ
2268 1251 2366 1322 τῆς
2409 1247 2732 1317 Ἐπιστολῆς
2760 1245 2821 1299 τὸ
2847 1241 3402 1316 προοίμιον,νταύτην
3428 1241 3539 1310 ἔχει
3557 1239 3660 1309 τὴν

2067 1341 2438 1396 διδασκαλίαν.
2465 1337 2600 1394 Είπε
2630 1339 2738 1409 γάρ
2761 1339 2791 1390 6
2812 1335 3104 1398 Θεσπέσιος
3127 1334 3340 1398 Παῦλος
3361 1351 3375 1364 ο
3408 1351 3427 1384 ι
3461 1335 3560 1393 Ὃς
3581 1330 3661 1384 ὢν

2069 1433 2412 1504 ἀπαύγασμα
2457 1432 2557 1502 τῆς
2598 1429 2776 1500 δόξης,
2818 1428 2915 1481 καὶ
2969 1425 3253 1498 χαρακτὴρ
3283 1425 3382 1495 τῆς
3418 1421 3664 1476 ὑποστά-

2071 1544 2209 1590 σεως
2238 1522 2428 1589 αὑτοῦ,
2463 1523 2646 1594 φέρων
2680 1539 2740 1573 τε
2767 1521 2835 1573 τὰ
2878 1519 3061 1574 πάντα
3090 1517 3168 1588 τῷ
3199 1518 3397 1589 ῥήματι
3430 1518 3534 1586 τῆς
3563 1514 3664 1567 δυ-

2071 1619 2293 1689 νάμεως
2321 1614 2509 1671 αὑτοῦ.
2549 1634 2567 1666 ι
2603 1612 2716 1666 Καὶ
2759 1611 2941 1678 δείξας
2996 1611 3158 1664 αὑτὸν
3189 1609 3518 1680 ὑπέρχρονον
3558 1606 3663 1662 καὶ

2077 1705 2406 1778 προαιώνιον
2445 1703 2544 1774 (δι’
2573 1701 2740 1755 αὐτοῦ
2786 1701 2918 1770 γὰρ,
2954 1701 3138 1771 φησὶν,
3185 1697 3280 1752 καὶ
3311 1699 3436 1760 τοὺς
3457 1695 3664 1760 αίῶνας

2076 1795 2380 1866 ἐποίησεν),
2409 1794 2711 1863 ἐπήγαγεν
2743 1810 2759 1841 ι
2783 1789 3069 1842 Ἐκάθισεν
3103 1791 3162 1841 ἐν
3193 1788 3344 1859 δεξιᾷ
3362 1788 3460 1858 τῆς
3491 1803 3667 1859 μεγα-

2075 1888 2323 1958 λωσύνης
2372 1889 2428 1940 ἐν
2474 1885 2723 1955 ὑψηλοῖς,
2765 1882 3006 1953 τοσούτῳ
3059 1879 3328 1951 κρείττων
3373 1878 3668 1950 γενόμενος

2075 1977 2185 2031 τῶν
2210 1976 2481 2046 ἀγγέλων,
2510 1976 2621 2045 ὅσῳ
2655 1974 3059 2046 διαφορώτερον
3094 1973 3224 2040 παρ’
3250 1970 3436 2032 αὐτοῖς
3463 1968 3665 2039 κεκλη-

2081 2070 2384 2142 ρονόμηκεν
2426 2066 2622 2137 ὄνομα.
2655 2085 2674 2118 ι
2729 2065 3002 2120 Ἐναντίον
3035 2064 3091 2116 δὲ
3136 2062 3232 2116 τοῦ
3279 2060 3569 2131 γενέσθαι,
3604 2059 3666 2113 τὸ

2078 2157 2216 2215 εἶναι
2237 2179 2248 2190 ·
2279 2162 2306 2213 ὁ
2331 2159 2439 2230 γὰρ
2461 2157 2535 2210 ὣν
2559 2158 2904 2228 ἀπαύγασμα
2929 2157 3028 2225 τῆς
3061 2155 3242 2226 δόξης,
3262 2154 3359 2208 καὶ
3383 2151 3663 2225 χαρακτὴρ

2077 2252 2179 2322 τῆς
2208 2251 2583 2315 ὑποστάσεως,
2616 2251 2676 2303 οὑ
2707 2249 2914 2319 γίνεται
2947 2247 3214 2319 κρείττων
3247 2247 3514 2316 ἀγγέλων,
3546 2245 3662 2298 ἀλλ’

2079 2344 2225 2398 ἐστιν
2247 2343 2496 2412 ἀγγέλων
2518 2343 2578 2396 οὐ
2604 2341 2870 2413 κρείττων
2899 2340 3080 2410 μόνον,
3110 2338 3248 2392 ἀλλὰ
3278 2339 3376 2392 καὶ
3401 2337 3664 2408 Ποιητὴς,

2081 2436 2174 2489 καὶ
2210 2435 2491 2505 Δεσπότης
2513 2449 2527 2466 ⁸
2557 2436 2604 2486 εί
2639 2433 2695 2486 δέ
2725 2431 2967 2485 ἐναντίον
2995 2429 3089 2483 τοῦ
3123 2425 3264 2482 εἶναι
3292 2427 3353 2482 τὸ
3388 2427 3668 2495 γενέσθαι,

2079 2528 2145 2581 δι’
2181 2527 2389 2580 ἐκείνου
2422 2527 2522 2596 μὲν
2551 2526 2641 2579 τὸν
2670 2526 2758 2579 ἀεὶ
2788 2523 2917 2576 ὄντα
2953 2527 3244 2594 νοήσομεν,
3269 2521 3358 2574 διὰ
3392 2520 3585 2574 τούτου
3614 2518 3671 2573 δὲ

2079 2620 2140 2673 τὸ
2163 2621 2220 2686 ἐξ
2247 2618 2405 2690 ἡμῶν
2432 2618 2768 2688 ἀναληφθὲν,
2794 2616 2890 2671 καὶ
2909 2619 3156 2686 κρεῖττον
3178 2615 3285 2668 τῶν
3311 2614 3565 2683 ἀγγέλων
3583 2629 3674 2681 γε-

2081 2729 2212 2782 γενη
2221 2713 2400 2781 μένον,
2414 2710 2504 2764 διὰ
2521 2711 2618 2779 τὴν
2633 2710 2770 2781 πρὸς
2788 2709 2881 2762 τὸν
2903 2707 3238 2779 ἀνειληφότα
3259 2706 3454 2761 ἕνωσιν
3472 2721 3485 2735 ·
3509 2703 3671 2759 πάλιν

2086 2805 2203 2875 μετ’
2218 2803 2400 2872 ὀλίγα,
2445 2802 2584 2874 πρὸς
2607 2803 2705 2874 μὲν
2732 2801 2822 2857 τὸν
2848 2802 2976 2855 Υίόν
2998 2818 3162 2873 φησιν
3178 2815 3190 2829 ·
3213 2821 3230 2851 ι
3255 2800 3311 2852 Ὁ
3342 2797 3530 2869 θρόνος
3553 2814 3672 2860 σου,

2081 2899 2110 2951 ὁ
2138 2897 2288 2959 Θεὸς,
2321 2897 2401 2959 εἰς
2422 2895 2513 2948 τὸν
2542 2895 2715 2948 αἰῶνα
2735 2893 2828 2947 τοῦ
2866 2892 3062 2956 αίῶνος
3087 2907 3100 2921 '
3132 2891 3326 2962 ῥάϐδος
3354 2889 3672 2959 εὐθύτητος,

2083 2991 2116 3061 ἠ
2151 2989 2346 3059 ῥάϐδος
2375 2991 2475 3060 τῆς
2507 2987 2785 3059 βασιλείας
2817 3003 2910 3039 σου
2935 3003 2948 3018 ·
2973 2986 3272 3056 ἠγάπησας
3299 2982 3675 3053 δικαιοσύνην,

2084 3083 2178 3136 καὶ
2205 3081 2474 3152 ἐμίσησας
2512 3078 2741 3150 ἀνομίαν
2761 3092 2776 3107 ⁸
2805 3077 2892 3131 διὰ.
2918 3077 3078 3131 τοῦτο
3110 3075 3296 3148 ἕχρισέ
3326 3093 3385 3129 σε
3414 3077 3441 3127 6
3463 3075 3619 3138 Θεὸς,
3648 3077 3680 3129 6

2085 3175 2221 3237 Θεός
2248 3191 2364 3238 σου,
2417 3173 2595 3225 ἐλαιον
2643 3169 3022 3238 ἀγαλλιάσεως
3061 3170 3215 3239 παρά
3245 3168 3372 3232 τοὺς
3411 3167 3680 3239 μετόχους

2088 3284 2201 3320 σου.
2234 3285 2252 3317 ι
2295 3267 2353 3319 '0
2381 3266 2437 3318 δὲ
2466 3265 2622 3329 Θεὸς,
2656 3264 2751 3317 καὶ
2783 3261 2922 3332 μετὰ
2942 3259 3037 3314 τοῦ
3070 3261 3275 3333 ἄρθρου
3304 3277 3682 3332 προσαγορευ-

2085 3353 2199 3422 θεὶς
2222 3358 2376 3422 Θεὸς,
2399 3357 2494 3411 καὶ
2515 3356 2606 3409 τὸν
2629 3355 2816 3426 θρόνον
2841 3352 2978 3423 ἔχων
3003 3353 3084 3414 είς
3112 3351 3206 3404 τὸν
3231 3351 3404 3405 αἰῶνα
3430 3350 3522 3404 τοῦ
3543 3349 3680 3404 αίῶι

2086 3467 2198 3514 νος,
2232 3448 2350 3513 πῶς
2378 3448 2444 3502 ἂν
2477 3447 2581 3501 ὑπὸ
2619 3445 2712 3500 τοῦ
2741 3444 2873 3499 Θεοῦ
2908 3443 3159 3516 χρισθείη
3186 3461 3200 3508 ;
3232 3443 3357 3506 Πῶς
3400 3443 3467 3497 ἂν
3494 3459 3683 3514 χειροο

2087 3542 2320 3613 τονητὴν
2365 3541 2520 3595 λάϐοι
2558 3538 2858 3610 βασιλείαν,
2909 3537 3147 3606 φυσικὴν
3186 3535 3324 3604 ἔχων
3360 3534 3679 3604 βασιλείαν;

2098 3653 2114 3686 ι
2145 3636 2203 3688 Ὀ
2223 3634 2410 3705 θρόνος
2435 3650 2530 3686 σου
2560 3632 2693 3704 γὰρ,
2722 3632 2906 3701 φησὶν,
2933 3630 2960 3682 ὁ
2986 3627 3144 3691 Θεὸς,
3172 3629 3252 3691 είς
3268 3626 3358 3680 τὸν
3387 3627 3557 3680 αίῶνα
3582 3625 3679 3678 τοῦ

2089 3727 2303 3788 αἰῶνος.
2333 3745 2351 3775 ι
2391 3724 2602 3778 Οὐκοῦν
2633 3724 2878 3778 ἐναντίον
2916 3722 2976 3775 τὸ
3025 3716 3166 3773 εἶναι
3201 3719 3427 3788 βασιλέα
3461 3716 3556 3771 τοῦ
3598 3719 3682 3782 είς

2092 3814 2314 3886 βασιλέα
2370 3802 2686 3885 χρισθῆναι,
2736 3813 2825 3866 διὰ
2867 3813 2928 3866 τὸ
2979 3813 3264 3882 ἀγαπῆσαι
3305 3808 3680 3879 δικαιοσύνην,

2091 3908 2186 3962 καὶ
2220 3907 2450 3979 μισῆσαι
2497 3906 2749 3976 ἀνομίαν.
2789 3905 2975 3958 Πόνων
3015 3907 3124 3974 γὰρ
3181 3899 3342 3958 ἆθλον
3383 3904 3416 3974 ἡ
3452 3901 3680 3973 τοιαύτη

2094 3999 2363 4072 βασιλεία.
2386 3998 2598 4052 Οὐκοῦν
2628 3998 2789 4052 πάλιν
2810 3997 2902 4050 τὸν
2935 3997 3035 4068 μὲν
3060 3996 3211 4060 Θεὸν,
3231 3988 3291 4048 οὗ
3312 3997 3342 4048 6
3375 3995 3565 4064 θρόνος
3599 3996 3682 4056 είς

2092 4089 2265 4142 αίῶνα
2295 4088 2513 4152 αἰῶνος,
2555 4088 2646 4141 τὸν
2671 4088 2758 4142 ἀεὶ
2779 4087 2910 4141 ὄντα
2931 4090 3195 4159 νοήσομεν
3214 4101 3226 4115 ·
3257 4084 3347 4137 τὸν
3367 4083 3422 4136 δὲ
3451 4083 3680 4154 ὕστερόν

2093 4197 2225 4234 ποτε
2255 4179 2552 4251 χρισθέντα
2575 4180 2663 4233 διὰ
2693 4179 2754 4232 τὸ
2781 4179 2912 4250 περὶ
2937 4178 3037 4251 τὴν
3069 4176 3348 4250 ἁμαρτίαν
3382 4179 3555 4247 μῖσος,
3585 4175 3684 4228 καὶ

2093 4274 2192 4344 τὴν
2225 4272 2604 4344 ἀγαπηθεῖσαν
2636 4273 2726 4324 ὑπ’
2755 4271 2922 4324 αὐτοῦ
2956 4269 3330 4340 δικαιοσύνην,
3352 4269 3410 4322 τὸ
3443 4269 3500 4335 ἐξ
3527 4267 3686 4339 ἡμῶν

412 4379 476 4430 de
507 4373 662 4428 nobis
694 4380 999 4438 sumptum,
1033 4377 1086 4420 et
1119 4380 1184 4420 ex
1223 4363 1424 4417 Davide
1460 4373 1620 4430 atque
1650 4362 1984 4427 Abrahamo,

2094 4365 2320 4438 ληφθὲν,
2352 4366 2414 4418 τὸ
2454 4366 2519 4418 ἐκ
2557 4365 2748 4430 Δαϐὶδ,
2793 4365 2853 4419 τὸ
2895 4363 2954 4428 ἐξ
3003 4363 3282 4435 Ἀϐραὰμ,
3327 4361 3388 4414 τὸ
3425 4361 3688 4433 μετόχους

409 4477 466 4522 et
504 4464 595 4535 qui
637 4462 772 4516 alios
815 4457 1107 4530 participes
1147 4455 1232 4509 sui
1271 4454 1457 4519 habet,
1495 4466 1632 4521 quos
1671 4451 1814 4504 inter
1851 4450 1996 4504 chri-

2096 4455 2241 4527 ἕχον,
2289 4449 2370 4518 οἷς
2401 4455 2720 4508 πλεονεκτεῖ
2755 4454 2833 4525 τῷ
2870 4455 3156 4527 χρίσματι,
3206 4456 3264 4507 ἐν
3319 4450 3496 4521 ἐαυτῷ
3534 4448 3690 4514 δεξά-

411 4569 585 4614 smate.
621 4553 870 4618 excellit,
911 4552 1114 4621 quique
1154 4548 1337 4604 omnia
1395 4543 1720 4601 sanctissimi
1763 4540 1984 4614 Spiritus

2099 4565 2259 4622 μενον
2290 4548 2468 4602 πάντα
2501 4547 2570 4601 τὰ
2614 4547 2936 4619 χαρίσματα
2965 4544 3062 4599 τοῦ
3113 4545 3388 4614 παναγίου
3430 4542 3689 4614 Πνεύμα-

412 4651 744 4706 charismata
787 4648 840 4702 in
880 4661 939 4700 se
979 4643 1203 4713 recepit.
1243 4642 1495 4695 Attamen
1535 4640 1587 4693 in
1631 4646 1859 4705 utraque
1899 4652 1996 4690 na-

415 4756 534 4800 tura
565 4758 728 4798 unum
760 4739 954 4794 Filium
986 4733 1353 4790 adorabimus.

487 4834 686 4890 lterum
728 4835 917 4887 beatus
955 4828 1155 4884 Paulus
1194 4825 1454 4879 Davidem
1498 4830 1690 4877 testem
1734 4821 1993 4876 invocans

416 4929 508 4999 qui
542 4927 619 4982 ait
652 4945 664 4981 :
704 4944 721 4977 ι
761 4924 1007 4987 Domine,
1042 4921 1169 4989 quid
1205 4928 1286 4972 est
1311 4919 1496 4980 homo,
1526 4915 1668 4984 quod
1702 4927 1907 4968 memor
1935 4927 1995 4967 es

416 5021 555 5090 ejus,
593 5027 685 5073 aut
723 5017 862 5070 lilius
900 5013 1133 5068 hominis
1174 5010 1430 5079 quoniam
1470 5007 1659 5061 visitas
1695 5004 1858 5060 eum?
1894 5003 1991 5060 Mi—

418 5112 583 5167 nuisti
613 5126 734 5166 eum
759 5108 912 5180 paulo
942 5107 1118 5161 minus
1145 5106 1210 5159 ab
1237 5102 1470 5172 angelis;
1501 5100 1672 5171 gloria
1704 5108 1757 5154 et
1789 5100 1994 5154 honore

418 5204 690 5259 coronasti
722 5219 844 5256 eum
877 5201 955 5266 ⁶¹;
990 5219 1008 5251 ι
1039 5197 1281 5252 addidit:
1315 5215 1332 5246 ι
1367 5195 1500 5248 Eum
1537 5203 1715 5247 autem
1749 5193 1840 5262 qui
1875 5205 1988 5245 mo-

490 5383 536 5418 ³³
572 5384 735 5438 llebr.
765 5397 803 5447 t,
841 5381 892 5434 ὅ.

492 5539 566 5606 (l)
608 5541 686 5592 Ad
712 5541 853 5590 hunc
878 5536 1031 5589 Luca:
1059 5530 1400 5606 locuntquod
1429 5528 1620 5606 attinet
1644 5527 1850 5596 legatur
1883 5527 2000 5606 pul-

415 5599 559 5659 chra,
587 5608 771 5674 Cyrilli
810 5608 975 5656 nostri
1013 5603 1285 5674 enarratio
1312 5601 1471 5674 etiarn
1516 5600 1568 5650 in
1600 5599 2003 5674 continenturiis

415 5679 534 5738 ejus
555 5664 687 5739 quos
717 5690 812 5730 nos
840 5676 1124 5730 edidimus.
1152 5670 1410 5741 (Hujusce
1433 5668 1636 5723 Patrol.
1666 5679 1704 5723 t.
1735 5664 1999 5736 LXXII.)

2094 4658 2186 4705 τος
2205 4657 2217 4669 ·
2250 4643 2308 4693 ἐν
2335 4639 2575 4711 ἑκατέρᾳ
2604 4640 2661 4694 δὲ
2685 4639 2845 4709 φύσει
2872 4637 2949 4711 (2)
2979 4639 3070 4693 τὸν
3097 4639 3196 4693 Eva
3223 4637 3351 4692 Υῐὸν
3374 4635 3690 4707 προσκυνή-

2100 4751 2306 4805 σωμεν,

2170 4827 2282 4880 Καὶ
2311 4820 2465 4889 αὖθις
2500 4825 2557 4878 δέ
2579 4827 2606 4878 6
2643 4824 2912 4897 μακάριος
2957 4821 3171 4886 Παῦλος
3203 4823 3296 4876 τὸν
3328 4820 3496 4874 Δαϐὶδ
3531 4816 3694 4872 καλέ-

2103 4935 2203 4981 σας
2241 4920 2321 4980 είς
2367 4917 2676 4988 μαρτυρίαν
2714 4917 2942 4986 λέγοντα
2968 4933 2980 4947 ’
3017 4935 3034 4968 ι
3062 4916 3258 4986 Κύριε,
3300 4914 3352 4967 τί
3397 4915 3549 4966 ἐστιν
3595 4912 3690 4965 ἄνυ

2099 5007 2316 5079 θρωπος
2352 5011 2434 5062 ὅτι
2481 5010 2766 5082 μιμνήσκῃ
2805 5007 3007 5073 αὐτοῦ,
3047 5007 3080 5079 ἢ
3115 5007 3231 5070 υίὸς
3284 5005 3576 5078 ἀνθρώπου
3610 5003 3692 5056 ὃτι

2099 5099 2409 5174 ἐπισκέπτῃ
2443 5101 2643 5166 αὑτόν;
2682 5102 3032 5165 ’Πλάττωσας
3069 5100 3232 5154 αὑτὸν
3271 5097 3447 5170 βραχύ
3477 5115 3529 5152 τι
3560 5096 3690 5165 παρ’

2101 5193 2385 5262 ἀγγέλους,
2426 5193 2552 5265 δόξῃ
2583 5195 2679 5248 καὶ
2708 5197 2842 5265 τιμῇ
2880 5194 3262 5262 ἐστεφάνωσας
3298 5190 3463 5245 αὐτόν
3487 5207 3499 5218 ·
3529 5207 3547 5239 ι
3589 5189 3691 5240 ἑπ-

970 5379 1016 5410 ιο
1050 5379 1178 5433 ibid.
1215 5377 1268 5431 ι.
1349 5373 1392 5404 ε·
1425 5371 1632 5439 ιδίαδ,
1662 5371 1714 5426 9.
1796 5373 1837 5403 σι
1874 5369 2037 5428 Hebr.
2076 5387 2137 5437 ιι,
2184 5373 2238 5438 6,
2267 5373 2322 5430 7.

2140 5578 2142 5582 ,
2185 5529 2263 5601 (2)
2307 5529 2404 5584 Hic
2434 5544 2649 5599 quoque
2679 5529 2892 5601 duasin
2916 5543 3030 5601 uno
3054 5524 3275 5601 Christo
3301 5535 3530 5601 naturas
3557 5521 3699 5592 apud

2113 5594 2367 5673 Cyrillum
2408 5594 2656 5672 legimus,
2691 5594 2874 5656 invitis
2910 5598 3105 5655 frustra
3141 5594 3484 5650 Severianis.
