4082 6258
373 478 506 533 1457

1540 492 1628 547 DE
1666 491 2177 564 INCARNATIONE
2218 491 2474 550 DOMINI‘.

3501 491 3644 547 H53

367 597 572 667 ήγαγεο
611 617 631 652 ι
660 599 764 655 Τὸν
801 603 860 657 δὲ
901 603 1075 676 βραχύ
1124 624 1176 660 τι
1221 609 1352 680 παρ’
1393 611 1660 680 ἀγγέλους
1705 615 1946 684 ἠλαττω-

2058 616 2180 673 dico
2223 632 2386 687 quam
2431 616 2606 688 angeli
2652 615 2957 671 minoratus
3000 624 3102 679 est,
3145 613 3388 669 videmus
3427 611 3634 673 Jesum,

371 691 532 760 μένον
571 691 841 764 βλέπομεν
878 697 1106 766 Ἰησοῦν,
1151 699 1239 754 διὰ
1276 701 1336 754 τὸ
1380 702 1612 774 πάθημα
1653 705 1749 758 τοῦ
1784 704 1950 759 θανά-

365 798 490 846 του,
537 783 665 857 δόξῃ
703 786 800 840 καὶ⁴
849 791 981 860 τιμῇ
1034 792 1508 864 ἐστεφανωμένον,
1569 797 1713 860 ὅπως
1768 797 1951 867 χάριτι

365 871 500 926 Θεοῦ
533 875 672 946 ὑπὲρ
701 879 902 943 παντὸς
928 881 1194 952 γεύσηται
1225 883 1478 941 θανάτου.
1506 904 1523 936 ι
1561 886 1732 940 Τοῦτο
1760 887 1817 940 δὲ
1855 888 1952 958 μά·
1993 899 2003 920 ‘

367 961 524 1018 λιστα
578 967 765 1036 σαφῶς
805 970 1042 1026 δείκνυσι
1072 975 1166 1027 τοῦ
1210 976 1613 1047 ἀναληφθέντος
1660 979 1949 1050 ἀνθρώπου
1977 985 1991 997 ⁸

365 1055 426 1110 τὸ
457 1057 693 1114 τέλειον·
721 1065 816 1116 καὶ¹
847 1065 953 1137 γάρ
1007 1085 1174 1139 φησι·
1211 1087 1230 1120 ι
1260 1070 1330 1122 Τί
1355 1070 1502 1124 ἐστιν
1531 1071 1836 1142 ἄνθρωπος,
1868 1073 1948 1126 ὅτι

370 1153 655 1226 μιμνήσκῃ
711 1157 911 1226 αὐτοῦς
951 1178 968 1212 ι
1010 1161 1147 1216 ἀλλὰ
1193 1162 1245 1215 τί
1291 1163 1439 1219 ἐστιν
1486 1164 1805 1235 ἄνθρωπος,
1854 1165 1948 1219 καὶ

367 1247 548 1301 πᾶσαν
587 1250 720 1319 ὁμοῦ
750 1251 847 1324 τὴν
887 1253 1049 1321 φύσιν
1085 1255 1424 1328 περιλαϐών·
1458 1258 1555 1311 καὶ
1602 1257 1806 1330 Κύριον
1852 1259 1950 1330 μὲν

367 1343 848 1412 προσαγορεύσας,
896 1347 987 1400 τὸν
1041 1350 1398 1421 ὲνοικήσαντα
1443 1349 1575 1404 Θεὸν
1616 1350 1811 1419 Λόγον,
1857 1351 1948 1405 τὸν

363 1431 464 1501 τῆς
499 1433 706 1497 οἰκείας
745 1430 952 1502 εἰκόνος
1001 1440 1329 1510 μνησθέντα,
1373 1442 1466 1495 τὸν
1495 1444 1720 1514 ἀρρήτῳ
1761 1442 1949 1512 φιλαν-

368 1524 583 1598 θρωπίᾳ
640 1530 1032 1601 χρησάμενον·
1089 1532 1379 1605 ἄνθρωπον
1435 1534 1492 1588 δὲ
1535 1534 1626 1588 τὸν
1670 1534 1728 1602 ὲξ
1788 1533 1947 1606 ἡμῶν

366 1618 740 1690 ἀναληφθέντα
773 1622 918 1687 ναὸν,
949 1624 1007 1678 ὃν
1037 1627 1105 1696 τῇ
1141 1626 1416 1699 παρουσίᾳ
1445 1626 1812 1696 ἐπεσκέψατο,
1848 1627 1947 1680 καὶ

365 1711 542 1781 ἑαυτῷ
574 1714 799 1784 συνῆψε,
831 1716 925 1770 καὶ
954 1717 1018 1788 τῇ
1055 1717 1244 1772 ἐνώσει
1285 1718 1385 1789 τὴν
1428 1717 1705 1790 σωτηρίαν
1759 1718 1947 1790 είργά-

366 1817 497 1854 σατο
517 1819 530 1832 ·
561 1804 654 1857 καὶ
685 1804 842 1857 τοῦτο
894 1806 1211 1878 ἑρμηνεύων
1243 1807 1345 1879 ἔφη
1366 1826 1382 1841 ο
1416 1827 1435 1860 ι
1465 1809 1570 1862 Τὸν
1586 1809 1644 1862 δὲ
1680 1809 1854 1880 βραχύ
1895 1828 1946 1864 τι

367 1892 496 1960 παρ’
517 1892 782 1960 ἀγγέλους
809 1894 1193 1967 ἠλαττωμένον
1224 1897 1496 1968 βλέπομεν
1532 1898 1740 1968 Ἰησοῦν
1769 1899 1857 1952 διὰ
1883 1900 1946 1954 τὸ

2056 717 2278 779 propter
2305 709 2610 778 passionem
2642 709 2856 774 mortis,
2887 707 3057 777 gloria
3090 716 3143 762 et
3174 708 3378 762 honore
3409 721 3638 762 corona-

2056 810 2198 865 tum,
2246 810 2304 855 ut
2349 800 2522 871 gratia
2571 799 2699 866 Dei,
2742 814 2840 870 pro
2882 799 3134 854 omnibus
3179 805 3409 851 mortem
3455 805 3638 865 gusta-

2053 900 2137 946 ret
2161 893 2230 946 θ’.
2269 910 2288 943 ›
2321 894 2435 948 Ηοο
2467 900 2646 947 autem
2679 891 3127 946 manifestissime
3159 889 3423 957 assumpti
3459 885 3636 942 homi-

2051 983 2137 1038 nis
2169 983 2560 1051 perfectionem
2593 983 2950 1038 demonstrat.
2983 982 3071 1036 Ait
3100 981 3244 1035 enim
3275 998 3289 1034 :
3329 997 3348 1030 ι
3385 977 3524 1044 Quid
3553 987 3637 1032 est

2052 1076 2233 1141 homo,
2269 1075 2411 1145 quod
2448 1090 2656 1130 memor
2685 1090 2745 1131 es
2781 1075 2935 1144 ejus?
2974 1092 2992 1125 ι
3035 1073 3140 1127 Sed
3177 1071 3306 1142 quid
3346 1077 3430 1125 est
3468 1070 3636 1124 homo

2050 1169 2175 1221 dum
2219 1169 2312 1234 ait,
2354 1167 2662 1223 universam
2704 1167 2862 1222 simul
2901 1174 3152 1220 naturam
3196 1160 3630 1233 comprehendit.

2049 1259 2114 1313 Et
2154 1259 2279 1314 dum
2324 1259 2608 1314 Dominum
2650 1257 2904 1328 appellat,
2945 1256 3112 1312 Deum
3141 1254 3379 1311 Verbum
3421 1251 3636 1310 inhabi-

2051 1361 2171 1406 tans
2202 1351 2350 1418 dicit,
2377 1351 2521 1421 quod
2553 1366 2665 1406 suae
2697 1350 2951 1417 imaginis
2983 1363 3190 1402 memor
3211 1345 3341 1410 fuit,
3371 1344 3516 1414 quod
3552 1343 3636 1396 in-

2047 1443 2312 1498 effabilem
2337 1443 2679 1498 clementiam
2703 1442 3056 1512 exprompsit.
3083 1439 3367 1494 Hominem
3393 1435 3630 1504 denique

2048 1538 2121 1591 ait
2172 1536 2299 1591 illud
2327 1537 2468 1608 quod
2494 1537 2562 1591 de
2589 1535 2744 1590 nobis
2773 1543 3047 1602 sumptum
3074 1542 3156 1587 est
3185 1529 3462 1601 templum,
3487 1527 3631 1596 quod

2049 1627 2334 1698 praesentia
2362 1642 2458 1683 sua
2484 1627 2751 1693 visitavit,
2779 1626 2996 1696 sibique
3019 1623 3315 1693 cOpulavit,
3339 1634 3512 1689 eaque
3538 1619 3633 1672 ad-

2047 1720 2304 1775 unatione
2328 1719 2555 1774 salutem
2583 1719 2810 1790 peregit.
2832 1717 2962 1785 Qua:
2987 1717 3101 1787 ipse
3127 1715 3495 1784 interpretans
3518 1709 3637 1764 ait-:-

2053 1831 2071 1864 ι
2117 1811 2250 1866 Eum
2291 1823 2469 1868 autem
2509 1812 2601 1882 qui
2643 1812 2860 1867 modico
2901 1825 3063 1880 quam
3108 1807 3286 1878 angeli
3329 1805 3630 1859 minoratus

2047 1913 2154 1971 est,
2193 1903 2440 1959 videmus
2480 1903 2696 1971 Jesum,
2735 1911 2957 1974 propter
2995 1901 3188 1956 mortis
3225 1899 3557 1969 passionem.
3606 1914 3633 1946 ι-

366 1982 594 2054 πόιθημα
631 1985 727 2039 τοῦ
763 1986 1014 2042 θανάτου.
1041 2008 1058 2039 ι
1109 1989 1375 2044 Ἀπέθανε
1405 1991 1462 2044 δὲ
1494 1993 1592 2062 οὐχ
1621 1995 1649 2045 6
1678 1991 1945 2056 ἀθάνατος

2051 1995 2291 2050 Mortuus
2315 2004 2398 2050 est
2425 1996 2605 2066 itaque
2630 2011 2736 2050 non
2769 1971 3091 2048 immortalis
3121 1992 3284 2056 Deus,
3312 1988 3406 2045 sed
3435 1995 3637 2042 natura

363 2074 494 2138 Θεὸς
524 2075 716 2145 Λόγος,
750 2077 865 2132 ἀλλ’
897 2081 930 2150 ἡ
967 2080 1135 2153 θνητὴ
1172 2081 1353 2151 φύσις.
1389 2083 1480 2135 Διὸ
1514 2084 1610 2136 καὶ
1647 2082 1948 2154 ἠλαττοῦτο

365 2163 535 2235 βραχύ
572 2183 625 2219 τι
687 2170 818 2238 παρ’
848 2167 1149 2236 ἀγγέλους,
1191 2169 1269 2239 τῷ
1311 2171 1436 2234 τοὺς
1504 2171 1602 2242 μὲν
1642 2171 1947 2236 ἀθανάτους

362 2254 522 2321 εἶναι,
555 2257 653 2330 τὴν
693 2259 749 2312 δὲ
781 2259 1003 2330 θνητήν.
1045 2261 1104 2315 '0
1133 2261 1189 2314 δὲ
1211 2261 1344 2325 Θεὸς
1375 2263 1547 2331 Λόγος
1569 2264 1668 2316 οὐκ
1705 2265 1944 2318 ἐλάττων

362 2349 628 2419 ἀγγέλων,
671 2352 806 2405 ἀλλά
833 2353 1100 2423 δεσπότης
1133 2354 1416 2422 ἀγγέλων·
1459 2377 1476 2409 ι
1517 2357 1604 2409 Ἐν
1636 2355 1787 2426 αὐτῷ
1834 2355 1945 2427 γὰρ

363 2444 585 2514 ἐκτίσθη
626 2445 696 2498 τά
735 2445 947 2510 πάντα,
981 2444 1091 2498 εἴτε
1137 2447 1343 2514 ὁρατὰ,
1390 2446 1500 2502 εἴτε
1546 2448 1791 2521 ἀόρατα,
1832 2449 1944 2502 εἴτε

361 2535 572 2604 Θρόνοι,
604 2537 713 2588 εἴτε
746 2537 1101 2608 Κυριότητες,
1125 2540 1232 2591 εἴτε
1264 2540 1473 2610 ’Λρχαὶ,
1500 2540 1611 2594 εἴτε
1650 2540 1942 2608 Ἐξουσίαι,

362 2626 473 2679 εἴτε
502 2627 778 2696 Ἄγγελοι,
801 2629 909 2682 εἴτε
934 2630 1204 2702 Δυνάμεις
1220 2649 1231 2660 ·
1263 2634 1441 2688 πάντα
1467 2635 1523 2688 δὲ
1545 2636 1611 2690 δι’
1639 2637 1828 2702 αὑτοῦ,
1850 2638 1944 2691 καὶ

360 2721 441 2782 είς
474 2720 636 2774 αὐτὸν
668 2721 930 2776 ἔκτισται.
967 2743 985 2774 ι
1039 2724 1149 2777 Καὶ
1192 2726 1331 2796 μετά
1362 2727 1531 2781 πολλὰ
1573 2729 1736 2782 πάλιν
1757 2748 1769 2760 ·
1803 2747 1820 2782 ι
1849 2732 1945 2795 Ὃς

359 2813 419 2866 ὲν
442 2816 563 2877 ταῖς
592 2815 847 2885 ἡμέραις,
876 2819 1030 2887 φησὶ,
1059 2819 1159 2888 τῆς
1193 2819 1395 2890 σαρκὸς
1425 2822 1588 2875 αὑτοῦ
1613 2823 1825 2895 δεήσεις
1850 2825 1944 2878 καὶ

363 2905 644 2976 ἱκετηρίας
675 2907 812 2978 πρὸς
852 2909 942 2962 τὸν
985 2909 1281 2980 δυνάμενον
1306 2912 1466 2966 αὐτὸν
1491 2914 1555 2966 ὲκ
1585 2914 1816 2969 θανάτου
1853 2917 1945 2987 ῥύ-

363 2998 560 3052 σασθαι
608 3001 746 3069 μετά
798 3004 1045 3073 κραυγῆς
1087 3006 1312 3076 ἰσχυρᾶς
1356 3007 1449 3060 καὶ
1478 3007 1732 3079 δακρύων
1775 3027 1945 3082 προσ-

359 3090 628 3159 ενεγκὼν,
677 3093 771 3146 καὶ
834 3095 1210 3160 εἰσακουσθεὶς
1263 3098 1372 3151 ἀπὸ
1421 3099 1521 3170 τῆς
1567 3101 1875 3165 εὐλαϐείας.
1917 3121 1935 3154 ι

360 3183 579 3256 Καίπερ
608 3183 684 3238 ὢν
718 3186 865 3253 Υίὺς,
902 3187 1106 3258 ἔμαθεν
1139 3189 1197 3256 ἐξ
1245 3184 1320 3244 ὧν
1347 3189 1514 3245 ἔπαθε
1545 3191 1645 3263 τὴν
1677 3194 1938 3267 ὑπακοὴν,

360 3274 454 3327 καὶ
478 3275 782 3341 τελειωθεὶς
812 3277 1033 3347 γέγονεν
1062 3280 1233 3335 ἆπασι
1260 3282 1370 3346 τοῖς
1396 3283 1762 3339 ὑπακούουσιν
1791 3285 1942 3358 αύτῷ

359 3366 530 3430 αἴτιος
562 3370 833 3438 σωτηρίας
873 3372 1114 3427 αἰωνίου.

430 3545 525 3609 Τίς
560 3545 736 3601 τοίνυν
765 3549 792 3600 6
823 3551 1288 3621 προσευχόμενος,
1331 3554 1424 3607 καὶ
1457 3554 1672 3627 δεήσεις
1700 3559 1794 3611 καὶ
1832 3559 1943 3611 ἱκεο

357 3653 421 3707 τη
430 3637 551 3706 ρίας
572 3638 710 3708 μετά
739 3641 987 3710 κραυγῆς
1009 3643 1239 3712 ἰσχυρᾶς
1256 3645 1350 3698 καὶ
1369 3645 1622 3718 δακρύων
1645 3666 1946 3719 προςῖενεγ⁴

359 3729 500 3796 κών;
551 3732 644 3796 Τίς
690 3734 718 3785 6
746 3734 803 3785 ὲν
836 3734 1091 3807 εὐλαϐείᾳ
1129 3739 1401 3811 συζήσας,
1435 3741 1530 3794 καὶ
1560 3741 1648 3796 διὰ
1678 3743 1838 3798 τοῦτο
1883 3745 1943 3799 ὃν

358 3822 602 3875 ἱκέτευσε
658 3825 888 3891 πείσας;
923 3828 1018 3890 Τίς
1048 3829 1077 3882 6
1113 3829 1301 3900 μαθὼν
1347 3832 1441 3901 ἀφ’
1491 3827 1568 3888 ὧν
1619 3834 1790 3890 ἔπαθε
1844 3837 1943 3908 τὴν

357 3914 624 3986 ὑπακοὴν,
652 3918 744 3969 καὶ
769 3918 867 3988 τὴν
893 3922 1090 3990 πεῖραν
1118 3921 1298 3976 λαϐὼν
1323 3925 1664 3988 διδάσκαλον,
1694 3927 1789 3978 καὶ
1821 3928 1946 3979 ταύ-

355 4023 454 4077 την
482 4007 690 4075 ἀγνοῶν
715 4009 818 4080 πρὸ
843 4013 940 4080 τῆς
969 4013 1162 4080 πείρας
1184 4031 1198 4076 ;
1225 4014 1320 4076 Τίς
1347 4016 1374 4064 6
1396 4014 1576 4067 λαϐὼν
1602 4017 1745 4069 κατὰ
1777 4017 1944 4088 μέρος

354 4096 454 4166 τὴν
493 4097 838 4169 τελειότητα;
871 4101 984 4168 υύχ
1025 4102 1054 4151 6
1093 4101 1224 4164 Θεὸς
1255 4102 1450 4170 Λόγος,
1481 4106 1510 4157 6
1543 4104 1767 4171 τέλειος,
1802 4109 1830 4159 6
1865 4110 1943 4160 εί-

355 4189 459 4253 δὼς
497 4192 673 4243 πάντα
714 4191 843 4258 πρὶν
889 4192 1158 4257 γενέσεως
1190 4193 1388 4256 αὐτῶν,
1423 4194 1538 4247 ἀλλ’
1561 4198 1622 4250 οὺ
1662 4201 1728 4270 τῇ
1778 4199 1943 4272 πείρᾳ

361 4281 675 4352 μανθάνωνο
705 4281 733 4332 6
780 4282 988 4345 πάντας
1022 4282 1160 4353 έχων
1207 4285 1664 4358 εὐλαϐουμένους,
1699 4291 1813 4344 ἀλλ’
1839 4294 1941 4347 οὐκ

358 4373 518 4436 αὐτὸς
549 4373 943 4443 εὐλαϐούμενος
966 4392 978 4405 ·
1013 4377 1040 4427 ὁ
1073 4376 1406 4447 ἀφελόμενος
1433 4381 1540 4434 πᾶν
1572 4381 1807 4454 δάκρυον
1833 4385 1943 4439 ἀπὸ

359 4465 559 4529 παντὸς
598 4465 912 4535 προσώπου,
941 4465 1056 4518 ἀλλ’
1083 4468 1144 4520 οὐ
1175 4467 1434 4538 δακρύειν
1469 4472 1561 4525 ὑπ’
1586 4473 1779 4544 ὀδύνης
1811 4477 1941 4529 ἀνα-

356 4559 693 4628 γκαζόμενος
713 4575 724 4586 °
761 4560 789 4612 6
819 4559 1034 4629 ἀπαθὴς
1077 4563 1171 4613 καὶ
1204 4561 1488 4627 ἀθάνατος,
1519 4565 1634 4619 ἀλλ’
1660 4568 1720 4619 ού
1754 4568 1939 4634 δεδιὼς

2051 2085 2318 2140 mortalis.
2366 2085 2487 2140 Ideo
2528 2095 2583 2141 et
2628 2086 2840 2140 modico
2883 2084 3022 2139 infra
3069 2081 3290 2152 angelos
3331 2079 3632 2134 minoratus

2046 2184 2152 2238 est,
2179 2176 2302 2243 quia
2331 2177 2384 2229 hi
2413 2185 2540 2230 sunt
2570 2174 2929 2239 immortales,
2956 2173 3046 2228 illa
3074 2187 3233 2227 secus
3264 2180 3458 2224 natura
3487 2182 3632 2222 mor-

2049 2267 2174 2322 talis
2199 2276 2300 2322 est.
2331 2266 2499 2321 Porro
2531 2267 2669 2321 Deus
2695 2267 2930 2322 Verbum
2958 2279 3062 2320 non
3093 2273 3177 2318 est
3206 2262 3344 2321 infra
3373 2259 3594 2330 angelos
3613 2299 3629 2324 ,

2045 2358 2140 2413 sed
2170 2357 2484 2425 angelorum
2511 2357 2730 2428 833m
2762 2355 3039 2410 Dominus.
3087 2372 3104 2405 ι
3137 2351 3402 2419 Quoniam
3429 2351 3482 2404 in
3513 2349 3632 2417 ipso

2047 2451 2266 2505 condita
2301 2459 2427 2504 sunt
2460 2451 2746 2513 universa,
2784 2448 2897 2503 sive
2931 2445 3199 2510 visibilia,
3237 2444 3351 2499 sive
3386 2441 3632 2496 invisibi-

2047 2542 2139 2608 lia,
2172 2543 2288 2598 sive
2317 2541 2546 2608 Throni,
2578 2540 2696 2596 sive
2732 2539 3163 2604 Dominationes,
3198 2537 3313 2591 sive
3350 2533 3630 2603 Principa-

2047 2645 2164 2700 tus,
2191 2633 2305 2690 sive
2333 2632 2665 2698 Potestates,
2693 2633 2807 2686 sive
2830 2630 3019 2702 Angeli
3039 2670 3054 2696 ,
3083 2629 3196 2684 sive
3213 2625 3486 2690 Virtutes;
3513 2637 3630 2679 om~

2047 2729 2137 2782 nia
2167 2737 2346 2781 autem
2379 2740 2474 2796 per
2502 2725 2699 2796 ipsum,
2726 2733 2782 2779 et
2810 2723 2864 2778 in
2898 2721 3018 2792 ipso
3048 2729 3232 2776 creata
3264 2727 3391 2773 sunt
3413 2717 3478 2770 ".
3517 2735 3536 2767 ι
3566 2714 3637 2768 Et-

2046 2820 2172 2875 alibi
2216 2819 2394 2874 denuo
2433 2836 2448 2873 :
2493 2837 2511 2870 ι
2556 2817 2658 2885 Qui
2703 2817 2756 2871 in
2803 2815 3016 2878 diebus,
3061 2813 3254 2880 inquit,
3295 2811 3477 2866 carnis
3519 2822 3637 2862 suae

2045 2925 2235 2980 preces
2272 2907 2806 2978 supplicationesque
2841 2907 2906 2960 ad
2944 2920 3103 2970 eum,
3137 2904 3231 2974 qui
3270 2902 3440 2972 possit
3476 2899 3628 2954 illum

2045 3003 2251 3057 salvum
2287 3001 2468 3055 facere
2504 3015 2534 3055 a
2574 3009 2771 3067 morte,
2809 3013 2931 3053 cum
2966 2997 3201 3052 clamore
3238 2994 3413 3048 valido
3450 3000 3505 3046 et
3545 2991 3629 3044 la-

2045 3094 2246 3166 crymis
2289 3092 2552 3158 offerens,
2602 3091 2891 3147 exauditus
2942 3097 3026 3144 est
3075 3101 3174 3156 pro
3220 3100 3318 3140 sua
3368 3097 3628 3138 reveren-

2047 3189 2118 3241 tia
2145 3187 2210 3240 “.
2257 3205 2276 3238 ι
2316 3186 2379 3240 Et
2412 3185 2632 3256 quidem
2672 3200 2794 3239 cum
2833 3191 2978 3238 esset
3012 3180 3210 3246 Filius,
3248 3178 3434 3235 didicit
3459 3191 3526 3230 ex
3562 3177 3630 3230 iis

2047 3295 2166 3349 quae
2203 3293 2396 3349 passus
2430 3289 2514 3332 est
2545 3276 2906 3332 obedientiam
2941 3293 2956 3329 :
2988 3283 3043 3330 et
3076 3279 3507 3334 consummatus,
3540 3267 3625 3322 fa-

2047 3381 2167 3426 ctus
2198 3379 2284 3426 est
2317 3369 2569 3425 omnibus
2600 3365 3103 3437 obtemperantibus
3133 3363 3256 3430 sibi,
3287 3376 3448 3419 causa
3483 3359 3626 3416 salu-

2047 3465 2113 3518 tis
2143 3474 2381 3520 aeternae.
2699 3469 2702 3472 ’

2115 3553 2247 3620 Quis
2276 3568 2407 3624 ergo
2442 3561 2528 3608 est
2558 3566 2746 3618 orans,
2778 3559 2832 3606 et
2865 3564 3058 3621 preces
3091 3547 3642 3618 supplicationesque.

2044 3659 2166 3699 cum
2197 3644 2437 3699 clamore
2465 3644 2640 3698 valido
2670 3651 2724 3697 et
2754 3642 3009 3712 lacrymis
3038 3638 3308 3695 offerens?
3339 3637 3472 3704 Quis
3503 3650 3635 3689 cum

2044 3736 2295 3807 religiosa
2329 3737 2626 3792 reverentia
2656 3736 2862 3798 vivens,
2895 3735 3122 3802 ideoque
3151 3733 3218 3786 ab
3249 3746 3313 3785 eo
3344 3744 3503 3798 quem
3539 3743 3628 3782 ro-

2043 3831 2188 3900 gavit
2218 3829 2549 3898 impetraris?
2575 3828 2706 3889 Quis
2735 3828 2954 3878 discens
2979 3839 3045 3877 ex
3074 3824 3139 3876 iis
3168 3837 3290 3891 qua:
3319 3835 3512 3888 passus
3539 3827 3628 3873 est

2041 3920 2427 3983 obedientiam,
2455 3928 2510 3972 et
2540 3915 2786 3983 magistri
2819 3914 2938 3968 loco
2966 3912 3358 3981 experientiam
3392 3911 3624 3975 habens,

2043 4013 2264 4080 ignarus
2293 4011 2411 4079 ejus
2440 4008 2516 4062 rei
2548 4017 2845 4075 antequam
2874 4003 3252 4074 experiretur?
3299 4003 3434 4070 Quis
3462 4003 3625 4072 pede-

2044 4104 2232 4159 tentim
2270 4104 2498 4173 adeptus
2536 4109 2619 4157 est
2658 4097 3083 4169 perfectionem?
3121 4096 3272 4151 Haud
3311 4111 3442 4150 sane
3482 4096 3625 4150 Deus

2042 4196 2300 4263 Verbum,
2337 4195 2634 4264 perfectura
2673 4193 2821 4255 illud,
2849 4199 2903 4246 et
2938 4193 3079 4262 quod
3115 4190 3299 4246 omnia
3332 4198 3640 4257 antequam.

2042 4293 2172 4344 fiant
2200 4289 2371 4354 novit,
2403 4287 2626 4342 minime
2655 4302 2782 4340 vero
2811 4283 3145 4353 experientia
3181 4283 3396 4336 discens
3430 4299 3445 4335 :
3479 4281 3642 4350 quod.

2039 4397 2228 4437 omnes
2253 4382 2418 4436 habet
2437 4380 2521 4434 sui
2546 4379 2802 4442 cultores,
2826 4378 2954 4431 dum
2980 4375 3048 4430 ab
3069 4375 3186 4443 ipso
3209 4374 3406 4429 colitur
3425 4387 3624 4439 nemo;

2040 4473 2292 4529 auferens
2325 4473 2394 4527 ab
2421 4472 2566 4527 omni
2603 4471 2743 4525 facie
2774 4470 3092 4539 lacrymam,
3122 4467 3295 4536 ipsum
3321 4480 3452 4519 vero
3481 4463 3645 4518 nullo-

2040 4570 2226 4624 dolore
2261 4565 2550 4638 lacrymari
2585 4563 2923 4632 compulsum
2958 4579 2974 4628 ;
3010 4558 3370 4630 impassibile,
3406 4558 3628 4611 immor-

356 4651 446 4702 τὸν
479 4650 726 4715 θάνατον,
760 4649 853 4702 καὶ
906 4651 1043 4718 μετά
1093 4653 1344 4723 κραυγῆς
1389 4657 1647 4710 ἱκετεύων
1692 4658 1938 4712 ἀπαλλα-

2047 4663 2174 4726 tale,
2212 4676 2314 4715 non
2359 4667 2540 4713 autem
2585 4665 2813 4710 mortem
2863 4654 3080 4718 timens,
3129 4664 3306 4720 neque
3342 4650 3406 4703 'ut
3449 4649 3518 4703 ab
3558 4664 3642 4702 ea-

357 4743 519 4811 γῆναι
553 4742 803 4796 θανάτου.
840 4741 1050 4796 Οὐκοῦν
1080 4743 1185 4797 ἴδια
1212 4746 1385 4800 ταῦτα
1410 4750 1509 4818 τῆς
1540 4749 1942 4821 ἀναληφθείσης

356 4834 812 4904 ἁνθρωπότητος,
847 4836 879 4904 ἢ
916 4835 1011 4889 καὶ
1054 4836 1143 4889 τὸν
1177 4836 1408 4892 θάνατον
1456 4840 1670 4906 ἐδεδίει,
1723 4844 1818 4895 καὶ
1859 4844 1939 4896 δι-

355 4925 530 4978 ετέλει
568 4927 1017 4998 προσευχομένη,
1064 4929 1163 4998 τῆς
1217 4931 1533 5003 ὲνοικούσης
1580 4933 1843 5006 Θεότητος
1865 4934 1942 5006 τῷ

356 5019 507 5090 φόϐῳ
547 5020 1014 5092 παραχωρούσης,
1055 5022 1142 5075 ἵνα
1174 5023 1263 5076 διὰ
1295 5023 1402 5078 τῶν
1441 5025 1781 5096 παθημάτων
1830 5029 1941 5081 δει-

355 5112 459 5183 χθῇ
506 5111 598 5165 τοῦ
631 5113 928 5183 ληφθέντος
972 5116 1004 5184 ἡ
1040 5113 1222 5184 φύσις.
1273 5117 1384 5171 Καὶ
1433 5118 1627 5171 πάλινο
1668 5140 1686 5171 ι
1717 5123 1791 5174 Οὐ
1834 5121 1943 5194 γὰρ

353 5205 527 5276 δήπου
591 5205 841 5274 ἀγγέλων
903 5205 1370 5276 ἐπιλαμϐάνεται,
1431 5209 1568 5263 ἀλλά
1629 5213 1944 5283 σπέρματος

367 5297 616 5368 ’Λϐραάμ
667 5298 1133 5368 ἐπιλαμϐάνεται·
1172 5299 1294 5354 ὅθεν
1338 5301 1538 5370 ὤφειλε
1589 5305 1730 5358 κατά
1765 5306 1944 5360 πάντα

353 5392 467 5452 τοῖς
514 5388 760 5456 ἀδελφοῖς
795 5391 1163 5461 ὁμοιωθῆναι,
1213 5395 1292 5454 εἰς
1337 5395 1397 5446 τὸ
1457 5395 1774 5450 ἱλάσκεσθαι
1817 5401 1938 5463 ταῖς

355 5479 655 5551 ἁμαρτίαις
696 5481 789 5533 τοῦ
834 5482 985 5536 λαοῦ.
1019 5503 1036 5536 ι
1088 5486 1176 5538 Ἐν
1219 5479 1262 5551 ᾧ
1302 5487 1412 5558 γὰρ
1461 5488 1729 5544 πέπονθεν
1783 5492 1944 5555 αὐτὸς

357 5571 703 5642 πειρασοεὶς,
752 5572 975 5629 δύναται
1024 5580 1137 5642 τοῖς
1196 5581 1613 5650 πειραζομένοις
1655 5583 1939 5654 βοηθῆσαι.

356 5666 467 5719 Καὶ
503 5667 619 5734 μετ’
661 5665 849 5734 ὀλίγα·
887 5687 904 5717 ι
936 5669 1007 5721 Ού
1043 5671 1152 5741 γὰρ
1192 5672 1390 5742 ἔχομεν
1435 5676 1698 5746 ἀρχιερέα
1742 5677 1816 5747 μὴ
1851 5677 1943 5730 δυ..

356 5757 587 5827 νάμενον
637 5755 991 5826 συμπαθῆσαι
1027 5761 1146 5822 ταῖς
1175 5761 1483 5828 ἀσθενείαις
1528 5765 1706 5833 ἡμῶν,
1753 5782 1944 5820 πεπει-

430 5931 470 5959 “
498 5931 660 5986 ιιι-ω’.
693 5946 751 6001 ιι,
795 5935 846 5990 9.
925 5937 969 5967 ⁵³
1003 5936 1208 5995 Coloss.
1241 5955 1275 6007 I,
1321 5939 1397 5994 16.
1482 5942 1522 5970 ⁸⁵
1561 5939 1720 5998 llehr.
1753 5959 1801 6007 γ,
1839 5946 1885 5996 7.

2043 4756 2303 4810 liberetur
2335 4766 2459 4806 cum
2505 4748 2742 4802 clamore
2781 4744 3117 4814 supplicans.
3155 4741 3418 4807 Superest
3459 4739 3627 4808 igitur

2043 4856 2101 4900 ut
2135 4846 2249 4899 haec
2281 4839 2638 4897 humanitatis
2675 4846 2965 4907 assumptae
3000 4835 3108 4889 sint
3145 4833 3384 4904 propria,
3420 4845 3539 4900 quae
3572 4838 3642 4883 et

2047 4946 2273 4992 mortem
2303 4934 2598 4996 metuebat,
2623 4940 2678 4984 et
2706 4931 2758 4984 in
2789 4928 3038 4983 oratione
3065 4923 3472 4996 perseverabat,
3499 4935 3627 4991 qua-

2047 5041 2204 5084 tenus
2240 5025 2550 5082 inhabitans
2584 5023 2764 5078 Deitas
2794 5021 2972 5076 timori
3010 5020 3184 5073 locum
3221 5031 3344 5072 esse
3375 5015 3624 5078 sinebat;

2041 5132 2098 5177 ut
2135 5138 2202 5178 ex
2242 5119 2584 5190 passionibus
2623 5115 2885 5183 assumpti
2929 5111 3162 5166 hominis
3201 5118 3393 5164 natura
3434 5106 3628 5174 digno-

2042 5219 2306 5267 sceretur.
2339 5209 2406 5264 Et
2440 5221 2629 5262 rursus
2665 5227 2678 5261 :
2722 5225 2742 5258 ‹
2785 5205 3058 5274 Nusquam
3097 5201 3240 5255 enim
3278 5197 3496 5267 angelos
3530 5210 3626 5263 ap-

2044 5303 2360 5374 prehendit,
2397 5301 2492 5356 sed
2537 5314 2718 5355 semen
2762 5298 3002 5353 Abrahae
3043 5291 3396 5362 apprehendit
3433 5303 3448 5342 :
3485 5289 3636 5342 unde.

2047 5395 2232 5452 debuit
2268 5409 2364 5462 per
2396 5393 2578 5446 omnia
2616 5390 2875 5444 fratribus
2908 5385 3164 5450 similari,
3205 5393 3263 5438 ut
3297 5381 3492 5438 delicta
3526 5397 3626 5450 po-

2043 5490 2151 5559 puli
2185 5485 2654 5557 repropitiaret“.
2688 5503 2706 5535 ι
2740 5483 2794 5537 lu
2823 5497 2888 5538 eo
2919 5481 3061 5537 enim
3094 5480 3150 5534 in
3182 5493 3289 5548 quo
3321 5490 3514 5545 passus
3544 5485 3628 5530 est

2044 5581 2155 5646 ipse
2195 5587 2248 5633 et
2292 5586 2560 5639 tentatus,
2605 5583 2798 5645 potens
2839 5583 2922 5629 est
2963 5581 3018 5626 et
3061 5571 3141 5625 eis
3185 5568 3275 5638 qui
3324 5575 3626 5629 tentantur,

2043 5669 2312 5724 auxiliari.
2350 5670 2415 5724 Et
2455 5669 2598 5722 haud
2641 5666 2824 5721 multis
2865 5662 3167 5734 interjectis
3203 5679 3216 5715 :
3258 5680 3277 5712 ι
3322 5658 3438 5714 Non
3480 5658 3626 5711 enim

2044 5763 2304 5818 habemus
2341 5761 2684 5832 pontiﬁcem,
2723 5759 2813 5831 qui
2856 5772 2960 5814 non
2999 5757 3168 5826 possit
3204 5751 3438 5822 compati
3474 5747 3628 5808 inﬁt"

1968 5944 2008 5972 δδ
2050 5942 2209 5998 Hebr.
2250 5959 2307 6011 ιι,
2352 5943 2428 5997 ιθ.
