4082 6258
489 481 623 537 1459

1478 472 1534 527 S.
1576 472 1856 528 CYllILLI
1882 472 2356 528 ALEXANDI‘IINI
2392 472 2716 529 ARCHIEI‘.

3607 476 3628 529 I
3640 473 3738 531 δύο

486 598 764 654 mitatibus
784 596 985 650 nostris
1002 635 1016 658 ,
1041 601 1298 647 tentatum
1318 597 1494 645 autem
1517 589 1736 663 834m
1762 607 1857 661 per
1884 592 2058 646 omnia

2165 591 2401 663 ραμένον
2433 591 2488 644 δὲ
2513 590 2655 644 κατὰ
2688 589 2863 644 πάντα
2901 588 3022 642 καθ’
3043 589 3334 659 ὁμοιότητα
3371 588 3538 661 χωρὶς
3569 591 3741 660 ἁμαρ-

482 706 582 762 pro
606 687 958 745 similitudine
982 685 1182 752 absque
1207 691 1428 753 peccato
1446 681 1510 736 “.
1541 701 1557 733 ι
1580 680 1674 736 Est
1700 683 1861 753 igitur
1882 682 2052 737 Abra-

486 781 632 836 hami
677 793 856 835 semen
901 778 1111 831 diversa
1156 790 1242 830 res
1281 775 1349 828 ab
1386 773 1476 828 illo
1513 773 1603 842 qui
1647 775 1699 828 id
1740 774 2048 842 assumpsit.

489 871 683 926 Semen
723 883 850 923 vero
889 865 1182 920 Ahrahami
1222 863 1428 919 sciebat
1469 864 1658 918 beatus
1693 861 1893 917 Paulus
1931 876 2052 916 esse

488 965 828 1020 Servatorem
863 958 1136 1015 Christum
1172 959 1463 1012 secundum
1481 971 1752 1010 carnemu
1782 954 1897 1008 Non
1919 954 2052 1007 dixit

485 1065 540 1110 et
578 1051 874 1108 seminibus
915 1049 1054 1114 tuis,
1097 1047 1251 1118 quasi
1293 1046 1359 1102 de
1400 1045 1615 1112 multis;
1658 1046 1750 1099 sed
1791 1044 1944 1114 quasi
1986 1043 2053 1096 de

487 1160 632 1200 uno:
665 1163 683 1196 ι
707 1141 774 1196 Ει
801 1139 993 1196 semini
1028 1148 1142 1203 tuo,
1168 1141 1258 1208 qui
1286 1147 1370 1193 est
1395 1135 1648 1192 Christus
1667 1136 1732 1190 θ’.
1765 1153 1783 1186 ι
1817 1133 2052 1204 Denique

483 1235 644 1290 etiam
678 1231 869 1286 tentari
903 1230 968 1286 ad
1001 1228 1404 1285 similitudinem
1433 1226 1637 1295 absque
1667 1233 1915 1295 peccato,
1943 1238 2050 1278 non

484 1332 567 1378 est
595 1321 687 1380 Dei
716 1320 1014 1393 Verbi,sed
1043 1317 1305 1387 assmupti
1337 1315 1562 1371 seminis
1590 1315 1890 1386 proprium.

486 1430 648 1487 XXII.
688 1431 840 1497 Quod
871 1430 1025 1484 Jesus
1057 1436 1106 1483 et
1137 1428 1274 1482 Deus
1323 1425 1540 1480 Verbum
1569 1435 1615 1478 et
1653 1427 1808 1478 homo
1834 1424 2048 1477 dicitur.

517 1613 596 1668 Ita
616 1607 1057 1682 prmelarissimus
1085 1602 1282 1658 Paulus
1307 1615 1402 1672 per
1433 1609 1596 1655 totam
1623 1599 1913 1668 Epistolam
1941 1608 2051 1652 tum

483 1715 690 1760 natum
723 1701 1103 1770 proprietates,
1143 1705 1251 1748 tum
1299 1706 1544 1763 personae
1592 1690 1847 1760 praadicat
1878 1689 2056 1744 unita-

485 1805 590 1849 tem
626 1811 640 1847 :
670 1793 896 1860 ideoque
919 1787 1102 1844 .Iesum
1125 1785 1404 1841 Christum
1433 1792 1486 1838 et
1510 1782 1783 1836 hominem
1821 1781 2056 1851 appellat

483 1895 536 1941 et
578 1883 766 1938 Deum.
821 1897 838 1931 ι
867 1877 1037 1941 Unus,
1076 1875 1270 1944 inquit,
1313 1874 1572 1928 Dominus
1601 1871 1760 1926 Jesus
1786 1872 2050 1936 Christus,

482 1989 578 2043 per
595 1986 752 2040 quem
781 1969 961 2024 omnia
985 1968 1050 2019 ⁸⁸.
1082 1987 1100 2018 ›
1124 1966 1440 2032 Rursusque
1464 1963 1748 2018 Timotheo
1773 1962 2050 2016 scribens:
2091 1946 2130 2000 Β

489 2085 508 2117 ο
543 2062 696 2120 Unus
732 2060 1014 2122 mediator,
1063 2058 1260 2125 inquit,
1311 2056 1406 2110 Dei
1455 2065 1509 2110 et
1560 2053 1857 2118 hominum,
1896 2053 2054 2106 homo

482 2154 732 2210 Christus
768 2149 926 2206 Jesus
970 2149 1035 2203 ".
1070 2166 1088 2199 ι
1128 2147 1195 2201 Ει
1233 2147 1286 2200 in
1314 2145 1499 2200 eadem
1528 2144 1592 2197 ad
1645 2142 1897 2197 Hebraeos
1926 2139 2040 2208 Epi-

482 2223 619 2304 stola
664 2266 678 2303 :
730 2265 748 2297 ι
784 2243 944 2299 Jesus
975 2242 1222 2297 Christus
1259 2238 1377 2293 heri
1423 2247 1476 2291 et
1511 2236 1688 2300 hodie,
1736 2235 1848 2304 ipse
1897 2241 1952 2289 et
2001 2232 2054 2286 in

481 2336 676 2394 saecula
727 2335 799 2388 ⁷⁸.
832 2352 850 2386 ι
887 2332 1004 2386 Alia
1057 2344 1293 2400 quoque,
1344 2328 1388 2384 si
1436 2327 1557 2397 quis
1606 2325 1772 2390 volet,
1821 2325 2057 2380 inveniet

481 2435 736 2484 sexcenta
781 2421 1087 2480 testimonia
1137 2421 1189 2474 in
1229 2418 1406 2474 divina
1455 2415 1734 2494 Scriptura
1778 2427 1896 2481 qua:
1928 2427 2048 2482 per-

482 2517 680 2573 fectqu
739 2513 1009 2570 hominem
1069 2510 1384 2582 praedicant,
1457 2516 1620 2576 atque
1678 2505 2056 2561 haereticorum

479 2616 776 2677 coarguunt
798 2604 1088 2660 insaniam.
1119 2601 1287 2657 Nobis
1313 2611 1492 2656 tamen
1517 2599 1684 2654 otium
1719 2598 1771 2651 in
1805 2596 2055 2667 praesenti

479 2716 586 2757 non
614 2708 697 2756 est
725 2713 789 2754 ea
811 2695 1113 2765 colligendi.
1139 2691 1410 2748 Studiosis
1442 2690 1621 2758 itaque
1643 2687 1884 2742 laborem
1916 2686 2059 2739 hunc

481 2794 840 2855 dimittentes,
891 2803 993 2845 nos
1024 2786 1239 2857 quidem
1293 2783 1624 2854 propositum
1677 2786 2056 2850 argumentum

482 2896 890 2957 prosequamur.

719 2995 906 3052 XXIII.
949 2995 1024 3050 De
1065 2991 1323 3062 ineffabili
1362 2989 1590 3060 Virginis
1625 2996 1803 3058 partu.

549 3114 716 3184 Igitur
737 3111 1010 3181 propriam
1050 3106 1339 3177 imaginem
1385 3102 1527 3159 bello
1567 3101 1910 3156 fatiscentem
1952 3097 2055 3152 mi-

481 3216 695 3263 seratus
726 3202 975 3266 Creator,
1005 3210 1058 3256 et
1085 3198 1244 3254 morti
1273 3197 1547 3260 traditam,
1580 3192 1862 3248 inclinavit
1888 3189 2058 3245 caelos

2156 681 2294 747 τίας.
2329 683 2558 752 Ἕτερον
2600 682 2780 735 τοίνυν
2812 682 2873 734 τὸ
2903 681 2996 735 τοῦ
3042 680 3292 751 Ἀϐραὰμ
3339 682 3559 751 σπέρμα
3593 682 3740 752 παρὰ

2155 773 2247 826 τὸν
2288 773 2790 844 ἐπιλαμϐανόμενον
2829 771 3040 828 τούτου.
3071 793 3089 825 ι
3127 771 3359 844 Σπέρμα
3394 773 3451 826 δὲ
3491 773 3740 844 Ἀϐραὰμ

2157 859 2296 917 οἶδεν
2323 865 2352 916 6
2387 866 2654 936 μακάριος
2685 865 2896 928 Παῦλος
2935 864 3028 917 τὸν
3063 865 3292 935 Σωτῆρα
3334 865 3570 934 Χριστὸν
3601 866 3739 918 κατὰ

2160 955 2356 1025 σάρκα·
2399 974 2416 1006 t
2441 957 2512 1008 Οὺ
2540 955 2648 1026 γὰρ
2667 953 2811 1019 εἷπε,
2841 955 2992 1026 φησὶ,
3017 954 3130 1007 Kal.
3160 957 3274 1018 τοῖς
3313 955 3591 1026 σπέρμασί
3625 971 3736 1018 σου,

2157 1045 2232 1108 ὡς
2259 1045 2351 1098 ἐπὶ
2379 1046 2608 1110 πολλῶν,
2637 1047 2748 1100 ἀλλ’
2771 1047 2846 1111 ὼς
2878 1045 2960 1115 ἐφ’
2987 1047 3126 1111 ἐνὸς,
3176 1047 3288 1100 Kal.
3352 1046 3432 1116 τῷ
3462 1047 3736 1118 σπέρματί

2160 1152 2275 1198 σου,
2305 1136 2360 1199 ὃς
2396 1138 2509 1190 ἐστι
2547 1137 2798 1209 Χριστός.
2831 1155 2848 1188 ι
2901 1136 3012 1190 Kal.
3056 1137 3114 1190 τὸ
3161 1137 3489 1208 πειραθῆναι
3529 1139 3585 1192 δὲ
3618 1139 3734 1192 καθ’

2157 1227 2450 1297 ὁμοιότητα
2484 1228 2651 1299 χωρὶς
2681 1227 2977 1299 ἁμαρτίας,
3007 1227 3068 1280 ού
3093 1227 3188 1280 τοῦ
3218 1228 3356 1282 Θεοῦ
3379 1231 3553 1298 Λόγου
3583 1231 3735 1296 ῐδιον,

2157 1317 2293 1370 ἀλλά
2325 1318 2418 1371 τοῦ
2446 1318 2843 1388 ἀναληφθέντος
2871 1319 3206 1391 σπέρματος.

2159 1431 2285 1486 KB'.
2323 1432 2442 1486 Ὅτι
2477 1431 2706 1499 Ἰησοῦς
2756 1432 2852 1485 καὶ
2875 1432 3033 1503 Θεὸς
3063 1433 3250 1500 Λόγος
3298 1432 3394 1486 καὶ
3423 1434 3740 1503 ἅνθρωπος

2814 1500 3075 1570 λέγεται.

2233 1609 2418 1674 Οὕτως
2444 1613 2472 1664 6
2487 1610 2758 1675 θειότατος
2777 1610 3008 1677 Παῦλος,
3039 1611 3129 1666 διὰ
3163 1613 3341 1684 πάσης
3361 1613 3459 1682 τῆς
3483 1614 3739 1669 Ἐπιστο-

2159 1703 2280 1773 λῆς,
2302 1703 2400 1767 τάς
2426 1721 2484 1757 τε
2509 1703 2617 1758 τῶν
2644 1703 2860 1772 φύσεων
2889 1703 3175 1775 ἰδιότητας,
3201 1703 3296 1758 καὶ
3321 1703 3415 1758 τοῦ
3441 1706 3738 1776 προσώπου

2161 1794 2419 1866 κηρύττει
2469 1794 2566 1866 τὴν
2611 1795 2839 1848 ἕνωσιν⁵
2873 1794 2955 1848 διὸ
2987 1795 3194 1866 Ἰησοῦν
3227 1795 3462 1866 Χριστὸν
3508 1797 3603 1849 καὶ
3642 1797 3738 1851 ἇν-

2161 1885 2380 1957 θρωπον
2432 1886 2526 1941 καὶ
2571 1885 2702 1939 Θεὸν
2737 1886 3166 1957 προσαγορεύειο
3209 1907 3228 1939 ι
3262 1882 3360 1951 Εἷς
3402 1886 3532 1957 γάρ,
3573 1890 3734 1960 φησὶ,

2159 1977 2361 2050 Κύριος
2392 1978 2598 2050 Ἰησοῦς
2624 1980 2881 2051 Χριστὸς,
2905 1980 2972 2032 δι’
2992 1974 3052 2034 οὗ
3077 1979 3144 2033 τὰ
3166 1980 3365 2033 πάντα.
3390 1999 3410 2032 ι
3442 1980 3553 2034 Καὶ
3579 1981 3738 2036 πάλιν

2158 2068 2408 2139 Τιμοθέῳ
2465 2068 2694 2139 γράφων
2717 2085 2732 2100 ο
2771 2087 2790 2120 ι
2820 2063 2915 2132 Εἷς
2951 2069 3209 2139 μεσίτης,
3259 2071 3428 2139 φησὶ,
3465 2067 3596 2122 Θεοῦ
3644 2068 3737 2122 καὶ

2159 2159 2480 2231 ἀνθρώπων,
2499 2159 2782 2230 ἄνθρωπος
2805 2159 3038 2231 Χριστὸς
3068 2159 3276 2230 Ἰησοῦς
3297 2175 3310 2186 ·
3338 2177 3357 2210 ι
3391 2160 3481 2212 καὶ
3509 2161 3564 2213 ἐν
3595 2161 3732 2229 αὐτῇ

2157 2250 2214 2303 δὲ
2254 2252 2320 2320 τῇ
2370 2249 2509 2320 πρὸς
2541 2250 2861 2324 Ἐϐραίους·
2901 2269 2919 2302 t
2961 2249 3170 2320 Ἰησοῦς
3204 2251 3444 2323 Χριστὸς
3481 2250 3604 2321 χθὲς
3637 2251 3734 2304 καὶ

2161 2344 2402 2415 σήμερον
2427 2344 2455 2396 6
2482 2343 2665 2407 αὐτὸς,
2691 2345 2786 2398 καὶ
2807 2345 2888 2408 είς
2918 2344 3045 2407 τοὺς
3067 2343 3273 2406 αἰῶνας
3291 2360 3305 2375 ο
3333 2363 3350 2396 r
3386 2344 3481 2396 καὶ
3504 2342 3663 2406 ἄλλας
3689 2342 3733 2396 δ’

2159 2433 2225 2486 ἂν
2245 2450 2328 2496 τις
2352 2431 2611 2504 ἐθελήσας
2636 2431 2786 2502 εὖροι
2819 2432 3020 2504 μυρίας
3049 2431 3355 2503 μαρτυρίας
3382 2433 3449 2486 ὲκ
3471 2432 3569 2503 τῆς
3591 2431 3739 2496 θείας

2158 2521 2383 2593 Γραφῆς
2411 2522 2505 2575 τὸν
2544 2521 2750 2575 τέλειον
2771 2521 3056 2592 ἄνθρωπον
3087 2521 3488 2592 κηρυττούσας,
3515 2521 3739 2575 καὶτῶν

2159 2611 2450 2682 αἱρετικῶν
2473 2610 2800 2681 ὲλεγχούσας
2819 2609 2919 2680 τὴν
2942 2609 3150 2664 ἄνοιαν.
3178 2609 3317 2662 Ἀλλ’
3341 2611 3472 2680 ἡμῖν
3494 2611 3556 2664 οὐ
3579 2611 3738 2681 σχολὴ

2157 2701 2330 2756 ταῦτα
2361 2701 2638 2769 συλλέγειν
2675 2701 2766 2755 ὲπὶ
2796 2700 2889 2754 τοῦ
2933 2701 3220 2771 παρόντος.
3262 2702 3387 2765 Τοῖς
3435 2701 3739 2771 φιλοπόνοις

2157 2790 2336 2842 τοίνυν
2359 2790 2449 2842 τὸν
2479 2790 2638 2845 πόνον
2663 2788 2848 2843 τοῦτον
2873 2788 3282 2856 καταλιπόντες,
3303 2791 3466 2860 ἡμεῖς
3491 2793 3588 2861 τῆς
3615 2806 3740 2860 προ-

2159 2880 2416 2952 κειμένης
2450 2882 2833 2952 πραγματείας
2861 2879 3136 2953 ἐχώμεθα.

2159 2992 2284 3045 Kl".
2318 2992 2457 3061 Περὶ
2483 2991 2593 3060 τῆς
2613 2992 2876 3061 ἀρῤήτου
2901 2993 3014 3064 τῆς
3037 2993 3346 3062 Παρθένου
3371 2992 3740 3063 γεννήσεως.

2230 3102 2528 3173 Τοιγαροῦν
2572 3104 2668 3175 τὴν
2718 3104 2924 3158 οἰκείαν
2975 3108 3158 3160 εἰκόνα
3214 3105 3627 3175 πολεμουμένην
3659 3107 3742 3158 ol-

2160 3195 2381 3263 κτείρας
2428 3195 2456 3246 6
2491 3192 2749 3263 Ποιητής,
2796 3194 2890 3247 καὶ
2944 3193 3160 3266 θανάτῳ
3204 3194 3740 3265 παραπεμπομένην,

483 3306 536 3352 et
557 3293 834 3350 descendit
854 3293 921 3357 τί,
955 3289 1098 3345 haud
1123 3302 1256 3343 sane
1281 3287 1460 3340 locum
1490 3293 1727 3347 mutans,
1753 3295 1927 3349 neque
1950 3279 2055 3332 alio

2162 3285 2368 3339 ἔκλινεν
2419 3285 2704 3357 οὐρανοὺς,
2734 3286 2829 3338 καὶ
2854 3286 3082 3354 κατέϐη,
3139 3287 3201 3339 οὺ
3242 3286 3336 3339 τὸν
3373 3286 3536 3338 τόπον
3579 3285 3742 3355 ἀμεί-

484 3399 544 3440 se
573 3383 942 3448 transferens;
972 3377 1173 3434 etenim
1201 3376 1384 3431 omnia
1412 3373 1626 3444 implet;
1676 3375 1785 3427 imo
1815 3369 2057 3425 infinitus

2162 3375 2284 3445 ψας,
2309 3377 2417 3429 οὐδ’
2439 3377 2674 3448 ἑτέρωσε
2705 3376 2960 3448 μεταϐὰς
2982 3376 3182 3448 πληροῖ
3207 3375 3314 3447 γὰρ
3339 3377 3406 3430 τά
3429 3374 3742 3446 σύμπαντα,

483 3483 590 3540 est,
639 3475 785 3528 nullo
845 3473 1076 3528 termino
1125 3471 1573 3540 comprehensus,
1625 3474 1842 3532 cuncta,
1867 3474 1927 3518 ut
1984 3463 2057 3516 ait

483 3567 767 3634 prepheta,
805 3580 963 3618 manu
1017 3563 1301 3618 continens
1345 3579 1358 3615 :
1395 3578 1414 3612 ι
1450 3559 1582 3626 Quis
1641 3559 1808 3623 enim,
1862 3555 2054 3625 inquit,

489 3669 708 3709 mensus
739 3662 821 3706 est
850 3668 1009 3705 manu
1056 3668 1153 3705 sua
1205 3666 1395 3719 aquas,
1441 3659 1496 3704 et
1528 3648 1723 3704 caelum
1773 3648 1970 3717 palmo,
2006 3655 2061 3700 et

486 3747 794 3800 universam
821 3754 1018 3797 terram
1042 3741 1301 3811 pugillo"
1324 3740 1346 3793 ‘I
1371 3758 1390 3791 ι
1415 3738 1652 3806 Itemque
1668 3737 1860 3791 David:
1881 3755 1899 3787 ι
1924 3737 2057 3800 Quia

485 3839 542 3894 in
577 3852 739 3892 manu
787 3835 904 3904 ejus
933 3845 1061 3890 sunt
1105 3847 1293 3889 omnes
1340 3831 1474 3886 fines
1501 3837 1660 3885 terra:
1682 3828 1747 3882 ".
1782 3847 1802 3880 ι
1839 3827 1905 3882 Ει
1947 3827 2061 3894 ipse

487 3930 630 3986 Deus
657 3945 752 3998 per
797 3927 1112 3998 prophetam
1159 3943 1174 3980 :
1221 3943 1240 3977 ι
1269 3923 1474 3980 Caelum
1525 3922 1684 3976 sedes
1739 3933 1880 3984 mea,
1919 3928 2058 3973 terra

486 4033 664 4079 autem
693 4021 984 4078 scabellum
1013 4020 1206 4089 pedum
1247 4033 1490 4074 meorum
1522 4015 1589 4070 τι.
1629 4033 1646 4068 ι
1669 4015 1807 4084 Ergo
1842 4012 2061 4084 335m

488 4117 819 4172 descensum
872 4112 1386 4169 eondescensionem
1451 4109 1630 4178 potius
1669 4108 2056 4162 existimemus.

489 4205 770 4262 Inclinavit
795 4206 977 4273 itaque
1001 4202 1170 4258 cce-los
1197 4209 1252 4255 et
1281 4200 1580 4259 descendit.
1610 4207 1663 4253 et
1691 4197 1934 4268 virgineo
1967 4197 2060 4251 de—

489 4300 630 4353 lecto
659 4307 813 4352 utero
855 4308 1057 4350 sanctae
1095 4293 1286 4363 puellae
1331 4303 1490 4360 atque
1533 4291 1586 4345 iu
1626 4300 1770 4345 recta
1804 4289 2063 4359 religione

489 4389 725 4450 nutritae,
755 4386 998 4453 angelica
1024 4399 1159 4439 voce
1186 4391 1396 4452 partum
1423 4382 1833 4450 praenuntiante,
1859 4387 1912 4434 et
1934 4395 2060 4435 con-

489 4477 752 4549 eeptionis
787 4476 1054 4531 rationem
1080 4480 1256 4530 'antea
1289 4472 1614 4542 explicante,
1650 4471 2063 4540 virgineumque

2163 3470 2362 3538 μᾶλλον
2397 3469 2452 3522 δὲ
2479 3469 2706 3540 ἄπειρός
2746 3471 2896 3531 ἐστι,
2936 3469 3031 3521 καὶ
3072 3465 3379 3538 ἁχώρητος,
3425 3467 3518 3520 καὶ
3563 3467 3746 3520 πάντα

2159 3559 2465 3630 ἐχων,κατὰ
2485 3559 2574 3613 τὸν
2592 3561 2894 3630 προφήτην,
2914 3559 2972 3610 ὲν
2991 3560 3057 3630 τῇ
3077 3558 3272 3629 χειρί.‹
3285 3557 3380 3620 Τίς
3402 3557 3530 3628 γὰρ,
3555 3558 3743 3626 φησὶν,

2160 3653 2431 3722 ὲμέτρησε
2461 3653 2528 3721 τῇ
2561 3651 2706 3721 χειρὶ
2749 3644 2915 3703 αὑτοῦ
2958 3649 3020 3702 τὸ
3065 3649 3227 3720 ὕδωρ.
3260 3648 3356 3701 καὶ
3387 3649 3481 3700 τὸν
3513 3646 3745 3717 οὐρανὸν

2162 3742 2442 3814 σπιθαμῇ,
2488 3746 2580 3796 καὶ
2616 3745 2796 3798 πᾶσαν
2825 3742 2922 3813 τὴν
2966 3742 3068 3812 γῆν
3095 3739 3292 3810 δρακί;
3319 3758 3339 3791 ι
3379 3739 3490 3792 Kal
3526 3739 3688 3790 πάλιν
3717 3741 3748 3790 6

2161 3834 2321 3888 Δαϐίδ
2340 3851 2354 3862 ·
2384 3853 2403 3885 ι
2431 3835 2552 3888 Ὅτι
2583 3837 2640 3887 ὲν
2663 3838 2731 3905 τῇ
2759 3835 2901 3905 χειρὶ
2922 3833 3087 3887 αὐτοῦ
3111 3831 3180 3886 τὰ
3209 3832 3426 3905 πέρατα
3451 3832 3552 3902 τῆς
3578 3830 3740 3900 γῆς..

2162 3925 2271 3979 Kal
2297 3925 2456 3989 αὐτὸς
2484 3926 2540 3978 δὲ
2567 3929 2597 3980 6
2628 3926 2759 3990 Θεὸς
2785 3925 2872 3980 διὰ
2901 3927 2996 3979 τοῦ
3023 3926 3304 3997 προφήτου
3325 3939 3339 3952 ·
3379 3943 3398 3975 ι
3428 3924 3486 3976 '0
3512 3921 3749 3992 οὐρανός

2165 4036 2264 4089 μου
2305 4019 2522 4089 θρόνος,
2564 4021 2597 4090 ἡ
2647 4019 2704 4073 δὲ
2749 4021 2819 4091 γῆ
2857 4020 3147 4074 ὑποπόδιον
3195 4017 3298 4070 τῶν
3332 4015 3508 4068 ποδῶν
3557 4033 3686 4084 μου.
3721 4034 3743 4069 ι

2164 4110 2371 4164 Οὐκοῦν
2385 4111 2482 4181 τὴν
2503 4111 2804 4166 κατάϐασιν
2820 4113 3103 4182 νοήσωμεν
3121 4107 3536 4178 συγκατάϐασιν·
3556 4107 3750 4161 ἔκλινε

2163 4202 2343 4256 τοίνυν
2371 4203 2654 4274 οὐρανοὺς,
2693 4203 2787 4257 καὶ
2834 4203 3061 4273 κατέϐη,
3093 4203 3187 4257 καὶ
3221 4199 3550 4272 παρθενικὴν
3583 4199 3752 4252 ἐκλε-

2166 4293 2398 4365 ξάμενος
2431 4294 2589 4365 νηδὺν
2613 4294 2779 4366 κόρης
2816 4295 2978 4363 ἁγίας
3007 4295 3101 4348 καὶ
3133 4293 3385 4364 εὐσεϐείᾳ
3409 4290 3752 4363 συντεθραμ-

2170 4386 2360 4457 μένης,
2391 4385 2458 4439 δι’
2483 4386 2780 4455 ἀγγελικῆς
2810 4386 2994 4455 φωνῆς
3036 4384 3128 4438 τὸν
3177 4384 3338 4438 τόκον
3386 4383 3752 4454 προμηνυσά-

2169 4493 2287 4548 σης,
2319 4478 2414 4531 καὶ
2439 4477 2540 4546 τῆς
2569 4477 2881 4548 συλλήψεως
2923 4478 3017 4533 τὸν
3045 4476 3247 4548 τρόπον
3294 4474 3752 4546 προερμηνευσά-

489 4583 744 4640 pavorem
785 4583 847 4624 ea
895 4567 1262 4623 declarations
1305 4565 1579 4628 solvente,
1627 4565 1904 4633 proprium
1958 4562 2058 4618 sibi

2170 4583 2290 4636 σης,
2329 4567 2424 4621 καὶ
2464 4568 2562 4638 τῆς
2595 4569 2888 4638 παρθενίας
2919 4569 3011 4622 τὸν
3055 4568 3218 4637 φόϐον
3247 4571 3316 4639 τῇ
3351 4567 3617 4638 ἑρμηνείᾳ
3654 4565 3750 4618 λυ-

491 4662 622 4717 facit
649 4667 1036 4729 comparatque
1061 4658 1342 4727 templum,
1385 4665 1439 4711 et
1476 4671 1651 4724 neque
1681 4667 1854 4710 satam
1889 4669 2058 4735 neque

2169 4661 2363 4731 σάσης,
2386 4659 2734 4724 εἰσοικίζεταί
2754 4677 2834 4725 τε,
2859 4661 2954 4714 καὶ
2974 4659 3100 4714 ναὸν
3123 4659 3301 4729 ἐαυτῷ
3322 4656 3752 4722 κατασκευάζει,

493 4755 600 4808 ullo
635 4752 779 4807 cultu
813 4751 1128 4820 dispositam
1159 4749 1262 4805 sibi
1297 4747 1496 4802 format
1528 4746 1814 4802 stationem
1854 4763 1867 4800 :
1907 4745 2064 4801 sicuti

491 4843 580 4896 ille
614 4843 704 4911 qui
755 4839 962 4908 primus
993 4838 1183 4892 serviit
1229 4843 1470 4904 peccato,
1514 4835 1631 4890 sine
1671 4843 1826 4904 patre
1867 4834 2064 4901 fuerat,

491 4947 763 5000 unamque
790 4929 1022 4984 habebat
1049 4938 1248 4983 terram
1275 4938 1523 4981 matrem.
1572 4944 1591 4979 ι
1632 4924 2063 4996 Sumpsitenim,

493 5023 690 5092 inquit,
733 5023 876 5076 Deus
923 5019 1192 5089 pulverem
1224 5020 1291 5074 de
1329 5029 1494 5086 terra,
1535 5019 1920 5088 hominemque
1950 5019 2064 5074 for-

493 5118 660 5170 mavit
687 5115 754 5169 ⁸⁷⁵.
793 5132 813 5166 ι
853 5111 1211 5178 Quamobrem
1240 5113 1432 5169 beatus
1461 5125 1675 5182 quoque
1715 5111 1912 5166 Paulus
1941 5112 2018 5166 ait
2045 5126 2060 5165 :

497 5223 518 5257 ι
555 5206 770 5260 Primus
796 5205 958 5260 homo
988 5205 1052 5258 de
1087 5214 1229 5259 terra
1279 5213 1562 5270 terrenus;
1599 5204 1868 5259 secundus
1900 5203 2062 5258 homo

494 5298 751 5354 Dominus
776 5297 841 5352 de
874 5296 1014 5351 coelo
1039 5296 1104 5350 ⁷⁸.
1147 5314 1165 5348 ›
1207 5294 1378 5364 Hujus
1408 5297 1484 5350 rei
1519 5299 1692 5365 gratia
1723 5295 2061 5365 unigenitum

496 5387 588 5444 Dei
623 5386 858 5443 Verbum
885 5403 952 5441 ex
996 5386 1107 5440 sola
1141 5387 1362 5456 Virgine
1394 5387 1670 5441 materiam
1721 5386 1937 5441 fabricae
1967 5402 2061 5442 su-

497 5491 671 5543 mens,
699 5486 862 5548 atque
893 5478 964 5531 ita
993 5476 1331 5531 illaboratam
1365 5477 1603 5531 formans
1635 5479 1910 5546 templum,
1938 5477 2069 5532 sibi-

495 5578 602 5632 que
642 5569 855 5628 uniens,
901 5567 1076 5636 prodit
1119 5581 1183 5620 ex
1239 5565 1476 5636 Virgine,
1517 5567 1659 5621 haud
1709 5567 1960 5636 equidem
2015 5568 2066 5620 in

499 5663 756 5720 conceptu
812 5656 1028 5711 solvens
1075 5658 1372 5727 virgineam
1429 5675 1644 5725 zonam,
1705 5674 1880 5731 neque
1932 5661 2070 5716 hanc

567 5804 612 5836 "
644 5802 806 5857 Ilehr.
841 5807 1024 5864 1ν,15.

499 5871 545 5900 "'
573 5869 678 5925 lea.
710 5884 800 5938 κι,
836 5873 918 5925 I2.
996 5876 1039 5905 ⁷⁸
1072 5875 1214 5929 I‘sal.
1250 5894 1392 5947 χειν,
1426 5869 1476 5935 ιί.
1552 5883 1595 5913 ⁷³
1626 5883 1724 5937 La.
1762 5899 1904 5949 un,
1933 5900 1967 5937 ι.

2165 4750 2262 4803 καὶ
2287 4752 2387 4821 τὴν
2416 4752 2718 4821 άσπαρτον,
2747 4752 2842 4804 καὶ
2867 4752 2966 4822 ἀνή
2977 4768 3130 4822 ροτον
3159 4751 3365 4821 σκηνήν
3392 4749 3748 4802 διαπλάττει·

2167 4841 2356 4912 ἐπειδὴ
2399 4843 2427 4895 6
2464 4841 2695 4912 πρώτως
2737 4841 3029 4905 δουλεύσας
3073 4844 3140 4913 τῇ
3193 4838 3470 4911 ἁμαρτίᾳ,
3517 4840 3755 4908 ἀπάτωρ

2164 4931 2447 5001 ἐτύγχανε,
2486 4931 2699 5001 μητέρα
2726 4931 2784 4984 δὲ
2830 4931 2998 5002 μόνην
3033 4925 3148 5001 εἶχε
3171 4932 3273 5001 τὴν
3315 4933 3421 5000 γῆν
3445 4947 3460 4960 ο
3512 4929 3756 4981 σἘλαϐε

2167 5021 2297 5092 γὰρ,
2318 5021 2503 5091 φησὶν,
2523 5023 2551 5074 6
2575 5020 2707 5084 Θεὸς
2727 5019 2856 5090 χοῦν
2889 5021 2996 5076 ἀπὸ
3017 5022 3114 5091 τῆς
3141 5021 3277 5091 γῆς,
3301 5021 3397 5074 καὶ
3434 5019 3641 5073 ἔπλασε
3664 5019 3756 5071 τὸν

2167 5111 2474 5182 ἄνθρωπον.
2493 5131 2511 5162 ι
2549 5111 2640 5164 Διὸ
2670 5112 2762 5164 καὶ
2785 5113 2813 5166 6
2860 5112 3128 5183 μακάριος
3173 5110 3383 5173 Παῦλός
3413 5127 3582 5180 φησιν
3601 5127 3618 5140 ·
3655 5128 3674 5159 ι
3697 5109 3758 5161 Ὁ

2169 5204 2384 5275 πρῶτος
2414 5203 2698 5275 ἄνθρωπος
2735 5205 2798 5258 ὲκ
2837 5205 2939 5273 γῆς
2969 5205 3173 5274 χοϊκὸς,
3202 5205 3230 5257 6
3255 5202 3512 5272 δεύτερος
3545 5201 3759 5273 ἄνθρω-

2173 5313 2272 5358 πος
2297 5297 2326 5349 6
2358 5295 2562 5365 Κύριος
2597 5295 2656 5360 ἐξ
2683 5295 2933 5365 ούρανοῦ.
2963 5313 2981 5347 ›
3017 5294 3220 5348 Τούτου
3255 5293 3420 5365 χάριν
3451 5293 3481 5346 6
3526 5309 3756 5363 μονογε-

2170 5386 2266 5456 νὴς
2305 5385 2401 5439 τοῦ
2431 5385 2565 5439 Θεοῦ
2596 5386 2766 5453 Λόγος
2810 5386 2875 5439 ἐκ
2908 5385 3076 5456 μόνης
3118 5383 3394 5453 Παρθένου
3441 5383 3542 5446 τὰς
3583 5387 3758 5453 ἀφορο

2168 5475 2275 5546 μὰς
2299 5474 2479 5529 λαϐὼν
2507 5476 2604 5544 τῆς
2631 5475 2996 5538 διαπλάσεως,
3020 5474 3118 5528 xal.
3143 5474 3317 5543 τούτῳ
3343 5473 3420 5543 τῷ
3444 5475 3638 5543 τρόπῳ
3665 5474 3758 5526 τὸν

2166 5566 2517 5638 ἀγεώργητον
2543 5567 2954 5638 δημιουργήσας
2977 5566 3125 5630 ναὸν,
3155 5565 3250 5619 καὶ
3279 5564 3457 5634 ἑαυτῷ
3485 5565 3754 5633 συνάψας,

2169 5660 2414 5731 πρόεισιν
2439 5661 2503 5714 ἐκ
2533 5660 2629 5732 τῆς
2654 5659 2954 5731 Παρθένου,
2979 5661 3040 5714 οὐ
3064 5659 3231 5722 λύσας
3262 5661 3327 5729 τῇ
3363 5657 3628 5727 συλλήψει
3656 5655 3757 5726 τήν

1102 5810 1144 5839 ⁶⁷
1168 5809 1340 5863 Galat.
1367 5813 1549 5873 rn,I6.
1627 5816 1670 5846 ⁶¹⁸
1699 5814 1978 5876 ICor.vtn,
2006 5815 2057 5869 6.

1102 5879 1214 5929 'sul.
1250 5894 1392 5940 χειν,
1426 5883 1476 5935 ιι.
1552 5883 1595 5913 ⁷³
1626 5883 1724 5937 Ιειι.
1762 5899 1904 5940 LXVI.
1933 5900 1967 5937 ι.
2045 5888 2058 5916 ¹

2162 5815 2181 5842 °
2211 5813 2230 5868 Ι
2259 5814 2396 5869 Tim.
2430 5831 2491 5874 ll,
2519 5815 2570 5869 5.
2629 5814 2676 5844 ⁷ο
2707 5811 2868 5867 Ilehr.
2903 5829 3018 5875 xm,
3041 5813 3092 5868 8.
3173 5815 3212 5846 ’⁸
3243 5812 3284 5867 II
3311 5813 3442 5883 Reg.
3481 5827 3620 5875 xxtt,
3660 5808 3748 5864 I0.

2167 5900 2250 5940 en.
2279 5903 2334 5940 Il.
2370 5887 2418 5938 Ἰ.
2497 5885 2542 5915 ⁷⁸
2570 5885 2585 5936 I
2611 5884 2737 5938 Cor.
2769 5900 2855 5940 xv.
2886 5883 2971 5936 47.

2497 5885 2542 5915 ⁷⁸
2570 5885 2585 5936 I
2611 5884 2737 5938 Cur.
2769 5900 2855 5948 xv,
2886 5883 2971 5936 47.
