4082 6258
408 341 538 401 “6|

1573 365 1662 423 DE
1704 366 2224 428 INCARNATIONE
2263 372 2517 431 DOMlNl.
3553 388 3692 443 “69

407 465 748 571 ⁸παρθενικὴν
778 467 977 571 ζων-ην,
1009 474 1071 527 οὐ
1106 477 1172 547 τῇ
1208 480 1462 550 γεννήσει
1504 483 1838 557 διαρρήξας,
1873 487 1980 541 ἀλλ’

2095 491 2384 548 nativitate
2415 493 2755 565 dirumpens,
2803 497 2896 552 sed
2943 495 3271 554 incolumem
3314 498 3690 571 intactamque

405 557 703 658 ἀκηράτου.
731 560 828 658 κοιλ¹
869 563 1152 637 ἀνέπαφον
1206 569 1563 642 διαφυλάξας,
1605 578 1702 630 καὶ
1738 578 1802 632 τὸ
1849 578 1980 649 μέγα

2097 597 2465 650 conservans,
2506 593 2674 654 atque
2701 586 2774 640 ita
2807 601 3058 658 maguum
3097 589 3200 644 hoc.
3230 599 3284 644 et
3324 591 3690 648 inenarrabile

404 644 567 752 τοῦτο
583 648 714 752 ,καὶ
761 650 1003 724 ἄρρητον
1058 655 1242 728 θαῦμα
1283 660 1814 738 θαυματουργησαςο
1849 644 1980 738 μέγα

2096 683 2322 743 patrans
2360 676 2690 748 prodigium.
2724 644 2936 733 Etenim
2969 696 3223 751 magnum
3267 697 3459 752 reapse
3490 693 3596 751 est,
3636 693 3692 739 et

404 736 515 808 γὰρ
541 737 620 810 τῷ
649 739 766 794 όντι
794 745 887 797 καὶ
931 745 1359 818 ἀνερμήνευτον,
1411 756 1505 809 καὶ
1551 736 1712 827 λόγου
1760 736 1994 829 δύναμιν

405 830 752 902 ύπερϐαῖνον,
783 836 980 910 βότρυν
1009 841 1136 896 ίδεῖν
1162 841 1227 897 ὲκ
1258 846 1362 917 γῆς
1386 847 1515 902 ἄνευ
1542 849 1839 922 κλημάτων
1866 851 1994 923 βλα-

410 923 725 994 στήσαντα,
776 930 921 983 σῖτον
971 931 1102 987 ἄνευ
1143 938 1479 1008 σπερμάτων
1531 939 1738 1011 φύντα,
1787 943 1991 1014 χιτῶνα

403 1018 576 1088 χωρὶς
626 1019 885 1092 νημάτων
931 1024 1024 1078 καὶ
1067 1027 1268 1097 χειρῶν
1303 1030 1615 1100 ὑφαπικῶν
1656 1034 1988 1107 ὑφασμένον,

403 1109 567 1180 άρτον
610 1112 670 1165 ού
711 1111 854 1187 μύλῃ
883 1116 976 1169 καὶ
1008 1119 1165 1190 χερσὶ
1191 1120 1286 1174 καὶ
1320 1123 1456 1194 πυρὶ
1495 1124 1986 1198 δημιουργηθέντα,

403 1199 520 1253 ἀλλ’
542 1201 796 1274 ἀρρήτως
825 1207 891 1258 ὲκ
924 1206 1273 1278 παρθενικῶν
1314 1212 1564 1286 ἀλεύρων
1598 1216 1988 1288 γεγενημένον,

403 1291 498 1343 καὶ
543 1291 645 1363 τὴν
701 1295 1030 1368 οἰκουμένην
1079 1298 1432 1371 καλύψανταο
1466 1305 1605 1375 πρὸς
1647 1306 1706 1360 δὲ
1754 1307 1987 1373 τούτοις,

403 1380 680 1453 Παρθένον
726 1385 913 1457 οἰκείῳ
949 1387 1139 1459 βρέφει
1179 1390 1350 1465 θηλὴν
1394 1394 1719 1467 ὀρέγουσαν,
1756 1399 1852 1453 καὶ
1884 1401 1988 1469 γά-

399 1471 596 1539 λακτος
637 1477 983 1549 χορηγοῦσαν
1028 1482 1243 1554 πηγάς,
1288 1487 1382 1541 καὶ
1429 1490 1642 1562 μητέρα
1689 1491 1991 1564 γενομένην

399 1565 497 1636 τὴν
531 1567 712 1639 γάμου
758 1569 924 1642 νόμον
967 1573 1029 1626 οὐ
1069 1574 1397 1649 δεξαμένην,
1439 1580 1652 1653 μητέρα
1689 1583 1988 1654 γενομένην

397 1659 497 1729 τὴν
533 1659 652 1726 πῶς
689 1661 898 1732 γίνεται
947 1667 1132 1739 μήτηρ
1177 1671 1278 1724 οὐκ
1322 1673 1718 1746 ἐπισταμένην,
1774 1677 1989 1749 μητέρα

399 1753 700 1826 γενομένην
727 1757 826 1828 τὴν
862 1763 1098 1826 γυναῖκα
1131 1761 1396 1833 πρότερον
1425 1766 1488 1818 οὐ
1523 1767 1841 1838 γενομένην,
1870 1768 1985 1821 ἀλλ’

399 1844 460 1898 ὲν
492 1845 762 1920 παρθενίᾳ
807 1851 899 1904 καὶ
931 1851 1023 1906 τὸν
1068 1852 1232 1922 ὄγκον
1265 1857 1364 1927 τῆς
1411 1858 1646 1928 γαστρὸς
1685 1860 1990 1915 ὲπιδεικνῦ-
2021 1841 2064 1894 Β

401 1952 522 2001 σαν,
552 1939 648 1992 καὶ
689 1939 782 1993 τὸν
830 1943 1042 2014 καρπὸν
1083 1946 1142 1999 ὲν
1189 1949 1310 2010 ταῖς
1357 1950 1514 2019 χερσὶ
1563 1952 1986 2024 περιφέρουσαν,

399 2028 494 2081 καὶ
534 2029 603 2083 τὰ
635 2032 840 2103 μητρὸς
869 2033 1266 2107 ἐργαζομένην,
1304 2037 1618 2112 σωζομένης
1648 2041 1749 2112 τῆς
1777 2044 1986 2115 παρθε-

397 2120 539 2184 νίας,
569 2123 662 2175 καὶ
703 2123 972 2194 παρθένον
1017 2129 1232 2200 μητέρα
1271 2130 1636 2203 καλουμένην,
1666 2135 1760 2187 καὶ
1788 2137 1985 2192 τάναν-

394 2221 486 2262 τια
534 2210 778 2282 ὀνόματά
821 2232 880 2268 τε
928 2217 1024 2269 καὶ
1072 2221 1374 2292 πράγματα
1423 2223 1564 2278 κατὰ
1607 2227 1805 2281 ταύτὸν
1857 2246 1983 2284 συν-

398 2301 534 2369 άγου
543 2319 666 2357 σαν.
779 2341 784 2346 -

396 2415 521 2468 KA'.
557 2415 654 2468 Ἐν
683 2421 990 2500 κεφαλαίῳ
1013 2421 1296 2502 διήγησις
1314 2425 1420 2495 τῆς
1445 2430 1593 2502 μετὰ
1623 2431 1738 2500 τὴν
1767 2435 1984 2502 γέννη-

749 2504 855 2542 σιν
884 2491 989 2544 τοῦ
1014 2493 1271 2560 Χριστοῦ
1301 2491 1630 2568 πολιτείας.

468 2602 654 2668 Οὕτως
686 2607 899 2677 τεχθεὶς
921 2611 948 2663 ό
973 2611 1252 2684 Δεσπότης
1276 2615 1511 2686 Χριστὸς
1543 2619 1627 2688 (οὐ
1657 2619 1766 2692 γὰρ
1784 2622 1981 2692 εὐαγὲς

399 2697 539 2768 μετὰ
579 2699 673 2754 τὸν
715 2701 871 2755 τόκον
921 2701 954 2774 ἦ
995 2703 1128 2758 Θεὸν
1175 2706 1350 2776 Λόγον
1398 2709 1560 2780 μόνον
1592 2712 1755 2765 αὐτὸν
1809 2731 1979 2784 προσ-

394 2790 679 2861 αγορεύειν
703 2833 718 2858 ,
775 2793 808 2864 ἦ
861 2795 1150 2868 ἄνθρωπον
1199 2802 1628 2872 γεγυμνωμένον
1701 2803 1978 2876 θεότητος,

394 2881 530 2935 ἀλλὰ
575 2884 832 2954 Χριστὸν,
872 2885 901 2938 ὃ
945 2887 1214 2960 ἑκατέραν
1259 2890 1422 2960 φύσιν
1459 2894 1558 2964 τήν
1595 2911 1656 2947 τε
1698 2895 1979 2951 λαϐοῦσαν

393 2975 486 3027 καὶ
512 2976 611 3046 τὴν
637 2975 932 3048 ληφθεῖσαν
951 2980 1105 3050 δηλοῖ
1129 2982 1172 3050 ),
1206 2982 1429 3048 πάντως
1460 2985 1528 3039 τὰ
1555 2986 1801 3059 ἡμέτερα
1839 2987 1979 3057 πλὴν

392 3065 494 3135 τῆς
549 3068 826 3139 ἁμαρτίας
881 3070 1242 3141 καταδέχεται
1306 3075 1496 3146 πάθη,
1566 3080 1978 3149 σπαργανοῦται

2096 765 2496 836 inexplicabile,
2537 778 2592 824 et
2621 771 2887 827 orationis
2931 771 3038 826 vim
3073 775 3368 842 excedens,
3411 790 3685 831 racemum

2093 872 2321 914 cernere
2358 859 2425 914 de
2450 869 2593 915 terra
2623 861 2740 916 sine
2769 861 3083 932 palmitibus
3121 866 3541 934 germinantem,
3576 867 3688 920 fru~

2094 955 2332 1001 mentum
2355 947 2473 1003 sine
2494 949 2795 1004 seminibus
2816 960 3020 1016 ortum,
3045 954 3286 1008 tunicam
3309 957 3429 1010 sine
3449 957 3686 1013 stamine

2093 1047 2148 1092 et
2174 1038 2296 1094 sine
2327 1046 2542 1094 texente
2572 1055 2732 1095 manu
2762 1050 3112 1112 contextam;
3146 1060 3342 1115 panem
3379 1046 3497 1100 sine
3542 1047 3685 1102 mola

2093 1144 2158 1186 ac
2188 1130 2438 1186 manibus
2484 1141 2539 1187 et
2580 1133 2705 1202 igne
2735 1132 3085 1203 fabricatum,
3128 1139 3222 1194 sed
3254 1153 3454 1196 arcane
3479 1154 3546 1194 ex
3576 1139 3686 1194 vir-

2093 1219 2256 1289 ginali
2309 1221 2484 1278 farina
2535 1224 2876 1292 confectum,
2943 1235 3000 1282 et
3051 1229 3364 1285 universum
3425 1231 3681 1286 mundum

2093 1311 2488 1383 complentem;
2521 1324 2792 1385 praeterea
2829 1316 3109 1389 Virginem
3153 1322 3374 1391 proprio
3415 1321 3684 1376 iufantulo

2093 1418 2384 1458 mammam
2415 1407 2802 1477 porrigentem,
2827 1409 3096 1481 laetisque
3123 1410 3303 1468 fontes
3328 1413 3679 1483 praebentem,

2092 1503 2322 1550 matrem
2360 1496 2604 1554 etl'eetam
2650 1515 2773 1569 quae
2815 1503 3129 1571 nuptiarum
3173 1503 3344 1575 legem
3373 1520 3478 1559 non
3507 1506 3682 1560 admi-

2091 1597 2264 1654 serat,
2293 1600 2545 1656 matrem,
2568 1593 2810 1660 inquam,
2844 1593 3090 1650 effectam
3125 1611 3244 1665 qua:
3267 1597 3540 1665 quomodo
3586 1597 3681 1651 ﬁat

2094 1691 2267 1736 mater
2317 1682 2637 1752 ignorabat,
2687 1695 2914 1740 matrem
2965 1687 3210 1757 denique
3260 1685 3507 1742 eﬂ‘ectam
3559 1703 3681 1758 quae

2093 1782 2335 1829 matrona
2360 1785 2519 1832 antea
2543 1793 2648 1832 non
2672 1777 2871 1845 fuerat,
2890 1779 2981 1834 sed
3005 1778 3057 1833 in
3077 1780 3390 1849 virginitate
3411 1789 3678 1836 tumorem

2090 1867 2296 1921 ventris
2327 1865 2726 1933 ostendentem,
2753 1869 2981 1938 ejusque
3020 1869 3257 1925 fructum
3286 1871 3538 1926 manibus
3567 1871 3679 1926 eir-

2091 1956 2503 2022 cumferentem,
2539 1966 2594 2012 et
2620 1957 2793 2013 olIicia
2825 1961 3015 2015 matris
3055 1960 3202 2015 salva
3234 1961 3548 2031 virginitate
3585 1975 3681 2016 ex-

2089 2057 2426 2118 sequentem,
2451 2057 2507 2104 et
2538 2063 2664 2105 cum
2694 2051 2886 2106 matris
2906 2051 3125 2107 nomine
3148 2053 3442 2120 virginem,
3469 2063 3674 2123 postre‘

2090 2155 2178 2196 mo
2204 2141 2477 2196 contraria
2526 2141 2745 2197 nomina
2783 2151 2838 2200 et
2880 2143 3193 2199 contrarias
3223 2159 3310 2200 res
3336 2143 3497 2200 simul
3526 2159 3676 2201 com-

2087 2229 2531 2299 prebendentem.

2084 2433 2304 2505 836m
2352 2432 2541 2488 XXIV.
2594 2433 2694 2490 Rea
2745 2445 2861 2516 post
2893 2436 3089 2491 Christi
3142 2438 3466 2492 natiuitatem
3507 2449 3666 2508 gum

2559 2517 2862 2560 summattm
2903 2517 3214 2560 narrantur.

2155 2617 2247 2674 Sic
2276 2629 2435 2674 natus
2463 2619 2716 2674 Christus
2752 2619 3014 2674 Dominus
3045 2625 3175 2686 (non
3207 2621 3354 2675 enim
3389 2623 3535 2691 pium
3575 2623 3669 2684 sit.

2083 2720 2204 2779 post
2243 2720 2458 2779 partum
2499 2710 2585 2766 vel
2633 2709 2802 2766 Deum
2838 2709 3074 2765 Verbum
3118 2713 3493 2769 tantummodo
3524 2712 3674 2768 illum

2083 2803 2374 2874 appellare,
2394 2803 2477 2859 vel
2499 2804 2794 2871 hominem,
2812 2803 3097 2860 divinitate
3118 2806 3401 2870 nudatum,
3417 2805 3510 2860 sed
3527 2806 3678 2862 Cliri-

2083 2904 2199 2951 stus
2244 2904 2331 2949 est
2381 2895 2766 2964 appellandus,
2815 2898 2960 2965 quod
3009 2897 3334 2952 vocabulum
3388 2907 3677 2968 utramque

2084 2998 2355 3055 naturam,
2376 2997 2432 3044 et
2450 2999 2755 3044 sumentem
2783 2989 2995 3044 scilicet
3020 2998 3075 3044 et
3099 2998 3393 3058 sumptam,
3419 2991 3674 3058 denotat)

2081 3081 2266 3135 omnia
2310 3089 2498 3136 nostra
2530 3089 2758 3148 excepto
2794 3088 3021 3150 peccato
3051 3081 3269 3151 recipit,
3306 3081 3488 3136 fasciis
3522 3096 3676 3136 more

392 3159 792 3231 παραπλησίως
836 3166 952 3227 τοῖς
997 3165 1246 3236 βρέφεσι,
1289 3169 1384 3223 καὶ
1427 3171 1662 3240 γάλακτι
1699 3175 1978 3245 τρέφεται,

2086 3173 2373 3228 infantium
2422 3173 2734 3237 involvitur,
2776 3172 2918 3228 lacte
2961 3172 3128 3228 alitur
3180 3182 3343 3243 atque
3387 3171 3672 3238 educatur,

395 3249 488 3302 καὶ
513 3249 834 3322 τιθηνεῖται,
869 3255 964 3308 καὶ
1009 3258 1168 3326 χερσὶ
1198 3260 1576 3333 περιφέρεται,
1618 3265 1713 3318 καὶ
1757 3267 1978 3333 κόλποις

393 3338 680 3407 ὲντίθεται,
712 3342 806 3395 καὶ
837 3343 979 3397 κατὰ
1009 3345 1173 3416 νόμον
1197 3350 1606 3421 περιτέμνεται,
1633 3354 1729 3407 καὶ
1764 3357 1976 3432 καθαρο

395 3429 532 3493 σίοις
571 3430 787 3498 θυσίαις
847 3434 1192 3507 καθαίρεται,
1241 3442 1273 3508 ἡ
1320 3443 1480 3513 καινὴ
1547 3445 1643 3497 καὶ
1695 3447 1832 3518 μόνη
1877 3429 1978 3520 τῆς

393 3519 720 3593 οἰκουμένης
751 3524 932 3591 θυσία,
963 3528 991 3579 ὁ
1019 3527 1115 3580 τοῦ
1152 3528 1361 3599 κόσμου
1395 3533 1496 3603 τὴν
1527 3533 1808 3607 ἁμαρτίαν
1839 3519 1978 3611 ἄρας

407 3610 602 3683 Ἀμνός
624 3631 636 3644 ·
665 3616 769 3669 ὑπὸ
804 3616 900 3670 τοῦ
933 3618 1160 3688 Συμεὼν
1192 3625 1604 3693 προσκυνεῖται,
1654 3629 1751 3682 καὶ
1788 3610 1978 3704 Σωτὴρ

392 3703 526 3770 ὁμοῦ
591 3706 685 3759 καὶ
739 3708 1018 3780 Δεσπότης
1071 3715 1568 3785 προσαγορεύεταν
1639 3719 1832 3790 φεύγει

407 3790 654 3886 Ἢριῖιδην
716 3799 855 3867 μετὰ
903 3801 1004 3871 τῆς
1061 3804 1269 3876 μητρὸς
1337 3809 1431 3861 καὶ
1483 3809 1577 3864 τοῦ
1637 3813 1972 3886 κηδεμόνος,

392 3882 802 3956 καταλαμϐάνει
856 3889 954 3963 τὴν
1003 3894 1314 3964 Αίγυπτον,
1365 3882 1730 3971 ἐπανέρχεται
1778 3882 1973 3969 νπάλιν,

389 3974 620 4049 ἀγωνιᾷ,
651 3981 732 4045 εἰς
798 3981 898 4052 τὴν
928 3985 1189 4054 Ναζαρὲτ
1227 3989 1614 4058 παραγίνεται,
1656 3993 1844 4065 ἡλικίᾳ
1881 3999 1976 4050 καὶ

391 4065 553 4138 σοφίᾳ
583 4070 904 4137 προκόπτει,
937 4074 1048 4134 τοῖς
1091 4075 1342 4140 γονεῦσιν
1368 4078 1754 4147 ὑποτάσσεται,
1793 4085 1976 4156 πάσης

390 4156 557 4225 τιμῆς
584 4157 726 4220 ἀξιοῖ
749 4159 810 4210 οὑ
845 4159 1005 4228 μόνον
1039 4163 1138 4232 τὴν
1167 4165 1401 4236 μητέρα,
1433 4168 1571 4224 ἀλλὰ
1605 4172 1698 4225 καὶ
1741 4173 1832 4228 τὸν
1875 4177 1973 4246 τῆς

393 4247 598 4340 μητρὸς
643 4249 812 4303 πάλαι
859 4251 957 4321 μὲν
985 4257 1293 4328 μνηστῆρα,
1343 4260 1481 4331 μετὰ
1519 4262 1694 4317 ταῦτα
1725 4265 1782 4319 δὲ
1815 4269 1974 4340 κηδε-

393 4338 529 4410 μόνα
554 4341 648 4393 καὶ
683 4340 923 4410 φύλακα,
954 4344 1052 4408 τὰς
1081 4348 1344 4418 ἐννόμους
1369 4351 1564 4423 ἑορτὰς
1603 4338 1973 4433 έορτάζει,ᾑτῷ

391 4431 521 4503 ιερῷ
555 4433 932 4505 προσεδρεύει,
956 4437 1058 4508 τὴν
1095 4438 1394 4513 Ἰουδαῖκὴν
1419 4445 1631 4517 ἐλέγχει
1661 4431 1968 4522 παχύτητώ

2082 3267 2335 3322 manibus
2385 3266 2790 3332 circumfertur,
2843 3265 2967 3320 sinu
3003 3264 3292 3332 excipitur,
3354 3263 3511 3334 legali
3565 3263 3672 3318 ritu

2082 3359 2516 3427 circumciditur,
2543 3357 2862 3428 expiatoriis
2887 3356 3171 3412 sacriﬁciis
3194 3355 3513 3428 purificatur
3529 3369 3670 3411 nova

2083 3462 2139 3506 et
2169 3453 2331 3507 unica
2370 3452 2558 3506 mundi
2590 3451 2792 3515 hostia,
2815 3451 3001 3519 Agnus
3024 3449 3217 3534 ‘mundi
3246 3454 3532 3519 peccatum
3573 3446 3674 3502 tol-

2079 3545 2217 3613 lens;
2243 3559 2273 3599 a
2295 3544 2547 3599 Simeone
2567 3545 2904 3607 adoratur,et
2927 3542 3185 3598 Servatur
3207 3541 3370 3597 simul
3391 3539 3673 3596 Dominus-

2079 3654 2185 3710 que
2207 3637 2534 3709 appellatur.
2563 3635 2726 3702 Fugit
2754 3650 2879 3690 cum
2918 3643 3092 3690 matre
3123 3644 3178 3688 et
3218 3633 3439 3690 custode
3465 3631 3533 3686 ab
3563 3629 3671 3686 lle-

2081 3733 2244 3798 rode,
2297 3733 2444 3787 venit
2498 3731 2550 3784 in
2609 3727 2944 3800 A'lgyptum,
3009 3728 3322 3790 revertitur,
3371 3723 3671 3796 periculum

2081 3833 2260 3892 pavet,
2296 3821 2664 3875 Nazarethum
2697 3820 2935 3880 accedit,
2970 3826 3130 3872 aetate
3157 3826 3208 3868 et
3241 3817 3507 3884 sapientia
3542 3828 3672 3884 pro-

2082 3914 2213 3977 licit,
2262 3911 2576 3979 parentibus
2622 3907 2984 3976 obtemperat,
3031 3907 3176 3960 omni
3226 3907 3434 3960 bonore
3479 3920 3700 3987 prose-E

2077 4000 2261 4069 quitur
2284 4012 2394 4051 non
2427 4007 2656 4050 matrem
2689 3995 3086 4059 tantummodo,
3123 4010 3308 4049 verum
3345 3994 3511 4049 etiam
3548 4009 3667 4048 ma-

2077 4090 2178 4146 tris
2206 4089 2334 4144 olim
2359 4087 2577 4158 quidem
2608 4101 2891 4155 sponsum,
2925 4086 3178 4155 posthinc
3203 4101 3331 4141 vero
3361 4095 3668 4142 curatorem

2076 4191 2238 4251 atque
2269 4180 2570 4243 custodem,
2613 4178 2807 4246 Iegalia
2840 4177 2978 4232 festa
3022 4177 3283 4242 celebrat,
3321 4179 3376 4232 in
3407 4179 3667 4249 templum

2075 4273 2332 4343 frequens
2358 4271 2534 4336 venit,
2568 4268 2917 4324 Judaicorum
2964 4268 3305 4338 ingeniorum
3352 4270 3664 4325 tarditatem

2073 4364 2356 4436 coarguit;
2391 4363 2552 4432 idque
2579 4360 2690 4431 agit
2720 4360 2809 4414 vix
2855 4360 3220 4415 duodeeennis
3249 4369 3373 4430 post
3407 4362 3663 4417 nativita-

2076 4465 2208 4511 tem.
2247 4453 2522 4520 Quaaritur
2554 4468 2585 4507 a
2618 4453 2890 4523 cognatis,
2923 4451 3212 4506 derelictus
3247 4455 3664 4523 reprelienditur

389 4525 482 4577 καὶ
508 4525 669 4578 τοῦτο
694 4530 839 4580 ποιεῖ
865 4528 957 4582 δύο
987 4533 1080 4584 καὶ
1099 4533 1229 4586 δέκα
1259 4535 1500 4604 γεγονὼς
1529 4539 1689 4610 μόνον
1711 4541 1805 4613 ἐτη
1833 4542 1970 4608 τέως

2082 4562 2104 4601 a
2136 4553 2338 4608 matre,
2371 4543 2574 4600 factum
2608 4542 2871 4606 defendit,
2899 4552 2955 4598 et
2994 4543 3226 4600 latenter
3263 4546 3663 4613 quodammodo

389 4614 530 4684 μετὰ
573 4619 664 4670 τὸν
698 4619 892 4672 τόκον·
930 4623 1273 4694 ὲπιζητεῖται
1319 4629 1472 4699 παρὰ
1517 4631 1628 4685 τῶν
1667 4635 1976 4706 προσηκόν-

386 4724 492 4760 των
521 4709 620 4778 (1),
650 4710 1005 4783 ἀπολειφθεὶς
1040 4717 1358 4785 ἐγκαλεῖται
1390 4721 1542 4793 παρὰ
1590 4724 1688 4794 τῆς
1737 4727 1972 4797 μητρὸς,

386 4799 756 4868 ἀπολογεῖται,
810 4804 903 4857 καὶ
932 4805 1120 4876 ἠρέμα
1149 4826 1267 4871 πως
1313 4817 1665 4884 παραγυμνοῖ
1715 4815 1813 4888 τὴν
1853 4817 1975 4870 θεό-

385 4907 543 4958 τητα.
583 4911 600 4943 ι
634 4894 747 4948 Οὐκ
791 4896 968 4950 οἴδατε
1011 4898 1144 4972 γὰρ,
1192 4902 1378 4973 φησὶν,
1410 4906 1571 4958 ὃτιὲν
1599 4910 1712 4971 τοῖς
1755 4909 1977 4974 οἰκείοις

384 4981 478 5034 τοῦ
508 4983 723 5055 Πατρός
757 5005 858 5057 μου
889 4989 969 5044 δεῖ
995 4987 1135 5045 εἷναί
1161 5011 1264 5064 με;
1308 5013 1326 5044 ι
1361 4999 1586 5061 Δεικνὺς
1620 4999 1696 5062 ὡς
1719 5000 1780 5053 ού
1809 5001 1968 5072 μόνον

385 5074 502 5127 ἐστὶ
545 5075 606 5128 τὸ
635 5077 933 5148 ὁρώμενον,
984 5082 1121 5137 ἀλλὰ
1172 5086 1269 5139 καὶ
1317 5085 1449 5150 Θεὸς
1495 5091 1553 5143 ὲν
1588 5091 1668 5162 τῷ
1709 5094 1969 5166 ὁρωμένῳ

384 5167 791 5236 κρυπτόμενος,
854 5173 1190 5245 ὑπέρχρονος
1237 5177 1332 5230 καὶ
1375 5181 1699 5250 προαιώνιος
1746 5185 1810 5237 ὲκ
1873 5184 1968 5238 τοῦ

385 5257 596 5326 [ἰατρὸς
626 5261 935 5330 προελθών·
983 5267 1078 5320 καὶ
1126 5268 1212 5321 ἵνα
1249 5272 1530 5342 συντόμως
1579 5275 1743 5343 εἴπω,
1789 5295 1967 5349 παρα-

383 5347 590 5414 γίνεται
624 5352 760 5420 πρὸς
798 5355 1050 5430 Ἰωάννην
1087 5363 1440 5432 βαπτίζοντα,
1478 5367 1659 5421 πείθει
1703 5347 1966 5439 βαπτί-σαι

384 5441 848 5510 παραιτούμενον,
897 5458 1168 5520 προτυποῖ
1211 5458 1270 5510 τὸ
1308 5459 1572 5530 ἡμέτερον
1621 5463 1678 5516 ὲν
1719 5462 1794 5532 τῷ
1837 5463 1966 5532 Ἰορ-

455 5617 498 5647 ”
533 5619 666 5676 Luc.
712 5639 766 5686 ιι,
809 5625 896 5679 69.

2074 4635 2413 4692 divinitatem
2473 4648 2628 4688 suam
2696 4633 2904 4688 revelat
2953 4646 2968 4686 :
3021 4651 3040 4684 ι
3073 4633 3430 4701 Nesciebatis,
3461 4635 3661 4704 inquit,

2074 4727 2332 4797 quoniam
2381 4725 2436 4780 in
2485 4725 2551 4780 iis
2589 4739 2710 4794 quze
2763 4722 2940 4777 Patris
2976 4723 3080 4777 mei
3114 4731 3262 4788 sunt,
3312 4733 3526 4793 oportet
3573 4740 3661 4782 me

2073 4835 2194 4875 esse
2217 4819 2307 4872 7'?
2341 4837 2358 4869 ι
2388 4817 2712 4888 Signiﬁcans
2741 4830 2800 4870 se
2826 4830 2932 4870 non
2970 4830 3093 4870 eum
3132 4829 3252 4871 esse
3285 4820 3659 4872 tantummodo

2074 4912 2166 4981 qui
2214 4910 2558 4974 cernebatur,
2612 4910 2706 4963 sed
2757 4907 2921 4961 Deum
2973 4921 3190 4976 quoque
3237 4921 3361 4962 esse
3418 4909 3517 4963 sub
3566 4907 3658 4963 illo

2076 5012 2296 5073 aspectu
2357 5001 2613 5065 celatum,
2653 5009 2778 5054 ante
2809 5015 2971 5055 omne
3015 5009 3223 5070 tempus
3253 5009 3308 5054 et
3342 5000 3558 5066 saecula,
3589 5015 3656 5055 ex

2074 5094 2233 5151 Patre
2265 5094 2690 5166 provenientem.
2719 5091 2918 5161 Atque,
2944 5101 3000 5146 ut
3023 5092 3330 5147 snmmatim
3345 5093 3539 5159 dicam,
3566 5109 3655 5149 ve-

2068 5192 2148 5244 nit
2173 5189 2240 5244 ad
2273 5189 2533 5245 Joannem
2567 5188 2950 5258 baptizantem,
2984 5188 3277 5258 persuadet
3306 5187 3354 5241 ei
3381 5189 3652 5241 recusanti

2067 5291 2124 5336 ut
2168 5295 2227 5336 se
2270 5280 2532 5348 baptizet,
2583 5279 2892 5349 praeﬁgurat
2942 5278 2995 5331 in
3045 5275 3280 5334 Jordane
3327 5277 3652 5345 baptismum

2067 5378 2336 5433 nostrum,
2358 5369 2519 5424 linem
2541 5368 2643 5438 legi
2677 5369 2926 5438 imponit,
2951 5369 3139 5438 gratia:
3165 5367 3390 5437 januam
3425 5379 3651 5433 reserat,

2065 5477 2092 5515 a
2123 5459 2284 5515 Patre
2333 5458 2550 5515 coalitus
2595 5459 2917 5529 publicatur,
2955 5455 3189 5529 Spiritus
3225 5458 3508 5525 praesentia
3559 5458 3654 5511 de-

457 5773 528 5842 t!)
573 5777 652 5832 Ait
702 5778 985 5837 dicendum
1031 5784 1087 5835 ἐν
1133 5787 1240 5848 τοῖς
1289 5787 1577 5855 συγγενέσι
1625 5790 1714 5841 καὶ
1760 5792 1815 5844 ὲν
1858 5795 1965 5855 τοῖς

2082 5796 2286 5860 ποτοῖς,
2320 5794 2456 5852 inter
2519 5805 2763 5863 cognatos
2797 5807 2842 5850 et
2875 5807 3046 5865 notos,
3079 5807 3134 5854 ut
3166 5798 3293 5855 Luc.
3323 5814 3383 5865 ll,
3417 5793 3523 5852 44?
