4082 6258
449 391 586 446 1465

1441 370 1498 426 S.
1541 364 1812 426 CYRILLI
1852 356 2318 418 ALEXANDRINI
2359 353 2681 410 ARCHIEP.

3574 345 3713 400 1464

445 512 802 565 monstratur,
833 498 1046 554 ducitur
1082 498 1135 551 in
1175 496 1446 552 desertum
1481 493 1631 545 velut
1663 490 1728 543 ad
1775 487 2024 541 idoneam

2146 480 2265 549 Ξάνῃ
2295 478 2606 548 βάπτισμα,
2633 475 2814 529 δίδωσι
2850 472 3003 535 τέλος
3033 471 3110 543 τῷ
3138 471 3310 542 νόμῳ,
3345 469 3438 524 καὶ
3473 467 3573 540 τὴν
3612 465 3712 520 θύ-

448 597 733 665 quamdam
782 593 1125 663 palazstram,
1179 597 1232 641 et
1277 585 1482 654 ieiunat
1523 581 1740 652 837m
1784 578 2022 647 quidem,

450 706 557 744 non
589 699 766 741 tamen
796 685 934 737 ultra
960 689 1163 734 natura:
1189 689 1531 737 mensuram;
1560 682 1613 724 et
1640 669 1782 724 vesci
1807 666 2022 738 quidem

422 781 619 848 jcupit,
661 775 1011 831 nihilominus
1052 769 1347 840 appetitum
1391 765 1628 826 cohibet,
1660 774 1832 829 neque
1869 756 2022 848 volu-

424 847 689 938 ‘ptatibus
718 865 905 920 servit.
941 862 1006 916 Et
1040 859 1195 914 famis
1223 856 1440 927 quidem
1484 867 1644 907 causa
1670 850 1904 906 concitat
1931 847 2029 900 ad-

452 955 752 1011 versarium
779 955 843 1008 ad
873 953 1094 1015 luctam,
1127 962 1286 1018 quem
1311 955 1490 1000 tamen
1522 943 1756 996 humana
1789 939 2026 1008 philoso-

450 1049 578 1118 phia
625 1053 868 1117 supcrat,
913 1060 1020 1097 non
1075 1038 1375 1094 divinitatis
1415 1042 1716 1105 potestate;
1771 1031 2025 1092 luctatur,

452 1148 689 1207 superat,
715 1137 906 1199 vincit,
935 1132 1205 1206 profligat,
1233 1127 1570 1201 tyrannidem
1587 1122 1852 1184 dissolvit,
1879 1119 2030 1174 inﬁr-

453 1231 696 1284 mitatem
731 1228 874 1281 illius
922 1227 1276 1285 demonstrat,
1308 1219 1623 1285 clademque
1649 1212 1970 1283 deprazdicat
2010 1223 2026 1262 :

458 1340 477 1374 ι
502 1320 787 1384 Conlidite,
813 1317 1004 1387 inquit,
1037 1331 1136 1385 ego
1154 1314 1255 1368 vici
1279 1311 1536 1365 mundum
1561 1307 1640 1359 '9:
1667 1325 1686 1357 ›
1721 1313 1949 1358 cunctos
1965 1301 2029 1354 ad

454 1416 705 1468 virtutem
737 1413 998 1470 hortatur,
1020 1407 1320 1461 divinorum
1345 1403 1652 1470 dogmatum
1674 1396 1881 1450 tabulas
1897 1409 2030 1448 con-

455 1506 554 1571 dit,
592 1503 895 1558 nuntiatum
928 1514 1022 1553 ore
1059 1497 1334 1566 prophetae
1381 1493 1788 1548 Testamentum
1833 1500 2028 1540 novum

457 1596 621 1649 tradit
647 1595 716 1659 τ’,
738 1593 996 1647 caelorum
1027 1603 1253 1658 regnum
1277 1583 1564 1656 promittit,
1602 1579 1758 1635 oﬂicii
1789 1591 2031 1634 contem-

457 1687 702 1757 ptoribus
729 1686 987 1754 gehennae
1028 1682 1203 1751 ignem
1240 1677 1621 1733 comminatur.

2137 589 2234 643 ραν
2267 570 2548 637 ὑπανοίγει
2573 568 2673 638 τῆς
2700 568 2942 638 χάριτος,
2969 566 3076 618 ὑπὸ
3109 564 3202 618 τοῦ
3231 563 3446 632 Πατρὺς
3480 560 3713 632 οὐρανό-

2133 662 2224 714 θεν
2282 659 2736 731 ἀνακηρύττεται,
2791 660 2859 728 τῇ
2911 657 3184 726 παρουσίᾳ
3239 654 3333 708 τοῦ
3394 653 3716 721 Πνεύματος

2131 754 2432 817 δείκνυται,
2467 754 2729 820 ἀνάγεται
2761 753 2839 813 είς
2863 750 2960 820 τὴν
2994 749 3200 820 ἔρημον
3229 748 3304 811 ὡς
3332 749 3413 810 είς
3444 745 3715 816 ἁρμοδίαν

2126 845 2247 899 τινὰ
2285 845 2625 914 παλαίστραν
2668 842 2772 896 ὑπὸ
2821 841 2916 894 τοῦ
2956 840 3297 910 Πνεύματος,
3334 838 3428 891 καὶ
3463 835 3717 908 νηστεύει

2129 939 2269 1009 μὲν,
2323 938 2384 990 οὒ
2446 937 2589 1007 πέρα
2645 935 2704 988 δέ
2752 934 2860 987 τῶν
2915 934 3128 1005 μέτρων
3179 932 3282 1000 τῆς
3330 932 3567 998 φύσεως,
3618 927 3715 981 καὶ

2125 1031 2328 1102 τροφῆς
2364 1029 2463 1100 μὲν
2495 1028 2734 1097 ἐφίεται,
2783 1026 2918 1080 ἀλλά
2966 1026 3160 1095 κρατεῖ
3201 1024 3303 1093 τῆς
3348 1022 3579 1091 ὀρέξεως
3605 1062 3620 1085 ,
3651 1018 3715 1070 οὓ

2126 1122 2368 1176 δουλεύει
2411 1123 2531 1184 ταῖς
2573 1121 2816 1191 ἡδοναῖς·
2868 1119 2963 1172 καὶ
3007 1117 3165 1170 καλεῖ
3215 1116 3315 1186 μὲν
3342 1118 3405 1185 τῇ
3435 1115 3594 1184 πείνῃ
3625 1112 3716 1165 τὸν

2128 1211 2422 1266 ἀντίπαλον
2477 1212 2558 1274 είς
2605 1211 2704 1282 τὴν
2765 1209 2982 1280 πάλην,
3051 1207 3391 1278 περιγίνεται
3436 1206 3492 1258 δὲ
3548 1203 3716 1257 αὑτοῦ

2131 1303 2449 1374 ἀνθρωπίνῃ
2498 1302 2825 1373 φιλοσοφίᾳ,
2877 1300 2992 1354 ἀλλ’
3042 1301 3142 1352 οὐκ
3185 1298 3400 1368 ἐξουσίᾳ
3440 1297 3715 1366 θεότητος,

2133 1392 2466 1460 ἀγωνίζεται
2492 1433 2507 1458 ,
2553 1391 2981 1460 καταγωνίζεται
3008 1431 3022 1455 ,
3067 1393 3194 1460 νικᾷ
3219 1429 3232 1452 ,
3266 1388 3538 1455 ἐξελαύνει
3564 1428 3578 1449 ,
3614 1386 3718 1457 τὴν

2134 1485 2425 1553 τυραννίδα
2455 1483 2750 1545 καταλύει,
2799 1483 2858 1536 τὸ
2882 1482 3108 1545 ἀσθενὲς
3133 1481 3374 1550 ἐλέγχει,
3411 1480 3511 1551 τὴν
3541 1473 3717 1549 ἧτταν

2138 1573 2402 1644 κηρύττει
2423 1591 2435 1603 ·
2477 1591 2496 1624 ι
2527 1573 2794 1642 Θαρσεῖτε
2817 1571 2948 1642 γὰρ,
2983 1571 3166 1641 φησὶν,
3204 1569 3315 1638 ἐγώ
3338 1569 3594 1638 νενίκηκα
3619 1567 3717 1617 τὸν

2141 1668 2346 1738 κόσμον
2388 1683 2402 1696 ·
2461 1685 2481 1718 ι
2529 1666 2833 1737 προτρέπει
2897 1665 3107 1727 πάντας
3169 1665 3250 1726 είς
3313 1662 3546 1733 ἀρετὴν,
3618 1659 3721 1729 τὴν

460 1754 777 1849 νομοθεσίαν
808 1776 914 1830 τῶν
950 1773 1110 1827 θείων
1157 1770 1441 1841 δογμάτων
1481 1768 1644 1830 ποιεῖ,
1687 1765 1786 1836 τὴν
1843 1762 1934 1817 διά
1969 1760 2064 1814 τοῦ
2111 1761 2396 1830 προφήτου
2447 1757 2869 1830 ἐπηγγελμένην
2914 1757 3111 1828 καινὴν
3138 1754 3416 1828 Διαθηκην
3479 1754 3720 1814 δίδωσιν.

459 1869 701 1941 οὐρανῶν
770 1868 1049 1938 βασιλείαν
1105 1865 1467 1933 ὑπισχνεῖται,
1523 1863 1633 1924 τοῖς
1663 1856 1954 1929 ἀμελοῦσιν
1993 1854 2208 1909 ἀπειλεῖ
2233 1854 2330 1924 τῆς
2353 1853 2580 1922 γεέννης
2610 1851 2710 1921 τὴν
2735 1849 2928 1920 φλόγα.

519 1981 687 2037 XXV.
728 1979 1132 2050 Compeudiaria
1163 1977 1560 2050 Dominicorum
1592 1971 1973 2026 miraculorum

2146 1967 2270 2020 KE'.
2326 1968 2631 2036 Σύντομος
2673 1966 2790 2020 τῶν
2827 1963 3207 2050 ᾼεσποτικῶν
3260 1962 3579 2032 θαυμάτων
3635 1960 3721 2014 διο

1119 2046 1376 2102 narratio.

531 2169 700 2225 Dictis
728 2167 889 2222 fldem
930 2163 1062 2218 facit
1089 2161 1276 2233 grandi
1310 2166 1520 2230 patrato
1548 2155 1828 2221 miraculo,
1857 2153 2040 2208 vinum

465 2276 656 2329 nempe
687 2258 828 2312 nulla
854 2255 1061 2311 cultura
1089 2253 1414 2321 acquisitum
1449 2249 1646 2319 nuptiis
1671 2247 2040 2316 suppeditans,

461 2348 647 2400 vinum
685 2345 802 2398 sine
840 2340 1149 2412 palmitibus
1197 2355 1266 2395 ex
1311 2354 1452 2409 aqua
1507 2337 1825 2401 conficiens,
1856 2336 2041 2389 vinum

466 2436 670 2503 absque
710 2446 811 2486 uva
855 2430 1168 2501 nuptiarum
1198 2428 1443 2484 convivis
1475 2427 1731 2496 largiens,
1765 2426 1818 2480 in
1859 2426 2042 2480 vinum

468 2534 682 2578 mutans
715 2536 976 2593 aquarum
1016 2531 1287 2583 naturam,
1329 2517 1476 2572 nulla
1518 2517 1910 2572 interveniente
1938 2516 2046 2570 vite

469 2618 749 2670 humorem
791 2625 949 2668 terra:
979 2611 1320 2682 deprmdans,
1366 2620 1528 2680 atque
1577 2611 1649 2664 ita
1684 2610 1896 2678 nuptias
1941 2623 2044 2663 non

467 2704 752 2774 praesentia
778 2702 1170 2767 tantummodo,
1207 2717 1391 2756 verum
1410 2702 1571 2756 etiam
1601 2700 1846 2770 prodigio
1877 2700 2047 2754 hono-

469 2810 618 2849 rans.
655 2793 786 2847 Nam
823 2794 948 2864 quia
977 2795 1088 2862 ipse
1111 2793 1175 2848 de
1202 2791 1440 2862 virginea
1473 2793 1630 2846 vulva
1665 2793 1958 2862 prodierat,
1991 2801 2046 2845 et

468 2886 834 2955 virginitatem
871 2900 968 2938 usu
1011 2883 1227 2953 proprio
1260 2889 1315 2936 et
1348 2882 1528 2938 verbis
1556 2876 1868 2947 extollebat,
1903 2882 2047 2937 casli-

469 2979 761 3045 batumque
785 2990 946 3045 opere
987 2991 1050 3030 ac
1091 2975 1434 3030 sermonibus
1472 2975 1794 3040 honorabat,
1831 2989 1896 3029 ne
1927 2975 2046 3044 quis

474 3071 615 3124 forte
668 3069 976 3138 conjugium
1016 3067 1448 3135 intemperantia:
1497 3065 1615 3120 loco
1657 3066 1899 3130 haberet,
1945 3081 2046 3118 nu-

472 3161 722 3228 ptiasque
771 3173 866 3212 ceu
920 3157 1134 3212 illicitas
1181 3157 1512 3223 traduceret,
1558 3157 1772 3223 nuptias
1799 3156 2045 3212 honestat

2811 2037 3047 2106 ήγησιςο
3747 2099 3756 2106 .

2211 2150 2506 2205 Πιστοῢται
2547 2150 2615 2205 τὰ
2641 2150 2910 2220 λεγόμενα
2935 2153 3001 2221 τῇ
3029 2149 3240 2222 μεγάλῃ
3283 2145 3711 2219 θαυματουργίᾳ,

2143 2242 2283 2300 οἶνον
2317 2247 2668 2317 ἀγεώργητον
2697 2245 2776 2316 τῷ
2805 2247 2968 2315 γάμῳ
2990 2243 3355 2314 δωρούμενος,
3389 2236 3528 2295 οἶνον
3550 2240 3716 2312 χωρὶς

2144 2338 2438 2409 κλημάτων
2471 2337 2530 2402 ἐξ
2568 2337 2757 2400 ὕδατος
2793 2336 3180 2409 ἐργαζόμενος,
3228 2329 3371 2388 οῐνον
3414 2331 3722 2400 ἀστάφυλον

2144 2432 2257 2492 τοῖς
2302 2427 2397 2481 τοῦ
2449 2427 2626 2498 γάμου
2667 2426 2953 2497 δαιτυμόσι
3011 2425 3393 2498 χαριζόμενος,
3449 2424 3528 2484 είς
3581 2416 3722 2474 οἶνον

2149 2519 2470 2590 μεταϐαλίον
2504 2520 2611 2573 τῶν
2633 2520 2840 2573 ὑδάτων
2868 2518 2968 2589 τὴν
2996 2517 3182 2587 φύσιν,
3219 2517 3292 2588 μὴ
3331 2514 3725 2587 μεσιτευούσης

2147 2611 2394 2681 ἀμπέλου
2421 2651 2435 2675 ,
2467 2611 2562 2664 καὶ
2605 2611 2704 2681 τῆς
2744 2610 2849 2680 γῆς
2883 2609 2982 2680 τὴν
3031 2609 3212 2662 νοτίδα
3254 2608 3512 2678 συλήσας,
3550 2607 3723 2676 τιμῶν

2145 2704 2237 2757 τὸν
2268 2703 2444 2773 γάμον
2477 2703 2537 2755 ού
2564 2705 2629 2772 τῇ
2681 2701 2956 2771 παρουσίᾳ
2986 2700 3169 2770 μόνον,
3199 2698 3332 2752 ἀλλά
3364 2700 3457 2752 καὶ
3496 2701 3560 2768 τῇ
3595 2697 3724 2749 lian

2153 2795 2496 2864 ματουργίᾳ·
2546 2793 2730 2863 ἐπειδὴ
2778 2792 2888 2862 γάρ
2930 2793 2994 2844 ἐκ
3037 2790 3374 2862 παρθενικῆς
3423 2788 3724 2857 ἐϐλάστησε

2151 2889 2361 2957 μήτρας
2386 2925 2399 2949 ,
2447 2889 2540 2938 καὶ
2571 2885 2867 2954 παρθενίαν
2897 2883 3107 2955 ἧσκησέ
3150 2899 3209 2935 τε
3251 2881 3346 2936 καὶ
3387 2884 3496 2943 τοῖς
3546 2880 3726 2947 λόγοις

2148 2978 2334 3048 ἐξῆρε,
2361 2977 2458 3030 καὶ
2495 2976 2594 3047 τὴν
2626 2975 2858 3043 ἀζυγίαν
2901 2975 3082 3044 ἐργοις
3109 2976 3204 3027 καὶ
3232 2974 3410 3042 λόγοις
3445 2973 3726 3042 ἐτίμησεν,

2149 3073 2237 3125 ἵνα
2290 3072 2363 3143 μή
2411 3087 2496 3133 τις
2542 3069 2838 3123 ἀκολασίαν
2877 3065 3018 3123 εἶναι
3049 3068 3244 3139 νομίζῃ
3290 3068 3388 3138 τὴν
3437 3065 3728 3135 συζυγίαν,

2151 3164 2246 3217 καὶ
2275 3163 2350 3226 ὡς
2383 3163 2700 3232 παρανόμου
2731 3161 2825 3213 τοῦ
2857 3160 3038 3230 γάμου
3083 3159 3411 3229 κατηγοροίη
3430 3198 3445 3222 ,
3477 3159 3610 3228 τιμᾷ
3636 3157 3733 3210 τὸν

473 3251 758 3320 praesentia
819 3265 953 3316 sua,
1015 3250 1274 3304 honorem
1345 3249 1541 3317 insigni
1590 3262 1816 3302 munere
1863 3256 2043 3318 auget,

2151 3257 2328 3322 γάμον
2358 3257 2424 3324 τῇ
2465 3253 2738 3324 παρουσίᾳ
2771 3251 2878 3323 (l),
2905 3250 3056 3315 αὔξει
3082 3252 3181 3319 τὴν
3220 3250 3384 3321 τιμὴν
3407 3252 3474 3319 τῇ
3499 3248 3594 3301 τοῦ
3623 3247 3731 3300 δώο

473 3355 730 3409 sponsum
766 3341 1038 3394 anxietate
1061 3340 1300 3410 expedit,
1337 3339 1592 3394 convivas
1626 3338 1754 3393 facit
1794 3339 2050 3392 attonitos

473 3446 627 3486 nova:
673 3432 748 3484 rei
805 3430 1126 3501 fragrantia,
1184 3445 1243 3485 se
1282 3431 1454 3499 ipsum
1512 3430 1613 3484 hoc
1641 3431 1781 3484 dono
1838 3429 2051 3498 publice

473 3521 806 3576 manifestat.
860 3521 994 3575 Nam
1042 3522 1137 3590 qui
1185 3521 1508 3576 naturaliter
1559 3521 1875 3576 illaboratus
1911 3529 2048 3586 erat,

475 3610 815 3664 illaboratam
870 3611 1051 3663 vinum
1092 3611 1472 3680 suppeditavit.
1519 3609 1776 3665 Posthinc
1819 3618 2052 3678 aegrotos

474 3710 652 3764 sanat,
693 3715 941 3754 sermone
987 3701 1204 3753 morbos
1242 3699 1482 3765 resolvit,
1518 3710 1650 3753 nutu
1692 3700 1884 3754 liberat
1925 3715 2050 3769 pas-

476 3793 721 3848 sionibus
754 3790 1084 3854 laborantes,
1133 3788 1492 3843 daemoniacos
1524 3789 1672 3843 rabie
1715 3788 1928 3856 liberat,
1970 3790 2052 3843 fu-

476 3893 659 3940 rentes
697 3884 761 3938 ad
791 3883 1032 3953 quietam
1063 3891 1296 3935 mentem
1341 3890 1577 3944 revocat,
1616 3881 1937 3953 paralyticos
1967 3895 2052 3936 so-

478 3977 629 4041 lidat,
658 3977 967 4031 claudorum
1000 3973 1160 4042 pedes
1183 3973 1528 4041 redintegrat,
1564 3973 1732 4027 solem
1750 3974 1865 4028 visu
1883 3974 2053 4028 cassis

475 4067 694 4137 838m
737 4065 991 4126 ostendit,
1029 4063 1172 4118 fores
1218 4064 1470 4117 nimirum
1510 4065 1756 4133 corporis
1803 4065 2053 4134 aperiens

480 4172 576 4226 per
595 4171 730 4225 quas
757 4155 952 4209 animae
972 4153 1193 4208 visualis
1221 4153 1451 4208 facultas
1477 4161 1631 4208 extra
1657 4153 1860 4222 prodit;
1895 4154 2054 4222 idque

480 4248 640 4302 modo
677 4247 791 4302 solo
819 4260 1071 4301 sermone
1098 4244 1290 4310 efﬁcit,
1323 4245 1480 4298 modo
1524 4254 1681 4313 sputo
1712 4259 1775 4298 ac
1821 4245 1934 4300 luto
1963 4247 2054 4300 de-

413 4376 415 4378 .
483 4339 748 4393 Iicientem
778 4345 981 4404 partem
1025 4336 1255 4402 supplet,
1292 4335 1527 4404 facitque
1566 4337 1924 4406 lutum,-quod
1959 4354 2054 4407 per

483 4443 542 4483 se
569 4427 738 4482 oculis
773 4435 856 4480 est
885 4426 1161 4489 infestum,
1190 4425 1466 4480 oculorum
1502 4427 1789 4494 medicum,
1833 4439 1888 4483 et
1925 4445 2053 4484 con—

483 4519 650 4574 trario
680 4518 973 4587 pharmaco
998 4516 1188 4582 utitur,
1235 4526 1290 4572 et
1328 4530 1439 4571 rem
1471 4519 1684 4572 noxiam
1723 4521 1936 4574 exhibet
1967 4536 2050 4576 sa-

2156 3360 2248 3413 ρου
2284 3343 2581 3413 φιλοτιμίᾳ,
2632 3341 2751 3394 λύει
2803 3340 2897 3393 τοῦ
2928 3341 3164 3410 νυμφίου
3203 3343 3301 3412 τὴν
3345 3341 3600 3410 ἀπορίαν,
3637 3341 3734 3392 ἐκ·

2153 3436 2378 3505 πλήττει
2441 3435 2567 3498 τοὺς
2603 3433 2882 3504 συμπότας
2919 3436 2984 3504 τῇ
3033 3431 3129 3485 τοῦ
3176 3432 3361 3485 καινοῦ
3406 3432 3735 3502 πράγματος

2153 3527 2405 3597 εύοσμίᾳ,
2441 3526 2633 3579 ἐαυτὸν
2668 3525 2753 3578 διά
2793 3524 2886 3577 τοῦ
2917 3524 3089 3594 δώρου
3135 3522 3418 3594 κηρύττει.
3487 3520 3732 3591 Ἀγεώρ-

2151 3637 2316 3688 γητος
2341 3619 2450 3690 γὰρ
2485 3617 2581 3680 ὢν,
2609 3617 2699 3671 τὸν
2724 3616 3077 3687 ἀγεώργητον
3101 3611 3242 3669 οἶνον
3267 3616 3517 3668 δέδωκεν.
3560 3613 3730 3666 Ἐκεῖ-

2154 3710 2246 3763 θεν
2271 3710 2397 3772 τοὺς
2421 3708 2740 3782 ἀρρώστους
2771 3712 2936 3773 ίᾶται,
2953 3710 3045 3761 καὶ
3070 3708 3212 3777 λόγῳ
3245 3707 3363 3758 λύει
3385 3708 3486 3768 τὰς
3516 3706 3729 3768 νόσους,

2153 3802 2245 3856 καὶ
2271 3801 2499 3872 νεύματι
2527 3803 2636 3854 τῶν
2670 3801 2860 3853 παθῶν
2881 3801 3210 3854 ἀπαλλάττει
3242 3800 3372 3862 τοὺς
3398 3798 3728 3868 κάμνοντας,

2153 3893 2279 3956 τοὺς
2332 3893 2706 3963 δαιμονῶντας
2755 3892 2855 3961 τῆς
2904 3892 3103 3962 λύττης
3146 3891 3439 3960 ἐλευθεροῖ,
3487 3890 3730 3942 δείκνυσι

2151 3984 2279 4047 τοὺς
2316 3982 2626 4054 μεμηνότας
2672 3983 3096 4052 καθεστηκότας,
3145 3984 3358 4052 σφίγγει
3405 3981 3531 4042 τοὺς
3579 3997 3728 4048 παρ·

2153 4075 2423 4145 ειμένους,
2456 4074 2748 4146 ἀρτίποδας
2781 4076 2908 4136 τοὺς
2935 4073 3142 4143 χωλοὺς
3190 4071 3580 4142 ἀπεργάζεται,
3610 4070 3730 4122 δεί-

2153 4183 2308 4219 κνυσι
2333 4166 2422 4218 τὸν
2455 4165 2606 4236 ἥλιον
2627 4167 2738 4227 τοῖς
2765 4165 2827 4217 τὸ
2857 4165 3072 4235 βλέπειν
3101 4165 3491 4236 ἀφῃρημένοις,
3521 4160 3727 4228 ἀνοίγει

2153 4256 2252 4319 τάς
2282 4256 2451 4326 θύρας
2505 4256 2598 4309 τού
2629 4255 2881 4326 σώματος
2925 4257 2992 4308 δι’
3019 4249 3093 4309 ὧν
3125 4257 3216 4319 ἐπὶ
3237 4255 3307 4307 τά
3335 4254 3438 4318 ἔξω
3463 4254 3727 4322 διαχεῖται

2152 4348 2213 4398 τὸ
2243 4347 2340 4416 τῆς
2367 4347 2545 4417 ψυχῆς
2579 4348 2822 4411 ὀπτικὸν,
2857 4349 2951 4401 καὶ
2978 4348 3072 4400 νῦν
3104 4349 3201 4418 μὲν
3235 4348 3379 4418 λόγῳ
3405 4347 3549 4417 μόνῳ
3571 4346 3729 4399 τοῦτο

2154 4443 2315 4502 ποιεῖ,
2343 4441 2434 4493 τὸν
2471 4440 2638 4510 πηλὸν
2662 4441 2753 4493 τὸν
2780 4441 2890 4492 τῶν
2923 4441 3188 4510 ὀμμάτων
3234 4440 3518 4492 ἐπίϐουλον
3544 4439 3727 4510 ὀμμά-

2154 4546 2259 4582 των
2292 4530 2649 4602 θεραπευτὴν,
2677 4531 2870 4601 καὶτῷ
2917 4531 3161 4598 πολεμίῳ
3209 4531 3487 4601 φαρμάκῳ
3523 4531 3727 4601 κέχρη-

483 4610 730 4663 Iutarem.
758 4607 993 4662 Auribus
1021 4608 1089 4660 ab
1118 4607 1384 4661 audiendo
1410 4608 1593 4672 dictis,
1619 4609 1710 4663 sed
1741 4619 1916 4666 tamen
1954 4627 2043 4665 au-

2151 4637 2258 4684 ται,
2285 4621 2380 4672 καὶ
2418 4621 2478 4673 τὸ
2520 4620 2848 4692 δηλητήριον
2899 4621 3255 4692 ἀλεξητήριον
3295 4621 3570 4674 adnuo".
3611 4625 3729 4684 ταῖς

482 4700 594 4754 ditu
639 4699 969 4764 carentibus,
1017 4700 1315 4754 naturalem
1353 4701 1590 4769 impertit
1623 4718 1798 4758 usum.
1856 4704 2049 4760 Paucis

482 4790 713 4860 panibus
739 4791 790 4844 in
832 4791 1046 4845 deserto
1078 4791 1242 4845 multa
1278 4792 1555 4847 hominum
1605 4795 1768 4848 millia
1811 4796 2047 4862 satiavit,

482 4884 722 4950 quinque
761 4882 965 4937 scilicet
997 4897 1185 4950 panes,
1222 4892 1475 4952 tanquam
1519 4883 1571 4937 in
1610 4900 1795 4938 arvum
1841 4901 2048 4952 semen,

481 4974 730 5028 manibus
769 4975 1006 5037 tradens,
1049 4984 1104 5028 et
1141 4975 1333 5044 linguae
1365 4975 1789 5030 benedictionem
1830 4993 1927 5032 ceu
1974 4980 2048 5033 ri-

482 5076 645 5131 guum
670 5062 910 5116 nimbum
936 5064 1229 5128 adducens,
1254 5065 1472 5120 densam
1498 5065 1769 5135 altamque
1795 5077 2050 5139 segetem,

483 5162 538 5207 et
565 5152 777 5221 plenam
809 5169 989 5208 aream
1014 5155 1378 5224 apostolorum
1407 5174 1599 5212 manus
1618 5157 1795 5214 effecit
1825 5177 1837 5213 :
1873 5176 2053 5216 aream

484 5258 586 5297 nec
616 5243 916 5299 ventilabro
959 5259 1060 5299 nec
1095 5248 1408 5315 purgatorio
1455 5260 1720 5318 egentem,
1765 5266 1869 5304 non
1917 5253 2054 5306 mola

485 5351 583 5390 nec
613 5346 816 5391 mactra
857 5353 956 5393 nec
985 5339 1107 5408 igne
1133 5349 1225 5392 aut
1271 5338 1506 5405 clibano,
1549 5340 1643 5395 sed
1683 5342 1826 5408 ipsos
1856 5357 1951 5411 per
1997 5361 2056 5400 se

554 5495 598 5527 "
620 5495 774 5552 Joan.
801 5512 912 5560 xvt,
940 5496 1030 5549 55.
1106 5495 1149 5526 ⁷⁸
1174 5493 1372 5549 Jerem.
1398 5511 1548 5558 χχχι,
1570 5496 1657 5550 51.

481 5637 492 5650 ’
556 5647 632 5718 (l)
670 5649 927 5718 Eamdem
967 5649 1288 5718 sententiam
1327 5648 1490 5701 habes
1529 5650 1580 5702 in
1620 5664 1758 5703 novo
1795 5652 1956 5705 etiam
1993 5661 2047 5705 et

488 5717 726 5786 apprime
766 5717 995 5786 genuino
1036 5717 1206 5768 sancti
1244 5717 1521 5784 Augustini
1563 5734 1811 5773 sermone
1853 5722 1916 5774 de
1957 5738 2047 5774 nu-

490 5784 613 5849 ptiis
643 5784 782 5855 apud
814 5785 1032 5848 Canam,
1065 5799 1221 5851 quem
1259 5801 1352 5839 nos
1387 5801 1449 5839 ex
1486 5788 1621 5841 miro
1657 5789 1839 5844 codice
1868 5790 2046 5844 saeculi

2154 4712 2344 4775 ἀκοαῖς
2373 4711 2753 4782 καλουμέναις,
2776 4712 2836 4765 τὸ
2864 4713 2919 4765 δὲ
2946 4712 3166 4766 ἀκούειν
3193 4713 3600 4785 ἀφῃρημέναις,
3631 4712 3728 4782 τὴν

2155 4802 2360 4855 οίκείαν
2383 4801 2662 4873 ἐνέργειαν
2684 4803 3207 4875 ἐπιδίδωσι.⁸¹Αρτοις
3226 4804 3428 4871 ὀλίγοις
3452 4805 3509 4855 ἐν
3541 4803 3728 4874 ἐρήμῳ
3822 4789 3826 4791 ἢ

2156 4894 2357 4958 πολλὰς
2404 4896 2627 4967 ἐκόρεσε
2654 4896 2918 4967 χιλιάδας,
2951 4899 3078 4960 τοὺς
3108 4897 3267 4949 πέντε
3295 4897 3514 4966 ἄρτους,
3541 4895 3726 4963 ὥσπερ

2157 4984 2236 5046 είς
2263 4985 2500 5056 ἄρουραν
2537 4989 2759 5058 σπέρμα
2779 5029 2793 5054 ,
2821 4991 2940 5051 ταῖς
2977 4989 3166 5059 χερσὶν
3196 4986 3472 5057 ἐμϐαλὼν,
3505 4987 3600 5038 καὶ
3631 4984 3726 5052 τῆς

2151 5075 2397 5144 γλώττης
2423 5079 2519 5147 τὴν
2543 5078 2793 5146 εὐλογίαν
2823 5075 2934 5134 οἶόν
2963 5097 3016 5132 τι
3045 5079 3205 5146 νέφος
3239 5077 3561 5146 ἐπαγαγὼν,
3594 5075 3725 5128 δασὺ

2153 5166 2246 5218 καὶ
2289 5166 2422 5234 βαθὺ
2454 5167 2602 5236 λήϊον
2649 5169 2742 5220 καὶ
2772 5168 2884 5222 at...
2916 5168 3097 5240 πλήρη
3124 5169 3224 5232 τὰς
3261 5169 3370 5221 τῶν
3411 5167 3727 5221 ἀποστόλων

2153 5258 2340 5326 χεῖρας
2383 5257 2694 5327 ἀπέφηνεν,
2727 5259 2839 5313 ἅλω
2869 5260 2930 5312 οὐ
2962 5260 3132 5313 πτύου
3173 5259 3436 5329 δεομένην
3479 5259 3578 5310 καὶ
3620 5257 3729 5310 δια-

2154 5349 2406 5420 κρίσεως,
2438 5353 2498 5403 οὐ
2533 5351 2700 5420 μύτου
2727 5354 2820 5406 καὶ
2868 5353 3114 5424 μάκτρας
3144 5353 3235 5405 καὶ
3271 5351 3444 5420 πυρὸς
3483 5352 3577 5404 καὶ
3613 5349 3725 5402 κλι-

2409 5659 2670 5717 edidimus
2708 5663 2758 5717 in
2791 5663 3079 5761 Spicilegio
3111 5664 3287 5734 Rom,
3341 5678 3377 5720 t.
3415 5667 3548 5734 Vlll,
3588 5670 3722 5725 circa
