4082 6258
351 391 488 448 uos
811 433 820 446 .
1508 389 1597 446 ne
1638 387 2154 449 INCARNA'I'IONE
2194 388 2450 447 DOMINI.
3469 369 3612 448 iies

349 506 540 569 σάνου,
590 504 707 558 ἀλλ’
750 502 950 566 αὐτοὺς
997 503 1124 567 τοὺς
1173 503 1372 572 ἄρτους
1423 503 1692 576 βρύουσάν
1732 524 1790 561 τε
1833 507 1928 561 καὶ

2053 520 2198 562 panes
2249 506 2647 577 germinantem
2699 509 2860 575 atque
2915 513 3272 562 eructantem.
3329 503 3506 575 Atque
3551 521 3614 564 ut

351 593 739 666 mydCoueav-
789 594 882 646 καὶ
926 593 1014 647 ἵνα
1061 595 1119 647 ὲν
1160 594 1441 664 κεφαλαίῳ
1489 596 1650 660 εἴπω,
1692 597 1924 668 αἵματος

2053 599 2190 653 νενὶκι
2221 598 2291 653 ad
2333 597 2716 666 compendium
2745 598 3047 662 conferam,
3091 597 3372 667 sanguinis
3404 597 3610 654 fluxum

352 689 578 757 ἔστησεν
621 685 845 756 ὀχετοὺς
873 683 974 755 τὴν
1022 685 1166 738 ἴασιν
1196 686 1374 738 ἑκοντὶ
1415 687 1700 758 συληθείς’
1754 689 1926 759 κόρην

2053 691 2289 755 :ohibuit,
2319 691 2552 746 sanitate
2602 691 2670 744 ab
2694 705 2760 744 eo
2795 699 2986 759 sponte
3035 690 3276 760 quidem,
3314 691 3410 744 sed
3455 692 3614 760 quasi

355 780 528 848 ἄωρον
551 778 898 848 ἁρπαγεῖσαν
927 777 1030 829 ὑπὸ
1053 776 1280 830 θανάτου
1306 777 1401 830 καὶ
1429 777 1800 849 πενθουμένην
1822 779 1927 831 ὑπὸ

2053 783 2239 846 urtim,
2273 783 2588 850 impetrata.
2615 779 2856 835 Puellam
2889 781 3224 858 impuberem
3261 791 3432 836 morte
3458 783 3617 836 abre-

356 871 460 924 τῶν
492 869 708 924 οἰκείων
745 868 1104 938 ἀνθαρπάσας
1127 871 1238 933 τοῖς
1269 871 1505 940 φύσασιν
1542 871 1886 925 ἀποδέδωκεν
1908 885 1926 902 ⁸

354 963 540 1034 ἕτερον
587 961 804 1014 νεανίαν
851 963 932 1022 εἰς
977 960 1069 1014 τὸν
1115 962 1284 1028 τάφον
1323 961 1807 1031 προπεμπόμενον,
1849 950 1930 1024 εἰς

358 1037 502 1123 ζωὴν
529 1053 866 1122 ἐπανήγαγε,
899 1053 994 1104 καὶ
1025 1053 1106 1115 είς
1128 1051 1302 1123 χαρὰν
1331 1054 1391 1105 τὸ
1417 1053 1610 1115 πένθος
1642 1053 1928 1123 μετέϐαλε,

357 1144 566 1198 καὶτὸν
597 1144 884 1213 ἐπιτάφιον
913 1143 1110 1214 θρῆνον
1140 1145 1220 1206 εις
1241 1142 1425 1213 ὕμνων
1460 1143 1616 1211 λόγον
1645 1145 1932 1215 γαμηλίων

357 1235 582 1307 ἔτρεψε·
612 1235 708 1288 καὶ
734 1235 825 1288 τὸν
855 1233 1065 1304 δυσώδη
1096 1234 1291 1306 νεκρὸν
1342 1235 1480 1304 μετὰ
1527 1233 1796 1306 τετάρτην
1833 1239 1932 1307 τῆς

357 1327 613 1396 τελευτῆς
649 1329 715 1380 ὲκ
741 1326 842 1396 τῆς
876 1325 1050 1397 θήκης
1082 1325 1340 1396 ἐξήγαγε,
1371 1327 1464 1378 καὶ
1494 1326 1584 1379 τὸν
1619 1327 1932 1396 πεπεδημέ-

362 1437 450 1473 νον
477 1418 711 1490 βαδίζειν
741 1418 1048 1481 ἐκέλευσεν,
1075 1418 1170 1470 καὶ⁵
1195 1416 1540 1488 παραχρῆμα
1569 1416 1598 1469 ὅ
1623 1433 1682 1470 τε
1702 1416 1935 1480 θάνατος

363 1513 776 1584 ἐδραπέτευσεν,
827 1511 920 1564 καὶ
966 1513 995 1564 ό
1027 1509 1219 1580 νεκρὸς
1257 1509 1460 1580 έδραμε
1504 1511 1606 1580 τῆς
1639 1510 1938 1580 σηπεδόνος

363 1603 728 1672 ἀπαλλαγεὶς,
781 1603 876 1656 καὶ
922 1602 1022 1672 τὴν
1079 1601 1178 1670 τῆς
1245 1601 1538 1670 σηπεδόνος
1597 1600 1938 1669 ἀποθέμενος

361 1695 648 1758 δυσωδίαν,
689 1695 782 1748 καὶ
805 1694 905 1758 τὰς
931 1692 1026 1746 τοῦ
1059 1692 1290 1747 θανάτου
1316 1692 1489 1756 πύλας
1518 1689 1817 1761 διαφυγὼν,
1842 1693 1939 1745 καὶ

365 1787 472 1839 ὑπὸ
512 1785 620 1838 τῶν
647 1785 862 1856 δεσμῶν
895 1787 1110 1854 τρέχειν
1135 1785 1194 1837 οὐ
1227 1786 1590 1854 κωλυόμενος,
1619 1787 1714 1838 καὶ
1736 1784 1813 1856 τῷ
1840 1787 1938 1856 μὲν

2028 885 2174 944 ptam
2203 912 2218 936 ,
2250 882 2304 928 et
2330 888 2358 926 a
2391 873 2503 928 suis
2537 872 2808 938 defletam,
2835 873 3075 928 vicissim
3121 873 3380 941 eripiens,
3424 887 3619 942 paren-

2033 969 2177 1023 tibus
2220 967 2476 1022 reddidit.
2515 966 2694 1020 Alium
2739 964 3133 1020 adolescentem
3173 965 3240 1018 ad
3281 963 3615 1028 sepulturam

2032 1061 2256 1124 elatum,
2288 1059 2410 1112 vitae
2443 1058 2702 1120 restituit,
2749 1065 2805 1111 et
2835 1057 2889 1110 in
2942 1056 3195 1126 gaudium
3245 1054 3446 1109 luctum
3489 1069 3619 1109 con-

2033 1149 2216 1212 vertit,
2248 1157 2304 1203 et
2329 1147 2607 1202 funebrem
2643 1146 3088 1200 lamentationem
3120 1144 3174 1199 in
3211 1144 3480 1213 nuptiales
3519 1147 3619 1216 hy-

2035 1253 2189 1294 mnos
2230 1238 2630 1292 transmutavit.
2688 1237 2955 1290 Praeterea
3021 1234 3196 1290 fetens
3255 1243 3373 1304 post
3407 1235 3620 1303 quatri-

2036 1332 2201 1385 duum
2247 1334 2316 1384 ab
2349 1330 2496 1384 obitu
2527 1329 2759 1382 cadaver
2805 1343 2872 1382 ex
2910 1342 3034 1382 arca
3069 1328 3274 1392 eduxit,
3320 1335 3372 1380 et
3415 1325 3622 1382 institis

2037 1425 2298 1495 illigatum
2348 1423 2625 1488 ambulare
2661 1423 2856 1494 jussit;
2919 1438 3086 1492 reque
3139 1437 3266 1477 vera
3311 1421 3625 1491 dill'ugiente

2039 1527 2230 1584 morte,
2263 1525 2511 1572 mortuus
2540 1515 2816 1582 discurrit,
2861 1515 3149 1585 putredine
3193 1513 3347 1580 liber,
3377 1514 3626 1583 putredi-

2039 1609 2232 1678 nisque
2283 1607 2460 1663 fetore
2510 1606 2795 1676 deposito,
2845 1621 2876 1660 e
2921 1605 3112 1660 mortis
3164 1605 3348 1672 januis
3403 1605 3622 1659 evasit:

2041 1707 2205 1770 atque
2239 1699 2312 1754 ita
2343 1699 2485 1753 haud
2513 1696 2626 1767 jam
2659 1697 2905 1766 Iigaturis
2935 1713 2962 1751 a
2995 1711 3154 1752 cursu
3204 1696 3530 1766 prohibitus,
3569 1707 3626 1752 et

2043 1804 2072 1842 a
2117 1789 2340 1844 funereo
2370 1789 2528 1844 faciei
2570 1789 2689 1844 velo
2737 1789 2882 1844 baud
2934 1788 3132 1843 diutius
3173 1791 3293 1844 visu
3341 1789 3623 1858 spoliatus,

361 1877 459 1931 τοῦ
491 1853 782 1947 προσώπου
829 1853 1147 1946 καλύμματι
1193 1876 1254 1928 τὸ
1301 1853 1520 1946 βλέπειν
1561 1853 1936 1947 ἀφῃρημένος,

2053 1883 2160 1937 sine
2199 1883 2307 1936 ullo
2339 1881 2746 1951 impedimento,
2793 1881 2862 1936 ad
2911 1891 3218 1947 vocantem,
3266 1881 3450 1952 agnita
3494 1895 3626 1937 voce

363 1968 658 2031 ἀκωλύτως
689 1969 745 2021 δὲ
770 1967 980 2040 τρέχων
1013 1967 1154 2037 πρὸς
1189 1968 1282 2020 τὸν
1327 1967 1658 2032 καλέσαντα,
1707 1968 1806 2020 καὶ
1843 1965 1942 2038 τὴν

363 2060 700 2130 Δεσπατικὴν
731 2057 1111 2128 ἐπιγινώσκων
1141 2060 1346 2130 φωνήν.

369 2177 511 2244 KG”.
532 2176 652 2229 Ὅτι
673 2176 968 2241 ἑκουσίως
991 2175 1064 2230 τὰ
1088 2173 1352 2243 σωτήρια
1373 2174 1533 2236 πάθη
1555 2172 1941 2237 κατεδέξατο.

439 2354 535 2407 Διά
566 2352 770 2406 τούτων
802 2352 896 2406 καὶ
920 2351 1096 2406 ἄλλων
1135 2347 1281 2421 [cod.
1321 2347 1431 2400 τῶν
1461 2363 1557 2418 pro
1583 2345 1782 2418 ἄλλων]
1809 2345 1943 2400 θαυ-

369 2446 579 2519 μάτων,
607 2443 714 2498 τῶν
759 2441 1100 2512 ἐπαγγελιῶν
1133 2440 1458 2512 ὲμπεδώσας
1480 2439 1538 2492 τὸ
1575 2438 1820 2509 μέγεθος,
1853 2437 1944 2491 καὶ

361 2537 462 2589 τὸν
493 2534 650 2605 χορὸν
675 2532 783 2584 τῶν
810 2529 1124 2584 ἀποστόλων
1151 2532 1231 2593 είς
1263 2529 1464 2599 ἀρετὴν
1495 2526 1940 2597 παιδοτριὸήσας,

363 2624 700 2696 ’προστρέχει
759 2625 872 2686 τοῖς
927 2620 1298 2691 ἀναγράπτοις
1348 2619 1575 2672 πάθεσιν
1629 2618 1942 2687 ἐθελοντής·

362 2716 634 2779 πολλάκις
688 2715 787 2785 μὲν
830 2711 1005 2766 ταῦτα
1043 2715 1158 2776 τοῖς
1214 2714 1496 2782 φοιτηταῖς
1549 2708 1943 2780 προμηνύσας,

360 2809 703 2878 ἐπιτιμήσας
737 2805 794 2859 δὲ
818 2804 893 2875 τῷ
919 2804 1132 2873 Πέτρῳ,
1159 2802 1278 2873 μεθ’
1304 2801 1498 2873 ἡδονῆς
1527 2801 1602 2870 μὴ
1637 2798 1943 2862 καταδεξα-

364 2900 518 2972 μένῳ
567 2899 632 2952 τά
662 2897 768 2952 τῶν
812 2895 1000 2949 παθῶν
1033 2894 1348 2963 εὐαγγέλια,
1397 2893 1490 2946 καὶ
1537 2891 1715 2956 δείξας
1748 2891 1822 2952 ὡς
1860 2889 1948 2942 διὰ

357 2993 572 3047 τούτων
601 2989 958 3060 κατορθοῦται
995 2989 1094 3057 τῆς
1131 2985 1458 3057 οἰκουμένης
1493 2987 1526 3055 ἡ
1558 2983 1804 3052 σωτηρία
1825 2998 1838 3010 ο
1866 2981 1946 3034 διὸ

360 3085 597 3145 καὶτοῖς
627 3080 943 3135 ἐπελθοῦσιν
969 3078 1171 3132 ἑαυτὸν
1205 3077 1487 3140 ὑπέδειξεν
1520 3076 1692 3144 λέγων
1713 3093 1724 3105 ·
1764 3095 1781 3127 ι
1805 3073 1948 3144 Ἐγώ

2047 1971 2347 2038 Dominica,
2373 1972 2630 2028 accurrit.

2045 2171 2236 2228 XXVI.
2279 2173 2440 2237 Quod
2479 2180 2664 2240 sponte
2714 2169 2942 2242 (Jesns)
2989 2171 3278 2226 salutarem
3331 2171 3628 2238 passionem
3705 2211 3712 2218 ς

2696 2243 2978 2309 exceperit.

2117 2351 2210 2406 Ilis
2236 2350 2465 2421 aliisque
2495 2350 2769 2405 miraculis
2801 2349 3218 2418 promissionum
3261 2365 3482 2406 suarum
3515 2366 3631 2406 ma-

2045 2443 2328 2515 gnitudine
2365 2441 2708 2508 confirmata,
2741 2449 2796 2496 et
2825 2442 3196 2512 apostolorum
3230 2443 3400 2498 choro
3431 2443 3498 2498 ad
3520 2443 3631 2499 vir-

2049 2541 2214 2587 tutem
2260 2533 2494 2598 erudito,
2546 2542 2738 2600 sponte
2784 2533 3025 2588 accurrit
3065 2534 3132 2588 ad
3176 2548 3268 2588 cas
3297 2549 3420 2604 quae
3461 2534 3528 2589 de
3564 2550 3632 2590 eo

2048 2627 2264 2694 scriptae
2310 2624 2519 2678 fuerant
2563 2624 2780 2694 839m
2833 2625 3142 2693 passiones;
3186 2639 3318 2691 quas
3359 2639 3501 2694 saepe
3545 2625 3630 2678 di-

2048 2717 2270 2784 scipulis
2297 2717 2409 2769 suis
2442 2719 2920 2785 praarmntiaverat,
2965 2714 3128 2769 Petro
3160 2717 3323 2769 etiam
3367 2716 3633 2784 increpito

2049 2808 2137 2876 qui
2186 2808 2326 2860 haud
2374 2807 2605 2860 libenter
2649 2809 2958 2876 passionum
2993 2809 3240 2862 nuntium
3288 2807 3630 2878 excipiebat;

2050 2900 2424 2953 demonstrans
2465 2898 2698 2966 denique
2745 2899 2976 2953 salutem
3026 2900 3212 2952 mundi
3244 2914 3339 2968 per
3383 2901 3478 2953 bas
3503 2915 3636 2954 con-

2051 2988 2187 3043 fieri.
2237 2989 2527 3058 Propterea
2583 2997 2638 3042 et
2685 2989 3096 3043 advenientibus
3157 2997 3328 3043 semet
3379 2989 3631 3043 exhibuit

2053 3081 2237 3134 dicens
2271 3097 2285 3133 :
2325 3100 2343 3131 ι
2380 3081 2489 3150 Ego
2516 3097 2632 3135 smn
2661 3096 2821 3149 quem
2851 3081 3092 3149 quasritis
3116 3081 3183 3135 ⁸⁸³.
3211 3100 3228 3132 ι
3260 3081 3320 3134 Et
3349 3089 3635 3135 accusatus

361 3178 486 3246 εἰμι
514 3174 570 3227 ὃν
599 3171 832 3243 ζητεῖτε.
867 3190 884 3222 ι
908 3172 1016 3224 Καὶ
1040 3167 1512 3240 κατηγορούμενος
1541 3169 1639 3221 οὐκ
1673 3169 1946 3232 ἀντεῖπεν,

2053 3185 2156 3225 non
2187 3173 2481 3240 respondit,
2517 3182 2717 3226 etcum
2754 3184 2936 3241 posset
2967 3173 3155 3240 latere,
3194 3172 3402 3238 noluit;
3455 3187 3632 3240 quan-

362 3269 468 3323 καὶ
508 3265 804 3334 δυνάμενος
852 3261 1058 3320 λαθεῖν,
1105 3261 1262 3313 τοῦτο
1310 3263 1482 3312 ποιεῖν
1519 3261 1619 3312 οὐκ
1660 3261 1949 3329 ἠνέσχετο·

363 3360 468 3412 καὶ⁵
497 3358 670 3411 ταῦτα
712 3355 970 3417 πολλάκις
993 3354 1156 3425 ἡνίκα
1183 3352 1458 3423 ἠϐουλήθη
1486 3351 1766 3420 διαφυγών
1783 3367 1796 3379 ·
1817 3351 1955 3405 ἀλλά

365 3452 469 3503 καὶ
502 3449 675 3502 κλαίει
708 3449 806 3518 μὲν
835 3446 934 3517 τὴν
968 3443 1345 3517 Ἰερουσαλὴμ,
1378 3443 1452 3506 ώς
1478 3444 1541 3514 δὴ
1569 3445 1667 3514 τῆς
1698 3444 1955 3508 ἀπιστίας

365 3541 764 3609 ἐπισπωμένης
813 3537 907 3589 τὸν
939 3535 1180 3606 ὄλεθρον,
1230 3532 1668 3603 καταψηφίζεται
1718 3533 1774 3584 δὲ
1815 3550 1953 3586 παν-

365 3633 650 3704 ωλεθρίως
695 3631 788 3684 τοῦ
823 3630 1262 3702 πολυθρυλλήτου
1308 3627 1477 3680 πάλαι
1517 3625 1653 3679 νεώ·
1701 3627 1952 3696 ἀνέχεται

368 3725 470 3777 καὶ
503 3723 595 3775 ἐπὶ
623 3725 797 3792 κάρης
827 3720 985 3793 [cod.
1014 3720 1184 3789 κόρης
1209 3716 1230 3789 ]
1269 3717 1582 3787 παιόμενος,
1624 3716 1728 3769 ὑπὸ
1756 3715 1952 3786 διπλῆν

368 3814 618 3870 δουλείαν
649 3813 988 3876 δουλεύοντος
1019 3811 1163 3882 [cod.
1197 3807 1562 3881 δουλεύοντες]
1591 3808 1954 3879 κολαφιζόμε-

371 3924 501 3973 νος,
568 3905 974 3974 ὲμπτυόμενος,
1021 3901 1439 3971 ὀνειδιζόμενος,
1502 3900 1950 3970 στρεϐλούμενος,

377 3997 845 4070 μαστιγούμενος,
899 3997 990 4048 καὶ
1041 3995 1103 4046 τὸ
1153 3994 1461 4044 τελευταῖον
1527 3989 1949 4058 σταυρούμενος,

375 4093 473 4145 καὶ
505 4091 798 4161 λαμϐάνων
835 4087 1038 4156 λῃστὰς
1081 4085 1179 4154 τῆς
1212 4081 1481 4153 τιμωρίας
1507 4081 1796 4142 κοινωνοὺς
1827 4080 1954 4130 έκα-

372 4181 640 4253 τέρωθεν,
668 4181 761 4230 καὶ
789 4175 1133 4244 ἀνδροφόνοις
1172 4175 1266 4226 καὶ
1297 4173 1629 4242 κακούργοις
1660 4169 1953 4222 συνταττό-

380 4287 565 4342 μενος,
599 4270 691 4321 κα¹ι
717 4267 834 4331 ὅξος
869 4266 961 4318 καὶ
1001 4264 1161 4336 χολὴν
1191 4264 1339 4334 παρὰ
1363 4261 1456 4316 τοῦ
1494 4262 1663 4314 κακοῦ
1696 4259 1953 4332 ἀμπελῶ-

375 4381 470 4425 νος
497 4360 898 4432 καρπούμενος,
942 4358 1034 4409 καὶ
1067 4355 1328 4420 ἀκάνθαις
1375 4355 1496 4407 ἀντὶ
1527 4353 1820 4424 κλημάτων
1858 4352 1952 4405 καὶ

379 4452 622 4524 βοτρύων
691 4448 1034 4516 στεφόμενος,
1085 4448 1178 4500 καὶ
1227 4443 1516 4516 πορφυρίδι
1559 4441 1976 4514 χλευαζόμενος,

375 4545 760 4618 ὀρυττόμενος,
786 4545 878 4597 καὶ
903 4543 1051 4606 τέλος
1082 4541 1239 4610 τάφῳ
1269 4537 1796 4609 παραπεμπόμενος.

2052 3278 2213 3332 quam
2260 3264 2364 3318 alio
2412 3279 2516 3317 non
2573 3265 2739 3318 semel
2789 3275 3028 3333 tempore
3080 3265 3348 3335 appetitus
3399 3263 3634 3328 insidiis,

2053 3354 2441 3408 declinaverat.
2493 3353 2716 3424 Insuper
2764 3364 2816 3410 et
2862 3355 3164 3410 Jerusalem
3217 3357 3479 3424 deplorat,
3515 3370 3638 3425 qua:

2053 3443 2433 3503 incredulitate
2474 3463 2569 3500 sua
2613 3448 2838 3502 exilium
2879 3449 2982 3503 sibi
3027 3449 3399 3517 comparabat,
3447 3455 3503 3500 et
3543 3461 3640 3501 su-

2053 3552 2256 3607 premae
2301 3539 2470 3592 ruina:
2501 3540 2702 3594 addicit
2751 3540 3008 3608 templum
3058 3540 3186 3594 olim
3236 3540 3635 3608 famigeratum.

2055 3625 2331 3682 Patienter
2353 3645 2566 3698 quoque
2597 3646 2655 3685 se
2684 3631 2733 3683 in
2760 3631 2942 3700 capite
2967 3645 3281 3699 percussum
3315 3629 3418 3683 fert
3441 3630 3508 3683 ab
3541 3627 3642 3681 ho-

2057 3721 2201 3776 mine
2235 3721 2522 3790 dupliciter
2570 3722 2775 3777 servili.
2821 3721 3173 3791 Exalapatus,
3210 3731 3522 3790 consputus,
3558 3719 3641 3773 vi-

2059 3820 2358 3880 tuperatus,
2395 3815 2756 3874 excruciatus,
2808 3813 3128 3877 ﬂagellatus,
3170 3819 3223 3864 et
3268 3819 3539 3878 postremo
3581 3811 3636 3863 in

2057 3917 2271 3954 crucem
2302 3912 2476 3964 actus,
2500 3911 2554 3954 et
2584 3903 2760 3954 socios
2782 3901 3030 3969 supplicii
3053 3901 3342 3955 admittens
3364 3899 3637 3968 utrimque

2061 3991 2315 4052 latrones,
2361 4003 2416 4044 et
2461 4007 2582 4045 cum
2633 3992 2919 4046 homicidis
2949 4002 3112 4062 atque
3141 3992 3381 4048 scelestis
3419 4005 3642 4060 compu-

2065 4089 2227 4143 tatus,
2261 4091 2581 4150 acetumque
2628 4091 2679 4137 et
2733 4081 2805 4136 fel
2857 4099 2920 4138 ex
2973 4084 3112 4138 mula
3164 4085 3273 4138 vite
3317 4082 3638 4154 percipiens,

2062 4171 2337 4240 spinisque
2373 4188 2470 4242 pro
2503 4173 2816 4242 palmitibus
2848 4185 3009 4244 atque
3051 4177 3285 4230 racemis
3327 4183 3638 4238 coronatus,

2059 4271 2115 4316 et
2163 4277 2398 4332 purpura
2452 4265 2663 4330 illusus,
2721 4267 3036 4336 calamoque
3091 4284 3396 4336 percussus,
3455 4267 3642 4322 lancea

2061 4355 2202 4410 latus
2233 4353 2534 4423 perfossus,
2565 4365 2616 4410 et
2650 4356 2884 4427 denique
2912 4359 3160 4428 sepulcro
3191 4358 3394 4412 illatus.

2057 4446 2150 4499 καὶ
2201 4444 2433 4518 καλάμῳ
2488 4447 2824 4518 παιόμενος,
2874 4450 2969 4502 καὶ
3032 4450 3204 4522 λόγχῃ
3253 4449 3354 4520 τὴν
3403 4447 3646 4519 πλευρὰν

421 4669 544 4723 ΚΖ’.
587 4669 680 4734 Τίς
708 4666 828 4720 τῶν
859 4662 1247 4719 Δεσποτικῶν
1277 4659 1639 4730 παθημάτων
1671 4661 1708 4729 ἡ
1743 4661 1921 4713 αἰτία.

2063 4655 2276 4709 XXVII.
2321 4655 2577 4720 Quaenam
2619 4653 2910 4708 Dominicre
2948 4652 3208 4720 passionis
3255 4667 3416 4705 causa
3459 4651 3644 4720 fuerit.

467 4776 753 4847 Ὑπέμεινε
802 4775 858 4828 δὲ
888 4774 1080 4836 ταῦτα,
1115 4773 1214 4841 τὴν
1249 4772 1522 4841 ἡμετέραν
1570 4767 1960 4840 μηχανώμενος

380 4870 660 4939 σωτηρίαν
682 4885 696 4898 ·
727 4868 916 4937 ἐπειδὴ
950 4868 1057 4935 γὰρ
1089 4865 1137 4916 οἱ
1167 4865 1232 4933 τῇ
1284 4861 1529 4931 ἁμαρτίᾳ
1570 4860 1960 4922 δουλεύσαντες

377 4962 497 5021 τοῖς
529 4959 823 5028 ἐπιτιμίοις
859 4955 1149 5008 ὑπεύθυνοι
1196 4954 1293 5021 τῆς
1340 4951 1612 5021 ἁμαρτίας
1643 4951 1958 5019 ἐτύγχανον,

379 5050 547 5111 αὐτὸς
571 5049 846 5119 ἁμαρτίας
880 5044 1322 5118 ἀπηλλαγμένος,
1362 5043 1457 5094 καὶ
1482 5042 1569 5094 διὰ
1595 5042 1774 5110 πάσης
1815 5039 1964 5093 ὁδεύ-

381 5159 490 5204 σας
539 5141 904 5208 δικαιοσύνης,
945 5138 1043 5207 τὴν
1095 5137 1202 5188 τῶν
1255 5133 1596 5203 ἁμαρτωλῶν
1645 5131 1965 5194 κατεδέξατο

379 5233 680 5303 τιμωρίαν,
715 5231 801 5283 διὰ
835 5231 932 5299 μὲν
975 5227 1070 5280 τοῦ
1120 5224 1375 5294 σταυροῦ,
1406 5223 1504 5293 τῆς
1552 5221 1786 5283 παλαιᾶς
1833 5238 1966 5273 κατ-

380 5325 530 5391 άρας
583 5321 681 5388 τὴν
727 5321 997 5388 ἀπόφασιν
1041 5318 1180 5370 λύων
1227 5336 1244 5366 ι
1281 5314 1552 5384 (Χριστὸς
1599 5313 1727 5383 γὰρ,
1780 5314 1964 5383 φησὶν,

380 5412 722 5482 ἐξηγόρασεν
748 5413 893 5482 ἡμᾶς
923 5413 986 5462 ὲκ
1024 5409 1123 5477 τῆς
1168 5409 1413 5477 κατάρας
1455 5405 1550 5457 τοῦ
1595 5406 1782 5476 νόμον,
1816 5406 1968 5472 γενό-

383 5521 551 5576 μενος
616 5505 755 5573 ὑπὲρ
790 5503 944 5573 ἡμῶν
982 5501 1227 5570 κατάραι
1285 5499 1597 5568 γέγραπται
1648 5499 1775 5570 γάρ·
1819 5500 1968 5551 Ἑπι-

379 5595 705 5664 κατὰρατος
739 5597 843 5657 πᾶς
866 5595 893 5646 ὁ
915 5593 1266 5664 κρεμάμενος
1294 5592 1350 5642 ἐν
1391 5589 1536 5660 ξύλῳ
1563 5589 1629 5660 ι),
1652 5589 1739 5644 διὰ
1764 5589 1818 5642 δὲ
1859 5590 1966 5644 τῶν

464 5773 508 5803 ⁸ο
540 5771 691 5828 Ioun.
730 5787 880 5835 xvm,
917 5771 968 5827 6.
1042 5773 1078 5802 ⁸¹
1111 5771 1282 5825 Gulul.
1319 5784 1398 5832 ιιι,
1442 5770 1518 5834 l3,
1559 5770 1638 5821 li.

2141 4768 2265 4822 Haec
2296 4778 2473 4822 autem
2507 4781 2796 4836 perpessus
2830 4773 2936 4827 est,
2969 4766 3094 4818 dum
3134 4763 3293 4818 saluti
3331 4771 3527 4818 nostra:
3556 4766 3648 4818 dat

2067 4875 2308 4930 operam.
2344 4858 2473 4912 Nam
2496 4859 2620 4927 quia
2657 4859 2690 4911 ii
2721 4857 2812 4927 qui
2843 4865 3065 4926 peccato
3088 4856 3410 4920 servierant,
3437 4856 3646 4924 peccati

2067 4953 2241 5021 poenis
2273 4950 2396 5004 facti
2427 4948 2844 5010 erantobnoxii,
2879 4947 2996 5015 ipse
3023 4947 3169 5001 omni
3204 4955 3424 5014 peccato
3450 4945 3673 4998 immu-t

2069 5045 2175 5108 nis,
2213 5053 2266 5097 et
2295 5044 2384 5112 qui
2422 5040 2598 5096 omnis
2637 5039 2862 5107 iustitiae
2903 5053 3117 5092 cursum
3165 5037 3490 5101 confecerat,
3528 5049 3652 5104 pec-

2073 5135 2311 5188 cautium
2339 5133 2660 5203 supplicium
2699 5131 2888 5196 subiit,
2926 5130 3126 5184 veteris
3163 5128 3429 5181 maledicti
3457 5127 3648 5180 decre-

2076 5233 2184 5276 tum
2214 5239 2376 5277 cruce
2401 5239 2493 5276 sua
2527 5222 2731 5276 delens.
2765 5220 3056 5276 (Christus
3082 5219 3247 5282 enim,
3278 5218 3452 5285 inquit
3485 5217 3650 5286 (Pau-

2077 5315 2210 5385 lus),
2247 5331 2343 5370 nos
2375 5316 2603 5369 redemit
2633 5315 2697 5367 de
2728 5313 3014 5368 maledicto
3045 5312 3200 5381 legis,
3227 5309 3400 5362 factus
3431 5323 3528 5375 pro
3549 5323 3650 5361 no-

2077 5409 2160 5461 bis
2205 5407 2550 5460 maledictum
2589 5425 2602 5459 :
2651 5406 2780 5474 quia
2834 5407 3094 5472 scriptum
3142 5413 3225 5456 est
3270 5419 3284 5456 :
3335 5399 3650 5456 Maledictus

2075 5497 2253 5553 omnis
2283 5497 2376 5565 qui
2414 5497 2606 5566 pendet
2635 5497 2687 5549 in
2722 5497 2868 5566 ligno
2897 5496 2975 5561 3‘;
3017 5514 3034 5546 ι
3067 5494 3252 5564 spinea
3285 5507 3410 5544 vero
3453 5506 3648 5546 corona

2075 5590 2234 5645 linem
2262 5589 2451 5644 Adami
2478 5589 2754 5660 suppliciis
2783 5590 3082 5658 imponens.
3125 5585 3340 5640 Etenim
3375 5592 3492 5654 post
3528 5597 3651 5652 pec-
3701 5631 3705 5634 _

2981 5883 3034 5890 ..,
3099 5882 3221 5890 ,,,,
