4082 6258
491 388 515 441 I
524 387 628 441 467

1515 399 1572 454 8.
1614 399 1892 456 CYRILLI
1921 400 2388 459 ALEXANDRINI
2426 400 2746 461 ARCHIEP.

3608 388 3743 445 I568

493 510 673 555 catum
707 502 795 558 ille
826 504 1072 562 audierat
1106 530 1121 566 :
1161 528 1179 561 ι
1209 509 1490 567 Maledicta
1530 522 1673 569 terra
1723 515 1778 569 in
1810 515 2062 586 Operibus
2090 574 2093 583 ε

2193 517 2441 582 ικανθῶν,
2467 516 2622 580 τέλος
2659 513 2835 576 διδοὺς
2875 513 2993 574 ταῖς
3029 507 3201 580 Ἀδὰμ
3232 502 3527 578 τιμωρίαις
3566 502 3745 574 (μετὰ

497 590 607 646 tuis
640 609 654 646 :
688 595 876 662 spinas
929 608 982 653 et
1026 600 1248 655 tribnlos
1294 604 1616 672 germinahit
1648 604 1745 661 tibi
1772 606 1839 661 ³³.
1873 624 1892 658 ι
1927 606 2073 663 Felle

500 685 917 743 amaritudinem
961 705 1024 745 ac
1060 693 1360 749 molestiam
1407 696 1652 752 mortalis
1693 698 2073 769 passibilisque

500 771 781 829 hominum
828 778 947 833 vitae
982 779 1034 833 in
1083 794 1144 835 se
1187 782 1409 850 recepit.
1463 784 1630 838 Aceto
1678 783 1959 839 hominum
2016 786 2071 840 in

503 862 654 932 pejus
687 869 1037 922 mulationem
1071 869 1180 938 ipse
1212 871 1312 925 sibi
1347 872 1647 942 imputavit,
1674 881 1729 927 et
1757 872 1823 926 ad
1852 871 2071 927 meliora

504 958 736 1011 reditum
782 958 1004 1028 largitus
1032 955 1138 1016 est.
1173 962 1414 1033 Purpura
1461 979 1682 1034 regnum
1731 963 2071 1035 significavit,

503 1044 669 1119 840
694 1064 744 1101 m
790 1050 997 1107 calamo
1045 1052 1411 1110 infirmitatem
1457 1054 1914 1126 fragilitatemque
1978 1071 2076 1127 po-

506 1138 688 1191 tentia:
716 1139 913 1194 diaboli
951 1141 1148 1208 innuit,
1193 1144 1349 1214 alapa
1398 1156 1639 1201 nostram
1678 1146 1971 1216 publicavit
2013 1146 2079 1201 li-

507 1228 792 1297 bertatem,
822 1232 975 1287 nobis
1005 1234 1214 1289 debitas
1248 1236 1483 1293 tolerans
1513 1238 1627 1307 ipse
1672 1238 1917 1305 injurias,
1958 1253 2079 1294 cor-

507 1323 776 1379 rectiones
802 1336 962 1395 atque
982 1327 1183 1396 plagas.
1205 1327 1389 1395 Latus,
1406 1345 1559 1400 azque
1587 1345 1652 1385 ac
1674 1330 1937 1398 Adamus,
1954 1346 2079 1401 per-

509 1410 705 1482 fossus,
752 1431 858 1475 non
893 1427 1068 1474 tamen
1119 1419 1372 1475 feminam
1426 1422 1550 1475 inde
1580 1432 1944 1493 emergentem
1986 1437 2082 1478 ex-

510 1503 718 1573 hibens,
751 1522 869 1577 quas
921 1521 1148 1565 mortem
1197 1527 1296 1567 suo
1343 1528 1531 1569 errore
1560 1514 1764 1585 genuit,
1815 1516 1909 1571 sed
1959 1516 2082 1571 vitae

510 1595 709 1652 fontem
734 1602 824 1668 qui
851 1602 1048 1672 duplici
1082 1605 1251 1659 rivulo
1275 1607 1532 1661 mundum
1554 1607 1828 1674 vivilieat;
1853 1623 2082 1677 quorum

509 1688 645 1743 alter
676 1692 727 1744 in
762 1693 1078 1761 baptisterio
1117 1711 1215 1750 nos
1262 1706 1488 1751 renovat
1519 1706 1575 1752 et
1620 1697 1911 1752 immortali
1946 1699 2083 1754 stola

509 1781 690 1846 vestit,
736 1782 871 1837 alter
901 1785 1113 1855 genitos
1149 1786 1245 1841 alit
1278 1790 1330 1843 in
1379 1789 1558 1844 divina
1604 1804 1814 1856 mensa,
1855 1804 1952 1846 ceu
2005 1792 2086 1846 lac

509 1875 783 1941 parvulos.

2172 608 2281 681 γὰρ
2310 610 2410 678 τὴν
2445 607 2724 679 ἁμαρτίαν
2756 603 2901 676 lead.
2927 596 3497 671 τιμωρίαν],ήκουσεν
3521 595 3752 656 ἐκεῖνος·

2179 718 2198 753 ι
2248 700 2679 769 Ἐπικατάρατος
2711 697 2745 768 ἡ
2777 694 2849 765 γῆ
2883 694 2941 747 ἐν
2966 693 3081 756 τοῖς
3110 690 3296 762 ἔργοις
3352 703 3469 751 σου,
3511 685 3752 746 ἀκάνθας

2174 790 2269 845 καὶ
2313 791 2596 863 τριϐόλους
2642 787 2895 844 ἀνατελεῖ
2924 802 3007 839 σοι
3039 785 3113 855 ι),
3143 783 3232 835 διὰ
3265 781 3324 836 δέ
3367 781 3466 851 τῆς
3492 778 3657 848 χολῆς
3692 776 3754 828 τδ

2176 883 2371 953 πικρὸν
2401 882 2495 936 καὶ
2522 881 2780 937 ἐπίπονον
2811 879 2912 948 τῆς
2952 876 3153 948 θνητῆς
3191 874 3287 928 καὶ
3319 871 3569 941 παθητῆς
3610 866 3754 937 ζωῆς

2176 974 2286 1027 τῶν
2320 974 2625 1045 ἀνθρώπων
2655 974 2737 1036 εἰς
2767 971 2956 1025 ἑαυτὸν
2982 967 3385 1037 ἀναλαμϐάνων
3404 980 3419 995 ο
3456 963 3546 1017 διὰ
3572 962 3632 1016 δέ
3660 959 3752 1013 τοῦ

2176 1061 2333 1125 δξους
2378 1062 2477 1130 τὴν
2524 1062 2617 1115 ἐπὶ
2644 1061 2705 1114 τὸ
2734 1062 2913 1131 χεῖρον
2960 1060 3069 1112 τῶν
3113 1054 3418 1127 ἀνθρώπων
3452 1051 3755 1124 μεταϐολὴν

2178 1150 2337 1212 αὐτὸς
2380 1150 2695 1220 δεχόμενος,
2736 1150 2830 1203 καὶ
2861 1148 2960 1220 τὴν
2990 1150 3070 1213 εἰς
3104 1148 3163 1201 τὸ
3195 1148 3447 1216 κρεῖττον
3499 1142 3758 1197 ἐπάνοδον

2179 1241 2571 1313 χαριζόμενος·
2640 1244 2707 1313 τῇ
2759 1239 3051 1312 πορφυρίδι
3105 1238 3395 1309 σημαίνων
3452 1235 3551 1306 τήν
3601 1234 3758 1304 βασι·

2178 1333 2359 1400 λείαν,
2406 1332 2486 1404 τῷ
2517 1332 2748 1402 καλάμῳ
2789 1332 2850 1386 τὸ
2888 1330 3114 1395 ἀσθενὲς
3154 1331 3251 1384 καὶ
3302 1328 3496 1400 σαθρὸν
3528 1327 3628 1398 τῆς
3663 1324 3759 1378 τοῦ

2181 1425 2431 1481 διαϐόλου
2470 1426 2752 1495 δυνάμεως
2776 1423 3149 1495 αἰνιττόμενος
3168 1460 3184 1486 ,
3212 1420 3291 1491 τῷ
3323 1419 3629 1493 ραπίσματι
3661 1413 3763 1487 τὴν

2180 1518 2456 1591 ἡμετέραν
2481 1516 2769 1589 κηρύττων
2816 1514 3153 1585 ἐλευθερίαν,
3196 1512 3293 1576 τὰς
3322 1509 3595 1583 ἡμετέρας
3626 1509 3766 1560 ὑπο-

2189 1610 2364 1680 μένων
2408 1608 2595 1681 ὖϐρεις
2625 1648 2640 1672 ,
2692 1608 2786 1662 καὶ⁸
2823 1606 3107 1670 παιδείας,
3156 1606 3253 1659 καὶ⁸
3304 1603 3583 1674 μάστιγας.
3642 1598 3764 1667 Τὴν

2187 1699 2428 1773 πλευράν
2473 1699 2553 1771 τῷ
2597 1700 2772 1771 Ἀδάμ
2818 1698 3201 1771 παραπλήσιον
3249 1694 3606 1764 νυττόμενος,
3648 1689 3766 1743 ἀλλ’

2186 1793 2248 1846 οὐ
2286 1794 2523 1861 γυναῖκα
2566 1791 2860 1858 προϊοῦσαν
2901 1789 3109 1845 ἐκεῖθεν
3142 1786 3378 1850 δεικνὺς.
3407 1785 3500 1839 τὸν
3539 1782 3771 1837 θάνατον

2123 1870 2163 1925 Β
2191 1884 2280 1938 διὰ
2319 1884 2419 1954 τῆς
2457 1882 2674 1954 ἀπάτης
2713 1884 3074 1954 γεννήσασαν,
3107 1879 3246 1934 ἀλλά
3274 1877 3462 1949 πηγὴν
3504 1874 3652 1943 ζωῆς
3690 1869 3771 1941 τῷ

510 1966 682 2035 διπλῷ
714 1970 915 2039 νάματι
948 1970 1045 2040 τὴν
1077 1972 1404 2043 οἰκουμένην
1450 1974 1858 2045 ζωγονοῦσαν·
1905 1967 1983 2029 ὧν
2020 1973 2082 2027 τὸ
2123 1976 2221 2045 μὲν
2251 1977 2399 2046 ἡμᾶς
2432 1979 2490 2030 ἐν
2558 1974 2917 2046 κολυμϐήθρα
2980 1975 3232 2037 νεοποιεί,
3280 1971 3376 2024 καὶ
3405 1969 3473 2038 τῇ
3518 1962 3770 2033 ἀθανάτῳ

512 2062 831 2131 περιϐάλλει
861 2065 1019 2137 στολῇ
1046 2082 1057 2095 °
1094 2067 1154 2120 τὸ
1195 2066 1252 2121 δὲ
1296 2067 1489 2140 τρέφει
1517 2070 1879 2143 γεννηθέντας
1918 2072 1977 2124 ἐν
2013 2071 2081 2140 τῇ
2120 2070 2368 2143 τραπέζῃ
2393 2074 2458 2142 τῇ
2488 2070 2629 2142 θείᾳ,
2664 2070 2919 2140 καθάπερ
2947 2067 3017 2122 τὰ
3050 2068 3227 2139 βρέφη
3256 2065 3317 2119 τὸ
3350 2064 3514 2133 γάλα.

510 2198 745 2256 XXVIII.
805 2199 956 2265 Quod
990 2216 1055 2254 ea:
1080 2198 1278 2323 Christ‘i
1332 2204 1649 2323 cr‘uciatibus
1710 2204 1855 2258 salus
1901 2210 2083 2257 nostra

1186 2287 1246 2323 or
1271 2288 1304 2323 a
1328 2288 1371 2323 ει
1403 2309 1418 2323 .

1186 2287 1304 2324 orta
1328 2287 1418 2326 ιιι.

580 2401 879 2458 Pharmaca
920 2403 1104 2473 itaque
1136 2412 1321 2458 nostra
1365 2414 1491 2461 sunt
1544 2406 1855 2466 Servatoris
1919 2411 2093 2466 nostri

513 2497 802 2551 cruciatus.
833 2495 985 2562 Quod
1013 2497 1270 2567 propheta
1290 2499 1491 2553 docens
1526 2500 1602 2554 ait
1631 2518 1645 2554 :
1678 2519 1696 2552 ι
1720 2499 1841 2571 lpse
1870 2511 2092 2572 peccata

513 2597 695 2641 nostra
734 2586 956 2655 perfert,
995 2597 1049 2640 et
1080 2602 1176 2656 pro
1201 2588 1354 2643 nobis
1384 2588 1528 2644 dolet
1564 2609 1577 2644 :
1611 2606 1707 2646 nos
1736 2605 1912 2647 autem
1935 2609 2094 2663 repu-

516 2678 746 2732 lavimus
785 2693 907 2732 eum
964 2679 1016 2731 in
1074 2678 1261 2733 labore
1297 2689 1353 2733 et
1388 2679 1541 2750 plaga
1589 2689 1753 2752 atque
1808 2682 2096 2738 afﬂictione

517 2770 742 2823 versari.
778 2767 896 2837 Ipse
935 2769 1247 2825 vulneratus
1276 2780 1359 2825 est
1386 2782 1607 2841 propter
1631 2785 1851 2843 peccata
1887 2787 2093 2841 nostra,

517 2861 735 2915 attritus
762 2869 847 2915 est
886 2870 1105 2930 propter
1138 2862 1342 2915 scelera
1372 2872 1554 2917 nostra
1593 2880 1607 2921 :
1637 2864 1922 2935 disciplina
1945 2866 2096 2937 pacis

519 2962 719 3006 nostras
745 2966 906 3022 super
940 2967 1061 3006 eum
1092 2970 1104 3006 :
1143 2952 1311 3006 livore
1338 2954 1453 3023 ejus
1512 2968 1610 3008 nos
1665 2955 1842 3010 sanati
1888 2971 2095 3015 sumus.

519 3046 722 3099 Omnes
759 3047 915 3114 quasi
945 3060 1075 3099 oves
1112 3044 1414 3101 erravimus
1447 3063 1462 3112 ;
1506 3046 1626 3101 ideo
1681 3056 1935 3117 tanquam
1982 3049 2099 3105 ovis

520 3139 587 3193 ad
610 3138 933 3191 occisionem
970 3137 1162 3191 ductus
1180 3145 1282 3203 est,
1313 3147 1365 3191 et
1395 3138 1538 3192 sicut
1563 3152 1734 3206 agnus
1766 3154 1949 3193 coram
1983 3150 2100 3193 ton-

520 3230 683 3284 dente
725 3244 785 3285 se
828 3230 1099 3285 obmutuit
1125 3228 1192 3285 ⁸³.
1234 3247 1253 3280 ι
1305 3228 1373 3283 Et
1415 3228 1555 3283 sicut
1591 3241 1776 3299 pastor
1827 3230 2101 3300 dispersas

519 3337 650 3379 oves
674 3337 923 3387 cernens,
967 3338 1126 3377 unam
1154 3338 1221 3377 ex
1253 3322 1445 3378 ovibus
1498 3337 1657 3375 manu
1716 3332 1923 3385 tenens,
1956 3334 2011 3378 et
2032 3325 2099 3379 ad

2190 2182 2327 2255 KH’.
2360 2201 2491 2253 ’Ὅτι
2516 2196 2615 2252 διὰ
2637 2196 2756 2252 τῶν
2792 2197 2899 2251 τοῦ
2930 2196 3185 2265 Χριστοῦ
3213 2194 3422 2249 παθῶν
3451 2194 3488 2261 ἠ
3517 2193 3767 2263 ἡμετέρα

2710 2267 2918 2338 γέγονε
2965 2267 3250 2334 σωτηρία.

2261 2402 2532 2475 Φάρμακα
2558 2402 2736 2456 τοίνυν
2791 2399 2940 2455 ἐστὶν
2988 2398 3233 2471 ἡμέτερα
3282 2395 3352 2450 τά
3387 2394 3485 2449 τοῦ
3528 2395 3774 2465 Σωτῆρος

2192 2496 2350 2567 ἡμῶν
2380 2495 2719 2566 παθήματαο
2769 2493 2866 2547 καὶ
2911 2491 3071 2547 τοῦτο
3112 2491 3378 2546 διδάσκων
3418 2490 3448 2543 ὁ
3489 2488 3777 2560 προφήτης

2197 2586 2296 2659 βοᾷ
2318 2606 2331 2620 ·
2374 2608 2392 2641 ι
2422 2588 2595 2652 Αὐτὸς
2642 2588 2742 2651 τάς
2793 2587 3067 2658 ἁμαρτίας
3100 2585 3260 2657 ἡμῶν
3290 2584 3468 2657 φέρει,
3504 2584 3599 2637 καὶ
3640 2583 3778 2653 ὑπὲρ

2194 2680 2350 2751 ἡμῶν
2375 2679 2629 2733 ὀδυνᾶται
2649 2694 2662 2707 °
2693 2682 2856 2750 ἡμεῖς
2880 2679 2937 2733 δέ
2964 2678 3334 2750 ἐλογισάμεθα
3359 2678 3525 2731 αὑτὸν
3550 2674 3691 2730 εἶναι
3716 2679 3775 2729 ἐν

2195 2771 2362 2841 πόνῳ,
2401 2770 2495 2823 καὶ
2542 2772 2601 2825 ἐν
2652 2770 2861 2843 πληγῇ,
2919 2772 3015 2824 καὶ
3065 2773 3125 2824 ἐν
3167 2769 3446 2824 κακώσειο
3504 2768 3670 2831 αὐτὸς
3722 2766 3782 2820 δέ

2195 2865 2607 2938 ἐτραυματίσθη
2634 2864 2724 2918 διὰ
2750 2866 2851 2929 τάς
2883 2865 3160 2938 άμαρτίας
3188 2864 3370 2937 ἡμῶν,
3406 2864 3501 2918 καὶ
3533 2861 3785 2932 μεμαλά-

2194 2972 2380 3010 κισται
2411 2955 2499 3010 διά
2528 2956 2628 3020 τὰς
2649 2954 2881 3027 ἀνομίας
2905 2957 3065 3027 ἡμῶν
3087 2974 3100 2986 ·
3133 2954 3353 3009 παιδεία
3376 2954 3599 3025 εἰρήνης
3624 2951 3786 3022 ἡμῶν

2201 3048 2287 3100 ἐπ’
2310 3047 2459 3117 αὐτῷ
2486 3065 2499 3077 ο
2534 3046 2612 3115 τῷ
2642 3047 2870 3118 μώλωπι
2900 3047 3063 3101 αὑτοῦ
3093 3050 3258 3117 ἡμεῖς
3280 3046 3511 3114 ἰάθημεν
3533 3062 3549 3077 ·
3582 3044 3785 3106 πάντες

2197 3138 2272 3202 ὡς
2304 3137 2556 3208 πρόϐατα
2584 3137 2991 3210 ἐπλανήθημεν.
3016 3138 3095 3191 διὸ
3117 3138 3193 3201 ὼς
3225 3135 3497 3208 πρόϐατον
3521 3134 3616 3186 ἐπὶ
3647 3150 3786 3201 σφα-

2198 3229 2300 3299 γὴν
2352 3229 2516 3301 ἢχθη,
2572 3229 2666 3283 καὶ
2708 3230 2785 3293 ὡς
2842 3229 3015 3300 ἀμνὸς
3063 3229 3306 3281 ἐναντίον
3354 3227 3450 3282 τοῦ
3502 3226 3788 3297 κείραντος

2198 3319 2362 3373 αὐτὸν
2392 3319 2627 3389 ἄφωνος.
2660 3338 2679 3371 ι
2732 3321 2841 3374 Καὶ
2889 3319 3139 3389 καθάπερ
3180 3318 3383 3389 ποιμὴν
3422 3318 3493 3371 τά
3541 3318 3793 3389 πρόϐατα

520 3414 777 3484 placitum
806 3415 907 3469 sibi
937 3430 1192 3485 pascuum
1221 3413 1449 3481 ducens,
1480 3413 1715 3485 reliquas
1745 3413 1908 3470 etiam
1934 3414 2093 3486 hujus

2201 3412 2636 3483 διεσκεδασμένα
2674 3412 2920 3484 θεωρῶν,
2955 3412 3013 3465 ἒν
3058 3412 3167 3465 τῶν
3197 3410 3483 3482 προϐάτων
3516 3409 3787 3479 κατέχων,

521 3507 771 3576 exemplo
818 3507 883 3561 ad
925 3520 983 3561 se
1036 3504 1458 3577 pertrahit;sic
1480 3503 1624 3559 Dens
1677 3502 1911 3561 Verbum
1969 3521 2093 3560 cum

522 3610 695 3666 genus
728 3599 1003 3651 hominum
1034 3597 1397 3652 errabundum
1442 3597 1689 3660 vidisset,
1733 3598 1873 3651 servi
1926 3597 2098 3651 forma

523 3696 825 3759 assumpta,
856 3702 1025 3755 eaque
1049 3688 1148 3741 sibi
1188 3687 1459 3753 copulata,
1500 3689 1567 3740 ad
1598 3704 1657 3741 se
1683 3703 1778 3757 per
1800 3689 1943 3742 illam
1970 3704 2100 3743 con-

523 3779 691 3832 vertit
744 3779 1049 3832 universam
1084 3777 1362 3830 hominum
1397 3786 1667 3841 naturam,
1701 3786 1865 3846 atque
1903 3778 1969 3849 ad
2013 3777 2099 3831 di-

525 3873 652 3928 vina
701 3888 899 3944 pascua
932 3871 1156 3926 deduxit
1209 3884 1303 3926 eos
1332 3870 1422 3939 qui
1466 3869 1604 3924 male
1638 3869 1999 3939 pascebantur
2046 3879 2102 3925 et

523 3964 667 4035 lupis
706 3973 863 4019 erant
891 3962 1113 4031 objecti.
1134 3963 1424 4031 Propterea
1445 3961 1702 4017 Servator
1730 3970 1914 4015 noster
1941 3970 2103 4016 natu-

524 4070 641 4109 ram
674 4064 913 4107 nostram
943 4053 1234 4122 assumpsit
1264 4070 1277 4105 :
1317 4064 1601 4122 propterea
1635 4050 1883 4106 Christus
1926 4050 2103 4106 Domi-

526 4162 627 4201 nus
660 4146 993 4203 salutiferam
1019 4145 1236 4213 excepit
1275 4144 1603 4212 passionem,
1642 4142 1912 4211 mortique
1951 4144 2103 4198 dedi-

524 4249 633 4306 tus,
676 4238 920 4309 sepulcro
967 4237 1217 4299 traditus,
1264 4235 1537 4304 antiquam
1575 4235 1717 4289 illam
1755 4237 2099 4307 tyrannidem

526 4332 752 4398 depulit,
784 4341 839 4385 et
887 4327 1190 4396 corruptela
1241 4328 1476 4381 detentis
1537 4327 2099 4396 incorruptibilitatem

526 4420 796 4491 promisit.
858 4415 990 4470 Nam
1032 4413 1355 4469 dissolutum
1417 4415 1674 4483 templum
1706 4425 2018 4471 restaurans
2049 4422 2103 4469 et

527 4510 883 4574 resuscitans,
905 4508 1134 4562 mortuis
1158 4520 1373 4576 quoque
1397 4515 1560 4576 atque
1601 4506 1719 4574 ejus
1752 4506 2105 4561 resurrectio-

527 4620 651 4660 nem
688 4601 1130 4672 exspectantibus
1182 4616 1339 4656 veras
1379 4600 1670 4667 firmesque
1708 4599 1869 4672 841
1902 4616 1951 4653 m
1985 4617 2105 4671 pro-

524 4697 818 4753 missiones
878 4694 1132 4749 ostendit.
1188 4692 1323 4747 Nam
1373 4678 1848 4760 quelnadmodutn,
1902 4691 2097 4759 inquit,

2202 3504 2298 3556 καὶ
2322 3504 2407 3573 ἐφ’
2433 3503 2499 3575 ἢν
2530 3502 2781 3573 βούλεται
2819 3504 2991 3574 νομὴν
3034 3502 3208 3571 ἄγων,
3248 3503 3397 3556 ἕλκει
3425 3501 3496 3556 τά
3528 3503 3692 3556 λοιπά
3720 3501 3790 3555 δι’

2201 3594 2412 3649 ἐκείνου
2445 3595 2581 3666 πρὸς
2601 3595 2812 3650 ἑαυτόνδ
2844 3594 3017 3659 οὕτως
3038 3597 3066 3649 ὁ
3087 3594 3222 3659 Θεὸς
3250 3594 3426 3663 Λόγος
3453 3595 3564 3647 τῶν
3586 3593 3792 3665 ἀνθρὼ-

2203 3702 2321 3739 πων
2356 3685 2417 3739 τὺ
2447 3686 2608 3754 γένος
2645 3684 3068 3757 πεπλανημένον
3102 3685 3246 3750 ἰδὼν,
3281 3684 3377 3737 τοῦ
3401 3685 3589 3738 δούλου
3608 3681 3791 3737 λαϐὼν

2201 3774 2298 3846 τὴν
2331 3778 2567 3847 μορφὴν,
2613 3777 2709 3831 καὶ
2741 3778 2948 3847 ταύτην
2980 3777 3225 3847 συνάψας
3258 3779 3463 3849 ἐαυτῷ,
3495 3779 3631 3850 πρὸς
3662 3780 3792 3832 ἐαυ-

2201 3865 2293 3919 τὸν
2320 3866 2388 3919 δι’
2419 3866 2639 3938 ἐκείνης
2673 3868 2975 3940 ἐπέστρεψε
3019 3870 3199 3924 πᾶσαν
3227 3869 3325 3941 τὴν
3349 3870 3459 3925 τῶν
3484 3869 3793 3942 ἀνθρώπιον

2204 3954 2386 4025 φύσιν,
2427 3957 2522 4011 καὶ
2563 3960 2643 4022 εἰς
2688 3958 2789 4029 τὴν
2829 3959 2983 4014 θείαν
3031 3961 3203 4032 νομὴν
3253 3962 3428 4033 ἡγαγε
3477 3963 3549 4017 τά
3602 3964 3797 4028 κακῶς

2203 4048 2500 4120 νεμόμενα,
2530 4052 2626 4105 καὶ
2654 4053 2767 4115 τοῖς
2797 4051 2986 4115 λύκοις
3018 4053 3372 4125 προκείμενα.
3415 4054 3513 4107 Διά
3556 4054 3742 4111 ταῦτα
3770 4058 3800 4110 6

2204 4141 2396 4212 Σωτὴρ
2449 4142 2478 4193 ὁ
2531 4141 2804 4213 ἡμέτερος
2862 4143 2961 4213 τὴν
3009 4144 3286 4215 ἡμετέραν
3330 4146 3483 4214 φύσιν
3530 4145 3797 4202 ἀνέλαϐε.

2203 4231 2304 4286 Διά
2318 4232 2489 4286 ταῦτα
2513 4234 2541 4285 ὁ
2554 4235 2834 4304 Δεσπότης
2858 4235 3093 4307 Χριστὸς
3108 4237 3177 4290 τὰ
3195 4240 3437 4309 σωτήρια
3463 4237 3799 4305 κατεδέξατο

2204 4324 2377 4396 πάθη,
2408 4324 2504 4377 καί
2527 4324 2744 4397 θανάτῳ
2776 4328 3228 4399 παραπεμφθεὶς,
3263 4331 3357 4384 καί
3382 4333 3528 4401 ταφῇ
3557 4331 3801 4400 παραδο-

2204 4416 2338 4481 θεὶς,
2369 4416 2429 4470 τὸ
2460 4417 2559 4488 μὲν
2601 4418 2835 4471 παλαιὸν
2865 4422 3039 4474 ἐκεῖνο
3070 4421 3165 4474 καὶ
3194 4421 3552 4492 πολυχρόνιον
3590 4424 3800 4492 κράτος

2204 4509 2379 4576 ἔλυσε,
2416 4514 2527 4575 τοῖς
2555 4511 2612 4565 δὲ
2638 4514 2706 4584 τῇ
2729 4512 2904 4585 φθορᾷ
2925 4514 3325 4584 πεπεδημένοις
3350 4515 3448 4587 τὴν
3480 4516 3803 4587 ἀφθαρσίαν

2204 4600 2495 4672 ὑπέσχετο.
2534 4602 2637 4655 Τὸν
2666 4602 2775 4672 γὰρ
2801 4601 3032 4656 λυθέντα
3063 4604 3189 4656 ναὸν
3215 4604 3669 4675 ἀνοικοδομήσας,
3704 4603 3805 4658 καὶ

2205 4693 2512 4765 ἀνεγείρας,
2573 4694 2669 4749 καὶ
2710 4697 2821 4759 τοῖς
2875 4696 3153 4766 κειμένοις
3203 4697 3296 4749 καὶ
3340 4696 3805 4768 προσδεχομένοις

520 4797 743 4857 sumpta
766 4802 830 4841 ex
858 4785 1013 4841 vobis
1040 4795 1254 4849 natura,
1288 4783 1509 4838 deitatis
1532 4782 2093 4852 inhabitationeatque

2207 4784 2372 4839 αὐτοῦ
2400 4786 2500 4856 τὴν
2533 4787 2833 4841 ἀνάστασιν
2863 4788 3086 4859 ἀληθεῖς
3115 4790 3207 4843 καὶ
3234 4788 3461 4859 βεϐαίας
3488 4790 3588 4854 τὰς
3648 4790 3806 4843 ὐπο-

526 4878 877 4940 adunatione,
897 4875 1349 4931 resurrectionem
1378 4873 1630 4939 obtinuit,
1655 4884 1708 4928 et
1737 4874 2104 4944 corruptibili-

519 4981 640 5026 etate
666 4969 1116 5038 passionibusque
1140 4966 1416 5036 depositis,
1446 4966 1511 5019 ad
1532 4965 2101 5034 incorruptibilitatem

522 5061 1099 5129 immortalitatemqne
1128 5057 1396 5121 transivit,
1430 5057 1510 5111 sic
1539 5062 1593 5111 et
1621 5071 1715 5110 vos
1745 5056 1882 5109 dura
1910 5057 2100 5111 mortis

522 5154 792 5209 servitute
824 5150 1196 5216 absolvemini,
1226 5149 1544 5216 abjcetaque
1590 5148 1940 5217 corruptione
1977 5161 2097 5201 cum

524 5243 894 5315 passiouibus,
948 5240 1382 5311 impassibilitate
1424 5238 1750 5294 vestiemini.
1801 5237 2021 5292 ldcirco‘
2054 5246 2108 5293 et

526 5335 785 5406 baptismi
844 5336 1044 5390 donum
1095 5333 1304 5388 cunctis
1348 5331 1659 5387 hominibus
1709 5346 1803 5400 per
1832 5330 2105 5400 apostolos

525 5428 699 5483 misit.
735 5444 755 5479 ι
789 5424 990 5482 Bootes
1018 5425 1187 5490 enim,
1226 5424 1424 5494 inquit,
1455 5425 1642 5478 docete
1671 5436 1861 5477 omnes
1893 5432 2102 5491 gentes,

527 5519 873 5590 baptizantes
898 5535 992 5574 eas
1040 5520 1091 5574 in
1141 5519 1359 5575 nomine
1403 5516 1582 5572 Patris
1609 5523 1667 5571 et
1698 5514 1822 5569 Filii
1849 5524 1902 5570 et
1932 5513 2105 5584 Spiri-

528 5618 623 5662 tus
657 5610 828 5661 sancti
855 5610 921 5662 “.
965 5629 984 5662 ι
1014 5609 1321 5679 Baptismus
1370 5605 1712 5664 adumbratio
1738 5606 1984 5674 quaedam
2018 5614 2105 5661 est

605 5781 656 5810 "
690 5779 825 5835 Gen.
859 5799 936 5847 III,
966 5785 1047 5835 l7.
1124 5789 1168 5817 ⁸³
1198 5787 1297 5840 Isa.
1328 5802 1439 5849 Lm,
1473 5787 1493 5839 I
1527 5802 1679 5856 seqq.

2212 4875 2426 4945 σχέσεις
2446 4877 2742 4943 ὑπέδειξεν.
2772 4880 2869 4932 Ὃν
2889 4879 3091 4950 τρόπον
3121 4880 3252 4951 γὰρ,
3282 4879 3468 4951 φησὶν,
3493 4883 3528 4951 ἡ
3558 4879 3621 4945 ἐξ
3646 4879 3807 4951 ὑμῶν

2206 4966 2577 5037 ἀναληφθεῖσα
2604 4967 2767 5037 φύσις
2790 4972 2856 5041 τῇ
2886 4970 2987 5042 τῆς
3021 4969 3275 5041 θεότητος
3299 4971 3574 5041 ἐνοικήσει
3608 4987 3672 5023 τε
3704 4971 3806 5023 καὶ

2209 5056 2418 5120 ἐνὼσει,
2461 5062 2560 5130 τῆς
2587 5060 2940 5124 ἀναστάσεως
2970 5061 3151 5131 ἔτυχε,
3178 5062 3273 5115 καὶ
3309 5062 3371 5115 τὸ
3400 5061 3644 5131 φθαρτὸν
3671 5063 3806 5114 ἀνα-

2207 5149 2467 5221 τιθεμένη
2513 5153 2611 5205 σὺν
2666 5156 2780 5217 τοῖς
2833 5154 3156 5224 παθήμασιν
3205 5154 3287 5217 εἰς
3334 5153 3655 5223 ἀφθαρσίαν
3706 5151 3803 5205 καὶ

2201 5242 2503 5297 ἀθανασίαν
2542 5245 2765 5318 μετέϐη·
2807 5245 2951 5299 οὕτω
2981 5247 3076 5299 καί
3109 5247 3269 5316 ὑμεῖς
3297 5246 3398 5316 τῆς
3420 5245 3669 5315 χαλεπῆς
3702 5241 3801 5299 τοῦ

2204 5335 2436 5388 θανάτου
2481 5336 2731 5401 δουλείας
2771 5338 3251 5408 ἀπαλλαγήσεσθε,
3308 5338 3403 5391 καὶ
3441 5336 3543 5407 τὴν
3586 5335 3799 5408 φθορὰν

2202 5426 2607 5498 ἀπορρίψαντες
2633 5430 2731 5483 σὺν
2755 5433 2868 5494 τοῖς
2905 5429 3153 5493 πάθεσιν,
3178 5426 3473 5482 ἐνδύσασθε
3516 5426 3618 5499 τὴν
3654 5426 3796 5480 ἀπά-

2202 5518 2373 5572 θειαν.
2416 5519 2507 5572 Διὸ
2538 5521 2631 5573 καὶ
2662 5521 2724 5575 τὺ
2768 5521 2938 5593 δῶρον
2967 5520 3062 5574 τοῦ
3096 5520 3472 5591 βαπτίσματος
3498 5520 3669 5572 πᾶσιν
3696 5517 3792 5569 ἀν-

2201 5608 2440 5679 θρώποις
2470 5610 2560 5665 διὰ
2583 5611 2693 5665 τῶν
2728 5612 3045 5666 ἀποστόλων
3089 5610 3383 5680 ἐξέπεμψε.
3446 5629 3464 5662 ι
3491 5605 3788 5681 Πορευθέν·

1756 5786 1800 5818 "
1832 5786 2023 5843 Matth.
2059 5802 2251 5857 xxvut,
2282 5788 2365 5845 l9.
