4082 6258
382 405 519 462 Ηίῖξ)

1539 408 1628 464 DE
1669 407 2181 467 INCARNATIONE
2220 407 2475 466 DOMINI.

3495 403 3632 456 1470

380 538 471 586 τες
501 520 631 592 γὰρ,
663 520 819 593 φησὶ,
857 521 1234 593 μαθητεύσατε
1281 523 1458 577 πάντα
1485 524 1554 578 τὰ
1597 524 1748 596 ἔθνη,
1774 525 1960 597 βαπτί-

2064 537 2118 584 et
2153 535 2311 600 typus
2365 526 2557 581 mortis
2618 522 2932 579 Dominicae.
2965 539 2983 573 ι
3024 519 3156 574 Nam
3186 518 3228 573 si
3253 517 3623 585 complantati,

380 613 562 679 ζοντες
592 612 788 676 αὐτοὺς
816 614 896 676 εἰς
917 613 976 665 τὸ
999 613 1170 684 ὄνομα
1198 613 1289 666 τοῦ
1309 613 1542 683 Πατρὸς,
1565 617 1659 669 καὶ
1681 615 1773 669 τοῦ
1800 615 1949 679 Υἱοῦ,

379 703 474 757 καὶ
500 703 594 756 τοῦ
621 703 775 771 ἁγίου
804 703 1136 774 Πνεύματος.
1167 723 1186 755 ι
1207 704 1279 756 Τὸ
1299 703 1580 776 βάπτισμα
1597 705 1687 758 τοῦ
1703 709 1953 760 Δεσποτι-

2059 619 2230 688 inquit
2298 618 2530 684 Paulus,
2600 616 2804 671 fuimus
2855 610 3193 669 similitudini
3254 609 3442 664 mortis
3504 608 3627 665 Filii

2058 706 2196 775 ejus,
2231 707 2435 762 erimus
2473 719 2527 761 et
2551 707 2969 763 resurrectionis
2995 704 3040 735 ⁸⁸
3074 723 3093 754 ι

380 795 474 848 κοῦ
505 794 729 848 θανάτου
758 793 1097 865 σκιαγραφία
1142 813 1226 859 τις
1268 796 1504 867 ὑπάρχει
1572 797 1666 851 καὶ
1708 797 1898 861 τύπος.
1941 817 1960 850 ι
2011 799 2074 853 Εἰ
2118 800 2227 871 γὰρ
2265 799 2559 867 σύμφυτοι,
2623 799 2786 868 φησιν
2837 799 2865 850 6
2905 794 3142 857 Παῦλος,
3203 792 3505 862 γεγόναμεν
3552 785 3629 857 τῷ

378 885 681 958 ὁμοιώματι
731 887 825 940 τοῦ
869 887 1096 941 θανάτου
1143 887 1237 942 τοῦ
1271 888 1401 943 Υἰοῦ
1433 889 1620 954 αὑτοῦ,
1655 889 1793 944 ἀλλὰ
1837 892 1932 944 καὶ
1972 893 2073 961 τῆς
2106 892 2457 956 ἀναστάσεως
2498 891 2753 962 ἐσόμεθα.
2785 908 2804 942 ι

380 1017 507 1072 ΚΘ.
576 1017 908 1098 ᾊπιίδειεις
956 1018 1031 1098 ex
1087 1018 1210 1098 τῶ]
1256 1021 1672 1098 ’Ἀρτοστόλου-
1719 1025 1964 1093 τεραερῶν

485 1087 618 1154 περὶ
657 1087 767 1156 τῆς
806 1089 1040 1155 τελείας
1082 1088 1190 1143 τοῦ
1237 1090 1551 1160 ἀνθρώπου
1593 1087 1854 1162 φύσὲὶυςξ

451 1197 607 1251 Οῦτω
649 1199 930 1267 γεννηθεὶς
972 1200 1001 1252 6
1045 1202 1328 1274 Δεσπότης
1364 1204 1620 1275 Χριστὸς,
1650 1204 1794 1260 οὕτω
1825 1224 1957 1274 τρα-

383 1287 523 1356 φεὶς,
581 1287 725 1341 οὕτω
786 1288 1297 1363 θαυματουργήσας,
1358 1293 1447 1348 διὰ
1507 1293 1681 1348 ταῦτα
1744 1295 1954 1362 παθὼν,

384 1378 736 1449 σταυρωθεὶς,
774 1379 1080 1448 ἀποθανὼν,
1128 1385 1378 1455 κήρυκας
1423 1385 1750 1450 ἀποστείλας
1792 1389 1957 1442 πᾶσιν

385 1467 688 1540 ἀνθρώποις
728 1470 856 1534 τοὺς
896 1471 1074 1542 ἱεροὺς
1114 1473 1384 1545 μαθητὰς,
1449 1475 1531 1539 εἰς
1585 1475 1678 1530 τὸν
1730 1475 1957 1546 οὐρανὸν

384 1558 694 1629 ἀνελήφθη·
751 1561 846 1614 καὶ
888 1561 1060 1616 ταῦτα
1121 1565 1178 1616 ἐν
1232 1565 1514 1637 κεφαλαίῳ
1565 1567 1623 1620 ἐν
1666 1569 1779 1630 τοῖς
1823 1567 1959 1638 πρὸς

385 1650 646 1720 Τιμόθεον
665 1655 974 1722 γραφεῖσιν,
990 1657 1018 1709 6
1035 1656 1355 1720 ’Λπόστολος
1375 1659 1522 1729 ἡμᾶς
1543 1659 1746 1725 ἐδίδαξε
1765 1659 1960 1729 λέγων’

391 1763 410 1795 ε
433 1743 907 1814 Ὀμολογουμὲνως
934 1747 1076 1817 μέγα
1105 1749 1223 1802 ἐστὶ
1246 1749 1306 1802 τὸ
1333 1749 1431 1820 τῆς
1452 1749 1730 1814 εὐσεϐείας
1756 1751 1962 1821 μυστή-

2063 1024 2256 1081 XXIX.
2278 1023 2361 1079 Ex
2384 1024 2618 1088 Apostoli
2643 1021 2850 1088 scriptis
2869 1020 2928 1088 fit
2952 1017 3326 1071 demonstratio
3350 1012 3630 1083 perfectam

2329 1095 2493 1163 fuisse
2518 1097 2571 1148 in
2605 1091 2816 1148 Christo
2836 1090 3063 1143 hominis
3095 1097 3360 1140 naturam.

2136 1209 2229 1264 Sic
2259 1219 2423 1262 natus
2455 1207 2705 1262 Christus
2743 1202 3025 1264 Dominus,
3088 1199 3167 1254 sic
3221 1195 3510 1257 enutritus.
3553 1201 3630 1247 tot.

2061 1300 2344 1356 miraculis
2380 1299 2565 1358 editis.
2594 1305 2760 1367 atque
2811 1296 2881 1348 ob
2943 1292 3056 1347 haec
3111 1289 3345 1360 passioni
3395 1287 3628 1347 deditus,

2061 1393 2377 1458 crucitixus,
2428 1398 2692 1454 mortuus,
2742 1383 3182 1456 praedicatoribus
3233 1379 3299 1432 ad
3354 1379 3631 1432 universos

2061 1483 2308 1538 homines
2331 1481 2510 1536 missis
2531 1480 2702 1533 sacris
2723 1475 3018 1544 discipulis,
3035 1473 3088 1526 in
3105 1471 3301 1528 caelum
3326 1475 3633 1535 assumptus

2063 1573 2186 1630 fuit.
2229 1572 2354 1628 Hac
2397 1571 2613 1642 quidem
2648 1567 2978 1630 summatim,
3016 1563 3143 1619 dum
3192 1562 3260 1616 ad
3291 1559 3630 1614 Timotheum

2066 1663 2355 1726 scriberet,
2425 1675 2524 1715 nos
2579 1659 2767 1713 docuit
2831 1653 3118 1724 Apostolus
3173 1650 3400 1705 dicens:
3446 1667 3464 1700 ι
3503 1646 3634 1702 Siue

2069 1753 2235 1809 dubio
2265 1765 2518 1823 maguum
2547 1756 2632 1804 est
2657 1745 2874 1817 pietatis
2909 1749 3329 1802 sacramentum,
3387 1738 3528 1791 Deus
3576 1733 3630 1788 iu

388 1853 522 1908 ριον,
546 1835 679 1901 Θεὸς
715 1839 1034 1912 ἐφανερώθη
1071 1842 1128 1894 ἐν
1171 1842 1352 1912 σαρκὶ,
1389 1840 1677 1910 ἐδικαιώθη
1710 1844 1767 1896 ἐν
1795 1842 1960 1895 Πνεύ-

2066 1858 2230 1900 carne
2277 1842 2550 1913 apparuit,
2609 1837 2934 1907 iustiﬁcatus
2979 1841 3061 1888 est
3105 1833 3158 1886 in
3211 1829 3440 1900 Spiritu,
3484 1828 3633 1880 visus

389 1946 540 1998 ματι,
587 1928 740 2000 ὤφθη
783 1931 1056 2000 ἀγγέλοις,
1099 1932 1378 2003 ἐκηρύχθη
1411 1932 1638 1998 ἔθνεσιν,
1683 1933 1959 2005 ἐπιστώθη

387 2023 445 2075 ἐν
479 2022 688 2092 κόσμῳ,
717 2023 992 2094 ἀνελήφθη
1019 2026 1076 2078 ἐν
1103 2023 1250 2096 δόξῃ.
1281 2043 1300 2076 ι
1331 2025 1440 2078 Καὶ
1474 2024 1571 2095 τὴν
1595 2027 1693 2094 μὲν
1719 2027 1965 2096 φανέρω-

389 2130 472 2168 σιν
503 2113 792 2180 συνέξευξε
826 2119 891 2186 τῇ
937 2118 1122 2187 σαρκὶ,
1164 2117 1263 2188 τὴν
1297 2117 1352 2169 δὲ
1383 2117 1665 2171 δικαίωσιν
1694 2119 1834 2172 κατὰ
1865 2118 1963 2188 τὴν

386 2207 493 2261 τῶν
518 2209 811 2278 αἰρετικῶν
843 2210 1202 2281 ἀϐελτηρίανο
1251 2211 1545 2281 ἐδικαιώθη
1583 2211 1638 2264 δὲ
1674 2214 1739 2281 τῇ
1773 2227 1962 2281 συνερ-

386 2300 511 2369 γείᾳ
559 2300 654 2355 τοῦ
703 2302 1040 2371 Πνεύματος.
1090 2297 1236 2368 'Apa
1281 2303 1344 2355 τὸ
1388 2303 1686 2356 δικαιῶσαν
1710 2300 1956 2372 Πνεῦμα,

387 2396 636 2464 κρεῖττον
681 2393 773 2446 τοῦ
812 2394 1188 2459 δικαιωθέντος
1220 2394 1383 2458 Υἱοῦς
1425 2395 1563 2449 Ἀλλ’
1581 2395 1765 2448 οὐκέτι
1791 2393 1962 2448 ταῦτα

388 2483 489 2535 οὐκ
529 2482 681 2535 ἐστι’
726 2483 787 2534 τὸ
828 2483 936 2554 γὰρ
988 2485 1257 2556 ἡμέτερον
1310 2485 1599 2555 ἐδικαιώθη
1637 2485 1724 2539 διά
1759 2485 1852 2539 τοῦ
1905 2488 1962 2538 ἐν

389 2573 537 2645 αὐτῷ
569 2575 972 2644 φανερωθέντος
1004 2575 1158 2642 Θεοῦ,
1208 2576 1267 2640 ὃς
1303 2577 1622 2648 ἀχωρίστως
1655 2577 1805 2648 αύτῷ
1838 2593 1963 2630 συν-

386 2665 650 2734 ημμένος,
677 2667 776 2735 τήν
800 2682 856 2718 τε
887 2665 1060 2737 ἄκραν
1107 2668 1428 2722 ἐπαίδευσεν
1449 2669 1671 2739 ἀρετὴν,
1706 2671 1802 2722 καὶ
1846 2667 1960 2723 τῶν

391 2755 559 2824 βελῶν
585 2759 681 2826 τῆς
705 2757 980 2827 ἁμαρτίας
1039 2756 1303 2826 ἐφύλαξεν
1331 2759 1614 2826 ἄγευστον,
1657 2762 1749 2814 καὶ
1781 2760 1964 2833 ἀμύη-

387 2864 497 2910 τον,
539 2849 755 2919 καὶτῆς
791 2848 1098 2918 διαϐολικῆς
1128 2850 1341 2922 ἀπάτης
1383 2852 1710 2924 ὑπέρτερον
1741 2855 1834 2908 καὶ
1870 2853 1966 2908 0a.-

388 2941 546 2992 νάτου
593 2940 728 3007 πρὸς
777 2940 950 3010 βραχὺ
997 2941 1296 3009 γεύσασθαι
1343 2946 1726 3015 συγχωρήσας,
1754 2962 1967 3016 παραυ-

385 3029 512 3081 τίκα
528 3030 624 3099 τῆς
645 3029 853 3082 ἐκείνου
877 3031 1188 3100 τυραννίδος
1210 3031 1507 3102 ἀπήλλαξε,
1528 3032 1738 3102 καὶτῆς
1759 3031 1966 3095 οἰκείας

387 3121 533 3190 αὐτῷ
563 3120 707 3190 ζωῆς
751 3120 1106 3191 μεταδέδωκε,
1149 3123 1243 3175 καὶ
1275 3123 1350 3186 εἰς
1393 3123 1655 3194 οὐρανοὺς
1699 3125 1962 3193 ἀνήγαγε,

388 3211 481 3264 καὶ
517 3213 580 3265 ὲκ
609 3212 798 3276 δεξιῶν
825 3213 924 3283 τῆς
947 3213 1334 3284 μεγαλωσύνης
1359 3215 1631 3280 ἐκάθισεν,
1667 3217 1761 3269 καὶ
1790 3216 1961 3285 ὄνομα

389 3303 535 3374 αύτῷ
561 3305 852 3375 ἐχαρίσατο
867 3305 926 3358 τὸ
950 3305 1089 3375 ὑπὲρ
1118 3307 1225 3359 πᾶν
1248 3305 1436 3376 ὄνομα,
1464 3307 1562 3377 τὴν
1588 3307 1792 3360 οἰκείαν
1815 3305 1961 3377 αὐτῷ

387 3395 542 3461 ἀξίαν
566 3396 948 3467 δωρησάμενος
965 3413 980 3426 ·
1011 3398 1105 3449 καὶ
1133 3397 1230 3468 τὴν
1251 3398 1351 3468 τῆς
1379 3396 1591 3465 φύσεως
1614 3397 1776 3450 αὐτοῦ
1796 3414 1962 3469 προσ-

389 3488 615 3559 ηγορίαν
663 3488 862 3552 λαϐὼν,
891 3488 1020 3552 Υἱὸς
1066 3488 1356 3560 ἀνθρώπου
1408 3490 1436 3541 6
1492 3490 1818 3561 προαιὼνιος
1863 3489 1959 3544 τοῦ

386 3579 522 3633 Θεοῦ
560 3580 730 3649 Λόγος
762 3581 1062 3652 ηὐδόκησεν
1111 3581 1491 3653 ὀνομάζεσθαι.
1557 3600 1575 3631 ε
1601 3582 1789 3646 Οὐδεὶς
1829 3583 1957 3654 γὰρ,

387 3671 569 3741 φησὶν,
600 3672 935 3742 ἀναϐέϐηκεν
961 3674 1038 3737 εἰς
1071 3673 1161 3726 τὸν
1193 3674 1440 3744 οὐρανὸν,
1477 3676 1526 3727 εἰ
1554 3673 1626 3746 μὴ
1655 3675 1683 3727 6
1715 3674 1772 3740 ἐξ
1799 3675 1962 3745 οὐρα-

386 3761 477 3815 νοῦ
509 3763 750 3826 καταϐἀς
779 3765 806 3814 6
846 3764 972 3827 Υἱὸς
996 3761 1089 3815 τοῦ
1131 3752 1442 3830 ἀνθρώπου,
1469 3766 1497 3818 6
1521 3762 1595 3817 ὢν
1621 3767 1677 3818 ἐν
1699 3763 1776 3834 τῷ
1801 3765 1962 3834 ούρα-

387 3850 480 3921 νῷ.
512 3870 530 3904 ι
562 3854 782 3924 Κατέϐη
811 3854 866 3907 δὲ
895 3855 993 3924 οὐχ
1019 3857 1046 3908 6
1086 3854 1149 3910 ἐκ
1190 3857 1504 3927 σπέρματος
1548 3856 1713 3909 Δαϐ¹ιδ
1755 3858 1818 3907 ἐκ
1852 3855 1959 3907 τῶν

385 3943 648 4012 οὐρανῶν,
682 3944 795 3996 ἁλλ’
819 3947 846 3998 6
867 3946 974 3998 τῶν
1013 3944 1328 4016 [οὐρανῶν]
1365 3945 1614 4013 ποιητὴς,
1645 3947 1672 3994 ὁ
1695 3945 1961 4013 ὑπέρχρο-

385 4052 472 4094 vo;
501 4036 634 4088 Θεοῦ
670 4038 862 4102 Λόγος,
890 4037 919 4085 6
942 4035 1046 4103 πρὸ
1072 4035 1180 4087 τῶν
1210 4033 1421 4086 αἰώνων
1449 4035 1738 4103 ὑπάρχων·
1782 4033 1872 4086 διὰ
1902 4034 1958 4085 δὲ

383 4128 482 4196 τὴν
511 4128 644 4196 πρὸς
672 4127 730 4178 τὸ
773 4124 1110 4195 ἀνθρώπινον
1138 4125 1353 4188 ἕνωσιν,
1385 4124 1651 4194 λαμϐάνει
1695 4123 1786 4176 τοῦ
1824 4123 1956 4176 Υἱοῦ

385 4215 478 4267 τοῦ
509 4214 795 4282 ἀνθρώπου
829 4213 890 4265 τὸ
907 4215 1074 4284 ὄνομα
1101 4230 1114 4244 ’
1137 4216 1232 4267 καὶ
1261 4214 1491 4284 ἑτέρωθι
1520 4215 1574 4267 δὲ
1600 4214 1759 4268 πάλιν
1786 4213 1957 4278 οὕτως

386 4302 546 4356 αὑτὸν
585 4302 1008 4372 προσαγορεύει·
1075 4322 1092 4352 ι
1116 4302 1240 4354 Ἐὰν
1275 4302 1422 4373 ἴδητε
1451 4302 1542 4354 τὸν
1577 4302 1702 4354 Υίὸν
1741 4303 1833 4355 τοῦ
1865 4303 1957 4354 άν-

386 4393 604 4465 θρώπου
651 4394 1010 4464 ἀνερχόμενον
1051 4393 1186 4446 ὅπου
1227 4388 1294 4464 ἦν
1337 4393 1398 4446 τὸ
1454 4393 1715 4466 πρότερον
1742 4411 1756 4425 ’
1787 4413 1806 4446 ι
1860 4393 1957 4466 οὐχ

2063 1946 2146 1991 est
2183 1934 2409 2004 angelis,
2441 1931 2765 2000 praedicatus
2812 1936 2896 1980 est
2933 1926 2987 1979 in
3041 1922 3311 1990 gentibus,
3365 1919 3630 1973 creditum

2061 2035 2147 2081 est
2197 2027 2243 2078 ei
2292 2025 2345 2077 in
2379 2022 2602 2084 mundo,
2649 2025 2960 2085 assumptus
3001 2013 3102 2068 fuit
3131 2012 3185 2066 in
3229 2010 3458 2080 gloriam
3495 2007 3563 2058 ⁸⁸.
3606 2021 3645 2054 ι.

2065 2114 2646 2172 Ettnanil'estalionem
2681 2112 2902 2182 quidem
2948 2106 3038 2161 hic
3069 2103 3361 2160 connexuit
3413 2107 3637 2171 propter

2064 2223 2306 2269 carnem,
2334 2204 2771 2275 justiticationem
2801 2207 2980 2255 autem
3011 2206 3232 2268 propter
3250 2193 3631 2249 haereticorum

2061 2300 2386 2357 stultitiam:
2413 2296 2742 2365 justiﬁcatus
2769 2301 2851 2348 est
2890 2300 3069 2345 autem
3129 2294 3458 2356 cooperante
3509 2283 3634 2350 Spi-

2065 2393 2194 2447 ritu.
2226 2389 2362 2446 Num
2389 2403 2520 2459 ergo
2543 2387 2780 2456 Spiritus
2803 2383 3108 2454 jnstil‘lcans
3146 2380 3323 2451 potior
3347 2385 3430 2432 est
3466 2373 3632 2442 justi-

2065 2486 2226 2540 llcato
2252 2484 2390 2538 Filio
2421 2482 2444 2536 ?
2494 2481 2640 2550 Nego
2668 2479 2947 2534 enimvero
2982 2490 3146 2531 :nam
3212 2481 3395 2527 nostra
3454 2467 3633 2537 potius

1971 2578 1973 2581 ’
2064 2587 2260 2634 natura
2286 2574 2581 2645 iustiﬁcata
2621 2569 2743 2634 fuit,
2806 2577 3025 2638 propter
3078 2559 3545 2634 supervenientem
3578 2557 3629 2611 ei

2063 2668 2255 2732 Deum,
2287 2667 2379 2737 qui
2410 2664 2583 2719 eidem
2614 2657 3046 2730 inseparabiliter
3074 2653 3393 2721 coniunctus
3431 2655 3532 2711 est,
3578 2654 3634 2699 et

2064 2772 2328 2816 summam
2362 2754 2548 2810 docuit
2566 2753 2839 2812 virtutem,
2883 2755 2940 2802 et
2963 2760 2992 2798 a
3019 2742 3226 2814 peccati
3280 2737 3401 2794 telis
3451 2743 3636 2790 custo-

2065 2851 2199 2905 divit
2281 2847 2542 2902 intactam
2597 2853 2762 2912 atque
2816 2840 3212 2898 intemeratam,
3263 2842 3318 2886 et
3365 2826 3632 2884 diabolica

2065 2939 2257 2997 fraude
2279 2937 2612 3008 superiorem
2645 2950 2660 3000 ;
2692 2947 2855 3002 quam
2881 2943 3002 2984 cum
3031 2924 3180 2981 brevi
3216 2932 3459 2990 tempore
3488 2931 3635 2972 mor-

2067 3041 2172 3086 tem
2203 3007 2420 3098 gustare
2475 3023 2834 3096 permisisset,
2881 3034 3004 3073 mox
3046 3015 3287 3089 ejusdem
3347 3007 3634 3081 tyrannide

2067 3122 2232 3195 842
2263 3138 2310 3174 nt
2342 3118 2562 3187 eripuit,
2595 3114 2752 3183 eique
2795 3111 3066 3182 propriam
3117 3108 3286 3160 vitam
3329 3099 3634 3170 impertitus

1991 3196 2036 3258 Β
2067 3186 2262 3278 ἆιξῖιι
2298 3186 2492 3264 caelqu
2527 3205 2742 3269 extulit,
2768 3211 2823 3257 et
2851 3202 2904 3256 in
2945 3200 3164 3255 dextera
3197 3191 3496 3262 maiestatis
3524 3186 3635 3242 col-

2065 3305 2282 3367 locavit,
2313 3303 2471 3371 eique
2502 3311 2695 3352 nomen
2716 3293 2936 3349 donavit
2966 3289 3109 3361 quod
3137 3295 3221 3342 est
3263 3296 3426 3352 super
3473 3291 3634 3334 omne

2065 3413 2261 3454 nomen
2292 3396 2363 3462 ⁸⁷,
2393 3407 2545 3448 suam
2582 3403 2774 3458 nempe
2807 3385 3125 3454 dignitatem
3159 3379 3260 3449 ipsi
3306 3373 3630 3431 conferens:

2063 3507 2125 3546 ac
2144 3498 2348 3544 naturai
2371 3481 2786 3554 appellationem
2818 3477 2961 3531 illius
2983 3486 3225 3534 sumens,
3253 3468 3480 3538 quierat
3503 3471 3631 3516 ante

2062 3580 2258 3638 sarcula
2289 3577 2387 3632 Dei
2407 3574 2668 3638 Verbum,
2698 3570 2866 3626 Filius
2896 3563 3130 3622 hominis
3158 3557 3420 3616 nominari
3452 3541 3667 3622 .libeu-'

2064 3683 2145 3727 ter
2182 3671 2369 3726 voluit.
2410 3687 2429 3720 ι
2467 3665 2636 3721 Nemo
2658 3663 2826 3725 enim,
2859 3659 3038 3728 inquit
3059 3651 3324 3724 (Paulus),
3354 3647 3408 3703 in
3437 3644 3633 3702 caelum

2062 3762 2330 3825 ascendit,
2352 3760 2456 3815 uisi
2480 3758 2570 3827 qui
2603 3755 2670 3810 de
2696 3753 2838 3809 caelo
2871 3749 3146 3805 descendit
3176 3744 3340 3799 Filius
3376 3736 3633 3803 hominis,

2061 3859 2239 3926 quiin
2275 3855 2428 3908 cmlis
2490 3861 2574 3904 est
2606 3848 2672 3900 ⁸⁸.
2716 3862 2740 3898 ι
2795 3841 3084 3898 Descendit
3142 3846 3322 3891 autem
3373 3835 3441 3887 de
3493 3830 3632 3886 caelo

2062 3922 2171 4000 non
2199 3946 2244 3998 is
2269 3943 2359 4012 qui
2403 3948 2520 3992 erat
2551 3938 2616 3991 de
2671 3933 2887 3988 Davidis
2935 3929 3164 3992 semine,
3211 3925 3307 3982 sed
3363 3922 3628 3978 (εωιοι-ιιηι

2060 4044 2297 4100 creator,
2332 4031 2426 4087 Dei
2453 4037 2578 4084 ante
2615 4040 2776 4081 omne
2839 4032 3052 4088 tempus
3104 4017 3341 4074 Verbum
3398 4021 3455 4069 et
3506 4021 3632 4068 ante

2059 4126 2280 4182 sartula.
2313 4122 2410 4176 Hic
2441 4126 2660 4189 propter
2688 4128 2842 4169 suam
2886 4127 3006 4167 cum
3047 4108 3382 4164 humanitate
3424 4105 3631 4160 aduna-

2060 4221 2283 4284 tionem,
2318 4214 2443 4270 Filii
2473 4209 2707 4266 hominis
2739 4201 3162 4270 nomenaccipit.
3192 4199 3257 4252 Et
3284 4199 3389 4252 alio
3437 4209 3627 4249 rursus

2060 4309 2178 4362 loco
2204 4307 2349 4360 hunc
2384 4305 2456 4358 ita
2479 4299 2751 4370 appellat:
2789 4313 2809 4347 ι
2845 4293 2902 4349 Si
2927 4291 3172 4348 videritis
3209 4289 3404 4343 Filium
3453 4284 3627 4340 homi-

2061 4402 2143 4456 nis
2169 4399 2295 4454 illuc
2319 4395 2702 4452 ascendentem
2732 4388 2820 4441 ubi
2852 4386 3005 4454 prius
3026 4391 3145 4437 erat
3174 4379 3242 4444 ",
3299 4398 3318 4431 ι
3355 4392 3459 4432 non
3488 4374 3629 4430 servi

385 4485 552 4586 {1:013
595 4485 779 4538 δούλου
829 4484 1032 4556 μορφὴ,
1060 4484 1173 4537 ἀλλ’
1215 4487 1247 4554 ἠ
1299 4483 1393 4537 τοῦ
1439 4485 1574 4538 Θεοῦ
1606 4489 1822 4558 μορφή*
1862 4488 1956 4540 καὶ

2063 4494 2261 4558 forma,
2308 4489 2401 4543 sed
2453 4487 2624 4540 forma
2672 4479 2789 4533 Dei.
2854 4476 2924 4532 Et
2967 4489 3192 4528 rursus:
3231 4489 3249 4522 ι
3279 4469 3430 4537 Quod
3492 4467 3632 4520 [ilius

2194 4583 2203 4586 λ
2251 4583 2262 4586 -
2347 4579 2358 4586 ·
2435 4577 2446 4586 ·
2567 4574 2599 4586 ’μ
2708 4585 2711 4586 ν
3060 4581 3072 4586 -
3110 4562 3252 4586 -.....:.
3284 4560 3422 4586 ....:...
3471 4558 3601 4586 tm...

384 4558 560 4641 αὖθις
597 4596 614 4627 ι
645 4578 767 4628 ’Ότι
807 4575 917 4638 υἱὸς
947 4573 1233 4645 ἀνθρώπου
1265 4574 1401 4639 ἐστὶ,
1435 4574 1588 4643 φησί,
1641 4575 1714 4645 μὴ
1743 4575 1954 4645 θαυμά-

2063 4583 2296 4641 hominis
2317 4579 2409 4644 sit,
2434 4574 2627 4644 inquit,
2655 4585 2723 4624 ne
2756 4565 3024 4622 miremini
3059 4581 3074 4629 ;
3110 4562 3257 4616 venit
3282 4560 3424 4614 enim
3471 4558 3626 4622 liora,

383 4670 504 4734 ζετε
527 4669 704 4731 τοῦτο,
735 4669 816 4721 ὅτι
862 4667 1077 4736 ἔρχεται
1111 4666 1229 4736 ὥρα
1278 4658 1398 4736 ὲνῇ
1448 4665 1768 4719 ἀκούσονται
1805 4668 1854 4719 οἰ
1895 4669 1953 4722 ἐν

2059 4691 2168 4747 qua
2197 4673 2233 4728 ii
2256 4671 2349 4742 qui
2382 4669 2436 4723 iu
2461 4660 2824 4720 monumentis
2852 4653 3213 4710 suntaudieut
3240 4647 3586 4706 vocemillius
3611 4665 3624 4700 :

382 4769 492 4828 τοῖς
529 4768 773 4834 μνήμασι
797 4762 894 4830 τῆς
926 4761 1108 4832 φωνῆς
1142 4759 1329 4822 αὑτοῦ,
1369 4727 1472 4812 ’καὶ
1513 4758 1881 4826 ἐξελεύσονται
1903 4760 1953 4812 οἰ

2061 4727 2114 4821 ἐι
2145 4727 2439 4834 precedent
2468 4753 2562 4825 qui
2613 4753 2749 4807 bona
2807 4747 3057 4802 fecerunt
3082 4743 3134 4797 in
3177 4739 3627 4796 resurrectionem
3662 4727 3664 4730 ’

382 4857 451 4911 τά
484 4829 664 4925 ἀγαθά
700 4855 1044 4925 ποιήσαντες,
1065 4829 1160 4914 εἰς
1190 4852 1486 4905 ἀνάστασιν
1515 4849 1687 4921 ζωῆςο
1719 4851 1769 4903 οἰ
1798 4851 1856 4903 δέ
1888 4850 1955 4905 τὰ

2059 4829 2226 4918 vitae;
2262 4849 2352 4920 qui
2395 4861 2524 4902 vero
2576 4842 2716 4897 mala
2769 4845 3016 4908 egerunt,
3069 4834 3122 4889 in
3179 4829 3632 4887 resurrectionem

385 4921 564 5021 φαῦλα
588 4921 916 5019 πράξαντες,
953 4947 1028 5008 εἰς
1063 4944 1360 4998 ἀνάστασιν
1404 4941 1661 5012 κρίσεως.
1687 4959 1706 4991 ι
1757 4941 1830 4994 Οὐ
1856 4939 1955 5012 τῆς

2058 4943 2243 5015 iudicii
2273 4941 2342 4994 ’°.
2366 4957 2384 4990 ι
2408 4937 2524 4992 Νοη
2557 4943 2634 4991 est
2660 4933 2762 4988 hoc.
2782 4930 2939 4984 unius
2963 4925 3314 4982 humanitatis
3330 4921 3626 4991 proprium,

383 5013 797 5112 ἀνθρωπότητος
846 5038 902 5090 δὲ
945 5037 1105 5106 ψιλῆς
1147 5035 1305 5087 τοῦτο
1351 5034 1413 5086 τὸ
1468 5035 1617 5099 ἰδιον,
1675 5033 1812 5087 ἀλλά
1857 5033 1958 5104 τῆς

2058 5013 2147 5093 sed
2180 5032 2456 5102 uperantis
2489 5025 2809 5087 divinitatis,
2843 5030 2898 5076 et
2922 5017 3078 5074 simul
3104 5013 3457 5072 humanitatis
3500 5025 3632 5063 con-

381 5097 709 5202 ἐνεργούσης
739 5097 1011 5198 θεότητος,
1055 5097 1150 5180 ἆςάι
1171 5127 1268 5194 τῆς
1293 5097 1624 5195 φαινομένης
1658 5124 1721 5196 δὴ
1749 5097 1957 5195 ἀνορω-

2058 5097 2253 5191 spicus:
2314 5127 2538 5188 propter
2591 5127 2742 5168 suam
2789 5123 2912 5164 cum
2955 5106 3240 5162 divinitate
3292 5097 3629 5170 conjunctio-

383 5225 613 5293 πότητος
641 5223 729 5276 διὰ
755 5221 851 5293 τὴν
878 5221 1014 5293 πρὸς
1042 5220 1140 5290 τὴν
1181 5217 1407 5287 θεότητα
1450 5217 1742 5286 συνάφειάν
1773 5234 1832 5269 τε
1861 5217 1953 5270 καὶ

2058 5228 2174 5268 nem
2208 5221 2373 5280 atque
2412 5205 2814 5262 adunationem.

380 5313 590 5366 ἕνωσιν.

381 5421 462 5473 A'.
519 5418 648 5471 Ὅτι
694 5420 825 5502 Υἱὸς
875 5420 912 5485 ἡ
955 5416 1095 5502 ’τοῦι
1148 5417 1374 5469 δούλου
1426 5413 1628 5502 μορφὴ
1679 5412 1774 5467 διὰ
1839 5414 1952 5480 τὴν

2064 5412 2232 5469 XXX.
2270 5408 2422 5476 Quod
2454 5407 2625 5502 fgrlma
2650 5402 2795 5502 servi,
2821 5399 2880 5454 ob
2933 5397 3165 5502 eumgem
3208 5394 3623 5464 conjunctione»:

2514 5480 2525 5502 .'
2556 5478 2633 5502 ξ..-
2659 5474 2771 5502 ,ἕως
2799 5472 2893 5502 ἒιον
2919 5484 3044 5502 nun.
3089 5478 3204 5502 οηηο

558 5467 909 5556 οὐνάςςεῖαικ·Ι
935 5487 1218 5551 ὡσαύτως
1253 5467 1773 5553 προσᾶγὸῥεῦεται.
1896 5467 1907 5480 ’

2068 5467 2110 5469 π
2274 5467 2310 5476 "
2454 5467 3222 5536 Ῥιίιιωείηιιιειεναρρετίειυνο

451 5601 637 5663 Οὕτως
672 5602 699 5653 ὁ
751 5601 882 5664 Θεὸς
924 5601 1092 5668 Λόγος
1141 5598 1433 5652 οἰκειοῦται
1484 5599 1582 5667 τῆς
1621 5597 1715 5651 τοῦ
1766 5596 1949 5650 δούλου

2127 5595 2200 5648 lta
2259 5594 2398 5648 Deus
2447 5587 2679 5644 Verbum
2737 5583 3011 5655 pr0priam
3063 5579 3166 5635 sibi
3223 5576 3350 5630 facit
3414 5572 3626 5629 servilis

449 5784 493 5816 ⁸³
521 5783 752 5848 Romm,
780 5782 829 5836 5.
865 5782 907 5811 ⁸⁸
937 5781 953 5836 ι
983 5780 1216 5836 Timotb.
1251 5795 1329 5844 ιιι,
1362 5778 1446 5837 16.
1482 5779 1523 5809 ³⁷
1559 5776 1788 5847 Philipp.
1825 5791 1886 5840 tt,
1916 5775 1960 5830 9.

2058 5774 2088 5804 ’⁸
2119 5773 2310 5842 Epltcs.
2345 5785 2413 5837 tv,
2459 5769 2540 5824 l0.
2583 5765 2802 5820 “Joau.
2841 5779 2909 5827 γι,
2942 5759 3030 5814 65.
3075 5757 3119 5789 ⁸⁸
3152 5754 3306 5811 Joau.
3346 5765 3400 5816 v,
3425 5743 3619 5800 27—29.
