4082 6258
468 395 597 453 M71

1489 409 1546 465 S.
1587 409 1861 470 CYBILLI
1898 408 2366 469 ALEXANDRINI
2405 405 2724 463 ARCHIEP.

3577 393 3600 446 |
3611 390 3719 447 .173

465 521 650 575 formae
683 521 941 576 vilitatem
968 531 1061 602 ς.οι
1092 525 1229 579 Deus
1271 540 1391 581 cum
1446 540 1608 597 esset,
1671 533 1832 587 homo
1870 533 2029 588 voluit

2142 529 2354 600 μορφῆς
2375 529 2476 600 τὴν
2511 528 2802 592 εὐτέλειαν,
2833 524 2925 578 καὶ
2953 522 3085 585 Θεὸς
3115 519 3399 592 ὑπάρχων,
3432 513 3723 583 ἄνθρωπος

468 614 770 681 nominari;
796 626 955 684 atque
985 626 1040 670 ut
1071 616 1301 671 hominis
1325 618 1686 676 humilitatem
1722 623 2036 693 assumpsit,

468 707 540 760 ita
571 706 695 761 huic
731 708 972 762 vicissim
1004 709 1382 764 sublimitatem
1409 714 1846 767 communicavit.
1868 715 2039 770 Voca-

468 811 627 852 catur
663 801 804 852 enim
830 799 1066 868 Virginis
1089 801 1341 868 parvulus
1393 801 1800 869 Emmanuel“,
1847 819 2038 875 nempe

471 890 517 943 is
547 890 637 960 qui
670 891 859 959 pannis
903 901 988 946 est
1032 891 1304 947 involutus
1335 895 1402 956 θ’,
1431 903 1488 948 et
1547 896 1712 950 ubera
1770 897 1932 965 sugit,
1985 906 2038 951 et

471 979 609 1033 lacte
641 983 896 1044 nutritur,
939 981 1246 1051 diciturque
1297 985 1473 1052 magni
1519 985 1729 1039 consilii
1789 987 2034 1055 angelus,

469 1070 805 1125 admirabilis
836 1071 1202 1134 consiliarius,
1253 1084 1307 1126 et
1351 1072 1491 1128 Deus
1537 1074 1714 1140 fortis,
1769 1092 1831 1129 ac
1862 1077 2036 1130 domi-

471 1170 646 1224 nator,
677 1171 729 1214 et
766 1163 1016 1230 princeps
1046 1162 1213 1230 pacis,
1253 1173 1306 1218 et
1333 1163 1492 1219 Pater
1544 1165 1708 1220 futuri
1739 1167 1919 1221 saeculi
1947 1168 1992 1199 ⁸³
2019 1185 2034 1234 ;

468 1267 569 1305 nec
599 1267 701 1304 non
728 1251 895 1307 Filius
924 1253 1208 1318 Altissimi,
1255 1263 1312 1308 et
1359 1255 1637 1324 Servatur,
1667 1267 1722 1311 et
1757 1259 2033 1324 Dominus,

467 1351 521 1394 et
553 1341 786 1395 universi
841 1341 1027 1394 mundi
1084 1342 1327 1400 Creator.
1366 1362 1384 1395 ι
1425 1344 1574 1400 Unus
1621 1346 1792 1410 enim,
1839 1348 2032 1416 inquit,

467 1431 728 1486 Dominus
762 1430 921 1486 Jesus
963 1432 1230 1498 Christus,
1291 1449 1383 1504 per
1430 1452 1590 1505 quem
1633 1438 1796 1510 843
1826 1457 1875 1492 ιιι
1917 1455 2037 1494 om-

466 1523 555 1576 nia
582 1523 650 1576 ”.
687 1543 706 1575 ι
748 1523 816 1577 Et
847 1523 1064 1593 quidem
1113 1524 1274 1582 Jesus
1306 1536 1358 1582 et
1389 1527 1637 1584 Christus
1661 1531 1878 1586 nomina
1911 1538 2037 1587 sunt

465 1615 855 1672 incarnationis
887 1618 1262 1688 signiticativa.
1317 1617 1628 1677 lncarnatio
1661 1633 1842 1676 autem
1889 1623 2035 1679 haud

463 1714 590 1760 ante
626 1721 802 1761 rerum
823 1709 1152 1764 creationem
1197 1725 1371 1779 neque
1396 1712 1578 1766 statim
1628 1725 1752 1783 post
1801 1718 2037 1773 creatio-

463 1813 608 1860 nem,
642 1799 737 1852 sed
764 1801 1025 1854 extremis
1079 1802 1410 1870 temporibus
1437 1804 1651 1858 accidit.
1686 1804 2035 1877 Quandoqui-

461 1889 583 1943 dem
617 1890 777 1959 igitur
817 1905 1006 1944 nomen
1047 1891 1318 1956 Christus,
1370 1908 1476 1947 non
1522 1909 1859 1966 assumptum
1913 1911 2030 1954 tan-

464 1979 760 2045 tummodo,
832 1995 1020 2035 verum
1069 1982 1234 2036 etiam
1285 1999 1568 2041 assumens
1625 1984 1860 2043 Verbum
1925 2008 2029 2045 una

461 2084 584 2122 cum
613 2080 893 2139 assumpto
927 2071 1149 2125 denotat
1197 2074 1454 2143 (namque
1515 2077 1566 2130 id
1612 2093 1810 2132 nomen
1864 2081 2030 2136 Deum

459 2159 620 2214 simul
667 2171 722 2214 et
773 2161 1042 2216 hominem
1087 2163 1404 2236 significat),
1433 2165 1631 2224 Paulus
1679 2173 1928 2227 attribuit
1980 2175 2031 2230 ei

461 2251 556 2320 qui
579 2250 809 2308 visibilis
838 2260 940 2316 est,
986 2265 1208 2323 propter
1255 2270 1410 2311 suam
1456 2273 1580 2313 cum
1611 2259 1868 2317 invisibili
1896 2279 2030 2319 con-

453 2341 812 2412 iunctionem,
843 2345 1108 2411 attribuit,
1133 2346 1374 2416 inquam,
1405 2350 1645 2407 universi
1663 2355 1848 2410 mundi
1874 2373 2030 2412 crea-

461 2435 660 2489 tionem
714 2445 768 2490 et
817 2437 1246 2506 dispositionem.
1280 2441 1460 2510 Quare
1491 2453 1546 2498 et
1583 2447 1712 2502 alibi
1756 2446 2031 2506 Christum

458 2541 621 2594 super
658 2528 838 2582 omnia
870 2529 1032 2584 Deum
1069 2532 1344 2602 appellat;
1385 2536 1462 2588 ait
1494 2538 1637 2591 enim
1674 2558 1688 2594 :
1729 2560 1748 2592 ι
1781 2540 1858 2596 Ex
1907 2545 2030 2612 qui-

459 2618 559 2672 bus
587 2628 667 2672 est
706 2621 1000 2675 secundum
1036 2637 1254 2677 carnem
1289 2625 1559 2694 Christus,
1597 2630 1690 2699 qui
1737 2642 1820 2688 est
1867 2649 2032 2703 super

455 2711 637 2763 omnia
667 2710 808 2767 Deus
833 2713 902 2765 ".
943 2731 962 2764 ι
1002 2713 1116 2768 Non
1147 2717 1272 2783 quia
1311 2716 1530 2773 Davidis
1575 2735 1742 2792 nepos
1787 2725 1903 2795 ipse
1934 2742 2032 2794 per

457 2815 516 2856 se
544 2801 614 2854 sit
641 2801 805 2866 Deus,
836 2811 891 2856 et
915 2818 1080 2872 super
1111 2809 1316 2873 omnia,
1357 2812 1458 2865 sed
1497 2814 1620 2881 quia
1683 2816 1774 2870 Dei
1831 2821 2030 2874 sunnni

398 2893 408 2899 ‘
459 2891 713 2959 templum
740 2904 877 2962 erat,
911 2897 1117 2952 unitam
1165 2902 1580 2974 copulatamque
1610 2907 1819 2963 habens
1845 2925 2028 2969 secum

457 2983 819 3041 divinitatem.
1691 3003 1704 3014 ”

455 3097 648 3153 XXXI.
685 3098 839 3166 Quod
886 3102 1005 3158 dum
1051 3105 1430 3187 signatum,
1459 3128 1566 3168 una
1597 3123 1772 3170 autem
1805 3135 2027 3187 persona

1129 3175 1344 3234 Christi.

521 3279 646 3336 Ideo
679 3300 696 3333 ι
724 3280 883 3339 Jesns
912 3284 1162 3343 Christus
1222 3290 1336 3344 heri
1361 3300 1416 3347 et
1456 3294 1635 3361 hodie,
1665 3297 1804 3354 idem
1839 3311 1923 3356 est
1969 3312 2024 3359 et

454 3373 506 3426 in
538 3374 733 3428 stecula
756 3375 823 3429 “.
866 3394 884 3426 ι
920 3376 1036 3431 Non
1070 3380 1212 3434 enim
1246 3383 1298 3435 in
1336 3385 1470 3440 duas
1501 3399 1766 3456 personas
1803 3392 2024 3463 dispen-

451 3465 679 3518 sationis
731 3481 867 3534 opus
922 3469 1232 3537 dividimus,
1298 3490 1474 3544 neque
1541 3480 1676 3535 duos
1729 3482 1869 3539 filios
1923 3501 2022 3554 pro

452 3549 743 3619 Unigenito
777 3555 1135 3623 przedicamus
1173 3570 1226 3615 et
1258 3567 1548 3633 credimus,
1581 3571 1675 3625 sed
1721 3573 1854 3628 duas
1900 3549 2023 3632 esse

452 3653 674 3696 naturas
708 3650 763 3696 et
792 3645 1081 3701 didicimus
1132 3660 1186 3704 et
1213 3654 1487 3710 docemus.
1543 3660 1702 3714 Aliud
1732 3664 1876 3720 enim
1938 3679 2023 3723 est

451 3732 641 3796 deitas,
665 3740 720 3788 et
750 3733 891 3788 aliud
933 3737 1241 3794 humanitas
1273 3757 1287 3796 :
1317 3743 1458 3798 aliud
1496 3761 1592 3813 per
1625 3764 1682 3804 se
1709 3753 2002 3822 exsistens,

447 3832 503 3875 ct
538 3821 682 3878 aliud
737 3828 879 3895 quod
946 3828 1146 3886 factum
1207 3837 1510 3892 est:aliud
1573 3840 1665 3896 Dei
1725 3843 1920 3911 forma,
1968 3821 2024 3904 et

448 3913 593 3968 aliud
628 3915 798 3972 forma
831 3920 1066 3978 hominis
1095 3942 1110 3978 :
1139 3925 1283 3980 aliud
1343 3943 1563 3987 sumens
1610 3944 1827 4002 natura,
1872 3941 2021 3997 aliud

448 4016 658 4103 sumpta
701 4027 716 4063 :
759 4011 901 4065 aliud
952 4017 1208 4084 templum
1256 4020 1600 4092 dissolutum,
1648 4035 1704 4081 et
1744 4029 1891 4086 aliud
1929 4034 2020 4103 qui

447 4096 551 4154 hoc
586 4099 902 4158 dissolutum
933 4108 1278 4165 resuscitavit
1303 4112 1464 4170 Deus.

445 4295 660 4355 XXXII.
715 4302 869 4380 Quand
921 4314 1483 4380 ‘nonhconcrelionem,
1515 4318 1606 4369 sed
1669 4319 1914 4376 unionem
1965 4327 2021 4380 in

804 4371 1012 4428 Christo
1029 4377 1200 4432 dicere
1233 4371 1530 4451 religiosum
1550 4387 1638 4441 sit.

513 4480 628 4538 Non
642 4497 770 4551 ergo
789 4494 1011 4543 naturas
1023 4489 1603 4570 confundimus,neqne
1615 4508 2014 4564 concretionem

2141 621 2406 692 ἠθέλησεν
2436 617 2815 689 ὀνομάζεσθαι.
2845 615 2954 668 Καὶ
2976 613 3164 682 ὥσπερ
3202 606 3464 680 μετέλαϐε
3494 603 3603 658 τῶν
3625 603 3721 656 τοῦ

2139 713 2425 787 ἀνθρώπου
2457 711 2749 775 ταπεινῶν,
2785 709 2928 762 οὕτω
2965 706 3073 760 τῶν
3101 703 3322 773 ὑψηλῶν
3362 700 3508 771 αὐτῷ
3549 715 3720 770 μετα-

2137 807 2355 860 δέδωκε.
2385 804 2647 858 Καλεῖται
2684 802 2794 872 γὰρ
2820 801 2881 853 τὸ
2906 799 3006 868 τῆς
3036 795 3316 865 Παρθένου
3350 793 3550 864 βρέφος
3587 790 3722 859 Ἑμ-

2146 896 2402 969 μανουὴλ,
2434 896 2610 950 καὶτὸ
2638 896 2751 957 τοῖς
2793 892 3132 962 σπαργάνοις
3167 885 3585 956 ὲνειλημμένον,
3623 879 3721 934 καὶ

2146 989 2312 1060 θηλὴν
2334 989 2510 1052 ἕλκον,
2537 988 2633 1042 καὶ
2661 986 2996 1056 τρεφόμενον
3036 982 3294 1051 γάλακτι,
3337 980 3431 1032 καὶ
3470 976 3722 1029 καλεῖται

2149 1080 2388 1150 μεγάλης
2418 1078 2613 1148 βουλῆς
2635 1074 2918 1143 Ἄγγελος,
2942 1073 3038 1125 καὶ
3062 1070 3374 1142 Θαυμαστὸς
3392 1068 3455 1121 σύ
3465 1066 3714 1138 μϐουλος,

2137 1174 2231 1228 καὶ
2254 1172 2385 1235 Θεὸς
2419 1171 2655 1241 ἰσχυρὸς,
2700 1170 2794 1222 καὶ
2825 1165 3198 1236 ὲξουσιαστὴς,
3233 1166 3328 1217 καὶ
3355 1164 3536 1232 ἄρχων
3563 1162 3718 1230 εἰρή-

2139 1283 2256 1335 νης,
2320 1263 2415 1318 καὶ
2469 1261 2658 1331 Πατὴρ
2711 1259 2805 1314 τοῦ
2866 1257 3151 1328 μέλλοντος
3188 1256 3402 1318 αἰῶνος,
3448 1254 3542 1306 καὶ
3587 1251 3720 1315 Υἱὸς

2149 1357 2426 1426 Ὑψίστου,
2465 1356 2560 1409 καὶ
2611 1354 2824 1423 Σωτὴρ,
2876 1352 2970 1404 καὶ
3009 1349 3236 1417 Κύριος,
3281 1347 3373 1400 καί
3422 1346 3530 1399 τῶν
3577 1343 3718 1397 ὅλων

2137 1451 2497 1522 Δημιουργός.
2550 1468 2567 1500 ι
2596 1442 2691 1510 Εἷς
2723 1446 2850 1516 γὰρ,
2891 1444 3046 1515 φησί,
3093 1441 3292 1513 Κύριος
3331 1438 3534 1510 Ἰησοῦς
3571 1438 3720 1508 Χρι-

2145 1545 2287 1610 στὺς,
2318 1544 2385 1597 δι’
2408 1536 2470 1596 οῦ
2501 1541 2569 1596 τὰ
2597 1538 2942 1595 πάντα.›Καὶ
2977 1536 3084 1608 μὴν
3100 1533 3168 1589 τὰ
3205 1533 3432 1600 Ἰησοῦς
3449 1531 3545 1584 καὶ
3569 1533 3716 1598 Χρι-

2142 1637 2246 1702 τὸς
2274 1635 2536 1706 ὀνόματα,
2567 1632 2666 1702 τῆς
2699 1629 3013 1700 οἰκονομίας
3036 1628 3143 1680 εἰσὶ
3170 1622 3481 1695 σημαντικά
3509 1621 3588 1692 (ι)
3612 1638 3626 1650 ·
3678 1619 3718 1690 ἡ

2138 1729 2197 1782 δὲ
2229 1727 2534 1798 οἰκονομία,
2568 1724 2629 1778 οὑ
2673 1723 2779 1793 πρὸ
2805 1722 2904 1789 τῆς
2937 1720 3186 1782 κτίσεως,
3234 1715 3354 1770 οὐδὲ
3380 1714 3546 1777 εὐθὺς
3579 1711 3722 1782 μετά

2135 1821 2234 1893 τὴν
2261 1820 2460 1886 κτίσιν,
2499 1817 2616 1873 ἀλλ’
2658 1817 2744 1870 ἐπ’
2779 1815 3022 1884 ἐσχάτων
3050 1810 3161 1865 τῶν
3196 1807 3421 1880 ἡμερῶν
3455 1805 3672 1874 ἐγένετο
3701 1819 3718 1833 ·

2069 1889 2110 1942 Β
2139 1889 2324 1982 ἐπειδὴ
2361 1912 2543 1965 τοίνυν
2571 1909 2632 1962 τὸ
2669 1906 2922 1978 Χριστὸς
2962 1905 3152 1974 ὄνομα,
3192 1903 3255 1954 οὐ
3296 1900 3390 1955 τὸν
3441 1897 3718 1968 ληφθέντα

2135 2005 2316 2078 μόνον,
2343 2003 2480 2058 ἀλλὰ
2505 2004 2600 2057 καὶ
2627 2003 2720 2056 τὸν
2747 1999 2976 2053 λαϐόντα
3000 1997 3172 2065 Λόγον
3205 1993 3347 2064 μετὰ
3367 1988 3461 2044 τοῦ
3483 1988 3717 2060 ληφθέν-

2133 2116 2222 2163 τος
2268 2096 2420 2167 δηλοί
2451 2092 2582 2166 (τοῦ
2621 2091 2756 2146 Θεοῦ
2797 2090 2905 2160 γὰρ
2946 2088 3038 2142 καὶ
3073 2085 3169 2139 τοῦ
3219 2082 3507 2154 ἀνθρώπου
3549 2079 3711 2133 τοῦτο

2135 2187 2468 2262 σημαντικόν
2496 2185 2684 2256 έστιν)ο
2714 2186 2742 2237 6
2778 2183 2987 2245 Παῦλος
3017 2178 3303 2245 ἀνατίθησι
3340 2176 3433 2230 καὶ
3461 2173 3536 2245 τῷ
3562 2176 3706 2245 ὁρω-

2137 2282 2284 2353 μένῳ
2311 2278 2401 2334 διὰ
2426 2278 2524 2350 τὴν
2553 2277 2689 2346 πρὸς
2719 2275 2780 2331 τὸ
2819 2276 3198 2347 κρυπτόμενον
3224 2273 3442 2336 ἕνωσιν,
3489 2267 3584 2338 τὴν
3616 2267 3713 2320 τοῦ

2133 2373 2333 2437 παντὸς
2361 2371 2577 2442 ποίησιν
2615 2388 2675 2424 τε
2706 2370 2800 2424 καὶ
2832 2367 3222 2436 διακόσμησινο
3250 2363 3331 2418 διὸ
3363 2363 3459 2416 καὶ
3487 2359 3717 2431 ἑτέρωθι

2129 2465 2222 2519 τὸν
2256 2465 2488 2538 Χριστὸν
2527 2463 2618 2517 ἐπὶ
2657 2462 2874 2516 πάντων
2921 2456 3320 2531 προσαγορεύει
3353 2455 3523 2509 Θεόνο
3565 2471 3584 2505 ι
3625 2451 3717 2518 Ἐξ

2129 2551 2204 2613 ὧν
2244 2558 2372 2628 γὰρ,
2411 2557 2595 2628 φησὶν,
2623 2555 2856 2624 Χριστὸς
2897 2553 2958 2606 τὺ
3002 2550 3146 2604 κατὰ
3183 2549 3384 2620 σάρκα,
3424 2548 3455 2600 6
3500 2544 3574 2599 ὣν
3624 2545 3717 2596 ἐπὶ

2132 2652 2351 2706 πάντων
2393 2649 2548 2713 Θεός.
2578 2668 2596 2700 ι
2649 2649 2764 2701 υὺκ
2801 2645 2988 2718 ἐπειδὴ
3022 2646 3117 2698 τοῦ
3155 2643 3320 2698 Δαϐὶδ
3363 2643 3393 2695 6
3447 2640 3715 2708 ἀπόγονος

2131 2746 2296 2809 αὐτὸς
2325 2744 2446 2800 καθ’
2473 2744 2636 2797 αὑτὸν
2669 2743 2802 2805 Θεός
2836 2743 2972 2805 ἐστι,
3005 2740 3098 2794 καὶ
3154 2740 3247 2791 ἐπὶ
3277 2737 3496 2790 πάντων
3547 2733 3708 2798 Θεὸς,

2131 2838 2245 2893 ἀλλ’
2278 2840 2360 2891 ὅτι
2387 2834 2479 2890 τοῦ
2511 2833 2645 2888 Θεοῦ
2675 2833 2767 2886 τοῦ
2798 2833 2890 2886 ἐπὶ
2921 2831 3140 2885 πάντων
3170 2827 3382 2899 ὑπῆρχε
3405 2824 3714 2894 ναὸς,ήνωο

2133 2933 2304 3004 μένην
2334 2930 2430 2985 καὶ
2455 2928 2808 3000 συνημμένην
2845 2926 2985 2997 έχων
3021 2921 3200 2993 ἑαυτῷ
3226 2922 3325 2994 τὴν
3356 2919 3610 2989 θεότητα.

2203 3137 2329 3189 AA'.
2382 3133 2511 3186 Ὀτι
2565 3130 2674 3184 δύο
2719 3128 2835 3198 μὲν
2882 3127 2999 3198 εἰοζί
3052 3127 3291 3198 φύσεις,
3343 3122 3414 3177 ἐν
3456 3121 3525 3175 δὲ
3571 3121 3641 3174 τὸ

2517 3195 2841 3269 πρόσωπον
2884 3197 2990 3251 τοῦ
3035 3195 3314 3264 Χριστοῦ.

2198 3317 2296 3371 Διὰ
2343 3316 2502 3369 τοῦτο
2552 3334 2570 3365 ι
2608 3311 2813 3383 Ἰησοῦς
2844 3310 3079 3382 Χριστὸς
3107 3309 3238 3380 χθὲς
3267 3309 3360 3362 καὶ
3394 3309 3654 3379 σήμερον,
3681 3307 3713 3361 6

2126 3411 2288 3473 αὐτὸς
2335 3407 2428 3462 καὶ
2460 3408 2539 3470 εἰς
2566 3406 2694 3468 τοὺς
2737 3402 2958 3464 αἰῶνας.
2987 3420 3003 3451 ι
3047 3401 3120 3453 Οὐ
3165 3401 3273 3470 γὰρ
3317 3401 3397 3462 εἰς
3438 3399 3711 3470 πρόσωπα

2124 3503 2218 3556 δύο
2254 3501 2352 3573 τὴν
2390 3497 2702 3567 οἰκονομίαν
2734 3493 3049 3566 μερίζομεν,
3099 3492 3218 3544 οὐδὲ
3258 3491 3410 3554 υἱοὺς
3453 3490 3547 3543 δύο
3585 3490 3710 3543 ἀντὶ

2123 3595 2215 3648 τοῦ
2251 3589 2589 3660 Μονογενοῦς
2628 3587 2972 3658 κηρύττομέν
3017 3601 3078 3637 τε
3133 3585 3228 3637 καὶ
3264 3581 3701 3652 δογματίζομεν,

2125 3685 2262 3739 ἀλλὰ
2281 3684 2373 3737 δύο
2406 3683 2503 3753 μὲν
2532 3684 2630 3743 τὰς
2660 3679 2849 3748 φύσεις
2883 3673 3023 3731 εῖναι
3063 3675 3157 3728 καὶ
3200 3675 3604 3746 μεμαθήκαμεν
3628 3671 3705 3743 (2)

2125 3771 2217 3824 καὶ
2271 3769 2628 3837 διδάσκομενο
2687 3767 2873 3836 ἕτερον
2931 3766 3040 3836 γὰρ
3093 3765 3320 3836 θεότης,
3376 3767 3473 3819 καὶ
3520 3765 3710 3836 ἕτερον

2123 3861 2219 3915 ἀνθ
2229 3861 2478 3930 ρωπότης
2496 3875 2509 3889 ο
2537 3859 2625 3911 ’έτε
2636 3875 2725 3929 ρον
2749 3857 2810 3910 τὸ
2835 3858 2913 3920 ὃν,
2944 3857 3038 3911 καὶ
3065 3858 3252 3928 ἕτερον
3289 3859 3353 3911 τὸ
3378 3859 3670 3927 γενόμενον
3689 3875 3704 3891 ο

2123 3955 2251 4010 ἄλλο
2279 3956 2312 4026 ἡ
2337 3953 2431 4006 τοῦ
2468 3949 2603 4005 Θεοῦ
2645 3949 2848 4022 μορφὴ,
2899 3949 2996 4003 καὶ
3041 3949 3228 4019 ἄλλοή
3268 3948 3360 4001 τοῦ
3409 3949 3707 4020 ἀνθρώπου

2128 4048 2309 4119 μορφή
2332 4064 2346 4078 ο
2380 4045 2472 4098 καὶ
2500 4044 2628 4098 ἄλλο
2654 4045 2686 4114 ἡ
2720 4042 2981 4108 λαϐοῦσα,
3004 4041 3309 4112 καὶέτερον
3334 4043 3367 4112 ὴ
3397 4040 3696 4112 ληφθεῖσα·

2122 4141 2311 4210 ἓτερον
2351 4139 2379 4191 6
2418 4138 2597 4200 λυθεὶς
2635 4135 2781 4203 ναὸς,
2827 4136 2922 4189 καί
2966 4135 3152 4205 ἕτερον
3194 4136 3222 4188 6
3260 4133 3484 4188 λυθέντα
3512 4132 3705 4186 τοῦτον

2122 4225 2432 4296 ἀναστήσας
2465 4224 2618 4288 Θεὸς.
2880 4302 2884 4306 Ι

2123 4342 2246 4396 ΛΒ’.
2289 4341 2418 4393 Ὅτι
2467 4339 2536 4397 οὐ
2577 4337 2795 4406 κρᾶσιν
2827 4339 3031 4409 λέγειν
3078 4341 3274 4403 ὅσιον,
3305 4340 3444 4395 ἀλλ’
3484 4341 3708 4397 ἕνωσιν

2613 4409 2712 4462 ἐπὶ
2765 4409 2872 4463 τοῦ
2925 4409 3204 4477 Χριστοῦ.

2196 4505 2269 4557 Οὐ
2323 4507 2422 4567 τὰς
2475 4501 2665 4572 φύσεις
2715 4501 2894 4554 τοίνυν
2951 4502 3277 4572 συγχέομεν,
3328 4503 3453 4556 οὐδὲ
3505 4506 3708 4574 κρᾶσιν

445 4577 666 4630 factoris
744 4579 1073 4651 factumque
1131 4586 1614 4663 dogmatizamus;
1663 4596 1770 4652 imo
1842 4603 2020 4670 potius

2131 4595 2350 4666 ποιητοῦ
2396 4597 2490 4650 καὶ
2536 4597 2839 4665 ποιήματος
2883 4593 3307 4665 δογματίζομεν,
3350 4597 3448 4649 καί
3484 4596 3562 4666 τῷ
3605 4597 3708 4666 τῆς

440 4667 807 4723 concretionis
883 4674 1143 4729 vocabulo
1227 4677 1560 4736 confusionis
1657 4667 2019 4753 significatum

2131 4689 2370 4760 κράσεως
2437 4687 2663 4757 ὀνόματι
2736 4686 2836 4757 τὴν
2913 4686 3174 4757 σύγχυσιν
3255 4689 3706 4759 συνεισφέρομενο

441 4758 809 4816 attribnimus.
875 4761 1044 4820 Porro
1082 4765 1174 4821 Dei
1210 4767 1369 4823 Verbi
1422 4781 1668 4826 naturam
1712 4776 1936 4844 scimus,
1967 4787 2024 4833 el.

2131 4758 2253 4832 ma:
2282 4779 2377 4832 καὶ
2415 4779 2508 4832 τοῦ
2555 4779 2690 4832 Θεοῦ
2734 4779 2908 4847 Λόγου
2963 4779 3062 4851 τὴν
3110 4778 3270 4850 φύσιν
3323 4758 3702 4850 γνωρίζομεν·

441 4849 654 4902 servilis
696 4848 881 4906 forma:
928 4856 1289 4911 substantiam
1318 4863 1686 4928 agnoscimus,
1728 4876 2017 4937 utramque

2131 4871 2340 4939 καὶτῆς
2383 4872 2596 4940 μορφῆς
2625 4868 2719 4922 τοῦ
2758 4869 2948 4922 δούλου
2987 4848 3086 4942 τὴν
3122 4848 3311 4924 οὐσίαν
3338 4848 3703 4939 γινιῦσκομεν,

438 4955 568 4993 vero
589 4940 755 5014 8M
775 4960 823 4996 ιιι
850 4955 1096 4999 naturam
1124 4959 1183 5001 ut
1212 4951 1424 5004 unicum
1463 4954 1750 5010 adoramus
1793 4957 2009 5013 Filium.

2131 4958 2388 5027 ἑκατέραν
2414 4958 2469 5010 δὲ
2495 4959 2656 5028 φύσιν
2689 4960 2764 5021 ὡς
2788 4959 2885 5013 ἕνα
2918 4958 3331 5032 προσκυνοῦμεν
3353 4960 3482 5013 Υίὸν
3500 4977 3513 4988 ·
3549 4960 3706 5013 Bits-

439 5029 671 5087 Invicem
733 5035 877 5089 enim
936 5037 1256 5095 alterutrum
1331 5055 1673 5114 nuncupatur
1739 5048 2009 5106 Christus.

2131 5067 2212 5119 ρον
2237 5050 2345 5120 γὰρ
2375 5049 2587 5120 θατέρῳ
2615 5051 2850 5121 Χριστὸς
2878 5029 3203 5122 ὀνομάζεται
3274 5053 3370 5106 καὶ
3403 5051 3527 5105 οὔτε
3552 5055 3583 5121 ἡ
3611 5052 3704 5106 τοῦ

437 5121 624 5193 Neque
677 5124 788 5179 sola
832 5129 974 5183 servi
1020 5129 1192 5186 forma
1251 5141 1306 5188 et
1353 5136 1636 5191 divinitate
1669 5154 1885 5206 carens,
1936 5142 2007 5196 ita

2131 5139 2303 5192 ἰούλου
2341 5140 2522 5211 μορφὴ
2551 5139 2700 5210 ψιλὴ,
2732 5143 2823 5194 καὶ
2852 5142 3032 5214 γυμνὴ
3065 5143 3407 5212 τυγχάνουσα
3452 5145 3550 5213 τῆς
3585 5146 3704 5198 Θεό-

438 5230 672 5283 nnqnam
704 5232 734 5270 a
766 5218 1040 5288 religionis
1094 5233 1254 5278 rectae
1287 5228 1560 5294 magistris
1604 5239 1686 5282 est
1721 5231 2006 5300 appellata.

2131 5245 2298 5300 τητος,
2346 5229 2504 5282 τοῦτο
2545 5229 2766 5283 πώποτε
2803 5233 2955 5303 παρὰ
2984 5232 3091 5284 τῶν
3127 5233 3465 5287 διδασκάλων
3498 5234 3702 5305 ἐκλήθη

437 5305 537 5370 Qui
595 5318 777 5362 autem
839 5314 1240 5369 concretionem
1298 5317 1504 5380 dicunt,
1560 5320 1613 5373 hi
1674 5323 2010 5378 concretioni

2131 5321 2214 5390 τῆς
2240 5322 2544 5384 εὐσεϐείας.
2580 5323 2641 5376 Ol
2666 5322 2723 5375 δὲ
2747 5322 2846 5393 τὴν
2869 5326 3063 5392 κρᾶσιν
3096 5326 3363 5395 λέγοντες,
3401 5329 3468 5398 τῇ
3509 5329 3700 5398 κράσει

439 5397 809 5454 confusionem
839 5413 1124 5472 oggerunt,
1179 5407 1551 5464 confusionem
1603 5424 1730 5465 vero
1784 5413 2010 5467 mutatio

2131 5413 2207 5485 τὴν
2241 5413 2500 5483 σύγχυσιν
2530 5414 2941 5485 συνεισφέρουσι
2965 5433 2978 5446 ·
3005 5420 3070 5488 τῇ
3101 5418 3160 5470 δὲ
3191 5397 3505 5490 συγχύσει-ἡ
3527 5397 3700 5490 τροπὴ

507 5578 554 5610 ’⁸
589 5577 780 5632 Matth.
805 5581 951 5644 1,23.
1018 5584 1061 5616 ⁹⁹
1092 5585 1224 5639 Luc.
1255 5601 1316 5650 ll,
1348 5587 1396 5639 7.
1474 5589 1520 5620 ’³
1548 5589 1646 5644 lsa.
1682 5608 1755 5658 ix,
1788 5592 1843 5646 6.
1917 5594 1964 5626 ⁹¹⁵
1998 5593 2039 5649 ll
2068 5594 2316 5658 Convm,
2349 5591 2402 5647 6.
2469 5593 2516 5626 ⁸⁸
2541 5593 2694 5648 Rom.
2724 5610 2798 5662 Ix,
2824 5596 2875 5650 5.
2952 5595 2999 5627 ’°
3029 5594 3190 5650 llebr.
3220 5610 3342 5661 xm,
3368 5593 3422 5650 8.

510 5731 591 5814 (ι)
631 5726 829 5783 Confer
873 5736 1156 5814 apudnnps
1198 5741 1457 5814 Cyrillum
1500 5742 1828 5814 explan._ml
1875 5749 2009 5814 psal-

2190 5751 2265 5821 (2)
2329 5751 2590 5807 Adhurnc
2641 5749 3030 5822 Monophysitze
3067 5749 3324 5822 Cyrillum
3365 5752 3574 5809 erroris
3611 5753 3686 5807 sui

445 5811 589 5852 mum
629 5815 772 5865 χειν,
803 5816 847 5850 ν.
879 5802 929 5854 8.
971 5802 1474 5876 (ΙΙιιῙιιστείηιινοΙ.
1503 5802 1630 5864 (om.
1661 5802 1882 5887 ιΧιΧ.)

2128 5819 2409 5890 patronum
2446 5819 2906 5893 impudentissime
2941 5819 3293 5878 dictitabunt?
