  <div class='ocr_page' id='page_1' title='image "/cluster/home/n/w/nwhite01/storage/ocr_20150623/75/mdp.39015078384495/762.png"; bbox 0 0 4082 6258; ppageno 0'>
   <div class='ocr_carea' id='block_1_1' title="bbox 377 225 510 280">
    <p class='ocr_par' dir='ltr' id='par_1_1' title="bbox 377 225 510 280">
     <span class='ocr_line' id='line_1_1' title="bbox 377 225 510 280; baseline -0.008 0"><span class='ocrx_word' id='word_1_1' title='bbox 377 227 395 280; x_wconf 89' lang='lat' dir='ltr'><strong>l</strong></span> <span class='ocrx_word' id='word_1_2' title='bbox 415 225 510 280; x_wconf 60' lang='lat'><strong>575</strong></span> 
     </span>
    </p>
   </div>
   <div class='ocr_carea' id='block_1_2' title="bbox 1539 223 2476 285">
    <p class='ocr_par' dir='ltr' id='par_1_2' title="bbox 1539 223 2476 285">
     <span class='ocr_line' id='line_1_2' title="bbox 1539 223 2476 285; baseline 0.002 -6"><span class='ocrx_word' id='word_1_3' title='bbox 1539 225 1626 281; x_wconf 84' lang='lat' dir='ltr'><strong>DF.</strong></span> <span class='ocrx_word' id='word_1_4' title='bbox 1667 223 2180 284; x_wconf 74' lang='lat' dir='ltr'><strong>lNCAR‘NATlO-NE</strong></span> <span class='ocrx_word' id='word_1_5' title='bbox 2219 225 2476 285; x_wconf 77' lang='lat' dir='ltr'><strong>DOMINI.</strong></span> 
     </span>
    </p>
   </div>
   <div class='ocr_carea' id='block_1_3' title="bbox 3487 229 3624 285">
    <p class='ocr_par' dir='ltr' id='par_1_3' title="bbox 3487 229 3624 285">
     <span class='ocr_line' id='line_1_3' title="bbox 3487 229 3624 285; baseline 0.007 -1"><span class='ocrx_word' id='word_1_6' title='bbox 3487 229 3624 285; x_wconf 68' lang='grc'><strong>1474</strong></span> 
     </span>
    </p>
   </div>
   <div class='ocr_carea' id='block_1_4' title="bbox 371 333 1961 416">
    <p class='ocr_par' dir='ltr' id='par_1_4' title="bbox 371 333 1954 412">
     <span class='ocr_line' id='line_1_4' title="bbox 371 333 1954 412; baseline -0.001 -16"><span class='ocrx_word' id='word_1_7' title='bbox 371 333 788 412; x_wconf 54' lang='grc' dir='ltr'>συνεισφέρετὼ</span> <span class='ocrx_word' id='word_1_8' title='bbox 810 353 822 370; x_wconf 92' lang='grc'><strong>·</strong></span> <span class='ocrx_word' id='word_1_9' title='bbox 855 339 1064 410; x_wconf 83' lang='grc' dir='ltr'>τροπῆς</span> <span class='ocrx_word' id='word_1_10' title='bbox 1106 339 1163 392; x_wconf 83' lang='grc' dir='ltr'>δὲ</span> <span class='ocrx_word' id='word_1_11' title='bbox 1197 341 1492 412; x_wconf 85' lang='grc' dir='ltr'>εἰσιούσης,</span> <span class='ocrx_word' id='word_1_12' title='bbox 1529 340 1652 395; x_wconf 73' lang='grc' dir='ltr'>οὔτε</span> <span class='ocrx_word' id='word_1_13' title='bbox 1700 341 1831 406; x_wconf 83' lang='grc' dir='ltr'>Θεὸς</span> <span class='ocrx_word' id='word_1_14' title='bbox 1861 342 1954 396; x_wconf 80' lang='grc' dir='ltr'>ἐπὶ</span> 
     </span>
    </p>
   </div>
   <div class='ocr_carea' id='block_1_5' title="bbox 2064 333 3624 416">
    <p class='ocr_par' dir='ltr' id='par_1_5' title="bbox 2064 336 3624 416">
     <span class='ocr_line' id='line_1_5' title="bbox 2064 336 3624 416; baseline 0.001 -16"><span class='ocrx_word' id='word_1_15' title='bbox 2064 343 2347 400; x_wconf 84' lang='lat' dir='ltr'><strong>comitatur</strong></span> <span class='ocrx_word' id='word_1_16' title='bbox 2379 363 2394 400; x_wconf 89' lang='lat'>:</span> <span class='ocrx_word' id='word_1_17' title='bbox 2435 344 2577 398; x_wconf 77' lang='lat' dir='ltr'><strong>facta</strong></span> <span class='ocrx_word' id='word_1_18' title='bbox 2635 343 2867 413; x_wconf 90' lang='lat' dir='ltr'><strong>denique</strong></span> <span class='ocrx_word' id='word_1_19' title='bbox 2901 345 3220 411; x_wconf 71' lang='lat' dir='ltr'><strong>mulatione,</strong></span> <span class='ocrx_word' id='word_1_20' title='bbox 3266 336 3440 416; x_wconf 86' lang='lat' dir='ltr'><strong>neque</strong></span> <span class='ocrx_word' id='word_1_21' title='bbox 3480 347 3624 404; x_wconf 86' lang='lat' dir='ltr'><strong>Deus</strong></span> 
     </span>
    </p>
   </div>
   <div class='ocr_carea' id='block_1_6' title="bbox 369 429 1950 505">
    <p class='ocr_par' dir='ltr' id='par_1_6' title="bbox 369 429 1950 505">
     <span class='ocr_line' id='line_1_6' title="bbox 369 429 1950 505; baseline 0.001 -20"><span class='ocrx_word' id='word_1_22' title='bbox 369 435 467 504; x_wconf 84' lang='grc' dir='ltr'>τῆς</span> <span class='ocrx_word' id='word_1_23' title='bbox 500 432 634 496; x_wconf 88' lang='grc' dir='ltr'>ἰδίας</span> <span class='ocrx_word' id='word_1_24' title='bbox 662 430 810 501; x_wconf 89' lang='grc' dir='ltr'>μένοι</span> <span class='ocrx_word' id='word_1_25' title='bbox 848 429 914 484; x_wconf 81' lang='grc' dir='ltr'><strong>ἂν</strong></span> <span class='ocrx_word' id='word_1_26' title='bbox 952 431 1188 500; x_wconf 88' lang='grc' dir='ltr'>φύσεως,</span> <span class='ocrx_word' id='word_1_27' title='bbox 1232 431 1356 486; x_wconf 74' lang='grc' dir='ltr'>οὔτε</span> <span class='ocrx_word' id='word_1_28' title='bbox 1399 433 1682 504; x_wconf 82' lang='grc' dir='ltr'>ἄνθρωπος</span> <span class='ocrx_word' id='word_1_29' title='bbox 1715 435 1809 488; x_wconf 69' lang='grc' dir='ltr'><strong>ἐπὶ</strong></span> <span class='ocrx_word' id='word_1_30' title='bbox 1851 435 1950 505; x_wconf 81' lang='grc' dir='ltr'>τῆς</span> 
     </span>
    </p>
   </div>
   <div class='ocr_carea' id='block_1_7' title="bbox 371 523 1951 594">
    <p class='ocr_par' dir='ltr' id='par_1_7' title="bbox 371 523 1951 594">
     <span class='ocr_line' id='line_1_7' title="bbox 371 523 1951 594; baseline 0 -14"><span class='ocrx_word' id='word_1_31' title='bbox 371 525 596 588; x_wconf 79' lang='grc' dir='ltr'><strong>οἰκείας.</strong></span> <span class='ocrx_word' id='word_1_32' title='bbox 657 523 895 594; x_wconf 82' lang='grc' dir='ltr'><strong>Ἀνάγκη</strong></span> <span class='ocrx_word' id='word_1_33' title='bbox 971 523 1080 593; x_wconf 80' lang='grc' dir='ltr'><strong>γὰρ</strong></span> <span class='ocrx_word' id='word_1_34' title='bbox 1135 523 1398 592; x_wconf 85' lang='grc' dir='ltr'>ἐκστῆναι</span> <span class='ocrx_word' id='word_1_35' title='bbox 1443 525 1551 578; x_wconf 87' lang='grc' dir='ltr'><strong>τῶν</strong></span> <span class='ocrx_word' id='word_1_36' title='bbox 1616 525 1716 594; x_wconf 81' lang='grc' dir='ltr'>τῆς</span> <span class='ocrx_word' id='word_1_37' title='bbox 1763 525 1951 589; x_wconf 81' lang='grc' dir='ltr'>οὐσίας</span> 
     </span>
    </p>
   </div>
   <div class='ocr_carea' id='block_1_8' title="bbox 371 612 1950 689">
    <p class='ocr_par' dir='ltr' id='par_1_8' title="bbox 371 612 1950 689">
     <span class='ocr_line' id='line_1_8' title="bbox 371 612 1950 689; baseline -0.003 -19"><span class='ocrx_word' id='word_1_38' title='bbox 371 618 514 689; x_wconf 82' lang='grc' dir='ltr'>ὅρων</span> <span class='ocrx_word' id='word_1_39' title='bbox 543 616 826 687; x_wconf 78' lang='grc' dir='ltr'>ἑκάτερον,</span> <span class='ocrx_word' id='word_1_40' title='bbox 855 615 950 668; x_wconf 79' lang='grc' dir='ltr'>καὶ</span> <span class='ocrx_word' id='word_1_41' title='bbox 976 614 1112 686; x_wconf 78' lang='grc' dir='ltr'>μήτε</span> <span class='ocrx_word' id='word_1_42' title='bbox 1139 613 1230 666; x_wconf 84' lang='grc' dir='ltr'><strong>τὸν</strong></span> <span class='ocrx_word' id='word_1_43' title='bbox 1259 612 1391 668; x_wconf 78' lang='grc' dir='ltr'>Θεὸν</span> <span class='ocrx_word' id='word_1_44' title='bbox 1417 612 1780 684; x_wconf 82' lang='grc' dir='ltr'><strong>γνωρίζεσθαι</strong></span> <span class='ocrx_word' id='word_1_45' title='bbox 1797 613 1950 680; x_wconf 83' lang='grc' dir='ltr'>Θεὸν,</span> 
     </span>
    </p>
   </div>
   <div class='ocr_carea' id='block_1_9' title="bbox 376 703 1954 779">
    <p class='ocr_par' dir='ltr' id='par_1_9' title="bbox 376 703 1954 779">
     <span class='ocr_line' id='line_1_9' title="bbox 376 703 1954 779; baseline -0.003 -17"><span class='ocrx_word' id='word_1_46' title='bbox 376 709 516 779; x_wconf 85' lang='grc' dir='ltr'>μήτε</span> <span class='ocrx_word' id='word_1_47' title='bbox 558 708 651 761; x_wconf 82' lang='grc' dir='ltr'><strong>τὸν</strong></span> <span class='ocrx_word' id='word_1_48' title='bbox 692 706 998 777; x_wconf 81' lang='grc' dir='ltr'>ἄνθρωπον,</span> <span class='ocrx_word' id='word_1_49' title='bbox 1044 704 1330 775; x_wconf 79' lang='grc' dir='ltr'>ἄνθρωπον</span> <span class='ocrx_word' id='word_1_50' title='bbox 1367 703 1464 776; x_wconf 87' lang='lat' dir='ltr'><strong>(l).</strong></span> <span class='ocrx_word' id='word_1_51' title='bbox 1510 705 1680 758; x_wconf 80' lang='grc' dir='ltr'>Τοῦτο</span> <span class='ocrx_word' id='word_1_52' title='bbox 1727 705 1783 758; x_wconf 84' lang='grc' dir='ltr'>δὲ</span> <span class='ocrx_word' id='word_1_53' title='bbox 1832 705 1954 760; x_wconf 83' lang='grc' dir='ltr'>οὐδὲ</span> 
     </span>
    </p>
   </div>
   <div class='ocr_carea' id='block_1_10' title="bbox 374 791 1952 869">
    <p class='ocr_par' dir='ltr' id='par_1_10' title="bbox 374 791 1952 869">
     <span class='ocr_line' id='line_1_10' title="bbox 374 791 1952 869; baseline -0.002 -16"><span class='ocrx_word' id='word_1_54' title='bbox 374 800 466 853; x_wconf 74' lang='grc' dir='ltr'>ἐπὶ</span> <span class='ocrx_word' id='word_1_55' title='bbox 490 799 590 869; x_wconf 84' lang='grc' dir='ltr'>τῆς</span> <span class='ocrx_word' id='word_1_56' title='bbox 622 797 714 852; x_wconf 82' lang='grc' dir='ltr'>τοῦ</span> <span class='ocrx_word' id='word_1_57' title='bbox 740 796 1033 867; x_wconf 83' lang='grc' dir='ltr'>ἀνθρώπου</span> <span class='ocrx_word' id='word_1_58' title='bbox 1080 795 1428 866; x_wconf 82' lang='grc' dir='ltr'>κατασκευῆς</span> <span class='ocrx_word' id='word_1_59' title='bbox 1469 795 1624 850; x_wconf 80' lang='grc' dir='ltr'>λάϐοι</span> <span class='ocrx_word' id='word_1_60' title='bbox 1668 797 1733 850; x_wconf 83' lang='grc' dir='ltr'>ἄν</span> <span class='ocrx_word' id='word_1_61' title='bbox 1771 813 1856 859; x_wconf 84' lang='grc' dir='ltr'><strong>τις</strong></span> <span class='ocrx_word' id='word_1_62' title='bbox 1891 791 1952 850; x_wconf 83' lang='grc' dir='ltr'><strong>εὖ</strong></span> 
     </span>
    </p>
   </div>
   <div class='ocr_carea' id='block_1_11' title="bbox 375 886 1952 961">
    <p class='ocr_par' dir='ltr' id='par_1_11' title="bbox 375 886 1952 961">
     <span class='ocr_line' id='line_1_11' title="bbox 375 886 1952 961; baseline -0.002 -18"><span class='ocrx_word' id='word_1_63' title='bbox 375 891 608 961; x_wconf 82' lang='grc' dir='ltr'>φρονῶν.</span> <span class='ocrx_word' id='word_1_64' title='bbox 645 890 720 943; x_wconf 85' lang='grc' dir='ltr'><strong>Οὐ</strong></span> <span class='ocrx_word' id='word_1_65' title='bbox 751 887 862 959; x_wconf 87' lang='grc' dir='ltr'>γὰρ</span> <span class='ocrx_word' id='word_1_66' title='bbox 907 887 986 958; x_wconf 82' lang='grc' dir='ltr'>τῷ</span> <span class='ocrx_word' id='word_1_67' title='bbox 1021 886 1234 958; x_wconf 85' lang='grc' dir='ltr'>σώματι</span> <span class='ocrx_word' id='word_1_68' title='bbox 1268 887 1368 958; x_wconf 79' lang='grc' dir='ltr'><strong>τὴν</strong></span> <span class='ocrx_word' id='word_1_69' title='bbox 1414 887 1590 957; x_wconf 75' lang='grc' dir='ltr'>ψυχὴν</span> <span class='ocrx_word' id='word_1_70' title='bbox 1627 888 1952 958; x_wconf 85' lang='grc' dir='ltr'>κεκρᾶσθαι,</span> 
     </span>
    </p>
   </div>
   <div class='ocr_carea' id='block_1_12' title="bbox 374 977 1955 1051">
    <p class='ocr_par' dir='ltr' id='par_1_12' title="bbox 374 977 1955 1051">
     <span class='ocr_line' id='line_1_12' title="bbox 374 977 1955 1051; baseline -0.002 -18"><span class='ocrx_word' id='word_1_71' title='bbox 374 979 490 1034; x_wconf 86' lang='grc' dir='ltr'>ἀλλ’</span> <span class='ocrx_word' id='word_1_72' title='bbox 515 978 778 1051; x_wconf 78' lang='grc' dir='ltr'><strong>ἡνῶσθαι,</strong></span> <span class='ocrx_word' id='word_1_73' title='bbox 809 978 903 1032; x_wconf 78' lang='grc' dir='ltr'>καὶ</span> <span class='ocrx_word' id='word_1_74' title='bbox 935 977 1224 1047; x_wconf 79' lang='grc' dir='ltr'><strong>συνῆφθαι,</strong></span> <span class='ocrx_word' id='word_1_75' title='bbox 1251 978 1344 1030; x_wconf 78' lang='grc' dir='ltr'>καὶ</span> <span class='ocrx_word' id='word_1_76' title='bbox 1370 979 1558 1042; x_wconf 89' lang='grc' dir='ltr'>οἰκεῖν,</span> <span class='ocrx_word' id='word_1_77' title='bbox 1589 977 1684 1029; x_wconf 71' lang='grc' dir='ltr'>καὶ</span> <span class='ocrx_word' id='word_1_78' title='bbox 1709 979 1955 1047; x_wconf 79' lang='grc' dir='ltr'>ἐνεργεῖν</span> 
     </span>
    </p>
   </div>
   <div class='ocr_carea' id='block_1_13' title="bbox 376 1067 1956 1142">
    <p class='ocr_par' dir='ltr' id='par_1_13' title="bbox 376 1067 1956 1142">
     <span class='ocr_line' id='line_1_13' title="bbox 376 1067 1956 1142; baseline -0.002 -17"><span class='ocrx_word' id='word_1_79' title='bbox 376 1088 575 1142; x_wconf 88' lang='grc' dir='ltr'>φαμεν.</span> <span class='ocrx_word' id='word_1_80' title='bbox 611 1071 722 1124; x_wconf 73' lang='grc' dir='ltr'><strong>Καὶ</strong></span> <span class='ocrx_word' id='word_1_81' title='bbox 749 1069 875 1123; x_wconf 75' lang='grc' dir='ltr'>οὔτε</span> <span class='ocrx_word' id='word_1_82' title='bbox 919 1069 1018 1140; x_wconf 80' lang='grc' dir='ltr'><strong>τὴν</strong></span> <span class='ocrx_word' id='word_1_83' title='bbox 1047 1069 1226 1140; x_wconf 75' lang='grc' dir='ltr'>ψυχὴν</span> <span class='ocrx_word' id='word_1_84' title='bbox 1258 1069 1478 1140; x_wconf 82' lang='grc' dir='ltr'>θνητὴν,</span> <span class='ocrx_word' id='word_1_85' title='bbox 1521 1067 1646 1121; x_wconf 76' lang='grc' dir='ltr'>οὔτε</span> <span class='ocrx_word' id='word_1_86' title='bbox 1684 1071 1746 1122; x_wconf 87' lang='grc' dir='ltr'><strong>τὸ</strong></span> <span class='ocrx_word' id='word_1_87' title='bbox 1797 1071 1956 1139; x_wconf 86' lang='grc' dir='ltr'>σῶμα</span> 
     </span>
    </p>
   </div>
   <div class='ocr_carea' id='block_1_14' title="bbox 375 1161 1958 1233">
    <p class='ocr_par' dir='ltr' id='par_1_14' title="bbox 375 1161 1958 1233">
     <span class='ocr_line' id='line_1_14' title="bbox 375 1161 1958 1233; baseline -0.001 -16"><span class='ocrx_word' id='word_1_88' title='bbox 375 1164 519 1218; x_wconf 78' lang='grc' dir='ltr'>είποι</span> <span class='ocrx_word' id='word_1_89' title='bbox 549 1179 634 1227; x_wconf 88' lang='grc' dir='ltr'><strong>τις</strong></span> <span class='ocrx_word' id='word_1_90' title='bbox 662 1162 728 1216; x_wconf 83' lang='grc' dir='ltr'><strong>ἂν</strong></span> <span class='ocrx_word' id='word_1_91' title='bbox 753 1163 1043 1228; x_wconf 85' lang='grc' dir='ltr'>ἀθάνατον,</span> <span class='ocrx_word' id='word_1_92' title='bbox 1091 1161 1164 1232; x_wconf 87' lang='grc' dir='ltr'><strong>μὴ</strong></span> <span class='ocrx_word' id='word_1_93' title='bbox 1202 1161 1397 1233; x_wconf 84' lang='grc' dir='ltr'>κομιδῇ</span> <span class='ocrx_word' id='word_1_94' title='bbox 1431 1162 1781 1232; x_wconf 81' lang='grc' dir='ltr'><strong>παραπαίων,</strong></span> <span class='ocrx_word' id='word_1_95' title='bbox 1821 1161 1958 1215; x_wconf 87' lang='grc' dir='ltr'><strong>ἀλλά</strong></span> 
     </span>
    </p>
   </div>
   <div class='ocr_carea' id='block_1_15' title="bbox 376 1251 1956 1325">
    <p class='ocr_par' dir='ltr' id='par_1_15' title="bbox 376 1251 1956 1325">
     <span class='ocr_line' id='line_1_15' title="bbox 376 1251 1956 1325; baseline -0.001 -18"><span class='ocrx_word' id='word_1_96' title='bbox 376 1255 476 1324; x_wconf 82' lang='grc' dir='ltr'><strong>τὴν</strong></span> <span class='ocrx_word' id='word_1_97' title='bbox 521 1253 620 1325; x_wconf 89' lang='grc' dir='ltr'><strong>μέν</strong></span> <span class='ocrx_word' id='word_1_98' title='bbox 663 1253 931 1323; x_wconf 81' lang='grc' dir='ltr'>ἑκατέραν</span> <span class='ocrx_word' id='word_1_99' title='bbox 971 1251 1206 1325; x_wconf 84' lang='grc' dir='ltr'>[φύσιν]</span> <span class='ocrx_word' id='word_1_100' title='bbox 1253 1251 1593 1324; x_wconf 80' lang='grc' dir='ltr'>διαιροῦμεν,</span> <span class='ocrx_word' id='word_1_101' title='bbox 1643 1251 1700 1306; x_wconf 81' lang='grc' dir='ltr'>ἓν</span> <span class='ocrx_word' id='word_1_102' title='bbox 1735 1253 1792 1305; x_wconf 87' lang='grc' dir='ltr'><strong>δέ</strong></span> <span class='ocrx_word' id='word_1_103' title='bbox 1819 1252 1956 1318; x_wconf 77' lang='grc' dir='ltr'>ζῶον</span> 
     </span>
    </p>
   </div>
   <div class='ocr_carea' id='block_1_16' title="bbox 379 1344 1953 1418">
    <p class='ocr_par' dir='ltr' id='par_1_16' title="bbox 379 1344 1953 1418">
     <span class='ocr_line' id='line_1_16' title="bbox 379 1344 1953 1418; baseline -0.002 -18"><span class='ocrx_word' id='word_1_104' title='bbox 379 1346 718 1418; x_wconf 76' lang='grc' dir='ltr'>γνωρίζομεν</span> <span class='ocrx_word' id='word_1_105' title='bbox 738 1344 799 1398; x_wconf 77' lang='grc' dir='ltr'>τὸ</span> <span class='ocrx_word' id='word_1_106' title='bbox 820 1345 877 1411; x_wconf 81' lang='grc' dir='ltr'><strong>ἐξ</strong></span> <span class='ocrx_word' id='word_1_107' title='bbox 899 1345 1121 1398; x_wconf 75' lang='grc' dir='ltr'>ἐκείνων</span> <span class='ocrx_word' id='word_1_108' title='bbox 1141 1344 1290 1416; x_wconf 88' lang='lat' dir='ltr'><strong>[cod.</strong></span> <span class='ocrx_word' id='word_1_109' title='bbox 1323 1344 1556 1416; x_wconf 84' lang='grc' dir='ltr'>ἐκείνου]</span> <span class='ocrx_word' id='word_1_110' title='bbox 1580 1345 1953 1415; x_wconf 80' lang='grc' dir='ltr'>συγκείμενον·</span> 
     </span>
    </p>
   </div>
   <div class='ocr_carea' id='block_1_17' title="bbox 381 1433 1958 1507">
    <p class='ocr_par' dir='ltr' id='par_1_17' title="bbox 381 1433 1958 1507">
     <span class='ocr_line' id='line_1_17' title="bbox 381 1433 1958 1507; baseline -0.002 -18"><span class='ocrx_word' id='word_1_111' title='bbox 381 1437 476 1490; x_wconf 77' lang='grc' dir='ltr'>καὶ</span> <span class='ocrx_word' id='word_1_112' title='bbox 492 1435 756 1506; x_wconf 78' lang='grc' dir='ltr'>ἑκατέραν</span> <span class='ocrx_word' id='word_1_113' title='bbox 790 1433 888 1504; x_wconf 83' lang='grc' dir='ltr'>μὲν</span> <span class='ocrx_word' id='word_1_114' title='bbox 931 1434 1094 1502; x_wconf 89' lang='grc' dir='ltr'>φύσιν</span> <span class='ocrx_word' id='word_1_115' title='bbox 1145 1434 1497 1507; x_wconf 71' lang='grc' dir='ltr'>διῃρημένοις</span> <span class='ocrx_word' id='word_1_116' title='bbox 1534 1435 1794 1505; x_wconf 81' lang='grc' dir='ltr'>ὀνόμασιν</span> <span class='ocrx_word' id='word_1_117' title='bbox 1839 1435 1958 1488; x_wconf 78' lang='grc' dir='ltr'>ὀνο-</span> 
     </span>
    </p>
   </div>
   <div class='ocr_carea' id='block_1_18' title="bbox 383 1524 1960 1597">
    <p class='ocr_par' dir='ltr' id='par_1_18' title="bbox 383 1524 1960 1597">
     <span class='ocr_line' id='line_1_18' title="bbox 383 1524 1960 1597; baseline 0 -17"><span class='ocrx_word' id='word_1_118' title='bbox 383 1527 648 1597; x_wconf 81' lang='grc' dir='ltr'>μάζομεν,</span> <span class='ocrx_word' id='word_1_119' title='bbox 697 1525 798 1596; x_wconf 81' lang='grc' dir='ltr'><strong>τὴν</strong></span> <span class='ocrx_word' id='word_1_120' title='bbox 832 1525 932 1596; x_wconf 84' lang='grc' dir='ltr'><strong>μὲν</strong></span> <span class='ocrx_word' id='word_1_121' title='bbox 961 1524 1160 1596; x_wconf 79' lang='grc' dir='ltr'>ψυχὴν,</span> <span class='ocrx_word' id='word_1_122' title='bbox 1190 1525 1251 1578; x_wconf 86' lang='grc' dir='ltr'><strong>τδ</strong></span> <span class='ocrx_word' id='word_1_123' title='bbox 1276 1525 1333 1579; x_wconf 86' lang='grc' dir='ltr'><strong>δέ</strong></span> <span class='ocrx_word' id='word_1_124' title='bbox 1368 1525 1547 1596; x_wconf 88' lang='grc' dir='ltr'>σῶμα,</span> <span class='ocrx_word' id='word_1_125' title='bbox 1589 1526 1649 1578; x_wconf 80' lang='grc' dir='ltr'><strong>τὸ</strong></span> <span class='ocrx_word' id='word_1_126' title='bbox 1687 1525 1743 1578; x_wconf 76' lang='grc' dir='ltr'>δὲ</span> <span class='ocrx_word' id='word_1_127' title='bbox 1772 1525 1832 1591; x_wconf 79' lang='grc' dir='ltr'><strong>ἐξ</strong></span> <span class='ocrx_word' id='word_1_128' title='bbox 1856 1527 1960 1597; x_wconf 87' lang='grc' dir='ltr'>ἀμ-</span> 
     </span>
    </p>
   </div>
   <div class='ocr_carea' id='block_1_19' title="bbox 381 1617 1955 1690">
    <p class='ocr_par' dir='ltr' id='par_1_19' title="bbox 381 1617 1955 1690">
     <span class='ocr_line' id='line_1_19' title="bbox 381 1617 1955 1690; baseline 0 -18"><span class='ocrx_word' id='word_1_129' title='bbox 381 1619 624 1690; x_wconf 87' lang='grc' dir='ltr'>φοτέρων</span> <span class='ocrx_word' id='word_1_130' title='bbox 658 1617 988 1688; x_wconf 81' lang='grc' dir='ltr'>συνεστηκὸς</span> <span class='ocrx_word' id='word_1_131' title='bbox 1019 1617 1157 1683; x_wconf 82' lang='grc' dir='ltr'>ζῶον</span> <span class='ocrx_word' id='word_1_132' title='bbox 1199 1619 1372 1689; x_wconf 73' lang='grc' dir='ltr'>ἑτέρῳ</span> <span class='ocrx_word' id='word_1_133' title='bbox 1399 1617 1674 1689; x_wconf 81' lang='grc' dir='ltr'>καλοῦμεν</span> <span class='ocrx_word' id='word_1_134' title='bbox 1698 1617 1955 1690; x_wconf 83' lang='grc' dir='ltr'>ὀνόματι·</span> 
     </span>
    </p>
   </div>
   <div class='ocr_carea' id='block_1_20' title="bbox 2055 436 3626 508">
    <p class='ocr_par' dir='ltr' id='par_1_20' title="bbox 2055 436 3626 508">
     <span class='ocr_line' id='line_1_20' title="bbox 2055 436 3626 508; baseline 0.006 -19"><span class='ocrx_word' id='word_1_135' title='bbox 2055 437 2108 490; x_wconf 91' lang='lat' dir='ltr'><strong>in</strong></span> <span class='ocrx_word' id='word_1_136' title='bbox 2165 437 2380 506; x_wconf 81' lang='lat' dir='ltr'><strong>prapria</strong></span> <span class='ocrx_word' id='word_1_137' title='bbox 2419 445 2608 492; x_wconf 87' lang='lat' dir='ltr'><strong>natura</strong></span> <span class='ocrx_word' id='word_1_138' title='bbox 2655 436 3014 508; x_wconf 89' lang='lat' dir='ltr'><strong>permanebit,</strong></span> <span class='ocrx_word' id='word_1_139' title='bbox 3069 455 3243 508; x_wconf 89' lang='lat' dir='ltr'><strong>neque</strong></span> <span class='ocrx_word' id='word_1_140' title='bbox 3283 441 3410 496; x_wconf 91' lang='lat' dir='ltr'><strong>item</strong></span> <span class='ocrx_word' id='word_1_141' title='bbox 3459 442 3626 498; x_wconf 90' lang='lat' dir='ltr'><strong>homo</strong></span> 
     </span>
    </p>
   </div>
   <div class='ocr_carea' id='block_1_21' title="bbox 2053 528 3627 601">
    <p class='ocr_par' dir='ltr' id='par_1_21' title="bbox 2053 528 3627 601">
     <span class='ocr_line' id='line_1_21' title="bbox 2053 528 3627 601; baseline 0.004 -18"><span class='ocrx_word' id='word_1_142' title='bbox 2053 529 2108 583; x_wconf 90' lang='lat' dir='ltr'><strong>in</strong></span> <span class='ocrx_word' id='word_1_143' title='bbox 2139 543 2258 582; x_wconf 87' lang='lat' dir='ltr'><strong>sua.</strong></span> <span class='ocrx_word' id='word_1_144' title='bbox 2306 528 2539 584; x_wconf 84' lang='lat' dir='ltr'><strong>Necesse</strong></span> <span class='ocrx_word' id='word_1_145' title='bbox 2593 537 2680 584; x_wconf 91' lang='lat' dir='ltr'><strong>est</strong></span> <span class='ocrx_word' id='word_1_146' title='bbox 2728 530 2872 583; x_wconf 90' lang='lat' dir='ltr'><strong>enim</strong></span> <span class='ocrx_word' id='word_1_147' title='bbox 2919 540 2980 584; x_wconf 91' lang='lat' dir='ltr'><strong>ut</strong></span> <span class='ocrx_word' id='word_1_148' title='bbox 3009 539 3234 600; x_wconf 88' lang='lat' dir='ltr'><strong>uterque</strong></span> <span class='ocrx_word' id='word_1_149' title='bbox 3279 547 3346 586; x_wconf 81' lang='lat' dir='ltr'><strong>ex</strong></span> <span class='ocrx_word' id='word_1_150' title='bbox 3397 535 3627 601; x_wconf 67' lang='lat' dir='ltr'><strong>propria</strong></span> 
     </span>
    </p>
   </div>
   <div class='ocr_carea' id='block_1_22' title="bbox 2053 619 3626 691">
    <p class='ocr_par' dir='ltr' id='par_1_22' title="bbox 2053 619 3626 691">
     <span class='ocr_line' id='line_1_22' title="bbox 2053 619 3626 691; baseline 0.004 -19"><span class='ocrx_word' id='word_1_151' title='bbox 2053 619 2365 674; x_wconf 65' lang='lat' dir='ltr'><strong>substantiae</strong></span> <span class='ocrx_word' id='word_1_152' title='bbox 2425 619 2620 674; x_wconf 84' lang='lat' dir='ltr'><strong>ﬁnibus</strong></span> <span class='ocrx_word' id='word_1_153' title='bbox 2675 619 2900 674; x_wconf 87' lang='lat' dir='ltr'><strong>decedat</strong></span> <span class='ocrx_word' id='word_1_154' title='bbox 2953 619 3083 686; x_wconf 91' lang='lat' dir='ltr'><strong>;ita</strong></span> <span class='ocrx_word' id='word_1_155' title='bbox 3146 632 3204 674; x_wconf 91' lang='lat' dir='ltr'><strong>ut</strong></span> <span class='ocrx_word' id='word_1_156' title='bbox 3255 637 3431 691; x_wconf 88' lang='lat' dir='ltr'><strong>neque</strong></span> <span class='ocrx_word' id='word_1_157' title='bbox 3483 621 3626 678; x_wconf 88' lang='lat' dir='ltr'><strong>Deus</strong></span> 
     </span>
    </p>
   </div>
   <div class='ocr_carea' id='block_1_23' title="bbox 2054 709 3625 784">
    <p class='ocr_par' dir='ltr' id='par_1_23' title="bbox 2054 709 3625 784">
     <span class='ocr_line' id='line_1_23' title="bbox 2054 709 3625 784; baseline 0.004 -22"><span class='ocrx_word' id='word_1_158' title='bbox 2054 710 2304 763; x_wconf 87' lang='lat' dir='ltr'><strong>videatur</strong></span> <span class='ocrx_word' id='word_1_159' title='bbox 2335 709 2445 778; x_wconf 91' lang='lat' dir='ltr'><strong>jam</strong></span> <span class='ocrx_word' id='word_1_160' title='bbox 2479 709 2640 774; x_wconf 89' lang='lat' dir='ltr'><strong>Dens,</strong></span> <span class='ocrx_word' id='word_1_161' title='bbox 2681 725 2854 778; x_wconf 90' lang='lat' dir='ltr'><strong>neque</strong></span> <span class='ocrx_word' id='word_1_162' title='bbox 2881 711 3040 765; x_wconf 87' lang='lat' dir='ltr'><strong>homo</strong></span> <span class='ocrx_word' id='word_1_163' title='bbox 3072 712 3196 765; x_wconf 91' lang='lat' dir='ltr'><strong>item</strong></span> <span class='ocrx_word' id='word_1_164' title='bbox 3245 715 3428 770; x_wconf 90' lang='lat' dir='ltr'><strong>homo.</strong></span> <span class='ocrx_word' id='word_1_165' title='bbox 3460 714 3625 784; x_wconf 80' lang='lat' dir='ltr'><strong>Atqui</strong></span> 
     </span>
    </p>
   </div>
   <div class='ocr_carea' id='block_1_24' title="bbox 2057 799 3629 874">
    <p class='ocr_par' dir='ltr' id='par_1_24' title="bbox 2057 799 3629 874">
     <span class='ocr_line' id='line_1_24' title="bbox 2057 799 3629 874; baseline 0.005 -22"><span class='ocrx_word' id='word_1_166' title='bbox 2057 800 2158 854; x_wconf 92' lang='lat' dir='ltr'><strong>hoc</strong></span> <span class='ocrx_word' id='word_1_167' title='bbox 2195 813 2261 854; x_wconf 89' lang='lat' dir='ltr'><strong>ne</strong></span> <span class='ocrx_word' id='word_1_168' title='bbox 2294 799 2346 853; x_wconf 92' lang='lat' dir='ltr'><strong>in</strong></span> <span class='ocrx_word' id='word_1_169' title='bbox 2381 800 2614 856; x_wconf 84' lang='lat' dir='ltr'><strong>hominis</strong></span> <span class='ocrx_word' id='word_1_170' title='bbox 2645 801 2862 870; x_wconf 86' lang='lat' dir='ltr'><strong>quidem</strong></span> <span class='ocrx_word' id='word_1_171' title='bbox 2890 811 3159 857; x_wconf 89' lang='lat' dir='ltr'><strong>structura</strong></span> <span class='ocrx_word' id='word_1_172' title='bbox 3190 804 3472 872; x_wconf 82' lang='lat' dir='ltr'><strong>quisquam</strong></span> <span class='ocrx_word' id='word_1_173' title='bbox 3501 821 3629 874; x_wconf 88' lang='lat' dir='ltr'><strong>pru-</strong></span> 
     </span>
    </p>
   </div>
   <div class='ocr_carea' id='block_1_25' title="bbox 2055 889 3626 961">
    <p class='ocr_par' dir='ltr' id='par_1_25' title="bbox 2055 889 3626 961">
     <span class='ocr_line' id='line_1_25' title="bbox 2055 889 3626 961; baseline 0.004 -19"><span class='ocrx_word' id='word_1_174' title='bbox 2055 889 2186 944; x_wconf 85' lang='lat' dir='ltr'><strong>dens</strong></span> <span class='ocrx_word' id='word_1_175' title='bbox 2239 889 2338 943; x_wconf 83' lang='lat' dir='ltr'><strong>sibi</strong></span> <span class='ocrx_word' id='word_1_176' title='bbox 2375 891 2715 959; x_wconf 82' lang='lat' dir='ltr'><strong>persuadeat.</strong></span> <span class='ocrx_word' id='word_1_177' title='bbox 2763 890 2878 946; x_wconf 86' lang='lat' dir='ltr'><strong>Non</strong></span> <span class='ocrx_word' id='word_1_178' title='bbox 2923 891 3066 946; x_wconf 90' lang='lat' dir='ltr'><strong>enim</strong></span> <span class='ocrx_word' id='word_1_179' title='bbox 3128 894 3342 961; x_wconf 85' lang='lat' dir='ltr'><strong>corpori</strong></span> <span class='ocrx_word' id='word_1_180' title='bbox 3386 896 3626 950; x_wconf 87' lang='lat' dir='ltr'><strong>animam</strong></span> 
     </span>
    </p>
   </div>
   <div class='ocr_carea' id='block_1_26' title="bbox 2057 982 3630 1052">
    <p class='ocr_par' dir='ltr' id='par_1_26' title="bbox 2057 982 3630 1052">
     <span class='ocr_line' id='line_1_26' title="bbox 2057 982 3630 1052; baseline 0.003 -18"><span class='ocrx_word' id='word_1_181' title='bbox 2057 989 2392 1046; x_wconf 84' lang='lat' dir='ltr'><strong>concretam,</strong></span> <span class='ocrx_word' id='word_1_182' title='bbox 2420 982 2512 1035; x_wconf 88' lang='lat' dir='ltr'><strong>sed</strong></span> <span class='ocrx_word' id='word_1_183' title='bbox 2539 983 2744 1036; x_wconf 88' lang='lat' dir='ltr'><strong>unitam</strong></span> <span class='ocrx_word' id='word_1_184' title='bbox 2779 982 3190 1052; x_wconf 80' lang='lat' dir='ltr'><strong>copulatamque</strong></span> <span class='ocrx_word' id='word_1_185' title='bbox 3215 984 3630 1039; x_wconf 85' lang='lat' dir='ltr'><strong>inhabitantem-</strong></span> 
     </span>
    </p>
   </div>
   <div class='ocr_carea' id='block_1_27' title="bbox 2057 1071 3632 1144">
    <p class='ocr_par' dir='ltr' id='par_1_27' title="bbox 2057 1071 3632 1144">
     <span class='ocr_line' id='line_1_27' title="bbox 2057 1071 3632 1144; baseline 0.003 -20"><span class='ocrx_word' id='word_1_186' title='bbox 2057 1085 2163 1142; x_wconf 92' lang='lat' dir='ltr'><strong>que</strong></span> <span class='ocrx_word' id='word_1_187' title='bbox 2189 1083 2241 1126; x_wconf 86' lang='lat' dir='ltr'><strong>et</strong></span> <span class='ocrx_word' id='word_1_188' title='bbox 2268 1071 2428 1126; x_wconf 87' lang='lat' dir='ltr'><strong>simul</strong></span> <span class='ocrx_word' id='word_1_189' title='bbox 2457 1084 2768 1142; x_wconf 84' lang='lat' dir='ltr'><strong>cperantem</strong></span> <span class='ocrx_word' id='word_1_190' title='bbox 2811 1073 3060 1128; x_wconf 87' lang='lat' dir='ltr'><strong>dicimus.</strong></span> <span class='ocrx_word' id='word_1_191' title='bbox 3103 1073 3286 1144; x_wconf 85' lang='lat' dir='ltr'><strong>Neque</strong></span> <span class='ocrx_word' id='word_1_192' title='bbox 3323 1073 3452 1128; x_wconf 85' lang='lat' dir='ltr'><strong>item</strong></span> <span class='ocrx_word' id='word_1_193' title='bbox 3510 1075 3632 1129; x_wconf 87' lang='lat' dir='ltr'><strong>ani-</strong></span> 
     </span>
    </p>
   </div>
   <div class='ocr_carea' id='block_1_28' title="bbox 2059 1164 3626 1236">
    <p class='ocr_par' dir='ltr' id='par_1_28' title="bbox 2059 1164 3626 1236">
     <span class='ocr_line' id='line_1_28' title="bbox 2059 1164 3626 1236; baseline 0.003 -20"><span class='ocrx_word' id='word_1_194' title='bbox 2059 1178 2198 1217; x_wconf 92' lang='lat' dir='ltr'><strong>mam</strong></span> <span class='ocrx_word' id='word_1_195' title='bbox 2231 1164 2533 1228; x_wconf 82' lang='lat' dir='ltr'><strong>mortalem,</strong></span> <span class='ocrx_word' id='word_1_196' title='bbox 2570 1177 2744 1232; x_wconf 89' lang='lat' dir='ltr'><strong>neque</strong></span> <span class='ocrx_word' id='word_1_197' title='bbox 2778 1179 2973 1232; x_wconf 88' lang='lat' dir='ltr'><strong>corpus</strong></span> <span class='ocrx_word' id='word_1_198' title='bbox 3002 1164 3308 1219; x_wconf 85' lang='lat' dir='ltr'><strong>immortale</strong></span> <span class='ocrx_word' id='word_1_199' title='bbox 3335 1165 3626 1236; x_wconf 84' lang='lat' dir='ltr'><strong>quisquam</strong></span> 
     </span>
    </p>
   </div>
   <div class='ocr_carea' id='block_1_29' title="bbox 2064 1252 3627 1326">
    <p class='ocr_par' dir='ltr' id='par_1_29' title="bbox 2064 1252 3627 1326">
     <span class='ocr_line' id='line_1_29' title="bbox 2064 1252 3627 1326; baseline 0.003 -18"><span class='ocrx_word' id='word_1_200' title='bbox 2064 1252 2210 1308; x_wconf 88' lang='lat' dir='ltr'><strong>dicet</strong></span> <span class='ocrx_word' id='word_1_201' title='bbox 2238 1254 2339 1309; x_wconf 91' lang='lat' dir='ltr'><strong>nisi</strong></span> <span class='ocrx_word' id='word_1_202' title='bbox 2367 1253 2540 1323; x_wconf 74' lang='lat' dir='ltr'><strong>iplane</strong></span> <span class='ocrx_word' id='word_1_203' title='bbox 2576 1254 2876 1324; x_wconf 79' lang='lat' dir='ltr'><strong>desipiens;</strong></span> <span class='ocrx_word' id='word_1_204' title='bbox 2919 1253 3013 1310; x_wconf 89' lang='lat' dir='ltr'><strong>sed</strong></span> <span class='ocrx_word' id='word_1_205' title='bbox 3054 1265 3340 1326; x_wconf 88' lang='lat' dir='ltr'><strong>utramque</strong></span> <span class='ocrx_word' id='word_1_206' title='bbox 3379 1267 3627 1313; x_wconf 88' lang='lat' dir='ltr'><strong>naturam</strong></span> 
     </span>
    </p>
   </div>
   <div class='ocr_carea' id='block_1_30' title="bbox 2056 1344 3630 1419">
    <p class='ocr_par' dir='ltr' id='par_1_30' title="bbox 2056 1344 3630 1419">
     <span class='ocr_line' id='line_1_30' title="bbox 2056 1344 3630 1419; baseline 0.004 -21"><span class='ocrx_word' id='word_1_207' title='bbox 2056 1344 2438 1410; x_wconf 87' lang='lat' dir='ltr'><strong>discernimus,</strong></span> <span class='ocrx_word' id='word_1_208' title='bbox 2493 1361 2659 1400; x_wconf 92' lang='lat' dir='ltr'><strong>unum</strong></span> <span class='ocrx_word' id='word_1_209' title='bbox 2707 1355 2884 1401; x_wconf 89' lang='lat' dir='ltr'><strong>tamen</strong></span> <span class='ocrx_word' id='word_1_210' title='bbox 2925 1347 3126 1402; x_wconf 78' lang='lat' dir='ltr'><strong>animal</strong></span> <span class='ocrx_word' id='word_1_211' title='bbox 3175 1348 3519 1419; x_wconf 80' lang='lat' dir='ltr'><strong>agnoscimus</strong></span> <span class='ocrx_word' id='word_1_212' title='bbox 3561 1364 3630 1404; x_wconf 78' lang='lat' dir='ltr'><strong>ex</strong></span> 
     </span>
    </p>
   </div>
   <div class='ocr_carea' id='block_1_31' title="bbox 2059 1434 3632 1506">
    <p class='ocr_par' dir='ltr' id='par_1_31' title="bbox 2059 1434 3632 1506">
     <span class='ocr_line' id='line_1_31' title="bbox 2059 1434 3632 1506; baseline 0.001 -14"><span class='ocrx_word' id='word_1_213' title='bbox 2059 1434 2165 1492; x_wconf 87' lang='lat' dir='ltr'><strong>illis</strong></span> <span class='ocrx_word' id='word_1_214' title='bbox 2194 1440 2552 1506; x_wconf 89' lang='lat' dir='ltr'><strong>compositum</strong></span> <span class='ocrx_word' id='word_1_215' title='bbox 2586 1456 2599 1492; x_wconf 90' lang='lat'><strong>:</strong></span> <span class='ocrx_word' id='word_1_216' title='bbox 2635 1447 2690 1493; x_wconf 93' lang='lat' dir='ltr'><strong>et</strong></span> <span class='ocrx_word' id='word_1_217' title='bbox 2745 1448 3032 1506; x_wconf 90' lang='lat' dir='ltr'><strong>utramque</strong></span> <span class='ocrx_word' id='word_1_218' title='bbox 3081 1445 3331 1493; x_wconf 83' lang='lat' dir='ltr'><strong>naturam</strong></span> <span class='ocrx_word' id='word_1_219' title='bbox 3401 1441 3632 1495; x_wconf 80' lang='lat' dir='ltr'><strong>diversis</strong></span> 
     </span>
    </p>
   </div>
   <div class='ocr_carea' id='block_1_32' title="bbox 2059 1529 3632 1604">
    <p class='ocr_par' dir='ltr' id='par_1_32' title="bbox 2059 1529 3632 1604">
     <span class='ocr_line' id='line_1_32' title="bbox 2059 1529 3632 1604; baseline 0.003 -21"><span class='ocrx_word' id='word_1_220' title='bbox 2059 1529 2372 1585; x_wconf 89' lang='lat' dir='ltr'><strong>nominibus</strong></span> <span class='ocrx_word' id='word_1_221' title='bbox 2403 1530 2725 1594; x_wconf 81' lang='lat' dir='ltr'><strong>vocitamus,</strong></span> <span class='ocrx_word' id='word_1_222' title='bbox 2749 1533 2986 1584; x_wconf 88' lang='lat' dir='ltr'><strong>animam</strong></span> <span class='ocrx_word' id='word_1_223' title='bbox 3011 1531 3220 1586; x_wconf 85' lang='lat' dir='ltr'><strong>scilicet</strong></span> <span class='ocrx_word' id='word_1_224' title='bbox 3243 1542 3406 1602; x_wconf 90' lang='lat' dir='ltr'><strong>atque</strong></span> <span class='ocrx_word' id='word_1_225' title='bbox 3433 1548 3632 1604; x_wconf 83' lang='lat' dir='ltr'><strong>corpus</strong></span> 
     </span>
    </p>
   </div>
   <div class='ocr_carea' id='block_1_33' title="bbox 2060 1617 3628 1690">
    <p class='ocr_par' dir='ltr' id='par_1_33' title="bbox 2060 1617 3628 1690">
     <span class='ocr_line' id='line_1_33' title="bbox 2060 1617 3628 1690; baseline 0.001 -16"><span class='ocrx_word' id='word_1_226' title='bbox 2060 1617 2289 1675; x_wconf 89' lang='lat' dir='ltr'><strong>dicimus</strong></span> <span class='ocrx_word' id='word_1_227' title='bbox 2321 1636 2336 1686; x_wconf 91' lang='lat'><strong>;</strong></span> <span class='ocrx_word' id='word_1_228' title='bbox 2367 1621 2507 1690; x_wconf 86' lang='lat' dir='ltr'><strong>quod</strong></span> <span class='ocrx_word' id='word_1_229' title='bbox 2540 1636 2669 1676; x_wconf 85' lang='lat' dir='ltr'><strong>vero</strong></span> <span class='ocrx_word' id='word_1_230' title='bbox 2697 1635 2760 1676; x_wconf 83' lang='lat' dir='ltr'><strong>ex</strong></span> <span class='ocrx_word' id='word_1_231' title='bbox 2794 1629 3025 1690; x_wconf 88' lang='lat' dir='ltr'><strong>utraque</strong></span> <span class='ocrx_word' id='word_1_232' title='bbox 3043 1637 3098 1675; x_wconf 93' lang='lat' dir='ltr'><strong>re</strong></span> <span class='ocrx_word' id='word_1_233' title='bbox 3121 1621 3628 1688; x_wconf 82' lang='lat' dir='ltr'><strong>conﬂaturnnimal,</strong></span> 
     </span>
    </p>
   </div>
   <div class='ocr_carea' id='block_1_34' title="bbox 382 1699 1961 1782">
    <p class='ocr_par' dir='ltr' id='par_1_34' title="bbox 382 1709 1955 1782">
     <span class='ocr_line' id='line_1_34' title="bbox 382 1709 1955 1782; baseline -0.001 -16"><span class='ocrx_word' id='word_1_234' title='bbox 382 1711 666 1782; x_wconf 79' lang='grc' dir='ltr'>ἄνθρωπον</span> <span class='ocrx_word' id='word_1_235' title='bbox 711 1711 820 1781; x_wconf 83' lang='grc' dir='ltr'>γὰρ</span> <span class='ocrx_word' id='word_1_236' title='bbox 866 1710 1349 1782; x_wconf 84' lang='grc' dir='ltr'>προσαγορεύομεν</span> <span class='ocrx_word' id='word_1_237' title='bbox 1393 1710 1492 1782; x_wconf 77' lang='grc'>(2).</span> <span class='ocrx_word' id='word_1_238' title='bbox 1543 1709 1725 1764; x_wconf 83' lang='grc' dir='ltr'>Ταῦτα</span> <span class='ocrx_word' id='word_1_239' title='bbox 1775 1711 1955 1764; x_wconf 80' lang='grc' dir='ltr'>τοίνυν</span> 
     </span>
    </p>
   </div>
   <div class='ocr_carea' id='block_1_35' title="bbox 2064 1699 3628 1782">
    <p class='ocr_par' dir='ltr' id='par_1_35' title="bbox 2064 1707 3628 1774">
     <span class='ocr_line' id='line_1_35' title="bbox 2064 1707 3628 1774; baseline 0.003 -12"><span class='ocrx_word' id='word_1_240' title='bbox 2064 1707 2165 1762; x_wconf 86' lang='lat' dir='ltr'><strong>alio</strong></span> <span class='ocrx_word' id='word_1_241' title='bbox 2184 1709 2402 1765; x_wconf 91' lang='lat' dir='ltr'><strong>nomine</strong></span> <span class='ocrx_word' id='word_1_242' title='bbox 2422 1725 2700 1774; x_wconf 89' lang='lat' dir='ltr'><strong>vocamus,</strong></span> <span class='ocrx_word' id='word_1_243' title='bbox 2723 1711 2996 1764; x_wconf 87' lang='lat' dir='ltr'><strong>hominem</strong></span> <span class='ocrx_word' id='word_1_244' title='bbox 3029 1711 3238 1766; x_wconf 86' lang='lat' dir='ltr'><strong>scilicet</strong></span> <span class='ocrx_word' id='word_1_245' title='bbox 3266 1713 3628 1767; x_wconf 88' lang='lat' dir='ltr'><strong>nominamus.</strong></span> 
     </span>
    </p>
   </div>
   <div class='ocr_carea' id='block_1_36' title="bbox 381 1801 1956 1874">
    <p class='ocr_par' dir='ltr' id='par_1_36' title="bbox 381 1801 1956 1874">
     <span class='ocr_line' id='line_1_36' title="bbox 381 1801 1956 1874; baseline 0.001 -18"><span class='ocrx_word' id='word_1_246' title='bbox 381 1804 478 1856; x_wconf 77' lang='grc' dir='ltr'><strong>καὶ</strong></span> <span class='ocrx_word' id='word_1_247' title='bbox 521 1803 614 1856; x_wconf 74' lang='grc' dir='ltr'><strong>ἐπὶ</strong></span> <span class='ocrx_word' id='word_1_248' title='bbox 645 1805 743 1874; x_wconf 80' lang='grc' dir='ltr'><strong>τῆς</strong></span> <span class='ocrx_word' id='word_1_249' title='bbox 778 1802 1090 1873; x_wconf 71' lang='grc' dir='ltr'>οἰκονομίας</span> <span class='ocrx_word' id='word_1_250' title='bbox 1144 1801 1239 1873; x_wconf 80' lang='grc' dir='ltr'>τὴν</span> <span class='ocrx_word' id='word_1_251' title='bbox 1285 1803 1471 1856; x_wconf 89' lang='grc' dir='ltr'>εἰκόνα</span> <span class='ocrx_word' id='word_1_252' title='bbox 1521 1801 1795 1868; x_wconf 78' lang='grc' dir='ltr'>λαϐόντες,</span> <span class='ocrx_word' id='word_1_253' title='bbox 1855 1801 1956 1872; x_wconf 85' lang='grc' dir='ltr'>τῆς</span> 
     </span>
    </p>
   </div>
   <div class='ocr_carea' id='block_1_37' title="bbox 385 1893 1957 1964">
    <p class='ocr_par' dir='ltr' id='par_1_37' title="bbox 385 1893 1957 1964">
     <span class='ocr_line' id='line_1_37' title="bbox 385 1893 1957 1964; baseline 0.001 -18"><span class='ocrx_word' id='word_1_254' title='bbox 385 1893 732 1964; x_wconf 78' lang='grc' dir='ltr'>βλασφημίας</span> <span class='ocrx_word' id='word_1_255' title='bbox 752 1893 1154 1963; x_wconf 83' lang='grc' dir='ltr'>ἀπαλλαγῶμεν</span> <span class='ocrx_word' id='word_1_256' title='bbox 1194 1893 1427 1964; x_wconf 80' lang='grc' dir='ltr'>ἐκείνης,</span> <span class='ocrx_word' id='word_1_257' title='bbox 1475 1893 1569 1946; x_wconf 75' lang='grc' dir='ltr'><strong>καὶ</strong></span> <span class='ocrx_word' id='word_1_258' title='bbox 1627 1893 1725 1962; x_wconf 84' lang='grc' dir='ltr'>τὴν</span> <span class='ocrx_word' id='word_1_259' title='bbox 1761 1894 1957 1962; x_wconf 79' lang='grc' dir='ltr'>κρᾶσιν</span> 
     </span>
    </p>
   </div>
   <div class='ocr_carea' id='block_1_38' title="bbox 383 1984 1958 2056">
    <p class='ocr_par' dir='ltr' id='par_1_38' title="bbox 383 1984 1958 2056">
     <span class='ocr_line' id='line_1_38' title="bbox 383 1984 1958 2056; baseline -0.002 -16"><span class='ocrx_word' id='word_1_260' title='bbox 383 1987 774 2049; x_wconf 86' lang='grc' dir='ltr'>καταλιπόντες</span> <span class='ocrx_word' id='word_1_261' title='bbox 803 1985 995 2056; x_wconf 84' lang='grc' dir='ltr'><strong>(5),τῷ</strong></span> <span class='ocrx_word' id='word_1_262' title='bbox 1021 1987 1120 2056; x_wconf 80' lang='grc' dir='ltr'>τῆς</span> <span class='ocrx_word' id='word_1_263' title='bbox 1149 1984 1395 2049; x_wconf 85' lang='grc' dir='ltr'>ένώσεως</span> <span class='ocrx_word' id='word_1_264' title='bbox 1410 1986 1504 2038; x_wconf 76' lang='grc' dir='ltr'>καὶ</span> <span class='ocrx_word' id='word_1_265' title='bbox 1539 1984 1834 2053; x_wconf 87' lang='grc' dir='ltr'>συναφείας</span> <span class='ocrx_word' id='word_1_266' title='bbox 1863 1985 1958 2037; x_wconf 76' lang='grc' dir='ltr'>καὶ</span> 
     </span>
    </p>
   </div>
   <div class='ocr_carea' id='block_1_39' title="bbox 384 2075 1958 2150">
    <p class='ocr_par' dir='ltr' id='par_1_39' title="bbox 384 2075 1958 2150">
     <span class='ocr_line' id='line_1_39' title="bbox 384 2075 1958 2150; baseline -0.001 -19"><span class='ocrx_word' id='word_1_267' title='bbox 384 2079 666 2141; x_wconf 88' lang='grc' dir='ltr'>κοινωνίας</span> <span class='ocrx_word' id='word_1_268' title='bbox 710 2078 932 2150; x_wconf 80' lang='grc' dir='ltr'>ὀνόματι</span> <span class='ocrx_word' id='word_1_269' title='bbox 973 2078 1242 2149; x_wconf 86' lang='grc' dir='ltr'>χρώμενοι</span> <span class='ocrx_word' id='word_1_270' title='bbox 1272 2076 1668 2147; x_wconf 84' lang='grc' dir='ltr'>διατελέσωμεν</span> <span class='ocrx_word' id='word_1_271' title='bbox 1699 2092 1712 2104; x_wconf 91' lang='grc'>·</span> <span class='ocrx_word' id='word_1_272' title='bbox 1745 2075 1958 2144; x_wconf 83' lang='grc' dir='ltr'>φύσεων</span> 
     </span>
    </p>
   </div>
   <div class='ocr_carea' id='block_1_40' title="bbox 388 2167 1958 2241">
    <p class='ocr_par' dir='ltr' id='par_1_40' title="bbox 388 2167 1958 2241">
     <span class='ocr_line' id='line_1_40' title="bbox 388 2167 1958 2241; baseline -0.002 -19"><span class='ocrx_word' id='word_1_273' title='bbox 388 2171 486 2239; x_wconf 83' lang='grc' dir='ltr'>μὲν</span> <span class='ocrx_word' id='word_1_274' title='bbox 535 2169 694 2241; x_wconf 86' lang='lat' dir='ltr'><strong>[cod.</strong></span> <span class='ocrx_word' id='word_1_275' title='bbox 735 2169 973 2240; x_wconf 80' lang='grc' dir='ltr'>φύσεως]</span> <span class='ocrx_word' id='word_1_276' title='bbox 1002 2169 1292 2240; x_wconf 84' lang='grc' dir='ltr'>διάκρισιν,</span> <span class='ocrx_word' id='word_1_277' title='bbox 1327 2167 1622 2239; x_wconf 85' lang='grc' dir='ltr'>προσώπου</span> <span class='ocrx_word' id='word_1_278' title='bbox 1666 2167 1722 2220; x_wconf 87' lang='grc' dir='ltr'><strong>δέ</strong></span> <span class='ocrx_word' id='word_1_279' title='bbox 1764 2167 1958 2220; x_wconf 76' lang='grc' dir='ltr'>ἕνωσιν</span> 
     </span>
    </p>
   </div>
   <div class='ocr_carea' id='block_1_41' title="bbox 383 2257 1958 2331">
    <p class='ocr_par' dir='ltr' id='par_1_41' title="bbox 383 2257 1958 2331">
     <span class='ocr_line' id='line_1_41' title="bbox 383 2257 1958 2331; baseline -0.001 -19"><span class='ocrx_word' id='word_1_280' title='bbox 383 2260 825 2331; x_wconf 79' lang='grc' dir='ltr'>δογματίζοντες.</span> <span class='ocrx_word' id='word_1_281' title='bbox 885 2259 1045 2313; x_wconf 79' lang='grc' dir='ltr'>Οὕτω</span> <span class='ocrx_word' id='word_1_282' title='bbox 1094 2260 1194 2328; x_wconf 78' lang='grc' dir='ltr'><strong>τὴν</strong></span> <span class='ocrx_word' id='word_1_283' title='bbox 1257 2259 1467 2329; x_wconf 81' lang='grc' dir='ltr'>Ἀρείου</span> <span class='ocrx_word' id='word_1_284' title='bbox 1529 2258 1624 2310; x_wconf 75' lang='grc' dir='ltr'><strong>καὶ</strong></span> <span class='ocrx_word' id='word_1_285' title='bbox 1692 2257 1958 2325; x_wconf 82' lang='grc' dir='ltr'>Εὑνομίου</span> 
     </span>
    </p>
   </div>
   <div class='ocr_carea' id='block_1_42' title="bbox 388 2351 1962 2422">
    <p class='ocr_par' dir='ltr' id='par_1_42' title="bbox 388 2351 1962 2422">
     <span class='ocr_line' id='line_1_42' title="bbox 388 2351 1962 2422; baseline -0.001 -17"><span class='ocrx_word' id='word_1_286' title='bbox 388 2353 734 2422; x_wconf 81' lang='grc' dir='ltr'>βλασφημίαν</span> <span class='ocrx_word' id='word_1_287' title='bbox 781 2351 1165 2422; x_wconf 84' lang='grc' dir='ltr'>ἐλέγξομεν,τά</span> <span class='ocrx_word' id='word_1_288' title='bbox 1227 2352 1324 2422; x_wconf 80' lang='grc' dir='ltr'>μὲν</span> <span class='ocrx_word' id='word_1_289' title='bbox 1376 2351 1648 2413; x_wconf 84' lang='grc' dir='ltr'>ταπεινῶς</span> <span class='ocrx_word' id='word_1_290' title='bbox 1695 2351 1962 2421; x_wconf 81' lang='grc' dir='ltr'>εἰρημένα</span> 
     </span>
    </p>
   </div>
   <div class='ocr_carea' id='block_1_43' title="bbox 387 2441 1962 2514">
    <p class='ocr_par' dir='ltr' id='par_1_43' title="bbox 387 2441 1962 2514">
     <span class='ocr_line' id='line_1_43' title="bbox 387 2441 1962 2514; baseline -0.003 -17"><span class='ocrx_word' id='word_1_291' title='bbox 387 2445 480 2497; x_wconf 78' lang='grc' dir='ltr'><strong>καὶ</strong></span> <span class='ocrx_word' id='word_1_292' title='bbox 530 2444 890 2514; x_wconf 84' lang='grc' dir='ltr'>πεπραγμένα</span> <span class='ocrx_word' id='word_1_293' title='bbox 917 2442 995 2512; x_wconf 82' lang='grc' dir='ltr'><strong>τῷ</strong></span> <span class='ocrx_word' id='word_1_294' title='bbox 1026 2443 1236 2513; x_wconf 82' lang='grc' dir='ltr'>Σωτῆρι</span> <span class='ocrx_word' id='word_1_295' title='bbox 1269 2441 1508 2512; x_wconf 84' lang='grc' dir='ltr'>Χριστῷ,</span> <span class='ocrx_word' id='word_1_296' title='bbox 1555 2441 1962 2511; x_wconf 85' lang='grc' dir='ltr'>προσάπτοντες</span> 
     </span>
    </p>
   </div>
   <div class='ocr_carea' id='block_1_44' title="bbox 386 2531 1962 2606">
    <p class='ocr_par' dir='ltr' id='par_1_44' title="bbox 386 2531 1962 2606">
     <span class='ocr_line' id='line_1_44' title="bbox 386 2531 1962 2606; baseline -0.003 -18"><span class='ocrx_word' id='word_1_297' title='bbox 386 2538 451 2606; x_wconf 82' lang='grc' dir='ltr'>τῇ</span> <span class='ocrx_word' id='word_1_298' title='bbox 482 2535 574 2587; x_wconf 80' lang='grc' dir='ltr'>τοῦ</span> <span class='ocrx_word' id='word_1_299' title='bbox 604 2535 787 2587; x_wconf 85' lang='grc' dir='ltr'>δούλου</span> <span class='ocrx_word' id='word_1_300' title='bbox 819 2537 1019 2606; x_wconf 84' lang='grc' dir='ltr'>μορφῇ·</span> <span class='ocrx_word' id='word_1_301' title='bbox 1046 2534 1112 2586; x_wconf 82' lang='grc' dir='ltr'>τὰ</span> <span class='ocrx_word' id='word_1_302' title='bbox 1139 2535 1196 2587; x_wconf 88' lang='grc' dir='ltr'><strong>δέ</strong></span> <span class='ocrx_word' id='word_1_303' title='bbox 1225 2533 1403 2604; x_wconf 75' lang='grc' dir='ltr'>ὑψηλά</span> <span class='ocrx_word' id='word_1_304' title='bbox 1434 2533 1527 2586; x_wconf 73' lang='grc' dir='ltr'><strong>καὶ</strong></span> <span class='ocrx_word' id='word_1_305' title='bbox 1562 2532 1836 2602; x_wconf 84' lang='grc' dir='ltr'>θεοπρεπῆ</span> <span class='ocrx_word' id='word_1_306' title='bbox 1868 2531 1962 2585; x_wconf 71' lang='grc' dir='ltr'><strong>καὶ</strong></span> 
     </span>
    </p>
   </div>
   <div class='ocr_carea' id='block_1_45' title="bbox 391 2618 1962 2696">
    <p class='ocr_par' dir='ltr' id='par_1_45' title="bbox 391 2618 1962 2696">
     <span class='ocr_line' id='line_1_45' title="bbox 391 2618 1962 2696; baseline -0.002 -20"><span class='ocrx_word' id='word_1_307' title='bbox 391 2625 635 2696; x_wconf 83' lang='grc' dir='ltr'>μεγάλα,</span> <span class='ocrx_word' id='word_1_308' title='bbox 700 2627 765 2694; x_wconf 83' lang='grc' dir='ltr'>τῇ</span> <span class='ocrx_word' id='word_1_309' title='bbox 809 2624 984 2694; x_wconf 75' lang='grc' dir='ltr'>ὑψηλῇ</span> <span class='ocrx_word' id='word_1_310' title='bbox 1051 2624 1148 2676; x_wconf 79' lang='grc' dir='ltr'>καὶ</span> <span class='ocrx_word' id='word_1_311' title='bbox 1208 2623 1416 2692; x_wconf 82' lang='grc' dir='ltr'>μεγάλῃ</span> <span class='ocrx_word' id='word_1_312' title='bbox 1466 2623 1561 2675; x_wconf 78' lang='grc' dir='ltr'>καὶ</span> <span class='ocrx_word' id='word_1_313' title='bbox 1610 2620 1788 2673; x_wconf 85' lang='grc' dir='ltr'>πάντα</span> <span class='ocrx_word' id='word_1_314' title='bbox 1837 2618 1962 2674; x_wconf 86' lang='grc' dir='ltr'>νοῦν</span> 
     </span>
    </p>
   </div>
   <div class='ocr_carea' id='block_1_46' title="bbox 391 2712 1442 2785">
    <p class='ocr_par' dir='ltr' id='par_1_46' title="bbox 391 2712 1442 2785">
     <span class='ocr_line' id='line_1_46' title="bbox 391 2712 1442 2785; baseline -0.004 -18"><span class='ocrx_word' id='word_1_315' title='bbox 391 2713 791 2785; x_wconf 75' lang='grc' dir='ltr'>ὑπερϐαινούσῃ</span> <span class='ocrx_word' id='word_1_316' title='bbox 839 2712 1182 2772; x_wconf 79' lang='grc' dir='ltr'>ἀνατιθέντες</span> <span class='ocrx_word' id='word_1_317' title='bbox 1207 2712 1442 2780; x_wconf 81' lang='grc' dir='ltr'>θεότητι.</span> 
     </span>
    </p>
   </div>
   <div class='ocr_carea' id='block_1_47' title="bbox 390 2799 1963 2874">
    <p class='ocr_par' dir='ltr' id='par_1_47' title="bbox 390 2799 1963 2874">
     <span class='ocr_line' id='line_1_47' title="bbox 390 2799 1963 2874; baseline 0.009 -15"><span class='ocrx_word' id='word_1_318' title='bbox 390 2806 509 2860; x_wconf 79' lang='lat' dir='ltr'><strong>AI&quot;.</strong></span> <span class='ocrx_word' id='word_1_319' title='bbox 551 2806 678 2858; x_wconf 83' lang='grc' dir='ltr'>’Ὅτι</span> <span class='ocrx_word' id='word_1_320' title='bbox 714 2805 823 2874; x_wconf 80' lang='grc' dir='ltr'>τῆς</span> <span class='ocrx_word' id='word_1_321' title='bbox 853 2803 1142 2872; x_wconf 79' lang='grc' dir='ltr'>ἡμετέρας</span> <span class='ocrx_word' id='word_1_322' title='bbox 1171 2805 1408 2871; x_wconf 65' lang='grc' dir='ltr'>φύσεως</span> <span class='ocrx_word' id='word_1_323' title='bbox 1438 2801 1476 2868; x_wconf 73' lang='grc' dir='ltr'><strong>’ἡ</strong></span> <span class='ocrx_word' id='word_1_324' title='bbox 1527 2803 1616 2874; x_wconf 55' lang='grc' dir='ltr'><strong>εἶς</strong></span> <span class='ocrx_word' id='word_1_325' title='bbox 1661 2799 1963 2874; x_wconf 54' lang='lat' dir='ltr'><strong>ot&#39;tpam‘tc</strong></span> 
     </span>
    </p>
   </div>
   <div class='ocr_carea' id='block_1_48' title="bbox 461 2869 1964 2944">
    <p class='ocr_par' dir='ltr' id='par_1_48' title="bbox 461 2869 1964 2944">
     <span class='ocr_line' id='line_1_48' title="bbox 461 2869 1964 2944; baseline -0.005 -15"><span class='ocrx_word' id='word_1_326' title='bbox 461 2869 934 2944; x_wconf 49' lang='lat' dir='ltr'><strong>drdxmtnc&#39;rc‘ig</strong></span> <span class='ocrx_word' id='word_1_327' title='bbox 983 2869 1088 2928; x_wconf 73' lang='grc' dir='ltr'>τοῦ</span> <span class='ocrx_word' id='word_1_328' title='bbox 1147 2869 1492 2940; x_wconf 69' lang='grc' dir='ltr'>ιίνεύματος</span> <span class='ocrx_word' id='word_1_329' title='bbox 1545 2869 1766 2939; x_wconf 62' lang='grc' dir='ltr'>δωρεὰς</span> <span class='ocrx_word' id='word_1_330' title='bbox 1819 2869 1964 2940; x_wconf 66' lang='grc' dir='ltr'><strong>’ἡμῖν</strong></span> 
     </span>
    </p>
   </div>
   <div class='ocr_carea' id='block_1_49' title="bbox 462 2945 872 3013">
    <p class='ocr_par' dir='ltr' id='par_1_49' title="bbox 462 2945 872 3013">
     <span class='ocr_line' id='line_1_49' title="bbox 462 2945 872 3013; baseline 0 -15"><span class='ocrx_word' id='word_1_331' title='bbox 462 2945 872 3013; x_wconf 30' lang='grc' dir='ltr'>προεξένηισεν.</span> 
     </span>
    </p>
   </div>
   <div class='ocr_carea' id='block_1_50' title="bbox 2055 1799 3633 1871">
    <p class='ocr_par' dir='ltr' id='par_1_50' title="bbox 2055 1799 3633 1871">
     <span class='ocr_line' id='line_1_50' title="bbox 2055 1799 3633 1871; baseline 0.001 -16"><span class='ocrx_word' id='word_1_332' title='bbox 2055 1799 2182 1855; x_wconf 68' lang='lat' dir='ltr'><strong>Haec</strong></span> <span class='ocrx_word' id='word_1_333' title='bbox 2219 1801 2387 1870; x_wconf 78' lang='lat' dir='ltr'><strong>igitur</strong></span> <span class='ocrx_word' id='word_1_334' title='bbox 2419 1802 2582 1855; x_wconf 88' lang='lat' dir='ltr'><strong>etiam</strong></span> <span class='ocrx_word' id='word_1_335' title='bbox 2620 1804 2672 1856; x_wconf 93' lang='lat' dir='ltr'><strong>in</strong></span> <span class='ocrx_word' id='word_1_336' title='bbox 2713 1803 2777 1856; x_wconf 90' lang='lat' dir='ltr'><strong>iis</strong></span> <span class='ocrx_word' id='word_1_337' title='bbox 2826 1817 2948 1871; x_wconf 72' lang='lat' dir='ltr'><strong>quat</strong></span> <span class='ocrx_word' id='word_1_338' title='bbox 2985 1803 3217 1856; x_wconf 89' lang='lat' dir='ltr'><strong>attinent</strong></span> <span class='ocrx_word' id='word_1_339' title='bbox 3263 1803 3328 1856; x_wconf 84' lang='lat' dir='ltr'><strong>ad</strong></span> <span class='ocrx_word' id='word_1_340' title='bbox 3381 1805 3633 1857; x_wconf 83' lang='lat' dir='ltr'><strong>incarna-</strong></span> 
     </span>
    </p>
   </div>
   <div class='ocr_carea' id='block_1_51' title="bbox 2059 1891 3632 1962">
    <p class='ocr_par' dir='ltr' id='par_1_51' title="bbox 2059 1891 3632 1962">
     <span class='ocr_line' id='line_1_51' title="bbox 2059 1891 3632 1962; baseline 0.001 -15"><span class='ocrx_word' id='word_1_341' title='bbox 2059 1893 2260 1947; x_wconf 86' lang='lat' dir='ltr'><strong>tionem</strong></span> <span class='ocrx_word' id='word_1_342' title='bbox 2290 1893 2520 1961; x_wconf 82' lang='lat' dir='ltr'><strong>exempli</strong></span> <span class='ocrx_word' id='word_1_343' title='bbox 2553 1894 2727 1947; x_wconf 84' lang='lat' dir='ltr'><strong>instar</strong></span> <span class='ocrx_word' id='word_1_344' title='bbox 2756 1901 3051 1956; x_wconf 84' lang='lat' dir='ltr'><strong>sumentes,</strong></span> <span class='ocrx_word' id='word_1_345' title='bbox 3096 1908 3124 1946; x_wconf 90' lang='lat' dir='ltr'><strong>a</strong></span> <span class='ocrx_word' id='word_1_346' title='bbox 3174 1891 3506 1962; x_wconf 84' lang='lat' dir='ltr'><strong>blasphemia</strong></span> <span class='ocrx_word' id='word_1_347' title='bbox 3544 1893 3632 1948; x_wconf 89' lang='lat' dir='ltr'><strong>illa</strong></span> 
     </span>
    </p>
   </div>
   <div class='ocr_carea' id='block_1_52' title="bbox 2057 1983 3635 2049">
    <p class='ocr_par' dir='ltr' id='par_1_52' title="bbox 2057 1983 3635 2049">
     <span class='ocr_line' id='line_1_52' title="bbox 2057 1983 3635 2049; baseline -0.001 -10"><span class='ocrx_word' id='word_1_348' title='bbox 2057 1983 2370 2039; x_wconf 81' lang='lat' dir='ltr'><strong>cavebimus</strong></span> <span class='ocrx_word' id='word_1_349' title='bbox 2395 2000 2410 2049; x_wconf 89' lang='lat'><strong>;</strong></span> <span class='ocrx_word' id='word_1_350' title='bbox 2445 1993 2498 2038; x_wconf 91' lang='lat' dir='ltr'><strong>et</strong></span> <span class='ocrx_word' id='word_1_351' title='bbox 2517 1985 2717 2039; x_wconf 91' lang='lat' dir='ltr'><strong>omissa</strong></span> <span class='ocrx_word' id='word_1_352' title='bbox 2743 1984 3111 2046; x_wconf 87' lang='lat' dir='ltr'><strong>concretione,</strong></span> <span class='ocrx_word' id='word_1_353' title='bbox 3131 1983 3408 2038; x_wconf 81' lang='lat' dir='ltr'><strong>vocabulis</strong></span> <span class='ocrx_word' id='word_1_354' title='bbox 3430 1984 3635 2038; x_wconf 86' lang='lat' dir='ltr'><strong>aduna-</strong></span> 
     </span>
    </p>
   </div>
   <div class='ocr_carea' id='block_1_53' title="bbox 2059 2075 3636 2146">
    <p class='ocr_par' dir='ltr' id='par_1_53' title="bbox 2059 2075 3636 2146">
     <span class='ocr_line' id='line_1_53' title="bbox 2059 2075 3636 2146; baseline 0 -16"><span class='ocrx_word' id='word_1_355' title='bbox 2059 2075 2245 2142; x_wconf 89' lang='lat' dir='ltr'><strong>tionis,</strong></span> <span class='ocrx_word' id='word_1_356' title='bbox 2304 2077 2722 2146; x_wconf 73' lang='lat' dir='ltr'><strong>coniunctionis,</strong></span> <span class='ocrx_word' id='word_1_357' title='bbox 2768 2086 2824 2129; x_wconf 91' lang='lat' dir='ltr'><strong>et</strong></span> <span class='ocrx_word' id='word_1_358' title='bbox 2880 2076 3276 2130; x_wconf 89' lang='lat' dir='ltr'><strong>communionis</strong></span> <span class='ocrx_word' id='word_1_359' title='bbox 3325 2085 3636 2132; x_wconf 85' lang='lat' dir='ltr'><strong>constanter</strong></span> 
     </span>
    </p>
   </div>
   <div class='ocr_carea' id='block_1_54' title="bbox 2061 2166 3634 2235">
    <p class='ocr_par' dir='ltr' id='par_1_54' title="bbox 2061 2166 3634 2235">
     <span class='ocr_line' id='line_1_54' title="bbox 2061 2166 3634 2235; baseline 0 -14"><span class='ocrx_word' id='word_1_360' title='bbox 2061 2176 2278 2221; x_wconf 87' lang='lat' dir='ltr'><strong>utemur</strong></span> <span class='ocrx_word' id='word_1_361' title='bbox 2318 2183 2332 2232; x_wconf 90' lang='lat'>;</span> <span class='ocrx_word' id='word_1_362' title='bbox 2367 2177 2688 2220; x_wconf 84' lang='lat' dir='ltr'><strong>naturarum</strong></span> <span class='ocrx_word' id='word_1_363' title='bbox 2748 2166 3175 2230; x_wconf 87' lang='lat' dir='ltr'><strong>distinctionem,</strong></span> <span class='ocrx_word' id='word_1_364' title='bbox 3225 2182 3468 2235; x_wconf 68' lang='lat' dir='ltr'><strong>persona:</strong></span> <span class='ocrx_word' id='word_1_365' title='bbox 3505 2181 3634 2221; x_wconf 77' lang='lat' dir='ltr'><strong>vero</strong></span> 
     </span>
    </p>
   </div>
   <div class='ocr_carea' id='block_1_55' title="bbox 2059 2253 3632 2320">
    <p class='ocr_par' dir='ltr' id='par_1_55' title="bbox 2059 2253 3632 2320">
     <span class='ocr_line' id='line_1_55' title="bbox 2059 2253 3632 2320; baseline 0 -12"><span class='ocrx_word' id='word_1_366' title='bbox 2059 2253 2322 2308; x_wconf 87' lang='lat' dir='ltr'><strong>unitatem</strong></span> <span class='ocrx_word' id='word_1_367' title='bbox 2391 2253 2846 2320; x_wconf 85' lang='lat' dir='ltr'><strong>dogmatizantes.</strong></span> <span class='ocrx_word' id='word_1_368' title='bbox 2918 2253 3008 2306; x_wconf 85' lang='lat' dir='ltr'><strong>Sic</strong></span> <span class='ocrx_word' id='word_1_369' title='bbox 3074 2253 3186 2306; x_wconf 85' lang='lat' dir='ltr'><strong>Arii</strong></span> <span class='ocrx_word' id='word_1_370' title='bbox 3260 2262 3315 2307; x_wconf 93' lang='lat' dir='ltr'><strong>et</strong></span> <span class='ocrx_word' id='word_1_371' title='bbox 3386 2254 3632 2308; x_wconf 85' lang='lat' dir='ltr'><strong>Eunomii</strong></span> 
     </span>
    </p>
   </div>
   <div class='ocr_carea' id='block_1_56' title="bbox 2059 2343 3634 2414">
    <p class='ocr_par' dir='ltr' id='par_1_56' title="bbox 2059 2343 3634 2414">
     <span class='ocr_line' id='line_1_56' title="bbox 2059 2343 3634 2414; baseline 0 -16"><span class='ocrx_word' id='word_1_372' title='bbox 2059 2343 2452 2412; x_wconf 85' lang='lat' dir='ltr'><strong>blasphemiam</strong></span> <span class='ocrx_word' id='word_1_373' title='bbox 2488 2344 2843 2399; x_wconf 79' lang='lat' dir='ltr'><strong>refutabimus</strong></span> <span class='ocrx_word' id='word_1_374' title='bbox 2869 2361 2882 2406; x_wconf 87' lang='lat'>;</span> <span class='ocrx_word' id='word_1_375' title='bbox 2909 2343 3192 2398; x_wconf 88' lang='lat' dir='ltr'><strong>humiliter</strong></span> <span class='ocrx_word' id='word_1_376' title='bbox 3232 2345 3446 2414; x_wconf 86' lang='lat' dir='ltr'><strong>quidem</strong></span> <span class='ocrx_word' id='word_1_377' title='bbox 3481 2345 3634 2400; x_wconf 84' lang='lat' dir='ltr'><strong>&#39;dicta</strong></span> 
     </span>
    </p>
   </div>
   <div class='ocr_carea' id='block_1_57' title="bbox 2060 2433 3637 2507">
    <p class='ocr_par' dir='ltr' id='par_1_57' title="bbox 2060 2433 3637 2507">
     <span class='ocr_line' id='line_1_57' title="bbox 2060 2433 3637 2507; baseline 0.003 -19"><span class='ocrx_word' id='word_1_378' title='bbox 2060 2443 2114 2488; x_wconf 91' lang='lat' dir='ltr'><strong>et</strong></span> <span class='ocrx_word' id='word_1_379' title='bbox 2137 2433 2277 2489; x_wconf 82' lang='lat' dir='ltr'><strong>facta</strong></span> <span class='ocrx_word' id='word_1_380' title='bbox 2311 2451 2338 2488; x_wconf 87' lang='lat' dir='ltr'><strong>a</strong></span> <span class='ocrx_word' id='word_1_381' title='bbox 2368 2433 2658 2490; x_wconf 87' lang='lat' dir='ltr'><strong>Servalore</strong></span> <span class='ocrx_word' id='word_1_382' title='bbox 2695 2435 2912 2490; x_wconf 84' lang='lat' dir='ltr'><strong>Christo</strong></span> <span class='ocrx_word' id='word_1_383' title='bbox 2977 2436 3115 2490; x_wconf 85' lang='lat' dir='ltr'><strong>servi</strong></span> <span class='ocrx_word' id='word_1_384' title='bbox 3145 2434 3334 2491; x_wconf 71' lang='lat' dir='ltr'><strong>forma:</strong></span> <span class='ocrx_word' id='word_1_385' title='bbox 3369 2440 3637 2507; x_wconf 89' lang='lat' dir='ltr'><strong>applican-</strong></span> 
     </span>
    </p>
   </div>
   <div class='ocr_carea' id='block_1_58' title="bbox 2063 2527 3628 2600">
    <p class='ocr_par' dir='ltr' id='par_1_58' title="bbox 2063 2527 3628 2600">
     <span class='ocr_line' id='line_1_58' title="bbox 2063 2527 3628 2600; baseline 0.001 -18"><span class='ocrx_word' id='word_1_386' title='bbox 2063 2537 2145 2583; x_wconf 90' lang='lat' dir='ltr'><strong>tes</strong></span> <span class='ocrx_word' id='word_1_387' title='bbox 2176 2545 2192 2594; x_wconf 93' lang='lat'><strong>;</strong></span> <span class='ocrx_word' id='word_1_388' title='bbox 2222 2527 2472 2582; x_wconf 88' lang='lat' dir='ltr'><strong>sublimia</strong></span> <span class='ocrx_word' id='word_1_389' title='bbox 2531 2540 2707 2581; x_wconf 88' lang='lat' dir='ltr'><strong>autem</strong></span> <span class='ocrx_word' id='word_1_390' title='bbox 2745 2538 2798 2581; x_wconf 91' lang='lat' dir='ltr'><strong>et</strong></span> <span class='ocrx_word' id='word_1_391' title='bbox 2829 2529 2938 2582; x_wconf 89' lang='lat' dir='ltr'><strong>Deo</strong></span> <span class='ocrx_word' id='word_1_392' title='bbox 2991 2529 3150 2599; x_wconf 85' lang='lat' dir='ltr'><strong>digna</strong></span> <span class='ocrx_word' id='word_1_393' title='bbox 3187 2543 3250 2584; x_wconf 88' lang='lat' dir='ltr'><strong>ac</strong></span> <span class='ocrx_word' id='word_1_394' title='bbox 3280 2545 3476 2600; x_wconf 88' lang='lat' dir='ltr'><strong>magna</strong></span> <span class='ocrx_word' id='word_1_395' title='bbox 3532 2547 3628 2585; x_wconf 90' lang='lat' dir='ltr'><strong>su-</strong></span> 
     </span>
    </p>
   </div>
   <div class='ocr_carea' id='block_1_59' title="bbox 2062 2619 3638 2688">
    <p class='ocr_par' dir='ltr' id='par_1_59' title="bbox 2062 2619 3638 2688">
     <span class='ocr_line' id='line_1_59' title="bbox 2062 2619 3638 2688; baseline 0.003 -15"><span class='ocrx_word' id='word_1_396' title='bbox 2062 2619 2212 2673; x_wconf 87' lang='lat' dir='ltr'><strong>blimi</strong></span> <span class='ocrx_word' id='word_1_397' title='bbox 2265 2631 2317 2674; x_wconf 90' lang='lat' dir='ltr'><strong>et</strong></span> <span class='ocrx_word' id='word_1_398' title='bbox 2363 2635 2566 2688; x_wconf 77' lang='lat' dir='ltr'><strong>magna:</strong></span> <span class='ocrx_word' id='word_1_399' title='bbox 2615 2631 2670 2674; x_wconf 92' lang='lat' dir='ltr'><strong>et</strong></span> <span class='ocrx_word' id='word_1_400' title='bbox 2706 2621 2884 2674; x_wconf 89' lang='lat' dir='ltr'><strong>omnia</strong></span> <span class='ocrx_word' id='word_1_401' title='bbox 2939 2621 3221 2676; x_wconf 80' lang='lat' dir='ltr'><strong>excedenti</strong></span> <span class='ocrx_word' id='word_1_402' title='bbox 3277 2623 3638 2678; x_wconf 85' lang='lat' dir='ltr'><strong>attribuentcs</strong></span> 
     </span>
    </p>
   </div>
   <div class='ocr_carea' id='block_1_60' title="bbox 2064 2709 2353 2764">
    <p class='ocr_par' dir='ltr' id='par_1_60' title="bbox 2064 2709 2353 2764">
     <span class='ocr_line' id='line_1_60' title="bbox 2064 2709 2353 2764; baseline 0 -1"><span class='ocrx_word' id='word_1_403' title='bbox 2064 2709 2353 2764; x_wconf 80' lang='lat' dir='ltr'><strong>divinitati.</strong></span> 
     </span>
    </p>
   </div>
   <div class='ocr_carea' id='block_1_61' title="bbox 2065 2801 3637 2872">
    <p class='ocr_par' dir='ltr' id='par_1_61' title="bbox 2065 2801 3637 2872">
     <span class='ocr_line' id='line_1_61' title="bbox 2065 2801 3637 2872; baseline 0.001 -16"><span class='ocrx_word' id='word_1_404' title='bbox 2065 2801 2231 2872; x_wconf 67' lang='grc'><strong>845</strong></span> <span class='ocrx_word' id='word_1_405' title='bbox 2265 2820 2312 2854; x_wconf 82' lang='lat' dir='ltr'><strong>tn</strong></span> <span class='ocrx_word' id='word_1_406' title='bbox 2349 2801 2584 2860; x_wconf 79' lang='lat' dir='ltr'><strong>XXXIII.</strong></span> <span class='ocrx_word' id='word_1_407' title='bbox 2641 2801 2792 2869; x_wconf 80' lang='lat' dir='ltr'><strong>Quod</strong></span> <span class='ocrx_word' id='word_1_408' title='bbox 2853 2817 3043 2859; x_wconf 72' lang='lat' dir='ltr'><strong>nostra:</strong></span> <span class='ocrx_word' id='word_1_409' title='bbox 3096 2817 3298 2860; x_wconf 74' lang='lat' dir='ltr'><strong>natura!</strong></span> <span class='ocrx_word' id='word_1_410' title='bbox 3347 2807 3401 2858; x_wconf 84' lang='lat' dir='ltr'><strong>in</strong></span> <span class='ocrx_word' id='word_1_411' title='bbox 3453 2807 3637 2861; x_wconf 59' lang='lat' dir='ltr'><strong>caelum</strong></span> 
     </span>
    </p>
   </div>
   <div class='ocr_carea' id='block_1_62' title="bbox 2063 2873 3636 2945">
    <p class='ocr_par' dir='ltr' id='par_1_62' title="bbox 2063 2873 3636 2945">
     <span class='ocr_line' id='line_1_62' title="bbox 2063 2873 3636 2945; baseline 0.004 -22"><span class='ocrx_word' id='word_1_412' title='bbox 2063 2873 2372 2941; x_wconf 79' lang='lat' dir='ltr'><strong>assumptio,</strong></span> <span class='ocrx_word' id='word_1_413' title='bbox 2405 2873 2632 2944; x_wconf 81' lang='lat' dir='ltr'><strong>Spiritus</strong></span> <span class='ocrx_word' id='word_1_414' title='bbox 2661 2876 2828 2927; x_wconf 77' lang='lat' dir='ltr'><strong>sancti</strong></span> <span class='ocrx_word' id='word_1_415' title='bbox 2856 2877 2994 2928; x_wconf 84' lang='lat' dir='ltr'><strong>dona</strong></span> <span class='ocrx_word' id='word_1_416' title='bbox 3040 2877 3185 2929; x_wconf 80' lang='lat' dir='ltr'><strong>nobis</strong></span> <span class='ocrx_word' id='word_1_417' title='bbox 3230 2879 3636 2945; x_wconf 83' lang='lat' dir='ltr'><strong>comparaverit.</strong></span> 
     </span>
    </p>
   </div>
   <div class='ocr_carea' id='block_1_63' title="bbox 473 3028 1961 3106">
    <p class='ocr_par' dir='ltr' id='par_1_63' title="bbox 473 3033 1958 3106">
     <span class='ocr_line' id='line_1_63' title="bbox 473 3033 1958 3106; baseline -0.003 -16"><span class='ocrx_word' id='word_1_418' title='bbox 473 3037 634 3090; x_wconf 82' lang='grc' dir='ltr'>Ἀλλά</span> <span class='ocrx_word' id='word_1_419' title='bbox 687 3035 877 3106; x_wconf 80' lang='grc' dir='ltr'>καιρὸς</span> <span class='ocrx_word' id='word_1_420' title='bbox 936 3035 1266 3106; x_wconf 82' lang='grc' dir='ltr'>ἀναδραμεῖν</span> <span class='ocrx_word' id='word_1_421' title='bbox 1328 3035 1421 3087; x_wconf 71' lang='grc' dir='ltr'>ἐπὶ</span> <span class='ocrx_word' id='word_1_422' title='bbox 1469 3033 1530 3086; x_wconf 82' lang='grc' dir='ltr'><strong>τὸ</strong></span> <span class='ocrx_word' id='word_1_423' title='bbox 1579 3034 1958 3104; x_wconf 83' lang='grc' dir='ltr'>προκείμενον.</span> 
     </span>
    </p>
   </div>
   <div class='ocr_carea' id='block_1_64' title="bbox 2064 3028 3636 3106">
    <p class='ocr_par' dir='ltr' id='par_1_64' title="bbox 2136 3029 3636 3102">
     <span class='ocr_line' id='line_1_64' title="bbox 2136 3029 3636 3102; baseline 0.004 -18"><span class='ocrx_word' id='word_1_424' title='bbox 2136 3029 2240 3084; x_wconf 88' lang='lat' dir='ltr'><strong>Sed</strong></span> <span class='ocrx_word' id='word_1_425' title='bbox 2271 3029 2383 3098; x_wconf 84' lang='lat' dir='ltr'><strong>jam</strong></span> <span class='ocrx_word' id='word_1_426' title='bbox 2419 3041 2628 3102; x_wconf 82' lang='lat' dir='ltr'><strong>tempus</strong></span> <span class='ocrx_word' id='word_1_427' title='bbox 2683 3041 2766 3087; x_wconf 87' lang='lat' dir='ltr'><strong>est</strong></span> <span class='ocrx_word' id='word_1_428' title='bbox 2806 3033 3113 3088; x_wconf 87' lang='lat' dir='ltr'><strong>revertendi</strong></span> <span class='ocrx_word' id='word_1_429' title='bbox 3162 3033 3228 3086; x_wconf 90' lang='lat' dir='ltr'><strong>ad</strong></span> <span class='ocrx_word' id='word_1_430' title='bbox 3275 3033 3636 3102; x_wconf 87' lang='lat' dir='ltr'><strong>propositum.</strong></span> 
     </span>
    </p>
   </div>
   <div class='ocr_carea' id='block_1_65' title="bbox 406 3125 1966 3199">
    <p class='ocr_par' dir='ltr' id='par_1_65' title="bbox 406 3125 1966 3199">
     <span class='ocr_line' id='line_1_65' title="bbox 406 3125 1966 3199; baseline -0.004 -17"><span class='ocrx_word' id='word_1_431' title='bbox 406 3129 760 3199; x_wconf 75' lang='grc' dir='ltr'>’Λναληφθεὶς</span> <span class='ocrx_word' id='word_1_432' title='bbox 793 3128 973 3181; x_wconf 89' lang='grc' dir='ltr'>τοίνυν</span> <span class='ocrx_word' id='word_1_433' title='bbox 1012 3129 1092 3185; x_wconf 80' lang='grc' dir='ltr'><strong>εἰς</strong></span> <span class='ocrx_word' id='word_1_434' title='bbox 1136 3125 1397 3196; x_wconf 76' lang='grc' dir='ltr'>οὐρανοὺς</span> <span class='ocrx_word' id='word_1_435' title='bbox 1440 3126 1468 3177; x_wconf 87' lang='grc' dir='ltr'>ὁ</span> <span class='ocrx_word' id='word_1_436' title='bbox 1507 3125 1784 3196; x_wconf 79' lang='grc' dir='ltr'>Δεσπότης</span> <span class='ocrx_word' id='word_1_437' title='bbox 1831 3126 1966 3196; x_wconf 84' lang='grc' dir='ltr'>Χρι-</span> 
     </span>
    </p>
   </div>
   <div class='ocr_carea' id='block_1_66' title="bbox 393 3215 1968 3288">
    <p class='ocr_par' dir='ltr' id='par_1_66' title="bbox 393 3215 1968 3288">
     <span class='ocr_line' id='line_1_66' title="bbox 393 3215 1968 3288; baseline -0.003 -14"><span class='ocrx_word' id='word_1_438' title='bbox 393 3222 537 3285; x_wconf 80' lang='grc' dir='ltr'>στὸς,</span> <span class='ocrx_word' id='word_1_439' title='bbox 569 3222 663 3274; x_wconf 59' lang='grc' dir='ltr'><strong>καὶ⁵</strong></span> <span class='ocrx_word' id='word_1_440' title='bbox 714 3220 904 3273; x_wconf 83' lang='grc' dir='ltr'>ἑαυτὸν</span> <span class='ocrx_word' id='word_1_441' title='bbox 939 3217 1125 3288; x_wconf 82' lang='grc' dir='ltr'>ὥσπερ</span> <span class='ocrx_word' id='word_1_442' title='bbox 1163 3217 1422 3286; x_wconf 80' lang='grc' dir='ltr'>ἐχέγγυον</span> <span class='ocrx_word' id='word_1_443' title='bbox 1454 3216 1556 3286; x_wconf 80' lang='grc' dir='ltr'>τῆς</span> <span class='ocrx_word' id='word_1_444' title='bbox 1599 3216 1708 3269; x_wconf 87' lang='grc' dir='ltr'><strong>τῶν</strong></span> <span class='ocrx_word' id='word_1_445' title='bbox 1753 3215 1968 3288; x_wconf 61' lang='grc' dir='ltr'>ἀνθρώα</span> 
     </span>
    </p>
   </div>
   <div class='ocr_carea' id='block_1_67' title="bbox 305 3307 1968 3383">
    <p class='ocr_par' dir='ltr' id='par_1_67' title="bbox 305 3307 1968 3383">
     <span class='ocr_line' id='line_1_67' title="bbox 305 3307 1968 3383; baseline -0.002 -17"><span class='ocrx_word' id='word_1_446' title='bbox 305 3315 312 3322; x_wconf 74' lang='grc'><strong>“</strong></span> <span class='ocrx_word' id='word_1_447' title='bbox 395 3331 511 3366; x_wconf 83' lang='grc' dir='ltr'><strong>πων</strong></span> <span class='ocrx_word' id='word_1_448' title='bbox 559 3313 778 3383; x_wconf 86' lang='grc' dir='ltr'>εἰρήνης</span> <span class='ocrx_word' id='word_1_449' title='bbox 833 3308 1210 3382; x_wconf 84' lang='grc' dir='ltr'>προσενεγκὼν</span> <span class='ocrx_word' id='word_1_450' title='bbox 1245 3307 1321 3379; x_wconf 80' lang='grc' dir='ltr'><strong>τῷ</strong></span> <span class='ocrx_word' id='word_1_451' title='bbox 1360 3309 1554 3378; x_wconf 81' lang='grc' dir='ltr'>Πατρὶ,</span> <span class='ocrx_word' id='word_1_452' title='bbox 1601 3311 1809 3379; x_wconf 84' lang='grc' dir='ltr'>πέμπει</span> <span class='ocrx_word' id='word_1_453' title='bbox 1855 3311 1968 3374; x_wconf 87' lang='grc' dir='ltr'>τοῖς</span> 
     </span>
    </p>
   </div>
   <div class='ocr_carea' id='block_1_68' title="bbox 394 3397 1971 3477">
    <p class='ocr_par' dir='ltr' id='par_1_68' title="bbox 394 3397 1971 3477">
     <span class='ocr_line' id='line_1_68' title="bbox 394 3397 1971 3477; baseline -0.001 -20"><span class='ocrx_word' id='word_1_454' title='bbox 394 3404 698 3475; x_wconf 86' lang='grc' dir='ltr'>ἀνθρώποις</span> <span class='ocrx_word' id='word_1_455' title='bbox 745 3404 844 3477; x_wconf 83' lang='grc' dir='ltr'>τὴν</span> <span class='ocrx_word' id='word_1_456' title='bbox 893 3397 1053 3474; x_wconf 85' lang='grc' dir='ltr'>χάριν</span> <span class='ocrx_word' id='word_1_457' title='bbox 1097 3401 1190 3456; x_wconf 79' lang='grc' dir='ltr'>τοῦ</span> <span class='ocrx_word' id='word_1_458' title='bbox 1235 3403 1574 3472; x_wconf 88' lang='grc' dir='ltr'>Πνεύματος,</span> <span class='ocrx_word' id='word_1_459' title='bbox 1608 3401 1796 3473; x_wconf 82' lang='grc' dir='ltr'>ὥσπερ</span> <span class='ocrx_word' id='word_1_460' title='bbox 1846 3399 1971 3456; x_wconf 84' lang='grc' dir='ltr'>τινὰ</span> 
     </span>
    </p>
   </div>
   <div class='ocr_carea' id='block_1_69' title="bbox 395 3493 1970 3568">
    <p class='ocr_par' dir='ltr' id='par_1_69' title="bbox 395 3493 1970 3568">
     <span class='ocr_line' id='line_1_69' title="bbox 395 3493 1970 3568; baseline 0 -20"><span class='ocrx_word' id='word_1_461' title='bbox 395 3497 504 3549; x_wconf 90' lang='grc' dir='ltr'><strong>τῶν</strong></span> <span class='ocrx_word' id='word_1_462' title='bbox 549 3496 971 3568; x_wconf 86' lang='grc' dir='ltr'>ἐπηγγελμένων</span> <span class='ocrx_word' id='word_1_463' title='bbox 1023 3495 1244 3564; x_wconf 86' lang='grc' dir='ltr'>ἀγαθῶν</span> <span class='ocrx_word' id='word_1_464' title='bbox 1329 3493 1644 3564; x_wconf 77' lang='grc' dir='ltr'>ἀρραϐῶνα,</span> <span class='ocrx_word' id='word_1_465' title='bbox 1693 3495 1970 3567; x_wconf 86' lang='grc' dir='ltr'>παιδοτρί-</span> 
     </span>
    </p>
   </div>
   <div class='ocr_carea' id='block_1_70' title="bbox 398 3584 1969 3660">
    <p class='ocr_par' dir='ltr' id='par_1_70' title="bbox 398 3584 1969 3660">
     <span class='ocr_line' id='line_1_70' title="bbox 398 3584 1969 3660; baseline -0.002 -18"><span class='ocrx_word' id='word_1_466' title='bbox 398 3589 534 3660; x_wconf 76' lang='grc' dir='ltr'>ϐην,</span> <span class='ocrx_word' id='word_1_467' title='bbox 577 3590 670 3643; x_wconf 76' lang='grc' dir='ltr'>καὶ</span> <span class='ocrx_word' id='word_1_468' title='bbox 723 3588 1063 3660; x_wconf 85' lang='grc' dir='ltr'>γυμναστὴν,</span> <span class='ocrx_word' id='word_1_469' title='bbox 1124 3586 1237 3640; x_wconf 88' lang='grc' dir='ltr'><strong>τῶν</strong></span> <span class='ocrx_word' id='word_1_470' title='bbox 1297 3588 1397 3656; x_wconf 77' lang='grc' dir='ltr'><strong>τῆς</strong></span> <span class='ocrx_word' id='word_1_471' title='bbox 1439 3584 1720 3650; x_wconf 81' lang='grc' dir='ltr'>εὐσεϐείας</span> <span class='ocrx_word' id='word_1_472' title='bbox 1769 3587 1969 3655; x_wconf 87' lang='grc' dir='ltr'>ἀγωνι-</span> 
     </span>
    </p>
   </div>
   <div class='ocr_carea' id='block_1_71' title="bbox 397 3675 1970 3750">
    <p class='ocr_par' dir='ltr' id='par_1_71' title="bbox 397 3675 1970 3750">
     <span class='ocr_line' id='line_1_71' title="bbox 397 3675 1970 3750; baseline -0.001 -18"><span class='ocrx_word' id='word_1_473' title='bbox 397 3679 544 3750; x_wconf 84' lang='grc' dir='ltr'>στὴν,</span> <span class='ocrx_word' id='word_1_474' title='bbox 589 3678 805 3748; x_wconf 84' lang='grc' dir='ltr'>φύλακα</span> <span class='ocrx_word' id='word_1_475' title='bbox 835 3678 943 3730; x_wconf 89' lang='grc' dir='ltr'><strong>τῶν</strong></span> <span class='ocrx_word' id='word_1_476' title='bbox 975 3677 1336 3731; x_wconf 87' lang='grc' dir='ltr'>πιστευόντων</span> <span class='ocrx_word' id='word_1_477' title='bbox 1366 3675 1684 3746; x_wconf 83' lang='grc' dir='ltr'>ἀκοίμητον,</span> <span class='ocrx_word' id='word_1_478' title='bbox 1719 3677 1834 3748; x_wconf 88' lang='grc' dir='ltr'><strong>φῶς</strong></span> <span class='ocrx_word' id='word_1_479' title='bbox 1859 3676 1970 3732; x_wconf 88' lang='grc' dir='ltr'><strong>τῶν</strong></span> 
     </span>
    </p>
   </div>
   <div class='ocr_carea' id='block_1_72' title="bbox 395 3768 1970 3843">
    <p class='ocr_par' dir='ltr' id='par_1_72' title="bbox 395 3768 1970 3843">
     <span class='ocr_line' id='line_1_72' title="bbox 395 3768 1970 3843; baseline 0 -19"><span class='ocrx_word' id='word_1_480' title='bbox 395 3773 727 3843; x_wconf 86' lang='grc' dir='ltr'>προσιόντων</span> <span class='ocrx_word' id='word_1_481' title='bbox 757 3769 1017 3826; x_wconf 79' lang='grc' dir='ltr'>ἀσϐεστόν</span> <span class='ocrx_word' id='word_1_482' title='bbox 1041 3787 1101 3822; x_wconf 91' lang='grc' dir='ltr'><strong>τε</strong></span> <span class='ocrx_word' id='word_1_483' title='bbox 1129 3768 1224 3822; x_wconf 75' lang='grc' dir='ltr'><strong>καὶ</strong></span> <span class='ocrx_word' id='word_1_484' title='bbox 1248 3769 1570 3840; x_wconf 89' lang='grc' dir='ltr'>ἀνέσπερον,</span> <span class='ocrx_word' id='word_1_485' title='bbox 1597 3769 1702 3824; x_wconf 87' lang='grc' dir='ltr'><strong>τῶν</strong></span> <span class='ocrx_word' id='word_1_486' title='bbox 1722 3768 1970 3840; x_wconf 85' lang='grc' dir='ltr'>ψυχικῶν</span> 
     </span>
    </p>
   </div>
   <div class='ocr_carea' id='block_1_73' title="bbox 393 3861 1969 3934">
    <p class='ocr_par' dir='ltr' id='par_1_73' title="bbox 393 3861 1969 3934">
     <span class='ocr_line' id='line_1_73' title="bbox 393 3861 1969 3934; baseline -0.001 -20"><span class='ocrx_word' id='word_1_487' title='bbox 393 3862 722 3934; x_wconf 86' lang='grc' dir='ltr'>τραυμάτων</span> <span class='ocrx_word' id='word_1_488' title='bbox 757 3861 1118 3933; x_wconf 83' lang='grc' dir='ltr'>θεραπευτὴν,</span> <span class='ocrx_word' id='word_1_489' title='bbox 1167 3861 1349 3933; x_wconf 81' lang='grc' dir='ltr'>ἰατρὸν</span> <span class='ocrx_word' id='word_1_490' title='bbox 1375 3864 1484 3916; x_wconf 88' lang='grc' dir='ltr'><strong>τῶν</strong></span> <span class='ocrx_word' id='word_1_491' title='bbox 1519 3861 1623 3914; x_wconf 85' lang='grc' dir='ltr'><strong>ὑπὸ</strong></span> <span class='ocrx_word' id='word_1_492' title='bbox 1658 3863 1756 3930; x_wconf 82' lang='grc' dir='ltr'>τῆς</span> <span class='ocrx_word' id='word_1_493' title='bbox 1787 3863 1969 3929; x_wconf 90' lang='grc' dir='ltr'>ἀμαρ-</span> 
     </span>
    </p>
   </div>
   <div class='ocr_carea' id='block_1_74' title="bbox 392 3948 1969 4026">
    <p class='ocr_par' dir='ltr' id='par_1_74' title="bbox 392 3948 1969 4026">
     <span class='ocr_line' id='line_1_74' title="bbox 392 3948 1969 4026; baseline -0.003 -22"><span class='ocrx_word' id='word_1_494' title='bbox 392 3956 512 4017; x_wconf 69' lang='lat' dir='ltr'><strong>ria;</strong></span> <span class='ocrx_word' id='word_1_495' title='bbox 559 3954 857 4025; x_wconf 87' lang='grc' dir='ltr'>γινομένων</span> <span class='ocrx_word' id='word_1_496' title='bbox 909 3955 1257 4026; x_wconf 82' lang='grc' dir='ltr'>τραυμάτων,</span> <span class='ocrx_word' id='word_1_497' title='bbox 1301 3951 1606 4019; x_wconf 84' lang='grc' dir='ltr'>στρατηγὸν</span> <span class='ocrx_word' id='word_1_498' title='bbox 1666 3948 1969 4020; x_wconf 82' lang='grc' dir='ltr'>ἀριστεύειν</span> 
     </span>
    </p>
   </div>
   <div class='ocr_carea' id='block_1_75' title="bbox 393 4038 1970 4109">
    <p class='ocr_par' dir='ltr' id='par_1_75' title="bbox 393 4038 1970 4109">
     <span class='ocr_line' id='line_1_75' title="bbox 393 4038 1970 4109; baseline -0.009 -7"><span class='ocrx_word' id='word_1_499' title='bbox 393 4047 534 4102; x_wconf 83' lang='grc' dir='ltr'><strong>κατά</strong></span> <span class='ocrx_word' id='word_1_500' title='bbox 564 4048 654 4100; x_wconf 84' lang='grc' dir='ltr'>τοῦ</span> <span class='ocrx_word' id='word_1_501' title='bbox 694 4045 941 4100; x_wconf 75' lang='grc' dir='ltr'>διαϐόλου</span> <span class='ocrx_word' id='word_1_502' title='bbox 974 4045 1315 4104; x_wconf 86' lang='grc' dir='ltr'>διδάσκοντα,</span> <span class='ocrx_word' id='word_1_503' title='bbox 1353 4038 1690 4109; x_wconf 84' lang='grc' dir='ltr'>ὑποπτέρους</span> <span class='ocrx_word' id='word_1_504' title='bbox 1719 4038 1844 4100; x_wconf 84' lang='grc' dir='ltr'>τοὺς</span> <span class='ocrx_word' id='word_1_505' title='bbox 1872 4055 1970 4106; x_wconf 89' lang='grc' dir='ltr'>χα-</span> 
     </span>
    </p>
   </div>
   <div class='ocr_carea' id='block_1_76' title="bbox 396 4126 1969 4206">
    <p class='ocr_par' dir='ltr' id='par_1_76' title="bbox 396 4126 1969 4206">
     <span class='ocr_line' id='line_1_76' title="bbox 396 4126 1969 4206; baseline -0.007 -17"><span class='ocrx_word' id='word_1_506' title='bbox 396 4141 680 4206; x_wconf 84' lang='grc' dir='ltr'>μαιπετεῖς</span> <span class='ocrx_word' id='word_1_507' title='bbox 713 4132 1098 4204; x_wconf 81' lang='grc' dir='ltr'>ἐργαζόμενον,</span> <span class='ocrx_word' id='word_1_508' title='bbox 1133 4129 1258 4191; x_wconf 83' lang='grc' dir='ltr'>τοὺς</span> <span class='ocrx_word' id='word_1_509' title='bbox 1291 4129 1514 4198; x_wconf 84' lang='grc' dir='ltr'>γηΐνους</span> <span class='ocrx_word' id='word_1_510' title='bbox 1553 4127 1650 4198; x_wconf 78' lang='grc' dir='ltr'><strong>τὴν</strong></span> <span class='ocrx_word' id='word_1_511' title='bbox 1679 4126 1784 4181; x_wconf 84' lang='grc' dir='ltr'><strong>τῶν</strong></span> <span class='ocrx_word' id='word_1_512' title='bbox 1807 4127 1969 4198; x_wconf 83' lang='grc' dir='ltr'>οὐρα-</span> 
     </span>
    </p>
   </div>
   <div class='ocr_carea' id='block_1_77' title="bbox 393 4219 1968 4292">
    <p class='ocr_par' dir='ltr' id='par_1_77' title="bbox 393 4219 1968 4292">
     <span class='ocr_line' id='line_1_77' title="bbox 393 4219 1968 4292; baseline -0.004 -14"><span class='ocrx_word' id='word_1_513' title='bbox 393 4227 497 4279; x_wconf 90' lang='grc' dir='ltr'><strong>νῶν</strong></span> <span class='ocrx_word' id='word_1_514' title='bbox 534 4223 804 4276; x_wconf 86' lang='grc' dir='ltr'>πολιτείαν</span> <span class='ocrx_word' id='word_1_515' title='bbox 835 4220 1173 4282; x_wconf 86' lang='grc' dir='ltr'>παιδεύοντα,</span> <span class='ocrx_word' id='word_1_516' title='bbox 1206 4223 1563 4292; x_wconf 81' lang='grc' dir='ltr'>καταφρονεῖν</span> <span class='ocrx_word' id='word_1_517' title='bbox 1595 4219 1814 4290; x_wconf 80' lang='grc' dir='ltr'>σαρκὸς,</span> <span class='ocrx_word' id='word_1_518' title='bbox 1847 4220 1968 4272; x_wconf 82' lang='grc' dir='ltr'>ἐπι-</span> 
     </span>
    </p>
   </div>
   <div class='ocr_carea' id='block_1_78' title="bbox 396 4311 1969 4390">
    <p class='ocr_par' dir='ltr' id='par_1_78' title="bbox 396 4311 1969 4390">
     <span class='ocr_line' id='line_1_78' title="bbox 396 4311 1969 4390; baseline -0.004 -20"><span class='ocrx_word' id='word_1_519' title='bbox 396 4317 674 4390; x_wconf 85' lang='grc' dir='ltr'>μελεῖσθαι</span> <span class='ocrx_word' id='word_1_520' title='bbox 706 4315 902 4385; x_wconf 73' lang='grc' dir='ltr'>ψυχῆς,</span> <span class='ocrx_word' id='word_1_521' title='bbox 959 4313 1239 4366; x_wconf 86' lang='grc' dir='ltr'>διαπτύειν</span> <span class='ocrx_word' id='word_1_522' title='bbox 1289 4313 1358 4366; x_wconf 85' lang='grc' dir='ltr'><strong>τά</strong></span> <span class='ocrx_word' id='word_1_523' title='bbox 1415 4311 1680 4382; x_wconf 86' lang='grc' dir='ltr'>παρόντα,</span> <span class='ocrx_word' id='word_1_524' title='bbox 1721 4311 1969 4381; x_wconf 88' lang='grc' dir='ltr'>ἐφίεσθαι</span> 
     </span>
    </p>
   </div>
   <div class='ocr_carea' id='block_1_79' title="bbox 393 4403 1964 4480">
    <p class='ocr_par' dir='ltr' id='par_1_79' title="bbox 393 4403 1964 4480">
     <span class='ocr_line' id='line_1_79' title="bbox 393 4403 1964 4480; baseline -0.006 -16"><span class='ocrx_word' id='word_1_525' title='bbox 393 4411 500 4464; x_wconf 87' lang='grc' dir='ltr'><strong>τῶν</strong></span> <span class='ocrx_word' id='word_1_526' title='bbox 534 4409 853 4480; x_wconf 85' lang='grc' dir='ltr'>μελλόντων,</span> <span class='ocrx_word' id='word_1_527' title='bbox 885 4407 1018 4477; x_wconf 84' lang='grc' dir='ltr'>ὁρᾷν</span> <span class='ocrx_word' id='word_1_528' title='bbox 1040 4405 1108 4458; x_wconf 82' lang='grc' dir='ltr'>τὰ</span> <span class='ocrx_word' id='word_1_529' title='bbox 1129 4403 1554 4477; x_wconf 83' lang='grc' dir='ltr'>προσδοκώμενα</span> <span class='ocrx_word' id='word_1_530' title='bbox 1591 4404 1678 4457; x_wconf 80' lang='grc' dir='ltr'><strong>διὰ</strong></span> <span class='ocrx_word' id='word_1_531' title='bbox 1713 4403 1964 4466; x_wconf 85' lang='grc' dir='ltr'>πίστεως,</span> 
     </span>
    </p>
   </div>
   <div class='ocr_carea' id='block_1_80' title="bbox 397 4495 1967 4573">
    <p class='ocr_par' dir='ltr' id='par_1_80' title="bbox 397 4495 1967 4573">
     <span class='ocr_line' id='line_1_80' title="bbox 397 4495 1967 4573; baseline -0.004 -18"><span class='ocrx_word' id='word_1_532' title='bbox 397 4504 559 4573; x_wconf 83' lang='grc' dir='ltr'>μηδὲν</span> <span class='ocrx_word' id='word_1_533' title='bbox 585 4501 835 4571; x_wconf 79' lang='grc' dir='ltr'>ἡγεῖσθαι</span> <span class='ocrx_word' id='word_1_534' title='bbox 864 4498 968 4552; x_wconf 85' lang='grc' dir='ltr'><strong>τῶν</strong></span> <span class='ocrx_word' id='word_1_535' title='bbox 997 4500 1051 4552; x_wconf 84' lang='grc' dir='ltr'><strong>ἐν</strong></span> <span class='ocrx_word' id='word_1_536' title='bbox 1086 4496 1162 4568; x_wconf 81' lang='grc' dir='ltr'>τῷ</span> <span class='ocrx_word' id='word_1_537' title='bbox 1197 4497 1295 4567; x_wconf 85' lang='grc' dir='ltr'><strong>βίῳ</strong></span> <span class='ocrx_word' id='word_1_538' title='bbox 1319 4496 1588 4566; x_wconf 75' lang='grc' dir='ltr'>λαμπρὸν,</span> <span class='ocrx_word' id='word_1_539' title='bbox 1615 4495 1771 4566; x_wconf 82' lang='grc' dir='ltr'>δόξης</span> <span class='ocrx_word' id='word_1_540' title='bbox 1799 4512 1967 4549; x_wconf 91' lang='grc' dir='ltr'>κατα-</span> 
     </span>
    </p>
   </div>
   <div class='ocr_carea' id='block_1_81' title="bbox 393 4587 1965 4664">
    <p class='ocr_par' dir='ltr' id='par_1_81' title="bbox 393 4587 1965 4664">
     <span class='ocr_line' id='line_1_81' title="bbox 393 4587 1965 4664; baseline -0.004 -18"><span class='ocrx_word' id='word_1_541' title='bbox 393 4595 578 4664; x_wconf 79' lang='grc' dir='ltr'>γελᾷν,</span> <span class='ocrx_word' id='word_1_542' title='bbox 610 4593 719 4645; x_wconf 85' lang='grc' dir='ltr'><strong>τῶν</strong></span> <span class='ocrx_word' id='word_1_543' title='bbox 756 4591 849 4645; x_wconf 86' lang='grc' dir='ltr'>τοῦ</span> <span class='ocrx_word' id='word_1_544' title='bbox 901 4591 1128 4643; x_wconf 87' lang='grc' dir='ltr'>πλούτου</span> <span class='ocrx_word' id='word_1_545' title='bbox 1163 4590 1450 4659; x_wconf 75' lang='grc' dir='ltr'>ῥευμάτων</span> <span class='ocrx_word' id='word_1_546' title='bbox 1493 4589 1784 4658; x_wconf 79' lang='grc' dir='ltr'>ὑπερορᾷν,</span> <span class='ocrx_word' id='word_1_547' title='bbox 1816 4587 1965 4657; x_wconf 83' lang='grc' dir='ltr'>ὥραν</span> 
     </span>
    </p>
   </div>
   <div class='ocr_carea' id='block_1_82' title="bbox 395 4676 1971 4756">
    <p class='ocr_par' dir='ltr' id='par_1_82' title="bbox 395 4676 1971 4756">
     <span class='ocr_line' id='line_1_82' title="bbox 395 4676 1971 4756; baseline -0.004 -17"><span class='ocrx_word' id='word_1_548' title='bbox 395 4686 646 4756; x_wconf 85' lang='grc' dir='ltr'>σώματος</span> <span class='ocrx_word' id='word_1_549' title='bbox 693 4683 767 4747; x_wconf 85' lang='grc' dir='ltr'>ὡς</span> <span class='ocrx_word' id='word_1_550' title='bbox 807 4683 964 4746; x_wconf 82' lang='grc' dir='ltr'>ἄνθος</span> <span class='ocrx_word' id='word_1_551' title='bbox 1012 4684 1144 4752; x_wconf 85' lang='grc' dir='ltr'>όρᾷν</span> <span class='ocrx_word' id='word_1_552' title='bbox 1196 4679 1614 4750; x_wconf 87' lang='grc' dir='ltr'>μαραινόμενον,</span> <span class='ocrx_word' id='word_1_553' title='bbox 1663 4677 1736 4748; x_wconf 86' lang='grc' dir='ltr'>μὴ</span> <span class='ocrx_word' id='word_1_554' title='bbox 1782 4676 1971 4746; x_wconf 85' lang='grc' dir='ltr'>ἀλγεῖν</span> 
     </span>
    </p>
   </div>
   <div class='ocr_carea' id='block_1_83' title="bbox 397 4769 1970 4846">
    <p class='ocr_par' dir='ltr' id='par_1_83' title="bbox 397 4769 1970 4846">
     <span class='ocr_line' id='line_1_83' title="bbox 397 4769 1970 4846; baseline -0.006 -16"><span class='ocrx_word' id='word_1_555' title='bbox 397 4777 742 4846; x_wconf 80' lang='grc' dir='ltr'>πενομένους,</span> <span class='ocrx_word' id='word_1_556' title='bbox 788 4776 861 4845; x_wconf 87' lang='grc' dir='ltr'>μὴ</span> <span class='ocrx_word' id='word_1_557' title='bbox 895 4774 1148 4827; x_wconf 81' lang='grc' dir='ltr'>ἀνιᾶσθαι</span> <span class='ocrx_word' id='word_1_558' title='bbox 1179 4772 1485 4836; x_wconf 76' lang='grc' dir='ltr'>νοσοῦντας,</span> <span class='ocrx_word' id='word_1_559' title='bbox 1516 4771 1724 4842; x_wconf 83' lang='grc' dir='ltr'>χαίρειν</span> <span class='ocrx_word' id='word_1_560' title='bbox 1752 4769 1970 4823; x_wconf 89' lang='grc' dir='ltr'>ἀδικου-</span> 
     </span>
    </p>
   </div>
   <div class='ocr_carea' id='block_1_84' title="bbox 399 4863 1971 4940">
    <p class='ocr_par' dir='ltr' id='par_1_84' title="bbox 399 4863 1971 4940">
     <span class='ocr_line' id='line_1_84' title="bbox 399 4863 1971 4940; baseline -0.004 -18"><span class='ocrx_word' id='word_1_561' title='bbox 399 4870 614 4940; x_wconf 87' lang='grc' dir='ltr'>μένους,</span> <span class='ocrx_word' id='word_1_562' title='bbox 644 4867 1104 4936; x_wconf 80' lang='grc' dir='ltr'>λεηλατουμένους</span> <span class='ocrx_word' id='word_1_563' title='bbox 1135 4865 1542 4935; x_wconf 80' lang='grc' dir='ltr'>εὐφραίνεσθαι,</span> <span class='ocrx_word' id='word_1_564' title='bbox 1572 4863 1756 4934; x_wconf 90' lang='grc' dir='ltr'>φέρειν</span> <span class='ocrx_word' id='word_1_565' title='bbox 1783 4878 1971 4932; x_wconf 82' lang='grc' dir='ltr'>καρτε-</span> 
     </span>
    </p>
   </div>
   <div class='ocr_carea' id='block_1_85' title="bbox 400 4953 1961 5030">
    <p class='ocr_par' dir='ltr' id='par_1_85' title="bbox 400 4953 1961 5030">
     <span class='ocr_line' id='line_1_85' title="bbox 400 4953 1961 5030; baseline -0.006 -16"><span class='ocrx_word' id='word_1_566' title='bbox 400 4961 564 5030; x_wconf 84' lang='grc' dir='ltr'>ρικῶς</span> <span class='ocrx_word' id='word_1_567' title='bbox 611 4961 677 5013; x_wconf 85' lang='grc' dir='ltr'><strong>τά</strong></span> <span class='ocrx_word' id='word_1_568' title='bbox 722 4960 890 5018; x_wconf 79' lang='grc' dir='ltr'>δεινά,</span> <span class='ocrx_word' id='word_1_569' title='bbox 943 4957 1340 5028; x_wconf 86' lang='grc' dir='ltr'>ύπερεύχεσθαι</span> <span class='ocrx_word' id='word_1_570' title='bbox 1372 4955 1480 5008; x_wconf 87' lang='grc' dir='ltr'><strong>τῶν</strong></span> <span class='ocrx_word' id='word_1_571' title='bbox 1526 4953 1961 5018; x_wconf 86' lang='grc' dir='ltr'>ἀντιδικούντων,</span> 
     </span>
    </p>
   </div>
   <div class='ocr_carea' id='block_1_86' title="bbox 469 5111 1966 5188">
    <p class='ocr_par' dir='ltr' id='par_1_86' title="bbox 469 5111 1966 5188">
     <span class='ocr_line' id='line_1_86' title="bbox 469 5111 1966 5188; baseline -0.004 -17"><span class='ocrx_word' id='word_1_572' title='bbox 469 5117 542 5188; x_wconf 84' lang='grc'><strong>(1)</strong></span> <span class='ocrx_word' id='word_1_573' title='bbox 584 5118 902 5184; x_wconf 76' lang='lat' dir='ltr'><strong>Perspicua,</strong></span> <span class='ocrx_word' id='word_1_574' title='bbox 941 5113 1086 5188; x_wconf 82' lang='lat' dir='ltr'><strong>mira</strong></span> <span class='ocrx_word' id='word_1_575' title='bbox 1122 5128 1223 5188; x_wconf 88' lang='lat' dir='ltr'><strong>ac__</strong></span> <span class='ocrx_word' id='word_1_576' title='bbox 1251 5112 1608 5188; x_wconf 76' lang='lat' dir='ltr'><strong>peremptoris</strong></span> <span class='ocrx_word' id='word_1_577' title='bbox 1650 5111 1834 5188; x_wconf 66' lang='lat' dir='ltr'><strong>Cyrilli</strong></span> <span class='ocrx_word' id='word_1_578' title='bbox 1853 5112 1966 5188; x_wconf 81' lang='lat' dir='ltr'><strong>__do-</strong></span> 
     </span>
    </p>
   </div>
   <div class='ocr_carea' id='block_1_87' title="bbox 395 5181 1960 5250">
    <p class='ocr_par' dir='ltr' id='par_1_87' title="bbox 395 5181 1960 5250">
     <span class='ocr_line' id='line_1_87' title="bbox 395 5181 1960 5250; baseline -0.006 -7"><span class='ocrx_word' id='word_1_579' title='bbox 395 5181 568 5243; x_wconf 80' lang='lat' dir='ltr'><strong>ctrina</strong></span> <span class='ocrx_word' id='word_1_580' title='bbox 609 5189 677 5240; x_wconf 89' lang='lat' dir='ltr'><strong>de</strong></span> <span class='ocrx_word' id='word_1_581' title='bbox 717 5181 1031 5238; x_wconf 79' lang='lat' dir='ltr'><strong>naturarum</strong></span> <span class='ocrx_word' id='word_1_582' title='bbox 1075 5185 1128 5236; x_wconf 89' lang='lat' dir='ltr'><strong>in</strong></span> <span class='ocrx_word' id='word_1_583' title='bbox 1166 5182 1384 5236; x_wconf 86' lang='lat' dir='ltr'><strong>Christo</strong></span> <span class='ocrx_word' id='word_1_584' title='bbox 1426 5181 1802 5235; x_wconf 84' lang='lat' dir='ltr'><strong>distinctione!</strong></span> <span class='ocrx_word' id='word_1_585' title='bbox 1853 5181 1960 5250; x_wconf 83' lang='lat' dir='ltr'><strong>Ego</strong></span> 
     </span>
    </p>
   </div>
   <div class='ocr_carea' id='block_1_88' title="bbox 397 5252 1956 5318">
    <p class='ocr_par' dir='ltr' id='par_1_88' title="bbox 397 5252 1956 5318">
     <span class='ocr_line' id='line_1_88' title="bbox 397 5252 1956 5318; baseline -0.003 -10"><span class='ocrx_word' id='word_1_586' title='bbox 397 5274 526 5312; x_wconf 87' lang='lat' dir='ltr'><strong>vero</strong></span> <span class='ocrx_word' id='word_1_587' title='bbox 569 5257 797 5310; x_wconf 89' lang='lat' dir='ltr'><strong>lectores</strong></span> <span class='ocrx_word' id='word_1_588' title='bbox 844 5269 989 5307; x_wconf 81' lang='lat' dir='ltr'><strong>meos</strong></span> <span class='ocrx_word' id='word_1_589' title='bbox 1035 5267 1359 5318; x_wconf 83' lang='lat' dir='ltr'><strong>magnopere</strong></span> <span class='ocrx_word' id='word_1_590' title='bbox 1404 5252 1606 5316; x_wconf 80' lang='lat' dir='ltr'><strong>hortor,</strong></span> <span class='ocrx_word' id='word_1_591' title='bbox 1653 5262 1708 5305; x_wconf 92' lang='lat' dir='ltr'><strong>nt</strong></span> <span class='ocrx_word' id='word_1_592' title='bbox 1751 5252 1956 5305; x_wconf 87' lang='lat' dir='ltr'><strong>editam</strong></span> 
     </span>
    </p>
   </div>
   <div class='ocr_carea' id='block_1_89' title="bbox 397 5319 1954 5393">
    <p class='ocr_par' dir='ltr' id='par_1_89' title="bbox 397 5319 1954 5393">
     <span class='ocr_line' id='line_1_89' title="bbox 397 5319 1954 5393; baseline -0.004 -14"><span class='ocrx_word' id='word_1_593' title='bbox 397 5329 535 5393; x_wconf 87' lang='lat' dir='ltr'><strong>apud</strong></span> <span class='ocrx_word' id='word_1_594' title='bbox 568 5341 666 5378; x_wconf 89' lang='lat' dir='ltr'><strong>nos</strong></span> <span class='ocrx_word' id='word_1_595' title='bbox 683 5323 878 5388; x_wconf 79' lang='lat' dir='ltr'><strong>Script.</strong></span> <span class='ocrx_word' id='word_1_596' title='bbox 908 5321 1044 5384; x_wconf 76' lang='grc' dir='ltr'>γει..</span> <span class='ocrx_word' id='word_1_597' title='bbox 1071 5331 1108 5374; x_wconf 94' lang='grc' dir='ltr'>ι.</span> <span class='ocrx_word' id='word_1_598' title='bbox 1133 5319 1433 5393; x_wconf 82' lang='lat' dir='ltr'><strong>_Vl,nov_am</strong></span> <span class='ocrx_word' id='word_1_599' title='bbox 1461 5320 1750 5393; x_wconf 85' lang='lat' dir='ltr'><strong>Theoriani</strong></span> <span class='ocrx_word' id='word_1_600' title='bbox 1782 5319 1954 5393; x_wconf 67' lang='grc' dir='ltr'>ϐιαταί</span> 
     </span>
    </p>
   </div>
   <div class='ocr_carea' id='block_1_90' title="bbox 397 5389 1960 5462">
    <p class='ocr_par' dir='ltr' id='par_1_90' title="bbox 397 5389 1960 5462">
     <span class='ocr_line' id='line_1_90' title="bbox 397 5389 1960 5462; baseline -0.004 -15"><span class='ocrx_word' id='word_1_601' title='bbox 397 5389 516 5448; x_wconf 78' lang='lat' dir='ltr'><strong>cum</strong></span> <span class='ocrx_word' id='word_1_602' title='bbox 551 5395 798 5462; x_wconf 85' lang='lat' dir='ltr'><strong>Armenis</strong></span> <span class='ocrx_word' id='word_1_603' title='bbox 834 5393 1090 5462; x_wconf 78' lang='lat' dir='ltr'><strong>Syrisque</strong></span> <span class='ocrx_word' id='word_1_604' title='bbox 1123 5389 1747 5462; x_wconf 80' lang='lat' dir='ltr'><strong>Jacobitistheologicatn</strong></span> <span class='ocrx_word' id='word_1_605' title='bbox 1784 5391 1960 5462; x_wconf 89' lang='lat' dir='ltr'><strong>dispu-</strong></span> 
     </span>
    </p>
   </div>
   <div class='ocr_carea' id='block_1_91' title="bbox 399 5460 1966 5529">
    <p class='ocr_par' dir='ltr' id='par_1_91' title="bbox 399 5460 1966 5529">
     <span class='ocr_line' id='line_1_91' title="bbox 399 5460 1966 5529; baseline -0.003 -14"><span class='ocrx_word' id='word_1_606' title='bbox 399 5465 654 5518; x_wconf 83' lang='lat' dir='ltr'><strong>tationem</strong></span> <span class='ocrx_word' id='word_1_607' title='bbox 699 5460 923 5529; x_wconf 74' lang='lat' dir='ltr'><strong>adeatti,</strong></span> <span class='ocrx_word' id='word_1_608' title='bbox 968 5461 1056 5514; x_wconf 85' lang='lat' dir='ltr'><strong>ubi</strong></span> <span class='ocrx_word' id='word_1_609' title='bbox 1104 5475 1190 5513; x_wconf 85' lang='lat' dir='ltr'><strong>res</strong></span> <span class='ocrx_word' id='word_1_610' title='bbox 1234 5462 1345 5513; x_wconf 69' lang='lat' dir='ltr'><strong>haec</strong></span> <span class='ocrx_word' id='word_1_611' title='bbox 1387 5460 1806 5515; x_wconf 86' lang='lat' dir='ltr'><strong>luenlentissime</strong></span> <span class='ocrx_word' id='word_1_612' title='bbox 1849 5461 1966 5514; x_wconf 90' lang='lat' dir='ltr'><strong>illu-</strong></span> 
     </span>
    </p>
   </div>
   <div class='ocr_carea' id='block_1_92' title="bbox 398 5544 622 5589">
    <p class='ocr_par' dir='ltr' id='par_1_92' title="bbox 398 5544 622 5589">
     <span class='ocr_line' id='line_1_92' title="bbox 398 5544 622 5589; baseline -0.009 -3"><span class='ocrx_word' id='word_1_613' title='bbox 398 5544 622 5589; x_wconf 75' lang='lat' dir='ltr'><strong>Sll&#39;allll&#39;.</strong></span> 
     </span>
    </p>
   </div>
   <div class='ocr_carea' id='block_1_93' title="bbox 471 5600 1970 5673">
    <p class='ocr_par' dir='ltr' id='par_1_93' title="bbox 471 5600 1970 5673">
     <span class='ocr_line' id='line_1_93' title="bbox 471 5600 1970 5673; baseline -0.001 -18"><span class='ocrx_word' id='word_1_614' title='bbox 471 5605 546 5673; x_wconf 56' lang='grc' dir='ltr'><strong>ιφ.)</strong></span> <span class='ocrx_word' id='word_1_615' title='bbox 591 5603 666 5656; x_wconf 79' lang='lat' dir='ltr'><strong>En</strong></span> <span class='ocrx_word' id='word_1_616' title='bbox 697 5603 887 5658; x_wconf 77' lang='lat' dir='ltr'><strong>animae</strong></span> <span class='ocrx_word' id='word_1_617' title='bbox 916 5611 967 5657; x_wconf 83' lang='lat' dir='ltr'><strong>et</strong></span> <span class='ocrx_word' id='word_1_618' title='bbox 997 5600 1238 5671; x_wconf 88' lang='lat' dir='ltr'><strong>corporis</strong></span> <span class='ocrx_word' id='word_1_619' title='bbox 1268 5600 1320 5656; x_wconf 93' lang='lat' dir='ltr'><strong>in</strong></span> <span class='ocrx_word' id='word_1_620' title='bbox 1351 5601 1506 5658; x_wconf 91' lang='lat' dir='ltr'><strong>unico</strong></span> <span class='ocrx_word' id='word_1_621' title='bbox 1534 5600 1749 5656; x_wconf 90' lang='lat' dir='ltr'><strong>homine</strong></span> <span class='ocrx_word' id='word_1_622' title='bbox 1780 5614 1970 5670; x_wconf 82' lang='lat' dir='ltr'><strong>propo-</strong></span> 
     </span>
    </p>
   </div>
   <div class='ocr_carea' id='block_1_94' title="bbox 2065 3122 3634 3191">
    <p class='ocr_par' dir='ltr' id='par_1_94' title="bbox 2065 3122 3634 3191">
     <span class='ocr_line' id='line_1_94' title="bbox 2065 3122 3634 3191; baseline 0.001 -15"><span class='ocrx_word' id='word_1_623' title='bbox 2065 3122 2390 3191; x_wconf 78' lang='lat' dir='ltr'><strong>Assumptus</strong></span> <span class='ocrx_word' id='word_1_624' title='bbox 2436 3123 2618 3191; x_wconf 89' lang='lat' dir='ltr'><strong>itaque</strong></span> <span class='ocrx_word' id='word_1_625' title='bbox 2669 3124 2720 3176; x_wconf 92' lang='lat' dir='ltr'><strong>in</strong></span> <span class='ocrx_word' id='word_1_626' title='bbox 2771 3123 2966 3178; x_wconf 67' lang='lat' dir='ltr'><strong>coelum</strong></span> <span class='ocrx_word' id='word_1_627' title='bbox 3033 3123 3283 3179; x_wconf 87' lang='lat' dir='ltr'><strong>Christus</strong></span> <span class='ocrx_word' id='word_1_628' title='bbox 3353 3123 3634 3189; x_wconf 87' lang='lat' dir='ltr'><strong>Dominus,</strong></span> 
     </span>
    </p>
   </div>
   <div class='ocr_carea' id='block_1_95' title="bbox 2065 3212 3638 3284">
    <p class='ocr_par' dir='ltr' id='par_1_95' title="bbox 2065 3212 3638 3284">
     <span class='ocr_line' id='line_1_95' title="bbox 2065 3212 3638 3284; baseline 0.001 -15"><span class='ocrx_word' id='word_1_629' title='bbox 2065 3228 2232 3283; x_wconf 87' lang='lat' dir='ltr'><strong>seque</strong></span> <span class='ocrx_word' id='word_1_630' title='bbox 2269 3212 2436 3268; x_wconf 87' lang='lat' dir='ltr'><strong>veluti</strong></span> <span class='ocrx_word' id='word_1_631' title='bbox 2468 3215 2717 3268; x_wconf 78' lang='lat' dir='ltr'><strong>humanre</strong></span> <span class='ocrx_word' id='word_1_632' title='bbox 2745 3214 2896 3283; x_wconf 88' lang='lat' dir='ltr'><strong>pacis</strong></span> <span class='ocrx_word' id='word_1_633' title='bbox 2931 3229 3246 3284; x_wconf 81' lang='lat' dir='ltr'><strong>sponsorem</strong></span> <span class='ocrx_word' id='word_1_634' title='bbox 3283 3215 3434 3270; x_wconf 84' lang='lat' dir='ltr'><strong>Patri</strong></span> <span class='ocrx_word' id='word_1_635' title='bbox 3481 3217 3638 3270; x_wconf 74' lang='lat' dir='ltr'><strong>exhi-</strong></span> 
     </span>
    </p>
   </div>
   <div class='ocr_carea' id='block_1_96' title="bbox 2065 3305 3634 3379">
    <p class='ocr_par' dir='ltr' id='par_1_96' title="bbox 2065 3305 3634 3379">
     <span class='ocr_line' id='line_1_96' title="bbox 2065 3305 3634 3379; baseline 0 -17"><span class='ocrx_word' id='word_1_636' title='bbox 2065 3305 2220 3370; x_wconf 86' lang='lat' dir='ltr'><strong>bens,</strong></span> <span class='ocrx_word' id='word_1_637' title='bbox 2277 3306 2440 3360; x_wconf 89' lang='lat' dir='ltr'><strong>mittit</strong></span> <span class='ocrx_word' id='word_1_638' title='bbox 2488 3308 2554 3360; x_wconf 91' lang='lat' dir='ltr'><strong>ad</strong></span> <span class='ocrx_word' id='word_1_639' title='bbox 2599 3306 2846 3362; x_wconf 90' lang='lat' dir='ltr'><strong>homines</strong></span> <span class='ocrx_word' id='word_1_640' title='bbox 2879 3306 3117 3375; x_wconf 84' lang='lat' dir='ltr'><strong>Spiritus</strong></span> <span class='ocrx_word' id='word_1_641' title='bbox 3155 3308 3326 3363; x_wconf 85' lang='lat' dir='ltr'><strong>sancti</strong></span> <span class='ocrx_word' id='word_1_642' title='bbox 3381 3312 3634 3379; x_wconf 85' lang='lat' dir='ltr'><strong>gratiam,</strong></span> 
     </span>
    </p>
   </div>
   <div class='ocr_carea' id='block_1_97' title="bbox 2065 3397 3640 3468">
    <p class='ocr_par' dir='ltr' id='par_1_97' title="bbox 2065 3397 3640 3468">
     <span class='ocr_line' id='line_1_97' title="bbox 2065 3397 3640 3468; baseline 0.001 -16"><span class='ocrx_word' id='word_1_643' title='bbox 2065 3409 2162 3452; x_wconf 81' lang='lat' dir='ltr'><strong>ceu</strong></span> <span class='ocrx_word' id='word_1_644' title='bbox 2184 3397 2472 3466; x_wconf 88' lang='lat' dir='ltr'><strong>quamdam</strong></span> <span class='ocrx_word' id='word_1_645' title='bbox 2499 3398 2892 3468; x_wconf 87' lang='lat' dir='ltr'><strong>promissorum</strong></span> <span class='ocrx_word' id='word_1_646' title='bbox 2929 3399 3189 3454; x_wconf 88' lang='lat' dir='ltr'><strong>bonorum</strong></span> <span class='ocrx_word' id='word_1_647' title='bbox 3235 3402 3476 3465; x_wconf 88' lang='lat' dir='ltr'><strong>arrham,</strong></span> <span class='ocrx_word' id='word_1_648' title='bbox 3525 3417 3640 3458; x_wconf 85' lang='lat' dir='ltr'><strong>ma-</strong></span> 
     </span>
    </p>
   </div>
   <div class='ocr_carea' id='block_1_98' title="bbox 2066 3489 3638 3562">
    <p class='ocr_par' dir='ltr' id='par_1_98' title="bbox 2066 3489 3638 3562">
     <span class='ocr_line' id='line_1_98' title="bbox 2066 3489 3638 3562; baseline 0.003 -23"><span class='ocrx_word' id='word_1_649' title='bbox 2066 3489 2316 3558; x_wconf 87' lang='lat' dir='ltr'><strong>gistrum,</strong></span> <span class='ocrx_word' id='word_1_650' title='bbox 2348 3499 2707 3560; x_wconf 86' lang='lat' dir='ltr'><strong>gymnastam,</strong></span> <span class='ocrx_word' id='word_1_651' title='bbox 2744 3489 2954 3558; x_wconf 90' lang='lat' dir='ltr'><strong>piorum</strong></span> <span class='ocrx_word' id='word_1_652' title='bbox 2987 3492 3388 3560; x_wconf 87' lang='lat' dir='ltr'><strong>agonothetam,</strong></span> <span class='ocrx_word' id='word_1_653' title='bbox 3423 3492 3638 3562; x_wconf 77' lang='lat' dir='ltr'><strong>vigilem</strong></span> 
     </span>
    </p>
   </div>
   <div class='ocr_carea' id='block_1_99' title="bbox 2068 3577 3639 3647">
    <p class='ocr_par' dir='ltr' id='par_1_99' title="bbox 2068 3577 3639 3647">
     <span class='ocr_line' id='line_1_99' title="bbox 2068 3577 3639 3647; baseline 0.003 -15"><span class='ocrx_word' id='word_1_654' title='bbox 2068 3577 2406 3633; x_wconf 90' lang='lat' dir='ltr'><strong>credentium</strong></span> <span class='ocrx_word' id='word_1_655' title='bbox 2433 3581 2735 3647; x_wconf 84' lang='lat' dir='ltr'><strong>custodem,</strong></span> <span class='ocrx_word' id='word_1_656' title='bbox 2771 3581 2948 3635; x_wconf 89' lang='lat' dir='ltr'><strong>lumen</strong></span> <span class='ocrx_word' id='word_1_657' title='bbox 2983 3579 3352 3636; x_wconf 87' lang='lat' dir='ltr'><strong>accedentium</strong></span> <span class='ocrx_word' id='word_1_658' title='bbox 3389 3582 3455 3634; x_wconf 88' lang='lat' dir='ltr'><strong>ad</strong></span> <span class='ocrx_word' id='word_1_659' title='bbox 3479 3581 3639 3636; x_wconf 81' lang='lat' dir='ltr'><strong>ﬁdem</strong></span> 
     </span>
    </p>
   </div>
   <div class='ocr_carea' id='block_1_100' title="bbox 2069 3667 3638 3740">
    <p class='ocr_par' dir='ltr' id='par_1_100' title="bbox 2069 3667 3638 3740">
     <span class='ocr_line' id='line_1_100' title="bbox 2069 3667 3638 3740; baseline 0.003 -18"><span class='ocrx_word' id='word_1_660' title='bbox 2069 3667 2508 3739; x_wconf 82' lang='lat' dir='ltr'><strong>inexstinguibile</strong></span> <span class='ocrx_word' id='word_1_661' title='bbox 2559 3680 2616 3724; x_wconf 89' lang='lat' dir='ltr'><strong>et</strong></span> <span class='ocrx_word' id='word_1_662' title='bbox 2671 3671 2894 3725; x_wconf 87' lang='lat' dir='ltr'><strong>minime</strong></span> <span class='ocrx_word' id='word_1_663' title='bbox 2943 3670 3252 3736; x_wconf 83' lang='lat' dir='ltr'><strong>occiduum,</strong></span> <span class='ocrx_word' id='word_1_664' title='bbox 3311 3671 3638 3740; x_wconf 86' lang='lat' dir='ltr'><strong>spiritalium</strong></span> 
     </span>
    </p>
   </div>
   <div class='ocr_carea' id='block_1_101' title="bbox 2076 3763 3631 3828">
    <p class='ocr_par' dir='ltr' id='par_1_101' title="bbox 2076 3763 3631 3828">
     <span class='ocr_line' id='line_1_101' title="bbox 2076 3763 3631 3828; baseline 0 -14"><span class='ocrx_word' id='word_1_665' title='bbox 2076 3763 2361 3818; x_wconf 85' lang='lat' dir='ltr'><strong>vulnerum</strong></span> <span class='ocrx_word' id='word_1_666' title='bbox 2397 3773 2727 3824; x_wconf 88' lang='lat' dir='ltr'><strong>curatorem,</strong></span> <span class='ocrx_word' id='word_1_667' title='bbox 2765 3763 3138 3828; x_wconf 87' lang='lat' dir='ltr'><strong>impositarum</strong></span> <span class='ocrx_word' id='word_1_668' title='bbox 3169 3775 3200 3812; x_wconf 89' lang='lat' dir='ltr'><strong>a</strong></span> <span class='ocrx_word' id='word_1_669' title='bbox 3237 3763 3474 3826; x_wconf 84' lang='lat' dir='ltr'><strong>peccatis</strong></span> <span class='ocrx_word' id='word_1_670' title='bbox 3517 3764 3631 3826; x_wconf 87' lang='lat' dir='ltr'><strong>pla-</strong></span> 
     </span>
    </p>
   </div>
   <div class='ocr_carea' id='block_1_102' title="bbox 2069 3849 3640 3920">
    <p class='ocr_par' dir='ltr' id='par_1_102' title="bbox 2069 3849 3640 3920">
     <span class='ocr_line' id='line_1_102' title="bbox 2069 3849 3640 3920; baseline 0.001 -14"><span class='ocrx_word' id='word_1_671' title='bbox 2069 3868 2262 3920; x_wconf 85' lang='lat' dir='ltr'><strong>garum</strong></span> <span class='ocrx_word' id='word_1_672' title='bbox 2295 3853 2562 3904; x_wconf 89' lang='lat' dir='ltr'><strong>medicum</strong></span> <span class='ocrx_word' id='word_1_673' title='bbox 2595 3865 2611 3912; x_wconf 89' lang='lat'><strong>;</strong></span> <span class='ocrx_word' id='word_1_674' title='bbox 2641 3851 2830 3902; x_wconf 87' lang='lat' dir='ltr'><strong>ducem</strong></span> <span class='ocrx_word' id='word_1_675' title='bbox 2859 3850 2950 3917; x_wconf 89' lang='lat' dir='ltr'><strong>qui</strong></span> <span class='ocrx_word' id='word_1_676' title='bbox 3001 3849 3228 3902; x_wconf 78' lang='lat' dir='ltr'><strong>feliciter</strong></span> <span class='ocrx_word' id='word_1_677' title='bbox 3256 3865 3379 3903; x_wconf 87' lang='lat' dir='ltr'><strong>cum</strong></span> <span class='ocrx_word' id='word_1_678' title='bbox 3427 3851 3640 3907; x_wconf 86' lang='lat' dir='ltr'><strong>diabolo</strong></span> 
     </span>
    </p>
   </div>
   <div class='ocr_carea' id='block_1_103' title="bbox 2069 3938 3637 4012">
    <p class='ocr_par' dir='ltr' id='par_1_103' title="bbox 2069 3938 3637 4012">
     <span class='ocr_line' id='line_1_103' title="bbox 2069 3938 3637 4012; baseline 0.002 -18"><span class='ocrx_word' id='word_1_679' title='bbox 2069 3954 2312 4008; x_wconf 86' lang='lat' dir='ltr'><strong>pugnare</strong></span> <span class='ocrx_word' id='word_1_680' title='bbox 2337 3940 2516 4002; x_wconf 88' lang='lat' dir='ltr'><strong>docet,</strong></span> <span class='ocrx_word' id='word_1_681' title='bbox 2548 3949 2602 3992; x_wconf 88' lang='lat' dir='ltr'><strong>et</strong></span> <span class='ocrx_word' id='word_1_682' title='bbox 2649 3938 2992 3992; x_wconf 87' lang='lat' dir='ltr'><strong>altivolantes</strong></span> <span class='ocrx_word' id='word_1_683' title='bbox 3027 3939 3312 3994; x_wconf 79' lang='lat' dir='ltr'><strong>facientem</strong></span> <span class='ocrx_word' id='word_1_684' title='bbox 3355 3942 3446 4012; x_wconf 92' lang='lat' dir='ltr'><strong>qui</strong></span> <span class='ocrx_word' id='word_1_685' title='bbox 3489 3944 3637 3998; x_wconf 90' lang='lat' dir='ltr'><strong>humi</strong></span> 
     </span>
    </p>
   </div>
   <div class='ocr_carea' id='block_1_104' title="bbox 2071 4027 3636 4097">
    <p class='ocr_par' dir='ltr' id='par_1_104' title="bbox 2071 4027 3636 4097">
     <span class='ocr_line' id='line_1_104' title="bbox 2071 4027 3636 4097; baseline 0.004 -17"><span class='ocrx_word' id='word_1_686' title='bbox 2071 4028 2396 4094; x_wconf 84' lang='lat' dir='ltr'><strong>reptabant;</strong></span> <span class='ocrx_word' id='word_1_687' title='bbox 2431 4027 2518 4094; x_wconf 91' lang='lat' dir='ltr'><strong>qui</strong></span> <span class='ocrx_word' id='word_1_688' title='bbox 2541 4037 2785 4080; x_wconf 88' lang='lat' dir='ltr'><strong>terrenos</strong></span> <span class='ocrx_word' id='word_1_689' title='bbox 2812 4028 2877 4080; x_wconf 90' lang='lat' dir='ltr'><strong>ad</strong></span> <span class='ocrx_word' id='word_1_690' title='bbox 2900 4027 3174 4082; x_wconf 62' lang='lat' dir='ltr'><strong>caelestem</strong></span> <span class='ocrx_word' id='word_1_691' title='bbox 3197 4030 3358 4084; x_wconf 82' lang='lat' dir='ltr'><strong>vitam</strong></span> <span class='ocrx_word' id='word_1_692' title='bbox 3384 4031 3636 4097; x_wconf 89' lang='lat' dir='ltr'><strong>instituit,</strong></span> 
     </span>
    </p>
   </div>
   <div class='ocr_carea' id='block_1_105' title="bbox 2072 4119 3638 4191">
    <p class='ocr_par' dir='ltr' id='par_1_105' title="bbox 2072 4119 3638 4191">
     <span class='ocr_line' id='line_1_105' title="bbox 2072 4119 3638 4191; baseline 0.003 -21"><span class='ocrx_word' id='word_1_693' title='bbox 2072 4128 2236 4186; x_wconf 90' lang='lat' dir='ltr'><strong>atque</strong></span> <span class='ocrx_word' id='word_1_694' title='bbox 2261 4126 2318 4170; x_wconf 93' lang='lat' dir='ltr'><strong>ut</strong></span> <span class='ocrx_word' id='word_1_695' title='bbox 2339 4132 2558 4171; x_wconf 89' lang='lat' dir='ltr'><strong>carnem</strong></span> <span class='ocrx_word' id='word_1_696' title='bbox 2590 4125 2958 4182; x_wconf 86' lang='lat' dir='ltr'><strong>contemnant,</strong></span> <span class='ocrx_word' id='word_1_697' title='bbox 2990 4119 3182 4173; x_wconf 68' lang='lat' dir='ltr'><strong>animat</strong></span> <span class='ocrx_word' id='word_1_698' title='bbox 3209 4135 3392 4174; x_wconf 88' lang='lat' dir='ltr'><strong>curam</strong></span> <span class='ocrx_word' id='word_1_699' title='bbox 3423 4135 3638 4191; x_wconf 89' lang='lat' dir='ltr'><strong>gerant,</strong></span> 
     </span>
    </p>
   </div>
   <div class='ocr_carea' id='block_1_106' title="bbox 2072 4205 3636 4280">
    <p class='ocr_par' dir='ltr' id='par_1_106' title="bbox 2072 4205 3636 4280">
     <span class='ocr_line' id='line_1_106' title="bbox 2072 4205 3636 4280; baseline 0.005 -22"><span class='ocrx_word' id='word_1_700' title='bbox 2072 4206 2355 4278; x_wconf 73' lang='lat' dir='ltr'><strong>praesentia</strong></span> <span class='ocrx_word' id='word_1_701' title='bbox 2375 4208 2658 4276; x_wconf 86' lang='lat' dir='ltr'><strong>despuant,</strong></span> <span class='ocrx_word' id='word_1_702' title='bbox 2685 4205 2879 4262; x_wconf 81' lang='lat' dir='ltr'><strong>futuris</strong></span> <span class='ocrx_word' id='word_1_703' title='bbox 2900 4207 3124 4272; x_wconf 88' lang='lat' dir='ltr'><strong>inhient,</strong></span> <span class='ocrx_word' id='word_1_704' title='bbox 3143 4223 3204 4262; x_wconf 90' lang='lat' dir='ltr'><strong>ea</strong></span> <span class='ocrx_word' id='word_1_705' title='bbox 3229 4223 3348 4276; x_wconf 69' lang='lat' dir='ltr'><strong>qua:</strong></span> <span class='ocrx_word' id='word_1_706' title='bbox 3367 4225 3461 4280; x_wconf 91' lang='lat' dir='ltr'><strong>per</strong></span> <span class='ocrx_word' id='word_1_707' title='bbox 3479 4211 3636 4266; x_wconf 82' lang='lat' dir='ltr'><strong>ﬁdem</strong></span> 
     </span>
    </p>
   </div>
   <div class='ocr_carea' id='block_1_107' title="bbox 2072 4296 3640 4366">
    <p class='ocr_par' dir='ltr' id='par_1_107' title="bbox 2072 4296 3640 4366">
     <span class='ocr_line' id='line_1_107' title="bbox 2072 4296 3640 4366; baseline 0.004 -16"><span class='ocrx_word' id='word_1_708' title='bbox 2072 4307 2456 4366; x_wconf 81' lang='lat' dir='ltr'><strong>exspectantur</strong></span> <span class='ocrx_word' id='word_1_709' title='bbox 2497 4312 2606 4366; x_wconf 64' lang='lat' dir='ltr'><strong>pra;</strong></span> <span class='ocrx_word' id='word_1_710' title='bbox 2647 4296 2822 4351; x_wconf 88' lang='lat' dir='ltr'><strong>oculis</strong></span> <span class='ocrx_word' id='word_1_711' title='bbox 2855 4297 3110 4362; x_wconf 88' lang='lat' dir='ltr'><strong>habeant,</strong></span> <span class='ocrx_word' id='word_1_712' title='bbox 3154 4298 3290 4352; x_wconf 90' lang='lat' dir='ltr'><strong>nihil</strong></span> <span class='ocrx_word' id='word_1_713' title='bbox 3338 4298 3394 4354; x_wconf 91' lang='lat' dir='ltr'><strong>in</strong></span> <span class='ocrx_word' id='word_1_714' title='bbox 3439 4301 3640 4356; x_wconf 87' lang='lat' dir='ltr'><strong>mundo</strong></span> 
     </span>
    </p>
   </div>
   <div class='ocr_carea' id='block_1_108' title="bbox 2074 4390 3638 4460">
    <p class='ocr_par' dir='ltr' id='par_1_108' title="bbox 2074 4390 3638 4460">
     <span class='ocr_line' id='line_1_108' title="bbox 2074 4390 3638 4460; baseline 0.003 -17"><span class='ocrx_word' id='word_1_715' title='bbox 2074 4391 2408 4459; x_wconf 88' lang='lat' dir='ltr'><strong>splendidum</strong></span> <span class='ocrx_word' id='word_1_716' title='bbox 2461 4399 2672 4460; x_wconf 90' lang='lat' dir='ltr'><strong>putent,</strong></span> <span class='ocrx_word' id='word_1_717' title='bbox 2728 4390 2956 4460; x_wconf 76' lang='lat' dir='ltr'><strong>gloriam</strong></span> <span class='ocrx_word' id='word_1_718' title='bbox 3009 4391 3291 4457; x_wconf 89' lang='lat' dir='ltr'><strong>irrideant,</strong></span> <span class='ocrx_word' id='word_1_719' title='bbox 3328 4392 3638 4447; x_wconf 86' lang='lat' dir='ltr'><strong>divitiarum</strong></span> 
     </span>
    </p>
   </div>
   <div class='ocr_carea' id='block_1_109' title="bbox 2077 4481 3637 4550">
    <p class='ocr_par' dir='ltr' id='par_1_109' title="bbox 2077 4481 3637 4550">
     <span class='ocr_line' id='line_1_109' title="bbox 2077 4481 3637 4550; baseline 0.002 -17"><span class='ocrx_word' id='word_1_720' title='bbox 2077 4489 2346 4536; x_wconf 89' lang='lat' dir='ltr'><strong>torrentes</strong></span> <span class='ocrx_word' id='word_1_721' title='bbox 2401 4481 2727 4550; x_wconf 88' lang='lat' dir='ltr'><strong>despiciant,</strong></span> <span class='ocrx_word' id='word_1_722' title='bbox 2772 4481 3014 4549; x_wconf 85' lang='lat' dir='ltr'><strong>corporis</strong></span> <span class='ocrx_word' id='word_1_723' title='bbox 3053 4481 3505 4548; x_wconf 89' lang='lat' dir='ltr'><strong>pulchritudinem</strong></span> <span class='ocrx_word' id='word_1_724' title='bbox 3541 4499 3637 4537; x_wconf 88' lang='lat' dir='ltr'><strong>ceu</strong></span> 
     </span>
    </p>
   </div>
   <div class='ocr_carea' id='block_1_110' title="bbox 2070 4572 3641 4641">
    <p class='ocr_par' dir='ltr' id='par_1_110' title="bbox 2070 4572 3641 4641">
     <span class='ocr_line' id='line_1_110' title="bbox 2070 4572 3641 4641; baseline 0.001 -15"><span class='ocrx_word' id='word_1_725' title='bbox 2070 4572 2255 4626; x_wconf 84' lang='lat' dir='ltr'><strong>liorem</strong></span> <span class='ocrx_word' id='word_1_726' title='bbox 2314 4572 2580 4626; x_wconf 89' lang='lat' dir='ltr'><strong>caducum</strong></span> <span class='ocrx_word' id='word_1_727' title='bbox 2635 4579 2902 4640; x_wconf 83' lang='lat' dir='ltr'><strong>spectent,</strong></span> <span class='ocrx_word' id='word_1_728' title='bbox 2949 4586 3014 4624; x_wconf 91' lang='lat' dir='ltr'><strong>ne</strong></span> <span class='ocrx_word' id='word_1_729' title='bbox 3055 4572 3238 4640; x_wconf 83' lang='lat' dir='ltr'><strong>inopes</strong></span> <span class='ocrx_word' id='word_1_730' title='bbox 3293 4573 3529 4641; x_wconf 88' lang='lat' dir='ltr'><strong>doleant,</strong></span> <span class='ocrx_word' id='word_1_731' title='bbox 3573 4589 3641 4628; x_wconf 92' lang='lat' dir='ltr'><strong>ne</strong></span> 
     </span>
    </p>
   </div>
   <div class='ocr_carea' id='block_1_111' title="bbox 2072 4659 3644 4729">
    <p class='ocr_par' dir='ltr' id='par_1_111' title="bbox 2072 4659 3644 4729">
     <span class='ocr_line' id='line_1_111' title="bbox 2072 4659 3644 4729; baseline 0.001 -15"><span class='ocrx_word' id='word_1_732' title='bbox 2072 4659 2255 4728; x_wconf 70' lang='lat' dir='ltr'><strong>aegroti</strong></span> <span class='ocrx_word' id='word_1_733' title='bbox 2278 4673 2420 4728; x_wconf 67' lang='lat' dir='ltr'><strong>aegre</strong></span> <span class='ocrx_word' id='word_1_734' title='bbox 2444 4659 2642 4725; x_wconf 79' lang='lat' dir='ltr'><strong>ferant,</strong></span> <span class='ocrx_word' id='word_1_735' title='bbox 2679 4669 2738 4712; x_wconf 88' lang='lat' dir='ltr'><strong>ut</strong></span> <span class='ocrx_word' id='word_1_736' title='bbox 2768 4659 2880 4713; x_wconf 74' lang='lat' dir='ltr'><strong>lmsi</strong></span> <span class='ocrx_word' id='word_1_737' title='bbox 2911 4661 3200 4729; x_wconf 79' lang='lat' dir='ltr'><strong>gaudeant,</strong></span> <span class='ocrx_word' id='word_1_738' title='bbox 3226 4661 3437 4728; x_wconf 87' lang='lat' dir='ltr'><strong>spoliati</strong></span> <span class='ocrx_word' id='word_1_739' title='bbox 3465 4662 3644 4716; x_wconf 79' lang='lat' dir='ltr'><strong>lacten-</strong></span> 
     </span>
    </p>
   </div>
   <div class='ocr_carea' id='block_1_112' title="bbox 2075 4750 3639 4830">
    <p class='ocr_par' dir='ltr' id='par_1_112' title="bbox 2075 4750 3639 4830">
     <span class='ocr_line' id='line_1_112' title="bbox 2075 4750 3639 4830; baseline 0.003 -26"><span class='ocrx_word' id='word_1_740' title='bbox 2075 4760 2182 4815; x_wconf 91' lang='lat' dir='ltr'><strong>tur,</strong></span> <span class='ocrx_word' id='word_1_741' title='bbox 2213 4750 2427 4805; x_wconf 83' lang='lat' dir='ltr'><strong>fortiter</strong></span> <span class='ocrx_word' id='word_1_742' title='bbox 2449 4767 2716 4805; x_wconf 72' lang='lat' dir='ltr'><strong>mrumnas</strong></span> <span class='ocrx_word' id='word_1_743' title='bbox 2743 4751 2991 4816; x_wconf 90' lang='lat' dir='ltr'><strong>tolerent,</strong></span> <span class='ocrx_word' id='word_1_744' title='bbox 3023 4763 3178 4806; x_wconf 91' lang='lat' dir='ltr'><strong>orent</strong></span> <span class='ocrx_word' id='word_1_745' title='bbox 3215 4767 3312 4830; x_wconf 84' lang='lat' dir='ltr'><strong>pro</strong></span> <span class='ocrx_word' id='word_1_746' title='bbox 3343 4754 3639 4808; x_wconf 79' lang='lat' dir='ltr'><strong>adversan-</strong></span> 
     </span>
    </p>
   </div>
   <div class='ocr_carea' id='block_1_113' title="bbox 2072 4841 3643 4912">
    <p class='ocr_par' dir='ltr' id='par_1_113' title="bbox 2072 4841 3643 4912">
     <span class='ocr_line' id='line_1_113' title="bbox 2072 4841 3643 4912; baseline 0.002 -17"><span class='ocrx_word' id='word_1_747' title='bbox 2072 4843 2245 4904; x_wconf 89' lang='lat' dir='ltr'><strong>tibus,</strong></span> <span class='ocrx_word' id='word_1_748' title='bbox 2281 4841 2606 4896; x_wconf 81' lang='lat' dir='ltr'><strong>benedicant</strong></span> <span class='ocrx_word' id='word_1_749' title='bbox 2665 4843 3134 4908; x_wconf 85' lang='lat' dir='ltr'><strong>maledicenlibus,</strong></span> <span class='ocrx_word' id='word_1_750' title='bbox 3175 4853 3335 4912; x_wconf 88' lang='lat' dir='ltr'><strong>atque</strong></span> <span class='ocrx_word' id='word_1_751' title='bbox 3373 4845 3643 4898; x_wconf 61' lang='lat' dir='ltr'><strong>omnimo.</strong></span> 
     </span>
    </p>
   </div>
   <div class='ocr_carea' id='block_1_114' title="bbox 2079 4933 3642 5005">
    <p class='ocr_par' dir='ltr' id='par_1_114' title="bbox 2079 4933 3642 5005">
     <span class='ocr_line' id='line_1_114' title="bbox 2079 4933 3642 5005; baseline 0.003 -19"><span class='ocrx_word' id='word_1_752' title='bbox 2079 4935 2222 4998; x_wconf 89' lang='lat' dir='ltr'><strong>dam,</strong></span> <span class='ocrx_word' id='word_1_753' title='bbox 2251 4943 2310 4986; x_wconf 93' lang='lat' dir='ltr'><strong>ut</strong></span> <span class='ocrx_word' id='word_1_754' title='bbox 2332 4933 2498 4988; x_wconf 88' lang='lat' dir='ltr'><strong>semel</strong></span> <span class='ocrx_word' id='word_1_755' title='bbox 2525 4935 2725 5000; x_wconf 88' lang='lat' dir='ltr'><strong>dicam,</strong></span> <span class='ocrx_word' id='word_1_756' title='bbox 2759 4935 3151 5005; x_wconf 88' lang='lat' dir='ltr'><strong>philosophiam</strong></span> <span class='ocrx_word' id='word_1_757' title='bbox 3183 4947 3480 4991; x_wconf 88' lang='lat' dir='ltr'><strong>sectentur.</strong></span> <span class='ocrx_word' id='word_1_758' title='bbox 3517 4935 3642 4990; x_wconf 69' lang='lat' dir='ltr'><strong>Haec</strong></span> 
     </span>
    </p>
   </div>
   <div class='ocr_carea' id='block_1_115' title="bbox 2070 5111 3640 5184">
    <p class='ocr_par' dir='ltr' id='par_1_115' title="bbox 2070 5111 3640 5184">
     <span class='ocr_line' id='line_1_115' title="bbox 2070 5111 3640 5184; baseline 0.002 -19"><span class='ocrx_word' id='word_1_759' title='bbox 2070 5111 2231 5184; x_wconf 80' lang='lat' dir='ltr'><strong>situm</strong></span> <span class='ocrx_word' id='word_1_760' title='bbox 2279 5121 2425 5166; x_wconf 89' lang='lat' dir='ltr'><strong>recte</strong></span> <span class='ocrx_word' id='word_1_761' title='bbox 2466 5113 2796 5184; x_wconf 83' lang='lat' dir='ltr'><strong>exemplum,</strong></span> <span class='ocrx_word' id='word_1_762' title='bbox 2841 5129 2945 5183; x_wconf 90' lang='lat' dir='ltr'><strong>quo</strong></span> <span class='ocrx_word' id='word_1_763' title='bbox 2987 5128 3240 5184; x_wconf 91' lang='lat' dir='ltr'><strong>perverse</strong></span> <span class='ocrx_word' id='word_1_764' title='bbox 3279 5113 3640 5169; x_wconf 76' lang='lat' dir='ltr'><strong>abutebantur-</strong></span> 
     </span>
    </p>
   </div>
   <div class='ocr_carea' id='block_1_116' title="bbox 2071 5182 2482 5252">
    <p class='ocr_par' dir='ltr' id='par_1_116' title="bbox 2071 5182 2482 5252">
     <span class='ocr_line' id='line_1_116' title="bbox 2071 5182 2482 5252; baseline 0 -18"><span class='ocrx_word' id='word_1_765' title='bbox 2071 5182 2482 5252; x_wconf 75' lang='lat' dir='ltr'><strong>Monophysitte.</strong></span> 
     </span>
    </p>
   </div>
   <div class='ocr_carea' id='block_1_117' title="bbox 2139 5244 3642 5324">
    <p class='ocr_par' dir='ltr' id='par_1_117' title="bbox 2139 5244 3642 5324">
     <span class='ocr_line' id='line_1_117' title="bbox 2139 5244 3642 5324; baseline -0.001 -18"><span class='ocrx_word' id='word_1_766' title='bbox 2139 5244 2548 5324; x_wconf 62' lang='lat' dir='ltr'><strong>(5)&#39;Sapient_er</strong></span> <span class='ocrx_word' id='word_1_767' title='bbox 2581 5251 2720 5324; x_wconf 77' lang='lat' dir='ltr'><strong>hanc</strong></span> <span class='ocrx_word' id='word_1_768' title='bbox 2761 5253 3024 5324; x_wconf 86' lang='lat' dir='ltr'><strong>cautelam</strong></span> <span class='ocrx_word' id='word_1_769' title='bbox 3069 5262 3189 5322; x_wconf 88' lang='lat' dir='ltr'><strong>post</strong></span> <span class='ocrx_word' id='word_1_770' title='bbox 3227 5261 3382 5324; x_wconf 73' lang='lat' dir='ltr'><strong>natos</strong></span> <span class='ocrx_word' id='word_1_771' title='bbox 3422 5265 3642 5324; x_wconf 59' lang='lat' dir='ltr'><strong>errores</strong></span> 
     </span>
    </p>
   </div>
   <div class='ocr_carea' id='block_1_118' title="bbox 2065 5318 3640 5392">
    <p class='ocr_par' dir='ltr' id='par_1_118' title="bbox 2065 5318 3640 5392">
     <span class='ocr_line' id='line_1_118' title="bbox 2065 5318 3640 5392; baseline -0.002 -17"><span class='ocrx_word' id='word_1_772' title='bbox 2065 5318 2595 5392; x_wconf 46' lang='lat' dir='ltr'><strong>exposcit-Cyrinus.</strong></span> <span class='ocrx_word' id='word_1_773' title='bbox 2627 5322 2836 5376; x_wconf 87' lang='lat' dir='ltr'><strong>Etenim</strong></span> <span class='ocrx_word' id='word_1_774' title='bbox 2871 5323 3027 5392; x_wconf 85' lang='lat' dir='ltr'><strong>paulo</strong></span> <span class='ocrx_word' id='word_1_775' title='bbox 3059 5318 3183 5377; x_wconf 73' lang='lat' dir='ltr'><strong>ante</strong></span> <span class='ocrx_word' id='word_1_776' title='bbox 3215 5321 3506 5392; x_wconf 78' lang='lat' dir='ltr'><strong>GregOrius</strong></span> <span class='ocrx_word' id='word_1_777' title='bbox 3539 5318 3640 5392; x_wconf 78' lang='lat' dir='ltr'><strong>Na-</strong></span> 
     </span>
    </p>
   </div>
   <div class='ocr_carea' id='block_1_119' title="bbox 2066 5390 3642 5460">
    <p class='ocr_par' dir='ltr' id='par_1_119' title="bbox 2066 5390 3642 5460">
     <span class='ocr_line' id='line_1_119' title="bbox 2066 5390 3642 5460; baseline -0.001 -16"><span class='ocrx_word' id='word_1_778' title='bbox 2066 5390 2544 5454; x_wconf 51' lang='lat' dir='ltr'><strong>zianzenus,&#39;orat.</strong></span> <span class='ocrx_word' id='word_1_779' title='bbox 2573 5393 2662 5454; x_wconf 83' lang='lat'><strong>58,</strong></span> <span class='ocrx_word' id='word_1_780' title='bbox 2692 5393 2778 5456; x_wconf 77' lang='grc'><strong>15,</strong></span> <span class='ocrx_word' id='word_1_781' title='bbox 2807 5390 2894 5448; x_wconf 86' lang='lat' dir='ltr'><strong>ed.</strong></span> <span class='ocrx_word' id='word_1_782' title='bbox 2923 5394 3149 5458; x_wconf 88' lang='lat' dir='ltr'><strong>noviss.,</strong></span> <span class='ocrx_word' id='word_1_783' title='bbox 3183 5403 3218 5445; x_wconf 87' lang='grc' dir='ltr'>ι.</span> <span class='ocrx_word' id='word_1_784' title='bbox 3248 5391 3289 5455; x_wconf 96' lang='grc'>1,</span> <span class='ocrx_word' id='word_1_785' title='bbox 3321 5390 3369 5460; x_wconf 83' lang='grc' dir='ltr'>ῤ.</span> <span class='ocrx_word' id='word_1_786' title='bbox 3398 5390 3523 5458; x_wconf 79' lang='grc'><strong>671,</strong></span> <span class='ocrx_word' id='word_1_787' title='bbox 3549 5391 3642 5443; x_wconf 80' lang='lat' dir='ltr'><strong>nd-</strong></span> 
     </span>
    </p>
   </div>
   <div class='ocr_carea' id='block_1_120' title="bbox 2065 5459 3636 5532">
    <p class='ocr_par' dir='ltr' id='par_1_120' title="bbox 2065 5459 3636 5532">
     <span class='ocr_line' id='line_1_120' title="bbox 2065 5459 3636 5532; baseline 0 -17"><span class='ocrx_word' id='word_1_788' title='bbox 2065 5462 2169 5532; x_wconf 90' lang='lat' dir='ltr'><strong>huc</strong></span> <span class='ocrx_word' id='word_1_789' title='bbox 2196 5463 2466 5532; x_wconf 82' lang='lat' dir='ltr'><strong>scribebat</strong></span> <span class='ocrx_word' id='word_1_790' title='bbox 2494 5465 2559 5516; x_wconf 85' lang='lat' dir='ltr'><strong>de</strong></span> <span class='ocrx_word' id='word_1_791' title='bbox 2588 5478 2750 5532; x_wconf 83' lang='lat' dir='ltr'><strong>opere</strong></span> <span class='ocrx_word' id='word_1_792' title='bbox 2778 5464 3166 5516; x_wconf 83' lang='lat' dir='ltr'><strong>incarnationis</strong></span> <span class='ocrx_word' id='word_1_793' title='bbox 3190 5480 3202 5516; x_wconf 95' lang='lat'>:</span> <span class='ocrx_word' id='word_1_794' title='bbox 3230 5463 3291 5515; x_wconf 87' lang='grc' dir='ltr'><strong>Ὢ</strong></span> <span class='ocrx_word' id='word_1_795' title='bbox 3315 5459 3413 5532; x_wconf 79' lang='grc' dir='ltr'>τῆς</span> <span class='ocrx_word' id='word_1_796' title='bbox 3439 5459 3636 5530; x_wconf 71' lang='grc' dir='ltr'>καινῆς</span> 
     </span>
    </p>
   </div>
   <div class='ocr_carea' id='block_1_121' title="bbox 2069 5531 3158 5606">
    <p class='ocr_par' dir='ltr' id='par_1_121' title="bbox 2069 5531 3158 5606">
     <span class='ocr_line' id='line_1_121' title="bbox 2069 5531 3158 5606; baseline 0.002 -23"><span class='ocrx_word' id='word_1_797' title='bbox 2069 5531 2266 5602; x_wconf 78' lang='grc' dir='ltr'>μίξεως</span> <span class='ocrx_word' id='word_1_798' title='bbox 2293 5533 2304 5586; x_wconf 83' lang='grc' dir='ltr'><strong>ἰ</strong></span> <span class='ocrx_word' id='word_1_799' title='bbox 2335 5531 2379 5584; x_wconf 84' lang='grc' dir='ltr'><strong>ὣ</strong></span> <span class='ocrx_word' id='word_1_800' title='bbox 2409 5532 2507 5602; x_wconf 84' lang='grc' dir='ltr'>τῆς</span> <span class='ocrx_word' id='word_1_801' title='bbox 2539 5531 2838 5604; x_wconf 78' lang='grc' dir='ltr'>παραδόξου</span> <span class='ocrx_word' id='word_1_802' title='bbox 2871 5533 3122 5606; x_wconf 85' lang='grc' dir='ltr'>κράσεως</span> <span class='ocrx_word' id='word_1_803' title='bbox 3141 5534 3158 5585; x_wconf 77' lang='grc' dir='ltr'><strong>ἰ</strong></span> 
     </span>
    </p>
   </div>
  </div>
