  <div class='ocr_page' id='page_1' title='image "/cluster/home/n/w/nwhite01/storage/ocr_20150623/75/mdp.39015078384495/763.png"; bbox 0 0 4082 6258; ppageno 0'>
   <div class='ocr_carea' id='block_1_1' title="bbox 492 244 3770 338">
    <p class='ocr_par' dir='ltr' id='par_1_1' title="bbox 492 244 3770 338">
     <span class='ocr_line' id='line_1_1' title="bbox 492 244 3770 338; baseline -0.012 -1"><span class='ocrx_word' id='word_1_1' title='bbox 492 281 632 338; x_wconf 74' lang='grc' dir='ltr'><strong>Ηῖὕ</strong></span> <span class='ocrx_word' id='word_1_2' title='bbox 1533 268 1591 323; x_wconf 91' lang='lat' dir='ltr'><strong>S.</strong></span> <span class='ocrx_word' id='word_1_3' title='bbox 1619 262 1899 321; x_wconf 75' lang='lat' dir='ltr'><strong>CYRILLI</strong></span> <span class='ocrx_word' id='word_1_4' title='bbox 1939 254 2414 315; x_wconf 79' lang='lat' dir='ltr'><strong>ALEXANDRINI</strong></span> <span class='ocrx_word' id='word_1_5' title='bbox 2456 253 2779 311; x_wconf 78' lang='lat' dir='ltr'><strong>ARClllEP.</strong></span> <span class='ocrx_word' id='word_1_6' title='bbox 3627 244 3770 299; x_wconf 74' lang='lat' dir='ltr'><strong>H76</strong></span> 
     </span>
    </p>
   </div>
   <div class='ocr_carea' id='block_1_2' title="bbox 490 362 2112 467">
    <p class='ocr_par' dir='ltr' id='par_1_2' title="bbox 490 392 2075 467">
     <span class='ocr_line' id='line_1_2' title="bbox 490 392 2075 467; baseline -0.014 -12"><span class='ocrx_word' id='word_1_7' title='bbox 490 402 674 455; x_wconf 91' lang='lat' dir='ltr'><strong>docuit</strong></span> <span class='ocrx_word' id='word_1_8' title='bbox 734 397 971 467; x_wconf 76' lang='lat' dir='ltr'><strong>Spiritus</strong></span> <span class='ocrx_word' id='word_1_9' title='bbox 1014 393 1215 466; x_wconf 88' lang='lat' dir='ltr'><strong>gratia,</strong></span> <span class='ocrx_word' id='word_1_10' title='bbox 1259 392 1377 447; x_wconf 62' lang='lat' dir='ltr'><strong>haec</strong></span> <span class='ocrx_word' id='word_1_11' title='bbox 1420 398 1625 443; x_wconf 89' lang='lat' dir='ltr'><strong>terram</strong></span> <span class='ocrx_word' id='word_1_12' title='bbox 1657 400 1721 439; x_wconf 92' lang='lat' dir='ltr'><strong>ac</strong></span> <span class='ocrx_word' id='word_1_13' title='bbox 1765 395 1914 437; x_wconf 89' lang='lat' dir='ltr'><strong>mare</strong></span> <span class='ocrx_word' id='word_1_14' title='bbox 1948 394 2075 435; x_wconf 90' lang='lat' dir='ltr'><strong>eru-</strong></span> 
     </span>
    </p>
   </div>
   <div class='ocr_carea' id='block_1_3' title="bbox 2222 362 3770 467">
    <p class='ocr_par' dir='ltr' id='par_1_3' title="bbox 2222 362 3770 443">
     <span class='ocr_line' id='line_1_3' title="bbox 2222 362 3770 443; baseline -0.001 -17"><span class='ocrx_word' id='word_1_15' title='bbox 2222 375 2425 443; x_wconf 74' lang='grc' dir='ltr'>5).ογεῖν</span> <span class='ocrx_word' id='word_1_16' title='bbox 2456 375 2583 437; x_wconf 80' lang='grc' dir='ltr'>τοὺς</span> <span class='ocrx_word' id='word_1_17' title='bbox 2610 366 3058 441; x_wconf 76' lang='grc' dir='ltr'><strong>καταρωμένους.</strong></span> <span class='ocrx_word' id='word_1_18' title='bbox 3094 364 3189 419; x_wconf 65' lang='grc' dir='ltr'>καὶ</span> <span class='ocrx_word' id='word_1_19' title='bbox 3221 365 3406 418; x_wconf 65' lang='grc' dir='ltr'>πᾶσαν</span> <span class='ocrx_word' id='word_1_20' title='bbox 3432 362 3770 427; x_wconf 72' lang='grc' dir='ltr'><strong>ἁπαξαπλῶς</strong></span> 
     </span>
    </p>
   </div>
   <div class='ocr_carea' id='block_1_4' title="bbox 490 452 2112 555">
    <p class='ocr_par' dir='ltr' id='par_1_4' title="bbox 490 452 2074 555">
     <span class='ocr_line' id='line_1_4' title="bbox 490 452 2074 555; baseline -0.015 -7"><span class='ocrx_word' id='word_1_21' title='bbox 490 496 727 555; x_wconf 89' lang='lat' dir='ltr'><strong>diernnt,</strong></span> <span class='ocrx_word' id='word_1_22' title='bbox 767 452 882 546; x_wconf 61' lang='lat' dir='ltr'><strong>hac</strong></span> <span class='ocrx_word' id='word_1_23' title='bbox 919 452 1083 545; x_wconf 45' lang='lat' dir='ltr'><strong>etiavm</strong></span> <span class='ocrx_word' id='word_1_24' title='bbox 1114 452 1335 542; x_wconf 80' lang='lat' dir='ltr'><strong>barbari</strong></span> <span class='ocrx_word' id='word_1_25' title='bbox 1358 489 1486 552; x_wconf 89' lang='lat' dir='ltr'><strong>post</strong></span> <span class='ocrx_word' id='word_1_26' title='bbox 1511 479 1592 533; x_wconf 91' lang='lat' dir='ltr'><strong>sui</strong></span> <span class='ocrx_word' id='word_1_27' title='bbox 1640 474 1949 531; x_wconf 85' lang='lat' dir='ltr'><strong>Servatoris</strong></span> <span class='ocrx_word' id='word_1_28' title='bbox 1978 471 2074 525; x_wconf 86' lang='lat' dir='ltr'><strong>ad-</strong></span> 
     </span>
    </p>
   </div>
   <div class='ocr_carea' id='block_1_5' title="bbox 2222 452 3769 555">
    <p class='ocr_par' dir='ltr' id='par_1_5' title="bbox 2230 452 3769 537">
     <span class='ocr_line' id='line_1_5' title="bbox 2230 452 3769 537; baseline -0.01 -16"><span class='ocrx_word' id='word_1_29' title='bbox 2230 466 2503 536; x_wconf 83' lang='grc' dir='ltr'>ιλοσοφίαν</span> <span class='ocrx_word' id='word_1_30' title='bbox 2536 462 2913 537; x_wconf 86' lang='grc' dir='ltr'>μεταδιώκειν.</span> <span class='ocrx_word' id='word_1_31' title='bbox 2953 457 3139 513; x_wconf 86' lang='grc' dir='ltr'>Ταῦτα</span> <span class='ocrx_word' id='word_1_32' title='bbox 3167 457 3406 523; x_wconf 81' lang='grc' dir='ltr'>ἐδίδαξεν</span> <span class='ocrx_word' id='word_1_33' title='bbox 3435 459 3469 527; x_wconf 81' lang='grc' dir='ltr'>ἠ</span> <span class='ocrx_word' id='word_1_34' title='bbox 3495 455 3655 525; x_wconf 78' lang='grc' dir='ltr'>χάρις</span> <span class='ocrx_word' id='word_1_35' title='bbox 3677 452 3769 507; x_wconf 86' lang='grc' dir='ltr'><strong>τοῦ</strong></span> 
     </span>
    </p>
   </div>
   <div class='ocr_carea' id='block_1_6' title="bbox 496 545 2112 652">
    <p class='ocr_par' dir='ltr' id='par_1_6' title="bbox 496 562 2078 652">
     <span class='ocr_line' id='line_1_6' title="bbox 496 562 2078 652; baseline -0.013 -18"><span class='ocrx_word' id='word_1_36' title='bbox 496 594 714 639; x_wconf 83' lang='lat' dir='ltr'><strong>ventum</strong></span> <span class='ocrx_word' id='word_1_37' title='bbox 752 580 1222 652; x_wconf 79' lang='lat' dir='ltr'><strong>philosophantur,</strong></span> <span class='ocrx_word' id='word_1_38' title='bbox 1254 575 1371 629; x_wconf 72' lang='lat' dir='ltr'><strong>haec</strong></span> <span class='ocrx_word' id='word_1_39' title='bbox 1428 580 1588 626; x_wconf 65' lang='lat' dir='ltr'><strong>terra:</strong></span> <span class='ocrx_word' id='word_1_40' title='bbox 1621 563 1951 622; x_wconf 80' lang='lat' dir='ltr'><strong>continentis</strong></span> <span class='ocrx_word' id='word_1_41' title='bbox 1995 562 2078 616; x_wconf 88' lang='lat' dir='ltr'><strong>in-</strong></span> 
     </span>
    </p>
   </div>
   <div class='ocr_carea' id='block_1_7' title="bbox 2222 545 3772 652">
    <p class='ocr_par' dir='ltr' id='par_1_7' title="bbox 2222 545 3772 629">
     <span class='ocr_line' id='line_1_7' title="bbox 2222 545 3772 629; baseline -0.008 -17"><span class='ocrx_word' id='word_1_42' title='bbox 2222 559 2522 629; x_wconf 87' lang='grc' dir='ltr'>[νεύματος,</span> <span class='ocrx_word' id='word_1_43' title='bbox 2569 555 2741 610; x_wconf 82' lang='grc' dir='ltr'>ταῦτα</span> <span class='ocrx_word' id='word_1_44' title='bbox 2780 554 2883 623; x_wconf 88' lang='grc' dir='ltr'>γῆν</span> <span class='ocrx_word' id='word_1_45' title='bbox 2931 550 3075 624; x_wconf 91' lang='lat' dir='ltr'><strong>[cod.</strong></span> <span class='ocrx_word' id='word_1_46' title='bbox 3136 548 3195 603; x_wconf 87' lang='grc' dir='ltr'><strong>δέ</strong></span> <span class='ocrx_word' id='word_1_47' title='bbox 3240 564 3343 619; x_wconf 88' lang='lat' dir='ltr'><strong>pro</strong></span> <span class='ocrx_word' id='word_1_48' title='bbox 3376 546 3518 620; x_wconf 58' lang='grc' dir='ltr'>γῆν]</span> <span class='ocrx_word' id='word_1_49' title='bbox 3549 547 3646 600; x_wconf 75' lang='grc' dir='ltr'>καὶ</span> <span class='ocrx_word' id='word_1_50' title='bbox 3679 545 3772 600; x_wconf 77' lang='grc' dir='ltr'>θάο</span> 
     </span>
    </p>
   </div>
   <div class='ocr_carea' id='block_1_8' title="bbox 496 638 2112 742">
    <p class='ocr_par' dir='ltr' id='par_1_8' title="bbox 496 655 2079 742">
     <span class='ocr_line' id='line_1_8' title="bbox 496 655 2079 742; baseline -0.014 -12"><span class='ocrx_word' id='word_1_51' title='bbox 496 675 653 742; x_wconf 70' lang='lat' dir='ltr'><strong>colae,</strong></span> <span class='ocrx_word' id='word_1_52' title='bbox 684 677 800 731; x_wconf 69' lang='lat' dir='ltr'><strong>haec</strong></span> <span class='ocrx_word' id='word_1_53' title='bbox 829 674 1049 737; x_wconf 85' lang='lat' dir='ltr'><strong>milites,</strong></span> <span class='ocrx_word' id='word_1_54' title='bbox 1082 670 1200 725; x_wconf 66' lang='lat' dir='ltr'><strong>haec</strong></span> <span class='ocrx_word' id='word_1_55' title='bbox 1252 666 1350 738; x_wconf 85' lang='lat' dir='ltr'><strong>qui</strong></span> <span class='ocrx_word' id='word_1_56' title='bbox 1396 673 1671 721; x_wconf 83' lang='lat' dir='ltr'><strong>extremos</strong></span> <span class='ocrx_word' id='word_1_57' title='bbox 1702 656 1888 715; x_wconf 91' lang='lat' dir='ltr'><strong>mundi</strong></span> <span class='ocrx_word' id='word_1_58' title='bbox 1942 655 2079 709; x_wconf 84' lang='lat' dir='ltr'><strong>lines</strong></span> 
     </span>
    </p>
   </div>
   <div class='ocr_carea' id='block_1_9' title="bbox 2222 638 3771 742">
    <p class='ocr_par' dir='ltr' id='par_1_9' title="bbox 2222 638 3771 714">
     <span class='ocr_line' id='line_1_9' title="bbox 2222 638 3771 714; baseline -0.008 -11"><span class='ocrx_word' id='word_1_59' title='bbox 2222 668 2385 704; x_wconf 86' lang='grc' dir='ltr'>ατταν</span> <span class='ocrx_word' id='word_1_60' title='bbox 2424 648 2825 714; x_wconf 81' lang='grc' dir='ltr'>ἐξεπαίδευσεν,</span> <span class='ocrx_word' id='word_1_61' title='bbox 2860 644 3035 699; x_wconf 85' lang='grc' dir='ltr'>ταῦτα</span> <span class='ocrx_word' id='word_1_62' title='bbox 3063 645 3158 697; x_wconf 75' lang='grc' dir='ltr'>καὶ</span> <span class='ocrx_word' id='word_1_63' title='bbox 3194 642 3464 713; x_wconf 77' lang='grc' dir='ltr'>βάρϐαροι</span> <span class='ocrx_word' id='word_1_64' title='bbox 3507 639 3645 711; x_wconf 89' lang='grc' dir='ltr'><strong>μετά</strong></span> <span class='ocrx_word' id='word_1_65' title='bbox 3675 638 3771 708; x_wconf 79' lang='grc' dir='ltr'>τὴν</span> 
     </span>
    </p>
   </div>
   <div class='ocr_carea' id='block_1_10' title="bbox 501 730 3771 823">
    <p class='ocr_par' dir='ltr' id='par_1_10' title="bbox 501 730 3771 823">
     <span class='ocr_line' id='line_1_10' title="bbox 501 730 3771 823; baseline -0.01 -7"><span class='ocrx_word' id='word_1_66' title='bbox 501 730 765 823; x_wconf 64' lang='grc' dir='ltr'>ιιειιὶίθηι,</span> <span class='ocrx_word' id='word_1_67' title='bbox 1035 730 1046 737; x_wconf 32' lang='grc' dir='ltr'><strong>Ι</strong></span> <span class='ocrx_word' id='word_1_68' title='bbox 1271 730 1289 738; x_wconf 56' lang='grc'><strong>-</strong></span> <span class='ocrx_word' id='word_1_69' title='bbox 2186 741 2281 795; x_wconf 87' lang='grc' dir='ltr'><strong>τοῦ</strong></span> <span class='ocrx_word' id='word_1_70' title='bbox 2312 742 2565 812; x_wconf 85' lang='grc' dir='ltr'><strong>Σωτῆρος</strong></span> <span class='ocrx_word' id='word_1_71' title='bbox 2597 739 2778 793; x_wconf 84' lang='grc' dir='ltr'>αὐτῶν</span> <span class='ocrx_word' id='word_1_72' title='bbox 2813 735 3200 807; x_wconf 67' lang='grc' dir='ltr'><strong>φιλοσοφοῦσιν</strong></span> <span class='ocrx_word' id='word_1_73' title='bbox 3248 732 3565 804; x_wconf 89' lang='grc' dir='ltr'>ἐπιδημίαν,</span> <span class='ocrx_word' id='word_1_74' title='bbox 3600 730 3771 784; x_wconf 89' lang='grc' dir='ltr'>ταῦτα</span> 
     </span>
    </p>
   </div>
   <div class='ocr_carea' id='block_1_11' title="bbox 2189 822 3772 903">
    <p class='ocr_par' dir='ltr' id='par_1_11' title="bbox 2189 822 3772 903">
     <span class='ocr_line' id='line_1_11' title="bbox 2189 822 3772 903; baseline -0.007 -18"><span class='ocrx_word' id='word_1_75' title='bbox 2189 831 2530 903; x_wconf 72' lang='grc' dir='ltr'>ἠπειρῶται,</span> <span class='ocrx_word' id='word_1_76' title='bbox 2580 830 2755 884; x_wconf 87' lang='grc' dir='ltr'>ταῦτα</span> <span class='ocrx_word' id='word_1_77' title='bbox 2812 831 2860 883; x_wconf 85' lang='grc' dir='ltr'><strong>οἰ</strong></span> <span class='ocrx_word' id='word_1_78' title='bbox 2920 826 3271 899; x_wconf 85' lang='grc' dir='ltr'>στρατιῶται,</span> <span class='ocrx_word' id='word_1_79' title='bbox 3330 824 3507 878; x_wconf 89' lang='grc' dir='ltr'>ταῦτα</span> <span class='ocrx_word' id='word_1_80' title='bbox 3560 824 3610 879; x_wconf 79' lang='grc' dir='ltr'><strong>οἰ</strong></span> <span class='ocrx_word' id='word_1_81' title='bbox 3674 822 3772 884; x_wconf 82' lang='grc' dir='ltr'>τὰς</span> 
     </span>
    </p>
   </div>
   <div class='ocr_carea' id='block_1_12' title="bbox 2189 916 3276 995">
    <p class='ocr_par' dir='ltr' id='par_1_12' title="bbox 2189 916 3276 995">
     <span class='ocr_line' id='line_1_12' title="bbox 2189 916 3276 995; baseline -0.007 -17"><span class='ocrx_word' id='word_1_82' title='bbox 2189 924 2446 995; x_wconf 80' lang='grc' dir='ltr'>ἐσχατιὰς</span> <span class='ocrx_word' id='word_1_83' title='bbox 2483 923 2581 994; x_wconf 86' lang='grc' dir='ltr'>τῆς</span> <span class='ocrx_word' id='word_1_84' title='bbox 2620 919 2946 992; x_wconf 72' lang='grc' dir='ltr'><strong>οἰκουμένης</strong></span> <span class='ocrx_word' id='word_1_85' title='bbox 2982 916 3276 981; x_wconf 85' lang='grc' dir='ltr'>οἰκοῦντες.</span> 
     </span>
    </p>
   </div>
   <div class='ocr_carea' id='block_1_13' title="bbox 508 1051 2082 1131">
    <p class='ocr_par' dir='ltr' id='par_1_13' title="bbox 508 1051 2082 1131">
     <span class='ocr_line' id='line_1_13' title="bbox 508 1051 2082 1131; baseline -0.012 -9"><span class='ocrx_word' id='word_1_86' title='bbox 508 1063 748 1122; x_wconf 73' lang='lat' dir='ltr'><strong>XXXIV.</strong></span> <span class='ocrx_word' id='word_1_87' title='bbox 766 1064 1082 1119; x_wconf 81' lang='lat' dir='ltr'><strong>Adhortatio</strong></span> <span class='ocrx_word' id='word_1_88' title='bbox 1096 1062 1164 1116; x_wconf 87' lang='lat' dir='ltr'><strong>ad</strong></span> <span class='ocrx_word' id='word_1_89' title='bbox 1182 1060 1410 1131; x_wconf 76' lang='lat' dir='ltr'><strong>agendas</strong></span> <span class='ocrx_word' id='word_1_90' title='bbox 1435 1056 1657 1131; x_wconf 84' lang='lat' dir='ltr'><strong>gratias,</strong></span> <span class='ocrx_word' id='word_1_91' title='bbox 1676 1062 1724 1108; x_wconf 85' lang='lat' dir='ltr'><strong>et</strong></span> <span class='ocrx_word' id='word_1_92' title='bbox 1754 1069 1785 1107; x_wconf 92' lang='lat' dir='ltr'><strong>a</strong></span> <span class='ocrx_word' id='word_1_93' title='bbox 1814 1051 2082 1121; x_wconf 81' lang='lat' dir='ltr'><strong>superﬂua</strong></span> 
     </span>
    </p>
   </div>
   <div class='ocr_carea' id='block_1_14' title="bbox 960 1048 2112 1187">
    <p class='ocr_par' dir='ltr' id='par_1_14' title="bbox 960 1051 2082 1187">
     <span class='ocr_line' id='line_1_14' title="bbox 960 1051 2082 1131; baseline -0.012 -14"><span class='ocrx_word' id='word_1_94' title='bbox 960 1064 1082 1117; x_wconf 77' lang='lat' dir='ltr'><strong>talio</strong></span> <span class='ocrx_word' id='word_1_95' title='bbox 1096 1062 1164 1116; x_wconf 87' lang='lat' dir='ltr'><strong>ad</strong></span> <span class='ocrx_word' id='word_1_96' title='bbox 1182 1060 1410 1131; x_wconf 81' lang='lat' dir='ltr'><strong>agendas</strong></span> <span class='ocrx_word' id='word_1_97' title='bbox 1435 1056 1657 1126; x_wconf 82' lang='lat' dir='ltr'><strong>gratias,</strong></span> <span class='ocrx_word' id='word_1_98' title='bbox 1676 1062 1724 1108; x_wconf 85' lang='lat' dir='ltr'><strong>et</strong></span> <span class='ocrx_word' id='word_1_99' title='bbox 1754 1069 1785 1107; x_wconf 92' lang='lat' dir='ltr'><strong>a</strong></span> <span class='ocrx_word' id='word_1_100' title='bbox 1814 1051 2082 1121; x_wconf 81' lang='lat' dir='ltr'><strong>superﬂua</strong></span> 
     </span>
     <span class='ocr_line' id='line_1_15' title="bbox 960 1129 1618 1187; baseline -0.011 0"><span class='ocrx_word' id='word_1_101' title='bbox 960 1135 1265 1187; x_wconf 77' lang='lat' dir='ltr'><strong>curiositate</strong></span> <span class='ocrx_word' id='word_1_102' title='bbox 1304 1129 1618 1184; x_wconf 85' lang='lat' dir='ltr'><strong>dehortatio.</strong></span> 
     </span>
    </p>
   </div>
   <div class='ocr_carea' id='block_1_15' title="bbox 2222 1048 3771 1187">
    <p class='ocr_par' dir='ltr' id='par_1_15' title="bbox 2222 1048 3771 1187">
     <span class='ocr_line' id='line_1_16' title="bbox 2222 1048 3771 1176; baseline -0.006 -63"><span class='ocrx_word' id='word_1_103' title='bbox 2222 1059 2309 1115; x_wconf 66' lang='grc' dir='ltr'><strong>ιΔ⁹.</strong></span> <span class='ocrx_word' id='word_1_104' title='bbox 2352 1055 2667 1129; x_wconf 78' lang='grc' dir='ltr'>Προτροπὴ</span> <span class='ocrx_word' id='word_1_105' title='bbox 2704 1048 3113 1176; x_wconf 58' lang='grc' dir='ltr'>εὐχαριστίαἷ,</span> <span class='ocrx_word' id='word_1_106' title='bbox 3156 1051 3255 1106; x_wconf 77' lang='grc' dir='ltr'>καὶ</span> <span class='ocrx_word' id='word_1_107' title='bbox 3303 1049 3618 1119; x_wconf 75' lang='grc' dir='ltr'>ἀποτροπὴ</span> <span class='ocrx_word' id='word_1_108' title='bbox 3667 1064 3771 1104; x_wconf 74' lang='grc' dir='ltr'>πσ-</span> 
     </span>
     <span class='ocr_line' id='line_1_17' title="bbox 2868 1139 3170 1187; baseline 0 -10"><span class='ocrx_word' id='word_1_109' title='bbox 2868 1140 3051 1187; x_wconf 80' lang='grc' dir='ltr'>ριουσ</span> <span class='ocrx_word' id='word_1_110' title='bbox 3078 1139 3170 1187; x_wconf 85' lang='grc' dir='ltr'>ας.</span> 
     </span>
    </p>
   </div>
   <div class='ocr_carea' id='block_1_16' title="bbox 2868 1126 3170 1194">
    <p class='ocr_par' dir='ltr' id='par_1_16' title="bbox 2868 1126 3170 1194">
     <span class='ocr_line' id='line_1_18' title="bbox 2868 1126 3170 1194; baseline -0.003 -16"><span class='ocrx_word' id='word_1_111' title='bbox 2868 1126 3170 1194; x_wconf 79' lang='grc' dir='ltr'>ριουσίας.</span> 
     </span>
    </p>
   </div>
   <div class='ocr_carea' id='block_1_17' title="bbox 572 1234 2084 1317">
    <p class='ocr_par' dir='ltr' id='par_1_17' title="bbox 572 1234 2084 1317">
     <span class='ocr_line' id='line_1_19' title="bbox 572 1234 2084 1317; baseline -0.014 -10"><span class='ocrx_word' id='word_1_112' title='bbox 572 1251 922 1307; x_wconf 86' lang='lat' dir='ltr'><strong>Celebretnus</strong></span> <span class='ocrx_word' id='word_1_113' title='bbox 953 1249 1137 1317; x_wconf 92' lang='lat' dir='ltr'><strong>itaque</strong></span> <span class='ocrx_word' id='word_1_114' title='bbox 1163 1241 1637 1300; x_wconf 84' lang='lat' dir='ltr'><strong>innumerabilium</strong></span> <span class='ocrx_word' id='word_1_115' title='bbox 1695 1238 1958 1293; x_wconf 90' lang='lat' dir='ltr'><strong>bonorum</strong></span> <span class='ocrx_word' id='word_1_116' title='bbox 1988 1234 2084 1288; x_wconf 88' lang='lat' dir='ltr'><strong>da-</strong></span> 
     </span>
    </p>
   </div>
   <div class='ocr_carea' id='block_1_18' title="bbox 505 1326 2112 1412">
    <p class='ocr_par' dir='ltr' id='par_1_18' title="bbox 505 1326 2085 1412">
     <span class='ocr_line' id='line_1_20' title="bbox 505 1326 2085 1412; baseline -0.01 -16"><span class='ocrx_word' id='word_1_117' title='bbox 505 1352 704 1410; x_wconf 87' lang='lat' dir='ltr'><strong>torem,</strong></span> <span class='ocrx_word' id='word_1_118' title='bbox 736 1342 826 1412; x_wconf 91' lang='lat' dir='ltr'><strong>qui</strong></span> <span class='ocrx_word' id='word_1_119' title='bbox 858 1342 925 1396; x_wconf 91' lang='lat' dir='ltr'><strong>ab</strong></span> <span class='ocrx_word' id='word_1_120' title='bbox 948 1352 1192 1395; x_wconf 88' lang='lat' dir='ltr'><strong>extrema</strong></span> <span class='ocrx_word' id='word_1_121' title='bbox 1233 1350 1444 1390; x_wconf 90' lang='lat' dir='ltr'><strong>morum</strong></span> <span class='ocrx_word' id='word_1_122' title='bbox 1482 1330 1821 1387; x_wconf 84' lang='lat' dir='ltr'><strong>absurditate</strong></span> <span class='ocrx_word' id='word_1_123' title='bbox 1850 1328 1917 1382; x_wconf 88' lang='lat' dir='ltr'><strong>ad</strong></span> <span class='ocrx_word' id='word_1_124' title='bbox 1972 1326 2085 1396; x_wconf 84' lang='lat' dir='ltr'><strong>pri-</strong></span> 
     </span>
    </p>
   </div>
   <div class='ocr_carea' id='block_1_19' title="bbox 2222 1326 3779 1412">
    <p class='ocr_par' dir='ltr' id='par_1_19' title="bbox 2222 1326 3779 1409">
     <span class='ocr_line' id='line_1_21' title="bbox 2222 1326 3779 1409; baseline -0.006 -20"><span class='ocrx_word' id='word_1_125' title='bbox 2222 1336 2450 1409; x_wconf 62' lang='grc' dir='ltr'>ςορηγὸν,</span> <span class='ocrx_word' id='word_1_126' title='bbox 2478 1334 2571 1389; x_wconf 80' lang='grc' dir='ltr'>τὸν</span> <span class='ocrx_word' id='word_1_127' title='bbox 2598 1337 2663 1388; x_wconf 88' lang='grc' dir='ltr'><strong>ἐκ</strong></span> <span class='ocrx_word' id='word_1_128' title='bbox 2688 1332 2786 1403; x_wconf 85' lang='grc' dir='ltr'>τῆς</span> <span class='ocrx_word' id='word_1_129' title='bbox 2816 1330 3053 1401; x_wconf 75' lang='grc' dir='ltr'><strong>ἐσχάτης</strong></span> <span class='ocrx_word' id='word_1_130' title='bbox 3084 1328 3305 1397; x_wconf 81' lang='grc' dir='ltr'><strong>ἀλογίας</strong></span> <span class='ocrx_word' id='word_1_131' title='bbox 3338 1328 3418 1391; x_wconf 81' lang='grc' dir='ltr'><strong>είς</strong></span> <span class='ocrx_word' id='word_1_132' title='bbox 3454 1329 3551 1399; x_wconf 79' lang='grc' dir='ltr'>τὴν</span> <span class='ocrx_word' id='word_1_133' title='bbox 3585 1326 3779 1398; x_wconf 79' lang='grc' dir='ltr'>προτό-</span> 
     </span>
    </p>
   </div>
   <div class='ocr_carea' id='block_1_20' title="bbox 505 1420 2112 1506">
    <p class='ocr_par' dir='ltr' id='par_1_20' title="bbox 505 1421 2084 1506">
     <span class='ocr_line' id='line_1_22' title="bbox 505 1421 2084 1506; baseline -0.009 -17"><span class='ocrx_word' id='word_1_134' title='bbox 505 1436 795 1506; x_wconf 87' lang='lat' dir='ltr'><strong>migeniam</strong></span> <span class='ocrx_word' id='word_1_135' title='bbox 819 1450 917 1489; x_wconf 90' lang='lat' dir='ltr'><strong>nos</strong></span> <span class='ocrx_word' id='word_1_136' title='bbox 951 1442 1202 1487; x_wconf 84' lang='lat' dir='ltr'><strong>naturam</strong></span> <span class='ocrx_word' id='word_1_137' title='bbox 1226 1428 1520 1494; x_wconf 82' lang='lat' dir='ltr'><strong>revocavit,</strong></span> <span class='ocrx_word' id='word_1_138' title='bbox 1544 1441 1688 1491; x_wconf 89' lang='lat' dir='ltr'><strong>eum,</strong></span> <span class='ocrx_word' id='word_1_139' title='bbox 1723 1424 1965 1493; x_wconf 88' lang='lat' dir='ltr'><strong>inquam,</strong></span> <span class='ocrx_word' id='word_1_140' title='bbox 1995 1421 2084 1490; x_wconf 91' lang='lat' dir='ltr'><strong>qui</strong></span> 
     </span>
    </p>
   </div>
   <div class='ocr_carea' id='block_1_21' title="bbox 2222 1420 3781 1506">
    <p class='ocr_par' dir='ltr' id='par_1_21' title="bbox 2222 1420 3781 1499">
     <span class='ocr_line' id='line_1_23' title="bbox 2222 1420 3781 1499; baseline -0.007 -16"><span class='ocrx_word' id='word_1_141' title='bbox 2222 1448 2294 1483; x_wconf 77' lang='grc' dir='ltr'><strong>ιαν</strong></span> <span class='ocrx_word' id='word_1_142' title='bbox 2337 1429 2483 1499; x_wconf 78' lang='grc' dir='ltr'>ἡμᾶς</span> <span class='ocrx_word' id='word_1_143' title='bbox 2529 1427 2688 1495; x_wconf 81' lang='grc' dir='ltr'>φύσιν</span> <span class='ocrx_word' id='word_1_144' title='bbox 2738 1422 3181 1490; x_wconf 88' lang='grc' dir='ltr'>ἐπαναγαγόντα,</span> <span class='ocrx_word' id='word_1_145' title='bbox 3226 1420 3315 1473; x_wconf 82' lang='grc' dir='ltr'>τὸν</span> <span class='ocrx_word' id='word_1_146' title='bbox 3349 1420 3417 1473; x_wconf 86' lang='grc' dir='ltr'><strong>δι’</strong></span> <span class='ocrx_word' id='word_1_147' title='bbox 3452 1421 3599 1490; x_wconf 78' lang='grc' dir='ltr'>ἡμᾶς</span> <span class='ocrx_word' id='word_1_148' title='bbox 3638 1435 3781 1472; x_wconf 80' lang='grc' dir='ltr'>πτω-</span> 
     </span>
    </p>
   </div>
   <div class='ocr_carea' id='block_1_22' title="bbox 506 1510 2112 1597">
    <p class='ocr_par' dir='ltr' id='par_1_22' title="bbox 506 1520 2088 1597">
     <span class='ocr_line' id='line_1_24' title="bbox 506 1520 2088 1597; baseline -0.008 -17"><span class='ocrx_word' id='word_1_149' title='bbox 506 1538 728 1597; x_wconf 90' lang='lat' dir='ltr'><strong>propter</strong></span> <span class='ocrx_word' id='word_1_150' title='bbox 757 1541 854 1582; x_wconf 90' lang='lat' dir='ltr'><strong>nos</strong></span> <span class='ocrx_word' id='word_1_151' title='bbox 902 1538 1108 1594; x_wconf 89' lang='lat' dir='ltr'><strong>pauper</strong></span> <span class='ocrx_word' id='word_1_152' title='bbox 1156 1530 1239 1577; x_wconf 89' lang='lat' dir='ltr'><strong>est</strong></span> <span class='ocrx_word' id='word_1_153' title='bbox 1270 1520 1469 1583; x_wconf 81' lang='lat' dir='ltr'><strong>factus,</strong></span> <span class='ocrx_word' id='word_1_154' title='bbox 1507 1527 1565 1571; x_wconf 93' lang='lat' dir='ltr'><strong>ut</strong></span> <span class='ocrx_word' id='word_1_155' title='bbox 1619 1531 1718 1571; x_wconf 89' lang='lat' dir='ltr'><strong>nos</strong></span> <span class='ocrx_word' id='word_1_156' title='bbox 1767 1522 2088 1585; x_wconf 87' lang='lat' dir='ltr'><strong>paupertate</strong></span> 
     </span>
    </p>
   </div>
   <div class='ocr_carea' id='block_1_23' title="bbox 2222 1510 3783 1597">
    <p class='ocr_par' dir='ltr' id='par_1_23' title="bbox 2222 1510 3783 1591">
     <span class='ocr_line' id='line_1_25' title="bbox 2222 1510 3783 1591; baseline -0.008 -18"><span class='ocrx_word' id='word_1_157' title='bbox 2222 1519 2485 1591; x_wconf 57' lang='grc' dir='ltr'>ίεύσαντα,</span> <span class='ocrx_word' id='word_1_158' title='bbox 2527 1518 2616 1572; x_wconf 80' lang='grc' dir='ltr'>ἴνα</span> <span class='ocrx_word' id='word_1_159' title='bbox 2642 1518 2800 1589; x_wconf 78' lang='grc' dir='ltr'>ἡμεῖς</span> <span class='ocrx_word' id='word_1_160' title='bbox 2850 1518 2916 1586; x_wconf 79' lang='grc' dir='ltr'>τῇ</span> <span class='ocrx_word' id='word_1_161' title='bbox 2943 1513 3156 1568; x_wconf 83' lang='grc' dir='ltr'>ἐκείνου</span> <span class='ocrx_word' id='word_1_162' title='bbox 3190 1511 3429 1581; x_wconf 85' lang='grc' dir='ltr'>πτωχείᾳ</span> <span class='ocrx_word' id='word_1_163' title='bbox 3458 1510 3783 1579; x_wconf 79' lang='grc' dir='ltr'>πλουτήσωο</span> 
     </span>
    </p>
   </div>
   <div class='ocr_carea' id='block_1_24' title="bbox 507 1599 2112 1689">
    <p class='ocr_par' dir='ltr' id='par_1_24' title="bbox 507 1604 2088 1689">
     <span class='ocr_line' id='line_1_26' title="bbox 507 1604 2088 1689; baseline -0.01 -16"><span class='ocrx_word' id='word_1_164' title='bbox 507 1619 678 1689; x_wconf 83' lang='lat' dir='ltr'><strong>ipsius</strong></span> <span class='ocrx_word' id='word_1_165' title='bbox 695 1619 1013 1671; x_wconf 87' lang='lat' dir='ltr'><strong>ditaremur.</strong></span> <span class='ocrx_word' id='word_1_166' title='bbox 1035 1614 1319 1682; x_wconf 89' lang='lat' dir='ltr'><strong>Simulque</strong></span> <span class='ocrx_word' id='word_1_167' title='bbox 1350 1611 1631 1664; x_wconf 78' lang='lat' dir='ltr'><strong>laudemus</strong></span> <span class='ocrx_word' id='word_1_168' title='bbox 1657 1622 1841 1662; x_wconf 89' lang='lat' dir='ltr'><strong>verum</strong></span> <span class='ocrx_word' id='word_1_169' title='bbox 1857 1604 2024 1677; x_wconf 68' lang='grc'><strong>846</strong></span> <span class='ocrx_word' id='word_1_170' title='bbox 2040 1622 2088 1658; x_wconf 88' lang='lat' dir='ltr'><strong>m</strong></span> 
     </span>
    </p>
   </div>
   <div class='ocr_carea' id='block_1_25' title="bbox 2222 1599 3784 1689">
    <p class='ocr_par' dir='ltr' id='par_1_25' title="bbox 2222 1599 3784 1679">
     <span class='ocr_line' id='line_1_27' title="bbox 2222 1599 3784 1679; baseline -0.009 -14"><span class='ocrx_word' id='word_1_171' title='bbox 2222 1628 2333 1665; x_wconf 86' lang='grc' dir='ltr'>ιεν·</span> <span class='ocrx_word' id='word_1_172' title='bbox 2362 1611 2458 1665; x_wconf 78' lang='lat' dir='ltr'><strong>xa‘t</strong></span> <span class='ocrx_word' id='word_1_173' title='bbox 2514 1610 2611 1663; x_wconf 81' lang='grc' dir='ltr'>σὺν</span> <span class='ocrx_word' id='word_1_174' title='bbox 2660 1608 2810 1679; x_wconf 85' lang='grc' dir='ltr'><strong>αύτῷ</strong></span> <span class='ocrx_word' id='word_1_175' title='bbox 2841 1608 2932 1660; x_wconf 78' lang='grc' dir='ltr'>τὸν</span> <span class='ocrx_word' id='word_1_176' title='bbox 2974 1606 3199 1676; x_wconf 85' lang='grc' dir='ltr'>γνήσιον</span> <span class='ocrx_word' id='word_1_177' title='bbox 3232 1602 3393 1657; x_wconf 77' lang='grc' dir='ltr'>αὐτοῦ</span> <span class='ocrx_word' id='word_1_178' title='bbox 3432 1601 3673 1671; x_wconf 75' lang='grc' dir='ltr'>Πατέρα,</span> <span class='ocrx_word' id='word_1_179' title='bbox 3718 1599 3784 1663; x_wconf 81' lang='grc' dir='ltr'>ὃς</span> 
     </span>
    </p>
   </div>
   <div class='ocr_carea' id='block_1_26' title="bbox 509 1695 2112 1793">
    <p class='ocr_par' dir='ltr' id='par_1_26' title="bbox 509 1698 2085 1776">
     <span class='ocr_line' id='line_1_28' title="bbox 509 1698 2085 1776; baseline -0.009 -15"><span class='ocrx_word' id='word_1_180' title='bbox 509 1709 682 1776; x_wconf 85' lang='lat' dir='ltr'><strong>ipsius</strong></span> <span class='ocrx_word' id='word_1_181' title='bbox 733 1707 973 1769; x_wconf 87' lang='lat' dir='ltr'><strong>Patrem,</strong></span> <span class='ocrx_word' id='word_1_182' title='bbox 1017 1705 1108 1775; x_wconf 90' lang='lat' dir='ltr'><strong>qui</strong></span> <span class='ocrx_word' id='word_1_183' title='bbox 1146 1712 1427 1774; x_wconf 87' lang='lat' dir='ltr'><strong>tantopere</strong></span> <span class='ocrx_word' id='word_1_184' title='bbox 1469 1699 1729 1755; x_wconf 91' lang='lat' dir='ltr'><strong>mundum</strong></span> <span class='ocrx_word' id='word_1_185' title='bbox 1791 1698 1981 1752; x_wconf 83' lang='lat' dir='ltr'><strong>dilexit</strong></span> <span class='ocrx_word' id='word_1_186' title='bbox 2031 1705 2085 1749; x_wconf 89' lang='lat' dir='ltr'><strong>ut</strong></span> 
     </span>
    </p>
   </div>
   <div class='ocr_carea' id='block_1_27' title="bbox 2222 1695 3785 1793">
    <p class='ocr_par' dir='ltr' id='par_1_27' title="bbox 2222 1695 3785 1774">
     <span class='ocr_line' id='line_1_29' title="bbox 2222 1695 3785 1774; baseline -0.008 -16"><span class='ocrx_word' id='word_1_187' title='bbox 2222 1704 2368 1768; x_wconf 66' lang='grc' dir='ltr'>ιῦτιιις</span> <span class='ocrx_word' id='word_1_188' title='bbox 2402 1704 2657 1774; x_wconf 76' lang='grc' dir='ltr'><strong>ἠγάπησε</strong></span> <span class='ocrx_word' id='word_1_189' title='bbox 2702 1702 2794 1755; x_wconf 81' lang='grc' dir='ltr'>τὸν</span> <span class='ocrx_word' id='word_1_190' title='bbox 2842 1700 3067 1770; x_wconf 85' lang='grc' dir='ltr'><strong>κόσμον,</strong></span> <span class='ocrx_word' id='word_1_191' title='bbox 3123 1698 3199 1760; x_wconf 90' lang='grc' dir='ltr'><strong>ώς</strong></span> <span class='ocrx_word' id='word_1_192' title='bbox 3244 1696 3431 1750; x_wconf 85' lang='grc' dir='ltr'>δοῦναι</span> <span class='ocrx_word' id='word_1_193' title='bbox 3477 1695 3571 1748; x_wconf 73' lang='grc' dir='ltr'>τὸν</span> <span class='ocrx_word' id='word_1_194' title='bbox 3626 1710 3785 1765; x_wconf 86' lang='grc' dir='ltr'>μονο-</span> 
     </span>
    </p>
   </div>
   <div class='ocr_carea' id='block_1_28' title="bbox 511 1786 2112 1868">
    <p class='ocr_par' dir='ltr' id='par_1_28' title="bbox 511 1788 2092 1868">
     <span class='ocr_line' id='line_1_30' title="bbox 511 1788 2092 1868; baseline -0.006 -15"><span class='ocrx_word' id='word_1_195' title='bbox 511 1799 705 1853; x_wconf 79' lang='lat' dir='ltr'><strong>Filium</strong></span> <span class='ocrx_word' id='word_1_196' title='bbox 728 1814 885 1853; x_wconf 87' lang='lat' dir='ltr'><strong>suum</strong></span> <span class='ocrx_word' id='word_1_197' title='bbox 921 1797 1262 1868; x_wconf 86' lang='lat' dir='ltr'><strong>unigenitum</strong></span> <span class='ocrx_word' id='word_1_198' title='bbox 1299 1810 1400 1864; x_wconf 92' lang='lat' dir='ltr'><strong>pro</strong></span> <span class='ocrx_word' id='word_1_199' title='bbox 1443 1808 1509 1848; x_wconf 90' lang='lat' dir='ltr'><strong>eo</strong></span> <span class='ocrx_word' id='word_1_200' title='bbox 1557 1790 1791 1850; x_wconf 87' lang='lat' dir='ltr'><strong>dederit,</strong></span> <span class='ocrx_word' id='word_1_201' title='bbox 1823 1800 1881 1843; x_wconf 92' lang='lat' dir='ltr'><strong>ut</strong></span> <span class='ocrx_word' id='word_1_202' title='bbox 1914 1788 2092 1843; x_wconf 89' lang='lat' dir='ltr'><strong>omnis</strong></span> 
     </span>
    </p>
   </div>
   <div class='ocr_carea' id='block_1_29' title="bbox 2222 1786 3784 1868">
    <p class='ocr_par' dir='ltr' id='par_1_29' title="bbox 2222 1786 3784 1868">
     <span class='ocr_line' id='line_1_31' title="bbox 2222 1786 3784 1868; baseline -0.008 -17"><span class='ocrx_word' id='word_1_203' title='bbox 2222 1798 2334 1868; x_wconf 60' lang='grc' dir='ltr'>γενῆ</span> <span class='ocrx_word' id='word_1_204' title='bbox 2382 1794 2543 1850; x_wconf 84' lang='grc' dir='ltr'>αὑτοῦ</span> <span class='ocrx_word' id='word_1_205' title='bbox 2590 1795 2717 1848; x_wconf 84' lang='grc' dir='ltr'>Υἱὸν</span> <span class='ocrx_word' id='word_1_206' title='bbox 2776 1792 2916 1862; x_wconf 82' lang='grc' dir='ltr'><strong>ὑπὲρ</strong></span> <span class='ocrx_word' id='word_1_207' title='bbox 2942 1788 3130 1853; x_wconf 87' lang='grc' dir='ltr'>αὑτοῦ,</span> <span class='ocrx_word' id='word_1_208' title='bbox 3161 1789 3248 1841; x_wconf 85' lang='grc' dir='ltr'>ἵνα</span> <span class='ocrx_word' id='word_1_209' title='bbox 3289 1789 3397 1852; x_wconf 81' lang='grc' dir='ltr'><strong>πᾶς</strong></span> <span class='ocrx_word' id='word_1_210' title='bbox 3434 1788 3465 1841; x_wconf 84' lang='grc' dir='ltr'><strong>ὁ</strong></span> <span class='ocrx_word' id='word_1_211' title='bbox 3514 1786 3784 1839; x_wconf 82' lang='grc' dir='ltr'>πιστεύων</span> 
     </span>
    </p>
   </div>
   <div class='ocr_carea' id='block_1_30' title="bbox 511 1878 2112 1961">
    <p class='ocr_par' dir='ltr' id='par_1_30' title="bbox 511 1880 2091 1961">
     <span class='ocr_line' id='line_1_32' title="bbox 511 1880 2091 1961; baseline -0.008 -17"><span class='ocrx_word' id='word_1_212' title='bbox 511 1894 603 1961; x_wconf 88' lang='lat' dir='ltr'><strong>qui</strong></span> <span class='ocrx_word' id='word_1_213' title='bbox 646 1890 826 1946; x_wconf 86' lang='lat' dir='ltr'><strong>credit</strong></span> <span class='ocrx_word' id='word_1_214' title='bbox 853 1891 908 1945; x_wconf 90' lang='lat' dir='ltr'><strong>in</strong></span> <span class='ocrx_word' id='word_1_215' title='bbox 958 1889 1158 1958; x_wconf 88' lang='lat' dir='ltr'><strong>ipsum,</strong></span> <span class='ocrx_word' id='word_1_216' title='bbox 1186 1901 1294 1941; x_wconf 91' lang='lat' dir='ltr'><strong>non</strong></span> <span class='ocrx_word' id='word_1_217' title='bbox 1324 1893 1529 1955; x_wconf 87' lang='lat' dir='ltr'><strong>pereat,</strong></span> <span class='ocrx_word' id='word_1_218' title='bbox 1564 1883 1659 1937; x_wconf 88' lang='lat' dir='ltr'><strong>sed</strong></span> <span class='ocrx_word' id='word_1_219' title='bbox 1688 1880 1885 1936; x_wconf 90' lang='lat' dir='ltr'><strong>habeat</strong></span> <span class='ocrx_word' id='word_1_220' title='bbox 1926 1880 2091 1933; x_wconf 86' lang='lat' dir='ltr'><strong>vitam</strong></span> 
     </span>
    </p>
   </div>
   <div class='ocr_carea' id='block_1_31' title="bbox 2222 1878 3781 1961">
    <p class='ocr_par' dir='ltr' id='par_1_31' title="bbox 2222 1878 3781 1958">
     <span class='ocr_line' id='line_1_33' title="bbox 2222 1878 3781 1958; baseline -0.008 -15"><span class='ocrx_word' id='word_1_221' title='bbox 2222 1891 2295 1953; x_wconf 80' lang='grc' dir='ltr'><strong>εἰς</strong></span> <span class='ocrx_word' id='word_1_222' title='bbox 2341 1888 2502 1941; x_wconf 82' lang='grc' dir='ltr'>αὐτὸν</span> <span class='ocrx_word' id='word_1_223' title='bbox 2549 1886 2623 1958; x_wconf 83' lang='grc' dir='ltr'>μὴ</span> <span class='ocrx_word' id='word_1_224' title='bbox 2669 1885 2960 1954; x_wconf 84' lang='grc' dir='ltr'>ἀπόληται,</span> <span class='ocrx_word' id='word_1_225' title='bbox 3023 1880 3138 1935; x_wconf 86' lang='grc' dir='ltr'>ἀλλ’</span> <span class='ocrx_word' id='word_1_226' title='bbox 3180 1881 3283 1952; x_wconf 80' lang='grc' dir='ltr'><strong>ἔχῃ</strong></span> <span class='ocrx_word' id='word_1_227' title='bbox 3334 1879 3480 1951; x_wconf 79' lang='grc' dir='ltr'>ζωὴν</span> <span class='ocrx_word' id='word_1_228' title='bbox 3534 1878 3781 1933; x_wconf 82' lang='grc' dir='ltr'>αἰώνιον·</span> 
     </span>
    </p>
   </div>
   <div class='ocr_carea' id='block_1_32' title="bbox 2274 1234 3776 1314">
    <p class='ocr_par' dir='ltr' id='par_1_32' title="bbox 2274 1234 3776 1314">
     <span class='ocr_line' id='line_1_34' title="bbox 2274 1234 3776 1314; baseline -0.005 -17"><span class='ocrx_word' id='word_1_229' title='bbox 2274 1244 2699 1314; x_wconf 82' lang='grc' dir='ltr'>Ἀνυμνήσωμεν</span> <span class='ocrx_word' id='word_1_230' title='bbox 2738 1239 2918 1293; x_wconf 77' lang='grc' dir='ltr'>τοίνυν</span> <span class='ocrx_word' id='word_1_231' title='bbox 2952 1238 3043 1292; x_wconf 81' lang='grc' dir='ltr'>τὸν</span> <span class='ocrx_word' id='word_1_232' title='bbox 3082 1236 3190 1289; x_wconf 88' lang='grc' dir='ltr'><strong>τῶν</strong></span> <span class='ocrx_word' id='word_1_233' title='bbox 3225 1234 3519 1306; x_wconf 83' lang='grc' dir='ltr'><strong>ἀμυθήτων</strong></span> <span class='ocrx_word' id='word_1_234' title='bbox 3557 1234 3776 1304; x_wconf 85' lang='grc' dir='ltr'>ἀγαθῶν</span> 
     </span>
    </p>
   </div>
   <div class='ocr_carea' id='block_1_33' title="bbox 513 1970 2096 2047">
    <p class='ocr_par' dir='ltr' id='par_1_33' title="bbox 513 1970 2096 2047">
     <span class='ocr_line' id='line_1_35' title="bbox 513 1970 2096 2047; baseline -0.006 -12"><span class='ocrx_word' id='word_1_235' title='bbox 513 1991 769 2035; x_wconf 68' lang='lat' dir='ltr'><strong>aeternam</strong></span> <span class='ocrx_word' id='word_1_236' title='bbox 799 1981 845 2013; x_wconf 86' lang='lat'><strong>&quot;</strong></span> <span class='ocrx_word' id='word_1_237' title='bbox 881 1997 897 2047; x_wconf 89' lang='lat'><strong>;</strong></span> <span class='ocrx_word' id='word_1_238' title='bbox 933 1992 1163 2047; x_wconf 88' lang='lat' dir='ltr'><strong>cumque</strong></span> <span class='ocrx_word' id='word_1_239' title='bbox 1184 1976 1346 2031; x_wconf 83' lang='lat' dir='ltr'><strong>Patre</strong></span> <span class='ocrx_word' id='word_1_240' title='bbox 1377 1990 1440 2029; x_wconf 86' lang='lat' dir='ltr'><strong>ac</strong></span> <span class='ocrx_word' id='word_1_241' title='bbox 1481 1974 1620 2029; x_wconf 91' lang='lat' dir='ltr'><strong>Filio</strong></span> <span class='ocrx_word' id='word_1_242' title='bbox 1650 1983 1896 2027; x_wconf 90' lang='lat' dir='ltr'><strong>sanctum</strong></span> <span class='ocrx_word' id='word_1_243' title='bbox 1928 1970 2096 2039; x_wconf 86' lang='lat' dir='ltr'><strong>Spiri-</strong></span> 
     </span>
    </p>
   </div>
   <div class='ocr_carea' id='block_1_34' title="bbox 517 2063 2094 2142">
    <p class='ocr_par' dir='ltr' id='par_1_34' title="bbox 517 2063 2094 2142">
     <span class='ocr_line' id='line_1_36' title="bbox 517 2063 2094 2142; baseline -0.007 -16"><span class='ocrx_word' id='word_1_244' title='bbox 517 2083 629 2126; x_wconf 91' lang='lat' dir='ltr'><strong>tum</strong></span> <span class='ocrx_word' id='word_1_245' title='bbox 665 2085 823 2142; x_wconf 66' lang='lat' dir='ltr'><strong>azqne</strong></span> <span class='ocrx_word' id='word_1_246' title='bbox 882 2070 1186 2134; x_wconf 87' lang='lat' dir='ltr'><strong>laudemus,</strong></span> <span class='ocrx_word' id='word_1_247' title='bbox 1234 2069 1287 2123; x_wconf 90' lang='lat' dir='ltr'><strong>in</strong></span> <span class='ocrx_word' id='word_1_248' title='bbox 1340 2066 1494 2137; x_wconf 88' lang='lat' dir='ltr'><strong>cujus</strong></span> <span class='ocrx_word' id='word_1_249' title='bbox 1547 2066 1765 2120; x_wconf 91' lang='lat' dir='ltr'><strong>nomine</strong></span> <span class='ocrx_word' id='word_1_250' title='bbox 1810 2063 2094 2133; x_wconf 76' lang='lat' dir='ltr'><strong>baptizati,</strong></span> 
     </span>
    </p>
   </div>
   <div class='ocr_carea' id='block_1_35' title="bbox 514 2154 2097 2232">
    <p class='ocr_par' dir='ltr' id='par_1_35' title="bbox 514 2154 2097 2232">
     <span class='ocr_line' id='line_1_37' title="bbox 514 2154 2097 2232; baseline -0.007 -13"><span class='ocrx_word' id='word_1_251' title='bbox 514 2164 640 2219; x_wconf 91' lang='lat' dir='ltr'><strong>doni</strong></span> <span class='ocrx_word' id='word_1_252' title='bbox 667 2164 885 2216; x_wconf 85' lang='lat' dir='ltr'><strong>arrham</strong></span> <span class='ocrx_word' id='word_1_253' title='bbox 916 2161 1218 2232; x_wconf 89' lang='lat' dir='ltr'><strong>accipimus</strong></span> <span class='ocrx_word' id='word_1_254' title='bbox 1250 2176 1264 2224; x_wconf 91' lang='lat'>;</span> <span class='ocrx_word' id='word_1_255' title='bbox 1300 2173 1331 2212; x_wconf 92' lang='lat' dir='ltr'><strong>a</strong></span> <span class='ocrx_word' id='word_1_256' title='bbox 1362 2173 1470 2228; x_wconf 92' lang='lat' dir='ltr'><strong>quo</strong></span> <span class='ocrx_word' id='word_1_257' title='bbox 1494 2166 1693 2212; x_wconf 66' lang='lat' dir='ltr'><strong>nostra:</strong></span> <span class='ocrx_word' id='word_1_258' title='bbox 1744 2156 1943 2209; x_wconf 75' lang='lat' dir='ltr'><strong>anima:</strong></span> <span class='ocrx_word' id='word_1_259' title='bbox 1975 2154 2097 2209; x_wconf 83' lang='grc' dir='ltr'><strong>ἱΙΙιι-</strong></span> 
     </span>
    </p>
   </div>
   <div class='ocr_carea' id='block_1_36' title="bbox 515 2247 2101 2321">
    <p class='ocr_par' dir='ltr' id='par_1_36' title="bbox 515 2247 2101 2321">
     <span class='ocr_line' id='line_1_38' title="bbox 515 2247 2101 2321; baseline -0.006 -12"><span class='ocrx_word' id='word_1_260' title='bbox 515 2256 814 2319; x_wconf 89' lang='lat' dir='ltr'><strong>minantur,</strong></span> <span class='ocrx_word' id='word_1_261' title='bbox 863 2268 893 2307; x_wconf 89' lang='lat' dir='ltr'><strong>a</strong></span> <span class='ocrx_word' id='word_1_262' title='bbox 945 2267 1053 2321; x_wconf 89' lang='lat' dir='ltr'><strong>quo</strong></span> <span class='ocrx_word' id='word_1_263' title='bbox 1102 2250 1501 2306; x_wconf 87' lang='lat' dir='ltr'><strong>incarnationis</strong></span> <span class='ocrx_word' id='word_1_264' title='bbox 1539 2264 1675 2318; x_wconf 92' lang='lat' dir='ltr'><strong>opus</strong></span> <span class='ocrx_word' id='word_1_265' title='bbox 1725 2247 2007 2310; x_wconf 86' lang='lat' dir='ltr'><strong>docemur,</strong></span> <span class='ocrx_word' id='word_1_266' title='bbox 2043 2255 2101 2301; x_wconf 92' lang='lat' dir='ltr'><strong>et</strong></span> 
     </span>
    </p>
   </div>
   <div class='ocr_carea' id='block_1_37' title="bbox 516 2339 2099 2414">
    <p class='ocr_par' dir='ltr' id='par_1_37' title="bbox 516 2339 2099 2414">
     <span class='ocr_line' id='line_1_39' title="bbox 516 2339 2099 2414; baseline -0.007 -14"><span class='ocrx_word' id='word_1_267' title='bbox 516 2346 570 2401; x_wconf 88' lang='lat' dir='ltr'><strong>in</strong></span> <span class='ocrx_word' id='word_1_268' title='bbox 606 2344 873 2414; x_wconf 80' lang='lat' dir='ltr'><strong>theologia</strong></span> <span class='ocrx_word' id='word_1_269' title='bbox 919 2342 1281 2405; x_wconf 90' lang='lat' dir='ltr'><strong>instituimur,</strong></span> <span class='ocrx_word' id='word_1_270' title='bbox 1348 2355 1443 2410; x_wconf 90' lang='lat' dir='ltr'><strong>per</strong></span> <span class='ocrx_word' id='word_1_271' title='bbox 1486 2354 1647 2411; x_wconf 88' lang='lat' dir='ltr'><strong>quem</strong></span> <span class='ocrx_word' id='word_1_272' title='bbox 1682 2353 1711 2393; x_wconf 89' lang='lat' dir='ltr'><strong>a</strong></span> <span class='ocrx_word' id='word_1_273' title='bbox 1746 2353 1958 2393; x_wconf 89' lang='lat' dir='ltr'><strong>morum</strong></span> <span class='ocrx_word' id='word_1_274' title='bbox 1994 2339 2099 2390; x_wconf 86' lang='lat' dir='ltr'><strong>im-</strong></span> 
     </span>
    </p>
   </div>
   <div class='ocr_carea' id='block_1_38' title="bbox 517 2429 2099 2505">
    <p class='ocr_par' dir='ltr' id='par_1_38' title="bbox 517 2429 2099 2505">
     <span class='ocr_line' id='line_1_40' title="bbox 517 2429 2099 2505; baseline -0.002 -18"><span class='ocrx_word' id='word_1_275' title='bbox 517 2438 849 2505; x_wconf 84' lang='lat' dir='ltr'><strong>portunitate</strong></span> <span class='ocrx_word' id='word_1_276' title='bbox 874 2449 1146 2498; x_wconf 75' lang='lat' dir='ltr'><strong>arcemur,</strong></span> <span class='ocrx_word' id='word_1_277' title='bbox 1180 2448 1277 2503; x_wconf 89' lang='lat' dir='ltr'><strong>per</strong></span> <span class='ocrx_word' id='word_1_278' title='bbox 1302 2448 1461 2503; x_wconf 89' lang='lat' dir='ltr'><strong>quem</strong></span> <span class='ocrx_word' id='word_1_279' title='bbox 1487 2432 1724 2501; x_wconf 90' lang='lat' dir='ltr'><strong>denique</strong></span> <span class='ocrx_word' id='word_1_280' title='bbox 1747 2445 1936 2486; x_wconf 88' lang='lat' dir='ltr'><strong>errore</strong></span> <span class='ocrx_word' id='word_1_281' title='bbox 1962 2429 2099 2484; x_wconf 92' lang='lat' dir='ltr'><strong>libe-</strong></span> 
     </span>
    </p>
   </div>
   <div class='ocr_carea' id='block_1_39' title="bbox 521 2521 2099 2595">
    <p class='ocr_par' dir='ltr' id='par_1_39' title="bbox 521 2521 2099 2595">
     <span class='ocr_line' id='line_1_41' title="bbox 521 2521 2099 2595; baseline -0.006 -12"><span class='ocrx_word' id='word_1_282' title='bbox 521 2530 623 2584; x_wconf 88' lang='lat' dir='ltr'><strong>rati</strong></span> <span class='ocrx_word' id='word_1_283' title='bbox 691 2529 982 2583; x_wconf 82' lang='lat' dir='ltr'><strong>veritatem</strong></span> <span class='ocrx_word' id='word_1_284' title='bbox 1013 2525 1353 2595; x_wconf 77' lang='lat' dir='ltr'><strong>agnovimus.</strong></span> <span class='ocrx_word' id='word_1_285' title='bbox 1414 2522 1497 2578; x_wconf 90' lang='lat' dir='ltr'><strong>Ab</strong></span> <span class='ocrx_word' id='word_1_286' title='bbox 1561 2521 1861 2592; x_wconf 84' lang='lat' dir='ltr'><strong>indaganda</strong></span> <span class='ocrx_word' id='word_1_287' title='bbox 1917 2531 2099 2575; x_wconf 88' lang='lat' dir='ltr'><strong>autem</strong></span> 
     </span>
    </p>
   </div>
   <div class='ocr_carea' id='block_1_40' title="bbox 520 2613 2104 2691">
    <p class='ocr_par' dir='ltr' id='par_1_40' title="bbox 520 2613 2104 2691">
     <span class='ocr_line' id='line_1_42' title="bbox 520 2613 2104 2691; baseline -0.004 -17"><span class='ocrx_word' id='word_1_288' title='bbox 520 2619 744 2691; x_wconf 89' lang='lat' dir='ltr'><strong>ingeniti</strong></span> <span class='ocrx_word' id='word_1_289' title='bbox 785 2628 979 2672; x_wconf 87' lang='lat' dir='ltr'><strong>natura</strong></span> <span class='ocrx_word' id='word_1_290' title='bbox 1037 2630 1339 2683; x_wconf 88' lang='lat' dir='ltr'><strong>cessemus,</strong></span> <span class='ocrx_word' id='word_1_291' title='bbox 1371 2624 1551 2669; x_wconf 92' lang='lat' dir='ltr'><strong>utrum</strong></span> <span class='ocrx_word' id='word_1_292' title='bbox 1584 2615 1701 2684; x_wconf 87' lang='lat' dir='ltr'><strong>ipse</strong></span> <span class='ocrx_word' id='word_1_293' title='bbox 1738 2614 1811 2668; x_wconf 89' lang='lat' dir='ltr'><strong>sit</strong></span> <span class='ocrx_word' id='word_1_294' title='bbox 1837 2613 2009 2668; x_wconf 91' lang='lat' dir='ltr'><strong>bonus</strong></span> <span class='ocrx_word' id='word_1_295' title='bbox 2036 2627 2104 2668; x_wconf 87' lang='lat' dir='ltr'><strong>ac</strong></span> 
     </span>
    </p>
   </div>
   <div class='ocr_carea' id='block_1_41' title="bbox 518 2704 2103 2783">
    <p class='ocr_par' dir='ltr' id='par_1_41' title="bbox 518 2704 2103 2783">
     <span class='ocr_line' id='line_1_43' title="bbox 518 2704 2103 2783; baseline -0.004 -17"><span class='ocrx_word' id='word_1_296' title='bbox 518 2710 718 2783; x_wconf 72' lang='lat' dir='ltr'><strong>iustus,</strong></span> <span class='ocrx_word' id='word_1_297' title='bbox 751 2720 808 2764; x_wconf 91' lang='lat' dir='ltr'><strong>et</strong></span> <span class='ocrx_word' id='word_1_298' title='bbox 833 2717 1015 2763; x_wconf 90' lang='lat' dir='ltr'><strong>utrum</strong></span> <span class='ocrx_word' id='word_1_299' title='bbox 1056 2707 1171 2762; x_wconf 90' lang='lat' dir='ltr'><strong>lleri</strong></span> <span class='ocrx_word' id='word_1_300' title='bbox 1232 2706 1405 2777; x_wconf 89' lang='lat' dir='ltr'><strong>possit</strong></span> <span class='ocrx_word' id='word_1_301' title='bbox 1456 2716 1515 2759; x_wconf 93' lang='lat' dir='ltr'><strong>ut</strong></span> <span class='ocrx_word' id='word_1_302' title='bbox 1568 2707 1691 2775; x_wconf 90' lang='lat' dir='ltr'><strong>quis</strong></span> <span class='ocrx_word' id='word_1_303' title='bbox 1744 2720 1852 2760; x_wconf 90' lang='lat' dir='ltr'><strong>non</strong></span> <span class='ocrx_word' id='word_1_304' title='bbox 1888 2704 2103 2775; x_wconf 87' lang='lat' dir='ltr'><strong>genitus</strong></span> 
     </span>
    </p>
   </div>
   <div class='ocr_carea' id='block_1_42' title="bbox 522 2796 2101 2857">
    <p class='ocr_par' dir='ltr' id='par_1_42' title="bbox 522 2796 2101 2857">
     <span class='ocr_line' id='line_1_44' title="bbox 522 2796 2101 2857; baseline -0.004 0"><span class='ocrx_word' id='word_1_305' title='bbox 522 2819 624 2857; x_wconf 89' lang='lat' dir='ltr'><strong>nec</strong></span> <span class='ocrx_word' id='word_1_306' title='bbox 674 2801 853 2856; x_wconf 85' lang='lat' dir='ltr'><strong>lactus</strong></span> <span class='ocrx_word' id='word_1_307' title='bbox 899 2801 1147 2856; x_wconf 80' lang='lat' dir='ltr'><strong>exsistat.</strong></span> <span class='ocrx_word' id='word_1_308' title='bbox 1205 2800 1499 2854; x_wconf 83' lang='lat' dir='ltr'><strong>Cessemus</strong></span> <span class='ocrx_word' id='word_1_309' title='bbox 1550 2799 1679 2853; x_wconf 90' lang='lat' dir='ltr'><strong>item</strong></span> <span class='ocrx_word' id='word_1_310' title='bbox 1727 2812 1759 2851; x_wconf 89' lang='lat' dir='ltr'><strong>a</strong></span> <span class='ocrx_word' id='word_1_311' title='bbox 1809 2796 2101 2853; x_wconf 88' lang='lat' dir='ltr'><strong>scrutanda</strong></span> 
     </span>
    </p>
   </div>
   <div class='ocr_carea' id='block_1_43' title="bbox 524 2887 2101 2961">
    <p class='ocr_par' dir='ltr' id='par_1_43' title="bbox 524 2887 2101 2961">
     <span class='ocr_line' id='line_1_45' title="bbox 524 2887 2101 2961; baseline -0.006 -11"><span class='ocrx_word' id='word_1_312' title='bbox 524 2891 800 2960; x_wconf 82' lang='lat' dir='ltr'><strong>Unigeniti</strong></span> <span class='ocrx_word' id='word_1_313' title='bbox 844 2890 1203 2961; x_wconf 77' lang='lat' dir='ltr'><strong>generatione</strong></span> <span class='ocrx_word' id='word_1_314' title='bbox 1244 2888 1471 2959; x_wconf 80' lang='lat' dir='ltr'><strong>ejusque</strong></span> <span class='ocrx_word' id='word_1_315' title='bbox 1505 2887 1715 2943; x_wconf 90' lang='lat' dir='ltr'><strong>ratione</strong></span> <span class='ocrx_word' id='word_1_316' title='bbox 1746 2887 2101 2957; x_wconf 87' lang='lat' dir='ltr'><strong>exquirenda,</strong></span> 
     </span>
    </p>
   </div>
   <div class='ocr_carea' id='block_1_44' title="bbox 525 2981 2105 3054">
    <p class='ocr_par' dir='ltr' id='par_1_44' title="bbox 525 2981 2105 3054">
     <span class='ocr_line' id='line_1_46' title="bbox 525 2981 2105 3054; baseline -0.003 -14"><span class='ocrx_word' id='word_1_317' title='bbox 525 3000 627 3040; x_wconf 90' lang='lat' dir='ltr'><strong>nec</strong></span> <span class='ocrx_word' id='word_1_318' title='bbox 657 2986 723 3039; x_wconf 91' lang='lat' dir='ltr'><strong>de</strong></span> <span class='ocrx_word' id='word_1_319' title='bbox 761 2984 1004 3054; x_wconf 87' lang='lat' dir='ltr'><strong>ingenito</strong></span> <span class='ocrx_word' id='word_1_320' title='bbox 1054 2983 1344 3052; x_wconf 84' lang='lat' dir='ltr'><strong>genitoque</strong></span> <span class='ocrx_word' id='word_1_321' title='bbox 1392 2981 1772 3052; x_wconf 87' lang='lat' dir='ltr'><strong>dijudicemus,</strong></span> <span class='ocrx_word' id='word_1_322' title='bbox 1822 2990 1917 3035; x_wconf 89' lang='lat' dir='ltr'><strong>aut</strong></span> <span class='ocrx_word' id='word_1_323' title='bbox 1960 2981 2105 3051; x_wconf 89' lang='lat' dir='ltr'><strong>quod</strong></span> 
     </span>
    </p>
   </div>
   <div class='ocr_carea' id='block_1_45' title="bbox 2204 1972 3785 2049">
    <p class='ocr_par' dir='ltr' id='par_1_45' title="bbox 2204 1972 3785 2049">
     <span class='ocr_line' id='line_1_47' title="bbox 2204 1972 3785 2049; baseline -0.007 -14"><span class='ocrx_word' id='word_1_324' title='bbox 2204 1982 2305 2035; x_wconf 78' lang='grc' dir='ltr'>καὶ</span> <span class='ocrx_word' id='word_1_325' title='bbox 2352 1982 2449 2034; x_wconf 79' lang='grc' dir='ltr'>σὺν</span> <span class='ocrx_word' id='word_1_326' title='bbox 2502 1979 2681 2049; x_wconf 73' lang='grc' dir='ltr'>Πατρὶ</span> <span class='ocrx_word' id='word_1_327' title='bbox 2731 1977 2828 2032; x_wconf 73' lang='grc' dir='ltr'>καὶ</span> <span class='ocrx_word' id='word_1_328' title='bbox 2871 1976 2986 2046; x_wconf 86' lang='grc' dir='ltr'><strong>Υἱῷ</strong></span> <span class='ocrx_word' id='word_1_329' title='bbox 3042 1975 3102 2029; x_wconf 83' lang='grc' dir='ltr'>τὸ</span> <span class='ocrx_word' id='word_1_330' title='bbox 3140 1972 3369 2044; x_wconf 79' lang='grc' dir='ltr'>Πνεῦμα</span> <span class='ocrx_word' id='word_1_331' title='bbox 3409 1973 3471 2026; x_wconf 84' lang='grc' dir='ltr'><strong>τὸ</strong></span> <span class='ocrx_word' id='word_1_332' title='bbox 3513 1973 3687 2041; x_wconf 76' lang='grc' dir='ltr'>ἅγιον,</span> <span class='ocrx_word' id='word_1_333' title='bbox 3729 1975 3785 2025; x_wconf 83' lang='grc' dir='ltr'><strong>ἐν</strong></span> 
     </span>
    </p>
   </div>
   <div class='ocr_carea' id='block_1_46' title="bbox 2205 2064 3784 2142">
    <p class='ocr_par' dir='ltr' id='par_1_46' title="bbox 2205 2064 3784 2142">
     <span class='ocr_line' id='line_1_48' title="bbox 2205 2064 3784 2142; baseline -0.006 -17"><span class='ocrx_word' id='word_1_334' title='bbox 2205 2066 2251 2141; x_wconf 83' lang='grc' dir='ltr'><strong>ᾧ</strong></span> <span class='ocrx_word' id='word_1_335' title='bbox 2301 2069 2686 2142; x_wconf 76' lang='grc' dir='ltr'>βαπτιζόμενοι</span> <span class='ocrx_word' id='word_1_336' title='bbox 2728 2069 2819 2123; x_wconf 86' lang='grc' dir='ltr'>τὸν</span> <span class='ocrx_word' id='word_1_337' title='bbox 2878 2070 2976 2138; x_wconf 78' lang='grc' dir='ltr'>τῆς</span> <span class='ocrx_word' id='word_1_338' title='bbox 3022 2066 3231 2137; x_wconf 83' lang='grc' dir='ltr'>δωρεᾶς</span> <span class='ocrx_word' id='word_1_339' title='bbox 3283 2064 3581 2136; x_wconf 74' lang='grc' dir='ltr'>ἀρραϐῶνα</span> <span class='ocrx_word' id='word_1_340' title='bbox 3645 2064 3784 2134; x_wconf 86' lang='grc' dir='ltr'>λαμ-</span> 
     </span>
    </p>
   </div>
   <div class='ocr_carea' id='block_1_47' title="bbox 2207 2150 3785 2235">
    <p class='ocr_par' dir='ltr' id='par_1_47' title="bbox 2207 2150 3785 2235">
     <span class='ocr_line' id='line_1_49' title="bbox 2207 2150 3785 2235; baseline -0.006 -17"><span class='ocrx_word' id='word_1_341' title='bbox 2207 2166 2476 2235; x_wconf 83' lang='grc' dir='ltr'>ϐάνομεν·</span> <span class='ocrx_word' id='word_1_342' title='bbox 2513 2164 2580 2217; x_wconf 88' lang='grc' dir='ltr'>δι’</span> <span class='ocrx_word' id='word_1_343' title='bbox 2627 2155 2689 2215; x_wconf 77' lang='grc' dir='ltr'><strong>οῦ</strong></span> <span class='ocrx_word' id='word_1_344' title='bbox 2738 2162 2837 2225; x_wconf 86' lang='grc' dir='ltr'><strong>τὰς</strong></span> <span class='ocrx_word' id='word_1_345' title='bbox 2870 2160 3049 2231; x_wconf 78' lang='grc' dir='ltr'>ψυχὰς</span> <span class='ocrx_word' id='word_1_346' title='bbox 3090 2157 3455 2229; x_wconf 72' lang='grc' dir='ltr'>φωτιζόμεθα,</span> <span class='ocrx_word' id='word_1_347' title='bbox 3488 2156 3553 2209; x_wconf 85' lang='grc' dir='ltr'><strong>δι’</strong></span> <span class='ocrx_word' id='word_1_348' title='bbox 3590 2150 3651 2210; x_wconf 81' lang='grc' dir='ltr'><strong>οὗ</strong></span> <span class='ocrx_word' id='word_1_349' title='bbox 3684 2155 3785 2227; x_wconf 79' lang='grc' dir='ltr'>τὴν</span> 
     </span>
    </p>
   </div>
   <div class='ocr_carea' id='block_1_48' title="bbox 2206 2242 3785 2324">
    <p class='ocr_par' dir='ltr' id='par_1_48' title="bbox 2206 2242 3785 2324">
     <span class='ocr_line' id='line_1_50' title="bbox 2206 2242 3785 2324; baseline -0.006 -16"><span class='ocrx_word' id='word_1_350' title='bbox 2206 2253 2522 2324; x_wconf 75' lang='grc' dir='ltr'>οἰκονομίαν</span> <span class='ocrx_word' id='word_1_351' title='bbox 2553 2249 2945 2321; x_wconf 81' lang='grc' dir='ltr'>διδασκόμεθα,</span> <span class='ocrx_word' id='word_1_352' title='bbox 2979 2249 3045 2302; x_wconf 85' lang='grc' dir='ltr'><strong>δι’</strong></span> <span class='ocrx_word' id='word_1_353' title='bbox 3080 2242 3142 2301; x_wconf 81' lang='grc' dir='ltr'><strong>οῦ</strong></span> <span class='ocrx_word' id='word_1_354' title='bbox 3186 2249 3284 2319; x_wconf 80' lang='grc' dir='ltr'>τὴν</span> <span class='ocrx_word' id='word_1_355' title='bbox 3337 2246 3605 2315; x_wconf 78' lang='grc' dir='ltr'>θεολογίαν</span> <span class='ocrx_word' id='word_1_356' title='bbox 3650 2264 3785 2300; x_wconf 86' lang='grc' dir='ltr'>παι-</span> 
     </span>
    </p>
   </div>
   <div class='ocr_carea' id='block_1_49' title="bbox 2206 2332 3788 2415">
    <p class='ocr_par' dir='ltr' id='par_1_49' title="bbox 2206 2332 3788 2415">
     <span class='ocr_line' id='line_1_51' title="bbox 2206 2332 3788 2415; baseline -0.005 -16"><span class='ocrx_word' id='word_1_357' title='bbox 2206 2344 2494 2415; x_wconf 87' lang='grc' dir='ltr'>δευόμεθα,</span> <span class='ocrx_word' id='word_1_358' title='bbox 2526 2342 2592 2397; x_wconf 83' lang='grc' dir='ltr'><strong>δι’</strong></span> <span class='ocrx_word' id='word_1_359' title='bbox 2631 2334 2691 2396; x_wconf 78' lang='grc' dir='ltr'><strong>οῦ</strong></span> <span class='ocrx_word' id='word_1_360' title='bbox 2722 2341 2824 2412; x_wconf 84' lang='grc' dir='ltr'>τῆς</span> <span class='ocrx_word' id='word_1_361' title='bbox 2862 2341 3088 2410; x_wconf 84' lang='grc' dir='ltr'>ἀλογίας</span> <span class='ocrx_word' id='word_1_362' title='bbox 3116 2339 3594 2410; x_wconf 82' lang='grc' dir='ltr'>ἀπαλλαττόμεθα,</span> <span class='ocrx_word' id='word_1_363' title='bbox 3626 2338 3689 2391; x_wconf 83' lang='grc' dir='ltr'><strong>δι’</strong></span> <span class='ocrx_word' id='word_1_364' title='bbox 3724 2332 3788 2391; x_wconf 78' lang='grc' dir='ltr'><strong>οῦ</strong></span> 
     </span>
    </p>
   </div>
   <div class='ocr_carea' id='block_1_50' title="bbox 2209 2432 3793 2511">
    <p class='ocr_par' dir='ltr' id='par_1_50' title="bbox 2209 2432 3793 2511">
     <span class='ocr_line' id='line_1_52' title="bbox 2209 2432 3793 2511; baseline -0.006 -18"><span class='ocrx_word' id='word_1_365' title='bbox 2209 2440 2306 2511; x_wconf 84' lang='grc' dir='ltr'>τῆς</span> <span class='ocrx_word' id='word_1_366' title='bbox 2332 2436 2541 2508; x_wconf 82' lang='grc' dir='ltr'>πλάνης</span> <span class='ocrx_word' id='word_1_367' title='bbox 2565 2433 3044 2504; x_wconf 80' lang='grc' dir='ltr'>ἠλευθερώθημεν,</span> <span class='ocrx_word' id='word_1_368' title='bbox 3075 2434 3169 2487; x_wconf 80' lang='grc' dir='ltr'>καὶ</span> <span class='ocrx_word' id='word_1_369' title='bbox 3210 2433 3308 2505; x_wconf 78' lang='grc' dir='ltr'>τὴν</span> <span class='ocrx_word' id='word_1_370' title='bbox 3344 2433 3600 2505; x_wconf 79' lang='grc' dir='ltr'>ἀλήθειαν</span> <span class='ocrx_word' id='word_1_371' title='bbox 3625 2432 3793 2499; x_wconf 79' lang='grc' dir='ltr'>ἔγνω·-</span> 
     </span>
    </p>
   </div>
   <div class='ocr_carea' id='block_1_51' title="bbox 2211 2525 3793 2602">
    <p class='ocr_par' dir='ltr' id='par_1_51' title="bbox 2211 2525 3793 2602">
     <span class='ocr_line' id='line_1_53' title="bbox 2211 2525 3793 2602; baseline -0.003 -19"><span class='ocrx_word' id='word_1_372' title='bbox 2211 2549 2331 2602; x_wconf 90' lang='grc' dir='ltr'>μεν.</span> <span class='ocrx_word' id='word_1_373' title='bbox 2367 2530 2479 2584; x_wconf 71' lang='grc' dir='ltr'><strong>Καὶ</strong></span> <span class='ocrx_word' id='word_1_374' title='bbox 2510 2526 2847 2599; x_wconf 86' lang='grc' dir='ltr'>παυσώμεθα</span> <span class='ocrx_word' id='word_1_375' title='bbox 2876 2526 2977 2596; x_wconf 84' lang='grc' dir='ltr'>τὴν</span> <span class='ocrx_word' id='word_1_376' title='bbox 3006 2526 3169 2595; x_wconf 85' lang='grc' dir='ltr'>φύσιν</span> <span class='ocrx_word' id='word_1_377' title='bbox 3208 2525 3793 2596; x_wconf 81' lang='grc' dir='ltr'>πολυπραγμονοῦντες</span> 
     </span>
    </p>
   </div>
   <div class='ocr_carea' id='block_1_52' title="bbox 2207 2618 3795 2694">
    <p class='ocr_par' dir='ltr' id='par_1_52' title="bbox 2207 2618 3795 2694">
     <span class='ocr_line' id='line_1_54' title="bbox 2207 2618 3795 2694; baseline -0.005 -16"><span class='ocrx_word' id='word_1_378' title='bbox 2207 2623 2302 2678; x_wconf 87' lang='grc' dir='ltr'><strong>τοῦ</strong></span> <span class='ocrx_word' id='word_1_379' title='bbox 2330 2622 2647 2694; x_wconf 86' lang='grc' dir='ltr'>ἀγεννήτου,</span> <span class='ocrx_word' id='word_1_380' title='bbox 2681 2622 2730 2674; x_wconf 85' lang='grc' dir='ltr'><strong>εἰ</strong></span> <span class='ocrx_word' id='word_1_381' title='bbox 2763 2622 2858 2673; x_wconf 78' lang='grc' dir='ltr'>καὶ</span> <span class='ocrx_word' id='word_1_382' title='bbox 2890 2619 3054 2682; x_wconf 84' lang='grc' dir='ltr'>αὐτὸς</span> <span class='ocrx_word' id='word_1_383' title='bbox 3081 2618 3285 2688; x_wconf 85' lang='grc' dir='ltr'>ἀγαθὸς</span> <span class='ocrx_word' id='word_1_384' title='bbox 3323 2620 3416 2671; x_wconf 82' lang='grc' dir='ltr'>καὶ</span> <span class='ocrx_word' id='word_1_385' title='bbox 3448 2618 3676 2681; x_wconf 88' lang='grc' dir='ltr'>δίκαιος,</span> <span class='ocrx_word' id='word_1_386' title='bbox 3701 2618 3795 2671; x_wconf 80' lang='grc' dir='ltr'>καὶ</span> 
     </span>
    </p>
   </div>
   <div class='ocr_carea' id='block_1_53' title="bbox 2209 2710 3791 2783">
    <p class='ocr_par' dir='ltr' id='par_1_53' title="bbox 2209 2710 3791 2783">
     <span class='ocr_line' id='line_1_55' title="bbox 2209 2710 3791 2783; baseline -0.003 -14"><span class='ocrx_word' id='word_1_387' title='bbox 2209 2718 2258 2769; x_wconf 87' lang='grc' dir='ltr'><strong>εἰ</strong></span> <span class='ocrx_word' id='word_1_388' title='bbox 2296 2710 2407 2768; x_wconf 73' lang='grc' dir='ltr'>οἷόν</span> <span class='ocrx_word' id='word_1_389' title='bbox 2440 2732 2500 2767; x_wconf 88' lang='grc' dir='ltr'><strong>τε</strong></span> <span class='ocrx_word' id='word_1_390' title='bbox 2543 2710 2682 2766; x_wconf 83' lang='grc' dir='ltr'>εἶναί</span> <span class='ocrx_word' id='word_1_391' title='bbox 2716 2730 2839 2766; x_wconf 89' lang='grc' dir='ltr'>τινα</span> <span class='ocrx_word' id='word_1_392' title='bbox 2881 2712 2956 2782; x_wconf 84' lang='grc' dir='ltr'>μὴ</span> <span class='ocrx_word' id='word_1_393' title='bbox 3000 2710 3327 2783; x_wconf 84' lang='grc' dir='ltr'>γεννηθέντα</span> <span class='ocrx_word' id='word_1_394' title='bbox 3380 2710 3412 2782; x_wconf 82' lang='grc' dir='ltr'>ἢ</span> <span class='ocrx_word' id='word_1_395' title='bbox 3465 2711 3791 2781; x_wconf 60' lang='grc' dir='ltr'>γενόμενον</span> 
     </span>
    </p>
   </div>
   <div class='ocr_carea' id='block_1_54' title="bbox 2212 2801 3799 2877">
    <p class='ocr_par' dir='ltr' id='par_1_54' title="bbox 2212 2801 3799 2877">
     <span class='ocr_line' id='line_1_56' title="bbox 2212 2801 3799 2877; baseline -0.005 -16"><span class='ocrx_word' id='word_1_396' title='bbox 2212 2805 2553 2877; x_wconf 87' lang='grc' dir='ltr'>παυσώμεθα</span> <span class='ocrx_word' id='word_1_397' title='bbox 2580 2805 2679 2874; x_wconf 85' lang='grc' dir='ltr'>τὴν</span> <span class='ocrx_word' id='word_1_398' title='bbox 2712 2803 2968 2873; x_wconf 83' lang='grc' dir='ltr'>γέννησιν</span> <span class='ocrx_word' id='word_1_399' title='bbox 2997 2801 3455 2875; x_wconf 78' lang='grc' dir='ltr'>περιεργάζεσθαι</span> <span class='ocrx_word' id='word_1_400' title='bbox 3488 2801 3582 2854; x_wconf 86' lang='grc' dir='ltr'><strong>τοῦ</strong></span> <span class='ocrx_word' id='word_1_401' title='bbox 3624 2802 3799 2854; x_wconf 86' lang='grc' dir='ltr'>Μονο-</span> 
     </span>
    </p>
   </div>
   <div class='ocr_carea' id='block_1_55' title="bbox 2212 2893 3801 2969">
    <p class='ocr_par' dir='ltr' id='par_1_55' title="bbox 2212 2893 3801 2969">
     <span class='ocr_line' id='line_1_57' title="bbox 2212 2893 3801 2969; baseline -0.004 -18"><span class='ocrx_word' id='word_1_402' title='bbox 2212 2898 2424 2969; x_wconf 85' lang='grc' dir='ltr'>γενοῦς,</span> <span class='ocrx_word' id='word_1_403' title='bbox 2458 2898 2554 2951; x_wconf 76' lang='grc' dir='ltr'>καὶ</span> <span class='ocrx_word' id='word_1_404' title='bbox 2583 2896 2674 2949; x_wconf 81' lang='grc' dir='ltr'>τὸν</span> <span class='ocrx_word' id='word_1_405' title='bbox 2704 2895 2904 2966; x_wconf 86' lang='grc' dir='ltr'>τρόπον</span> <span class='ocrx_word' id='word_1_406' title='bbox 2944 2893 3350 2965; x_wconf 78' lang='grc' dir='ltr'>ἐπιζητοῦντες,</span> <span class='ocrx_word' id='word_1_407' title='bbox 3387 2894 3483 2946; x_wconf 77' lang='grc' dir='ltr'><strong>καί</strong></span> <span class='ocrx_word' id='word_1_408' title='bbox 3516 2894 3801 2963; x_wconf 79' lang='grc' dir='ltr'>ἀγεννήτῳ</span> 
     </span>
    </p>
   </div>
   <div class='ocr_carea' id='block_1_56' title="bbox 2213 2984 3804 3060">
    <p class='ocr_par' dir='ltr' id='par_1_56' title="bbox 2213 2984 3804 3060">
     <span class='ocr_line' id='line_1_58' title="bbox 2213 2984 3804 3060; baseline -0.004 -14"><span class='ocrx_word' id='word_1_409' title='bbox 2213 2992 2311 3046; x_wconf 74' lang='grc' dir='ltr'>καὶ</span> <span class='ocrx_word' id='word_1_410' title='bbox 2352 2987 2599 3060; x_wconf 90' lang='grc' dir='ltr'>γεννητῷ</span> <span class='ocrx_word' id='word_1_411' title='bbox 2643 2987 2977 3053; x_wconf 85' lang='grc' dir='ltr'>διαιτῶντες,</span> <span class='ocrx_word' id='word_1_412' title='bbox 3032 2986 3129 3040; x_wconf 71' lang='grc' dir='ltr'><strong>καὶ</strong></span> <span class='ocrx_word' id='word_1_413' title='bbox 3168 2984 3493 3056; x_wconf 85' lang='grc' dir='ltr'>μετροῦντες</span> <span class='ocrx_word' id='word_1_414' title='bbox 3538 2985 3607 3037; x_wconf 85' lang='grc' dir='ltr'><strong>τά</strong></span> <span class='ocrx_word' id='word_1_415' title='bbox 3657 2985 3804 3055; x_wconf 82' lang='grc' dir='ltr'>ἀμέ-</span> 
     </span>
    </p>
   </div>
   <div class='ocr_carea' id='block_1_57' title="bbox 528 3070 2112 3158">
    <p class='ocr_par' dir='ltr' id='par_1_57' title="bbox 528 3070 2107 3130">
     <span class='ocr_line' id='line_1_59' title="bbox 528 3070 2107 3130; baseline -0.003 0"><span class='ocrx_word' id='word_1_416' title='bbox 528 3073 973 3130; x_wconf 85' lang='lat' dir='ltr'><strong>immensurabile</strong></span> <span class='ocrx_word' id='word_1_417' title='bbox 1023 3082 1107 3128; x_wconf 90' lang='lat' dir='ltr'><strong>est</strong></span> <span class='ocrx_word' id='word_1_418' title='bbox 1165 3072 1540 3127; x_wconf 89' lang='lat' dir='ltr'><strong>dimetiamur.</strong></span> <span class='ocrx_word' id='word_1_419' title='bbox 1597 3070 1887 3128; x_wconf 87' lang='lat' dir='ltr'><strong>Cessemus</strong></span> <span class='ocrx_word' id='word_1_420' title='bbox 1921 3087 1950 3125; x_wconf 90' lang='lat' dir='ltr'><strong>a</strong></span> <span class='ocrx_word' id='word_1_421' title='bbox 1987 3088 2107 3127; x_wconf 89' lang='lat' dir='ltr'><strong>ma-</strong></span> 
     </span>
    </p>
   </div>
   <div class='ocr_carea' id='block_1_58' title="bbox 2222 3070 3804 3158">
    <p class='ocr_par' dir='ltr' id='par_1_58' title="bbox 2222 3071 3804 3152">
     <span class='ocr_line' id='line_1_60' title="bbox 2222 3071 3804 3152; baseline -0.004 -18"><span class='ocrx_word' id='word_1_422' title='bbox 2222 3096 2407 3152; x_wconf 77' lang='grc' dir='ltr'>τρηταο</span> <span class='ocrx_word' id='word_1_423' title='bbox 2471 3075 2809 3147; x_wconf 87' lang='grc' dir='ltr'>παυσώμεθα</span> <span class='ocrx_word' id='word_1_424' title='bbox 2873 3074 3058 3137; x_wconf 85' lang='grc' dir='ltr'>κακῶς</span> <span class='ocrx_word' id='word_1_425' title='bbox 3110 3072 3484 3143; x_wconf 88' lang='grc' dir='ltr'>ἀνιχνεύοντες</span> <span class='ocrx_word' id='word_1_426' title='bbox 3543 3072 3643 3144; x_wconf 82' lang='grc' dir='ltr'>τὴν</span> <span class='ocrx_word' id='word_1_427' title='bbox 3704 3071 3804 3127; x_wconf 88' lang='grc' dir='ltr'><strong>τοῦ</strong></span> 
     </span>
    </p>
   </div>
   <div class='ocr_carea' id='block_1_59' title="bbox 528 3160 2108 3235">
    <p class='ocr_par' dir='ltr' id='par_1_59' title="bbox 528 3160 2108 3235">
     <span class='ocr_line' id='line_1_61' title="bbox 528 3160 2108 3235; baseline -0.003 -13"><span class='ocrx_word' id='word_1_428' title='bbox 528 3167 707 3223; x_wconf 88' lang='lat' dir='ltr'><strong>litiose</strong></span> <span class='ocrx_word' id='word_1_429' title='bbox 751 3163 1074 3235; x_wconf 83' lang='lat' dir='ltr'><strong>vestiganda</strong></span> <span class='ocrx_word' id='word_1_430' title='bbox 1133 3160 1375 3232; x_wconf 82' lang='lat' dir='ltr'><strong>Spiritus</strong></span> <span class='ocrx_word' id='word_1_431' title='bbox 1426 3163 1797 3232; x_wconf 89' lang='lat' dir='ltr'><strong>processione,</strong></span> <span class='ocrx_word' id='word_1_432' title='bbox 1834 3177 2012 3235; x_wconf 86' lang='lat' dir='ltr'><strong>neque</strong></span> <span class='ocrx_word' id='word_1_433' title='bbox 2043 3178 2108 3219; x_wconf 86' lang='lat' dir='ltr'><strong>ea</strong></span> 
     </span>
    </p>
   </div>
   <div class='ocr_carea' id='block_1_60' title="bbox 529 3252 2110 3323">
    <p class='ocr_par' dir='ltr' id='par_1_60' title="bbox 529 3252 2110 3323">
     <span class='ocr_line' id='line_1_62' title="bbox 529 3252 2110 3323; baseline -0.001 -11"><span class='ocrx_word' id='word_1_434' title='bbox 529 3260 738 3313; x_wconf 84' lang='lat' dir='ltr'><strong>discere</strong></span> <span class='ocrx_word' id='word_1_435' title='bbox 770 3255 1107 3317; x_wconf 84' lang='lat' dir='ltr'><strong>studeamus,</strong></span> <span class='ocrx_word' id='word_1_436' title='bbox 1135 3268 1256 3323; x_wconf 67' lang='lat' dir='ltr'><strong>quae</strong></span> <span class='ocrx_word' id='word_1_437' title='bbox 1277 3252 1376 3307; x_wconf 89' lang='lat' dir='ltr'><strong>soli</strong></span> <span class='ocrx_word' id='word_1_438' title='bbox 1404 3254 1555 3308; x_wconf 88' lang='lat' dir='ltr'><strong>Patri</strong></span> <span class='ocrx_word' id='word_1_439' title='bbox 1580 3264 1634 3309; x_wconf 92' lang='lat' dir='ltr'><strong>et</strong></span> <span class='ocrx_word' id='word_1_440' title='bbox 1652 3254 1789 3310; x_wconf 88' lang='lat' dir='ltr'><strong>Filio</strong></span> <span class='ocrx_word' id='word_1_441' title='bbox 1826 3264 1880 3310; x_wconf 90' lang='lat' dir='ltr'><strong>et</strong></span> <span class='ocrx_word' id='word_1_442' title='bbox 1918 3266 2110 3311; x_wconf 86' lang='lat' dir='ltr'><strong>sancto</strong></span> 
     </span>
    </p>
   </div>
   <div class='ocr_carea' id='block_1_61' title="bbox 531 3345 2111 3418">
    <p class='ocr_par' dir='ltr' id='par_1_61' title="bbox 531 3345 2111 3418">
     <span class='ocr_line' id='line_1_63' title="bbox 531 3345 2111 3418; baseline -0.001 -14"><span class='ocrx_word' id='word_1_443' title='bbox 531 3347 757 3418; x_wconf 89' lang='lat' dir='ltr'><strong>Spiritui</strong></span> <span class='ocrx_word' id='word_1_444' title='bbox 789 3354 917 3401; x_wconf 90' lang='lat' dir='ltr'><strong>nota</strong></span> <span class='ocrx_word' id='word_1_445' title='bbox 968 3354 1115 3401; x_wconf 88' lang='lat' dir='ltr'><strong>sunt.</strong></span> <span class='ocrx_word' id='word_1_446' title='bbox 1146 3345 1201 3399; x_wconf 93' lang='lat' dir='ltr'><strong>In</strong></span> <span class='ocrx_word' id='word_1_447' title='bbox 1241 3345 1332 3410; x_wconf 87' lang='lat' dir='ltr'><strong>iis,</strong></span> <span class='ocrx_word' id='word_1_448' title='bbox 1362 3358 1498 3413; x_wconf 88' lang='lat' dir='ltr'><strong>quos</strong></span> <span class='ocrx_word' id='word_1_449' title='bbox 1556 3345 1879 3416; x_wconf 87' lang='lat' dir='ltr'><strong>recepimus,</strong></span> <span class='ocrx_word' id='word_1_450' title='bbox 1911 3346 2111 3403; x_wconf 83' lang='lat' dir='ltr'><strong>ﬁnibus</strong></span> 
     </span>
    </p>
   </div>
   <div class='ocr_carea' id='block_1_62' title="bbox 534 3437 2112 3507">
    <p class='ocr_par' dir='ltr' id='par_1_62' title="bbox 534 3437 2112 3507">
     <span class='ocr_line' id='line_1_64' title="bbox 534 3437 2112 3507; baseline 0 -13"><span class='ocrx_word' id='word_1_451' title='bbox 534 3454 848 3494; x_wconf 89' lang='lat' dir='ltr'><strong>maneamus</strong></span> <span class='ocrx_word' id='word_1_452' title='bbox 878 3456 892 3493; x_wconf 87' lang='lat'><strong>:</strong></span> <span class='ocrx_word' id='word_1_453' title='bbox 923 3452 992 3492; x_wconf 90' lang='lat' dir='ltr'><strong>ne</strong></span> <span class='ocrx_word' id='word_1_454' title='bbox 1021 3437 1302 3502; x_wconf 91' lang='lat' dir='ltr'><strong>terminos,</strong></span> <span class='ocrx_word' id='word_1_455' title='bbox 1326 3451 1462 3505; x_wconf 88' lang='lat' dir='ltr'><strong>quos</strong></span> <span class='ocrx_word' id='word_1_456' title='bbox 1496 3444 1677 3507; x_wconf 87' lang='lat' dir='ltr'><strong>patres</strong></span> <span class='ocrx_word' id='word_1_457' title='bbox 1705 3438 1877 3492; x_wconf 89' lang='lat' dir='ltr'><strong>nostri</strong></span> <span class='ocrx_word' id='word_1_458' title='bbox 1915 3453 2112 3507; x_wconf 81' lang='lat' dir='ltr'><strong>posue-</strong></span> 
     </span>
    </p>
   </div>
   <div class='ocr_carea' id='block_1_63' title="bbox 537 3528 2112 3601">
    <p class='ocr_par' dir='ltr' id='par_1_63' title="bbox 537 3528 2112 3601">
     <span class='ocr_line' id='line_1_65' title="bbox 537 3528 2112 3601; baseline 0.001 -16"><span class='ocrx_word' id='word_1_459' title='bbox 537 3542 682 3592; x_wconf 89' lang='lat' dir='ltr'><strong>runt.</strong></span> <span class='ocrx_word' id='word_1_460' title='bbox 708 3533 1125 3586; x_wconf 81' lang='lat' dir='ltr'><strong>transferamus.</strong></span> <span class='ocrx_word' id='word_1_461' title='bbox 1151 3528 1372 3585; x_wconf 86' lang='lat' dir='ltr'><strong>Tradita</strong></span> <span class='ocrx_word' id='word_1_462' title='bbox 1404 3530 1560 3585; x_wconf 88' lang='lat' dir='ltr'><strong>nobis</strong></span> <span class='ocrx_word' id='word_1_463' title='bbox 1580 3543 1609 3582; x_wconf 86' lang='lat' dir='ltr'><strong>a</strong></span> <span class='ocrx_word' id='word_1_464' title='bbox 1638 3529 1841 3601; x_wconf 91' lang='lat' dir='ltr'><strong>Spiritu</strong></span> <span class='ocrx_word' id='word_1_465' title='bbox 1864 3530 2112 3586; x_wconf 82' lang='lat' dir='ltr'><strong>doctrina</strong></span> 
     </span>
    </p>
   </div>
   <div class='ocr_carea' id='block_1_64' title="bbox 536 3620 2113 3694">
    <p class='ocr_par' dir='ltr' id='par_1_64' title="bbox 536 3620 2113 3694">
     <span class='ocr_line' id='line_1_66' title="bbox 536 3620 2113 3694; baseline 0.003 -19"><span class='ocrx_word' id='word_1_466' title='bbox 536 3622 778 3675; x_wconf 87' lang='lat' dir='ltr'><strong>contenti</strong></span> <span class='ocrx_word' id='word_1_467' title='bbox 801 3622 991 3676; x_wconf 87' lang='lat' dir='ltr'><strong>simus.</strong></span> <span class='ocrx_word' id='word_1_468' title='bbox 1027 3621 1106 3675; x_wconf 86' lang='lat' dir='ltr'><strong>Ne</strong></span> <span class='ocrx_word' id='word_1_469' title='bbox 1132 3622 1360 3676; x_wconf 88' lang='lat' dir='ltr'><strong>velimus</strong></span> <span class='ocrx_word' id='word_1_470' title='bbox 1402 3620 1553 3675; x_wconf 84' lang='lat' dir='ltr'><strong>Pauli</strong></span> <span class='ocrx_word' id='word_1_471' title='bbox 1605 3622 1891 3677; x_wconf 88' lang='lat' dir='ltr'><strong>scientiam</strong></span> <span class='ocrx_word' id='word_1_472' title='bbox 1946 3638 2113 3694; x_wconf 89' lang='lat' dir='ltr'><strong>supe-</strong></span> 
     </span>
    </p>
   </div>
   <div class='ocr_carea' id='block_1_65' title="bbox 538 3712 2115 3785">
    <p class='ocr_par' dir='ltr' id='par_1_65' title="bbox 538 3712 2115 3785">
     <span class='ocr_line' id='line_1_67' title="bbox 538 3712 2115 3785; baseline 0.003 -17"><span class='ocrx_word' id='word_1_473' title='bbox 538 3728 685 3779; x_wconf 89' lang='lat' dir='ltr'><strong>rare,</strong></span> <span class='ocrx_word' id='word_1_474' title='bbox 712 3712 804 3783; x_wconf 92' lang='lat' dir='ltr'><strong>qui</strong></span> <span class='ocrx_word' id='word_1_475' title='bbox 834 3727 901 3767; x_wconf 90' lang='lat' dir='ltr'><strong>ex</strong></span> <span class='ocrx_word' id='word_1_476' title='bbox 925 3721 1079 3782; x_wconf 86' lang='lat' dir='ltr'><strong>parte</strong></span> <span class='ocrx_word' id='word_1_477' title='bbox 1109 3713 1289 3765; x_wconf 85' lang='lat' dir='ltr'><strong>aiebat</strong></span> <span class='ocrx_word' id='word_1_478' title='bbox 1327 3725 1386 3764; x_wconf 84' lang='lat' dir='ltr'><strong>se</strong></span> <span class='ocrx_word' id='word_1_479' title='bbox 1408 3725 1762 3779; x_wconf 77' lang='lat' dir='ltr'><strong>cognoscere,</strong></span> <span class='ocrx_word' id='word_1_480' title='bbox 1791 3724 1847 3768; x_wconf 89' lang='lat' dir='ltr'><strong>et</strong></span> <span class='ocrx_word' id='word_1_481' title='bbox 1872 3730 1936 3769; x_wconf 85' lang='lat' dir='ltr'><strong>ex</strong></span> <span class='ocrx_word' id='word_1_482' title='bbox 1963 3727 2115 3785; x_wconf 89' lang='lat' dir='ltr'><strong>parte</strong></span> 
     </span>
    </p>
   </div>
   <div class='ocr_carea' id='block_1_66' title="bbox 541 3803 2112 3875">
    <p class='ocr_par' dir='ltr' id='par_1_66' title="bbox 541 3803 2112 3875">
     <span class='ocr_line' id='line_1_68' title="bbox 541 3803 2112 3875; baseline 0.003 -17"><span class='ocrx_word' id='word_1_483' title='bbox 541 3807 890 3875; x_wconf 86' lang='lat' dir='ltr'><strong>prophetare,</strong></span> <span class='ocrx_word' id='word_1_484' title='bbox 930 3812 988 3859; x_wconf 90' lang='lat' dir='ltr'><strong>et</strong></span> <span class='ocrx_word' id='word_1_485' title='bbox 1033 3803 1089 3857; x_wconf 91' lang='lat' dir='ltr'><strong>in</strong></span> <span class='ocrx_word' id='word_1_486' title='bbox 1141 3804 1363 3874; x_wconf 87' lang='lat' dir='ltr'><strong>speculo</strong></span> <span class='ocrx_word' id='word_1_487' title='bbox 1404 3812 1459 3859; x_wconf 91' lang='lat' dir='ltr'><strong>et</strong></span> <span class='ocrx_word' id='word_1_488' title='bbox 1488 3805 1774 3873; x_wconf 71' lang='lat' dir='ltr'><strong>aenigmate</strong></span> <span class='ocrx_word' id='word_1_489' title='bbox 1829 3807 2112 3863; x_wconf 87' lang='lat' dir='ltr'><strong>veritatem</strong></span> 
     </span>
    </p>
   </div>
   <div class='ocr_carea' id='block_1_67' title="bbox 539 3895 2117 3970">
    <p class='ocr_par' dir='ltr' id='par_1_67' title="bbox 539 3895 2117 3970">
     <span class='ocr_line' id='line_1_69' title="bbox 539 3895 2117 3970; baseline 0.003 -19"><span class='ocrx_word' id='word_1_490' title='bbox 539 3897 723 3951; x_wconf 86' lang='lat' dir='ltr'><strong>videre</strong></span> <span class='ocrx_word' id='word_1_491' title='bbox 758 3895 827 3951; x_wconf 81' lang='grc'><strong>⁸³.</strong></span> <span class='ocrx_word' id='word_1_492' title='bbox 860 3895 1248 3965; x_wconf 72' lang='grc' dir='ltr'>Εχερθοιεπιιιε</span> <span class='ocrx_word' id='word_1_493' title='bbox 1291 3905 1629 3965; x_wconf 88' lang='lat' dir='ltr'><strong>speratorum</strong></span> <span class='ocrx_word' id='word_1_494' title='bbox 1677 3898 1939 3952; x_wconf 90' lang='lat' dir='ltr'><strong>bonorum</strong></span> <span class='ocrx_word' id='word_1_495' title='bbox 1990 3915 2117 3970; x_wconf 90' lang='lat' dir='ltr'><strong>pos-</strong></span> 
     </span>
    </p>
   </div>
   <div class='ocr_carea' id='block_1_68' title="bbox 540 3986 2119 4063">
    <p class='ocr_par' dir='ltr' id='par_1_68' title="bbox 540 3986 2119 4063">
     <span class='ocr_line' id='line_1_70' title="bbox 540 3986 2119 4063; baseline 0.003 -19"><span class='ocrx_word' id='word_1_496' title='bbox 540 4002 773 4044; x_wconf 85' lang='lat' dir='ltr'><strong>sessum.</strong></span> <span class='ocrx_word' id='word_1_497' title='bbox 834 3986 987 4042; x_wconf 89' lang='lat' dir='ltr'><strong>Tunc</strong></span> <span class='ocrx_word' id='word_1_498' title='bbox 1037 3987 1278 4057; x_wconf 82' lang='lat' dir='ltr'><strong>perfecte</strong></span> <span class='ocrx_word' id='word_1_499' title='bbox 1315 4002 1728 4059; x_wconf 76' lang='lat' dir='ltr'><strong>cognoscemus,</strong></span> <span class='ocrx_word' id='word_1_500' title='bbox 1777 4005 1899 4046; x_wconf 91' lang='lat' dir='ltr'><strong>cum</strong></span> <span class='ocrx_word' id='word_1_501' title='bbox 1944 4006 2119 4063; x_wconf 90' lang='lat' dir='ltr'><strong>neque</strong></span> 
     </span>
    </p>
   </div>
   <div class='ocr_carea' id='block_1_69' title="bbox 537 4076 2120 4152">
    <p class='ocr_par' dir='ltr' id='par_1_69' title="bbox 537 4076 2120 4152">
     <span class='ocr_line' id='line_1_71' title="bbox 537 4076 2120 4152; baseline 0.003 -20"><span class='ocrx_word' id='word_1_502' title='bbox 537 4076 796 4143; x_wconf 86' lang='lat' dir='ltr'><strong>iactantia</strong></span> <span class='ocrx_word' id='word_1_503' title='bbox 823 4078 977 4133; x_wconf 87' lang='lat' dir='ltr'><strong>nobis</strong></span> <span class='ocrx_word' id='word_1_504' title='bbox 1006 4077 1248 4145; x_wconf 86' lang='lat' dir='ltr'><strong>nocebit,</strong></span> <span class='ocrx_word' id='word_1_505' title='bbox 1275 4091 1447 4146; x_wconf 90' lang='lat' dir='ltr'><strong>neque</strong></span> <span class='ocrx_word' id='word_1_506' title='bbox 1477 4078 1732 4147; x_wconf 90' lang='lat' dir='ltr'><strong>superbia</strong></span> <span class='ocrx_word' id='word_1_507' title='bbox 1782 4094 1881 4134; x_wconf 89' lang='lat' dir='ltr'><strong>nos</strong></span> <span class='ocrx_word' id='word_1_508' title='bbox 1928 4083 2120 4152; x_wconf 73' lang='lat' dir='ltr'><strong>praeci-</strong></span> 
     </span>
    </p>
   </div>
   <div class='ocr_carea' id='block_1_70' title="bbox 546 4169 2117 4240">
    <p class='ocr_par' dir='ltr' id='par_1_70' title="bbox 546 4169 2117 4240">
     <span class='ocr_line' id='line_1_72' title="bbox 546 4169 2117 4240; baseline 0.003 -16"><span class='ocrx_word' id='word_1_509' title='bbox 546 4172 687 4240; x_wconf 89' lang='lat' dir='ltr'><strong>pites</strong></span> <span class='ocrx_word' id='word_1_510' title='bbox 746 4178 890 4238; x_wconf 89' lang='lat' dir='ltr'><strong>aget,</strong></span> <span class='ocrx_word' id='word_1_511' title='bbox 949 4169 1044 4225; x_wconf 87' lang='lat' dir='ltr'><strong>sed</strong></span> <span class='ocrx_word' id='word_1_512' title='bbox 1093 4169 1349 4239; x_wconf 88' lang='lat' dir='ltr'><strong>passione</strong></span> <span class='ocrx_word' id='word_1_513' title='bbox 1386 4169 1533 4223; x_wconf 93' lang='lat' dir='ltr'><strong>omni</strong></span> <span class='ocrx_word' id='word_1_514' title='bbox 1583 4179 1836 4240; x_wconf 82' lang='lat' dir='ltr'><strong>expertes</strong></span> <span class='ocrx_word' id='word_1_515' title='bbox 1892 4173 2117 4229; x_wconf 86' lang='lat' dir='ltr'><strong>erimus.</strong></span> 
     </span>
    </p>
   </div>
   <div class='ocr_carea' id='block_1_71' title="bbox 545 4261 2120 4336">
    <p class='ocr_par' dir='ltr' id='par_1_71' title="bbox 545 4261 2120 4336">
     <span class='ocr_line' id='line_1_73' title="bbox 545 4261 2120 4336; baseline 0.005 -20"><span class='ocrx_word' id='word_1_516' title='bbox 545 4263 685 4333; x_wconf 78' lang='lat' dir='ltr'><strong>Ergo</strong></span> <span class='ocrx_word' id='word_1_517' title='bbox 716 4263 966 4331; x_wconf 63' lang='lat' dir='ltr'><strong>praesenti</strong></span> <span class='ocrx_word' id='word_1_518' title='bbox 1001 4272 1243 4329; x_wconf 83' lang='lat' dir='ltr'><strong>tempore</strong></span> <span class='ocrx_word' id='word_1_519' title='bbox 1266 4261 1320 4317; x_wconf 90' lang='lat' dir='ltr'><strong>in</strong></span> <span class='ocrx_word' id='word_1_520' title='bbox 1353 4261 1614 4316; x_wconf 85' lang='lat' dir='ltr'><strong>doctrinis</strong></span> <span class='ocrx_word' id='word_1_521' title='bbox 1647 4261 1879 4335; x_wconf 62' lang='lat' dir='ltr'><strong>847m</strong></span> <span class='ocrx_word' id='word_1_522' title='bbox 1906 4275 2120 4336; x_wconf 85' lang='lat' dir='ltr'><strong>patrum</strong></span> 
     </span>
    </p>
   </div>
   <div class='ocr_carea' id='block_1_72' title="bbox 551 4352 2122 4424">
    <p class='ocr_par' dir='ltr' id='par_1_72' title="bbox 551 4352 2122 4424">
     <span class='ocr_line' id='line_1_74' title="bbox 551 4352 2122 4424; baseline 0.008 -16"><span class='ocrx_word' id='word_1_523' title='bbox 551 4365 857 4424; x_wconf 87' lang='lat' dir='ltr'><strong>perstemus</strong></span> <span class='ocrx_word' id='word_1_524' title='bbox 888 4371 903 4418; x_wconf 92' lang='lat'><strong>;</strong></span> <span class='ocrx_word' id='word_1_525' title='bbox 943 4368 1008 4406; x_wconf 90' lang='lat' dir='ltr'><strong>ne</strong></span> <span class='ocrx_word' id='word_1_526' title='bbox 1047 4352 1251 4419; x_wconf 88' lang='lat' dir='ltr'><strong>majora</strong></span> <span class='ocrx_word' id='word_1_527' title='bbox 1281 4352 1420 4406; x_wconf 80' lang='lat' dir='ltr'><strong>forte</strong></span> <span class='ocrx_word' id='word_1_528' title='bbox 1457 4366 1785 4423; x_wconf 70' lang='lat' dir='ltr'><strong>quaerentes,</strong></span> <span class='ocrx_word' id='word_1_529' title='bbox 1823 4360 2122 4420; x_wconf 87' lang='lat' dir='ltr'><strong>minoribus</strong></span> 
     </span>
    </p>
   </div>
   <div class='ocr_carea' id='block_1_73' title="bbox 610 4526 1636 4595">
    <p class='ocr_par' dir='ltr' id='par_1_73' title="bbox 610 4526 1636 4595">
     <span class='ocr_line' id='line_1_75' title="bbox 610 4526 1636 4595; baseline 0.004 -12"><span class='ocrx_word' id='word_1_530' title='bbox 610 4530 654 4564; x_wconf 84' lang='grc'><strong>⁸⁷</strong></span> <span class='ocrx_word' id='word_1_531' title='bbox 680 4527 839 4584; x_wconf 82' lang='lat' dir='ltr'><strong>Joan.</strong></span> <span class='ocrx_word' id='word_1_532' title='bbox 869 4544 953 4593; x_wconf 86' lang='grc' dir='ltr'>ιιι,</span> <span class='ocrx_word' id='word_1_533' title='bbox 988 4526 1078 4582; x_wconf 78' lang='grc'><strong>16.</strong></span> <span class='ocrx_word' id='word_1_534' title='bbox 1154 4528 1198 4560; x_wconf 79' lang='grc'><strong>⁵⁸</strong></span> <span class='ocrx_word' id='word_1_535' title='bbox 1221 4527 1241 4582; x_wconf 92' lang='grc' dir='ltr'><strong>ι</strong></span> <span class='ocrx_word' id='word_1_536' title='bbox 1264 4529 1391 4585; x_wconf 77' lang='lat' dir='ltr'><strong>Cdr.</strong></span> <span class='ocrx_word' id='word_1_537' title='bbox 1424 4544 1544 4595; x_wconf 85' lang='lat' dir='ltr'><strong>xm,</strong></span> <span class='ocrx_word' id='word_1_538' title='bbox 1576 4531 1636 4588; x_wconf 82' lang='lat'><strong>9.</strong></span> 
     </span>
    </p>
   </div>
   <div class='ocr_carea' id='block_1_74' title="bbox 2217 3166 3804 3242">
    <p class='ocr_par' dir='ltr' id='par_1_74' title="bbox 2217 3166 3804 3242">
     <span class='ocr_line' id='line_1_76' title="bbox 2217 3166 3804 3242; baseline -0.004 -16"><span class='ocrx_word' id='word_1_539' title='bbox 2217 3173 2536 3242; x_wconf 84' lang='grc' dir='ltr'>Πνεύματος</span> <span class='ocrx_word' id='word_1_540' title='bbox 2578 3167 2827 3240; x_wconf 88' lang='grc' dir='ltr'>πρόοδον,</span> <span class='ocrx_word' id='word_1_541' title='bbox 2874 3167 2970 3220; x_wconf 70' lang='grc' dir='ltr'><strong>καί⁵</strong></span> <span class='ocrx_word' id='word_1_542' title='bbox 3010 3166 3301 3237; x_wconf 77' lang='grc' dir='ltr'>ζητοῦντες</span> <span class='ocrx_word' id='word_1_543' title='bbox 3353 3168 3545 3238; x_wconf 84' lang='grc' dir='ltr'>μαθεῖν</span> <span class='ocrx_word' id='word_1_544' title='bbox 3576 3166 3611 3221; x_wconf 79' lang='lat' dir='ltr'><strong>a</strong></span> <span class='ocrx_word' id='word_1_545' title='bbox 3654 3168 3804 3238; x_wconf 79' lang='grc' dir='ltr'>μόνῳ</span> 
     </span>
    </p>
   </div>
   <div class='ocr_carea' id='block_1_75' title="bbox 2216 3260 3808 3336">
    <p class='ocr_par' dir='ltr' id='par_1_75' title="bbox 2216 3260 3808 3336">
     <span class='ocr_line' id='line_1_77' title="bbox 2216 3260 3808 3336; baseline -0.005 -15"><span class='ocrx_word' id='word_1_546' title='bbox 2216 3265 2395 3336; x_wconf 78' lang='grc' dir='ltr'>Πατρὶ</span> <span class='ocrx_word' id='word_1_547' title='bbox 2425 3263 2521 3317; x_wconf 81' lang='grc' dir='ltr'>καὶ</span> <span class='ocrx_word' id='word_1_548' title='bbox 2551 3260 2666 3332; x_wconf 79' lang='grc' dir='ltr'>Υἰῷ</span> <span class='ocrx_word' id='word_1_549' title='bbox 2699 3260 2804 3315; x_wconf 78' lang='grc' dir='ltr'>καὶ</span> <span class='ocrx_word' id='word_1_550' title='bbox 2829 3261 2969 3331; x_wconf 85' lang='grc' dir='ltr'>ἁγίῳ</span> <span class='ocrx_word' id='word_1_551' title='bbox 2990 3260 3269 3331; x_wconf 87' lang='grc' dir='ltr'>Πνεύματι</span> <span class='ocrx_word' id='word_1_552' title='bbox 3285 3261 3538 3333; x_wconf 83' lang='grc' dir='ltr'>γνώριμα</span> <span class='ocrx_word' id='word_1_553' title='bbox 3570 3261 3647 3330; x_wconf 82' lang='grc' dir='ltr'><strong>(Ι)</strong></span> <span class='ocrx_word' id='word_1_554' title='bbox 3672 3280 3685 3292; x_wconf 90' lang='grc'><strong>·</strong></span> <span class='ocrx_word' id='word_1_555' title='bbox 3711 3262 3808 3333; x_wconf 87' lang='grc' dir='ltr'>ἐμ-</span> 
     </span>
    </p>
   </div>
   <div class='ocr_carea' id='block_1_76' title="bbox 2221 3346 3807 3428">
    <p class='ocr_par' dir='ltr' id='par_1_76' title="bbox 2221 3346 3807 3428">
     <span class='ocr_line' id='line_1_78' title="bbox 2221 3346 3807 3428; baseline -0.003 -19"><span class='ocrx_word' id='word_1_556' title='bbox 2221 3356 2495 3428; x_wconf 88' lang='grc' dir='ltr'>μείνωμεν</span> <span class='ocrx_word' id='word_1_557' title='bbox 2521 3346 2602 3415; x_wconf 77' lang='grc' dir='ltr'><strong>οἷς</strong></span> <span class='ocrx_word' id='word_1_558' title='bbox 2630 3349 2898 3423; x_wconf 76' lang='grc' dir='ltr'>ἐλάϐομεν</span> <span class='ocrx_word' id='word_1_559' title='bbox 2926 3352 3072 3421; x_wconf 83' lang='grc' dir='ltr'>ὅροις</span> <span class='ocrx_word' id='word_1_560' title='bbox 3092 3368 3107 3382; x_wconf 92' lang='grc'><strong>·</strong></span> <span class='ocrx_word' id='word_1_561' title='bbox 3130 3350 3206 3423; x_wconf 83' lang='grc' dir='ltr'>μὴ</span> <span class='ocrx_word' id='word_1_562' title='bbox 3238 3353 3359 3421; x_wconf 79' lang='grc' dir='ltr'>ὅρια</span> <span class='ocrx_word' id='word_1_563' title='bbox 3387 3351 3807 3422; x_wconf 81' lang='grc' dir='ltr'>μετενέγκωμεν</span> 
     </span>
    </p>
   </div>
   <div class='ocr_carea' id='block_1_77' title="bbox 2219 3440 3807 3515">
    <p class='ocr_par' dir='ltr' id='par_1_77' title="bbox 2219 3440 3807 3515">
     <span class='ocr_line' id='line_1_79' title="bbox 2219 3440 3807 3515; baseline -0.004 -14"><span class='ocrx_word' id='word_1_564' title='bbox 2219 3448 2255 3502; x_wconf 75' lang='grc' dir='ltr'><strong>ἀ</strong></span> <span class='ocrx_word' id='word_1_565' title='bbox 2281 3446 2467 3500; x_wconf 75' lang='grc' dir='ltr'>ἔθεντο</span> <span class='ocrx_word' id='word_1_566' title='bbox 2504 3447 2553 3498; x_wconf 83' lang='grc' dir='ltr'><strong>οἰ</strong></span> <span class='ocrx_word' id='word_1_567' title='bbox 2586 3443 2832 3514; x_wconf 86' lang='grc' dir='ltr'>Πατέρες</span> <span class='ocrx_word' id='word_1_568' title='bbox 2864 3440 3024 3512; x_wconf 81' lang='grc' dir='ltr'>ἡμῶν</span> <span class='ocrx_word' id='word_1_569' title='bbox 3050 3459 3065 3473; x_wconf 87' lang='grc'><strong>·</strong></span> <span class='ocrx_word' id='word_1_570' title='bbox 3098 3441 3459 3514; x_wconf 88' lang='grc' dir='ltr'>ἀρκεσθῶμεν</span> <span class='ocrx_word' id='word_1_571' title='bbox 3486 3445 3552 3514; x_wconf 74' lang='grc' dir='ltr'>τῇ</span> <span class='ocrx_word' id='word_1_572' title='bbox 3587 3442 3807 3515; x_wconf 74' lang='grc' dir='ltr'>δοθείσῃ</span> 
     </span>
    </p>
   </div>
   <div class='ocr_carea' id='block_1_78' title="bbox 2220 3528 3805 3606">
    <p class='ocr_par' dir='ltr' id='par_1_78' title="bbox 2220 3528 3805 3606">
     <span class='ocr_line' id='line_1_80' title="bbox 2220 3528 3805 3606; baseline -0.007 -15"><span class='ocrx_word' id='word_1_573' title='bbox 2220 3534 2538 3606; x_wconf 79' lang='grc' dir='ltr'>διδασκαλίᾳ</span> <span class='ocrx_word' id='word_1_574' title='bbox 2590 3532 2742 3603; x_wconf 87' lang='grc' dir='ltr'>παρὰ</span> <span class='ocrx_word' id='word_1_575' title='bbox 2775 3530 2869 3584; x_wconf 90' lang='grc' dir='ltr'><strong>τοῦ</strong></span> <span class='ocrx_word' id='word_1_576' title='bbox 2913 3529 3251 3601; x_wconf 82' lang='grc' dir='ltr'>Πνεύματος.</span> <span class='ocrx_word' id='word_1_577' title='bbox 3301 3531 3394 3600; x_wconf 81' lang='grc' dir='ltr'><strong>Μὴ</strong></span> <span class='ocrx_word' id='word_1_578' title='bbox 3452 3528 3805 3600; x_wconf 80' lang='grc' dir='ltr'>βουληθῶμεν</span> 
     </span>
    </p>
   </div>
   <div class='ocr_carea' id='block_1_79' title="bbox 2224 3622 3809 3700">
    <p class='ocr_par' dir='ltr' id='par_1_79' title="bbox 2224 3622 3809 3700">
     <span class='ocr_line' id='line_1_81' title="bbox 2224 3622 3809 3700; baseline -0.006 -17"><span class='ocrx_word' id='word_1_579' title='bbox 2224 3628 2526 3700; x_wconf 76' lang='grc' dir='ltr'>ὑπερϐῆναι</span> <span class='ocrx_word' id='word_1_580' title='bbox 2557 3625 2769 3679; x_wconf 83' lang='grc' dir='ltr'>Παύλου</span> <span class='ocrx_word' id='word_1_581' title='bbox 2801 3623 2901 3693; x_wconf 85' lang='grc' dir='ltr'>τὴν</span> <span class='ocrx_word' id='word_1_582' title='bbox 2924 3622 3147 3691; x_wconf 89' lang='grc' dir='ltr'>γνῶσιν,</span> <span class='ocrx_word' id='word_1_583' title='bbox 3176 3622 3236 3686; x_wconf 72' lang='grc' dir='ltr'>ὃς</span> <span class='ocrx_word' id='word_1_584' title='bbox 3264 3623 3328 3676; x_wconf 84' lang='grc' dir='ltr'><strong>ἐκ</strong></span> <span class='ocrx_word' id='word_1_585' title='bbox 3362 3622 3565 3693; x_wconf 88' lang='grc' dir='ltr'>μέρους</span> <span class='ocrx_word' id='word_1_586' title='bbox 3594 3622 3695 3691; x_wconf 77' lang='grc' dir='ltr'><strong>ἔφη</strong></span> <span class='ocrx_word' id='word_1_587' title='bbox 3722 3638 3809 3688; x_wconf 83' lang='grc' dir='ltr'>γι-</span> 
     </span>
    </p>
   </div>
   <div class='ocr_carea' id='block_1_80' title="bbox 2222 3713 3805 3786">
    <p class='ocr_par' dir='ltr' id='par_1_80' title="bbox 2222 3713 3805 3786">
     <span class='ocr_line' id='line_1_82' title="bbox 2222 3713 3805 3786; baseline -0.006 -13"><span class='ocrx_word' id='word_1_588' title='bbox 2222 3720 2472 3783; x_wconf 81' lang='grc' dir='ltr'>νώσκειν,</span> <span class='ocrx_word' id='word_1_589' title='bbox 2498 3718 2592 3771; x_wconf 78' lang='grc' dir='ltr'>καὶ</span> <span class='ocrx_word' id='word_1_590' title='bbox 2620 3719 2685 3770; x_wconf 85' lang='grc' dir='ltr'><strong>ἐκ</strong></span> <span class='ocrx_word' id='word_1_591' title='bbox 2712 3716 2909 3786; x_wconf 75' lang='grc' dir='ltr'>μέρους</span> <span class='ocrx_word' id='word_1_592' title='bbox 2935 3713 3321 3786; x_wconf 79' lang='grc' dir='ltr'>προφητεύειν,</span> <span class='ocrx_word' id='word_1_593' title='bbox 3354 3715 3449 3767; x_wconf 79' lang='grc' dir='ltr'><strong>καί</strong></span> <span class='ocrx_word' id='word_1_594' title='bbox 3476 3717 3535 3767; x_wconf 87' lang='grc' dir='ltr'><strong>ἐν</strong></span> <span class='ocrx_word' id='word_1_595' title='bbox 3554 3714 3805 3783; x_wconf 78' lang='grc' dir='ltr'>ἐσόπτρῳ</span> 
     </span>
    </p>
   </div>
   <div class='ocr_carea' id='block_1_81' title="bbox 2226 3801 3805 3880">
    <p class='ocr_par' dir='ltr' id='par_1_81' title="bbox 2226 3801 3805 3880">
     <span class='ocr_line' id='line_1_83' title="bbox 2226 3801 3805 3880; baseline -0.006 -18"><span class='ocrx_word' id='word_1_596' title='bbox 2226 3809 2441 3880; x_wconf 85' lang='grc' dir='ltr'>βλέπειν</span> <span class='ocrx_word' id='word_1_597' title='bbox 2464 3806 2558 3860; x_wconf 75' lang='grc' dir='ltr'>καὶ</span> <span class='ocrx_word' id='word_1_598' title='bbox 2589 3809 2648 3859; x_wconf 91' lang='grc' dir='ltr'><strong>ἐν</strong></span> <span class='ocrx_word' id='word_1_599' title='bbox 2669 3805 2953 3874; x_wconf 79' lang='grc' dir='ltr'>αἰνίγματι</span> <span class='ocrx_word' id='word_1_600' title='bbox 2980 3804 3076 3874; x_wconf 80' lang='grc' dir='ltr'>τὴν</span> <span class='ocrx_word' id='word_1_601' title='bbox 3092 3802 3349 3873; x_wconf 86' lang='grc' dir='ltr'>ἀλήθειαν</span> <span class='ocrx_word' id='word_1_602' title='bbox 3371 3802 3444 3874; x_wconf 76' lang='lat'><strong>(2)</strong></span> <span class='ocrx_word' id='word_1_603' title='bbox 3465 3821 3481 3837; x_wconf 77' lang='grc' dir='ltr'><strong><em>ο</em></strong></span> <span class='ocrx_word' id='word_1_604' title='bbox 3504 3801 3805 3870; x_wconf 62' lang='grc' dir='ltr'>ἀναμείνω.</span> 
     </span>
    </p>
   </div>
   <div class='ocr_carea' id='block_1_82' title="bbox 2228 3892 3807 3973">
    <p class='ocr_par' dir='ltr' id='par_1_82' title="bbox 2228 3892 3807 3973">
     <span class='ocr_line' id='line_1_84' title="bbox 2228 3892 3807 3973; baseline -0.007 -18"><span class='ocrx_word' id='word_1_605' title='bbox 2228 3918 2327 3973; x_wconf 88' lang='grc' dir='ltr'><strong>μεν</strong></span> <span class='ocrx_word' id='word_1_606' title='bbox 2346 3901 2455 3954; x_wconf 90' lang='grc' dir='ltr'><strong>τῶν</strong></span> <span class='ocrx_word' id='word_1_607' title='bbox 2480 3897 2847 3968; x_wconf 76' lang='grc' dir='ltr'>ἐλπιζομένων</span> <span class='ocrx_word' id='word_1_608' title='bbox 2864 3894 3086 3964; x_wconf 84' lang='grc' dir='ltr'>ἀγαθῶν</span> <span class='ocrx_word' id='word_1_609' title='bbox 3111 3895 3206 3963; x_wconf 84' lang='grc' dir='ltr'>τὴν</span> <span class='ocrx_word' id='word_1_610' title='bbox 3231 3894 3553 3948; x_wconf 81' lang='grc' dir='ltr'>ἀπόλαυσιν.</span> <span class='ocrx_word' id='word_1_611' title='bbox 3580 3894 3711 3947; x_wconf 89' lang='grc' dir='ltr'>Τότε</span> <span class='ocrx_word' id='word_1_612' title='bbox 3740 3892 3807 3945; x_wconf 73' lang='grc' dir='ltr'>τὰ</span> 
     </span>
    </p>
   </div>
   <div class='ocr_carea' id='block_1_83' title="bbox 2226 3984 3809 4063">
    <p class='ocr_par' dir='ltr' id='par_1_83' title="bbox 2226 3984 3809 4063">
     <span class='ocr_line' id='line_1_85' title="bbox 2226 3984 3809 4063; baseline -0.006 -16"><span class='ocrx_word' id='word_1_613' title='bbox 2226 3993 2405 4048; x_wconf 82' lang='grc' dir='ltr'>τέλεια</span> <span class='ocrx_word' id='word_1_614' title='bbox 2455 3987 2832 4063; x_wconf 87' lang='grc' dir='ltr'>μαθησόμεθα,</span> <span class='ocrx_word' id='word_1_615' title='bbox 2864 3987 2953 4041; x_wconf 83' lang='grc' dir='ltr'>ὅτε</span> <span class='ocrx_word' id='word_1_616' title='bbox 2987 3986 3055 4040; x_wconf 88' lang='grc' dir='ltr'><strong>δι’</strong></span> <span class='ocrx_word' id='word_1_617' title='bbox 3099 3985 3412 4051; x_wconf 82' lang='grc' dir='ltr'>ἀλαζονείας</span> <span class='ocrx_word' id='word_1_618' title='bbox 3452 3986 3513 4037; x_wconf 86' lang='grc' dir='ltr'><strong>ού</strong></span> <span class='ocrx_word' id='word_1_619' title='bbox 3548 3984 3809 4054; x_wconf 76' lang='grc' dir='ltr'>βλαϐησό-</span> 
     </span>
    </p>
   </div>
   <div class='ocr_carea' id='block_1_84' title="bbox 2231 4076 3810 4158">
    <p class='ocr_par' dir='ltr' id='par_1_84' title="bbox 2231 4076 3810 4158">
     <span class='ocr_line' id='line_1_86' title="bbox 2231 4076 3810 4158; baseline -0.007 -18"><span class='ocrx_word' id='word_1_620' title='bbox 2231 4086 2392 4158; x_wconf 90' lang='grc' dir='ltr'>μεθα,</span> <span class='ocrx_word' id='word_1_621' title='bbox 2443 4084 2530 4137; x_wconf 84' lang='grc' dir='ltr'>ὅτε</span> <span class='ocrx_word' id='word_1_622' title='bbox 2579 4083 2647 4135; x_wconf 88' lang='grc' dir='ltr'><strong>δι’</strong></span> <span class='ocrx_word' id='word_1_623' title='bbox 2686 4079 3064 4153; x_wconf 84' lang='grc' dir='ltr'>ὑπερηφανίας</span> <span class='ocrx_word' id='word_1_624' title='bbox 3115 4080 3176 4132; x_wconf 85' lang='grc' dir='ltr'><strong>ού</strong></span> <span class='ocrx_word' id='word_1_625' title='bbox 3226 4076 3550 4147; x_wconf 86' lang='grc' dir='ltr'>πεσούμεθα,</span> <span class='ocrx_word' id='word_1_626' title='bbox 3603 4078 3698 4129; x_wconf 84' lang='grc' dir='ltr'>ὅτε</span> <span class='ocrx_word' id='word_1_627' title='bbox 3750 4078 3810 4130; x_wconf 84' lang='grc' dir='ltr'><strong>ἐν</strong></span> 
     </span>
    </p>
   </div>
   <div class='ocr_carea' id='block_1_85' title="bbox 2227 4170 3811 4249">
    <p class='ocr_par' dir='ltr' id='par_1_85' title="bbox 2227 4170 3811 4249">
     <span class='ocr_line' id='line_1_87' title="bbox 2227 4170 3811 4249; baseline -0.006 -15"><span class='ocrx_word' id='word_1_628' title='bbox 2227 4176 2468 4249; x_wconf 80' lang='grc' dir='ltr'>ἀπαθείᾳ</span> <span class='ocrx_word' id='word_1_629' title='bbox 2498 4175 2825 4246; x_wconf 84' lang='grc' dir='ltr'>βιωσόμεθα.</span> <span class='ocrx_word' id='word_1_630' title='bbox 2859 4172 3070 4228; x_wconf 81' lang='grc' dir='ltr'>Οὐκοῦν</span> <span class='ocrx_word' id='word_1_631' title='bbox 3095 4174 3153 4226; x_wconf 89' lang='grc' dir='ltr'><strong>ἐν</strong></span> <span class='ocrx_word' id='word_1_632' title='bbox 3182 4171 3260 4244; x_wconf 77' lang='grc' dir='ltr'><strong>τῷ</strong></span> <span class='ocrx_word' id='word_1_633' title='bbox 3286 4171 3511 4243; x_wconf 84' lang='grc' dir='ltr'>παρόντι</span> <span class='ocrx_word' id='word_1_634' title='bbox 3546 4173 3667 4234; x_wconf 84' lang='grc' dir='ltr'>ταῖς</span> <span class='ocrx_word' id='word_1_635' title='bbox 3696 4170 3811 4224; x_wconf 86' lang='grc' dir='ltr'><strong>τῶν</strong></span> 
     </span>
    </p>
   </div>
   <div class='ocr_carea' id='block_1_86' title="bbox 2229 4262 3809 4343">
    <p class='ocr_par' dir='ltr' id='par_1_86' title="bbox 2229 4262 3809 4343">
     <span class='ocr_line' id='line_1_88' title="bbox 2229 4262 3809 4343; baseline -0.009 -15"><span class='ocrx_word' id='word_1_636' title='bbox 2229 4273 2481 4343; x_wconf 86' lang='grc' dir='ltr'>πατέρων</span> <span class='ocrx_word' id='word_1_637' title='bbox 2532 4269 2903 4333; x_wconf 87' lang='grc' dir='ltr'>διδασκαλίαις</span> <span class='ocrx_word' id='word_1_638' title='bbox 2947 4267 3328 4341; x_wconf 87' lang='grc' dir='ltr'>ἐμμείνωμεν,</span> <span class='ocrx_word' id='word_1_639' title='bbox 3378 4264 3463 4317; x_wconf 79' lang='grc' dir='ltr'>ἵνα</span> <span class='ocrx_word' id='word_1_640' title='bbox 3510 4262 3588 4334; x_wconf 78' lang='grc' dir='ltr'>μὴ</span> <span class='ocrx_word' id='word_1_641' title='bbox 3641 4262 3809 4334; x_wconf 76' lang='grc' dir='ltr'>μείζω</span> 
     </span>
    </p>
   </div>
   <div class='ocr_carea' id='block_1_87' title="bbox 2233 4352 3807 4435">
    <p class='ocr_par' dir='ltr' id='par_1_87' title="bbox 2233 4352 3807 4435">
     <span class='ocr_line' id='line_1_89' title="bbox 2233 4352 3807 4435; baseline -0.008 -16"><span class='ocrx_word' id='word_1_642' title='bbox 2233 4363 2541 4435; x_wconf 81' lang='grc' dir='ltr'>ζητοῦντες,</span> <span class='ocrx_word' id='word_1_643' title='bbox 2574 4361 2669 4415; x_wconf 71' lang='grc' dir='ltr'><strong>καὶ</strong></span> <span class='ocrx_word' id='word_1_644' title='bbox 2693 4360 2804 4415; x_wconf 88' lang='grc' dir='ltr'><strong>τῶν</strong></span> <span class='ocrx_word' id='word_1_645' title='bbox 2831 4359 3128 4414; x_wconf 85' lang='grc' dir='ltr'>ἐλαττόνων</span> <span class='ocrx_word' id='word_1_646' title='bbox 3153 4356 3509 4426; x_wconf 81' lang='grc' dir='ltr'>ἐκπέσωμεν·</span> <span class='ocrx_word' id='word_1_647' title='bbox 3541 4353 3571 4407; x_wconf 87' lang='grc' dir='ltr'><strong>δ</strong></span> <span class='ocrx_word' id='word_1_648' title='bbox 3601 4352 3807 4407; x_wconf 83' lang='grc' dir='ltr'>πέπον·</span> 
     </span>
    </p>
   </div>
   <div class='ocr_carea' id='block_1_88' title="bbox 622 4690 3812 4774">
    <p class='ocr_par' dir='ltr' id='par_1_88' title="bbox 622 4690 3812 4774">
     <span class='ocr_line' id='line_1_90' title="bbox 622 4690 3812 4774; baseline -0.001 -29"><span class='ocrx_word' id='word_1_649' title='bbox 622 4692 696 4774; x_wconf 77' lang='grc'><strong>(1)</strong></span> <span class='ocrx_word' id='word_1_650' title='bbox 741 4691 956 4749; x_wconf 76' lang='lat' dir='ltr'><strong>Nicetes</strong></span> <span class='ocrx_word' id='word_1_651' title='bbox 984 4691 1372 4774; x_wconf 38' lang='lat' dir='ltr'><strong>bqn‘ileieusis,</strong></span> <span class='ocrx_word' id='word_1_652' title='bbox 1406 4691 1578 4774; x_wconf 83' lang='lat' dir='ltr'><strong>quinti</strong></span> <span class='ocrx_word' id='word_1_653' title='bbox 1618 4691 1800 4774; x_wconf 66' lang='lat' dir='ltr'><strong>saeculi</strong></span> <span class='ocrx_word' id='word_1_654' title='bbox 1844 4692 2029 4774; x_wconf 70' lang='lat' dir='ltr'><strong>homo,</strong></span> <span class='ocrx_word' id='word_1_655' title='bbox 2062 4690 2118 4744; x_wconf 92' lang='lat' dir='ltr'><strong>in</strong></span> <span class='ocrx_word' id='word_1_656' title='bbox 2152 4698 2195 4752; x_wconf 90' lang='lat' dir='ltr'><strong>D</strong></span> <span class='ocrx_word' id='word_1_657' title='bbox 2226 4692 2448 4774; x_wconf 68' lang='lat' dir='ltr'><strong>clesiam</strong></span> <span class='ocrx_word' id='word_1_658' title='bbox 2497 4692 2780 4774; x_wconf 82' lang='lat' dir='ltr'><strong>invehunt.</strong></span> <span class='ocrx_word' id='word_1_659' title='bbox 2824 4692 3007 4774; x_wconf 64' lang='lat' dir='ltr'><strong>Qude</strong></span> <span class='ocrx_word' id='word_1_660' title='bbox 3042 4691 3232 4774; x_wconf 43' lang='lat' dir='ltr'><strong>Nnonne</strong></span> <span class='ocrx_word' id='word_1_661' title='bbox 3272 4693 3372 4763; x_wconf 91' lang='lat' dir='ltr'><strong>ipsi</strong></span> <span class='ocrx_word' id='word_1_662' title='bbox 3416 4692 3520 4749; x_wconf 89' lang='lat' dir='ltr'><strong>hoc</strong></span> <span class='ocrx_word' id='word_1_663' title='bbox 3564 4693 3812 4774; x_wconf 56' lang='lat' dir='ltr'><strong>instituto</strong></span> 
     </span>
    </p>
   </div>
   <div class='ocr_carea' id='block_1_89' title="bbox 552 4763 3812 4832">
    <p class='ocr_par' dir='ltr' id='par_1_89' title="bbox 552 4763 3812 4832">
     <span class='ocr_line' id='line_1_91' title="bbox 552 4763 3812 4832; baseline 0.001 -20"><span class='ocrx_word' id='word_1_664' title='bbox 552 4764 789 4832; x_wconf 84' lang='lat' dir='ltr'><strong>pretioso</strong></span> <span class='ocrx_word' id='word_1_665' title='bbox 835 4780 932 4819; x_wconf 84' lang='lat' dir='ltr'><strong>suo</strong></span> <span class='ocrx_word' id='word_1_666' title='bbox 976 4763 1051 4832; x_wconf 81' lang='lat' dir='ltr'><strong>De</strong></span> <span class='ocrx_word' id='word_1_667' title='bbox 1092 4763 1289 4832; x_wconf 77' lang='lat' dir='ltr'><strong>Spiritu</strong></span> <span class='ocrx_word' id='word_1_668' title='bbox 1336 4771 1514 4816; x_wconf 86' lang='lat' dir='ltr'><strong>sancto</strong></span> <span class='ocrx_word' id='word_1_669' title='bbox 1561 4770 1794 4832; x_wconf 87' lang='lat' dir='ltr'><strong>tractatu</strong></span> <span class='ocrx_word' id='word_1_670' title='bbox 1838 4763 1977 4832; x_wconf 81' lang='lat' dir='ltr'><strong>apud</strong></span> <span class='ocrx_word' id='word_1_671' title='bbox 2022 4775 2119 4814; x_wconf 91' lang='lat' dir='ltr'><strong>nos</strong></span> <span class='ocrx_word' id='word_1_672' title='bbox 2227 4779 2325 4817; x_wconf 89' lang='lat' dir='ltr'><strong>suo</strong></span> <span class='ocrx_word' id='word_1_673' title='bbox 2358 4764 2541 4827; x_wconf 86' lang='lat' dir='ltr'><strong>Iidem,</strong></span> <span class='ocrx_word' id='word_1_674' title='bbox 2570 4765 2734 4818; x_wconf 90' lang='lat' dir='ltr'><strong>totius</strong></span> <span class='ocrx_word' id='word_1_675' title='bbox 2764 4764 3041 4831; x_wconf 70' lang='lat' dir='ltr'><strong>religionis</strong></span> <span class='ocrx_word' id='word_1_676' title='bbox 3071 4764 3510 4826; x_wconf 78' lang='lat' dir='ltr'><strong>luridamentum,</strong></span> <span class='ocrx_word' id='word_1_677' title='bbox 3537 4779 3565 4817; x_wconf 92' lang='lat' dir='ltr'><strong>a</strong></span> <span class='ocrx_word' id='word_1_678' title='bbox 3593 4763 3812 4819; x_wconf 86' lang='lat' dir='ltr'><strong>Christo</strong></span> 
     </span>
    </p>
   </div>
   <div class='ocr_carea' id='block_1_90' title="bbox 554 4827 2121 4903">
    <p class='ocr_par' dir='ltr' id='par_1_90' title="bbox 554 4827 2121 4903">
     <span class='ocr_line' id='line_1_92' title="bbox 554 4827 2121 4903; baseline -0.004 -14"><span class='ocrx_word' id='word_1_679' title='bbox 554 4827 726 4901; x_wconf 74' lang='lat' dir='ltr'><strong>Scrip.</strong></span> <span class='ocrx_word' id='word_1_680' title='bbox 747 4844 867 4899; x_wconf 74' lang='lat' dir='ltr'><strong>veL,</strong></span> <span class='ocrx_word' id='word_1_681' title='bbox 885 4846 923 4889; x_wconf 90' lang='grc' dir='ltr'>ι.</span> <span class='ocrx_word' id='word_1_682' title='bbox 950 4831 1058 4898; x_wconf 86' lang='lat' dir='ltr'><strong>VII,</strong></span> <span class='ocrx_word' id='word_1_683' title='bbox 1085 4827 1141 4903; x_wconf 68' lang='grc' dir='ltr'><strong>νζ</strong></span> <span class='ocrx_word' id='word_1_684' title='bbox 1164 4832 1290 4895; x_wconf 75' lang='grc'>519,</span> <span class='ocrx_word' id='word_1_685' title='bbox 1317 4832 1431 4900; x_wconf 82' lang='lat' dir='ltr'><strong>pari</strong></span> <span class='ocrx_word' id='word_1_686' title='bbox 1459 4827 2121 4903; x_wconf 5' lang='lat' dir='ltr'><strong>sententiagaitzglltinam,</strong></span> 
     </span>
    </p>
   </div>
   <div class='ocr_carea' id='block_1_91' title="bbox 552 4899 2122 4969">
    <p class='ocr_par' dir='ltr' id='par_1_91' title="bbox 552 4899 2122 4969">
     <span class='ocr_line' id='line_1_93' title="bbox 552 4899 2122 4969; baseline -0.004 -12"><span class='ocrx_word' id='word_1_687' title='bbox 552 4913 609 4957; x_wconf 85' lang='lat' dir='ltr'><strong>ut</strong></span> <span class='ocrx_word' id='word_1_688' title='bbox 637 4899 805 4968; x_wconf 72' lang='lat' dir='ltr'><strong>fuerat</strong></span> <span class='ocrx_word' id='word_1_689' title='bbox 835 4899 1107 4969; x_wconf 63' lang='lat' dir='ltr'><strong>traditum,</strong></span> <span class='ocrx_word' id='word_1_690' title='bbox 1134 4918 1253 4956; x_wconf 87' lang='lat' dir='ltr'><strong>cum</strong></span> <span class='ocrx_word' id='word_1_691' title='bbox 1286 4899 1443 4955; x_wconf 81' lang='lat' dir='ltr'><strong>Patre</strong></span> <span class='ocrx_word' id='word_1_692' title='bbox 1470 4909 1517 4953; x_wconf 85' lang='lat' dir='ltr'><strong>et</strong></span> <span class='ocrx_word' id='word_1_693' title='bbox 1545 4900 1688 4954; x_wconf 83' lang='lat' dir='ltr'><strong>Filio</strong></span> <span class='ocrx_word' id='word_1_694' title='bbox 1720 4899 1976 4965; x_wconf 79' lang='lat' dir='ltr'><strong>Spiritum</strong></span> <span class='ocrx_word' id='word_1_695' title='bbox 2004 4916 2122 4951; x_wconf 84' lang='lat' dir='ltr'><strong>san-</strong></span> 
     </span>
    </p>
   </div>
   <div class='ocr_carea' id='block_1_92' title="bbox 554 4972 2124 5041">
    <p class='ocr_par' dir='ltr' id='par_1_92' title="bbox 554 4972 2124 5041">
     <span class='ocr_line' id='line_1_94' title="bbox 554 4972 2124 5041; baseline -0.004 -15"><span class='ocrx_word' id='word_1_696' title='bbox 554 4984 693 5026; x_wconf 85' lang='lat' dir='ltr'><strong>ctum</strong></span> <span class='ocrx_word' id='word_1_697' title='bbox 720 4974 1024 5039; x_wconf 75' lang='lat' dir='ltr'><strong>simpliciter</strong></span> <span class='ocrx_word' id='word_1_698' title='bbox 1040 4974 1377 5027; x_wconf 77' lang='lat' dir='ltr'><strong>credidissent</strong></span> <span class='ocrx_word' id='word_1_699' title='bbox 1400 4973 1499 5030; x_wconf 86' lang='lat' dir='ltr'><strong>illi,</strong></span> <span class='ocrx_word' id='word_1_700' title='bbox 1522 4974 1609 5041; x_wconf 87' lang='lat' dir='ltr'><strong>qui</strong></span> <span class='ocrx_word' id='word_1_701' title='bbox 1633 4972 1967 5041; x_wconf 70' lang='lat' dir='ltr'><strong>postmodum</strong></span> <span class='ocrx_word' id='word_1_702' title='bbox 1986 4984 2124 5041; x_wconf 63' lang='lat' dir='ltr'><strong>quie-</strong></span> 
     </span>
    </p>
   </div>
   <div class='ocr_carea' id='block_1_93' title="bbox 554 5037 2127 5112">
    <p class='ocr_par' dir='ltr' id='par_1_93' title="bbox 554 5037 2127 5112">
     <span class='ocr_line' id='line_1_95' title="bbox 554 5037 2127 5112; baseline -0.004 -16"><span class='ocrx_word' id='word_1_703' title='bbox 554 5045 771 5096; x_wconf 85' lang='lat' dir='ltr'><strong>stiouem</strong></span> <span class='ocrx_word' id='word_1_704' title='bbox 811 5037 875 5096; x_wconf 81' lang='lat' dir='ltr'><strong>de</strong></span> <span class='ocrx_word' id='word_1_705' title='bbox 914 5043 1121 5112; x_wconf 83' lang='lat' dir='ltr'><strong>Spiritu</strong></span> <span class='ocrx_word' id='word_1_706' title='bbox 1160 5037 1641 5103; x_wconf 46' lang='lat' dir='ltr'><strong>ittduxeruntl&#39;ut,</strong></span> <span class='ocrx_word' id='word_1_707' title='bbox 1683 5053 1842 5112; x_wconf 81' lang='lat' dir='ltr'><strong>puta,</strong></span> <span class='ocrx_word' id='word_1_708' title='bbox 1887 5037 2127 5112; x_wconf 53' lang='lat' dir='ltr'><strong>Maccdo-</strong></span> 
     </span>
    </p>
   </div>
   <div class='ocr_carea' id='block_1_94' title="bbox 556 5108 2125 5176">
    <p class='ocr_par' dir='ltr' id='par_1_94' title="bbox 556 5108 2125 5176">
     <span class='ocr_line' id='line_1_96' title="bbox 556 5108 2125 5176; baseline -0.004 -11"><span class='ocrx_word' id='word_1_709' title='bbox 556 5116 730 5176; x_wconf 85' lang='lat' dir='ltr'><strong>m&#39;ani,</strong></span> <span class='ocrx_word' id='word_1_710' title='bbox 762 5114 837 5166; x_wconf 84' lang='lat' dir='ltr'><strong>vel</strong></span> <span class='ocrx_word' id='word_1_711' title='bbox 878 5108 1055 5166; x_wconf 73' lang='lat' dir='ltr'><strong>eorum</strong></span> <span class='ocrx_word' id='word_1_712' title='bbox 1092 5113 1144 5164; x_wconf 85' lang='lat' dir='ltr'><strong>in</strong></span> <span class='ocrx_word' id='word_1_713' title='bbox 1180 5112 1277 5165; x_wconf 83' lang='lat' dir='ltr'><strong>huc</strong></span> <span class='ocrx_word' id='word_1_714' title='bbox 1314 5112 1616 5164; x_wconf 82' lang='lat' dir='ltr'><strong>curiositate</strong></span> <span class='ocrx_word' id='word_1_715' title='bbox 1654 5110 1954 5176; x_wconf 77' lang='lat' dir='ltr'><strong>participes.</strong></span> <span class='ocrx_word' id='word_1_716' title='bbox 1987 5108 2125 5160; x_wconf 87' lang='lat' dir='ltr'><strong>Dum</strong></span> 
     </span>
    </p>
   </div>
   <div class='ocr_carea' id='block_1_95' title="bbox 555 5179 2127 5251">
    <p class='ocr_par' dir='ltr' id='par_1_95' title="bbox 555 5179 2127 5251">
     <span class='ocr_line' id='line_1_97' title="bbox 555 5179 2127 5251; baseline -0.001 -16"><span class='ocrx_word' id='word_1_717' title='bbox 555 5183 691 5235; x_wconf 78' lang='lat' dir='ltr'><strong>enim</strong></span> <span class='ocrx_word' id='word_1_718' title='bbox 732 5195 971 5251; x_wconf 73' lang='lat' dir='ltr'><strong>quierunt</strong></span> <span class='ocrx_word' id='word_1_719' title='bbox 1014 5192 1061 5235; x_wconf 88' lang='lat' dir='ltr'><strong>et</strong></span> <span class='ocrx_word' id='word_1_720' title='bbox 1107 5184 1225 5242; x_wconf 83' lang='lat' dir='ltr'><strong>isti,</strong></span> <span class='ocrx_word' id='word_1_721' title='bbox 1266 5183 1436 5247; x_wconf 85' lang='lat' dir='ltr'><strong>qualis</strong></span> <span class='ocrx_word' id='word_1_722' title='bbox 1483 5191 1557 5233; x_wconf 86' lang='lat' dir='ltr'><strong>est</strong></span> <span class='ocrx_word' id='word_1_723' title='bbox 1600 5181 1827 5251; x_wconf 79' lang='lat' dir='ltr'><strong>Spiritus</strong></span> <span class='ocrx_word' id='word_1_724' title='bbox 1871 5179 2127 5251; x_wconf 70' lang='lat' dir='ltr'><strong>sanctus?</strong></span> 
     </span>
    </p>
   </div>
   <div class='ocr_carea' id='block_1_96' title="bbox 557 5248 2129 5316">
    <p class='ocr_par' dir='ltr' id='par_1_96' title="bbox 557 5248 2129 5316">
     <span class='ocr_line' id='line_1_98' title="bbox 557 5248 2129 5316; baseline -0.003 -12"><span class='ocrx_word' id='word_1_725' title='bbox 557 5256 694 5306; x_wconf 82' lang='lat' dir='ltr'><strong>unde</strong></span> <span class='ocrx_word' id='word_1_726' title='bbox 727 5248 835 5306; x_wconf 80' lang='lat' dir='ltr'><strong>est?</strong></span> <span class='ocrx_word' id='word_1_727' title='bbox 860 5262 1088 5316; x_wconf 82' lang='lat' dir='ltr'><strong>quantus</strong></span> <span class='ocrx_word' id='word_1_728' title='bbox 1123 5252 1234 5305; x_wconf 85' lang='lat' dir='ltr'><strong>est?</strong></span> <span class='ocrx_word' id='word_1_729' title='bbox 1264 5263 1417 5304; x_wconf 82' lang='lat' dir='ltr'><strong>natus</strong></span> <span class='ocrx_word' id='word_1_730' title='bbox 1453 5253 1564 5305; x_wconf 79' lang='lat' dir='ltr'><strong>est?</strong></span> <span class='ocrx_word' id='word_1_731' title='bbox 1596 5267 1664 5303; x_wconf 88' lang='lat' dir='ltr'><strong>an</strong></span> <span class='ocrx_word' id='word_1_732' title='bbox 1701 5249 1870 5316; x_wconf 77' lang='lat' dir='ltr'><strong>factus</strong></span> <span class='ocrx_word' id='word_1_733' title='bbox 1910 5248 2023 5302; x_wconf 80' lang='lat' dir='ltr'><strong>est?</strong></span> <span class='ocrx_word' id='word_1_734' title='bbox 2052 5249 2129 5301; x_wconf 84' lang='lat' dir='ltr'><strong>sic</strong></span> 
     </span>
    </p>
   </div>
   <div class='ocr_carea' id='block_1_97' title="bbox 558 5318 2128 5390">
    <p class='ocr_par' dir='ltr' id='par_1_97' title="bbox 558 5318 2128 5390">
     <span class='ocr_line' id='line_1_99' title="bbox 558 5318 2128 5390; baseline -0.002 -17"><span class='ocrx_word' id='word_1_735' title='bbox 558 5324 746 5376; x_wconf 81' lang='lat' dir='ltr'><strong>iterum</strong></span> <span class='ocrx_word' id='word_1_736' title='bbox 771 5318 1038 5375; x_wconf 82' lang='lat' dir='ltr'><strong>sciderunt</strong></span> <span class='ocrx_word' id='word_1_737' title='bbox 1062 5321 1332 5390; x_wconf 84' lang='lat' dir='ltr'><strong>populum,</strong></span> <span class='ocrx_word' id='word_1_738' title='bbox 1355 5330 1401 5373; x_wconf 81' lang='lat' dir='ltr'><strong>et</strong></span> <span class='ocrx_word' id='word_1_739' title='bbox 1428 5336 1558 5384; x_wconf 77' lang='lat' dir='ltr'><strong>vere,</strong></span> <span class='ocrx_word' id='word_1_740' title='bbox 1585 5326 1869 5390; x_wconf 71' lang='lat' dir='ltr'><strong>secundum</strong></span> <span class='ocrx_word' id='word_1_741' title='bbox 1892 5318 2128 5385; x_wconf 81' lang='lat' dir='ltr'><strong>Apostoli</strong></span> 
     </span>
    </p>
   </div>
   <div class='ocr_carea' id='block_1_98' title="bbox 558 5388 2132 5461">
    <p class='ocr_par' dir='ltr' id='par_1_98' title="bbox 558 5388 2132 5461">
     <span class='ocr_line' id='line_1_100' title="bbox 558 5388 2132 5461; baseline -0.001 -18"><span class='ocrx_word' id='word_1_742' title='bbox 558 5396 776 5459; x_wconf 75' lang='lat' dir='ltr'><strong>dictant,</strong></span> <span class='ocrx_word' id='word_1_743' title='bbox 808 5388 1240 5445; x_wconf 82' lang='lat' dir='ltr'><strong>interminabilem</strong></span> <span class='ocrx_word' id='word_1_744' title='bbox 1268 5392 1604 5461; x_wconf 72' lang='lat' dir='ltr'><strong>qua&#39;stionent</strong></span> <span class='ocrx_word' id='word_1_745' title='bbox 1636 5388 1885 5443; x_wconf 79' lang='lat' dir='ltr'><strong>Ecclesiis</strong></span> <span class='ocrx_word' id='word_1_746' title='bbox 1916 5389 2132 5442; x_wconf 74' lang='lat' dir='ltr'><strong>induxe-</strong></span> 
     </span>
    </p>
   </div>
   <div class='ocr_carea' id='block_1_99' title="bbox 561 5474 838 5524">
    <p class='ocr_par' dir='ltr' id='par_1_99' title="bbox 561 5474 838 5524">
     <span class='ocr_line' id='line_1_101' title="bbox 561 5474 838 5524; baseline 0.011 -11"><span class='ocrx_word' id='word_1_747' title='bbox 561 5474 705 5524; x_wconf 75' lang='lat' dir='ltr'><strong>runt,</strong></span> <span class='ocrx_word' id='word_1_748' title='bbox 733 5474 838 5517; x_wconf 88' lang='lat' dir='ltr'><strong>etc.</strong></span> 
     </span>
    </p>
   </div>
   <div class='ocr_carea' id='block_1_100' title="bbox 632 5528 2134 5599">
    <p class='ocr_par' dir='ltr' id='par_1_100' title="bbox 632 5528 2134 5599">
     <span class='ocr_line' id='line_1_102' title="bbox 632 5528 2134 5599; baseline -0.004 -14"><span class='ocrx_word' id='word_1_749' title='bbox 632 5534 708 5599; x_wconf 68' lang='grc' dir='ltr'><strong>(Ξ)</strong></span> <span class='ocrx_word' id='word_1_750' title='bbox 746 5532 979 5599; x_wconf 63' lang='lat' dir='ltr'><strong>Audiam</strong></span> <span class='ocrx_word' id='word_1_751' title='bbox 1016 5530 1128 5585; x_wconf 63' lang='lat' dir='ltr'><strong>haec</strong></span> <span class='ocrx_word' id='word_1_752' title='bbox 1163 5531 1461 5585; x_wconf 67' lang='lat' dir='ltr'><strong>immodicae</strong></span> <span class='ocrx_word' id='word_1_753' title='bbox 1496 5540 1550 5584; x_wconf 88' lang='lat' dir='ltr'><strong>et</strong></span> <span class='ocrx_word' id='word_1_754' title='bbox 1588 5530 1740 5599; x_wconf 87' lang='lat' dir='ltr'><strong>quasi</strong></span> <span class='ocrx_word' id='word_1_755' title='bbox 1777 5542 2008 5599; x_wconf 64' lang='lat' dir='ltr'><strong>meracie</strong></span> <span class='ocrx_word' id='word_1_756' title='bbox 2042 5528 2134 5596; x_wconf 89' lang='lat' dir='ltr'><strong>(ut</strong></span> 
     </span>
    </p>
   </div>
   <div class='ocr_carea' id='block_1_101' title="bbox 566 5598 2131 5670">
    <p class='ocr_par' dir='ltr' id='par_1_101' title="bbox 566 5598 2131 5670">
     <span class='ocr_line' id='line_1_103' title="bbox 566 5598 2131 5670; baseline 0 -20"><span class='ocrx_word' id='word_1_757' title='bbox 566 5598 693 5652; x_wconf 87' lang='lat' dir='ltr'><strong>cum</strong></span> <span class='ocrx_word' id='word_1_758' title='bbox 743 5598 917 5655; x_wconf 81' lang='lat' dir='ltr'><strong>Tullio</strong></span> <span class='ocrx_word' id='word_1_759' title='bbox 971 5599 1406 5668; x_wconf 80' lang='lat' dir='ltr'><strong>Tertullinnoque</strong></span> <span class='ocrx_word' id='word_1_760' title='bbox 1467 5598 1690 5670; x_wconf 85' lang='lat' dir='ltr'><strong>loquar)</strong></span> <span class='ocrx_word' id='word_1_761' title='bbox 1748 5598 2131 5670; x_wconf 70' lang='lat' dir='ltr'><strong>rationalitntis</strong></span> 
     </span>
    </p>
   </div>
   <div class='ocr_carea' id='block_1_102' title="bbox 570 5666 2127 5739">
    <p class='ocr_par' dir='ltr' id='par_1_102' title="bbox 570 5666 2127 5739">
     <span class='ocr_line' id='line_1_104' title="bbox 570 5666 2127 5739; baseline 0 -19"><span class='ocrx_word' id='word_1_762' title='bbox 570 5678 860 5732; x_wconf 84' lang='lat' dir='ltr'><strong>amatores,</strong></span> <span class='ocrx_word' id='word_1_763' title='bbox 886 5670 979 5738; x_wconf 89' lang='lat' dir='ltr'><strong>qui</strong></span> <span class='ocrx_word' id='word_1_764' title='bbox 1010 5678 1209 5723; x_wconf 87' lang='lat' dir='ltr'><strong>lautam</strong></span> <span class='ocrx_word' id='word_1_765' title='bbox 1238 5666 1395 5724; x_wconf 62' lang='lat' dir='ltr'><strong>aetate</strong></span> <span class='ocrx_word' id='word_1_766' title='bbox 1424 5666 1603 5724; x_wconf 80' lang='lat' dir='ltr'><strong>nostra</strong></span> <span class='ocrx_word' id='word_1_767' title='bbox 1632 5666 1925 5739; x_wconf 84' lang='lat' dir='ltr'><strong>perniciem</strong></span> <span class='ocrx_word' id='word_1_768' title='bbox 1956 5668 2006 5722; x_wconf 94' lang='lat' dir='ltr'><strong>in</strong></span> <span class='ocrx_word' id='word_1_769' title='bbox 2036 5666 2127 5720; x_wconf 76' lang='grc' dir='ltr'>Εεσ</span> 
     </span>
    </p>
   </div>
   <div class='ocr_carea' id='block_1_103' title="bbox 2230 4832 3816 4903">
    <p class='ocr_par' dir='ltr' id='par_1_103' title="bbox 2230 4832 3816 4903">
     <span class='ocr_line' id='line_1_105' title="bbox 2230 4832 3816 4903; baseline -0.003 -16"><span class='ocrx_word' id='word_1_770' title='bbox 2230 4833 2595 4902; x_wconf 84' lang='lat' dir='ltr'><strong>apostolisque</strong></span> <span class='ocrx_word' id='word_1_771' title='bbox 2629 4835 2965 4903; x_wconf 70' lang='lat' dir='ltr'><strong>praeiactum,</strong></span> <span class='ocrx_word' id='word_1_772' title='bbox 3004 4834 3247 4888; x_wconf 79' lang='lat' dir='ltr'><strong>funditus</strong></span> <span class='ocrx_word' id='word_1_773' title='bbox 3283 4833 3593 4887; x_wconf 84' lang='lat' dir='ltr'><strong>subruunt?</strong></span> <span class='ocrx_word' id='word_1_774' title='bbox 3627 4832 3816 4885; x_wconf 86' lang='lat' dir='ltr'><strong>Nonne</strong></span> 
     </span>
    </p>
   </div>
   <div class='ocr_carea' id='block_1_104' title="bbox 2232 4903 3817 4971">
    <p class='ocr_par' dir='ltr' id='par_1_104' title="bbox 2232 4903 3817 4971">
     <span class='ocr_line' id='line_1_106' title="bbox 2232 4903 3817 4971; baseline -0.004 -14"><span class='ocrx_word' id='word_1_775' title='bbox 2232 4905 2480 4957; x_wconf 89' lang='lat' dir='ltr'><strong>incautos</strong></span> <span class='ocrx_word' id='word_1_776' title='bbox 2507 4904 2742 4959; x_wconf 87' lang='lat' dir='ltr'><strong>asseclas</strong></span> <span class='ocrx_word' id='word_1_777' title='bbox 2769 4906 2836 4958; x_wconf 91' lang='lat' dir='ltr'><strong>ad</strong></span> <span class='ocrx_word' id='word_1_778' title='bbox 2864 4903 3224 4970; x_wconf 79' lang='lat' dir='ltr'><strong>gentilitatem</strong></span> <span class='ocrx_word' id='word_1_779' title='bbox 3253 4904 3333 4957; x_wconf 83' lang='lat' dir='ltr'><strong>vel</strong></span> <span class='ocrx_word' id='word_1_780' title='bbox 3366 4905 3549 4971; x_wconf 86' lang='lat' dir='ltr'><strong>potius</strong></span> <span class='ocrx_word' id='word_1_781' title='bbox 3577 4904 3641 4956; x_wconf 89' lang='lat' dir='ltr'><strong>ad</strong></span> <span class='ocrx_word' id='word_1_782' title='bbox 3671 4905 3817 4955; x_wconf 82' lang='lat' dir='ltr'><strong>athe-</strong></span> 
     </span>
    </p>
   </div>
   <div class='ocr_carea' id='block_1_105' title="bbox 2237 4972 3817 5043">
    <p class='ocr_par' dir='ltr' id='par_1_105' title="bbox 2237 4972 3817 5043">
     <span class='ocr_line' id='line_1_107' title="bbox 2237 4972 3817 5043; baseline -0.003 -15"><span class='ocrx_word' id='word_1_783' title='bbox 2237 4975 2430 5028; x_wconf 87' lang='lat' dir='ltr'><strong>ismum</strong></span> <span class='ocrx_word' id='word_1_784' title='bbox 2460 4974 2508 5026; x_wconf 87' lang='lat' dir='ltr'><strong>vi</strong></span> <span class='ocrx_word' id='word_1_785' title='bbox 2542 4975 2902 5041; x_wconf 85' lang='lat' dir='ltr'><strong>pertrahunt?</strong></span> <span class='ocrx_word' id='word_1_786' title='bbox 2927 4972 3071 5026; x_wconf 84' lang='lat' dir='ltr'><strong>Nihil</strong></span> <span class='ocrx_word' id='word_1_787' title='bbox 3101 4988 3231 5043; x_wconf 91' lang='lat' dir='ltr'><strong>ergo</strong></span> <span class='ocrx_word' id='word_1_788' title='bbox 3263 4975 3460 5027; x_wconf 64' lang='lat' dir='ltr'><strong>divinae</strong></span> <span class='ocrx_word' id='word_1_789' title='bbox 3492 4974 3817 5042; x_wconf 67' lang='lat' dir='ltr'><strong>Scriptum.</strong></span> 
     </span>
    </p>
   </div>
   <div class='ocr_carea' id='block_1_106' title="bbox 2237 5043 3818 5104">
    <p class='ocr_par' dir='ltr' id='par_1_106' title="bbox 2237 5043 3818 5104">
     <span class='ocr_line' id='line_1_108' title="bbox 2237 5043 3818 5104; baseline -0.003 -9"><span class='ocrx_word' id='word_1_790' title='bbox 2237 5044 2370 5096; x_wconf 86' lang='lat' dir='ltr'><strong>nihil</strong></span> <span class='ocrx_word' id='word_1_791' title='bbox 2401 5054 2716 5098; x_wconf 85' lang='lat' dir='ltr'><strong>sanctorum</strong></span> <span class='ocrx_word' id='word_1_792' title='bbox 2748 5043 2969 5097; x_wconf 86' lang='lat' dir='ltr'><strong>Patrum</strong></span> <span class='ocrx_word' id='word_1_793' title='bbox 3003 5043 3212 5097; x_wconf 81' lang='lat' dir='ltr'><strong>inﬁnita</strong></span> <span class='ocrx_word' id='word_1_794' title='bbox 3243 5043 3540 5104; x_wconf 81' lang='lat' dir='ltr'><strong>volumina,</strong></span> <span class='ocrx_word' id='word_1_795' title='bbox 3576 5044 3711 5097; x_wconf 86' lang='lat' dir='ltr'><strong>nihil</strong></span> <span class='ocrx_word' id='word_1_796' title='bbox 3744 5046 3818 5092; x_wconf 89' lang='lat' dir='ltr'><strong>tot</strong></span> 
     </span>
    </p>
   </div>
   <div class='ocr_carea' id='block_1_107' title="bbox 2237 5110 3815 5183">
    <p class='ocr_par' dir='ltr' id='par_1_107' title="bbox 2237 5110 3815 5183">
     <span class='ocr_line' id='line_1_109' title="bbox 2237 5110 3815 5183; baseline -0.002 -20"><span class='ocrx_word' id='word_1_797' title='bbox 2237 5128 2333 5180; x_wconf 84' lang='lat' dir='ltr'><strong>pro</strong></span> <span class='ocrx_word' id='word_1_798' title='bbox 2360 5112 2667 5168; x_wconf 84' lang='lat' dir='ltr'><strong>Christiana</strong></span> <span class='ocrx_word' id='word_1_799' title='bbox 2698 5115 2960 5182; x_wconf 89' lang='lat' dir='ltr'><strong>religione</strong></span> <span class='ocrx_word' id='word_1_800' title='bbox 2984 5114 3245 5183; x_wconf 65' lang='lat' dir='ltr'><strong>apologiaa</strong></span> <span class='ocrx_word' id='word_1_801' title='bbox 3269 5113 3590 5174; x_wconf 74' lang='lat' dir='ltr'><strong>effecerunt,</strong></span> <span class='ocrx_word' id='word_1_802' title='bbox 3628 5114 3723 5167; x_wconf 88' lang='lat' dir='ltr'><strong>sed</strong></span> <span class='ocrx_word' id='word_1_803' title='bbox 3753 5110 3815 5162; x_wconf 88' lang='lat' dir='ltr'><strong>ad</strong></span> 
     </span>
    </p>
   </div>
   <div class='ocr_carea' id='block_1_108' title="bbox 2239 5184 3820 5249">
    <p class='ocr_par' dir='ltr' id='par_1_108' title="bbox 2239 5184 3820 5249">
     <span class='ocr_line' id='line_1_110' title="bbox 2239 5184 3820 5249; baseline 0.001 -13"><span class='ocrx_word' id='word_1_804' title='bbox 2239 5184 2545 5237; x_wconf 84' lang='lat' dir='ltr'><strong>barbariem</strong></span> <span class='ocrx_word' id='word_1_805' title='bbox 2586 5199 2777 5239; x_wconf 88' lang='lat' dir='ltr'><strong>rursus</strong></span> <span class='ocrx_word' id='word_1_806' title='bbox 2812 5200 2874 5239; x_wconf 88' lang='lat' dir='ltr'><strong>ac</strong></span> <span class='ocrx_word' id='word_1_807' title='bbox 2915 5186 3168 5238; x_wconf 89' lang='lat' dir='ltr'><strong>tenebras</strong></span> <span class='ocrx_word' id='word_1_808' title='bbox 3206 5185 3258 5238; x_wconf 94' lang='lat' dir='ltr'><strong>in</strong></span> <span class='ocrx_word' id='word_1_809' title='bbox 3298 5193 3468 5248; x_wconf 84' lang='lat' dir='ltr'><strong>tanta,</strong></span> <span class='ocrx_word' id='word_1_810' title='bbox 3506 5196 3561 5235; x_wconf 85' lang='grc' dir='ltr'><strong>ιιι</strong></span> <span class='ocrx_word' id='word_1_811' title='bbox 3604 5184 3697 5237; x_wconf 89' lang='lat' dir='ltr'><strong>isti</strong></span> <span class='ocrx_word' id='word_1_812' title='bbox 3732 5195 3820 5249; x_wconf 68' lang='grc' dir='ltr'>βυτ</span> 
     </span>
    </p>
   </div>
   <div class='ocr_carea' id='block_1_109' title="bbox 2240 5247 3820 5324">
    <p class='ocr_par' dir='ltr' id='par_1_109' title="bbox 2240 5247 3820 5324">
     <span class='ocr_line' id='line_1_111' title="bbox 2240 5247 3820 5324; baseline -0.001 -19"><span class='ocrx_word' id='word_1_813' title='bbox 2240 5262 2386 5319; x_wconf 83' lang='lat' dir='ltr'><strong>lunt,</strong></span> <span class='ocrx_word' id='word_1_814' title='bbox 2429 5255 2609 5308; x_wconf 67' lang='lat' dir='ltr'><strong>saeculi</strong></span> <span class='ocrx_word' id='word_1_815' title='bbox 2656 5254 2827 5311; x_wconf 88' lang='lat' dir='ltr'><strong>nostri</strong></span> <span class='ocrx_word' id='word_1_816' title='bbox 2870 5254 3132 5308; x_wconf 87' lang='lat' dir='ltr'><strong>civilitate</strong></span> <span class='ocrx_word' id='word_1_817' title='bbox 3173 5270 3237 5308; x_wconf 84' lang='lat' dir='ltr'><strong>ac</strong></span> <span class='ocrx_word' id='word_1_818' title='bbox 3282 5254 3400 5324; x_wconf 88' lang='lat' dir='ltr'><strong>luce</strong></span> <span class='ocrx_word' id='word_1_819' title='bbox 3440 5247 3820 5324; x_wconf 68' lang='lat' dir='ltr'><strong>regredimurl</strong></span> 
     </span>
    </p>
   </div>
   <div class='ocr_carea' id='block_1_110' title="bbox 2240 5320 3823 5393">
    <p class='ocr_par' dir='ltr' id='par_1_110' title="bbox 2240 5320 3823 5393">
     <span class='ocr_line' id='line_1_112' title="bbox 2240 5320 3823 5393; baseline -0.005 -15"><span class='ocrx_word' id='word_1_820' title='bbox 2240 5324 2499 5391; x_wconf 85' lang='lat' dir='ltr'><strong>Equidem</strong></span> <span class='ocrx_word' id='word_1_821' title='bbox 2531 5325 2729 5379; x_wconf 87' lang='lat' dir='ltr'><strong>divinis</strong></span> <span class='ocrx_word' id='word_1_822' title='bbox 2762 5326 3137 5393; x_wconf 85' lang='lat' dir='ltr'><strong>perpetuitatis</strong></span> <span class='ocrx_word' id='word_1_823' title='bbox 3171 5323 3454 5393; x_wconf 83' lang='lat' dir='ltr'><strong>promissis</strong></span> <span class='ocrx_word' id='word_1_824' title='bbox 3487 5320 3722 5378; x_wconf 72' lang='lat' dir='ltr'><strong>liruuiter</strong></span> <span class='ocrx_word' id='word_1_825' title='bbox 3751 5320 3823 5373; x_wconf 87' lang='lat' dir='ltr'><strong>ni-</strong></span> 
     </span>
    </p>
   </div>
   <div class='ocr_carea' id='block_1_111' title="bbox 2243 5394 3819 5464">
    <p class='ocr_par' dir='ltr' id='par_1_111' title="bbox 2243 5394 3819 5464">
     <span class='ocr_line' id='line_1_113' title="bbox 2243 5394 3819 5464; baseline -0.002 -18"><span class='ocrx_word' id='word_1_826' title='bbox 2243 5395 2445 5448; x_wconf 85' lang='lat' dir='ltr'><strong>timur:</strong></span> <span class='ocrx_word' id='word_1_827' title='bbox 2475 5394 2541 5449; x_wconf 90' lang='lat' dir='ltr'><strong>de</strong></span> <span class='ocrx_word' id='word_1_828' title='bbox 2568 5394 2655 5447; x_wconf 88' lang='lat' dir='ltr'><strong>illa</strong></span> <span class='ocrx_word' id='word_1_829' title='bbox 2683 5404 2862 5449; x_wconf 86' lang='lat' dir='ltr'><strong>tamen</strong></span> <span class='ocrx_word' id='word_1_830' title='bbox 2892 5394 3151 5449; x_wconf 67' lang='lat' dir='ltr'><strong>Ecclesia:</strong></span> <span class='ocrx_word' id='word_1_831' title='bbox 3180 5394 3578 5464; x_wconf 86' lang='lat' dir='ltr'><strong>tranquillitate</strong></span> <span class='ocrx_word' id='word_1_832' title='bbox 3602 5410 3666 5447; x_wconf 85' lang='lat' dir='ltr'><strong>ac</strong></span> <span class='ocrx_word' id='word_1_833' title='bbox 3694 5406 3819 5462; x_wconf 79' lang='lat' dir='ltr'><strong>pace</strong></span> 
     </span>
    </p>
   </div>
   <div class='ocr_carea' id='block_1_112' title="bbox 2241 5464 3818 5535">
    <p class='ocr_par' dir='ltr' id='par_1_112' title="bbox 2241 5464 3818 5535">
     <span class='ocr_line' id='line_1_114' title="bbox 2241 5464 3818 5535; baseline -0.001 -18"><span class='ocrx_word' id='word_1_834' title='bbox 2241 5464 2615 5527; x_wconf 91' lang='lat' dir='ltr'><strong>sollicitamur,</strong></span> <span class='ocrx_word' id='word_1_835' title='bbox 2654 5480 2774 5535; x_wconf 72' lang='lat' dir='ltr'><strong>qua:</strong></span> <span class='ocrx_word' id='word_1_836' title='bbox 2809 5474 3177 5535; x_wconf 85' lang='lat' dir='ltr'><strong>poteratesse</strong></span> <span class='ocrx_word' id='word_1_837' title='bbox 3212 5467 3510 5528; x_wconf 86' lang='lat' dir='ltr'><strong>continua,</strong></span> <span class='ocrx_word' id='word_1_838' title='bbox 3545 5464 3588 5517; x_wconf 87' lang='lat' dir='ltr'><strong>si</strong></span> <span class='ocrx_word' id='word_1_839' title='bbox 3626 5474 3705 5518; x_wconf 91' lang='lat' dir='ltr'><strong>tot</strong></span> <span class='ocrx_word' id='word_1_840' title='bbox 3737 5476 3818 5529; x_wconf 51' lang='lat' dir='ltr'><strong>pc.</strong></span> 
     </span>
    </p>
   </div>
   <div class='ocr_carea' id='block_1_113' title="bbox 2242 5534 3817 5655">
    <p class='ocr_par' dir='ltr' id='par_1_113' title="bbox 2242 5534 3817 5655">
     <span class='ocr_line' id='line_1_115' title="bbox 2242 5534 3817 5655; baseline 0 -69"><span class='ocrx_word' id='word_1_841' title='bbox 2242 5535 2540 5655; x_wconf 69' lang='lat' dir='ltr'><strong>Slllc:lllblln</strong></span> <span class='ocrx_word' id='word_1_842' title='bbox 2570 5534 2830 5589; x_wconf 85' lang='lat' dir='ltr'><strong>librorum</strong></span> <span class='ocrx_word' id='word_1_843' title='bbox 2863 5534 3189 5589; x_wconf 84' lang='lat' dir='ltr'><strong>turbulentia</strong></span> <span class='ocrx_word' id='word_1_844' title='bbox 3217 5546 3271 5590; x_wconf 89' lang='lat' dir='ltr'><strong>et</strong></span> <span class='ocrx_word' id='word_1_845' title='bbox 3300 5535 3713 5605; x_wconf 84' lang='lat' dir='ltr'><strong>importunitate</strong></span> <span class='ocrx_word' id='word_1_846' title='bbox 3736 5546 3817 5586; x_wconf 78' lang='lat' dir='ltr'><strong>ca-</strong></span> 
     </span>
     <span class='ocr_line' id='line_1_116' title="bbox 2243 5619 2404 5655; baseline 0 0"><span class='ocrx_word' id='word_1_847' title='bbox 2243 5619 2361 5655; x_wconf 85' lang='lat' dir='ltr'><strong>rere</strong></span> <span class='ocrx_word' id='word_1_848' title='bbox 2388 5641 2404 5655; x_wconf 87' lang='lat'><strong>.</strong></span> 
     </span>
    </p>
   </div>
   <div class='ocr_carea' id='block_1_114' title="bbox 2243 5619 2404 5659">
    <p class='ocr_par' dir='ltr' id='par_1_114' title="bbox 2243 5619 2404 5659">
     <span class='ocr_line' id='line_1_117' title="bbox 2243 5619 2404 5659; baseline -0.012 -2"><span class='ocrx_word' id='word_1_849' title='bbox 2243 5619 2404 5659; x_wconf 82' lang='lat' dir='ltr'><strong>reret.</strong></span> 
     </span>
    </p>
   </div>
  </div>
