4082 6258
390 312 525 367 1677

394 515 651 585 γενέσθαι
694 512 859 580 Θεὸς,
897 513 991 566 καὶ
1029 511 1091 564 τὸ
1134 507 1271 564 εἶναι
1325 506 1489 562 εἰκὼν
1532 504 1670 559 Θεοῦ
1725 521 1973 576 προσαπ-

391 606 497 661 ώλε
506 624 563 660 σε
574 646 586 660 .

390 720 515 773 AE‘.
561 720 695 772 ’Ὁτι
728 716 846 788 χρὴ
887 715 1182 770 Θεοτόκον
1226 712 1327 767 καὶ
1375 710 1830 780 ἀνθρωποτόκον
1876 706 1978 763 λέ-

1117 800 1264 855 τείν.

462 899 656 953 Τοίνυν
692 897 822 968 περὶ
864 896 964 968 τὴν
1017 896 1297 965 θεολογίαν
1347 894 1538 967 μηδεὶς
1587 893 1846 948 ἀπιστίαν
1889 910 1977 947 νο-

395 990 576 1057 σείτω,
626 990 813 1062 μηδεὶς
865 990 991 1060 περὶ
1019 990 1119 1061 τὴν
1146 988 1458 1059 οἰκονομίαν
1496 986 1805 1058 χωλευέτω,
1842 986 1979 1041 ἀλλὰ

391 1083 483 1135 τὸν
514 1083 577 1135 ὲκ
606 1081 886 1152 Παρθένου
913 1081 1241 1152 γεννηθέντα
1272 1082 1529 1152 Χριστὸν,
1558 1080 1690 1134 Θεὸν
1717 1079 1854 1150 ὁμοῦ
1886 1081 1980 1133 καὶ

394 1174 683 1246 ἄνθρωπον
715 1174 1046 1246 ὁμολογείτω
1084 1174 1207 1227 καθ’
1239 1173 1502 1243 ἑκάτερον
1524 1190 1537 1204 ’
1564 1171 1653 1226 διὰ
1684 1172 1845 1226 τοῦτο
1869 1172 1979 1244 γὰρ

396 1265 491 1318 καὶ
517 1265 780 1330 Θεοτόκος
811 1265 907 1319 καί⁹
936 1264 1347 1336 ἀνθρωποτόκος
1374 1265 1450 1335 (1)
1477 1266 1509 1335 ἡ
1546 1265 1674 1332 ἁγία
1704 1263 1981 1335 Παρθένος

394 1359 500 1413 ὑπὸ
530 1358 638 1413 τῶν
666 1362 765 1430 τῆς
805 1358 1087 1421 εὐσεϐείας
1117 1355 1451 1410 διδασκάλων
1478 1357 1943 1428 προσαγορεύεται
1962 1374 1977 1388 ο

392 1451 550 1506 τοῦτο
582 1452 681 1522 μὲν
710 1452 785 1514 ὠς
829 1451 989 1519 φύσει
1020 1449 1111 1502 τὸν
1135 1446 1349 1520 [δούλῳ]
1384 1449 1600 1502 ἐοικότα
1634 1449 1976 1519 γεννήσασα·

393 1546 571 1599 ἐκεῖνο
599 1543 677 1607 δὲ,
712 1541 787 1605 ὡς
807 1543 906 1613 τῆς
934 1541 1028 1595 τοῦ
1058 1540 1247 1594 δούλου
1294 1541 1532 1611 μορφῆς,
1580 1542 1673 1595 καὶ
1702 1540 1838 1594 Θεοῦ
1882 1541 1980 1612 τὴν

396 1634 609 1705 μορφὴν
648 1634 933 1703 ἡνωμένην
963 1632 1193 1702 ἐχούσης
1271 1632 1414 1686 οὕτω
1448 1634 1538 1687 διὰ
1563 1634 1837 1703 θεολογίας
1886 1634 1981 1688 καὶ

391 1725 704 1794 οἰκονομίας
742 1724 833 1777 τὸν
862 1724 925 1777 τὸ
967 1726 1264 1795 μυστήριον
1304 1726 1435 1795 ἡμῖν
1468 1724 1530 1777 τὸ
1558 1726 1981 1797 ἀποκεκρυμμὲ-

393 1835 481 1871 νον
511 1817 857 1887 γνωρίσαντα
895 1817 1315 1887 ἀνυμνήσωμεν,
1346 1819 1441 1871 καί.
1481 1818 1568 1871 διὰ
1607 1818 1708 1889 τῆς
1735 1818 1831 1871 τοῦ
1864 1819 1976 1889 βίου

394 1905 767 1976 καθαρότητος
794 1904 957 1970 ναοὺς
1003 1906 1229 1969 ἑαυτοὺς
1256 1906 1335 1978 τῷ
1372 1906 1491 1977 Θεῷ
1533 1909 1974 1962 κατασκευάσαν·

391 2015 482 2063 τες
532 1998 631 2067 (‘2),
682 1998 886 2052 ἐνοικον
929 1997 1091 2050 αὐτὸν
1126 1997 1416 2069 λάϐωμεν·
1454 2000 1549 2055 καὶ
1596 2002 1719 2063 ταῖς
1764 2000 1981 2055 ἀκτῖσιν

393 2089 557 2143 αὐτοῦ
593 2088 974 2159 φωτιζόμενοι,
1018 2087 1093 2151 ὡς
1138 2089 1195 2141 ὲν
1224 2089 1407 2160 ἡμέρᾳ
1433 2091 1789 2162 εὐσχημόνως
1820 2108 1981 2161 περι-

392 2181 744 2250 πατήσωμεν,
803 2179 1225 2250 προσδεχόμενοι
1294 2179 1392 2249 τὴν
1442 2181 1723 2251 μακαρίαν
1787 2181 1980 2235 ἐλπίδα

392 2271 487 2325 καὶ
511 2271 832 2339 ἐπιφάνειαν
860 2270 961 2338 τῆς
986 2270 1146 2339 δόξης
1184 2267 1279 2322 τοῦ
1321 2269 1556 2339 μεγάλου
1584 2269 1719 2322 Θεοῦ
1750 2270 1844 2322 καὶ
1874 2272 1982 2323 Σω·

390 2362 560 2433 τῆρος
605 2360 761 2432 ἡμῶν
816 2359 992 2430 Ἰησοῦ
1022 2361 1279 2431 Χριστοῦ,
1315 2360 1432 2430 μεθ’
1475 2354 1538 2415 οὗ
1567 2359 1645 2431 τῷ
1674 2362 1849 2433 Πατρὶ
1882 2362 1979 2415 σὺν

390 2456 469 2524 τῷ
516 2454 653 2524 ἁγίῳ
686 2452 967 2524 Πνεύματι
994 2453 1118 2518 δόξα
1152 2454 1245 2507 καὶ
1288 2455 1486 2525 κράτος
1516 2454 1596 2516 εἰς
1624 2453 1750 2515 τοὺς
1776 2451 1979 2516 αἰῶνας

392 2549 501 2601 τῶν
526 2546 757 2601 αἰώνων.
808 2547 1002 2617 Ἀμήν.

464 2730 511 2761 ’⁸
537 2729 695 2784 Rom.
724 2743 845 2797 xm,
870 2731 956 2786 i5.
1035 2733 1051 2764 ¹
1088 2732 1240 2787 Tit."
1278 2732 1407 2795 .15.

467 2911 544 2981 (1)
584 2907 856 2981 Reete._si
894 2916 1186 2981 utrumque
1220 2904 1386 2981 simul
1417 2904 1698 2981 epitheton
1736 2922 1971 2981 pronun-

394 2976 587 3045 tietur;
627 2978 832 3050 peperit
868 2978 1010 3032 enim
1052 2976 1215 3050 Maria
1259 2976 1535 3050 Christum
1584 2976 1747 3050 Deum
1786 2988 1840 3050 et
1881 2978 1973 3031 ho-

395 3046 828 3105 ntinem.'Secus
867 3059 1077 3111 autem,
1113 3047 1157 3101 si
1198 3047 1401 3101 omisso
1432 3046 1729 3113 Θεοτόκος,
1765 3049 1975 3101 dicatur

396 3120 765 3175 tantummodo
787 3116 1222 3191 ἀνθρωποτόκος,
1244 3116 1298 3170 in
1323 3114 1703 3172 Nestorianam
1727 3118 1975 3189 bluSphe-

395 3192 559 3247 miam
589 3191 826 3245 incidere
864 3202 1085 3244 necesse
1113 3198 1216 3242 est.

1564 300 1655 364 DE
1697 291 2217 352 INLAHNATIONE
2257 296 2512 350 DOMILVI.

387 426 479 479 θεν
510 432 537 479 ο
564 420 861 494 προπάτωρ
910 417 1108 490 Ἀδάμ·
1139 416 1231 472 καὶ
1260 414 1368 487 γὰρ
1404 414 1611 476 ἐκεῖνος
1637 411 1978 483 ἐπιθυμήσας

2086 425 2302 483 quoque
2377 411 2697 469 excidamns
2748 429 2764 468 :

3521 301 3667 362 H78

2814 414 2959 482 quod
3040 418 3355 484 progenitor
3420 419 3665 474 Adamus

2078 520 2277 574 passus
2306 513 2408 570 est,
2435 507 2526 575 qui
2557 508 2684 561 dum
2713 504 2858 562 Deus
2884 505 2998 563 ﬁeri
3039 508 3213 577 cupit,
3240 518 3297 561 ut
3324 509 3503 579 imago
3527 526 3661 581 quo-

2076 608 2183 665 que
2219 595 2310 650 Dei
2338 604 2483 651 esset
2516 595 2720 650 amisit.

2078 709 2296 766 XXXV.
2334 711 2489 777 Quod
2528 721 2727 780 oportet
2763 710 2862 765 Dei
2891 719 2935 765 et
2974 713 3203 766 hominis
3232 723 3455 770 matrem
3486 715 3664 771 dicere

2552 784 2823 854 (sanctam
2863 780 3181 854 Virginem.)

2151 895 2297 965 Ergo
2345 894 2398 949 in
2449 894 2720 965 theologia
2772 908 2933 948 nemo
2984 894 3373 952 incredulitate
3429 896 3660 966 laboret,

2081 1000 2242 1040 nemo
2273 984 2418 1040 circa
2442 984 2835 1039 incarnationis
2867 986 3189 1056 mysterium
3236 986 3524 1056 claudicet,
3569 992 3662 1046 sed

2081 1095 2146 1135 ex
2185 1078 2405 1148 Virgine
2433 1089 2619 1133 natum
2651 1079 2952 1145 Christum,
2982 1081 3150 1134 Deum
3192 1081 3355 1136 simul
3395 1091 3450 1137 et
3486 1085 3665 1139 homi-

2083 1189 2206 1229 nem
2260 1172 2601 1228 coniiteatur.
2654 1171 2949 1241 Propterea
2981 1172 3125 1227 enim
3169 1181 3342 1228 mater
3384 1186 3440 1231 et
3489 1175 3583 1231 Dei
3609 1186 3667 1232 et

2085 1265 2325 1320 hominis
2383 1273 2569 1318 sancta
2608 1262 2771 1333 Virgo
2822 1280 2850 1317 a
2883 1275 3047 1319 rectae
3078 1265 3355 1335 religionis
3391 1269 3668 1338 magistris

2083 1355 2388 1426 appellatur
2418 1372 2433 1421 ;
2466 1355 2569 1409 hoc
2602 1352 2846 1424 quidem,
2899 1355 3027 1423 quia
3079 1356 3401 1411 naturaliter
3423 1374 3544 1412 eum
3572 1360 3665 1429 qui

2082 1450 2136 1504 in
2167 1449 2338 1503 forma
2376 1446 2520 1502 servi
2556 1456 2673 1500 erat
2707 1445 2926 1516 genuit;
2957 1446 3088 1501 illud
3127 1457 3332 1513 autem,
3371 1451 3493 1519 quia
3523 1452 3667 1507 servi

2084 1539 2256 1595 forma
2316 1538 2544 1593 formam
2600 1539 2695 1594 Dei
2729 1540 2938 1593 nnitam
2990 1539 3175 1596 habet.
3208 1540 3385 1609 Atque
3434 1542 3505 1597 ita
3542 1559 3666 1598 eum

2085 1632 2393 1698 laudemus,
2434 1632 2527 1700 qni
2589 1646 2685 1700 per
2737 1631 3059 1701 theologiam
3103 1642 3158 1686 et
3207 1633 3666 1704 dispensationem

2086 1726 2409 1798 mysterium
2448 1725 2605 1780 nobis
2635 1723 3011 1780 absconditum
3049 1727 3325 1782 revelavit.
3370 1726 3507 1783 Tum
3537 1745 3668 1785 vero

2082 1820 2206 1873 vita:
2250 1819 2487 1888 puritate
2518 1818 2715 1888 templa
2770 1828 2984 1873 nosmet
3015 1818 3109 1874 Dei
3147 1819 3475 1885 eﬂicientes,
3508 1824 3669 1878 hahi-

2082 1920 2316 1967 latorem
2361 1912 2609 1967 eumdem
2670 1914 3057 1967 nanciscamur
3086 1930 3101 1967 ι
3130 1912 3358 1983 ejusque
3407 1915 3668 1985 splendo-

2080 2007 2231 2061 ribns
2296 2006 2608 2073 illnminati,
2674 2006 2816 2061 sicut
2870 2008 2926 2063 in
2990 2007 3082 2063 die
3134 2010 3364 2065 honeste
3426 2012 3672 2066 ambule-

2081 2100 2298 2163 mus“,
2360 2108 2747 2168 exspectantes
2804 2099 3023 2154 beatam
3069 2116 3219 2170 spent
3271 2112 3325 2156 et
3377 2104 3668 2157 adventum

2086 2190 2270 2258 gloriae
2321 2192 2498 2258 magni
2564 2191 2658 2244 Dei
2696 2200 2751 2245 et
2773 2191 3075 2247 Salvatoris
3103 2194 3277 2249 nostri
3332 2193 3458 2250 Jesu
3509 2196 3671 2250 Chri-

2085 2280 2153 2334 sti
2188 2281 2233 2343 ¹,
2266 2295 2388 2333 eum
2419 2296 2526 2349 quo
2552 2280 2697 2335 Patri
2751 2298 2966 2350 unaque
2996 2295 3188 2340 sancto
3228 2284 3456 2355 Spiritui
3496 2286 3669 2358 gloria

2083 2380 2139 2426 et
2164 2371 2405 2440 potentia
2443 2372 2497 2425 in
2532 2370 2727 2426 saecula
2770 2373 3119 2431 saeulorum.
3156 2376 3359 2432 Amen.

2150 2903 2229 2979 (2)
2272 2904 2361 2979 Sic
2401 2907 2561 2962 etiam
2596 2908 2887 2979 prredictns
2926 2903 3146 2979 Nicetas
3182 2916 3470 2963 tractatum
3509 2924 3665 2965 suum

2081 2975 2158 3030 De
2187 2975 2391 3042 Spiritu
2421 2975 2610 3033 saneto
2634 2978 2940 3040 concludit,
2972 2993 3026 3044 p.
3054 2978 3157 3032 329
3190 2995 3203 3032 :
3234 2990 3281 3033 et
3312 2979 3551 3035 deincevs
3580 2998 3669 3046 pa-

2072 3064 2192 3119 vcem
2228 3058 2276 3119 et
2311 3048 2645 3104 dilectionem
2680 3057 2975 3115 sectantes,
3011 3049 3159 3103 bonis
3194 3065 3395 3119 semper
3425 3052 3665 3119 operibus

2083 3118 2427 3189 abundamus,
2461 3132 2561 3177 elc-
