4118 6452
268 345 3535 411 m

689 476 1256 547 MONKCHORUM
1298 477 2002 543 BENEDICTINORUM
2045 478 2315 540 EPISTO

1489 477 2002 542 EDICTINORUM
2045 478 2435 540 EPISTOLA
2479 480 3115 547 NUNCUPATORIA.

1377 742 2042 943 sANmssmo
2104 750 2433 878 mm

952 948 2340 1146 CLEMENTI
2484 952 2842 1153 XI,
3000 1042 3007 1053 ι

1234 1187 1913 1274 PONTIFICI
1996 1193 2581 1277 MAXIMO.

358 1412 532 1475 Inter
562 1426 770 1472 omnia
794 1427 927 1490 quae
952 1409 1049 1471 tui
1075 1410 1489 1490 pontiﬁcatus
1515 1409 1845 1473 exordium
1876 1412 2391 1474 commendarunt
2420 1431 2566 1474 sane
2592 1414 2871 1494 plurima
2896 1423 2955 1478 et
2996 1424 3545 1501 prastantissima,

264 1513 611 1575 beatissime
649 1512 859 1584 Pater,
897 1510 1062 1573 illud
1084 1529 1218 1590 pra:
1252 1514 1493 1574 caeteris
1528 1510 1713 1573 laude
1739 1511 2183 1589 dignissimum
2224 1512 2407 1575 nobis
2430 1514 2709 1588 videtur,
2740 1516 2910 1595 quod
2948 1517 3390 1583 adulatoribus
3426 1542 3543 1583 va-

263 1616 393 1680 lere
418 1616 644 1696 jussis,
676 1614 845 1677 solos
873 1614 1093 1675 audire
1122 1613 1400 1676 volueris
1430 1614 1703 1693 antiqua:
1737 1632 1808 1674 ac
1844 1621 2138 1692 spectatae
2171 1615 2432 1675 virtutis
2464 1615 2672 1694 viros,
2704 1617 2813 1695 qui
2851 1616 3160 1681 liberrime
3198 1631 3546 1698 monerent,

264 1724 326 1778 et
358 1717 491 1778 sine
520 1716 668 1794 fuco
695 1731 839 1774 vera
868 1713 1165 1775 dicerent.
1195 1714 1335 1777 Nec
1362 1714 1493 1774 alia
1516 1714 1762 1794 quidem
1793 1714 2045 1774 ratione
2079 1724 2332 1775 tuorum
2355 1717 2768 1778 consiliorum
2793 1721 3165 1801 participem
3200 1725 3401 1801 facere
3425 1746 3549 1805 po-
3643 1746 3651 1752 '

265 1816 575 1879 tissimum
604 1814 935 1876 decrevisti
960 1814 1421 1876 sanctissimum
1455 1812 1733 1875 abbatem
1780 1814 2333 1889 Claraevallensem,
2381 1825 2643 1895 propter
2697 1835 2991 1881 summam
3039 1821 3359 1901 loquendi,
3412 1846 3549 1889 mo-

264 1916 481 1989 nendi,
510 1916 695 1976 etiam
722 1916 1033 1995 arguendi
1064 1916 1407 1977 libertatem
1445 1916 1561 1978 tibi
1594 1904 2022 1994 gratissimum
2054 1936 2074 1975 :
2108 1918 2288 1996 cujus
2319 1916 2557 1979 idcirco
2588 1918 2785 1979 libros
2814 1920 2885 1982 de
2921 1921 3434 1988 Consideratione
3467 1932 3549 1993 ad

264 2017 623 2096 Eugenium
645 2037 873 2099 papam
901 2017 1190 2081 liberiori
1219 2019 1493 2097 scriptos
1519 2017 1783 2094 calamo,
1823 2020 2083 2080 seorsim
2113 2019 2280 2097 typis
2308 2020 2535 2079 iterum
2593 2018 2895 2098 subjicere
2935 2024 3115 2085 nobis
3160 2027 3437 2104 jussisti,
3474 2041 3549 2093 ut

264 2136 385 2200 pro
426 2118 766 2182 enchiridio
802 2118 916 2181 tibi
947 2126 1172 2196 essent,
1207 2138 1278 2180 ac
1303 2117 1488 2198 facile
1522 2127 1777 2197 possent
1815 2118 2233 2206 circumferri,
2286 2136 2395 2178 nec
2426 2125 2591 2179 atuo
2627 2137 2900 2199 unquam
2934 2123 3348 2187 avellerentur
3390 2148 3547 2191 con-

264 2229 504 2303 spectu.

346 2324 547 2400 Quam
580 2329 836 2403 accepta
860 2321 1056 2400 fuerit
1083 2319 1431 2383 Sanctitati
1468 2326 1612 2392 tuae,
1634 2336 1799 2379 nova
1828 2318 1952 2378 haec
1976 2314 2168 2376 editio
2201 2314 2327 2393 ipsi
2356 2323 2747 2394 nuncupata,
2784 2318 3142 2397 signiﬁcare
3176 2322 3437 2402 dignata
3459 2336 3547 2389 est

265 2428 399 2489 suis
416 2425 768 2506 pontiﬁciis
790 2425 1020 2487 litteris
1042 2424 1122 2486 ad
1139 2424 1551 2504 praepositum
1568 2428 1857 2482 nostrum
1876 2419 2219 2499 generalem
2245 2418 2308 2494 (8
2330 2419 2563 2481 Martii
2587 2419 2791 2501 1701),
2820 2440 2955 2501 qua:
2980 2424 3062 2486 ad
3092 2426 3378 2489 audenda
3406 2449 3539 2493 ma-

265 2527 415 2609 jora
434 2524 619 2587 nobis
650 2527 889 2587 animos
918 2524 1245 2595 addidere;
1278 2524 1621 2603 prwsertim
1646 2540 1781 2583 cum
1807 2539 1887 2582 ex
1915 2521 2096 2599 ipsis,
2129 2526 2184 2582 et
2217 2538 2296 2581 ea:
2325 2520 2471 2582 aliis
2501 2525 2584 2581 ad
2624 2522 2893 2584 eumdem
2939 2528 3198 2607 scriptis
3230 2530 3249 2610 (
3268 2531 3307 2590 6
3353 2512 3547 2600 ξῙειηίἰ

265 2627 445 2705 1702)
484 2625 998 2705 intelligeremus,
1044 2634 1329 2686 nostrum
1357 2627 1425 2686 in
1458 2621 1849 2687 recensendis
1904 2629 2265 2682 sanctorum
2293 2621 2594 2683 Ecclesia:
2627 2624 2892 2685 Patrum
2937 2630 3225 2707 operibus
3278 2634 3545 2698 institu-

269 2734 431 2804 tum,
462 2745 501 2785 a
526 2723 935 2787 Beatitudine
964 2731 1071 2783 tua
1099 2722 1304 2802 (quod
1329 2724 1596 2784 maxime
1624 2722 1691 2782 in
1714 2722 1875 2782 votis
1906 2720 2076 2797 erat)
2106 2719 2358 2781 laudari
2400 2728 2457 2781 et
2490 2721 2853 2800 approbari.
2894 2725 3065 2800 Quid
3114 2731 3271 2793 enim
3324 2737 3543 2815 efﬁca-

268 2826 402 2887 eius
427 2823 836 2885 adlevandos
869 2821 1107 2883 labores
1134 2830 1411 2895 nostros,
1450 2822 1564 2882 etsi
1593 2820 1851 2885 arduos.
1883 2819 1951 2880 in
1988 2828 2110 2880 tam
2141 2820 2392 2899 difﬁcili
2419 2840 2598 2899 quam
2624 2824 2891 2902 cepimus
2917 2829 3273 2907 reipublicae
3298 2836 3543 2900 littera-

273 2929 387 2989 riae
409 2924 746 3005 provincia
763 2925 793 2983 ?

357 3027 582 3107 Itaque
612 3045 751 3088 cum
778 3033 927 3087 tunc
949 3026 1126 3105 prelo
1158 3026 1461 3100 subiicere
1499 3028 1863 3105 cepissemus
1897 3027 2102 3087 sancti
2132 3026 2423 3107 Gregorii
2450 3029 2677 3108 Magni
2715 3050 2902 3110 opera
2934 3038 3140 3099 omnia
3182 3060 3297 3120 per
3322 3063 3545 3108 sexen-

274 3127 452 3189 nium
482 3127 567 3189 ad
591 3127 1056 3206 manuscriptos
1080 3125 1343 3187 Codices
1367 3128 1698 3200 recensita,
1732 3126 2074 3202 emendata,
2102 3134 2289 3187 aucta
2316 3136 2371 3185 et
2402 3126 2724 3190 illustrata
2752 3134 2945 3207 notis,
2977 3155 3205 3199 novum
3232 3142 3393 3206 hunc
3422 3156 3545 3208 stu-

270 3233 525 3295 diorum
550 3241 914 3293 nostrorum
940 3233 1137 3309 fetum
1168 3238 1276 3291 tuo
1329 3249 1507 3292 sacro
1562 3234 1804 3294 nomini
1835 3233 2328 3312 nuncupandum
2380 3234 2594 3294 statim
2644 3234 3093 3313 judicavimus.
3141 3242 3349 3321 Neque
3398 3267 3544 3311 υενο

272 3331 655 3405 dubitamus,
692 3332 1084 3393 sanctissime
1110 3334 1328 3408 Pater,
1360 3332 1514 3411 quin
1548 3351 1585 3390 a
1616 3339 1697 3407 te,
1727 3338 1797 3391 ut
1824 3329 1947 3409 p'ar
1972 3340 2083 3405 est,
2123 3333 2481 3409 excipiatur
2514 3332 2863 3412 Gregorius
2892 3347 3127 3413 noster,
3159 3342 3278 3402 imo
3325 3349 3547 3412 multi-

271 3432 427 3512 plici
441 3432 588 3511 jure
616 3440 782 3492 tuus.
814 3432 888 3493 Si
915 3434 1074 3494 enim
1104 3430 1389 3492 omnibus
1420 3430 1706 3491 consiliis
1743 3432 1866 3491 tuis
1892 3432 2187 3491 interesse
2222 3430 2485 3493 voluisti
2530 3433 2943 3512 Bernardum,
2976 3436 3207 3515 dignus
3253 3452 3340 3504 est
3399 3466 3548 3511 sane

272 3534 615 3612 Gregorius
642 3534 749 3612 qui
773 3535 1020 3611 praesit.
1054 3532 1342 3594 Assideat
1383 3530 1624 3591 clavum
1652 3530 1832 3589 navis
1860 3529 2039 3589 Petri
2069 3530 2327 3601 tenenti,
2360 3530 2469 3607 qui
2514 3531 2778 3591 eamdem
2805 3539 2899 3591 tot
2923 3539 3131 3617 annis,
3167 3544 3345 3603 tanta
3394 3564 3548 3623 pru.

271 3632 509 3707 dentia,
538 3631 941 3711 gravissimas
970 3635 1135 3694 inter
1161 3627 1471 3709 procellas
1502 3625 1901 3706 gubernavit,
1946 3626 2459 3706 difﬁcillimisque
2494 3628 2895 3705 temporibus,
2925 3631 3040 3693 hoc
3088 3644 3177 3695 est
3204 3640 3548 3706 miserabili

270 3737 440 3819 quod
484 3739 727 3814 agimus
750 3756 876 3797 sevo
902 3735 1263 3798 simillimis.
1294 3732 1536 3795 Habeat
1562 3750 1794 3812 semper
1820 3730 1895 3792 ob
1929 3733 2143 3793 oculos
2165 3742 2490 3808 pastorum
2507 3734 2798 3811 princeps
2820 3735 3048 3797 librum
3071 3740 3300 3817 regulis
3328 3753 3547 3820 pasto-
3601 3774 3611 3782 -

269 3839 428 3901 ralis
451 3840 644 3917 plane
666 3856 946 3914 aureum,
974 3856 1151 3917 quem
1187 3835 1469 3898 omnibus
1502 3835 1650 3896 olim
1686 3836 1989 3913 episcopis
2021 3836 2091 3895 in
2121 3833 2522 3895 ordinatione
2547 3836 2760 3895 datum
2786 3844 2846 3895 et
2876 3840 3367 3905 commendatum
3391 3846 3547 3923 legi-

270 3956 435 4000 mus.
466 3936 528 3995 E
552 3952 833 4014 supremo
862 3936 1166 3996 Ecclesiae
1202 3935 1431 3994 throno
1460 3935 1685 3994 iterum
1713 3936 1980 4013 puriora
2007 3936 2235 4010 fundat
2264 3936 2522 3997 oracula
2567 3935 2787 3997 doctor
2825 3945 2917 3997 ter
2971 3943 3280 4003 maximus
3331 3946 3547 4026 digni-

274 4045 429 4115 tate,
458 4034 835 4110 eruditione,
868 4037 1239 4117 sanctitate,
1268 4037 1449 4117 cujus
1474 4037 1545 4099 in
1569 4036 1769 4097 medio
1801 4038 2100 4128 Ecclesia:
2142 4040 2447 4099 Dominus
2498 4056 2565 4097 os
2617 4040 2887 4117 aperuit,
2947 4048 3005 4099 et
3061 4060 3235 4123 quem
3278 4049 3550 4127 replevit

275 4141 512 4220 spiritu
545 4138 870 4218 sapientia:
896 4146 951 4199 et
976 4138 1345 4200 intellectus.
1377 4140 1778 4218 Agnoscatur
1807 4138 2066 4219 denique
2088 4140 2408 4202 redivivus
2438 4142 2507 4203 in
2537 4141 2843 4202 Clemente
2875 4142 3238 4221 Gregorius.

356 4239 476 4300 Ha:
503 4238 634 4319 fere
652 4246 801 4299 sunt
830 4237 1132 4312 rationes,
1164 4237 1507 4300 beatissime
1538 4239 1752 4311 Pater,
1781 4257 1916 4318 qua:
1940 4256 2055 4299 nos
2078 4238 2465 4317 impulerunt
2491 4248 2560 4299 ut
2592 4240 2673 4300 ad
2726 4250 2833 4302 tua
2884 4245 3215 4321 provoluti
3257 4250 3550 4327 vestigia-

288 4343 665 4423 Gregorium
698 4345 998 4423 Magnum
1034 4360 1247 4403 recens
1275 4362 1309 4401 a
1338 4340 1523 4402 nobis
1551 4342 1619 4403 in
1656 4341 1851 4402 lucem
1879 4342 2109 4402 editum
2132 4341 2476 4401 Sanctitati
2505 4350 2624 4402 tua:
2654 4343 2875 4422 offerre
2920 4344 3303 4422 auderemus,
3340 4368 3549 4429 quam.

279 4445 372 4507 vis
401 4443 542 4504 alim
574 4441 782 4505 multa:
811 4442 1054 4522 quidem
1082 4459 1416 4519 gravesque
1444 4447 1802 4519 suppetant.
1842 4440 1938 4499 Et
1962 4457 2107 4499 sane
2134 4457 2263 4499 non
2288 4440 2433 4501 aliis
2466 4458 2645 4519 quam
2670 4442 3014 4519 pontificiis
3044 4446 3341 4523 auspiciis
3368 4450 3547 4511 dece-

281 4544 386 4606 bat
407 4561 660 4604 rursum
694 4543 853 4604 diem
880 4544 1153 4621 aspicere
1175 4542 1535 4622 pontiﬁcem
1568 4538 1747 4601 illum
1785 4545 1882 4600 tot
1911 4539 2119 4599 titulis
2146 4540 2507 4598 maximum.
2547 4537 2941 4617 Gregoriana
2994 4560 3182 4621 opera
3236 4546 3549 4613 Vaticanis

283 4645 449 4725 typis
476 4663 703 4706 excusa
728 4643 855 4723 jam
879 4642 1068 4704 Sixto
1098 4643 1151 4703 V
1178 4647 1541 4719 nuncupata
1565 4642 1760 4717 fuere.
1788 4638 1987 4701 Notas
2014 4646 2069 4697 et
2102 4637 2560 4699 observationes
2592 4657 2743 4717 quas
2766 4639 2833 4698 in
2867 4638 3290 4718 Gregorianas
3320 4648 3549 4725 episto-

285 4745 377 4806 las
412 4744 797 4809 elucubravit
824 4743 1141 4804 Antonius
1187 4742 1475 4801 Dadinus
1508 4740 1824 4801 Alteserra
1849 4740 2140 4800 Clementi
2171 4739 2271 4798 ΙΧ
2296 4738 2551 4820 dicavit.
2588 4738 2757 4811 Quid
2783 4748 3105 4816 supererat
3140 4742 3268 4804 nisi
3292 4754 3363 4806 ut
3388 4748 3551 4809 Edi-

285 4848 516 4909 tionem
540 4846 697 4906 hanc
724 4845 1157 4907 universorum
1182 4843 1387 4903 sancti
1408 4839 1704 4918 Gregorii
1739 4857 1989 4918 operum
2014 4841 2435 4914 novissimam,
2468 4841 2737 4899 omnium
2763 4858 2896 4917 qua:
2945 4856 3390 4918 praecesserunt
3439 4850 3549 4911 lo-

284 4949 793 5029 cupletissimum,
845 4959 901 5006 et
935 4954 1235 5025 quantum
1285 4943 1464 5005 licuit
1529 4941 2074 5014 absolutissimum,
2131 4942 2430 5003 Clementi
2484 4942 2603 5014 XI,
2638 4949 3186 5007 consecraremus?
3220 4950 3438 5027 Igitur
3472 4955 3551 5018 ad

283 5060 563 5114 sanctam
588 5049 810 5120 sedem,
845 5046 1010 5107 unde
1039 5046 1329 5107 exierunt
1355 5045 1478 5105 haec
1502 5045 1770 5105 scientiw
1797 5050 1853 5103 et
1879 5043 2199 5122 sapientia:
2217 5043 2507 5122 ﬂumina,
2532 5050 3044 5124 revertantur,ut
3072 5048 3295 5111 iterum
3320 5052 3549 5131 ﬂuant,
3594 5108 3597 5109 ν

286 5167 342 5217 et
376 5156 448 5217 in
481 5153 840 5214 universum
863 5147 1067 5209 orbem
1098 5147 1532 5209 Christianum
1560 5145 2023 5225 diffundantur.

366 5255 455 5316 Et
486 5251 730 5332 quidem
759 5248 903 5311 inde
929 5245 1108 5307 nobis
1135 5246 1377 5325 affulsit
1411 5248 1744 5309 consilium
1773 5243 2178 5323 aggrediendi
2207 5251 2367 5303 tanti
2407 5244 2633 5321 operis,
2673 5251 2725 5303 et
2756 5244 3072 5306 auxilium
3099 5247 3180 5307 ad
3221 5254 3551 5329 perﬁcien-

281 5353 449 5415 dum.
487 5351 640 5413 Cum
673 5349 831 5410 enim
861 5347 1065 5408 sancti
1092 5344 1276 5425 hujus
1305 5344 1587 5405 doctoris
1618 5346 1813 5405 vitam
1845 5344 2290 5421 vulgassemus,
2320 5362 2563 5422 eamque
2612 5344 2813 5422 felicis
2847 5345 3307 5409 recordationis
3353 5354 3550 5413 Inno-

285 5454 487 5517 centio
518 5451 657 5512 XII
696 5449 1111 5527 gratissimam
1152 5446 1344 5524 fuisse
1387 5463 1502 5504 nos
1560 5445 1870 5506 docuisset
1916 5445 2147 5505 litteris
2186 5446 2319 5505 suis
2369 5446 2883 5507 eminentissimus
2940 5447 3282 5511 cardinalis
3338 5453 3553 5530 Spada

288 5556 353 5638 (8
384 5551 621 5633 Aprilis
656 5549 865 5626 1698),
897 5555 953 5607 et
980 5546 1060 5607 ad
1088 5547 1327 5626 majora
1360 5545 1683 5617 tentanda,
1719 5544 2033 5623 impertita
2062 5549 2309 5606 nomine
2334 5546 2555 5605 summi
2604 5544 2925 5624 pontiﬁcis
2977 5548 3323 5623 apostolica
3371 5549 3552 5610 bene-

287 5654 591 5719 dictione.
622 5655 1064 5723 provocasset;
1096 5646 1306 5705 statim
1341 5646 1414 5705 de
1443 5644 1659 5705 divina
1691 5663 1801 5721 ope
1831 5644 2011 5722 quasi
2037 5645 2216 5721 certi,
2239 5645 2319 5705 ad
2336 5644 2720 5724 publicanda
2738 5662 2977 5722 quoque
3006 5648 3186 5707 novis
3224 5648 3414 5721 curis,
3436 5666 3551 5712 na.

282 5761 501 5840 visque
536 5753 702 5833 typis
732 5753 1029 5828 Gregorii
1052 5751 1276 5828 Magni
1306 5767 1494 5829 opera
1521 5768 1635 5809 nos
1670 5747 2082 5810 accinximus.
2114 5748 2299 5823 Quod
2328 5748 2530 5827 igitur
2564 5755 2828 5827 coeptum
2854 5752 2944 5806 est
2986 5749 3240 5826 auspice
3275 5756 3551 5815 anteces-

694 5879 965 5938 Ρλτιιοι..
1002 5874 1171 5936 LXX
1186 5876 1258 5935 Υ.
3083 5870 3116 5930 1
