4118 6448
567 345 630 411 ﬂ
1745 341 2075 412 EPISTULA
2109 342 2662 412 NUNCUPAT'OMA.
3759 351 3828 414 12

564 491 704 535 sore
735 481 866 548 tuo,
901 491 1068 536 nunc
1093 463 1475 544 absolutum,
1504 467 1736 551 tibique
1762 489 1994 533 summa
2021 487 2161 531 eum
2187 473 2379 534 animi
2404 465 2769 533 demissione
2796 468 3066 530 oblatum
3094 469 3376 548 aeeipers
3395 483 3517 529 non
3548 467 3828 546 dedigne-

565 583 673 637 tur
698 578 1015 638 Sanctitas
1050 587 1179 640 tua.
1219 580 1362 640 Etsi
1391 597 1531 639 vero
1566 596 1696 656 pra:
1727 586 1916 637 tanta:
1943 576 2337 638 celsitudinis
2364 577 2699 654 formidine
2727 573 2806 633 ad
2831 577 3121 632 thronum
3176 580 3350 632 tuum
3395 575 3706 645 accedere,
3749 591 3826 634 ac

563 676 794 739 editum
825 699 860 739 a
889 678 1064 739 nobis
1098 679 1472 757 Gregorium
1504 679 1803 755 Magnum
1853 677 2077 756 offerre
2109 675 2592 754 trepidaremus;
2624 673 2729 732 ille
2772 671 3005 731 nostris
3055 688 3083 728 e
3128 668 3407 728 manibus
3453 667 3696 746 elapsus
3759 669 3829 732 in

564 777 770 836 sinum
798 784 971 836 tuum
995 777 1164 838 ultro
1195 776 1529 853 involaret,
1563 775 1763 837 sedem
1792 771 2079 836 videlicet
2105 771 2232 837 sibi
2260 779 2476 835 notam
2519 781 2575 832 et
2614 771 2872 832 amicam
2923 771 3136 848 hospes
3183 769 3712 847 familiarissimus
3773 778 3829 831 et

563 877 980 939 charissimus.

643 977 933 1037 Attamen
957 995 1148 1038 unum
1179 986 1293 1048 est,
1327 975 1496 1055 quod
1522 989 1596 1036 ne
1629 975 1745 1037 tibi
1769 975 1974 1036 minus
2002 967 2249 1053 placeat
2282 969 2352 1038 is
2377 967 2689 1052 Gregorio
2727 967 2964 1050 Magne
2989 969 3328 1049 plurimum
3356 991 3656 1049 veremur,
3685 975 3828 1036 bea-

565 1075 796 1134 tissime
834 1078 1044 1136 Pater.
1076 1075 1328 1152 Diligis,
1363 1083 1431 1134 ut
1469 1069 1772 1145 diximus,
1805 1075 1912 1154 qui
1934 1079 2250 1150 moneant,
2281 1084 2332 1134 et
2356 1071 2682 1135 laudantes
2715 1067 2929 1132 odisti.
2962 1071 3044 1130 Te
3079 1072 3484 1132 nihilominus
3515 1075 3588 1134 ab
3610 1079 3828 1154 (equis-

558 1176 714 1234 simo
743 1177 1038 1254 pontiﬁce
1069 1175 1389 1236 laudatum
1417 1175 1504 1235 iri
1541 1191 1612 1234 ne
1640 1173 1904 1247 dubites,
1955 1175 2066 1254 qui
2115 1173 2388 1252 optimos
2434 1173 2756 1251 episcopos
2788 1172 2872 1250 (τι)
2904 1170 3190 1231 laudibus
3228 1171 3306 1228 ad
3342 1173 3552 1232 calum
3612 1177 3828 1236 tollere

559 1275 905 1334 consuevit.
945 1273 1080 1332 Ah!
1112 1283 1343 1352 quanta
1380 1274 1798 1334 exsultatione
1823 1273 1938 1334 tibi
1967 1274 2358 1350 gratulatur,
2382 1275 2759 1352 quemjuxta
2780 1273 3210 1351 promulgatas
3235 1290 3269 1328 a
3296 1289 3356 1330 se
3383 1271 3538 1348 leges
3567 1275 3628 1333 in
3661 1275 3824 1335 libro

558 1374 804 1449 Regula:
839 1375 1191 1436 Pastoralis
1226 1377 1400 1456 (Reg.
1445 1379 1616 1436 Past.
1657 1379 1723 1436 in
1752 1375 2042 1455 exordio)
2073 1377 2156 1436 ad
2176 1376 2381 1452 sancti
2412 1375 2588 1436 Petri
2613 1375 2964 1434 cathedram
2996 1382 3303 1445 vocatum,
3355 1392 3432 1433 ex
3477 1378 3821 1440 earmndem

555 1476 924 1556 praseripto
949 1479 1170 1550 vivere,
1206 1478 1445 1550 docere,
1477 1494 1706 1554 regere,
1735 1477 1898 1539 hisce
1923 1479 2364 1550 perditissimis
2391 1478 2805 1556 temporibus;
2828 1497 2936 1538 nec
2965 1479 3167 1537 minus
3199 1477 3617 1555 inﬁrmitatem
3653 1499 3826 1544 suam

556 1579 834 1657 quotidie
857 1595 1209 1658 agnoscere,
1237 1595 1388 1658 pene
1419 1580 1906 1640 admirabundus
1943 1581 2286 1658 conspicit!
2319 1583 2514 1653 Quam
2541 1578 2712 1638 lectus
2742 1579 3109 1638 delineatam
3144 1595 3214 1637 in
3240 1579 3371 1637 suis
3417 1585 3528 1652 aut
3569 1582 3824 1660 scriptis

558 1691 671 1743 aut
698 1683 885 1760 gestis
917 1683 1135 1744 eximii
1163 1683 1448 1744 Pastoris
1483 1683 1831 1761 imaginem,
1866 1684 1933 1743 in
1957 1691 2012 1741 te
2044 1682 2311 1760 feliciter
2336 1697 2690 1759 expressam
2716 1680 3042 1756 agnoscit!

635 1785 781 1845 Haec
815 1803 996 1864 quam
1023 1787 1262 1847 invitus
1289 1785 1516 1844 audias
1549 1802 1664 1843 nos
1689 1802 1818 1843 non
1837 1783 2014 1859 latet,
2045 1785 2241 1845 Pater
2275 1785 2690 1855 sanctissime,
2722 1802 2860 1844 cum
2898 1802 3028 1844 non
3068 1782 3242 1845 semel
3287 1793 3355 1842 ut
3387 1803 3422 1843 a
3459 1785 3586 1844 tuis
3615 1785 3824 1848 laudi-

556 1883 663 1945 bus
701 1896 1196 1965 tem‘peraremus,
1226 1887 1646 1966 imperaveris.
1677 1888 1759 1946 At
1794 1897 2002 1961 patere
2046 1895 2115 1945 ut
2143 1889 2532 1965 posteritati,
2587 1898 2654 1948 ut
2714 1889 3053 1948 wternituli
3102 1886 3582 1950 commendemus
3635 1888 3825 1966 (quod

553 1985 874 2063 Ecclesia,
916 1988 1085 2066 quod
1117 2006 1243 2048 sevo
1275 1995 1494 2048 nostro
1529 1996 1696 2048 certe
1727 1988 2279 2071 perhonorificum)
2317 2003 2555 2069 quanta
2587 1991 2703 2052 tibi
2731 2009 2869 2052 cum
2899 1992 3228 2072 Gregorio,
3276 1995 3645 2071 pontiﬁcum
3701 1995 3825 2070 fere

555 2089 828 2148 omnium
855 2090 964 2167 qui
989 2098 1130 2166 post
1166 2091 1419 2150 Petrum
1449 2091 1788 2150 Romanam
1813 2089 2170 2150 cathedram
2191 2089 2623 2165 obtinuerunt,
2655 2093 2953 2162 maximo,
2985 2092 3336 2153 similitudo
3395 2091 3478 2152 sit
3509 2103 3564 2151 et
3607 2109 3824 2152 conve-

552 2193 814 2251 nientta.

630 2292 884 2351 Etenim
911 2293 970 2352 si
993 2293 1232 2354 natales
1259 2293 1663 2371 attendimus,
1695 2309 1888 2372 genus
1918 2291 2172 2370 utrique
2196 2293 2541 2369 patricium
2573 2303 2685 2352 aut
2725 2293 3151 2362 senatorium;
3187 2299 3478 2369 parentes
3521 2292 3822 2369 religione

551 2398 743 2474 magis
763 2413 950 2475 quam
963 2397 1294 2458 nobilitate
1319 2397 1664 2477 conspicui.
1681 2396 1756 2458 Si
1777 2397 1986 2456 studia
2005 2397 2752 2475 queerantur,Gregorius
2773 2407 2983 2456 noster
3005 2419 3031 2450 α
3058 2397 3413 2474 disciplinis
3435 2395 3820 2468 liberalibus,

549 2495 979 2572 grammatica,
1005 2496 1345 2566 rhetorica,
1378 2497 1730 2567 dialectica,
1763 2515 1802 2555 a
1823 2496 2099 2573 pueritia
2127 2497 2220 2558 ita
2245 2504 2329 2556 est
2361 2496 2720 2570 institutus,
2749 2506 2816 2556 ut
2849 2495 3014 2556 nulli
3045 2498 3109 2557 in
3145 2495 3302 2558 Urbe
3332 2495 3470 2570 hac,
3511 2495 3655 2555 licet
3697 2494 3822 2574 flo-

550 2605 758 2656 rerent
786 2596 887 2658 hic
919 2598 1134 2658 studia
1164 2599 1540 2672 litterarum,
1571 2604 1909 2678 putaretur
1934 2597 2242 2657 secundus
2281 2597 2546 2674 (Paulus
2580 2597 2814 2676 Diam).
2850 2620 2877 2653 ι)
2909 2599 2995 2657 Te
3010 2596 3535 2670 vero,beatissime
3562 2598 3822 2670 Pater,a

550 2701 751 2778 prima
781 2708 958 2761 aetate
979 2701 1212 2764 litteris
1240 2701 1714 2763 humanioribus
1754 2699 2002 2761 Latinis
2023 2709 2082 2760 et
2109 2701 2341 2762 Grcecis
2369 2701 2686 2762 excultum
2718 2703 2911 2761 Roma.
2939 2703 3222 2779 suspexit
3268 2701 3545 2761 nondum
3581 2701 3822 2762 duode-

560 2799 678 2860 cim
703 2817 904 2860 annos
933 2811 1173 2873 natum,
1205 2822 1282 2864 ac
1309 2803 1383 2863 de
1411 2805 1629 2882 futura
1659 2801 2010 2864 eruditione
2042 2804 2108 2864 in
2145 2805 2313 2864 omni
2348 2803 2829 2881 disciplinarum
2867 2815 2926 2863 et
2968 2803 3374 2863 scientiarum
3415 2805 3679 2863 maxime
3727 2822 3822 2861 sa-

551 2916 804 2964 crarum
834 2919 1051 2979 genere
1081 2903 1415 2978 augurium
1442 2903 1728 2979 sumpsit.
1767 2903 1960 2982 Cujus
1999 2904 2244 2980 quidem
2295 2905 2591 2980 specimen
2637 2906 2889 2982 fuerunt
2936 2903 3254 2964 nonnulla:
3287 2910 3644 2963 sanctorum
3693 2903 3824 2962 Ρη*

564 3007 730 3060 trum
754 3000 1054 3071 humilia,
1105 3001 1188 3078 (b)
1219 3002 1766 3082 Menologiumque
1808 3012 1982 3062 vetus
2016 3024 2036 3062 :
2065 3022 2199 3083 quoe
2246 3022 2379 3062 cum
2439 3022 2464 3060 e.
2513 3004 2725 3065 Greece
2756 3003 2826 3062 in
2874 3003 3163 3063 Latinum
3217 3003 3640 3068 convertisses.
3691 3000 3821 3062 luce

557 3098 951 3177 dignissima,
975 3101 1353 3160 severiorum
1385 3101 1566 3160 etiam
1593 3115 1918 3162 censorum
1949 3103 2356 3163 xstimatione
2391 3102 2681 3180 judicata
2710 3109 2878 3162 sunt.
2914 3102 3148 3162 Dehine
3177 3101 3448 3162 sodalem
3501 3111 3556 3160 te
3610 3101 3821 3162 habere

553 3199 896 3260 ambierant
928 3202 1008 3276 (c)
1049 3199 1303 3261 celebres
1341 3202 1687 3274 academire,
1713 3213 1766 3263 et
1796 3204 2075 3263 virorum
2108 3203 2502 3263 eruditorum
2533 3213 2745 3264 catus.

625 3297 974 3374 Gregorius
1001 3322 1028 3353 ‹‹
1062 3297 1128 3357 in
1141 3299 1325 3360 annis
1347 3299 1770 3361 adolescentiae
1793 3302 1919 3360 Deo
1953 3303 2135 3380 coepit
2168 3302 2425 3363 devotus
2455 3305 2742 3373 exis/(re,
2769 3313 2824 3362 et
2847 3302 2927 3362 ad
2948 3321 3229 3381 superum
3251 3303 3395 3361 vita
3423 3303 3694 3379 patriam
3727 3309 3818 3360 to-

554 3400 634 3460 tis
665 3398 986 3460 desideriis
1012 3399 1306 3461 anhelare
1341 3401 1610 3476 (Paulus
1641 3401 1915 3478 Diac.).s
1946 3404 2040 3462 Tu
2073 3400 2320 3462 lubrica
2353 3405 2537 3462 etiam
2571 3405 2632 3464 in
2663 3411 2866 3475 estate,
2903 3410 3124 3464 contra
3150 3401 3304 3466 vitia
3325 3419 3552 3461 summa
3583 3415 3821 3460 morum

552 3501 911 3564 innocentia
937 3500 1232 3575 vallatus,
1255 3500 1489 3561 divinis
1517 3501 1696 3561 rebus
1735 3509 1936 3561 totum
1970 3514 2026 3562 te
2047 3503 2258 3562 statim
2290 3501 2624 3563 addixisti.

625 3603 1001 3681 Gregorium
1033 3611 1372 3681 praeturam
1403 3604 1609 3664 Roma
1657 3606 1907 3682 gessisse
1946 3603 2240 3679 legimus;
2268 3621 2389 3681 quo
2423 3602 2491 3661 in
2515 3619 2764 3662 munere
2793 3603 3036 3681 egregia
3063 3601 3431 3680 prudentia,
3461 3601 3822 3680 prol-itatis,

553 3701 966 3778 integritatis,
995 3711 1268 3779 paterna:
1300 3704 1369 3763 in
1391 3701 1664 3780 populos
1713 3703 2073 3778 charitatis,
2111 3703 2495 3781 aliarumque
2548 3705 2853 3763 virtutum
2893 3703 3167 3780 exempla
3215 3703 3451 3763 steteris
3505 3700 3822 3778 iudicibus

550 3803 845 3880 preebuit.
880 3805 964 3862 Te
989 3817 1232 3882 quoque
1255 3813 1585 3882 piatorem
1613 3814 1667 3864 et
1696 3808 2056 3884 prefectum
2088 3813 2444 3866 meruerunt
2475 3803 2642 3863 habet
2662 3823 2690 3864 s
2727 3803 2886 3866 Urbs
2915 3813 3110 3875 vetus,
3166 3805 3372 3871 Reate,
3407 3801 3664 3868 Sabini;
3715 3819 3824 3862 nec

549 3901 673 3961 alio
712 3903 835 3978 fere
867 3918 1052 3980 quam
1083 3901 1481 3963 laudatarum
1503 3906 1808 3964 virtutum
1831 3905 2134 3965 satellitio
2161 3905 2458 3976 cinctum,
2478 3905 2620 3982 plus
2643 3923 2845 3965 amare
2873 3905 3233 3966 didicerunt
3258 3923 3438 3982 quam.
3459 3903 3821 3981 formidare.

631 4000 970 4079 Gregorius
1006 4001 1087 4063 ad
1116 4019 1361 4062 sacrum
1405 4003 1821 4064 nsinisterium
1864 4012 2246 4080 assumptus,
2287 4005 2542 4081 Pelagio
2603 4004 2668 4062 Il
2707 4005 2773 4064 in
2832 4003 3172 4063 scribendis
3221 4002 3507 4079 epistolis
3562 4003 3823 4080 θέσμιον·

509 4133 520 4138 -
553 4099 673 4174 fuit
709 4099 970 4176 (Paulus
1011 4099 1216 4172 Diam,
1253 4099 1362 4160 lib.
1395 4119 1463 4160 ιιι
1497 4101 1570 4160 de
1607 4100 1772 4162 Gest.
1815 4101 2084 4179 Langob.
2139 4121 2192 4162 c.
2233 4104 2364 4181 20).
2420 4105 2518 4162 Tu
2574 4120 2715 4162 vero
2765 4112 2904 4179 post
2963 4100 3434 4160 eminentissimi
3480 4102 3824 4161 cardinalis

549 4197 747 4262 Slusii
773 4197 1032 4270 obitum,
1061 4199 1136 4258 ab
1169 4201 1537 4262 Innocentio
1572 4203 1700 4277 XI,
1739 4202 2161 4279 applaudente
2197 4222 2375 4264 sacro
2409 4215 2651 4274 senatu,
2679 4212 2734 4262 et
2757 4223 2797 4262 ο
2823 4201 3066 4262 duobus
3097 4200 3242 4280 aliis
3268 4203 3374 4277 qui
3405 4210 3460 4259 te
3485 4220 3825 4278 praecesse-

549 4305 701 4358 runt
731 4299 979 4359 summis
999 4300 1430 4380 pontiﬁcibus,
1465 4319 1600 4380 prce
1629 4304 1863 4363 exteris
1899 4315 2030 4363 tum
2055 4304 2337 4382 praelatis
2373 4314 2499 4364 tum
2529 4306 2712 4364 etiam
2745 4302 3170 4364 cardinalibus
3200 4303 3279 4361 ad
3309 4302 3375 4363 id
3409 4307 3680 4365 muneris
3706 4324 3823 4364 vo-

549 4408 754 4472 catus,
785 4399 948 4460 illud
979 4409 1227 4460 strenue
1253 4409 1586 4462 exsecutus
1621 4421 1700 4473 es,
1727 4403 1868 4463 licet
1903 4403 1980 4463 ab
2013 4404 2377 4464 Alexandre
2413 4403 2579 4464 VIII
2601 4403 2667 4460 in
2696 4414 3198 4480 purpuratorum
3218 4413 3468 4478 patrum
3499 4403 3824 4478 collegium

549 4497 849 4568 adtectus,
883 4506 946 4557 ret
966 4497 1094 4558 mu-l
1105 4500 1183 4559 tis
1205 4498 1638 4560 ecclesiasticis
1666 4501 1938 4576 negotiis
1961 4504 2362 4579 prepositus.
2390 4502 2502 4561 vix.
2523 4500 2722 4560 ullum
2743 4500 2824 4559 ad
2845 4499 3237 4561 scribendum
3256 4503 3346 4560 oti
3357 4521 3454 4561 um
3485 4503 3822 4564 invenires.

631 4597 750 4657 His
780 4597 1109 4675 gradibus,
1143 4597 1484 4659 beatissime
1515 4601 1735 4675 Pater,
1753 4599 1839 4660 ad
1871 4603 2141 4678 supremi
2169 4603 2582 4681 pontiﬁcatus
2613 4601 2934 4681 fastigium
2966 4601 3328 4675 ascendisti,
3372 4603 3639 4659 omnium
3679 4607 3822 4681 suf-

549 4698 757 4776 fragio
791 4705 1074 4772 vocatus,
1113 4704 1169 4756 te
1199 4696 1332 4756 solo
1369 4701 1730 4757 reluctante.
1769 4699 2068 4759 Nondum
2092 4699 2419 4760 obductam
2450 4699 2804 4760 cicatricem
2831 4701 3130 4779 refricare
3179 4701 3487 4775 cogimur,
3533 4708 3588 4772 et
3645 4701 3823 4762 dolo-

551 4811 679 4854 rem
707 4813 1043 4865 renovare;
1073 4797 1183 4875 qui
1213 4807 1373 4856 certe
1399 4806 1614 4857 tantus
1645 4799 1794 4876 fuit,
1828 4807 1901 4858 ut
1933 4800 1998 4859 in
2019 4800 2240 4876 febrim
2271 4801 2608 4861 incideris:
2635 4801 2744 4860 sed
2773 4801 2895 4861 hsec
2923 4800 3172 4860 silentio
3207 4802 3525 4878 praterire
3557 4822 3683 4863 non
3732 4805 3821 4865 li-

551 4897 746 4970 cebat,
775 4899 840 4957 in
867 4897 1093 4977 quibus
1127 4899 1503 4976 Gregorium
1533 4901 1841 4976 Magnum
1873 4903 2210 4979 perfectius
2239 4903 2430 4978 refrt-rs
2461 4908 2518 4959 et
2546 4901 2812 4960 exhibes.
2847 4901 3000 4974 Quis
3036 4902 3193 4960 enim
3231 4903 3464 4962 nesciat
3499 4907 3821 4966 sanctissi-

552 5017 717 5061 mum
748 5000 975 5070 virum,
1009 5017 1148 5059 cum
1168 4999 1236 5059 in
1262 4999 1619 5077 pontiﬁcem
1647 5000 1903 5062 electum
1937 5021 1998 5059 se
2024 5000 2458 5070 intellexisset,
2494 5005 2647 5078 luga
2671 4999 2792 5059 sibi
2828 5001 3229 5074 consuluisse,
3263 5022 3332 5063 ac
3357 5005 3740 5082 provection.
3764 5025 3820 5065 m

552 5116 728 5158 suam
762 5097 844 5156 ad
867 5113 1160 5156 summam
1186 5096 1357 5158 illam
1391 5096 1784 5174 dignitatem,
1814 5099 2132 5160 continuis
2160 5099 2454 5176 lacrgmis
2486 5107 2776 5177 tanquam
2806 5099 3240 5176 gr-avissinmm
3277 5121 3505 5171 casum,
3539 5104 3817 5181 quandiu

551 5197 721 5260 vixit
749 5195 1056 5274 deﬂevisse
1074 5195 1103 5253 ?

641 5294 923 5365 Utinam,
959 5293 1343 5353 sanctissime
1374 5294 1586 5361 Pater,
1634 5308 1711 5354 aa
1745 5297 2036 5375 majorem
2079 5296 2177 5356 tui
2218 5298 2631 5374 pontiﬁcatus
2685 5317 2825 5357 cum
2885 5298 3276 5377 Grcgoriano
3322 5303 3819 5376 similitudinem,

556 5416 687 5459 non
717 5397 1070 5476 conferrent
1099 5403 1486 5457 terrtemotus
1519 5397 1771 5476 aliaque
1801 5400 2209 5473 calamitates,
2242 5401 2464 5478 quibus
2497 5403 2748 5461 Romam
2783 5411 3092 5479 totamque
3123 5404 3380 5464 Italiam
3413 5406 3698 5463 attritum
3725 5405 3822 5463 lu-

632 5582 708 5653 (a)
740 5579 1004 5651 Legenda
1032 5581 1275 5650 epistola:
1303 5579 1370 5634 ad
1397 5579 1677 5649 Eulogium
1708 5581 1886 5647 Alex.,
1916 5583 2258 5640 Anastasium
2290 5583 2564 5648 Antioch,
2597 5585 2926 5639 Dominicum
2975 5585 3249 5652 Carthag.,
3285 5583 3583 5641 Leandrum
3626 5584 3820 5656 Hispa-

554 5655 782 5718 lensem,
813 5659 919 5706 etc.

625 5722 703 5794 (b)
732 5722 1007 5794 Laudatur
1033 5719 1318 5794 aliquando
1339 5733 1369 5772 a
1399 5718 1776 5794 Bollandisnis.

629 5722 703 5860 (t2;
732 5722 1007 5776 Laudatur
1033 5722 1318 5789 aliquando
1339 5733 1369 5772 a
1399 5722 1776 5777 Bollandianis.

629 5795 676 5860 (ε
728 5791 1027 5848 Academia:
1055 5789 1122 5846 de
1151 5791 1202 5860 gl
1234 5788 1502 5857 Umoristi,
1529 5789 1745 5862 Reginae
1768 5792 1988 5861 Suecix,
2025 5803 2129 5850 etc.

299 6197 578 6352 Δ
