  <div class='ocr_page' id='page_1' title='image "/cluster/home/n/w/nwhite01/storage/ocr_20150623/75/hvd.32044015469380/014.png"; bbox 0 0 4118 6448; ppageno 0'>
   <div class='ocr_carea' id='block_1_1' title="bbox 302 286 3588 398">
    <p class='ocr_par' dir='ltr' id='par_1_1' title="bbox 302 286 3588 398">
     <span class='ocr_line' id='line_1_1' title="bbox 302 286 3588 398; baseline 0.006 -21"><span class='ocrx_word' id='word_1_1' title='bbox 302 320 371 378; x_wconf 73' lang='lat' dir='ltr'><strong>I5</strong></span> <span class='ocrx_word' id='word_1_2' title='bbox 1474 321 1804 382; x_wconf 77' lang='lat' dir='ltr'><strong><em>EPISTOLA</em></strong></span> <span class='ocrx_word' id='word_1_3' title='bbox 1841 323 2402 386; x_wconf 76' lang='lat' dir='ltr'><strong><em>NUNCUPATORIA.</em></strong></span> <span class='ocrx_word' id='word_1_4' title='bbox 3249 286 3258 291; x_wconf 31' lang='lat'><strong><em>-</em></strong></span> <span class='ocrx_word' id='word_1_5' title='bbox 3517 337 3588 398; x_wconf 74' lang='grc' dir='ltr'>η</span> 
     </span>
    </p>
   </div>
   <div class='ocr_carea' id='block_1_2' title="bbox 307 432 3586 517">
    <p class='ocr_par' dir='ltr' id='par_1_2' title="bbox 307 432 3586 517">
     <span class='ocr_line' id='line_1_2' title="bbox 307 432 3586 517; baseline 0.003 -21"><span class='ocrx_word' id='word_1_6' title='bbox 307 451 544 516; x_wconf 71' lang='lat' dir='ltr'><strong><em>gamus.</em></strong></span> <span class='ocrx_word' id='word_1_7' title='bbox 577 434 663 498; x_wconf 80' lang='lat' dir='ltr'><strong><em>Et</em></strong></span> <span class='ocrx_word' id='word_1_8' title='bbox 696 432 795 495; x_wconf 87' lang='lat' dir='ltr'><strong><em>his</em></strong></span> <span class='ocrx_word' id='word_1_9' title='bbox 828 434 1078 515; x_wconf 82' lang='lat' dir='ltr'><strong><em>quidem</em></strong></span> <span class='ocrx_word' id='word_1_10' title='bbox 1105 433 1334 498; x_wconf 62' lang='lat' dir='ltr'><strong><em>divina?</em></strong></span> <span class='ocrx_word' id='word_1_11' title='bbox 1353 435 1628 514; x_wconf 81' lang='lat' dir='ltr'><strong><em>justitia-</em></strong></span> <span class='ocrx_word' id='word_1_12' title='bbox 1653 434 1920 514; x_wconf 43' lang='lat' dir='ltr'><strong><em>ﬂagellis</em></strong></span> <span class='ocrx_word' id='word_1_13' title='bbox 1955 435 2049 496; x_wconf 86' lang='lat' dir='ltr'><strong><em>ita</em></strong></span> <span class='ocrx_word' id='word_1_14' title='bbox 2101 434 2520 508; x_wconf 63' lang='lat' dir='ltr'><strong><em>saevientibus,</em></strong></span> <span class='ocrx_word' id='word_1_15' title='bbox 2551 437 2892 517; x_wconf 87' lang='lat' dir='ltr'><strong><em>Gregorius</em></strong></span> <span class='ocrx_word' id='word_1_16' title='bbox 2940 438 3090 502; x_wconf 73' lang='lat' dir='ltr'><strong><em>olim</em></strong></span> <span class='ocrx_word' id='word_1_17' title='bbox 3134 442 3586 512; x_wconf 64' lang='lat' dir='ltr'><strong><em>reconciliator</em></strong></span> 
     </span>
    </p>
   </div>
   <div class='ocr_carea' id='block_1_3' title="bbox 301 534 3586 627">
    <p class='ocr_par' dir='ltr' id='par_1_3' title="bbox 301 534 3586 627">
     <span class='ocr_line' id='line_1_3' title="bbox 301 534 3586 627; baseline 0.003 -29"><span class='ocrx_word' id='word_1_18' title='bbox 301 535 621 607; x_wconf 82' lang='lat' dir='ltr'><strong><em>accedens,</em></strong></span> <span class='ocrx_word' id='word_1_19' title='bbox 651 534 957 615; x_wconf 81' lang='lat' dir='ltr'><strong><em>populum</em></strong></span> <span class='ocrx_word' id='word_1_20' title='bbox 1010 535 1090 595; x_wconf 90' lang='lat' dir='ltr'><strong><em>ad</em></strong></span> <span class='ocrx_word' id='word_1_21' title='bbox 1131 536 1558 614; x_wconf 67' lang='lat' dir='ltr'><strong><em>paenitentiam</em></strong></span> <span class='ocrx_word' id='word_1_22' title='bbox 1610 535 1796 612; x_wconf 90' lang='lat' dir='ltr'><strong><em>gravi</em></strong></span> <span class='ocrx_word' id='word_1_23' title='bbox 1851 535 2136 598; x_wconf 89' lang='lat' dir='ltr'><strong><em>aratione</em></strong></span> <span class='ocrx_word' id='word_1_24' title='bbox 2197 535 2530 596; x_wconf 82' lang='lat' dir='ltr'><strong><em>commovit</em></strong></span> <span class='ocrx_word' id='word_1_25' title='bbox 2559 538 2668 614; x_wconf 77' lang='lat' dir='ltr'><strong><em>(In</em></strong></span> <span class='ocrx_word' id='word_1_26' title='bbox 2723 541 2843 619; x_wconf 83' lang='lat' dir='ltr'><strong><em>fine</em></strong></span> <span class='ocrx_word' id='word_1_27' title='bbox 2896 539 3111 604; x_wconf 87' lang='lat' dir='ltr'><strong><em>homil.</em></strong></span> <span class='ocrx_word' id='word_1_28' title='bbox 3176 542 3245 604; x_wconf 79' lang='lat' dir='ltr'><strong><em>in</em></strong></span> <span class='ocrx_word' id='word_1_29' title='bbox 3300 544 3586 627; x_wconf 83' lang='lat' dir='ltr'><strong><em>Evaag.,</em></strong></span> 
     </span>
    </p>
   </div>
   <div class='ocr_carea' id='block_1_4' title="bbox 309 637 3586 718">
    <p class='ocr_par' dir='ltr' id='par_1_4' title="bbox 309 637 3586 718">
     <span class='ocr_line' id='line_1_4' title="bbox 309 637 3586 718; baseline 0.003 -18"><span class='ocrx_word' id='word_1_30' title='bbox 309 650 459 700; x_wconf 62' lang='lat' dir='ltr'><strong><em>tum.</em></strong></span> <span class='ocrx_word' id='word_1_31' title='bbox 489 640 528 699; x_wconf 93' lang='lat' dir='ltr'><strong><em>I</em></strong></span> <span class='ocrx_word' id='word_1_32' title='bbox 553 637 816 714; x_wconf 86' lang='lat' dir='ltr'><strong><em>Gregor.</em></strong></span> <span class='ocrx_word' id='word_1_33' title='bbox 849 638 1149 716; x_wconf 85' lang='lat' dir='ltr'><strong><em>Turon.),</em></strong></span> <span class='ocrx_word' id='word_1_34' title='bbox 1178 658 1309 716; x_wconf 69' lang='lat' dir='ltr'><strong><em>qum</em></strong></span> <span class='ocrx_word' id='word_1_35' title='bbox 1332 639 1492 698; x_wconf 84' lang='lat' dir='ltr'><strong><em>miro</em></strong></span> <span class='ocrx_word' id='word_1_36' title='bbox 1522 638 1754 715; x_wconf 86' lang='lat' dir='ltr'><strong><em>plausu</em></strong></span> <span class='ocrx_word' id='word_1_37' title='bbox 1783 639 1998 699; x_wconf 85' lang='lat' dir='ltr'><strong><em>statim</em></strong></span> <span class='ocrx_word' id='word_1_38' title='bbox 2047 647 2335 716; x_wconf 83' lang='lat' dir='ltr'><strong><em>excepta,</em></strong></span> <span class='ocrx_word' id='word_1_39' title='bbox 2363 655 2477 718; x_wconf 82' lang='lat' dir='ltr'><strong><em>per</em></strong></span> <span class='ocrx_word' id='word_1_40' title='bbox 2521 639 2727 701; x_wconf 90' lang='lat' dir='ltr'><strong><em>orbem</em></strong></span> <span class='ocrx_word' id='word_1_41' title='bbox 2777 643 3070 707; x_wconf 88' lang='lat' dir='ltr'><strong><em>volitavit</em></strong></span> <span class='ocrx_word' id='word_1_42' title='bbox 3113 645 3538 710; x_wconf 80' lang='lat' dir='ltr'><strong><em>Christianum</em></strong></span> <span class='ocrx_word' id='word_1_43' title='bbox 3563 669 3586 718; x_wconf 89' lang='lat'><strong><em>;</em></strong></span> 
     </span>
    </p>
   </div>
   <div class='ocr_carea' id='block_1_5' title="bbox 299 737 3586 823">
    <p class='ocr_par' dir='ltr' id='par_1_5' title="bbox 299 737 3586 823">
     <span class='ocr_line' id='line_1_5' title="bbox 299 737 3586 823; baseline 0.002 -22"><span class='ocrx_word' id='word_1_44' title='bbox 299 759 410 806; x_wconf 86' lang='lat' dir='ltr'><strong><em>nec</em></strong></span> <span class='ocrx_word' id='word_1_45' title='bbox 443 759 578 802; x_wconf 81' lang='lat' dir='ltr'><strong><em>non</em></strong></span> <span class='ocrx_word' id='word_1_46' title='bbox 607 740 925 802; x_wconf 84' lang='lat' dir='ltr'><strong><em>institutis</em></strong></span> <span class='ocrx_word' id='word_1_47' title='bbox 957 739 1233 818; x_wconf 83' lang='lat' dir='ltr'><strong><em>publicis</em></strong></span> <span class='ocrx_word' id='word_1_48' title='bbox 1261 737 1861 817; x_wconf 72' lang='lat' dir='ltr'><strong><em>supplicationibus,</em></strong></span> <span class='ocrx_word' id='word_1_49' title='bbox 1893 740 2020 800; x_wconf 86' lang='lat' dir='ltr'><strong><em>vim</em></strong></span> <span class='ocrx_word' id='word_1_50' title='bbox 2047 741 2184 818; x_wconf 75' lang='lat' dir='ltr'><strong><em>Dea</em></strong></span> <span class='ocrx_word' id='word_1_51' title='bbox 2205 747 2452 818; x_wconf 78' lang='lat' dir='ltr'><strong><em>gratam</em></strong></span> <span class='ocrx_word' id='word_1_52' title='bbox 2479 741 2740 820; x_wconf 87' lang='lat' dir='ltr'><strong><em>faciens.</em></strong></span> <span class='ocrx_word' id='word_1_53' title='bbox 2776 745 3066 823; x_wconf 74' lang='lat' dir='ltr'><strong><em>angelum</em></strong></span> <span class='ocrx_word' id='word_1_54' title='bbox 3102 747 3370 810; x_wconf 81' lang='lat' dir='ltr'><strong><em>ultorem</em></strong></span> <span class='ocrx_word' id='word_1_55' title='bbox 3401 766 3586 810; x_wconf 86' lang='lat' dir='ltr'><strong><em>exar-</em></strong></span> 
     </span>
    </p>
   </div>
   <div class='ocr_carea' id='block_1_6' title="bbox 299 845 3588 928">
    <p class='ocr_par' dir='ltr' id='par_1_6' title="bbox 299 845 3588 928">
     <span class='ocr_line' id='line_1_6' title="bbox 299 845 3588 928; baseline 0.001 -20"><span class='ocrx_word' id='word_1_56' title='bbox 299 850 521 908; x_wconf 89' lang='lat' dir='ltr'><strong><em>mavit.</em></strong></span> <span class='ocrx_word' id='word_1_57' title='bbox 559 851 650 908; x_wconf 86' lang='lat' dir='ltr'><strong><em>Tu</em></strong></span> <span class='ocrx_word' id='word_1_58' title='bbox 686 867 829 908; x_wconf 80' lang='lat' dir='ltr'><strong><em>vero</em></strong></span> <span class='ocrx_word' id='word_1_59' title='bbox 860 866 989 907; x_wconf 91' lang='lat' dir='ltr'><strong><em>non</em></strong></span> <span class='ocrx_word' id='word_1_60' title='bbox 1021 845 1314 907; x_wconf 74' lang='lat' dir='ltr'><strong><em>dissimili</em></strong></span> <span class='ocrx_word' id='word_1_61' title='bbox 1351 853 1596 914; x_wconf 85' lang='lat' dir='ltr'><strong><em>eventu,</em></strong></span> <span class='ocrx_word' id='word_1_62' title='bbox 1635 862 1771 904; x_wconf 86' lang='lat' dir='ltr'><strong><em>cum</em></strong></span> <span class='ocrx_word' id='word_1_63' title='bbox 1825 845 2282 907; x_wconf 80' lang='lat' dir='ltr'><strong><em>terreemotibus</em></strong></span> <span class='ocrx_word' id='word_1_64' title='bbox 2337 854 2631 926; x_wconf 87' lang='lat' dir='ltr'><strong><em>quassata</em></strong></span> <span class='ocrx_word' id='word_1_65' title='bbox 2678 847 2877 908; x_wconf 81' lang='lat' dir='ltr'><strong><em>Roma</em></strong></span> <span class='ocrx_word' id='word_1_66' title='bbox 2911 850 3413 928; x_wconf 71' lang='lat' dir='ltr'><strong><em>periclitaretur,</em></strong></span> <span class='ocrx_word' id='word_1_67' title='bbox 3459 853 3588 914; x_wconf 81' lang='lat' dir='ltr'><strong><em>ele-</em></strong></span> 
     </span>
    </p>
   </div>
   <div class='ocr_carea' id='block_1_7' title="bbox 299 927 3619 1027">
    <p class='ocr_par' dir='ltr' id='par_1_7' title="bbox 299 927 3619 1027">
     <span class='ocr_line' id='line_1_7' title="bbox 299 927 3619 1027; baseline 0.001 -19"><span class='ocrx_word' id='word_1_68' title='bbox 299 951 485 1025; x_wconf 89' lang='lat' dir='ltr'><strong><em>ganti</em></strong></span> <span class='ocrx_word' id='word_1_69' title='bbox 512 966 677 1027; x_wconf 76' lang='lat' dir='ltr'><strong><em>teque</em></strong></span> <span class='ocrx_word' id='word_1_70' title='bbox 707 967 782 1008; x_wconf 91' lang='lat' dir='ltr'><strong><em>ac</em></strong></span> <span class='ocrx_word' id='word_1_71' title='bbox 809 948 1048 1026; x_wconf 79' lang='lat' dir='ltr'><strong><em>efﬁcaci</em></strong></span> <span class='ocrx_word' id='word_1_72' title='bbox 1074 945 1543 1018; x_wconf 83' lang='lat' dir='ltr'><strong><em>adhortatione,</em></strong></span> <span class='ocrx_word' id='word_1_73' title='bbox 1575 945 1641 1005; x_wconf 89' lang='lat' dir='ltr'><strong><em>in</em></strong></span> <span class='ocrx_word' id='word_1_74' title='bbox 1691 962 1893 1005; x_wconf 88' lang='lat' dir='ltr'><strong><em>omnes</em></strong></span> <span class='ocrx_word' id='word_1_75' title='bbox 1932 943 2107 1008; x_wconf 86' lang='lat' dir='ltr'><strong><em>orbis</em></strong></span> <span class='ocrx_word' id='word_1_76' title='bbox 2153 944 2502 1008; x_wconf 71' lang='lat' dir='ltr'><strong><em>Christiani</em></strong></span> <span class='ocrx_word' id='word_1_77' title='bbox 2559 945 2928 1025; x_wconf 79' lang='lat' dir='ltr'><strong><em>provincias</em></strong></span> <span class='ocrx_word' id='word_1_78' title='bbox 2959 967 3111 1011; x_wconf 66' lang='lat' dir='ltr'><strong><em>mox</em></strong></span> <span class='ocrx_word' id='word_1_79' title='bbox 3155 927 3619 1026; x_wconf 51' lang='lat' dir='ltr'><strong><em>disseminata;</em></strong></span> 
     </span>
    </p>
   </div>
   <div class='ocr_carea' id='block_1_8' title="bbox 299 1041 3589 1126">
    <p class='ocr_par' dir='ltr' id='par_1_8' title="bbox 299 1041 3589 1126">
     <span class='ocr_line' id='line_1_8' title="bbox 299 1041 3589 1126; baseline 0.001 -19"><span class='ocrx_word' id='word_1_80' title='bbox 299 1046 680 1126; x_wconf 64' lang='lat' dir='ltr'><strong><em>paenitentia</em></strong></span> <span class='ocrx_word' id='word_1_81' title='bbox 712 1063 902 1124; x_wconf 84' lang='lat' dir='ltr'><strong><em>opera</em></strong></span> <span class='ocrx_word' id='word_1_82' title='bbox 933 1042 1394 1122; x_wconf 82' lang='lat' dir='ltr'><strong><em>trepidantibus</em></strong></span> <span class='ocrx_word' id='word_1_83' title='bbox 1427 1050 1485 1103; x_wconf 88' lang='lat' dir='ltr'><strong><em>et</em></strong></span> <span class='ocrx_word' id='word_1_84' title='bbox 1517 1041 1904 1121; x_wconf 82' lang='lat' dir='ltr'><strong><em>fugientibus</em></strong></span> <span class='ocrx_word' id='word_1_85' title='bbox 1939 1061 1977 1103; x_wconf 87' lang='lat' dir='ltr'><strong><em>a</em></strong></span> <span class='ocrx_word' id='word_1_86' title='bbox 2000 1044 2160 1120; x_wconf 87' lang='lat' dir='ltr'><strong><em>facie</em></strong></span> <span class='ocrx_word' id='word_1_87' title='bbox 2187 1060 2375 1105; x_wconf 85' lang='lat' dir='ltr'><strong><em>arcus</em></strong></span> <span class='ocrx_word' id='word_1_88' title='bbox 2405 1045 2764 1123; x_wconf 82' lang='lat' dir='ltr'><strong><em>imperasti;</em></strong></span> <span class='ocrx_word' id='word_1_89' title='bbox 2791 1065 2864 1106; x_wconf 90' lang='lat' dir='ltr'><strong><em>ac</em></strong></span> <span class='ocrx_word' id='word_1_90' title='bbox 2904 1046 3064 1121; x_wconf 89' lang='lat' dir='ltr'><strong><em>fusis</em></strong></span> <span class='ocrx_word' id='word_1_91' title='bbox 3099 1047 3392 1126; x_wconf 82' lang='lat' dir='ltr'><strong><em>lacrymis</em></strong></span> <span class='ocrx_word' id='word_1_92' title='bbox 3434 1068 3589 1126; x_wconf 87' lang='lat' dir='ltr'><strong><em>pre-</em></strong></span> 
     </span>
    </p>
   </div>
   <div class='ocr_carea' id='block_1_9' title="bbox 301 1145 3586 1228">
    <p class='ocr_par' dir='ltr' id='par_1_9' title="bbox 301 1145 3586 1228">
     <span class='ocr_line' id='line_1_9' title="bbox 301 1145 3586 1228; baseline 0.002 -20"><span class='ocrx_word' id='word_1_93' title='bbox 301 1147 600 1226; x_wconf 81' lang='lat' dir='ltr'><strong><em>cibusque</em></strong></span> <span class='ocrx_word' id='word_1_94' title='bbox 626 1147 795 1207; x_wconf 90' lang='lat' dir='ltr'><strong><em>inter</em></strong></span> <span class='ocrx_word' id='word_1_95' title='bbox 821 1146 1019 1206; x_wconf 85' lang='lat' dir='ltr'><strong><em>Deum</em></strong></span> <span class='ocrx_word' id='word_1_96' title='bbox 1045 1153 1105 1206; x_wconf 93' lang='lat' dir='ltr'><strong><em>et</em></strong></span> <span class='ocrx_word' id='word_1_97' title='bbox 1132 1145 1438 1224; x_wconf 82' lang='lat' dir='ltr'><strong><em>populum</em></strong></span> <span class='ocrx_word' id='word_1_98' title='bbox 1462 1155 1639 1207; x_wconf 88' lang='lat' dir='ltr'><strong><em>stans</em></strong></span> <span class='ocrx_word' id='word_1_99' title='bbox 1667 1145 1843 1207; x_wconf 80' lang='lat' dir='ltr'><strong><em>velut</em></strong></span> <span class='ocrx_word' id='word_1_100' title='bbox 1867 1145 2030 1207; x_wconf 88' lang='lat' dir='ltr'><strong><em>alter</em></strong></span> <span class='ocrx_word' id='word_1_101' title='bbox 2060 1146 2321 1208; x_wconf 87' lang='lat' dir='ltr'><strong><em>Phinees</em></strong></span> <span class='ocrx_word' id='word_1_102' title='bbox 2362 1145 2660 1226; x_wconf 87' lang='lat' dir='ltr'><strong><em>placasti,</em></strong></span> <span class='ocrx_word' id='word_1_103' title='bbox 2689 1157 2745 1207; x_wconf 89' lang='lat' dir='ltr'><strong><em>et</em></strong></span> <span class='ocrx_word' id='word_1_104' title='bbox 2773 1151 3034 1213; x_wconf 75' lang='lat' dir='ltr'><strong><em>cessavit</em></strong></span> <span class='ocrx_word' id='word_1_105' title='bbox 3072 1157 3417 1228; x_wconf 82' lang='lat' dir='ltr'><strong><em>quassatio.</em></strong></span> <span class='ocrx_word' id='word_1_106' title='bbox 3445 1151 3586 1226; x_wconf 82' lang='lat' dir='ltr'><strong><em>Quo</em></strong></span> 
     </span>
    </p>
   </div>
   <div class='ocr_carea' id='block_1_10' title="bbox 301 1245 3589 1328">
    <p class='ocr_par' dir='ltr' id='par_1_10' title="bbox 301 1245 3589 1328">
     <span class='ocr_line' id='line_1_10' title="bbox 301 1245 3589 1328; baseline 0.001 -20"><span class='ocrx_word' id='word_1_107' title='bbox 301 1255 575 1326; x_wconf 83' lang='lat' dir='ltr'><strong><em>tempore</em></strong></span> <span class='ocrx_word' id='word_1_108' title='bbox 600 1245 925 1306; x_wconf 84' lang='lat' dir='ltr'><strong><em>collectam</em></strong></span> <span class='ocrx_word' id='word_1_109' title='bbox 956 1253 1015 1305; x_wconf 89' lang='lat' dir='ltr'><strong><em>et</em></strong></span> <span class='ocrx_word' id='word_1_110' title='bbox 1039 1245 1200 1306; x_wconf 88' lang='lat' dir='ltr'><strong><em>alias</em></strong></span> <span class='ocrx_word' id='word_1_111' title='bbox 1227 1245 1542 1308; x_wconf 86' lang='lat' dir='ltr'><strong><em>orationes</em></strong></span> <span class='ocrx_word' id='word_1_112' title='bbox 1588 1247 1657 1306; x_wconf 89' lang='lat' dir='ltr'><strong><em>in</em></strong></span> <span class='ocrx_word' id='word_1_113' title='bbox 1687 1245 2143 1308; x_wconf 72' lang='lat' dir='ltr'><strong><em>terramotibus</em></strong></span> <span class='ocrx_word' id='word_1_114' title='bbox 2192 1245 2486 1308; x_wconf 84' lang='lat' dir='ltr'><strong><em>dicendas</em></strong></span> <span class='ocrx_word' id='word_1_115' title='bbox 2533 1245 2948 1320; x_wconf 87' lang='lat' dir='ltr'><strong><em>elucubrasti,</em></strong></span> <span class='ocrx_word' id='word_1_116' title='bbox 2984 1248 3210 1328; x_wconf 86' lang='lat' dir='ltr'><strong><em>quibus</em></strong></span> <span class='ocrx_word' id='word_1_117' title='bbox 3258 1249 3589 1312; x_wconf 89' lang='lat' dir='ltr'><strong><em>ditandum</em></strong></span> 
     </span>
    </p>
   </div>
   <div class='ocr_carea' id='block_1_11' title="bbox 299 1342 3586 1422">
    <p class='ocr_par' dir='ltr' id='par_1_11' title="bbox 299 1342 3586 1422">
     <span class='ocr_line' id='line_1_11' title="bbox 299 1342 3586 1422; baseline 0 -13"><span class='ocrx_word' id='word_1_118' title='bbox 299 1365 429 1409; x_wconf 83' lang='lat' dir='ltr'><strong><em>non</em></strong></span> <span class='ocrx_word' id='word_1_119' title='bbox 459 1347 766 1410; x_wconf 82' lang='lat' dir='ltr'><strong><em>immerito</em></strong></span> <span class='ocrx_word' id='word_1_120' title='bbox 803 1345 1154 1406; x_wconf 84' lang='lat' dir='ltr'><strong><em>censuimus</em></strong></span> <span class='ocrx_word' id='word_1_121' title='bbox 1183 1344 1415 1407; x_wconf 77' lang='lat' dir='ltr'><strong><em>librum</em></strong></span> <span class='ocrx_word' id='word_1_122' title='bbox 1441 1344 1991 1406; x_wconf 81' lang='lat' dir='ltr'><strong><em>Sacramentarum</em></strong></span> <span class='ocrx_word' id='word_1_123' title='bbox 2023 1345 2230 1404; x_wconf 88' lang='lat' dir='ltr'><strong><em>sancti</em></strong></span> <span class='ocrx_word' id='word_1_124' title='bbox 2253 1342 2550 1422; x_wconf 86' lang='lat' dir='ltr'><strong><em>Gregorii</em></strong></span> <span class='ocrx_word' id='word_1_125' title='bbox 2584 1343 2788 1406; x_wconf 89' lang='lat' dir='ltr'><strong><em>denuo</em></strong></span> <span class='ocrx_word' id='word_1_126' title='bbox 2817 1363 2857 1404; x_wconf 92' lang='lat' dir='ltr'><strong><em>a</em></strong></span> <span class='ocrx_word' id='word_1_127' title='bbox 2902 1345 3084 1407; x_wconf 89' lang='lat' dir='ltr'><strong><em>nobis</em></strong></span> <span class='ocrx_word' id='word_1_128' title='bbox 3114 1347 3348 1409; x_wconf 87' lang='lat' dir='ltr'><strong><em>editum</em></strong></span> <span class='ocrx_word' id='word_1_129' title='bbox 3380 1349 3586 1422; x_wconf 82' lang='lat' dir='ltr'><strong><em>(Tom.</em></strong></span> 
     </span>
    </p>
   </div>
   <div class='ocr_carea' id='block_1_12' title="bbox 299 1444 3588 1531">
    <p class='ocr_par' dir='ltr' id='par_1_12' title="bbox 299 1444 3588 1531">
     <span class='ocr_line' id='line_1_12' title="bbox 299 1444 3588 1531; baseline -0.001 -21"><span class='ocrx_word' id='word_1_130' title='bbox 299 1449 480 1531; x_wconf 83' lang='lat' dir='ltr'><strong><em>III);</em></strong></span> <span class='ocrx_word' id='word_1_131' title='bbox 514 1457 583 1510; x_wconf 85' lang='lat' dir='ltr'><strong><em>ut</em></strong></span> <span class='ocrx_word' id='word_1_132' title='bbox 623 1451 688 1510; x_wconf 86' lang='lat' dir='ltr'><strong><em>in</em></strong></span> <span class='ocrx_word' id='word_1_133' title='bbox 719 1447 837 1509; x_wconf 86' lang='lat' dir='ltr'><strong><em>hoc</em></strong></span> <span class='ocrx_word' id='word_1_134' title='bbox 869 1447 1050 1509; x_wconf 88' lang='lat' dir='ltr'><strong><em>etiam</em></strong></span> <span class='ocrx_word' id='word_1_135' title='bbox 1077 1445 1222 1523; x_wconf 90' lang='lat' dir='ltr'><strong><em>tibi,</em></strong></span> <span class='ocrx_word' id='word_1_136' title='bbox 1249 1448 1636 1509; x_wconf 81' lang='lat' dir='ltr'><strong><em>sanctissime</em></strong></span> <span class='ocrx_word' id='word_1_137' title='bbox 1660 1447 1982 1526; x_wconf 84' lang='lat' dir='ltr'><strong><em>pontifex,</em></strong></span> <span class='ocrx_word' id='word_1_138' title='bbox 2010 1462 2148 1507; x_wconf 88' lang='lat' dir='ltr'><strong><em>cum</em></strong></span> <span class='ocrx_word' id='word_1_139' title='bbox 2174 1444 2476 1524; x_wconf 85' lang='lat' dir='ltr'><strong><em>Gregorio</em></strong></span> <span class='ocrx_word' id='word_1_140' title='bbox 2507 1446 2858 1518; x_wconf 84' lang='lat' dir='ltr'><strong><em>conveniat,</em></strong></span> <span class='ocrx_word' id='word_1_141' title='bbox 2901 1444 3072 1526; x_wconf 90' lang='lat' dir='ltr'><strong><em>quod</em></strong></span> <span class='ocrx_word' id='word_1_142' title='bbox 3117 1447 3370 1526; x_wconf 85' lang='lat' dir='ltr'><strong><em>utrique</em></strong></span> <span class='ocrx_word' id='word_1_143' title='bbox 3413 1463 3588 1531; x_wconf 82' lang='lat' dir='ltr'><strong><em>sacer</em></strong></span> 
     </span>
    </p>
   </div>
   <div class='ocr_carea' id='block_1_13' title="bbox 297 1527 3483 1613">
    <p class='ocr_par' dir='ltr' id='par_1_13' title="bbox 297 1527 3483 1613">
     <span class='ocr_line' id='line_1_13' title="bbox 297 1527 3483 1613; baseline -0.001 -3"><span class='ocrx_word' id='word_1_144' title='bbox 297 1527 648 1613; x_wconf 26' lang='lat' dir='ltr'><strong><em>ille‘Codex</em></strong></span> <span class='ocrx_word' id='word_1_145' title='bbox 677 1567 860 1610; x_wconf 85' lang='lat' dir='ltr'><strong><em>suum</em></strong></span> <span class='ocrx_word' id='word_1_146' title='bbox 881 1548 1094 1610; x_wconf 85' lang='lat' dir='ltr'><strong><em>debeat</em></strong></span> <span class='ocrx_word' id='word_1_147' title='bbox 1122 1551 1590 1612; x_wconf 81' lang='lat' dir='ltr'><strong><em>incrementum.</em></strong></span> <span class='ocrx_word' id='word_1_148' title='bbox 3472 1527 3483 1540; x_wconf 69' lang='grc'><em>’</em></span> 
     </span>
    </p>
   </div>
   <div class='ocr_carea' id='block_1_14' title="bbox 385 1640 3590 1732">
    <p class='ocr_par' dir='ltr' id='par_1_14' title="bbox 385 1640 3590 1732">
     <span class='ocr_line' id='line_1_14' title="bbox 385 1640 3590 1732; baseline 0.003 -23"><span class='ocrx_word' id='word_1_149' title='bbox 385 1647 908 1727; x_wconf 80' lang='lat' dir='ltr'><strong><em>Quandoquidem</em></strong></span> <span class='ocrx_word' id='word_1_150' title='bbox 935 1649 1227 1728; x_wconf 78' lang='lat' dir='ltr'><strong><em>coepimus</em></strong></span> <span class='ocrx_word' id='word_1_151' title='bbox 1254 1647 1327 1710; x_wconf 84' lang='lat' dir='ltr'><strong><em>de</em></strong></span> <span class='ocrx_word' id='word_1_152' title='bbox 1359 1667 1426 1708; x_wconf 87' lang='lat' dir='ltr'><strong><em>re</em></strong></span> <span class='ocrx_word' id='word_1_153' title='bbox 1450 1665 1628 1710; x_wconf 80' lang='lat' dir='ltr'><strong><em>sacra</em></strong></span> <span class='ocrx_word' id='word_1_154' title='bbox 1660 1647 1858 1728; x_wconf 89' lang='lat' dir='ltr'><strong><em>loqui,</em></strong></span> <span class='ocrx_word' id='word_1_155' title='bbox 1896 1663 2372 1710; x_wconf 87' lang='lat' dir='ltr'><strong><em>commemorare</em></strong></span> <span class='ocrx_word' id='word_1_156' title='bbox 2421 1645 2604 1709; x_wconf 87' lang='lat' dir='ltr'><strong><em>liceat</em></strong></span> <span class='ocrx_word' id='word_1_157' title='bbox 2648 1640 2937 1710; x_wconf 84' lang='lat' dir='ltr'><strong><em>homilias</em></strong></span> <span class='ocrx_word' id='word_1_158' title='bbox 2984 1647 3128 1712; x_wconf 91' lang='lat' dir='ltr'><strong><em>illas</em></strong></span> <span class='ocrx_word' id='word_1_159' title='bbox 3177 1649 3590 1732; x_wconf 87' lang='lat' dir='ltr'><strong><em>Gregorianis</em></strong></span> 
     </span>
    </p>
   </div>
   <div class='ocr_carea' id='block_1_15' title="bbox 301 1747 3590 1836">
    <p class='ocr_par' dir='ltr' id='par_1_15' title="bbox 301 1747 3590 1836">
     <span class='ocr_line' id='line_1_15' title="bbox 301 1747 3590 1836; baseline 0.002 -27"><span class='ocrx_word' id='word_1_160' title='bbox 301 1751 445 1826; x_wconf 76' lang='lat' dir='ltr'><strong><em>iure</em></strong></span> <span class='ocrx_word' id='word_1_161' title='bbox 474 1749 872 1810; x_wconf 86' lang='lat' dir='ltr'><strong><em>meritissimo</em></strong></span> <span class='ocrx_word' id='word_1_162' title='bbox 905 1750 1405 1830; x_wconf 72' lang='lat' dir='ltr'><strong><em>aquiparandas,</em></strong></span> <span class='ocrx_word' id='word_1_163' title='bbox 1440 1767 1595 1830; x_wconf 85' lang='lat' dir='ltr'><strong><em>quas</em></strong></span> <span class='ocrx_word' id='word_1_164' title='bbox 1626 1749 1793 1812; x_wconf 89' lang='lat' dir='ltr'><strong><em>inter</em></strong></span> <span class='ocrx_word' id='word_1_165' title='bbox 1818 1749 2152 1810; x_wconf 88' lang='lat' dir='ltr'><strong><em>missarum</em></strong></span> <span class='ocrx_word' id='word_1_166' title='bbox 2174 1747 2473 1810; x_wconf 86' lang='lat' dir='ltr'><strong><em>solemnia</em></strong></span> <span class='ocrx_word' id='word_1_167' title='bbox 2495 1748 2625 1825; x_wconf 76' lang='lat' dir='ltr'><strong><em>iam</em></strong></span> <span class='ocrx_word' id='word_1_168' title='bbox 2640 1749 2947 1828; x_wconf 90' lang='lat' dir='ltr'><strong><em>plurimas</em></strong></span> <span class='ocrx_word' id='word_1_169' title='bbox 2973 1748 3250 1816; x_wconf 84' lang='lat' dir='ltr'><strong><em>habuisti</em></strong></span> <span class='ocrx_word' id='word_1_170' title='bbox 3279 1753 3361 1816; x_wconf 90' lang='lat' dir='ltr'><strong><em>ad</em></strong></span> <span class='ocrx_word' id='word_1_171' title='bbox 3383 1773 3590 1836; x_wconf 88' lang='lat' dir='ltr'><strong><em>popu-</em></strong></span> 
     </span>
    </p>
   </div>
   <div class='ocr_carea' id='block_1_16' title="bbox 301 1851 3589 1933">
    <p class='ocr_par' dir='ltr' id='par_1_16' title="bbox 301 1851 3589 1933">
     <span class='ocr_line' id='line_1_16' title="bbox 301 1851 3589 1933; baseline 0.002 -19"><span class='ocrx_word' id='word_1_172' title='bbox 301 1851 456 1914; x_wconf 87' lang='lat' dir='ltr'><strong><em>lum.</em></strong></span> <span class='ocrx_word' id='word_1_173' title='bbox 487 1853 570 1914; x_wconf 85' lang='lat' dir='ltr'><strong><em>ln</em></strong></span> <span class='ocrx_word' id='word_1_174' title='bbox 603 1852 700 1915; x_wconf 89' lang='lat' dir='ltr'><strong><em>his</em></strong></span> <span class='ocrx_word' id='word_1_175' title='bbox 724 1853 884 1917; x_wconf 88' lang='lat' dir='ltr'><strong><em>nihil</em></strong></span> <span class='ocrx_word' id='word_1_176' title='bbox 913 1856 1194 1933; x_wconf 86' lang='lat' dir='ltr'><strong><em>fucatam</em></strong></span> <span class='ocrx_word' id='word_1_177' title='bbox 1218 1854 1454 1916; x_wconf 90' lang='lat' dir='ltr'><strong><em>redolet</em></strong></span> <span class='ocrx_word' id='word_1_178' title='bbox 1489 1853 1942 1932; x_wconf 83' lang='lat' dir='ltr'><strong><em>eloquentiam:</em></strong></span> <span class='ocrx_word' id='word_1_179' title='bbox 1973 1853 2194 1915; x_wconf 90' lang='lat' dir='ltr'><strong><em>Sermo</em></strong></span> <span class='ocrx_word' id='word_1_180' title='bbox 2233 1851 2411 1913; x_wconf 84' lang='lat' dir='ltr'><strong><em>vivus</em></strong></span> <span class='ocrx_word' id='word_1_181' title='bbox 2441 1859 2498 1912; x_wconf 91' lang='lat' dir='ltr'><strong><em>et</em></strong></span> <span class='ocrx_word' id='word_1_182' title='bbox 2522 1854 2784 1933; x_wconf 79' lang='lat' dir='ltr'><strong><em>efﬁcax;</em></strong></span> <span class='ocrx_word' id='word_1_183' title='bbox 2844 1854 3078 1932; x_wconf 84' lang='lat' dir='ltr'><strong><em>quippe</em></strong></span> <span class='ocrx_word' id='word_1_184' title='bbox 3117 1861 3296 1916; x_wconf 85' lang='lat' dir='ltr'><strong><em>totus</em></strong></span> <span class='ocrx_word' id='word_1_185' title='bbox 3353 1875 3432 1918; x_wconf 73' lang='lat' dir='ltr'><strong><em>ex</em></strong></span> <span class='ocrx_word' id='word_1_186' title='bbox 3469 1859 3589 1925; x_wconf 86' lang='lat' dir='ltr'><strong><em>Dei</em></strong></span> 
     </span>
    </p>
   </div>
   <div class='ocr_carea' id='block_1_17' title="bbox 301 1953 3592 2034">
    <p class='ocr_par' dir='ltr' id='par_1_17' title="bbox 301 1953 3592 2034">
     <span class='ocr_line' id='line_1_17' title="bbox 301 1953 3592 2034; baseline 0.002 -19"><span class='ocrx_word' id='word_1_187' title='bbox 301 1954 492 2016; x_wconf 80' lang='lat' dir='ltr'><strong><em>verba</em></strong></span> <span class='ocrx_word' id='word_1_188' title='bbox 517 1963 574 2016; x_wconf 91' lang='lat' dir='ltr'><strong><em>et</em></strong></span> <span class='ocrx_word' id='word_1_189' title='bbox 603 1973 796 2016; x_wconf 73' lang='lat' dir='ltr'><strong><em>sacres</em></strong></span> <span class='ocrx_word' id='word_1_190' title='bbox 819 1957 1172 2034; x_wconf 78' lang='lat' dir='ltr'><strong><em>Scriptum</em></strong></span> <span class='ocrx_word' id='word_1_191' title='bbox 1219 1957 1544 2019; x_wconf 79' lang='lat' dir='ltr'><strong><em>sententiis</em></strong></span> <span class='ocrx_word' id='word_1_192' title='bbox 1600 1962 1965 2032; x_wconf 73' lang='lat' dir='ltr'><strong><em>contextus,</em></strong></span> <span class='ocrx_word' id='word_1_193' title='bbox 1999 1973 2212 2034; x_wconf 89' lang='lat' dir='ltr'><strong><em>quam,</em></strong></span> <span class='ocrx_word' id='word_1_194' title='bbox 2251 1953 2325 2015; x_wconf 94' lang='lat' dir='ltr'><strong><em>ob</em></strong></span> <span class='ocrx_word' id='word_1_195' title='bbox 2354 1955 2670 2017; x_wconf 88' lang='lat' dir='ltr'><strong><em>assiduam</em></strong></span> <span class='ocrx_word' id='word_1_196' title='bbox 2722 1958 2846 2029; x_wconf 87' lang='lat' dir='ltr'><strong><em>ejus</em></strong></span> <span class='ocrx_word' id='word_1_197' title='bbox 2891 1957 3380 2032; x_wconf 88' lang='lat' dir='ltr'><strong><em>meditationem,</em></strong></span> <span class='ocrx_word' id='word_1_198' title='bbox 3429 1961 3592 2023; x_wconf 87' lang='lat' dir='ltr'><strong><em>mira</em></strong></span> 
     </span>
    </p>
   </div>
   <div class='ocr_carea' id='block_1_18' title="bbox 302 2057 3591 2141">
    <p class='ocr_par' dir='ltr' id='par_1_18' title="bbox 302 2057 3591 2141">
     <span class='ocr_line' id='line_1_18' title="bbox 302 2057 3591 2141; baseline 0.001 -21"><span class='ocrx_word' id='word_1_199' title='bbox 302 2059 613 2141; x_wconf 81' lang='lat' dir='ltr'><strong><em>facilitate</em></strong></span> <span class='ocrx_word' id='word_1_200' title='bbox 638 2061 718 2122; x_wconf 84' lang='lat' dir='ltr'><strong><em>ad</em></strong></span> <span class='ocrx_word' id='word_1_201' title='bbox 747 2060 1069 2140; x_wconf 86' lang='lat' dir='ltr'><strong><em>quodlibet</em></strong></span> <span class='ocrx_word' id='word_1_202' title='bbox 1100 2069 1533 2139; x_wconf 83' lang='lat' dir='ltr'><strong><em>argumentum</em></strong></span> <span class='ocrx_word' id='word_1_203' title='bbox 1564 2057 2086 2138; x_wconf 89' lang='lat' dir='ltr'><strong><em>pertractandum</em></strong></span> <span class='ocrx_word' id='word_1_204' title='bbox 2118 2058 2408 2135; x_wconf 88' lang='lat' dir='ltr'><strong><em>adducis,</em></strong></span> <span class='ocrx_word' id='word_1_205' title='bbox 2449 2077 2578 2121; x_wconf 88' lang='lat' dir='ltr'><strong><em>non</em></strong></span> <span class='ocrx_word' id='word_1_206' title='bbox 2606 2061 2868 2123; x_wconf 83' lang='lat' dir='ltr'><strong><em>invitam</em></strong></span> <span class='ocrx_word' id='word_1_207' title='bbox 2906 2062 3126 2123; x_wconf 86' lang='lat' dir='ltr'><strong><em>trahis.</em></strong></span> <span class='ocrx_word' id='word_1_208' title='bbox 3165 2062 3450 2137; x_wconf 81' lang='lat' dir='ltr'><strong><em>Quantus</em></strong></span> <span class='ocrx_word' id='word_1_209' title='bbox 3502 2070 3591 2124; x_wconf 90' lang='lat' dir='ltr'><strong><em>est</em></strong></span> 
     </span>
    </p>
   </div>
   <div class='ocr_carea' id='block_1_19' title="bbox 301 2145 3592 2240">
    <p class='ocr_par' dir='ltr' id='par_1_19' title="bbox 301 2145 3592 2240">
     <span class='ocr_line' id='line_1_19' title="bbox 301 2145 3592 2240; baseline 0.001 -20"><span class='ocrx_word' id='word_1_210' title='bbox 301 2160 538 2240; x_wconf 84' lang='lat' dir='ltr'><strong><em>populi</em></strong></span> <span class='ocrx_word' id='word_1_211' title='bbox 569 2145 835 2222; x_wconf 76' lang='lat' dir='ltr'><strong><em>Romani</em></strong></span> <span class='ocrx_word' id='word_1_212' title='bbox 864 2163 1150 2240; x_wconf 87' lang='lat' dir='ltr'><strong><em>plausus,</em></strong></span> <span class='ocrx_word' id='word_1_213' title='bbox 1184 2161 1433 2240; x_wconf 84' lang='lat' dir='ltr'><strong><em>quando</em></strong></span> <span class='ocrx_word' id='word_1_214' title='bbox 1470 2171 1526 2220; x_wconf 91' lang='lat' dir='ltr'><strong><em>te</em></strong></span> <span class='ocrx_word' id='word_1_215' title='bbox 1560 2176 1738 2220; x_wconf 89' lang='lat' dir='ltr'><strong><em>sacro</em></strong></span> <span class='ocrx_word' id='word_1_216' title='bbox 1770 2179 1797 2218; x_wconf 94' lang='lat' dir='ltr'><strong><em>e</em></strong></span> <span class='ocrx_word' id='word_1_217' title='bbox 1827 2165 2126 2237; x_wconf 87' lang='lat' dir='ltr'><strong><em>suggestu</em></strong></span> <span class='ocrx_word' id='word_1_218' title='bbox 2155 2158 2415 2219; x_wconf 89' lang='lat' dir='ltr'><strong><em>oracula</em></strong></span> <span class='ocrx_word' id='word_1_219' title='bbox 2445 2158 2806 2234; x_wconf 83' lang='lat' dir='ltr'><strong><em>fundentem</em></strong></span> <span class='ocrx_word' id='word_1_220' title='bbox 2833 2160 3013 2221; x_wconf 87' lang='lat' dir='ltr'><strong><em>avide</em></strong></span> <span class='ocrx_word' id='word_1_221' title='bbox 3035 2161 3254 2231; x_wconf 84' lang='lat' dir='ltr'><strong><em>audit;</em></strong></span> <span class='ocrx_word' id='word_1_222' title='bbox 3302 2161 3592 2224; x_wconf 83' lang='lat' dir='ltr'><strong><em>recorda-</em></strong></span> 
     </span>
    </p>
   </div>
   <div class='ocr_carea' id='block_1_20' title="bbox 311 2261 3591 2343">
    <p class='ocr_par' dir='ltr' id='par_1_20' title="bbox 311 2261 3591 2343">
     <span class='ocr_line' id='line_1_20' title="bbox 311 2261 3591 2343; baseline 0.002 -23"><span class='ocrx_word' id='word_1_223' title='bbox 311 2269 536 2341; x_wconf 87' lang='lat' dir='ltr'><strong><em>turque</em></strong></span> <span class='ocrx_word' id='word_1_224' title='bbox 572 2263 792 2325; x_wconf 84' lang='lat' dir='ltr'><strong><em>Leonis</em></strong></span> <span class='ocrx_word' id='word_1_225' title='bbox 816 2265 1044 2343; x_wconf 82' lang='lat' dir='ltr'><strong><em>Magni</em></strong></span> <span class='ocrx_word' id='word_1_226' title='bbox 1072 2270 1127 2323; x_wconf 88' lang='lat' dir='ltr'><strong><em>et</em></strong></span> <span class='ocrx_word' id='word_1_227' title='bbox 1159 2261 1456 2341; x_wconf 85' lang='lat' dir='ltr'><strong><em>Gregorii</em></strong></span> <span class='ocrx_word' id='word_1_228' title='bbox 1481 2262 1779 2339; x_wconf 84' lang='lat' dir='ltr'><strong><em>Majoris,</em></strong></span> <span class='ocrx_word' id='word_1_229' title='bbox 1809 2261 1920 2340; x_wconf 89' lang='lat' dir='ltr'><strong><em>qui</em></strong></span> <span class='ocrx_word' id='word_1_230' title='bbox 1946 2261 2247 2322; x_wconf 82' lang='lat' dir='ltr'><strong><em>Romanis</em></strong></span> <span class='ocrx_word' id='word_1_231' title='bbox 2279 2278 2358 2320; x_wconf 83' lang='lat' dir='ltr'><strong><em>ex</em></strong></span> <span class='ocrx_word' id='word_1_232' title='bbox 2377 2261 2788 2339; x_wconf 83' lang='lat' dir='ltr'><strong><em>pontiﬁcibus</em></strong></span> <span class='ocrx_word' id='word_1_233' title='bbox 2813 2280 2969 2340; x_wconf 83' lang='lat' dir='ltr'><strong><em>pene</em></strong></span> <span class='ocrx_word' id='word_1_234' title='bbox 3013 2263 3136 2325; x_wconf 90' lang='lat' dir='ltr'><strong><em>soli</em></strong></span> <span class='ocrx_word' id='word_1_235' title='bbox 3175 2271 3320 2327; x_wconf 80' lang='lat' dir='ltr'><strong><em>ante</em></strong></span> <span class='ocrx_word' id='word_1_236' title='bbox 3365 2270 3424 2324; x_wconf 90' lang='lat' dir='ltr'><strong><em>te</em></strong></span> <span class='ocrx_word' id='word_1_237' title='bbox 3475 2264 3591 2327; x_wconf 90' lang='lat' dir='ltr'><strong><em>hoc</em></strong></span> 
     </span>
    </p>
   </div>
   <div class='ocr_carea' id='block_1_21' title="bbox 299 2358 3593 2444">
    <p class='ocr_par' dir='ltr' id='par_1_21' title="bbox 299 2358 3593 2444">
     <span class='ocr_line' id='line_1_21' title="bbox 299 2358 3593 2444; baseline 0.001 -22"><span class='ocrx_word' id='word_1_238' title='bbox 299 2364 610 2442; x_wconf 83' lang='lat' dir='ltr'><strong><em>pastorali</em></strong></span> <span class='ocrx_word' id='word_1_239' title='bbox 644 2365 851 2443; x_wconf 84' lang='lat' dir='ltr'><strong><em>officio</em></strong></span> <span class='ocrx_word' id='word_1_240' title='bbox 886 2365 1096 2444; x_wconf 85' lang='lat' dir='ltr'><strong><em>functi</em></strong></span> <span class='ocrx_word' id='word_1_241' title='bbox 1129 2373 1319 2425; x_wconf 89' lang='lat' dir='ltr'><strong><em>sunt:</em></strong></span> <span class='ocrx_word' id='word_1_242' title='bbox 1352 2362 1426 2424; x_wconf 88' lang='lat' dir='ltr'><strong><em>ob</em></strong></span> <span class='ocrx_word' id='word_1_243' title='bbox 1472 2358 2025 2442; x_wconf 84' lang='lat' dir='ltr'><strong><em>inﬁnita&#39;scilicet</em></strong></span> <span class='ocrx_word' id='word_1_244' title='bbox 2077 2358 2299 2438; x_wconf 84' lang='lat' dir='ltr'><strong><em>quibus</em></strong></span> <span class='ocrx_word' id='word_1_245' title='bbox 2354 2359 2816 2422; x_wconf 88' lang='lat' dir='ltr'><strong><em>distinebantur</em></strong></span> <span class='ocrx_word' id='word_1_246' title='bbox 2863 2371 3139 2439; x_wconf 81' lang='lat' dir='ltr'><strong><em>negotia.</em></strong></span> <span class='ocrx_word' id='word_1_247' title='bbox 3184 2363 3593 2441; x_wconf 87' lang='lat' dir='ltr'><strong><em>Earumdem,</em></strong></span> 
     </span>
    </p>
   </div>
   <div class='ocr_carea' id='block_1_22' title="bbox 298 2457 3592 2543">
    <p class='ocr_par' dir='ltr' id='par_1_22' title="bbox 298 2457 3592 2543">
     <span class='ocr_line' id='line_1_22' title="bbox 298 2457 3592 2543; baseline 0.001 -22"><span class='ocrx_word' id='word_1_248' title='bbox 298 2459 419 2522; x_wconf 88' lang='lat' dir='ltr'><strong><em>imo</em></strong></span> <span class='ocrx_word' id='word_1_249' title='bbox 450 2463 762 2543; x_wconf 85' lang='lat' dir='ltr'><strong><em>majorum</em></strong></span> <span class='ocrx_word' id='word_1_250' title='bbox 790 2482 1086 2526; x_wconf 89' lang='lat' dir='ltr'><strong><em>curarum</em></strong></span> <span class='ocrx_word' id='word_1_251' title='bbox 1113 2465 1384 2525; x_wconf 86' lang='lat' dir='ltr'><strong><em>sustinet</em></strong></span> <span class='ocrx_word' id='word_1_252' title='bbox 1415 2463 1639 2525; x_wconf 90' lang='lat' dir='ltr'><strong><em>molem</em></strong></span> <span class='ocrx_word' id='word_1_253' title='bbox 1668 2461 1994 2523; x_wconf 83' lang='lat' dir='ltr'><strong><em>Sanctitas</em></strong></span> <span class='ocrx_word' id='word_1_254' title='bbox 2026 2469 2167 2529; x_wconf 90' lang='lat' dir='ltr'><strong><em>tua;</em></strong></span> <span class='ocrx_word' id='word_1_255' title='bbox 2199 2465 2342 2519; x_wconf 78' lang='lat' dir='ltr'><strong><em>tota</em></strong></span> <span class='ocrx_word' id='word_1_256' title='bbox 2384 2461 2511 2537; x_wconf 90' lang='lat' dir='ltr'><strong><em>fere</em></strong></span> <span class='ocrx_word' id='word_1_257' title='bbox 2559 2459 2782 2534; x_wconf 84' lang='lat' dir='ltr'><strong><em>Italia,</em></strong></span> <span class='ocrx_word' id='word_1_258' title='bbox 2825 2457 2972 2519; x_wconf 89' lang='lat' dir='ltr'><strong><em>orbe</em></strong></span> <span class='ocrx_word' id='word_1_259' title='bbox 3005 2459 3358 2523; x_wconf 89' lang='lat' dir='ltr'><strong><em>Christiano</em></strong></span> <span class='ocrx_word' id='word_1_260' title='bbox 3393 2479 3592 2543; x_wconf 80' lang='lat' dir='ltr'><strong><em>prope</em></strong></span> 
     </span>
    </p>
   </div>
   <div class='ocr_carea' id='block_1_23' title="bbox 298 2561 3590 2646">
    <p class='ocr_par' dir='ltr' id='par_1_23' title="bbox 298 2561 3590 2646">
     <span class='ocr_line' id='line_1_23' title="bbox 298 2561 3590 2646; baseline 0.001 -22"><span class='ocrx_word' id='word_1_261' title='bbox 298 2565 592 2626; x_wconf 82' lang='lat' dir='ltr'><strong><em>universo</em></strong></span> <span class='ocrx_word' id='word_1_262' title='bbox 624 2565 800 2628; x_wconf 89' lang='lat' dir='ltr'><strong><em>bellis</em></strong></span> <span class='ocrx_word' id='word_1_263' title='bbox 835 2576 890 2628; x_wconf 91' lang='lat' dir='ltr'><strong><em>et</em></strong></span> <span class='ocrx_word' id='word_1_264' title='bbox 915 2568 1081 2628; x_wconf 89' lang='lat' dir='ltr'><strong><em>odiis</em></strong></span> <span class='ocrx_word' id='word_1_265' title='bbox 1124 2568 1580 2646; x_wconf 88' lang='lat' dir='ltr'><strong><em>conflagrante,</em></strong></span> <span class='ocrx_word' id='word_1_266' title='bbox 1613 2583 1745 2644; x_wconf 68' lang='lat' dir='ltr'><strong><em>qua:</em></strong></span> <span class='ocrx_word' id='word_1_267' title='bbox 1775 2562 2071 2625; x_wconf 88' lang='lat' dir='ltr'><strong><em>incendia</em></strong></span> <span class='ocrx_word' id='word_1_268' title='bbox 2117 2564 2507 2639; x_wconf 73' lang='lat' dir='ltr'><strong><em>restinguere</em></strong></span> <span class='ocrx_word' id='word_1_269' title='bbox 2568 2561 2905 2636; x_wconf 89' lang='lat' dir='ltr'><strong><em>sollicitus,</em></strong></span> <span class='ocrx_word' id='word_1_270' title='bbox 2955 2563 3231 2624; x_wconf 89' lang='lat' dir='ltr'><strong><em>animum</em></strong></span> <span class='ocrx_word' id='word_1_271' title='bbox 3278 2565 3345 2624; x_wconf 90' lang='lat' dir='ltr'><strong><em>in</em></strong></span> <span class='ocrx_word' id='word_1_272' title='bbox 3383 2583 3590 2629; x_wconf 84' lang='lat' dir='ltr'><strong><em>omnes</em></strong></span> 
     </span>
    </p>
   </div>
   <div class='ocr_carea' id='block_1_24' title="bbox 299 2662 3591 2744">
    <p class='ocr_par' dir='ltr' id='par_1_24' title="bbox 299 2662 3591 2744">
     <span class='ocr_line' id='line_1_24' title="bbox 299 2662 3591 2744; baseline 0.002 -20"><span class='ocrx_word' id='word_1_273' title='bbox 299 2680 512 2724; x_wconf 82' lang='lat' dir='ltr'><strong><em>versas</em></strong></span> <span class='ocrx_word' id='word_1_274' title='bbox 533 2672 768 2742; x_wconf 84' lang='lat' dir='ltr'><strong><em>partes.</em></strong></span> <span class='ocrx_word' id='word_1_275' title='bbox 804 2666 1093 2726; x_wconf 79' lang='lat' dir='ltr'><strong><em>Attamen</em></strong></span> <span class='ocrx_word' id='word_1_276' title='bbox 1129 2667 1209 2727; x_wconf 89' lang='lat' dir='ltr'><strong><em>ad</em></strong></span> <span class='ocrx_word' id='word_1_277' title='bbox 1235 2665 1601 2727; x_wconf 85' lang='lat' dir='ltr'><strong><em>scribendas</em></strong></span> <span class='ocrx_word' id='word_1_278' title='bbox 1636 2663 1942 2740; x_wconf 87' lang='lat' dir='ltr'><strong><em>elegantes</em></strong></span> <span class='ocrx_word' id='word_1_279' title='bbox 1982 2663 2272 2724; x_wconf 86' lang='lat' dir='ltr'><strong><em>homilias</em></strong></span> <span class='ocrx_word' id='word_1_280' title='bbox 2315 2662 2432 2723; x_wconf 87' lang='lat' dir='ltr'><strong><em>tibi</em></strong></span> <span class='ocrx_word' id='word_1_281' title='bbox 2463 2669 2642 2722; x_wconf 80' lang='lat' dir='ltr'><strong><em>cacat</em></strong></span> <span class='ocrx_word' id='word_1_282' title='bbox 2688 2662 2857 2741; x_wconf 90' lang='lat' dir='ltr'><strong><em>quod</em></strong></span> <span class='ocrx_word' id='word_1_283' title='bbox 2913 2663 2981 2724; x_wconf 87' lang='lat' dir='ltr'><strong><em>in</em></strong></span> <span class='ocrx_word' id='word_1_284' title='bbox 3019 2664 3321 2744; x_wconf 89' lang='lat' dir='ltr'><strong><em>Gregorio</em></strong></span> <span class='ocrx_word' id='word_1_285' title='bbox 3365 2677 3591 2732; x_wconf 87' lang='lat' dir='ltr'><strong><em>nostra</em></strong></span> 
     </span>
    </p>
   </div>
   <div class='ocr_carea' id='block_1_25' title="bbox 308 2761 3594 2852">
    <p class='ocr_par' dir='ltr' id='par_1_25' title="bbox 308 2761 3594 2852">
     <span class='ocr_line' id='line_1_25' title="bbox 308 2761 3594 2852; baseline 0.003 -30"><span class='ocrx_word' id='word_1_286' title='bbox 308 2763 532 2824; x_wconf 74' lang='lat' dir='ltr'><strong><em>merito</em></strong></span> <span class='ocrx_word' id='word_1_287' title='bbox 557 2765 847 2843; x_wconf 82' lang='lat' dir='ltr'><strong><em>suspexit</em></strong></span> <span class='ocrx_word' id='word_1_288' title='bbox 884 2765 1247 2827; x_wconf 77' lang='lat' dir='ltr'><strong><em>Bernartius</em></strong></span> <span class='ocrx_word' id='word_1_289' title='bbox 1277 2763 1441 2842; x_wconf 89' lang='lat' dir='ltr'><strong><em>(Lib.</em></strong></span> <span class='ocrx_word' id='word_1_290' title='bbox 1478 2783 1499 2825; x_wconf 80' lang='grc' dir='ltr'><strong><em>ι</em></strong></span> <span class='ocrx_word' id='word_1_291' title='bbox 1535 2764 1608 2824; x_wconf 91' lang='lat' dir='ltr'><strong><em>de</em></strong></span> <span class='ocrx_word' id='word_1_292' title='bbox 1639 2763 1927 2835; x_wconf 87' lang='lat' dir='ltr'><strong><em>Consid.,</em></strong></span> <span class='ocrx_word' id='word_1_293' title='bbox 1951 2779 2091 2840; x_wconf 86' lang='lat' dir='ltr'><strong><em>cap.</em></strong></span> <span class='ocrx_word' id='word_1_294' title='bbox 2125 2763 2214 2840; x_wconf 89' lang='lat'><strong><em>9).</em></strong></span> <span class='ocrx_word' id='word_1_295' title='bbox 2242 2761 2738 2824; x_wconf 80' lang='lat' dir='ltr'><strong><em>Admirationem</em></strong></span> <span class='ocrx_word' id='word_1_296' title='bbox 2766 2771 2952 2842; x_wconf 90' lang='lat' dir='ltr'><strong><em>auget</em></strong></span> <span class='ocrx_word' id='word_1_297' title='bbox 2981 2767 3230 2845; x_wconf 79' lang='lat' dir='ltr'><strong><em>infirma</em></strong></span> <span class='ocrx_word' id='word_1_298' title='bbox 3266 2769 3594 2852; x_wconf 67' lang='lat' dir='ltr'><strong><em>utriusque</em></strong></span> 
     </span>
    </p>
   </div>
   <div class='ocr_carea' id='block_1_26' title="bbox 299 2862 1822 2942">
    <p class='ocr_par' dir='ltr' id='par_1_26' title="bbox 299 2862 1822 2942">
     <span class='ocr_line' id='line_1_26' title="bbox 299 2862 1822 2942; baseline -0.001 -20"><span class='ocrx_word' id='word_1_299' title='bbox 299 2862 615 2935; x_wconf 76' lang='lat' dir='ltr'><strong><em>valetudo,</em></strong></span> <span class='ocrx_word' id='word_1_300' title='bbox 647 2881 780 2941; x_wconf 69' lang='lat' dir='ltr'><strong><em>quea</em></strong></span> <span class='ocrx_word' id='word_1_301' title='bbox 808 2864 1030 2942; x_wconf 84' lang='lat' dir='ltr'><strong><em>feriari</em></strong></span> <span class='ocrx_word' id='word_1_302' title='bbox 1062 2885 1100 2922; x_wconf 79' lang='grc' dir='ltr'><strong><em>α</em></strong></span> <span class='ocrx_word' id='word_1_303' title='bbox 1131 2863 1344 2924; x_wconf 84' lang='lat' dir='ltr'><strong><em>labore</em></strong></span> <span class='ocrx_word' id='word_1_304' title='bbox 1363 2862 1618 2924; x_wconf 78' lang='lat' dir='ltr'><strong><em>suadere</em></strong></span> <span class='ocrx_word' id='word_1_305' title='bbox 1647 2865 1822 2923; x_wconf 87' lang='lat' dir='ltr'><strong><em>solet.</em></strong></span> 
     </span>
    </p>
   </div>
   <div class='ocr_carea' id='block_1_27' title="bbox 383 2959 3589 3043">
    <p class='ocr_par' dir='ltr' id='par_1_27' title="bbox 383 2959 3589 3043">
     <span class='ocr_line' id='line_1_27' title="bbox 383 2959 3589 3043; baseline 0.004 -23"><span class='ocrx_word' id='word_1_306' title='bbox 383 2962 468 3020; x_wconf 85' lang='lat' dir='ltr'><strong><em>De</em></strong></span> <span class='ocrx_word' id='word_1_307' title='bbox 502 2962 728 3023; x_wconf 76' lang='lat' dir='ltr'><strong><em>caelesti</em></strong></span> <span class='ocrx_word' id='word_1_308' title='bbox 752 2982 908 3039; x_wconf 84' lang='lat' dir='ltr'><strong><em>pane</em></strong></span> <span class='ocrx_word' id='word_1_309' title='bbox 935 2965 1280 3042; x_wconf 90' lang='lat' dir='ltr'><strong><em>frangendo</em></strong></span> <span class='ocrx_word' id='word_1_310' title='bbox 1318 2973 1372 3024; x_wconf 90' lang='lat' dir='ltr'><strong><em>et</em></strong></span> <span class='ocrx_word' id='word_1_311' title='bbox 1410 2963 1678 3026; x_wconf 86' lang='lat' dir='ltr'><strong><em>subditis</em></strong></span> <span class='ocrx_word' id='word_1_312' title='bbox 1707 2962 1823 3023; x_wconf 89' lang='lat' dir='ltr'><strong><em>tibi</em></strong></span> <span class='ocrx_word' id='word_1_313' title='bbox 1847 2961 2100 3040; x_wconf 87' lang='lat' dir='ltr'><strong><em>populis</em></strong></span> <span class='ocrx_word' id='word_1_314' title='bbox 2135 2960 2534 3038; x_wconf 83' lang='lat' dir='ltr'><strong><em>opponendo,</em></strong></span> <span class='ocrx_word' id='word_1_315' title='bbox 2571 2959 2717 3022; x_wconf 89' lang='lat' dir='ltr'><strong><em>dum</em></strong></span> <span class='ocrx_word' id='word_1_316' title='bbox 2765 2963 2856 3023; x_wconf 89' lang='lat' dir='ltr'><strong><em>ita</em></strong></span> <span class='ocrx_word' id='word_1_317' title='bbox 2897 2963 3135 3043; x_wconf 89' lang='lat' dir='ltr'><strong><em>satagis</em></strong></span> <span class='ocrx_word' id='word_1_318' title='bbox 3164 3007 3180 3038; x_wconf 91' lang='lat'><strong><em>,</em></strong></span> <span class='ocrx_word' id='word_1_319' title='bbox 3240 2963 3589 3034; x_wconf 86' lang='lat' dir='ltr'><strong><em>beatissime</em></strong></span> 
     </span>
    </p>
   </div>
   <div class='ocr_carea' id='block_1_28' title="bbox 303 3059 3584 3146">
    <p class='ocr_par' dir='ltr' id='par_1_28' title="bbox 303 3059 3584 3146">
     <span class='ocr_line' id='line_1_28' title="bbox 303 3059 3584 3146; baseline 0.003 -26"><span class='ocrx_word' id='word_1_320' title='bbox 303 3061 517 3135; x_wconf 84' lang='lat' dir='ltr'><strong><em>Pater,</em></strong></span> <span class='ocrx_word' id='word_1_321' title='bbox 550 3060 622 3121; x_wconf 91' lang='lat' dir='ltr'><strong><em>de</em></strong></span> <span class='ocrx_word' id='word_1_322' title='bbox 647 3063 1065 3124; x_wconf 86' lang='lat' dir='ltr'><strong><em>ministrando</em></strong></span> <span class='ocrx_word' id='word_1_323' title='bbox 1095 3063 1231 3125; x_wconf 88' lang='lat' dir='ltr'><strong><em>cibo</em></strong></span> <span class='ocrx_word' id='word_1_324' title='bbox 1259 3063 1616 3124; x_wconf 80' lang='lat' dir='ltr'><strong><em>nutriendis</em></strong></span> <span class='ocrx_word' id='word_1_325' title='bbox 1653 3059 2026 3141; x_wconf 86' lang='lat' dir='ltr'><strong><em>corporibus</em></strong></span> <span class='ocrx_word' id='word_1_326' title='bbox 2062 3062 2409 3122; x_wconf 86' lang='lat' dir='ltr'><strong><em>necessario</em></strong></span> <span class='ocrx_word' id='word_1_327' title='bbox 2446 3079 2572 3121; x_wconf 89' lang='lat' dir='ltr'><strong><em>non</em></strong></span> <span class='ocrx_word' id='word_1_328' title='bbox 2601 3065 2808 3124; x_wconf 89' lang='lat' dir='ltr'><strong><em>minus</em></strong></span> <span class='ocrx_word' id='word_1_329' title='bbox 2841 3082 3066 3133; x_wconf 89' lang='lat' dir='ltr'><strong><em>curas;</em></strong></span> <span class='ocrx_word' id='word_1_330' title='bbox 3115 3074 3188 3126; x_wconf 91' lang='lat' dir='ltr'><strong><em>ut</em></strong></span> <span class='ocrx_word' id='word_1_331' title='bbox 3216 3073 3584 3146; x_wconf 84' lang='lat' dir='ltr'><strong><em>propensis—-</em></strong></span> 
     </span>
    </p>
   </div>
   <div class='ocr_carea' id='block_1_29' title="bbox 302 3165 3591 3256">
    <p class='ocr_par' dir='ltr' id='par_1_29' title="bbox 302 3165 3591 3256">
     <span class='ocr_line' id='line_1_29' title="bbox 302 3165 3591 3256; baseline 0.005 -32"><span class='ocrx_word' id='word_1_332' title='bbox 302 3183 328 3223; x_wconf 92' lang='lat' dir='ltr'><strong><em>s</em></strong></span> <span class='ocrx_word' id='word_1_333' title='bbox 357 3185 524 3228; x_wconf 77' lang='lat' dir='ltr'><strong><em>mum</em></strong></span> <span class='ocrx_word' id='word_1_334' title='bbox 549 3167 846 3247; x_wconf 87' lang='lat' dir='ltr'><strong><em>Gregorii</em></strong></span> <span class='ocrx_word' id='word_1_335' title='bbox 871 3171 1147 3231; x_wconf 79' lang='lat' dir='ltr'><strong><em>animum</em></strong></span> <span class='ocrx_word' id='word_1_336' title='bbox 1175 3171 1243 3232; x_wconf 84' lang='lat' dir='ltr'><strong><em>in</em></strong></span> <span class='ocrx_word' id='word_1_337' title='bbox 1261 3185 1563 3247; x_wconf 85' lang='lat' dir='ltr'><strong><em>pauperes</em></strong></span> <span class='ocrx_word' id='word_1_338' title='bbox 1587 3167 1873 3229; x_wconf 74' lang='lat' dir='ltr'><strong><em>wmulari</em></strong></span> <span class='ocrx_word' id='word_1_339' title='bbox 1898 3168 2046 3246; x_wconf 82' lang='lat' dir='ltr'><strong><em>jure</em></strong></span> <span class='ocrx_word' id='word_1_340' title='bbox 2075 3165 2333 3227; x_wconf 82' lang='lat' dir='ltr'><strong><em>dicatur</em></strong></span> <span class='ocrx_word' id='word_1_341' title='bbox 2359 3165 2660 3244; x_wconf 87' lang='lat' dir='ltr'><strong><em>Clemens,</em></strong></span> <span class='ocrx_word' id='word_1_342' title='bbox 2687 3167 2905 3247; x_wconf 84' lang='lat' dir='ltr'><strong><em>largus</em></strong></span> <span class='ocrx_word' id='word_1_343' title='bbox 2929 3169 3175 3248; x_wconf 85' lang='lat' dir='ltr'><strong><em>quidem</em></strong></span> <span class='ocrx_word' id='word_1_344' title='bbox 3199 3182 3254 3232; x_wconf 90' lang='lat' dir='ltr'><strong><em>et</em></strong></span> <span class='ocrx_word' id='word_1_345' title='bbox 3279 3175 3591 3256; x_wconf 89' lang='lat' dir='ltr'><strong><em>prodigus</em></strong></span> 
     </span>
    </p>
   </div>
   <div class='ocr_carea' id='block_1_30' title="bbox 303 3263 3592 3348">
    <p class='ocr_par' dir='ltr' id='par_1_30' title="bbox 303 3263 3592 3348">
     <span class='ocr_line' id='line_1_30' title="bbox 303 3263 3592 3348; baseline 0.005 -25"><span class='ocrx_word' id='word_1_346' title='bbox 303 3263 373 3323; x_wconf 87' lang='lat' dir='ltr'><strong><em>in</em></strong></span> <span class='ocrx_word' id='word_1_347' title='bbox 403 3282 645 3342; x_wconf 90' lang='lat' dir='ltr'><strong><em>egenos,</em></strong></span> <span class='ocrx_word' id='word_1_348' title='bbox 683 3265 804 3327; x_wconf 88' lang='lat' dir='ltr'><strong><em>sibi</em></strong></span> <span class='ocrx_word' id='word_1_349' title='bbox 836 3275 1040 3328; x_wconf 90' lang='lat' dir='ltr'><strong><em>autem</em></strong></span> <span class='ocrx_word' id='word_1_350' title='bbox 1065 3269 1262 3347; x_wconf 86' lang='lat' dir='ltr'><strong><em>fratri</em></strong></span> <span class='ocrx_word' id='word_1_351' title='bbox 1293 3268 1683 3347; x_wconf 86' lang='lat' dir='ltr'><strong><em>dignissimo,</em></strong></span> <span class='ocrx_word' id='word_1_352' title='bbox 1713 3268 1936 3346; x_wconf 79' lang='lat' dir='ltr'><strong><em>fratris</em></strong></span> <span class='ocrx_word' id='word_1_353' title='bbox 1968 3267 2120 3346; x_wconf 86' lang='lat' dir='ltr'><strong><em>ﬁliis</em></strong></span> <span class='ocrx_word' id='word_1_354' title='bbox 2152 3267 2398 3344; x_wconf 75' lang='lat' dir='ltr'><strong><em>optima:</em></strong></span> <span class='ocrx_word' id='word_1_355' title='bbox 2418 3265 2653 3328; x_wconf 86' lang='lat' dir='ltr'><strong><em>indolis</em></strong></span> <span class='ocrx_word' id='word_1_356' title='bbox 2689 3275 2745 3327; x_wconf 92' lang='lat' dir='ltr'><strong><em>et</em></strong></span> <span class='ocrx_word' id='word_1_357' title='bbox 2765 3270 2896 3346; x_wconf 87' lang='lat' dir='ltr'><strong><em>spei</em></strong></span> <span class='ocrx_word' id='word_1_358' title='bbox 2921 3269 3438 3348; x_wconf 86' lang='lat' dir='ltr'><strong><em>adolescentibus,</em></strong></span> <span class='ocrx_word' id='word_1_359' title='bbox 3460 3278 3592 3340; x_wconf 87' lang='lat' dir='ltr'><strong><em>suis</em></strong></span> 
     </span>
    </p>
   </div>
   <div class='ocr_carea' id='block_1_31' title="bbox 304 3365 3590 3453">
    <p class='ocr_par' dir='ltr' id='par_1_31' title="bbox 304 3365 3590 3453">
     <span class='ocr_line' id='line_1_31' title="bbox 304 3365 3590 3453; baseline 0.004 -29"><span class='ocrx_word' id='word_1_360' title='bbox 304 3365 565 3446; x_wconf 85' lang='lat' dir='ltr'><strong><em>denique</em></strong></span> <span class='ocrx_word' id='word_1_361' title='bbox 601 3367 881 3429; x_wconf 86' lang='lat' dir='ltr'><strong><em>omnibus</em></strong></span> <span class='ocrx_word' id='word_1_362' title='bbox 913 3369 1343 3448; x_wconf 81' lang='lat' dir='ltr'><strong><em>parcissimus.</em></strong></span> <span class='ocrx_word' id='word_1_363' title='bbox 1377 3369 1460 3428; x_wconf 92' lang='lat' dir='ltr'><strong><em>Ut</em></strong></span> <span class='ocrx_word' id='word_1_364' title='bbox 1488 3385 1632 3428; x_wconf 89' lang='lat' dir='ltr'><strong><em>vero</em></strong></span> <span class='ocrx_word' id='word_1_365' title='bbox 1665 3367 2069 3445; x_wconf 85' lang='lat' dir='ltr'><strong><em>singulorum</em></strong></span> <span class='ocrx_word' id='word_1_366' title='bbox 2116 3365 2587 3428; x_wconf 87' lang='lat' dir='ltr'><strong><em>necessitatibus</em></strong></span> <span class='ocrx_word' id='word_1_367' title='bbox 2613 3369 2948 3445; x_wconf 74' lang='lat' dir='ltr'><strong><em>providere</em></strong></span> <span class='ocrx_word' id='word_1_368' title='bbox 2985 3370 3217 3448; x_wconf 85' lang='lat' dir='ltr'><strong><em>possis,</em></strong></span> <span class='ocrx_word' id='word_1_369' title='bbox 3267 3390 3366 3433; x_wconf 89' lang='lat' dir='ltr'><strong><em>eos</em></strong></span> <span class='ocrx_word' id='word_1_370' title='bbox 3403 3375 3590 3453; x_wconf 87' lang='lat' dir='ltr'><strong><em>jubes</em></strong></span> 
     </span>
    </p>
   </div>
   <div class='ocr_carea' id='block_1_32' title="bbox 305 3468 2620 3552">
    <p class='ocr_par' dir='ltr' id='par_1_32' title="bbox 305 3468 2620 3552">
     <span class='ocr_line' id='line_1_32' title="bbox 305 3468 2620 3552; baseline -0.003 -18"><span class='ocrx_word' id='word_1_371' title='bbox 305 3473 488 3534; x_wconf 87' lang='lat' dir='ltr'><strong><em>certis</em></strong></span> <span class='ocrx_word' id='word_1_372' title='bbox 525 3472 740 3535; x_wconf 89' lang='lat' dir='ltr'><strong><em>diebus</em></strong></span> <span class='ocrx_word' id='word_1_373' title='bbox 779 3473 1132 3548; x_wconf 87' lang='lat' dir='ltr'><strong><em>convenire,</em></strong></span> <span class='ocrx_word' id='word_1_374' title='bbox 1160 3491 1232 3534; x_wconf 90' lang='lat' dir='ltr'><strong><em>ac</em></strong></span> <span class='ocrx_word' id='word_1_375' title='bbox 1261 3468 1771 3552; x_wconf 86' lang='lat' dir='ltr'><strong><em>supplicantibus</em></strong></span> <span class='ocrx_word' id='word_1_376' title='bbox 1802 3486 1984 3531; x_wconf 88' lang='lat' dir='ltr'><strong><em>aures</em></strong></span> <span class='ocrx_word' id='word_1_377' title='bbox 2011 3487 2352 3548; x_wconf 86' lang='lat' dir='ltr'><strong><em>manusque</em></strong></span> <span class='ocrx_word' id='word_1_378' title='bbox 2390 3469 2620 3548; x_wconf 87' lang='lat' dir='ltr'><strong><em>aperis.</em></strong></span> 
     </span>
    </p>
   </div>
   <div class='ocr_carea' id='block_1_33' title="bbox 390 3569 3591 3654">
    <p class='ocr_par' dir='ltr' id='par_1_33' title="bbox 390 3569 3591 3654">
     <span class='ocr_line' id='line_1_33' title="bbox 390 3569 3591 3654; baseline 0.002 -19"><span class='ocrx_word' id='word_1_379' title='bbox 390 3573 739 3652; x_wconf 88' lang='lat' dir='ltr'><strong><em>Gregorius</em></strong></span> <span class='ocrx_word' id='word_1_380' title='bbox 767 3591 898 3652; x_wconf 76' lang='lat' dir='ltr'><strong><em>prec</em></strong></span> <span class='ocrx_word' id='word_1_381' title='bbox 929 3574 1166 3635; x_wconf 75' lang='lat' dir='ltr'><strong><em>exteris</em></strong></span> <span class='ocrx_word' id='word_1_382' title='bbox 1193 3571 1576 3652; x_wconf 86' lang='lat' dir='ltr'><strong><em>pauperibus</em></strong></span> <span class='ocrx_word' id='word_1_383' title='bbox 1607 3590 1706 3630; x_wconf 90' lang='lat' dir='ltr'><strong><em>eos</em></strong></span> <span class='ocrx_word' id='word_1_384' title='bbox 1735 3573 1946 3649; x_wconf 72' lang='lat' dir='ltr'><strong><em>[opere</em></strong></span> <span class='ocrx_word' id='word_1_385' title='bbox 1972 3569 2232 3646; x_wconf 84' lang='lat' dir='ltr'><strong><em>solebat,</em></strong></span> <span class='ocrx_word' id='word_1_386' title='bbox 2257 3588 2412 3648; x_wconf 89' lang='lat' dir='ltr'><strong><em>quos</em></strong></span> <span class='ocrx_word' id='word_1_387' title='bbox 2442 3587 2617 3630; x_wconf 88' lang='lat' dir='ltr'><strong><em>amor</em></strong></span> <span class='ocrx_word' id='word_1_388' title='bbox 2637 3570 2878 3633; x_wconf 86' lang='lat' dir='ltr'><strong><em>Christi</em></strong></span> <span class='ocrx_word' id='word_1_389' title='bbox 2903 3574 3236 3654; x_wconf 85' lang='lat' dir='ltr'><strong><em>spoliarat,</em></strong></span> <span class='ocrx_word' id='word_1_390' title='bbox 3261 3580 3591 3642; x_wconf 89' lang='lat' dir='ltr'><strong><em>monachos</em></strong></span> 
     </span>
    </p>
   </div>
   <div class='ocr_carea' id='block_1_34' title="bbox 304 3673 3590 3764">
    <p class='ocr_par' dir='ltr' id='par_1_34' title="bbox 304 3673 3590 3764">
     <span class='ocr_line' id='line_1_34' title="bbox 304 3673 3590 3764; baseline 0.003 -26"><span class='ocrx_word' id='word_1_391' title='bbox 304 3678 584 3740; x_wconf 76' lang='lat' dir='ltr'><strong><em>videlicet</em></strong></span> <span class='ocrx_word' id='word_1_392' title='bbox 621 3697 694 3739; x_wconf 91' lang='lat' dir='ltr'><strong><em>ac</em></strong></span> <span class='ocrx_word' id='word_1_393' title='bbox 722 3677 1250 3751; x_wconf 89' lang='lat' dir='ltr'><strong><em>sanctimoniales,</em></strong></span> <span class='ocrx_word' id='word_1_394' title='bbox 1274 3687 1345 3737; x_wconf 85' lang='lat' dir='ltr'><strong><em>ut</em></strong></span> <span class='ocrx_word' id='word_1_395' title='bbox 1382 3697 1460 3738; x_wconf 89' lang='lat' dir='ltr'><strong><em>ex</em></strong></span> <span class='ocrx_word' id='word_1_396' title='bbox 1501 3685 1592 3737; x_wconf 91' lang='lat' dir='ltr'><strong><em>tot</em></strong></span> <span class='ocrx_word' id='word_1_397' title='bbox 1630 3677 1761 3755; x_wconf 86' lang='lat' dir='ltr'><strong><em>ejus</em></strong></span> <span class='ocrx_word' id='word_1_398' title='bbox 1793 3674 2073 3754; x_wconf 84' lang='lat' dir='ltr'><strong><em>epistolis</em></strong></span> <span class='ocrx_word' id='word_1_399' title='bbox 2104 3673 2510 3751; x_wconf 83' lang='lat' dir='ltr'><strong><em>intelligitur.</em></strong></span> <span class='ocrx_word' id='word_1_400' title='bbox 2545 3675 2638 3735; x_wconf 90' lang='lat' dir='ltr'><strong><em>Iis</em></strong></span> <span class='ocrx_word' id='word_1_401' title='bbox 2673 3675 2914 3736; x_wconf 88' lang='lat' dir='ltr'><strong><em>abunde</em></strong></span> <span class='ocrx_word' id='word_1_402' title='bbox 2968 3681 3311 3741; x_wconf 88' lang='lat' dir='ltr'><strong><em>necessaria</em></strong></span> <span class='ocrx_word' id='word_1_403' title='bbox 3356 3701 3590 3764; x_wconf 81' lang='lat' dir='ltr'><strong><em>suppe-</em></strong></span> 
     </span>
    </p>
   </div>
   <div class='ocr_carea' id='block_1_35' title="bbox 301 3775 3590 3862">
    <p class='ocr_par' dir='ltr' id='par_1_35' title="bbox 301 3775 3590 3862">
     <span class='ocr_line' id='line_1_35' title="bbox 301 3775 3590 3862; baseline 0.003 -24"><span class='ocrx_word' id='word_1_404' title='bbox 301 3779 558 3850; x_wconf 88' lang='lat' dir='ltr'><strong><em>ditavit,</em></strong></span> <span class='ocrx_word' id='word_1_405' title='bbox 587 3777 870 3855; x_wconf 86' lang='lat' dir='ltr'><strong><em>fundatis</em></strong></span> <span class='ocrx_word' id='word_1_406' title='bbox 902 3783 1086 3838; x_wconf 88' lang='lat' dir='ltr'><strong><em>etiam</em></strong></span> <span class='ocrx_word' id='word_1_407' title='bbox 1109 3778 1405 3855; x_wconf 87' lang='lat' dir='ltr'><strong><em>plurimis</em></strong></span> <span class='ocrx_word' id='word_1_408' title='bbox 1431 3777 1850 3849; x_wconf 83' lang='lat' dir='ltr'><strong><em>monasteriis,</em></strong></span> <span class='ocrx_word' id='word_1_409' title='bbox 1883 3795 2215 3856; x_wconf 87' lang='lat' dir='ltr'><strong><em>eorumque</em></strong></span> <span class='ocrx_word' id='word_1_410' title='bbox 2249 3775 2732 3856; x_wconf 88' lang='lat' dir='ltr'><strong><em>tranquillitati,</em></strong></span> <span class='ocrx_word' id='word_1_411' title='bbox 2765 3779 3070 3840; x_wconf 86' lang='lat' dir='ltr'><strong><em>concessis</em></strong></span> <span class='ocrx_word' id='word_1_412' title='bbox 3099 3781 3296 3842; x_wconf 86' lang='lat' dir='ltr'><strong><em>variis</em></strong></span> <span class='ocrx_word' id='word_1_413' title='bbox 3319 3785 3590 3862; x_wconf 84' lang='lat' dir='ltr'><strong><em>privile-</em></strong></span> 
     </span>
    </p>
   </div>
   <div class='ocr_carea' id='block_1_36' title="bbox 299 3879 3582 3964">
    <p class='ocr_par' dir='ltr' id='par_1_36' title="bbox 299 3879 3582 3964">
     <span class='ocr_line' id='line_1_36' title="bbox 299 3879 3582 3964; baseline 0.001 -22"><span class='ocrx_word' id='word_1_414' title='bbox 299 3882 426 3961; x_wconf 87' lang='lat' dir='ltr'><strong><em>giis</em></strong></span> <span class='ocrx_word' id='word_1_415' title='bbox 451 3881 810 3959; x_wconf 89' lang='lat' dir='ltr'><strong><em>prospexit.</em></strong></span> <span class='ocrx_word' id='word_1_416' title='bbox 839 3880 975 3955; x_wconf 84' lang='lat' dir='ltr'><strong><em>Qua</em></strong></span> <span class='ocrx_word' id='word_1_417' title='bbox 1003 3882 1072 3940; x_wconf 91' lang='lat' dir='ltr'><strong><em>in</em></strong></span> <span class='ocrx_word' id='word_1_418' title='bbox 1105 3899 1170 3940; x_wconf 89' lang='lat' dir='ltr'><strong><em>re</em></strong></span> <span class='ocrx_word' id='word_1_419' title='bbox 1195 3882 1407 3941; x_wconf 87' lang='lat' dir='ltr'><strong><em>sedulo</em></strong></span> <span class='ocrx_word' id='word_1_420' title='bbox 1437 3882 1638 3958; x_wconf 86' lang='lat' dir='ltr'><strong><em>ipsius</em></strong></span> <span class='ocrx_word' id='word_1_421' title='bbox 1665 3880 1942 3956; x_wconf 79' lang='lat' dir='ltr'><strong><em>vestigiis</em></strong></span> <span class='ocrx_word' id='word_1_422' title='bbox 1973 3881 2250 3948; x_wconf 88' lang='lat' dir='ltr'><strong><em>insistis;</em></strong></span> <span class='ocrx_word' id='word_1_423' title='bbox 2282 3897 2416 3941; x_wconf 90' lang='lat' dir='ltr'><strong><em>cum</em></strong></span> <span class='ocrx_word' id='word_1_424' title='bbox 2448 3879 2604 3938; x_wconf 90' lang='lat' dir='ltr'><strong><em>enim</em></strong></span> <span class='ocrx_word' id='word_1_425' title='bbox 2654 3887 2794 3939; x_wconf 88' lang='lat' dir='ltr'><strong><em>ante</em></strong></span> <span class='ocrx_word' id='word_1_426' title='bbox 2823 3879 3262 3958; x_wconf 81' lang='lat' dir='ltr'><strong><em>pontiﬁcatum</em></strong></span> <span class='ocrx_word' id='word_1_427' title='bbox 3307 3883 3582 3964; x_wconf 88' lang='lat' dir='ltr'><strong><em>duplicis</em></strong></span> 
     </span>
    </p>
   </div>
   <div class='ocr_carea' id='block_1_37' title="bbox 300 3977 3572 4062">
    <p class='ocr_par' dir='ltr' id='par_1_37' title="bbox 300 3977 3572 4062">
     <span class='ocr_line' id='line_1_37' title="bbox 300 3977 3572 4062; baseline 0.002 -21"><span class='ocrx_word' id='word_1_428' title='bbox 300 3979 613 4059; x_wconf 69' lang='lat' dir='ltr'><strong><em>religiosis</em></strong></span> <span class='ocrx_word' id='word_1_429' title='bbox 629 3977 884 4060; x_wconf 79' lang='lat' dir='ltr'><strong><em>familia:</em></strong></span> <span class='ocrx_word' id='word_1_430' title='bbox 914 3987 1239 4057; x_wconf 88' lang='lat' dir='ltr'><strong><em>protector</em></strong></span> <span class='ocrx_word' id='word_1_431' title='bbox 1265 3979 1485 4057; x_wconf 85' lang='lat' dir='ltr'><strong><em>fuisses</em></strong></span> <span class='ocrx_word' id='word_1_432' title='bbox 1524 3977 2114 4053; x_wconf 88' lang='lat' dir='ltr'><strong><em>(Chartusianorum</em></strong></span> <span class='ocrx_word' id='word_1_433' title='bbox 2142 3988 2194 4037; x_wconf 88' lang='lat' dir='ltr'><strong><em>et</em></strong></span> <span class='ocrx_word' id='word_1_434' title='bbox 2225 3977 2697 4051; x_wconf 86' lang='lat' dir='ltr'><strong><em>Minimorum),</em></strong></span> <span class='ocrx_word' id='word_1_435' title='bbox 2741 3979 3032 4056; x_wconf 85' lang='lat' dir='ltr'><strong><em>pontifex</em></strong></span> <span class='ocrx_word' id='word_1_436' title='bbox 3059 3989 3322 4056; x_wconf 87' lang='lat' dir='ltr'><strong><em>creatus,</em></strong></span> <span class='ocrx_word' id='word_1_437' title='bbox 3366 3985 3572 4062; x_wconf 89' lang='lat' dir='ltr'><strong><em>factus</em></strong></span> 
     </span>
    </p>
   </div>
   <div class='ocr_carea' id='block_1_38' title="bbox 302 4075 3586 4162">
    <p class='ocr_par' dir='ltr' id='par_1_38' title="bbox 302 4075 3586 4162">
     <span class='ocr_line' id='line_1_38' title="bbox 302 4075 3586 4162; baseline 0 -22"><span class='ocrx_word' id='word_1_438' title='bbox 302 4099 362 4140; x_wconf 90' lang='lat' dir='ltr'><strong><em>es</em></strong></span> <span class='ocrx_word' id='word_1_439' title='bbox 390 4087 572 4160; x_wconf 90' lang='lat' dir='ltr'><strong><em>pater</em></strong></span> <span class='ocrx_word' id='word_1_440' title='bbox 594 4081 891 4141; x_wconf 89' lang='lat' dir='ltr'><strong><em>omnium.</em></strong></span> <span class='ocrx_word' id='word_1_441' title='bbox 925 4077 1110 4154; x_wconf 81' lang='lat' dir='ltr'><strong><em>Quod</em></strong></span> <span class='ocrx_word' id='word_1_442' title='bbox 1139 4077 1220 4138; x_wconf 89' lang='lat' dir='ltr'><strong><em>ad</em></strong></span> <span class='ocrx_word' id='word_1_443' title='bbox 1245 4096 1356 4137; x_wconf 91' lang='lat' dir='ltr'><strong><em>nos</em></strong></span> <span class='ocrx_word' id='word_1_444' title='bbox 1384 4084 1616 4156; x_wconf 90' lang='lat' dir='ltr'><strong><em>spectat</em></strong></span> <span class='ocrx_word' id='word_1_445' title='bbox 1647 4075 2042 4139; x_wconf 86' lang='lat' dir='ltr'><strong><em>dissimulare</em></strong></span> <span class='ocrx_word' id='word_1_446' title='bbox 2068 4095 2196 4138; x_wconf 90' lang='lat' dir='ltr'><strong><em>non</em></strong></span> <span class='ocrx_word' id='word_1_447' title='bbox 2239 4094 2593 4157; x_wconf 88' lang='lat' dir='ltr'><strong><em>possumus,</em></strong></span> <span class='ocrx_word' id='word_1_448' title='bbox 2633 4075 2976 4139; x_wconf 88' lang='lat' dir='ltr'><strong><em>beatissime</em></strong></span> <span class='ocrx_word' id='word_1_449' title='bbox 3009 4095 3199 4158; x_wconf 87' lang='lat' dir='ltr'><strong><em>papa,</em></strong></span> <span class='ocrx_word' id='word_1_450' title='bbox 3240 4097 3422 4159; x_wconf 84' lang='lat' dir='ltr'><strong><em>quam</em></strong></span> <span class='ocrx_word' id='word_1_451' title='bbox 3463 4102 3586 4162; x_wconf 87' lang='lat' dir='ltr'><strong><em>pa-</em></strong></span> 
     </span>
    </p>
   </div>
   <div class='ocr_carea' id='block_1_39' title="bbox 310 4178 3589 4264">
    <p class='ocr_par' dir='ltr' id='par_1_39' title="bbox 310 4178 3589 4264">
     <span class='ocr_line' id='line_1_39' title="bbox 310 4178 3589 4264; baseline 0.002 -24"><span class='ocrx_word' id='word_1_452' title='bbox 310 4191 483 4243; x_wconf 90' lang='lat' dir='ltr'><strong><em>terno</em></strong></span> <span class='ocrx_word' id='word_1_453' title='bbox 519 4183 751 4264; x_wconf 78' lang='lat' dir='ltr'><strong><em>affectu</em></strong></span> <span class='ocrx_word' id='word_1_454' title='bbox 781 4191 1063 4243; x_wconf 90' lang='lat' dir='ltr'><strong><em>nostram</em></strong></span> <span class='ocrx_word' id='word_1_455' title='bbox 1095 4179 1524 4259; x_wconf 87' lang='lat' dir='ltr'><strong><em>complectaris</em></strong></span> <span class='ocrx_word' id='word_1_456' title='bbox 1563 4181 2130 4259; x_wconf 87' lang='lat' dir='ltr'><strong><em>congregationem,</em></strong></span> <span class='ocrx_word' id='word_1_457' title='bbox 2158 4189 2212 4237; x_wconf 89' lang='lat' dir='ltr'><strong><em>et</em></strong></span> <span class='ocrx_word' id='word_1_458' title='bbox 2242 4179 2508 4240; x_wconf 87' lang='lat' dir='ltr'><strong><em>maxime</em></strong></span> <span class='ocrx_word' id='word_1_459' title='bbox 2555 4178 2761 4257; x_wconf 88' lang='lat' dir='ltr'><strong><em>ipsius</em></strong></span> <span class='ocrx_word' id='word_1_460' title='bbox 2789 4179 3074 4240; x_wconf 88' lang='lat' dir='ltr'><strong><em>alumnos</em></strong></span> <span class='ocrx_word' id='word_1_461' title='bbox 3119 4183 3225 4259; x_wconf 90' lang='lat' dir='ltr'><strong><em>qui</em></strong></span> <span class='ocrx_word' id='word_1_462' title='bbox 3259 4183 3325 4244; x_wconf 88' lang='lat' dir='ltr'><strong><em>in</em></strong></span> <span class='ocrx_word' id='word_1_463' title='bbox 3369 4200 3589 4247; x_wconf 86' lang='lat' dir='ltr'><strong><em>recen-</em></strong></span> 
     </span>
    </p>
   </div>
   <div class='ocr_carea' id='block_1_40' title="bbox 307 4278 3590 4362">
    <p class='ocr_par' dir='ltr' id='par_1_40' title="bbox 307 4278 3590 4362">
     <span class='ocr_line' id='line_1_40' title="bbox 307 4278 3590 4362; baseline -0.001 -15"><span class='ocrx_word' id='word_1_464' title='bbox 307 4285 512 4347; x_wconf 83' lang='lat' dir='ltr'><strong><em>sendis</em></strong></span> <span class='ocrx_word' id='word_1_465' title='bbox 539 4295 899 4346; x_wconf 90' lang='lat' dir='ltr'><strong><em>sanctorum</em></strong></span> <span class='ocrx_word' id='word_1_466' title='bbox 931 4285 1196 4346; x_wconf 87' lang='lat' dir='ltr'><strong><em>Patrum</em></strong></span> <span class='ocrx_word' id='word_1_467' title='bbox 1225 4280 1514 4362; x_wconf 89' lang='lat' dir='ltr'><strong><em>operibus</em></strong></span> <span class='ocrx_word' id='word_1_468' title='bbox 1539 4280 1866 4352; x_wconf 87' lang='lat' dir='ltr'><strong><em>laborant;</em></strong></span> <span class='ocrx_word' id='word_1_469' title='bbox 1894 4280 2062 4360; x_wconf 90' lang='lat' dir='ltr'><strong><em>quod</em></strong></span> <span class='ocrx_word' id='word_1_470' title='bbox 2091 4289 2177 4340; x_wconf 88' lang='lat' dir='ltr'><strong><em>est</em></strong></span> <span class='ocrx_word' id='word_1_471' title='bbox 2217 4281 2400 4340; x_wconf 87' lang='lat' dir='ltr'><strong><em>etiam</em></strong></span> <span class='ocrx_word' id='word_1_472' title='bbox 2444 4278 2845 4341; x_wconf 81' lang='lat' dir='ltr'><strong><em>observantia:</em></strong></span> <span class='ocrx_word' id='word_1_473' title='bbox 2897 4286 3016 4340; x_wconf 62' lang='lat' dir='ltr'><strong><em>tua</em></strong></span> <span class='ocrx_word' id='word_1_474' title='bbox 3057 4299 3205 4361; x_wconf 90' lang='lat' dir='ltr'><strong><em>erga</em></strong></span> <span class='ocrx_word' id='word_1_475' title='bbox 3248 4286 3590 4361; x_wconf 73' lang='lat' dir='ltr'><strong><em>primario:</em></strong></span> 
     </span>
    </p>
   </div>
   <div class='ocr_carea' id='block_1_41' title="bbox 304 4382 3591 4464">
    <p class='ocr_par' dir='ltr' id='par_1_41' title="bbox 304 4382 3591 4464">
     <span class='ocr_line' id='line_1_41' title="bbox 304 4382 3591 4464; baseline 0 -14"><span class='ocrx_word' id='word_1_476' title='bbox 304 4389 450 4452; x_wconf 91' lang='lat' dir='ltr'><strong><em>illos</em></strong></span> <span class='ocrx_word' id='word_1_477' title='bbox 488 4389 776 4450; x_wconf 74' lang='lat' dir='ltr'><strong><em>Ecclesia:</em></strong></span> <span class='ocrx_word' id='word_1_478' title='bbox 795 4389 1084 4450; x_wconf 88' lang='lat' dir='ltr'><strong><em>doctores</em></strong></span> <span class='ocrx_word' id='word_1_479' title='bbox 1111 4393 1542 4464; x_wconf 89' lang='lat' dir='ltr'><strong><em>argumentum</em></strong></span> <span class='ocrx_word' id='word_1_480' title='bbox 1577 4392 1633 4445; x_wconf 93' lang='lat' dir='ltr'><strong><em>et</em></strong></span> <span class='ocrx_word' id='word_1_481' title='bbox 1676 4383 2118 4445; x_wconf 88' lang='lat' dir='ltr'><strong><em>similitudinis</em></strong></span> <span class='ocrx_word' id='word_1_482' title='bbox 2173 4403 2309 4444; x_wconf 87' lang='lat' dir='ltr'><strong><em>cum</em></strong></span> <span class='ocrx_word' id='word_1_483' title='bbox 2352 4382 2682 4462; x_wconf 89' lang='lat' dir='ltr'><strong><em>Gregorio,</em></strong></span> <span class='ocrx_word' id='word_1_484' title='bbox 2729 4384 2838 4462; x_wconf 90' lang='lat' dir='ltr'><strong><em>qui</em></strong></span> <span class='ocrx_word' id='word_1_485' title='bbox 2885 4402 3178 4446; x_wconf 86' lang='lat' dir='ltr'><strong><em>summam</em></strong></span> <span class='ocrx_word' id='word_1_486' title='bbox 3221 4387 3287 4446; x_wconf 87' lang='lat' dir='ltr'><strong><em>in</em></strong></span> <span class='ocrx_word' id='word_1_487' title='bbox 3336 4397 3591 4451; x_wconf 88' lang='lat' dir='ltr'><strong><em>sanctos</em></strong></span> 
     </span>
    </p>
   </div>
   <div class='ocr_carea' id='block_1_42' title="bbox 303 4484 3590 4568">
    <p class='ocr_par' dir='ltr' id='par_1_42' title="bbox 303 4484 3590 4568">
     <span class='ocr_line' id='line_1_42' title="bbox 303 4484 3590 4568; baseline -0.001 -12"><span class='ocrx_word' id='word_1_488' title='bbox 303 4495 553 4568; x_wconf 88' lang='lat' dir='ltr'><strong><em>Patres,</em></strong></span> <span class='ocrx_word' id='word_1_489' title='bbox 587 4493 852 4552; x_wconf 88' lang='lat' dir='ltr'><strong><em>maxime</em></strong></span> <span class='ocrx_word' id='word_1_490' title='bbox 882 4491 950 4552; x_wconf 89' lang='lat' dir='ltr'><strong><em>in</em></strong></span> <span class='ocrx_word' id='word_1_491' title='bbox 970 4489 1396 4565; x_wconf 84' lang='lat' dir='ltr'><strong><em>Augustinum</em></strong></span> <span class='ocrx_word' id='word_1_492' title='bbox 1426 4489 1830 4547; x_wconf 87' lang='lat' dir='ltr'><strong><em>reverentiam</em></strong></span> <span class='ocrx_word' id='word_1_493' title='bbox 1860 4485 2086 4564; x_wconf 85' lang='lat' dir='ltr'><strong><em>ubique</em></strong></span> <span class='ocrx_word' id='word_1_494' title='bbox 2119 4487 2457 4564; x_wconf 83' lang='lat' dir='ltr'><strong><em>proﬁtetur</em></strong></span> <span class='ocrx_word' id='word_1_495' title='bbox 2488 4484 2646 4566; x_wconf 88' lang='lat' dir='ltr'><strong><em>(Lib.</em></strong></span> <span class='ocrx_word' id='word_1_496' title='bbox 2684 4505 2749 4554; x_wconf 67' lang='grc' dir='ltr'><strong><em>χ,</em></strong></span> <span class='ocrx_word' id='word_1_497' title='bbox 2793 4488 2974 4557; x_wconf 85' lang='lat' dir='ltr'><strong><em>epist.</em></strong></span> <span class='ocrx_word' id='word_1_498' title='bbox 3035 4485 3159 4567; x_wconf 84' lang='lat'><strong><em>3&#39;7).</em></strong></span> <span class='ocrx_word' id='word_1_499' title='bbox 3212 4487 3415 4563; x_wconf 78' lang='lat' dir='ltr'><strong><em>Quam</em></strong></span> <span class='ocrx_word' id='word_1_500' title='bbox 3450 4491 3590 4553; x_wconf 86' lang='lat' dir='ltr'><strong><em>siti-</em></strong></span> 
     </span>
    </p>
   </div>
   <div class='ocr_carea' id='block_1_43' title="bbox 306 4589 3590 4672">
    <p class='ocr_par' dir='ltr' id='par_1_43' title="bbox 306 4589 3590 4672">
     <span class='ocr_line' id='line_1_43' title="bbox 306 4589 3590 4672; baseline -0.002 -12"><span class='ocrx_word' id='word_1_501' title='bbox 306 4598 513 4660; x_wconf 86' lang='lat' dir='ltr'><strong><em>bundo</em></strong></span> <span class='ocrx_word' id='word_1_502' title='bbox 545 4615 648 4656; x_wconf 87' lang='lat' dir='ltr'><strong><em>ore</em></strong></span> <span class='ocrx_word' id='word_1_503' title='bbox 681 4597 846 4657; x_wconf 89' lang='lat' dir='ltr'><strong><em>tanti</em></strong></span> <span class='ocrx_word' id='word_1_504' title='bbox 879 4594 1168 4672; x_wconf 89' lang='lat' dir='ltr'><strong><em>magistri</em></strong></span> <span class='ocrx_word' id='word_1_505' title='bbox 1199 4592 1555 4652; x_wconf 88' lang='lat' dir='ltr'><strong><em>doctrinam</em></strong></span> <span class='ocrx_word' id='word_1_506' title='bbox 1583 4589 1885 4662; x_wconf 87' lang='lat' dir='ltr'><strong><em>hauserit,</em></strong></span> <span class='ocrx_word' id='word_1_507' title='bbox 1924 4590 2169 4669; x_wconf 87' lang='lat' dir='ltr'><strong><em>altaque</em></strong></span> <span class='ocrx_word' id='word_1_508' title='bbox 2209 4600 2403 4650; x_wconf 86' lang='lat' dir='ltr'><strong><em>mente</em></strong></span> <span class='ocrx_word' id='word_1_509' title='bbox 2432 4591 2771 4670; x_wconf 83' lang='lat' dir='ltr'><strong><em>repositam</em></strong></span> <span class='ocrx_word' id='word_1_510' title='bbox 2828 4590 3095 4650; x_wconf 87' lang='lat' dir='ltr'><strong><em>servarit</em></strong></span> <span class='ocrx_word' id='word_1_511' title='bbox 3158 4592 3590 4654; x_wconf 80' lang='lat' dir='ltr'><strong><em>sanctissimus</em></strong></span> 
     </span>
    </p>
   </div>
   <div class='ocr_carea' id='block_1_44' title="bbox 304 4689 3586 4778">
    <p class='ocr_par' dir='ltr' id='par_1_44' title="bbox 304 4689 3586 4778">
     <span class='ocr_line' id='line_1_44' title="bbox 304 4689 3586 4778; baseline -0.001 -20"><span class='ocrx_word' id='word_1_512' title='bbox 304 4700 623 4778; x_wconf 87' lang='lat' dir='ltr'><strong><em>pontifex,</em></strong></span> <span class='ocrx_word' id='word_1_513' title='bbox 649 4698 940 4775; x_wconf 86' lang='lat' dir='ltr'><strong><em>pleraque</em></strong></span> <span class='ocrx_word' id='word_1_514' title='bbox 971 4697 1100 4772; x_wconf 85' lang='lat' dir='ltr'><strong><em>ejus</em></strong></span> <span class='ocrx_word' id='word_1_515' title='bbox 1123 4696 1389 4755; x_wconf 87' lang='lat' dir='ltr'><strong><em>clamant</em></strong></span> <span class='ocrx_word' id='word_1_516' title='bbox 1417 4695 1692 4772; x_wconf 85' lang='lat' dir='ltr'><strong><em>scripta;</em></strong></span> <span class='ocrx_word' id='word_1_517' title='bbox 1727 4689 1974 4749; x_wconf 88' lang='lat' dir='ltr'><strong><em>nolebat</em></strong></span> <span class='ocrx_word' id='word_1_518' title='bbox 2001 4690 2157 4749; x_wconf 86' lang='lat' dir='ltr'><strong><em>enim</em></strong></span> <span class='ocrx_word' id='word_1_519' title='bbox 2181 4691 2396 4750; x_wconf 88' lang='lat' dir='ltr'><strong><em>tritam</em></strong></span> <span class='ocrx_word' id='word_1_520' title='bbox 2429 4710 2465 4750; x_wconf 72' lang='grc' dir='ltr'><strong><em>ιι</em></strong></span> <span class='ocrx_word' id='word_1_521' title='bbox 2489 4691 2617 4751; x_wconf 87' lang='lat' dir='ltr'><strong><em>suis</em></strong></span> <span class='ocrx_word' id='word_1_522' title='bbox 2649 4689 3067 4750; x_wconf 88' lang='lat' dir='ltr'><strong><em>decessoribus</em></strong></span> <span class='ocrx_word' id='word_1_523' title='bbox 3102 4690 3262 4751; x_wconf 88' lang='lat' dir='ltr'><strong><em>viam</em></strong></span> <span class='ocrx_word' id='word_1_524' title='bbox 3293 4692 3586 4756; x_wconf 86' lang='lat' dir='ltr'><strong><em>deserere.</em></strong></span> 
     </span>
    </p>
   </div>
   <div class='ocr_carea' id='block_1_45' title="bbox 303 4792 3590 4878">
    <p class='ocr_par' dir='ltr' id='par_1_45' title="bbox 303 4792 3590 4878">
     <span class='ocr_line' id='line_1_45' title="bbox 303 4792 3590 4878; baseline 0 -19"><span class='ocrx_word' id='word_1_525' title='bbox 303 4797 427 4860; x_wconf 88' lang='lat' dir='ltr'><strong><em>Sed</em></strong></span> <span class='ocrx_word' id='word_1_526' title='bbox 451 4799 590 4878; x_wconf 87' lang='lat' dir='ltr'><strong><em>quis</em></strong></span> <span class='ocrx_word' id='word_1_527' title='bbox 619 4816 696 4859; x_wconf 87' lang='lat' dir='ltr'><strong><em>ex</em></strong></span> <span class='ocrx_word' id='word_1_528' title='bbox 716 4797 1013 4857; x_wconf 84' lang='lat' dir='ltr'><strong><em>Romanis</em></strong></span> <span class='ocrx_word' id='word_1_529' title='bbox 1037 4796 1448 4875; x_wconf 85' lang='lat' dir='ltr'><strong><em>pontiﬁcibus</em></strong></span> <span class='ocrx_word' id='word_1_530' title='bbox 1481 4793 1951 4873; x_wconf 77' lang='lat' dir='ltr'><strong><em>Augustinianee</em></strong></span> <span class='ocrx_word' id='word_1_531' title='bbox 1980 4793 2287 4854; x_wconf 69' lang='lat' dir='ltr'><strong><em>doctrinm</em></strong></span> <span class='ocrx_word' id='word_1_532' title='bbox 2325 4792 2408 4871; x_wconf 89' lang='lat' dir='ltr'><strong><em>(a)</em></strong></span> <span class='ocrx_word' id='word_1_533' title='bbox 2439 4793 2672 4854; x_wconf 84' lang='lat' dir='ltr'><strong><em>vindex</em></strong></span> <span class='ocrx_word' id='word_1_534' title='bbox 2700 4796 2894 4873; x_wconf 88' lang='lat' dir='ltr'><strong><em>magis</em></strong></span> <span class='ocrx_word' id='word_1_535' title='bbox 2924 4802 3210 4854; x_wconf 85' lang='lat' dir='ltr'><strong><em>strenuus</em></strong></span> <span class='ocrx_word' id='word_1_536' title='bbox 3244 4813 3427 4875; x_wconf 89' lang='lat' dir='ltr'><strong><em>quam</em></strong></span> <span class='ocrx_word' id='word_1_537' title='bbox 3446 4798 3590 4859; x_wconf 86' lang='lat' dir='ltr'><strong><em>Cle-</em></strong></span> 
     </span>
    </p>
   </div>
   <div class='ocr_carea' id='block_1_46' title="bbox 303 4895 3590 4977">
    <p class='ocr_par' dir='ltr' id='par_1_46' title="bbox 303 4895 3590 4977">
     <span class='ocr_line' id='line_1_46' title="bbox 303 4895 3590 4977; baseline -0.002 -11"><span class='ocrx_word' id='word_1_538' title='bbox 303 4921 496 4971; x_wconf 81' lang='lat' dir='ltr'><strong><em>mens,</em></strong></span> <span class='ocrx_word' id='word_1_539' title='bbox 529 4919 663 4960; x_wconf 86' lang='lat' dir='ltr'><strong><em>cum</em></strong></span> <span class='ocrx_word' id='word_1_540' title='bbox 689 4917 818 4960; x_wconf 89' lang='lat' dir='ltr'><strong><em>non</em></strong></span> <span class='ocrx_word' id='word_1_541' title='bbox 843 4901 933 4959; x_wconf 84' lang='lat' dir='ltr'><strong><em>ita.</em></strong></span> <span class='ocrx_word' id='word_1_542' title='bbox 955 4899 1199 4976; x_wconf 89' lang='lat' dir='ltr'><strong><em>pridem</em></strong></span> <span class='ocrx_word' id='word_1_543' title='bbox 1229 4899 1542 4960; x_wconf 75' lang='lat' dir='ltr'><strong><em>damnavit</em></strong></span> <span class='ocrx_word' id='word_1_544' title='bbox 1572 4897 1848 4959; x_wconf 83' lang='lat' dir='ltr'><strong><em>libellum</em></strong></span> <span class='ocrx_word' id='word_1_545' title='bbox 1873 4897 2263 4958; x_wconf 81' lang='lat' dir='ltr'><strong><em>sanctissimo</em></strong></span> <span class='ocrx_word' id='word_1_546' title='bbox 2297 4897 2502 4974; x_wconf 88' lang='lat' dir='ltr'><strong><em>Patri,</em></strong></span> <span class='ocrx_word' id='word_1_547' title='bbox 2541 4897 2762 4974; x_wconf 71' lang='lat' dir='ltr'><strong><em>gratias</em></strong></span> <span class='ocrx_word' id='word_1_548' title='bbox 2818 4895 3054 4957; x_wconf 86' lang='lat' dir='ltr'><strong><em>Christi</em></strong></span> <span class='ocrx_word' id='word_1_549' title='bbox 3098 4899 3402 4958; x_wconf 78' lang='lat' dir='ltr'><strong><em>asserturi</em></strong></span> <span class='ocrx_word' id='word_1_550' title='bbox 3449 4899 3590 4977; x_wconf 91' lang='lat' dir='ltr'><strong><em>for-</em></strong></span> 
     </span>
    </p>
   </div>
   <div class='ocr_carea' id='block_1_47' title="bbox 305 4995 998 5083">
    <p class='ocr_par' dir='ltr' id='par_1_47' title="bbox 305 4995 998 5083">
     <span class='ocr_line' id='line_1_47' title="bbox 305 4995 998 5083; baseline -0.007 -19"><span class='ocrx_word' id='word_1_551' title='bbox 305 4995 544 5064; x_wconf 84' lang='lat' dir='ltr'><strong><em>tissimo</em></strong></span> <span class='ocrx_word' id='word_1_552' title='bbox 573 5001 670 5083; x_wconf 83' lang='lat' dir='ltr'><strong><em>inj</em></strong></span> <span class='ocrx_word' id='word_1_553' title='bbox 677 5001 776 5062; x_wconf 90' lang='lat' dir='ltr'><strong><em>uri</em></strong></span> <span class='ocrx_word' id='word_1_554' title='bbox 783 5019 954 5062; x_wconf 91' lang='lat' dir='ltr'><strong><em>osum</em></strong></span> <span class='ocrx_word' id='word_1_555' title='bbox 968 5002 998 5060; x_wconf 71' lang='grc' dir='ltr'><em>ἵ</em></span> 
     </span>
    </p>
   </div>
   <div class='ocr_carea' id='block_1_48' title="bbox 395 5097 3589 5179">
    <p class='ocr_par' dir='ltr' id='par_1_48' title="bbox 395 5097 3589 5179">
     <span class='ocr_line' id='line_1_48' title="bbox 395 5097 3589 5179; baseline -0.002 -11"><span class='ocrx_word' id='word_1_556' title='bbox 395 5106 478 5168; x_wconf 89' lang='lat' dir='ltr'><strong><em>Ut</em></strong></span> <span class='ocrx_word' id='word_1_557' title='bbox 503 5105 862 5165; x_wconf 88' lang='lat' dir='ltr'><strong><em>institutam</em></strong></span> <span class='ocrx_word' id='word_1_558' title='bbox 892 5112 1421 5179; x_wconf 79' lang='lat' dir='ltr'><strong><em>comparatio-nem</em></strong></span> <span class='ocrx_word' id='word_1_559' title='bbox 1451 5116 1670 5177; x_wconf 82' lang='lat' dir='ltr'><strong><em>paucis</em></strong></span> <span class='ocrx_word' id='word_1_560' title='bbox 1701 5097 2113 5169; x_wconf 87' lang='lat' dir='ltr'><strong><em>absolvamus,</em></strong></span> <span class='ocrx_word' id='word_1_561' title='bbox 2157 5098 2502 5174; x_wconf 83' lang='lat' dir='ltr'><strong><em>Gregorius</em></strong></span> <span class='ocrx_word' id='word_1_562' title='bbox 2537 5097 2936 5159; x_wconf 88' lang='lat' dir='ltr'><strong><em>Francorum</em></strong></span> <span class='ocrx_word' id='word_1_563' title='bbox 2970 5115 3141 5176; x_wconf 90' lang='lat' dir='ltr'><strong><em>reges</em></strong></span> <span class='ocrx_word' id='word_1_564' title='bbox 3188 5099 3589 5177; x_wconf 76' lang='lat' dir='ltr'><strong><em>ofﬁciosissi-</em></strong></span> 
     </span>
    </p>
   </div>
   <div class='ocr_carea' id='block_1_49' title="bbox 305 5200 3588 5288">
    <p class='ocr_par' dir='ltr' id='par_1_49' title="bbox 305 5200 3588 5288">
     <span class='ocr_line' id='line_1_49' title="bbox 305 5200 3588 5288; baseline 0 -28"><span class='ocrx_word' id='word_1_565' title='bbox 305 5227 439 5269; x_wconf 75' lang='lat' dir='ltr'><strong><em>mos</em></strong></span> <span class='ocrx_word' id='word_1_566' title='bbox 466 5227 698 5288; x_wconf 61' lang='lat' dir='ltr'><strong><em>semper</em></strong></span> <span class='ocrx_word' id='word_1_567' title='bbox 725 5215 1018 5286; x_wconf 72' lang='lat' dir='ltr'><strong><em>expertus</em></strong></span> <span class='ocrx_word' id='word_1_568' title='bbox 1047 5214 1131 5266; x_wconf 77' lang='lat' dir='ltr'><strong><em>est</em></strong></span> <span class='ocrx_word' id='word_1_569' title='bbox 1157 5225 1227 5265; x_wconf 79' lang='lat' dir='ltr'><strong><em>ac</em></strong></span> <span class='ocrx_word' id='word_1_570' title='bbox 1263 5204 1590 5280; x_wconf 75' lang='lat' dir='ltr'><strong><em>beneficos;</em></strong></span> <span class='ocrx_word' id='word_1_571' title='bbox 1623 5203 1889 5264; x_wconf 86' lang='lat' dir='ltr'><strong><em>maxime</em></strong></span> <span class='ocrx_word' id='word_1_572' title='bbox 1923 5221 2054 5262; x_wconf 87' lang='lat' dir='ltr'><strong><em>cum</em></strong></span> <span class='ocrx_word' id='word_1_573' title='bbox 2099 5219 2216 5280; x_wconf 88' lang='lat' dir='ltr'><strong><em>pro</em></strong></span> <span class='ocrx_word' id='word_1_574' title='bbox 2255 5200 2371 5279; x_wconf 81' lang='lat' dir='ltr'><strong><em>fide</em></strong></span> <span class='ocrx_word' id='word_1_575' title='bbox 2401 5200 2572 5278; x_wconf 86' lang='lat' dir='ltr'><strong><em>apud</em></strong></span> <span class='ocrx_word' id='word_1_576' title='bbox 2608 5201 2845 5277; x_wconf 79' lang='lat' dir='ltr'><strong><em>Anglos</em></strong></span> <span class='ocrx_word' id='word_1_577' title='bbox 2881 5211 2989 5260; x_wconf 89' lang='lat' dir='ltr'><strong><em>aut</em></strong></span> <span class='ocrx_word' id='word_1_578' title='bbox 3024 5200 3422 5280; x_wconf 74' lang='lat' dir='ltr'><strong><em>preedicanda</em></strong></span> <span class='ocrx_word' id='word_1_579' title='bbox 3477 5211 3588 5262; x_wconf 83' lang='lat' dir='ltr'><strong><em>aut</em></strong></span> 
     </span>
    </p>
   </div>
   <div class='ocr_carea' id='block_1_50' title="bbox 308 5301 3588 5388">
    <p class='ocr_par' dir='ltr' id='par_1_50' title="bbox 308 5301 3588 5388">
     <span class='ocr_line' id='line_1_50' title="bbox 308 5301 3588 5388; baseline -0.002 -14"><span class='ocrx_word' id='word_1_580' title='bbox 308 5310 742 5388; x_wconf 72' lang='lat' dir='ltr'><strong><em>conﬁrmanda</em></strong></span> <span class='ocrx_word' id='word_1_581' title='bbox 771 5325 979 5371; x_wconf 88' lang='lat' dir='ltr'><strong><em>eorum</em></strong></span> <span class='ocrx_word' id='word_1_582' title='bbox 1012 5325 1124 5388; x_wconf 92' lang='lat' dir='ltr'><strong><em>ope</em></strong></span> <span class='ocrx_word' id='word_1_583' title='bbox 1155 5306 1452 5385; x_wconf 85' lang='lat' dir='ltr'><strong><em>indiguit.</em></strong></span> <span class='ocrx_word' id='word_1_584' title='bbox 1490 5307 1547 5364; x_wconf 90' lang='grc' dir='ltr'><em>Η</em></span> <span class='ocrx_word' id='word_1_585' title='bbox 1560 5307 1663 5366; x_wconf 89' lang='lat' dir='ltr'><strong><em>inc</em></strong></span> <span class='ocrx_word' id='word_1_586' title='bbox 1694 5309 1755 5369; x_wconf 88' lang='lat' dir='ltr'><strong><em>in</em></strong></span> <span class='ocrx_word' id='word_1_587' title='bbox 1792 5303 2070 5383; x_wconf 83' lang='lat' dir='ltr'><strong><em>epistolis</em></strong></span> <span class='ocrx_word' id='word_1_588' title='bbox 2099 5302 2178 5363; x_wconf 89' lang='lat' dir='ltr'><strong><em>ad</em></strong></span> <span class='ocrx_word' id='word_1_589' title='bbox 2214 5301 2356 5363; x_wconf 88' lang='lat' dir='ltr'><strong><em>illos</em></strong></span> <span class='ocrx_word' id='word_1_590' title='bbox 2387 5320 2556 5381; x_wconf 85' lang='lat' dir='ltr'><strong><em>reges</em></strong></span> <span class='ocrx_word' id='word_1_591' title='bbox 2591 5304 2844 5386; x_wconf 87' lang='lat' dir='ltr'><strong><em>scriptis</em></strong></span> <span class='ocrx_word' id='word_1_592' title='bbox 2879 5303 2963 5387; x_wconf 91' lang='lat' dir='ltr'><strong><em>(b)</em></strong></span> <span class='ocrx_word' id='word_1_593' title='bbox 3018 5306 3198 5368; x_wconf 90' lang='lat' dir='ltr'><strong><em>toties</em></strong></span> <span class='ocrx_word' id='word_1_594' title='bbox 3236 5307 3588 5386; x_wconf 85' lang='lat' dir='ltr'><strong><em>gratiarum</em></strong></span> 
     </span>
    </p>
   </div>
   <div class='ocr_carea' id='block_1_51' title="bbox 383 5485 3585 5567">
    <p class='ocr_par' dir='ltr' id='par_1_51' title="bbox 383 5485 3585 5567">
     <span class='ocr_line' id='line_1_51' title="bbox 383 5485 3585 5567; baseline -0.003 -17"><span class='ocrx_word' id='word_1_595' title='bbox 383 5495 517 5567; x_wconf 51' lang='lat' dir='ltr'><strong><em>(a)}</em></strong></span> <span class='ocrx_word' id='word_1_596' title='bbox 552 5494 919 5548; x_wconf 81' lang='lat' dir='ltr'><strong><em>Romanorum</em></strong></span> <span class='ocrx_word' id='word_1_597' title='bbox 944 5488 1739 5567; x_wconf 41' lang='lat' dir='ltr'><strong><em>pontiﬁcum_pr:edes.ess§irilm</em></strong></span> <span class='ocrx_word' id='word_1_598' title='bbox 1764 5495 2094 5567; x_wconf 65' lang='lat' dir='ltr'><strong><em>nostrorum,</em></strong></span> <span class='ocrx_word' id='word_1_599' title='bbox 2126 5487 2214 5558; x_wconf 87' lang='lat' dir='ltr'><strong><em>qui</em></strong></span> <span class='ocrx_word' id='word_1_600' title='bbox 2246 5485 2503 5567; x_wconf 40' lang='lat' dir='ltr'><strong><em>ejusdem.</em></strong></span> <span class='ocrx_word' id='word_1_601' title='bbox 2524 5487 2695 5567; x_wconf 77' lang='lat' dir='ltr'><strong><em>sancti</em></strong></span> <span class='ocrx_word' id='word_1_602' title='bbox 2729 5488 2972 5567; x_wconf 58' lang='lat' dir='ltr'><strong><em>nectaris</em></strong></span> <span class='ocrx_word' id='word_1_603' title='bbox 3000 5486 3585 5567; x_wconf 43' lang='lat' dir='ltr'><strong><em>(Augustinifprtfeel-</em></strong></span> 
     </span>
    </p>
   </div>
   <div class='ocr_carea' id='block_1_52' title="bbox 311 5555 3588 5630">
    <p class='ocr_par' dir='ltr' id='par_1_52' title="bbox 311 5555 3588 5630">
     <span class='ocr_line' id='line_1_52' title="bbox 311 5555 3588 5630; baseline -0.003 -9"><span class='ocrx_word' id='word_1_604' title='bbox 311 5555 752 5621; x_wconf 67' lang='lat' dir='ltr'><strong><em>sarh&#39;doclrinam</em></strong></span> <span class='ocrx_word' id='word_1_605' title='bbox 785 5555 979 5629; x_wconf 69' lang='lat' dir='ltr'><strong><em>magno</em></strong></span> <span class='ocrx_word' id='word_1_606' title='bbox 1023 5576 1237 5630; x_wconf 81' lang='lat' dir='ltr'><strong><em>semper</em></strong></span> <span class='ocrx_word' id='word_1_607' title='bbox 1265 5555 1318 5612; x_wconf 73' lang='lat' dir='ltr'><strong><em>in</em></strong></span> <span class='ocrx_word' id='word_1_608' title='bbox 1368 5557 1540 5627; x_wconf 77' lang='lat' dir='ltr'><strong><em>pretio</em></strong></span> <span class='ocrx_word' id='word_1_609' title='bbox 1582 5557 1905 5630; x_wconf 57' lang='lat' dir='ltr'><strong><em>intulerunt,</em></strong></span> <span class='ocrx_word' id='word_1_610' title='bbox 1949 5555 2407 5630; x_wconf 62' lang='lat' dir='ltr'><strong><em>totoquementis</em></strong></span> <span class='ocrx_word' id='word_1_611' title='bbox 2433 5557 2625 5630; x_wconf 59' lang='lat' dir='ltr'><strong><em>allectat</em></strong></span> <span class='ocrx_word' id='word_1_612' title='bbox 2654 5555 3588 5630; x_wconf 21' lang='lat' dir='ltr'><strong><em>amplexiAfueranttjaudsbilibu</em></strong></span> 
     </span>
    </p>
   </div>
   <div class='ocr_carea' id='block_1_53' title="bbox 313 5625 3586 5700">
    <p class='ocr_par' dir='ltr' id='par_1_53' title="bbox 313 5625 3586 5700">
     <span class='ocr_line' id='line_1_53' title="bbox 313 5625 3586 5700; baseline -0.003 -11"><span class='ocrx_word' id='word_1_613' title='bbox 313 5636 551 5700; x_wconf 65' lang='lat' dir='ltr'><strong><em>vestigiis</em></strong></span> <span class='ocrx_word' id='word_1_614' title='bbox 581 5635 806 5690; x_wconf 77' lang='lat' dir='ltr'><strong><em>ﬁrmiter</em></strong></span> <span class='ocrx_word' id='word_1_615' title='bbox 833 5625 1094 5688; x_wconf 64' lang='lat' dir='ltr'><strong><em>inhaerere</em></strong></span> <span class='ocrx_word' id='word_1_616' title='bbox 1121 5625 1386 5694; x_wconf 56' lang='lat' dir='ltr'><strong><em>v&#39;olenles,</em></strong></span> <span class='ocrx_word' id='word_1_617' title='bbox 1423 5649 1439 5681; x_wconf 85' lang='grc'><strong>›</strong></span> <span class='ocrx_word' id='word_1_618' title='bbox 1473 5638 1579 5683; x_wconf 79' lang='lat' dir='ltr'><strong><em>etc.</em></strong></span> <span class='ocrx_word' id='word_1_619' title='bbox 1609 5626 1919 5700; x_wconf 69' lang='lat' dir='ltr'><strong><em>(Damnatio</em></strong></span> <span class='ocrx_word' id='word_1_620' title='bbox 1945 5636 1994 5680; x_wconf 88' lang='lat' dir='ltr'><strong><em>et</em></strong></span> <span class='ocrx_word' id='word_1_621' title='bbox 2022 5627 2299 5696; x_wconf 85' lang='lat' dir='ltr'><strong><em>prohibitio</em></strong></span> <span class='ocrx_word' id='word_1_622' title='bbox 2331 5627 2488 5682; x_wconf 80' lang='lat' dir='ltr'><strong><em>libelli</em></strong></span> <span class='ocrx_word' id='word_1_623' title='bbox 2520 5629 2654 5697; x_wconf 81' lang='lat' dir='ltr'><strong><em>typis</em></strong></span> <span class='ocrx_word' id='word_1_624' title='bbox 2695 5628 2818 5682; x_wconf 86' lang='lat' dir='ltr'><strong><em>editi</em></strong></span> <span class='ocrx_word' id='word_1_625' title='bbox 2838 5627 2931 5680; x_wconf 87' lang='lat' dir='ltr'><strong><em>sub</em></strong></span> <span class='ocrx_word' id='word_1_626' title='bbox 2958 5627 3145 5680; x_wconf 88' lang='lat' dir='ltr'><strong><em>titulo:</em></strong></span> <span class='ocrx_word' id='word_1_627' title='bbox 3187 5625 3442 5680; x_wconf 79' lang='lat' dir='ltr'><strong><em>Ve&#39;ritabte</em></strong></span> <span class='ocrx_word' id='word_1_628' title='bbox 3473 5635 3586 5680; x_wconf 86' lang='lat' dir='ltr'><strong><em>tra-</em></strong></span> 
     </span>
    </p>
   </div>
   <div class='ocr_carea' id='block_1_54' title="bbox 315 5697 1627 5778">
    <p class='ocr_par' dir='ltr' id='par_1_54' title="bbox 315 5697 1627 5778">
     <span class='ocr_line' id='line_1_54' title="bbox 315 5697 1627 5778; baseline -0.005 -20"><span class='ocrx_word' id='word_1_629' title='bbox 315 5697 480 5778; x_wconf 67' lang='lat' dir='ltr'><strong><em>dition</em></strong></span> <span class='ocrx_word' id='word_1_630' title='bbox 508 5706 572 5778; x_wconf 77' lang='lat' dir='ltr'><strong><em>de</em></strong></span> <span class='ocrx_word' id='word_1_631' title='bbox 599 5706 813 5778; x_wconf 49' lang='lat' dir='ltr'><strong><em>lliglise</em></strong></span> <span class='ocrx_word' id='word_1_632' title='bbox 838 5723 928 5778; x_wconf 77' lang='lat' dir='ltr'><strong><em>sur</em></strong></span> <span class='ocrx_word' id='word_1_633' title='bbox 949 5705 999 5758; x_wconf 88' lang='lat' dir='ltr'><strong><em>la</em></strong></span> <span class='ocrx_word' id='word_1_634' title='bbox 1029 5703 1465 5778; x_wconf 56' lang='lat' dir='ltr'><strong><em>I’Iedestination,</em></strong></span> <span class='ocrx_word' id='word_1_635' title='bbox 1498 5697 1627 5778; x_wconf 48' lang='lat' dir='ltr'><strong><em>eis.)</em></strong></span> 
     </span>
    </p>
   </div>
   <div class='ocr_carea' id='block_1_55' title="bbox 389 5768 2305 5840">
    <p class='ocr_par' dir='ltr' id='par_1_55' title="bbox 389 5768 2305 5840">
     <span class='ocr_line' id='line_1_55' title="bbox 389 5768 2305 5840; baseline -0.005 -8"><span class='ocrx_word' id='word_1_636' title='bbox 389 5771 464 5840; x_wconf 77' lang='lat' dir='ltr'><strong><em>(b)</em></strong></span> <span class='ocrx_word' id='word_1_637' title='bbox 491 5775 569 5831; x_wconf 80' lang='lat' dir='ltr'><strong><em>Ad</em></strong></span> <span class='ocrx_word' id='word_1_638' title='bbox 599 5768 1016 5837; x_wconf 72' lang='lat' dir='ltr'><strong><em>Théodericum,</em></strong></span> <span class='ocrx_word' id='word_1_639' title='bbox 1051 5771 1504 5831; x_wconf 71' lang='lat' dir='ltr'><strong><em>Theodebemmn.</em></strong></span> <span class='ocrx_word' id='word_1_640' title='bbox 1538 5768 1854 5825; x_wconf 79' lang='lat' dir='ltr'><strong><em>Clotarium.</em></strong></span> <span class='ocrx_word' id='word_1_641' title='bbox 1882 5768 2305 5824; x_wconf 80' lang='lat' dir='ltr'><strong><em>Brunichildem.</em></strong></span> 
     </span>
    </p>
   </div>
  </div>
