4118 6448
554 316 624 375 15
1358 348 1369 363 ο
1753 313 2125 372 ΡΒᾹΞΕΔΤΙΟ
2164 316 2180 370 4

2212 314 2572 376 suemus.
3512 382 3531 393 ,
3770 338 3838 394 ,ε

554 429 835 492 actiones
872 435 1241 505 occurrunt,
1272 446 1426 509 quas
1454 429 1567 489 hoc
1604 430 1743 491 loco
1782 431 2014 507 referre
2045 448 2243 508 operae
2283 433 2557 509 pretium
2588 449 2716 493 non
2761 442 2871 495 est.
2924 439 3005 499 At
3054 457 3197 503 vero
3257 441 3653 507 dissimulare
3701 465 3838 510 non

548 549 883 612 possumus
912 531 1179 609 elogium
1211 531 1382 591 istud
1407 529 1800 592 Childeberto
1830 532 1989 610 regi,
2020 531 2093 592 ob
2126 532 2322 610 ipsius
2352 534 2417 593 in
2446 534 2818 598 catholicam
2848 538 3024 616 ﬁdem
3067 544 3343 606 studium
3373 547 3446 608 ab
3475 551 3834 629 aequissimo

544 633 850 712 pontiﬁce
872 648 1194 708 repensum
1220 650 1235 689 :
1267 654 1295 686 ‹‹
1325 632 1574 706 Quanto
1607 639 1858 692 exteros
1886 630 2164 693 homines
2185 635 2358 711 regia
2390 634 2670 713 dignitas
2691 639 3018 713 antecedit,
3056 650 3229 705 tanto
3282 656 3645 712 exterarum
3680 670 3836 731 gen—

551 735 709 796 tium
742 752 959 813 regna,
986 735 1170 811 regni
1196 736 1389 797 vestri
1419 736 1704 812 profecto
1743 736 1983 797 culmen
2028 735 2302 797 excellit.
2340 736 2503 797 Esse
2523 748 2725 798 autem
2774 756 2995 818 regem,
3033 745 3181 823 quia
3232 756 3381 808 sunt
3418 757 3473 810 et
3518 752 3656 830 alii,
3705 771 3837 815 non

550 837 780 899 mirum
806 845 891 898 est
912 859 930 897 :
952 835 1057 896 sed
1091 854 1212 896 esse
1241 835 1638 909 catholicum,
1669 836 1838 915 quod
1873 836 1990 897 alii
2022 854 2150 895 non
2178 845 2523 913 merentur,
2554 837 2668 897 hoc
2699 838 2856 899 satis
2882 850 3030 899 est.»

627 938 1021 1001 Praeconium
1046 936 1184 1010 hoc,
1219 936 1565 997 beatissime
1593 939 1810 1009 Pater,
1850 937 2384 999 Christianissimo
2421 939 2557 1016 regi
2587 938 2912 1001 Ludovico
2949 942 3189 1021 Magno
3212 950 3361 1023 jure
3390 946 3683 1024 debitum,
3715 955 3836 1015 etsi

547 1049 911 1112 taceremus,
948 1037 1090 1116 quis
1120 1055 1251 1097 non
1284 1038 1711 1116 intelligeret?
1740 1037 2041 1099 Bellicam
2084 1038 2326 1099 laudem
2360 1048 2415 1099 et
2463 1040 2789 1102 innumera
2828 1047 3282 1123 propemodum
3341 1056 3511 1110 terra
3553 1055 3835 1134 marique

538 1137 838 1220 prxclare
861 1145 1055 1214 gesta,
1084 1134 1306 1213 quibus
1338 1144 1589 1195 cxteros
1624 1154 1796 1214 reges
1823 1138 2162 1212 antecellit,
2194 1138 2683 1217 dissimulemus,
2714 1144 2964 1222 quando
2992 1147 3355 1210 Clementem
3385 1152 3626 1232 alloqui
3653 1156 3834 1220 nobis

538 1238 755 1313 datur,
785 1252 1157 1296 communem
1184 1236 1423 1296 scilicet
1453 1236 1966 1296 Christianorum
1994 1240 2276 1311 Patrem,
2304 1241 2485 1318 cujus
2520 1249 2605 1300 est
2633 1241 2792 1304 bella
2817 1248 3048 1324 sopire,
3074 1266 3405 1328 pacemque
3453 1253 3621 1313 inter
3648 1254 3832 1318 dissi-

538 1342 749 1403 dentes
779 1340 945 1420 ﬁlios
971 1339 1336 1400 conciliare.
1368 1340 1453 1399 At
1491 1338 1564 1399 de
1594 1340 1911 1400 Ludovici
1953 1341 2181 1417 Magni
2213 1343 2278 1401 in
2320 1343 2691 1404 catholicam
2743 1346 2920 1425 ﬁdem
2978 1350 3191 1410 studio
3248 1352 3427 1413 silere
3476 1372 3605 1416 non
3648 1354 3831 1429 licet;

542 1445 768 1525 ejectos
806 1461 843 1501 a
874 1440 1302 1520 perduellibus
1331 1441 1555 1521 Anglis
1578 1441 1651 1502 ob
1679 1443 1856 1521 ﬁdem
1884 1443 2305 1505 orthodoxam
2326 1456 2613 1508 sanctum
2638 1466 2861 1529 regem,
2888 1453 3233 1530 piissimam
3262 1459 3564 1536 reginam,
3589 1464 3831 1539 regium

537 1560 818 1627 puerum,
844 1560 1056 1603 eorum
1081 1542 1365 1604 subditos
1395 1543 1595 1604 adhuc
1622 1545 1691 1605 in
1721 1547 1842 1624 fide
1870 1547 2173 1624 integros,
2194 1548 2525 1626 religionis
2546 1549 2693 1611 olim
2716 1552 2785 1613 in
2811 1553 3041 1631 Anglia
3068 1554 3364 1634 Gregorii
3382 1558 3610 1638 Magni
3641 1580 3830 1641 opera

537 1643 819 1722 fundatae
852 1644 1051 1705 veluti
1082 1642 1413 1722 reliquias,
1444 1643 1719 1723 hospitio
1753 1656 2068 1725 exceptos,
2092 1666 2166 1707 ac
2194 1648 2605 1727 facultatibus
2630 1669 2749 1731 pro
2779 1654 2954 1731 regia
2979 1656 3405 1734 munificentia
3432 1666 3490 1717 et
3520 1659 3828 1737 dignitate

534 1751 920 1805 sustentatas
938 1765 958 1813 ;
989 1744 1264 1804 haeresim
1295 1763 1323 1801 e
1352 1761 1573 1823 regno,
1597 1746 1691 1806 vel
1715 1764 1948 1806 summo
1982 1765 2120 1807 cum
2148 1747 2508 1809 discrimine
2536 1751 2974 1830 proﬂigatam;
3008 1754 3289 1832 Europce
3315 1758 3646 1819 maximam
3669 1778 3827 1837 par-

535 1856 654 1907 tem
692 1866 760 1906 ea
785 1846 857 1907 de
884 1865 1073 1907 causa
1099 1846 1168 1906 in
1196 1844 1798 1907 Christianissimum
1829 1866 2031 1926 regem
2061 1866 2444 1929 regnumque
2475 1860 2802 1928 armatam,
2826 1853 3075 1915 heeresis
3098 1855 3489 1933 preeconibus
3517 1858 3611 1918 vel
3646 1870 3827 1922 ante-

536 1946 826 2024 signanis
855 1945 1183 2005 classicum
1217 1945 1613 2019 canentibus,
1647 1945 1907 2024 bellique
1933 1949 2128 2025 facem
2154 1950 2737 2029 circumferentibus
2755 1972 2777 2012 :
2802 1970 2993 2032 neque
3017 1962 3218 2016 tamen
3247 1974 3459 2034 regum
3484 1961 3825 2023 maximum

534 2046 769 2107 adduci
798 2064 1075 2125 unquam
1100 2044 1407 2123 potuisse,
1434 2054 1507 2105 ut
1536 2046 1733 2108 alicui
1763 2050 1937 2125 pacis
1968 2050 2322 2111 conditioni
2346 2068 2479 2129 qua:
2504 2051 2721 2113 haeresi
2752 2054 3064 2132 tantisper
3095 2056 3629 2133 faverevideretur
3652 2078 3802 2121 con-

533 2147 822 2216 sentiret;
852 2148 1005 2227 quid
1033 2149 1336 2211 Ecclesiee
1367 2151 1785 2228 primogenita
1818 2153 2075 2230 dignius
2096 2155 2124 2213 ?

528 2310 535 2319 κ
610 2246 706 2306 Ad
728 2247 853 2307 haec
886 2265 1031 2308 vero
1060 2250 1214 2329 quid
1242 2250 1530 2311 dicturus
1566 2261 1715 2313 esset
1748 2252 2090 2331 Gregorius
2120 2254 2397 2333 Magnus
2418 2255 2448 2313 ?
2474 2254 2644 2329 Quas
2672 2257 2739 2317 in
2768 2257 2980 2318 laudes
3023 2268 3391 2339 erumperet,
3427 2263 3483 2323 si
3528 2263 3691 2337 foret
3718 2281 3821 2323 su-

531 2349 810 2426 perstes?
838 2348 923 2408 At
954 2348 1110 2409 vivit
1148 2349 1352 2412 adhuc
1382 2350 1449 2411 in
1478 2350 1949 2421 Clemente;nec
1987 2351 2242 2412 dubium
2274 2355 2427 2429 quin
2449 2372 2568 2433 pro
2610 2355 2803 2415 tantis
2840 2358 2908 2417 in
2944 2356 3294 2419 Ecclesium
3348 2360 3593 2422 collatis
3643 2360 3815 2425 bene-

531 2449 717 2530 ﬁciis,
751 2459 999 2529 gratum
1029 2470 1089 2510 se
1121 2452 1503 2531 probaturus
1537 2454 1620 2515 sit
1652 2456 2033 2533 aequissimus
2063 2455 2358 2532 pontifex
2400 2472 2546 2534 erga
2581 2474 2781 2535 regem
2821 2458 3432 2522 christianissimum.

619 2553 773 2631 Haec
792 2562 964 2626 sunt,
994 2555 1380 2615 sanctissime
1413 2557 1628 2628 Pater,
1666 2558 1984 2633 praecipua
2023 2556 2420 2629 lineamenta,
2462 2558 2687 2636 quibus
2736 2559 2804 2619 in
2859 2568 2914 2619 te
2963 2560 3254 2640 Gregorii
3305 2563 3533 2641 Magni
3589 2566 3819 2644 efﬁgies

532 2652 868 2734 perfectius
900 2654 1303 2731 exprimitur,
1336 2654 1610 2733 qualibet
1646 2656 1914 2733 imagine
1940 2663 2049 2714 aut
2086 2655 2155 2715 in
2186 2673 2304 2715 tere
2336 2656 2561 2733 incisa,
2588 2664 2701 2715 aut
2743 2658 3061 2719 coloribus
3095 2660 3358 2738 depicta.
3400 2663 3575 2723 Hinc
3619 2664 3819 2743 ipsam

530 2758 603 2818 in
635 2774 887 2835 operum
914 2757 1045 2835 ejus
1078 2758 1272 2818 veluti
1298 2757 1513 2819 limine
1534 2757 1908 2836 afﬁgendam
1931 2776 2050 2835 pro
2083 2776 2254 2818 more
2295 2764 2675 2829 censuimus;
2709 2771 2780 2822 ut
2812 2764 2897 2823 sit
2941 2765 3381 2824 monimentum
3416 2769 3641 2845 quovis
3701 2788 3817 2832 tere

533 2859 872 2939 perennius
909 2866 1040 2919 tum
1105 2858 1316 2920 devoti
1359 2876 1503 2937 erga
1557 2861 2023 2922 sanctissimum
2077 2862 2411 2922 Doctorem
2465 2863 2683 2936 animi,
2725 2871 2854 2923 tum
2914 2864 3257 2941 singularis
3295 2864 3694 2929 observantia;-
3745 2871 3811 2931 in

534 2960 950 3041 apostolicam
979 2959 1202 3033 sedem,
1243 2969 1371 3021 tum
1404 2961 1650 3022 demissi
1683 2961 1961 3041 obsequii
1995 2962 2164 3041 quod
2190 2963 2596 3041 pollicentur.

539 3184 3807 3231 Ε

1006 3344 2089 3538 PR/EFATIO
2198 3348 3322 3495 GENERALIS

784 3615 839 3676 Α
901 3613 1457 3678 BENEDICTINIS
1520 3613 1690 3676 SUAE
1758 3613 1820 3673 S.
1882 3611 2265 3673 GREGORII
2329 3614 2652 3677 OPERUM
2722 3615 3083 3682 EDITIONI
3154 3621 3559 3683 PRzEFlXA.

611 3924 663 3985 Ι.
714 3922 905 3985 Nova:
932 3919 1052 3981 SS.
1107 3921 1374 3981 Patrum
1422 3917 1761 3979 Editiones
1795 3920 1929 3996 jam
1981 3941 2016 3979 α
2078 3919 2258 3982 nobis
2290 3920 2722 3982 adornatce.—
2760 3924 3013 3997 Quanto
3049 3922 3416 4001 reipublicae
3464 3928 3594 3983 tum
3627 3922 3807 3987 litte-

535 4026 909 4101 rariae,.tum
940 4023 1319 4083 Christiana:
1363 4023 1817 4093 emolumento,
1869 4022 1998 4099 jam
2052 4023 2477 4099 insigniorum
2511 4043 2546 4085 e
2579 4028 2814 4086 sanctis
2854 4026 3144 4087 Patribus
3172 4042 3389 4102 opera,
3426 4034 3793 4087 nostrorum

534 4126 758 4188 labore
793 4142 867 4186 ac
894 4123 1108 4185 studio
1146 4122 1483 4201 castigata,
1535 4140 1702 4184 novo
1753 4121 1928 4182 cultu
1977 4124 2038 4181 in
2076 4123 2284 4184 lucem
2314 4124 2688 4201 prodierint,
2724 4142 3222 4185 commemorare
3254 4142 3461 4200 neque
3501 4126 3805 4186 decorum

534 4226 721 4287 nobis
750 4231 877 4295 est,
920 4241 1156 4300 neque,
1187 4228 1459 4284 testante
1482 4222 1540 4281 id
1572 4223 1822 4302 publica
1846 4224 2303 4300 gratulatione,
2345 4226 2799 4286 necessarium.
2847 4226 2936 4285 Ad
2966 4245 3154 4302 quem
3190 4244 3342 4287 vero
3394 4228 3473 4287 ab
3524 4227 3806 4289 Athana-

537 4327 665 4402 sio,
694 4325 966 4395 Hilario,
1000 4324 1422 4402 Hieronymo,
1451 4323 1815 4395 Ambrosio,
1855 4324 2214 4401 Augustino
2244 4325 2514 4403 gradum
2554 4324 2929 4397 faceremus,
2962 4324 3081 4383 nisi
3112 4325 3188 4385 ad
3220 4324 3625 4402 Gregorium,
3661 4326 3805 4401 dig-

534 4428 761 4504 nitate,
796 4426 1111 4497 doctrina,
1142 4426 1481 4487 sanctitate
1514 4429 1607 4486 ter
1640 4425 2040 4486 maximum?
2070 4425 2290 4501 Neque
2325 4426 2480 4484 tanti
2515 4424 2814 4495 doctoris,
2852 4442 3041 4500 quem
3082 4432 3150 4483 ut
3181 4441 3499 4484 summum
3553 4425 3804 4485 familia:

536 4536 772 4591 nostra)
798 4529 988 4589 decus
1021 4544 1430 4599 veneramur,
1463 4526 1697 4605 scripta
1743 4524 2121 4587 mendorum
2175 4524 2644 4603 quodammodo
2679 4525 2877 4603 Spinis
2910 4525 3117 4584 obsita
3166 4523 3406 4583 diutius
3440 4524 3805 4599 relinquere

534 4652 651 4695 nos
688 4634 983 4703 decebat,
1036 4649 1116 4692 ne
1172 4631 1400 4692 alienis
1456 4629 1736 4691 colendis
1802 4628 2192 4699 insudantes,
2258 4642 2481 4703 agrum
2540 4627 2870 4702 proprium
2929 4625 3241 4685 incultum
3292 4624 3648 4683 deseruisse
3704 4625 3801 4683 vi-

533 4735 855 4798 deremur.

616 4836 696 4896 ll.
734 4833 941 4896 Varia:
971 4849 1223 4912 operum
1253 4832 1322 4891 S.
1360 4830 1657 4908 Gregorii
1678 4832 1900 4909 Magni
1928 4829 2749 4891 Editiones.—Prodierunt
2773 4845 3070 4905 sanOJam
3100 4828 3330 4903 saepius
3356 4826 3568 4886 omnia
3597 4832 3799 4889 sancti

545 4935 838 5012 Gregorii
868 4950 1090 5013 opera,
1120 4938 1187 4993 ut
1217 4932 1292 4992 de
1330 4932 1599 5009 singulis
1628 4933 1911 5011 ejusdem
1936 4933 2186 5007 scriptis
2215 4933 2480 4992 seorsim
2517 4931 2697 4989 editis
2736 4931 2988 4989 interim
3028 4930 3353 4989 sileamus.
3386 4928 3564 4986 Prior
3600 4928 3800 4987 Edilio

539 5048 637 5098 est
666 5034 1063 5108 Parisiensis,
1093 5036 1142 5095 'a
1172 5031 1510 5092 Bertholdo
1560 5032 1837 5091 Rembolt
1878 5031 2186 5091 adornata
2241 5047 2320 5091 an
2381 5029 2558 5103 1518,
2596 5030 3169 5105 complectiturque
3204 5028 3400 5086 libros
3430 5028 3799 5108 Moralium,

541 5136 894 5207 Pastorale,
925 5133 1249 5210 Dialogos,
1282 5133 1823 5195 Commentarium
1880 5132 1944 5189 in
2002 5131 2288 5200 Cantica,
2338 5130 2487 5189 etin
2527 5135 2766 5206 septem
2801 5130 3080 5191 Psalmos
3122 5127 3587 5208 prenitentiales
3616 5149 3630 5201 ;
3664 5130 3802 5192 Ho-

540 5237 747 5298 milias
788 5236 851 5293 in
887 5233 1286 5295 Ezecliielem
1317 5244 1380 5293 et
1406 5233 1467 5291 in
1496 5232 1865 5308 Evangelia,
1899 5250 1973 5293 ac
2002 5232 2430 5310 Epistolarum
2460 5232 2841 5309 llegislrum.

617 5336 799 5395 Hanc
832 5333 1008 5392 bresi
1042 5331 1313 5407 excepit,
1340 5348 1479 5404 quae
1516 5330 1893 5406 Rothomagi
1929 5331 2090 5391 facta
2124 5334 2216 5388 est
2254 5329 2421 5406 apud
2453 5330 2865 5390 Franciscum
2904 5331 3222 5407 Regnaut,
3255 5346 3359 5391 an.
3394 5330 3571 5390 1521.
3607 5332 3799 5392 Bien-

538 5440 645 5500 nio
677 5438 819 5515 post
850 5432 976 5495 alia
1012 5432 1379 5496 Parisiensis
1411 5449 1489 5491 ex
1521 5430 1771 5491 ofﬁcina
1797 5431 2041 5492 Claudii
2066 5429 2377 5492 Chevalon
2432 5432 2683 5508 prodiit.
2733 5432 2804 5491 ln
2837 5429 3054 5491 eadem
3101 5433 3261 5491 urbe
3293 5433 3521 5491 iterum
3556 5448 3797 5497 excusa

540 5544 694 5599 sunt
727 5538 941 5597 omnia
973 5537 1172 5597 sancti
1199 5532 1489 5609 Gregorii
1519 5550 1715 5608 opera
1743 5532 1909 5610 apud
1939 5534 2234 5595 Carolum
2258 5533 2561 5607 Guillart,
2591 5550 2697 5596 an.
2727 5532 2903 5592 15152.
2934 5531 3285 5593 Editionem
3318 5534 3482 5595 hanc
3513 5540 3796 5595 anteces-

536 5638 621 5701 sit
652 5634 1117 5713 Lugdunensis,
1151 5648 1257 5693 an.
1297 5630 1451 5689 1539
1481 5636 1541 5690 et
1574 5629 1745 5707 15lt0,
1778 5631 1840 5690 in
1874 5630 2125 5692 duobus
2156 5634 2369 5709 tomis,
2404 5640 2591 5695 aucta
2632 5632 3105 5692 Commentario
3138 5633 3201 5691 in
3242 5633 3353 5692 lib.
3389 5632 3411 5691 l
3446 5634 3711 5711 Regum.

620 5741 909 5815 Longum
933 5742 995 5802 et
1029 5736 1358 5797 taediosum
1396 5733 1555 5796 foret
1597 5753 1817 5797 omnes
1867 5753 2366 5805 commemorare
2395 5755 2537 5815 quae
2590 5736 2881 5816 deinceps
2938 5736 3224 5814 Parisiis,
3256 5738 3579 5815 Lugduni,
3614 5738 3792 5803 Basi-
