4118 6452
345 438 408 491 l7
1605 448 1971 505 ΡΒᾸΕΕἌΤΙΟ

2008 451 2415 513 GENERALIS.
3549 452 3610 509 id

342 548 484 629 lete,
516 557 911 634 Antuerpim,
946 558 1148 621 Dnaci
1184 565 1499 623 accuratas
1527 568 1718 635 sunt;
1750 565 2133 643 insigniores
2170 568 2385 647 itaque
2418 571 2663 629 tantum
2700 571 3119 649 attingendae:
3168 572 3235 633 in
3289 572 3384 634 his
3430 573 3617 635 Basi-

342 652 603 731 leensis,
634 676 743 722 an.
784 659 937 719 1551
975 665 1037 722 et
1066 659 1246 737 156’s,
1291 661 1712 723 Frobenianis
1766 665 1929 741 typis
1984 683 2248 740 excusa,
2280 684 2439 729 cura
2467 667 2700 741 Coccii,
2736 671 2845 746 qui
2878 670 3147 731 multum
3181 672 3500 733 laboravit
3543 674 3619 733 ut

342 759 546 818 sancti
576 760 866 839 Gregorii
905 779 1105 840 Opera
1144 761 1481 840 pristinam
1516 763 1861 841 puritatem
1888 766 2446 845 integritatemque
2482 778 2975 849 recuperarent;
3011 789 3231 833 verum
3260 779 3330 834 nt
3359 773 3419 833 id
3448 790 3608 834 con-

342 865 750 936 sequeretur,
789 861 1174 940 conjecturis
1222 862 1432 939 potius
1480 863 1615 923 suis
1663 862 1683 940 (
1717 863 1805 926 ita
1838 863 2078 927 ferebat
2108 866 2243 927 haec
2272 866 2466 947 tetas)
2508 884 2702 946 quam
2736 870 3018 946 antiquis
3041 871 3424 949 optimisque
3454 871 3610 932 Mss.

341 959 629 1020 credidit.
668 960 807 1021 Hac
833 962 901 1022 in
926 960 1222 1020 Editione
1274 961 1404 1023 alia
1434 965 1529 1021 est
1558 962 1623 1021 in
1658 962 1840 1023 libris
1871 964 2211 1027 Moralium
2245 967 2524 1045 capitum
2557 966 2785 1028 divisio
2813 985 3007 1046 quam
3042 969 3106 1030 in
3134 972 3605 1048 superioribus.

420 1058 699 1120 Joannes
732 1060 1004 1121 Gilotius
1047 1059 1435 1138 Campanus,
1493 1059 1593 1120 vir
1652 1060 2083 1139 doctissimus,
2144 1064 2210 1123 in
2262 1044 2523 1125 edendis
2581 1066 2771 1126 etiam
2809 1044 3010 1128 sancti
3056 1044 3347 1146 Gregorii
3401 1070 3618 1146 Magni
3703 1044 3710 1052 ³

342 1162 647 1239 operibus
685 1162 1012 1235 omnibus,
1046 1160 1599 1237 repurgandisque
1644 1177 1771 1220 non
1810 1178 2038 1238 parum
2068 1162 2407 1226 laboravit.
2435 1162 2588 1243 Ejus
2618 1164 2825 1226 Editio
2852 1164 3089 1243 publici
3118 1167 3283 1242 juris
3322 1165 3486 1230 facta
3516 1174 3613 1228 est

347 1259 639 1337 Parisiis,
674 1276 781 1321 an.
818 1258 1000 1331 1571,
1036 1264 1096 1319 et
1125 1258 1357 1318 iterum
1389 1258 1611 1335 paucis
1640 1264 1783 1335 post
1818 1260 2035 1320 annis.

424 1365 582 1433 Qua:
611 1361 827 1420 Romae
862 1359 1191 1420 Vaticanis
1226 1359 1417 1437 typis,
1450 1376 1625 1421 anno
1679 1357 1855 1430 1589,
1914 1358 2216 1422 inchoata
2244 1366 2339 1422 est
2366 1364 2746 1427 auctoritate
2794 1363 2953 1425 Sixti
2980 1364 3063 1442 V,
3098 1371 3160 1428 et
3211 1367 3617 1445 postmodum

343 1462 672 1543 absoluta,
706 1464 807 1524 cui
842 1462 1250 1523 doctissimus
1279 1462 1617 1541 episcOpus
1652 1460 2020 1523 Venusinus
2050 1461 2341 1540 praefuit,
2367 1464 2655 1524 omnium
2684 1465 3089 1542 superiorum
3124 1466 3260 1529 visa
3295 1470 3389 1527 est
3415 1483 3617 1529 accu-

345 1564 569 1636 ratior,
601 1580 729 1622 non
761 1570 975 1624 tamen
1016 1561 1447 1633 heterodoxis,
1485 1578 1759 1639 quorum
1793 1561 2350 1643 criminationibus
2381 1567 2443 1623 et
2473 1563 2754 1640 querelis
2778 1580 2929 1624 mox
2961 1565 3509 1643 respondebimus.

428 1660 542 1721 ΙΙΙ.
588 1660 872 1735 Quarum
939 1661 1321 1721 emendatior
1376 1659 1914 1721 Gussanrillaeana
1974 1660 2045 1720 in
2100 1660 2315 1721 multis
2349 1662 2748 1723 emendanda.
2780 1664 3109 1725 —Ultimo
3166 1666 3419 1737 tandem
3472 1666 3616 1727 loco

346 1780 454 1824 an.
490 1762 669 1834 1675,
703 1764 962 1842 vulgata
998 1767 1147 1823 sunt
1175 1762 1461 1836 Parisiis,
1502 1761 1721 1823 labore
1754 1767 1815 1821 et
1846 1759 2056 1821 studio
2081 1762 2241 1837 petri
2276 1761 2717 1823 Gussanvillwi
2756 1764 3111 1843 presbyteri
3155 1765 3374 1827 omnia
3410 1766 3617 1826 sancti

348 1864 638 1943 Gregorii
674 1863 889 1943 Magni
922 1879 1116 1942 opera
1163 1881 1240 1923 ex
1291 1861 1769 1941 quamplurimis
1814 1861 2161 1937 codicibus,
2207 1863 2295 1925 ait
2354 1864 2448 1924 vir
2499 1864 2920 1939 clarissimus,
2973 1866 3313 1927 emendata.
3375 1866 3611 1926 Verum

312 2030 315 2031 ν
347 1965 607 2042 quantis
656 1964 1040 2041 qualibusve
1065 1964 1299 2024 erratis
1336 1963 1559 2025 ultima
1590 1963 1724 2024 haec
1753 1963 1961 2023 Editio
1998 1964 2207 2024 adhuc
2242 1969 2505 2037 scateat,
2534 1983 2614 2025 ex
2647 1966 2867 2042 paucis
2919 1966 3044 2029 huc
3069 1966 3482 2042 adducendis,
3513 1970 3615 2030 in-

346 2067 554 2144 deque
587 2072 832 2144 quanta
868 2066 949 2124 sit
975 2064 1286 2125 Editionis
1318 2065 1743 2143 castigatioris
1776 2065 2148 2139 necessitas,
2184 2063 2540 2140 intelligere
2574 2064 2806 2125 licebit.

430 2169 526 2228 Ex
560 2168 1031 2245 omnibusquaa
1068 2165 1514 2228 Gussanvillaai
1554 2164 1757 2224 Editio
1783 2164 2248 2242 complectitur,
2286 2166 2497 2227 Vitam
2530 2166 2821 2242 Gregorii
2852 2168 3064 2245 Magni
3097 2186 3136 2232 a
3176 2170 3425 2232 Joanne
3454 2171 3616 2234 Dia-

350 2287 516 2331 cono
546 2258 878 2349 scriptam,
910 2276 1194 2331 veterum
1228 2269 1527 2331 Codicum
1582 2282 1777 2326 manu
1823 2270 2239 2326 exaratorum
2270 2281 2390 2341 ope
2420 2271 2800 2339 correctam,
2837 2266 2940 2327 hic
2975 2267 3041 2327 in
3068 2270 3388 2345 specimen
3418 2271 3613 2331 totius

346 2370 559 2447 operis
599 2370 1027 2430 exhibendam
1057 2369 1399 2447 selegimus
1434 2387 1452 2428 :
1492 2372 1623 2426 tum
1658 2364 1827 2442 quod
1861 2365 1925 2423 in
1960 2364 2078 2427 hac
2112 2364 2405 2424 Editione
2434 2364 2646 2424 statim
2673 2371 2992 2441 occurrat,
3017 2373 3151 2428 tum
3177 2368 3349 2448 quod
3381 2369 3447 2429 in
3481 2369 3617 2447 ipsa

344 2472 548 2534 multa
599 2490 681 2533 ex
714 2471 1067 2532 moralibus
1097 2471 1162 2529 in
1197 2470 1338 2542 Job,
1377 2472 1436 2528 et
1468 2485 1549 2528 ex
1576 2466 1861 2544 epistolis
1892 2471 2193 2544 excerpta
2223 2466 2713 2527 restituerimus.
2752 2469 2845 2527 Ad
2875 2486 3036 2546 quos
3059 2477 3278 2533 autem
3310 2489 3465 2534 mss.
3497 2471 3616 2532 Co-

342 2572 513 2635 dices
542 2574 714 2636 hanc
747 2573 961 2633 Vitam
994 2570 1531 2643 recensuerimus,
1568 2567 1903 2629 dicendum
1938 2568 2006 2627 in
2053 2566 2429 2641 praefatione
2465 2568 2583 2645 ipsi
2619 2568 2905 2645 praeﬁxa.

424 2679 563 2738 Lib.
600 2696 649 2753 ι,
683 2693 826 2755 cap.
859 2675 962 2748 28,
996 2674 1119 2736 col.
1156 2674 1252 2745 19,
1285 2674 1416 2733 haec
1450 2673 1515 2732 in
1553 2670 1777 2732 ultima
1804 2670 2098 2730 Editione
2129 2669 2436 2746 leguntur
2472 2688 2487 2727 :
2520 2670 2601 2729 In
2631 2670 2744 2731 illa
2773 2689 2919 2750 ergo
2967 2674 3227 2735 calcatis
3272 2675 3454 2752 regni
3482 2671 3618 2750 glo-

344 2776 447 2837 ria
478 2794 623 2837 caro
658 2774 992 2837 secundum
1014 2781 1307 2831 naturam
1355 2772 1500 2848 erit,
1549 2770 1652 2830 sed
1695 2768 2031 2828 secundum
2062 2768 2547 2845 corruptionem,
2588 2769 2684 2828 vel
2717 2771 2902 2831 etiam
2927 2774 3243 2849 passionis
3283 2771 3620 2843 desideria,

345 2896 475 2940 non
510 2879 657 2954 erit,
689 2879 758 2940 in
784 2884 1013 2937 aeterna
1063 2872 1552 2949 incorruptione
1603 2868 1911 2946 regnabit.
1942 2868 2083 2939 Quo
2133 2869 2197 2926 in
2251 2867 2393 2925 loco
2428 2886 2508 2927 ex
2560 2869 2908 2930 litoralibus
2954 2870 3300 2950 descripto,
3343 2872 3475 2931 haec
3504 2876 3621 2932 aut

346 2980 632 3059 suppleri
665 2979 894 3039 debent
930 2994 1011 3037 ex
1052 2973 1205 3035 Mss.
1264 2977 1375 3035 aut
1434 2971 1667 3049 corrigi
1702 2989 1717 3028 :
1750 2970 1833 3029 In
1865 2966 1980 3028 illa
2010 2984 2154 3045 ergo
2187 2967 2421 3028 caelesti
2456 2968 2686 3045 gloria,
2743 2988 2888 3030 caro
2938 2971 3276 3031 secundum
3327 2980 3621 3031 naturam

346 3085 492 3157 erit,
528 3080 632 3141 sed
660 3077 993 3141 secundum
1019 3075 1332 3157 passionis
1364 3072 1674 3136 desideria
1709 3088 1840 3132 non
1872 3070 2019 3144 erit,
2054 3068 2228 3148 quia,
2258 3067 2497 3127 devicto
2529 3070 2748 3129 mortis
2778 3059 3016 3144 aculeo,
3047 3070 3123 3145 in
3145 3077 3374 3131 (eterna
3404 3074 3622 3132 incor—

348 3184 648 3262 ruptione
676 3180 988 3261 regnabit.

426 3280 583 3358 Cap.
612 3283 718 3361 29,
750 3282 873 3344 col.
926 3278 1149 3343 eadem
1188 3299 1205 3339 :
1244 3278 1406 3338 Tum
1448 3276 1569 3355 piae
1601 3276 1908 3337 memoria:
1954 3272 2245 3334 Tiberius
2290 3273 3034 3352 Constantinopolitanus
3082 3274 3444 3353 imperator,
3490 3278 3611 3335 etc.

347 3384 515 3464 Lege
541 3404 623 3446 ex
654 3386 810 3447 Mss.
839 3382 1107 3445 Joannis
1142 3380 1431 3451 Diaconi,
1464 3383 1525 3440 et
1551 3378 1895 3440 Moralium
1930 3396 1945 3435 :
1984 3378 2144 3435 Tum
2170 3376 2291 3454 pice
2320 3393 2626 3437 memoriae
2668 3376 2957 3437 Tiberius
2999 3374 3456 3437 Constantinus
3489 3372 3621 3433 im-

348 3494 629 3567 perator.
662 3486 957 3547 Tiberius
1005 3484 1175 3545 enim
1220 3479 1623 3543 Constantini
1669 3477 2050 3557 cognomine
2086 3478 2487 3549 gloriabatur
2539 3478 2814 3541 Aliunde
2846 3495 2997 3540 vero
3032 3495 3223 3555 quem
3258 3477 3412 3536 latet
3442 3475 3616 3538 Con-

350 3588 770 3665 stantinopoli
826 3586 1232 3667 imperatoris
1278 3586 1561 3656 titulum,
1614 3581 1713 3643 his
1773 3580 2167 3660 temporibus
2214 3580 2601 3655 inauditum,
2646 3581 2856 3643 diviso
2907 3586 3127 3659 postea
3184 3578 3623 3657 inclinatoque

349 3690 620 3769 imperio
656 3690 947 3769 plurimis
995 3688 1140 3749 inde
1168 3686 1418 3748 saeculis
1455 3683 1713 3744 ortum?
3638 3748 3649 3755 .

428 3790 584 3869 Cap.
616 3791 719 3868 32,
751 3793 873 3854 col.
901 3791 980 3851 20
1011 3808 1026 3848 :
1068 3790 1145 3851 Ut
1189 3787 1315 3848 nisi
1342 3786 1509 3844 Deus
1538 3782 1809 3861 piissimi
1838 3785 1908 3842 in
1933 3781 2119 3842 corde
2159 3780 2472 3858 principis
2502 3778 2931 3855 inspiraverit,
2962 3783 3035 3837 ut
3065 3777 3316 3839 insitam
3339 3775 3461 3835 sibi
3499 3777 3625 3839 mi-

346 3894 761 3955 sericordiam
794 3895 926 3954 suis
957 3891 1207 3972 famulis
1234 3887 1580 3963 largiatur,
1618 3890 1677 3943 et
1704 3900 1891 3960 super
1941 3883 2115 3943 illam
2143 3881 2511 3957 diacoposin
2547 3879 2642 3938 vel
2688 3897 2880 3938 unum
2912 3880 3277 3956 magistrum
3323 3875 3625 3948 militum,

347 4003 412 4058 et
438 4012 630 4055 unum
657 3993 869 4055 ducem
896 3993 1193 4072 dignetur
1238 3988 1536 4050 Ecclesia
1561 3982 1919 4059 concedere,
1959 3984 2027 4044 in
2067 3983 2237 4042 omni
2269 3984 2457 4043 simus
2486 3979 2782 4057 angustia
2808 3979 3134 4046 destituti;
3165 3979 3315 4058 quia
3342 3974 3627 4037 maxima

350 4107 560 4179 partes
586 4099 881 4158 Romana:
916 4094 1083 4154 omni
1104 4088 1403 4171 praesidio
1431 4093 1708 4147 vacuata:
1732 4081 2044 4143 videntur.
2070 4080 2225 4155 Quis
2250 4081 2381 4142 haec
2410 4080 2627 4157 legens
2661 4101 2677 4141 :
2712 4095 2908 4138 unum
2933 4077 3299 4154 magistrum
3328 4076 3623 4146 militum,

352 4177 499 4269 etc.,
525 4196 824 4274 dignetur
847 4191 1139 4255 Ecclesia
1158 4188 1510 4258 concedere,
1536 4185 1845 4247 continuo
1868 4198 1997 4242 non
2027 4178 2371 4259 intelligat,
2402 4195 2623 4257 preces
2648 4196 2785 4238 esse
2815 4177 3205 4255 gementium
3240 4177 3626 4255 p0pnlorum

354 4300 421 4360 in
457 4299 647 4361 rebus
703 4294 1081 4374 desperatis,
1121 4310 1304 4373 Opem
1336 4288 1660 4360 Ecclesiae,
1708 4284 2072 4361 summique
2115 4281 2437 4361 pontiﬁcis
2473 4279 2846 4357 suppliciter
2874 4279 3375 4355 postulantium?
3411 4278 3621 4353 Ipsius

357 4409 568 4465 tamen
591 4399 826 4462 summi
860 4396 1175 4476 pontiﬁcis
1206 4393 1481 4473 gemitus
1504 4396 1689 4463 sunt,
1715 4383 2123 4465 imperatoris
2164 4382 2480 4445 auxilium
2510 4378 2931 4457 implorantis.
2960 4378 3157 4438 Atsic
3188 4377 3310 4454 legi
3342 4376 3572 4445 debent
3602 4395 3620 4437 :

358 4504 443 4565 Ut
476 4503 602 4565 nisi
631 4504 795 4561 Deus
840 4474 1113 4578 piissimi
1142 4496 1211 4556 in
1261 4492 1445 4553 corde
1472 4487 1787 4568 principis
1821 4481 2259 4562 inspiraverit,
2284 4488 2355 4541 ut
2391 4479 2644 4541 insitam
2696 4476 2816 4538 sibi
2862 4474 3352 4537 misericordiam
3375 4476 3505 4535 suis
3531 4476 3630 4565 [a-

356 4602 541 4663 mulis
572 4574 912 4679 largiatur,
958 4604 1017 4656 et
1067 4611 1253 4673 super
1305 4594 1415 4653 illa
1454 4593 1472 4669 (
1511 4591 1695 4660 Utic.,
1734 4602 1930 4662 super
1967 4584 2078 4644 illa
2114 4581 2356 4657 omnia)
2408 4578 2828 4656 diacopiosin,
2883 4576 2975 4636 vel
3027 4592 3217 4635 unum
3265 4574 3633 4651 magistrum

358 4704 651 4776 militum,
680 4678 751 4761 et
784 4717 977 4760 unum
1005 4698 1218 4759 ducem
1244 4696 1541 4774 dignetur
1576 4688 1928 4762 concedere,
1958 4684 2026 4745 in
2062 4683 2232 4744 omni
2266 4682 2459 4742 simus
2494 4682 2790 4760 angustia
2824 4679 3127 4750 destituti,
3164 4695 3311 4756 quia
3356 4678 3636 4739 maximo

359 4821 565 4892 partes
612 4812 899 4869 Romanae
936 4805 1103 4866 omni
1158 4802 1455 4882 prasidio
1512 4806 1787 4859 vacuata:
1814 4793 2135 4854 videntur.
2164 4789 2521 4850 Inﬂuobus
2556 4789 2711 4849 Mss.
2754 4782 3087 4862 Bigotiano
3134 4787 3197 4892 et
3222 4781 3526 4892 Uticensi,
3556 4778 3635 4842 ad

365 4879 631 4979 verbum
662 4908 1080 4987 diacopiosin,
1106 4879 1656 4981 interpretationis
1682 4897 1916 4977 gratia,
1946 4893 2162 4953 eadem
2186 4908 2378 4953 manu
2398 4888 2653 4950 additur
2681 4908 2695 4944 :
2732 4886 2798 4947 id
2828 4882 3256 4961 est,wrarium
3283 4879 3635 4958 publicum.

442 5014 676 5074 Eodem
715 4984 863 5087 cap.
890 5030 903 5065 :
939 5006 1105 5080 Quia
1128 5013 1180 5064 et
1210 5005 1275 5066 in
1303 5001 1648 5062 ministerio
1689 5006 1821 5068 tuo,
1853 5004 1908 5055 et
1939 4994 2008 5053 in
2039 5009 2215 5069 opere
2254 4994 2356 5051 cui
2403 5010 2532 5051 eum
2581 4987 3054 5067 prmposuimus,
3095 4984 3475 5045 necessarius
3505 5000 3639 5042 om-

363 5118 517 5179 nino
544 5112 971 5192 cognoscitur.
1001 5109 1069 5166 ln
1105 5107 1255 5166 Mss.
1278 5112 1493 5165 autem
1535 5121 1552 5160 :
1592 5099 1759 5175 Quia
1786 5104 1843 5156 et
1878 5096 1949 5155 in
1980 5093 2356 5153 monasterio
2389 5100 2496 5151 tuo
2532 5090 2793 5169 (scilicet
2820 5092 3105 5149 Romano
3135 5087 3336 5148 sancti
3370 5086 3638 5145 Andretn

366 5186 784 5294 monasterio)
813 5222 868 5275 et
896 5214 965 5273 in
993 5226 1156 5287 opus
1202 5222 1332 5283 quo
1363 5224 1493 5264 eum
1534 5200 2012 5282 praeposuimus,
2048 5194 2431 5256 necessarius
2461 5210 2601 5253 esse
2647 5192 2895 5251 omnino
2929 5188 3368 5266 cognoscitur,
3405 5186 3533 5257 vel,
3570 5191 3640 5294 ut

370 5322 645 5385 habetur
678 5283 1079 5385 in'Uticensi,
1111 5304 1525 5367 necessarium
1553 5320 1675 5361 esse
1707 5298 1960 5359 omnino
1997 5295 2448 5373 cognoscimus.
2490 5293 2687 5352 Porro
2709 5290 3043 5368 legendum
3084 5288 3210 5363 hic,
3258 5283 3636 5345 monasterio

369 5379 912 5487 nonministerio,
949 5379 1221 5489 probant
1280 5406 1416 5465 haec
1467 5401 1731 5462 Joannis
1786 5396 2051 5460 Diaconi
2105 5394 2301 5458 verba
2357 5391 2721 5451 immediate
2772 5386 3098 5465 subjecta:
3133 5385 3304 5445 Huic
3338 5379 3640 5461 siquidem

371 5524 748 5589 mona‘sterio
782 5519 961 5597 cujus
990 5517 1088 5575 hic
1124 5531 1285 5593 papa
1314 5508 1610 5587 Pelagius
1644 5504 1946 5577 meminit,
1978 5506 2076 5560 etc

452 5583 737 5704 CapsltS,
772 5583 891 5685 col.
945 5620 1023 5681 Ξῖι
1059 5642 1073 5681 :
1115 5583 1172 5678 et
1205 5583 1331 5695 pro
1388 5583 1591 5690 culpis
1639 5606 1786 5667 meis
1842 5603 1910 5664 in
1963 5600 2396 5679 occupationis
2434 5597 2725 5657 exsilium
2761 5595 2918 5673 facie
2968 5588 3350 5654 dominantis
3393 5583 3645 5656 missus,

374 5689 562 5811 quasi.
591 5689 901 5787 destitutis
948 5721 1107 5797 [Al.,
1146 5689 1520 5787 (Ic-structa}
1557 5708 1757 5781 vidua:
1790 5703 2000 5769 vocibu

2020 5722 2044 5762 s
2076 5721 2212 5763 cum
2261 5701 2567 5780 propheta
2598 5700 2737 5760 dico
2769 5720 2787 5758 :
2826 5720 2853 5751 ‹‹
2891 5696 3010 5771 Qui
3055 5689 3501 5750 consolabatur
3530 5704 3646 5761 me,

377 5788 561 5906 longe
589 5824 842 5885 recessit
875 5842 911 5881 α
943 5788 1055 5879 me.
1094 5788 1302 5890 sQuis
1336 5815 1455 5875 hac
1484 5813 1549 5871 in
1583 5808 1835 5870 salebra
1872 5821 2001 5865 non
2060 5803 2337 5863 haereat?
2392 5803 2457 5862 in
2514 5797 2971 5873 Manuscriptis
3023 5805 3178 5852 vero
3215 5790 3347 5851 sive
3381 5788 3651 5906 Joannis

380 5884 675 6002 bulam,
708 5908 845 5988 sive
875 5884 1330 6002 Epistolarum,
1363 5915 1595 5993 planus
1616 5916 1711 5973 est
1740 5908 1841 5971 hic
1869 5908 2046 5969 locus
2075 5926 2090 5965 :
2122 5903 2219 5964 Et
2241 5919 2362 5981 pro
2396 5899 2598 5979 culpis
2627 5898 2774 5960 meis
2798 5900 2868 5961 in
2902 5889 3337 5965 occupationis
3366 5884 3661 5954 exsilium
