4118 6488
488 506 491 507 ,
528 448 591 505 to
1765 456 2129 514 PBEFATIO
2163 454 2567 516 GENERALIS.
2967 422 2971 427 ⁷
3726 455 3805 509 so

525 579 563 621 a
582 561 747 642 faeie
774 560 1155 629 dominantis
1186 564 1435 642 missus,
1470 564 1652 646 quasi
1675 564 2010 630 destructas
2040 568 2271 631 Iudaica
2319 566 2570 631 vocibus
2601 582 2741 628 eum
2769 556 3078 644 propheta
3111 556 3251 625 dico
3286 581 3306 623 :
3350 584 3373 620 ι
3413 562 3539 638 Qui
3568 578 3806 627 conso-

522 662 776 725 labatur
819 683 931 741 sne,
983 666 1167 744 longe
1214 668 1468 731 recessit
1527 688 1563 729 a
1612 685 1725 729 me.
1766 667 2165 730 sEnimvero
2218 669 2444 731 alludit
2489 674 2750 731 sanctus
2783 666 3019 727 Doctor
3045 664 3124 725 ad
3158 663 3449 725 Jeremim
3476 664 3802 741 Threnos,

524 764 757 840 quibus
792 767 1022 829 Iudaeae
1051 769 1411 841 calamitas,
1441 772 1503 829 et
1530 770 1886 831 Jerusalem
1919 771 2170 831 eversio
2204 770 2539 831 deﬂentur.

603 865 758 942 Cap.
788 864 893 940 52,
929 867 1151 928 eadem
1175 867 1295 929 col.
1323 886 1339 928 :
1365 870 1543 929 Inter
1565 868 1689 929 hac
1711 869 1919 929 omnia
1948 870 2236 929 turbatus
2266 886 2481 948 cogor,
2513 869 2694 931 modo
2709 869 2779 930 in
2801 871 3002 947 ipsum
3031 870 3156 945 [ΑΙ.
3188 867 3407 946 ipsam]
3432 867 3670 929 clavum
3690 867 3806 930 ad-

524 966 878 1027 versitatem
928 968 1225 1047 dirigere,
1250 970 1431 1031 modo
1480 979 1739 1033 curvata
1764 970 1913 1031 navi
1944 964 2248 1049 impetum'
2264 971 2574 1048 ﬂuctuum
2623 970 2815 1031 latere
2846 973 3043 1030 minas
3088 972 3393 1050 ﬂuctuum
3427 988 3506 1029 ex
3548 969 3801 1049 obliquo

526 1067 835 1131 declinare
869 1070 1021 1148 [Al.,
1053 1089 1131 1133 ea:
1158 1071 1407 1152 obliquo
1437 1072 1626 1133 latere
1662 1071 2016 1147 declinare].
2049 1073 2400 1148 Corruptus
2445 1070 2549 1130 hic
2592 1071 2767 1131 locus
2798 1088 2878 1131 ex
2905 1071 3126 1131 iisdem
3158 1069 3314 1131 Mss.
3353 1069 3677 1130 sanandus
3707 1073 3807 1129 est

524 1174 718 1247 atque
745 1172 832 1233 ita
863 1173 1293 1235 restituendus
1326 1193 1340 1232 :
1376 1174 1667 1255 Interque
1712 1174 1835 1234 hcce
1866 1173 2069 1234 omnia
2119 1171 2409 1233 turbatus
2440 1188 2657 1249 cogor,
2688 1172 2870 1233 modo
2900 1175 2968 1234 in
3009 1176 3208 1251 ipsam
3240 1173 3485 1234 clavum
3514 1170 3806 1232 adversi-

528 1276 713 1330 tatem
734 1270 1023 1349 dirigere,
1052 1273 1233 1334 modo
1266 1284 1522 1336 curvato
1553 1274 1732 1335 navis
1763 1275 1975 1346 latere,
2007 1273 2206 1334 minas
2239 1272 2548 1352 ﬂuctuum
2576 1291 2654 1333 ea:
2696 1271 2944 1352 obliquo
2982 1272 3313 1335 declinare.

605 1371 744 1430 Duo
772 1368 874 1431 hic
899 1373 1247 1437 observare
1277 1375 1453 1435 lubet
1478 1376 1645 1437 circa
1679 1376 1890 1437 varias
1918 1375 2245 1447 lectiones,
2276 1392 2439 1452 quas
2476 1374 3007 1447 Gussanvillseus,
3043 1374 3280 1435 ultimae
3303 1370 3619 1432 Editionis
3644 1372 3803 1433 Gre~

526 1471 811 1547 goriante
840 1481 1101 1537 curator
1123 1476 1457 1538 annotavit
1487 1496 1504 1537 :
1541 1477 1839 1553 primum,
1864 1476 2035 1555 quod
2070 1482 2277 1537 taceat
2304 1476 2471 1536 unde
2503 1475 2783 1536 diversas
2814 1476 2957 1535 illas
2980 1473 3280 1535 lectiones
3308 1471 3803 1550 deprompserit.

525 1567 768 1635 Paucas
805 1586 961 1634 sane
998 1572 1242 1653 profert
1272 1579 1400 1635 tota
1432 1573 1741 1635 Editiouis
1773 1575 1974 1649 serie;
2003 1580 2067 1638 at
2107 1591 2455 1652 nusquam,
2483 1580 2595 1636 aut
2624 1574 2950 1635 rarissime
2972 1572 3270 1635 admonet
3298 1571 3533 1647 quibus
3560 1588 3640 1631 ex
3676 1571 3805 1633 Co-

500 1671 769 1736 .dicibus
799 1672 1037 1736 fuerint
1079 1681 1299 1738 erutae.
1353 1677 1661 1750 Alterum,
1720 1677 1890 1757 quod
1943 1678 2251 1754 optimam
2289 1677 2627 1738 lectionem
2659 1694 2695 1737 a
2726 1682 2900 1737 textu
2932 1677 3230 1737 exsulare
3273 1675 3523 1751 jubeat,
3555 1680 3801 1733 retenta

524 1771 781 1853 vitiosa,
809 1774 1019 1852 qualis
1051 1779 1177 1849 est,
1207 1776 1277 1838 in
1309 1776 1511 1856 ipsum
1559 1776 1802 1838 clavum
1852 1775 2289 1838 adversitatem
2317 1775 2622 1853 dirigere;
2667 1778 2729 1833 in
2764 1792 2889 1853 qua
2925 1792 3154 1835 sensus
3192 1773 3450 1850 penitus
3480 1771 3804 1833 desidera-

524 1877 649 1933 tur.
682 1874 919 1937 Eadem
953 1876 1291 1941 oscitantia
1321 1879 1387 1939 in
1435 1877 1761 1949 variarum
1794 1877 2144 1938 lectionum
2174 1874 2424 1936 delectu
2460 1891 2570 1951 per
2605 1879 2807 1935 totum
2845 1890 3004 1949 opus
3036 1877 3439 1949 perseverat.

604 1976 924 2039 Nonnulla
960 1978 1222 2042 forsitan
1260 1998 1345 2041 ex
1391 1980 1487 2040 bis
1522 1979 1776 2050 erratis,
1813 1977 2357 2057 typographorum
2404 1977 2669 2036 incuriae
2695 1981 2844 2036 sunt
2874 1974 3274 2036 ascribenda.
3308 1974 3384 2034 Et
3417 1989 3572 2035 sane
3600 1972 3802 2033 innu-

526 2094 719 2137 meras
748 2095 911 2155 pene
937 2080 1043 2142 hic
1063 2086 1411 2141 occurrunt
1438 2078 1796 2157 hujusmodi
1827 2077 2226 2156 corruptelae,
2262 2093 2404 2152 quaa
2433 2076 2812 2155 typograpbi
2851 2075 3156 2152 prmlique
3182 2075 3336 2134 vitio
3357 2075 3801 2153 irrepserunt;

498 2180 593 2243 -ιιι
626 2178 749 2238 col.
787 2175 882 2247 15,
910 2179 1075 2240 intra
1106 2196 1346 2259 paucas
1377 2182 1582 2243 lineas
1617 2202 1632 2243 :
1663 2178 1864 2242 Aliter
1885 2180 2092 2242 senior
2122 2197 2239 2259 pro
2270 2180 2429 2241 alter
2464 2178 2673 2240 senior
2695 2218 2708 2242 ,
2741 2178 2998 2238 aecessis
3034 2194 3150 2253 pro
3179 2176 3479 2247 accessit:
3501 2176 3683 2253 capit
3716 2184 3801 2235 te-

522 2292 681 2339 mere
713 2279 993 2359 ingentes
1039 2299 1215 2343 uoces
1252 2283 1546 2352 emittere.
1601 2300 1716 2362 pro
1756 2284 1937 2361 coepit
1974 2287 2251 2353 tremere,
2288 2281 2567 2357 ingentes
2619 2295 2798 2338 voces
2844 2278 3130 2339 emittere.
3182 2281 3259 2338 At
3307 2277 3800 2339 dormitantibus

523 2377 633 2455 qui
677 2380 835 2455 preli
865 2397 1086 2444 curam
1124 2386 1466 2461 gerebant,
1498 2384 1836 2464 invigilare
1863 2382 2135 2447 debebat
2169 2382 2443 2442 Editoris
2494 2379 2845 2457 diligentia,
2887 2386 2954 2439 ut
2991 2384 3082 2439 tot
3116 2388 3329 2443 errata
3376 2380 3799 2443 emendaren-

510 2483 651 2549 stur,
681 2480 794 2539 aut
819 2479 1043 2542 saltem
1066 2481 1143 2543 de
1178 2483 1276 2544 his
1304 2484 1525 2557 lector,
1557 2484 1726 2560 quod
1758 2484 1950 2546 etiam
1982 2482 2473 2560 praetermissum
2503 2485 2596 2540 est
2626 2478 3099 2541 admoneretur.

602 2575 867 2638 Interim
900 2578 1231 2642 dissimulo
1274 2582 1494 2661 viginti
1530 2582 1689 2643 duos
1721 2599 1967 2656 versus,
2007 2583 2117 2659 qui
2151 2582 2244 2643 sic
2282 2580 2591 2657 incipiunt
2624 2598 2637 2637 :
2673 2579 2931 2661 Suscipe
2973 2577 3321 2654 Romuleos,
3357 2586 3508 2660 etc.,
3534 2580 3597 2642 in
3628 2581 3798 2642 Gus—

522 2676 942 2741 sanvillasana
986 2676 1281 2743 Editione
1315 2682 1556 2754 deesse,
1596 2681 1741 2743 licet
1772 2682 1836 2742 in
1871 2682 2167 2759 omnibus
2200 2682 2354 2744 Mss.
2397 2699 2559 2759 quos
2584 2682 3021 2743 consuluimus
3054 2686 3111 2741 et
3144 2684 3205 2740 in
3255 2681 3580 2760 plerisque
3622 2682 3798 2743 libris

512 2772 708 2837 ceditis
738 2777 1172 2841 inveniantur.
1207 2782 1424 2860 Neque
1458 2799 1611 2844 vero
1658 2781 2006 2861 ambigitur
2058 2786 2275 2842 utrum
2320 2781 2590 2841 Joannis
2641 2780 2901 2841 Diaconi
2951 2780 3108 2840 fetus
3146 2781 3298 2855 sint,
3334 2787 3443 2843 aut
3475 2782 3555 2843 ad
3604 2782 3797 2845 vitam

532 2873 826 2955 Gregorii
855 2880 1073 2959 Magni
1104 2883 1487 2960 pertineant,
1519 2882 1703 2962 cujus
1751 2888 1901 2946 sunt
1933 2882 2108 2949 velut
2153 2882 2428 2962 epistola
2475 2882 2861 2944 dedicatoria
2893 2881 2971 2944 ad
3005 2882 3315 2943 Joannem
3356 2899 3592 2962 papam
3632 2881 3796 2956 Vill,

524 2981 741 3045 stricta
766 2984 1054 3048 oratione
1082 2988 1337 3063 scripta.

605 3083 754 3146 Haec
776 3082 932 3147 sunt
977 3087 1299 3166 prtecipua
1328 3104 1470 3163 qua:
1501 3087 1922 3167 castigatione
1952 3087 2018 3146 in
2070 3087 2276 3162 primo
2304 3084 2467 3144 Vitas
2515 3084 2926 3161 Gregorianas
2978 3085 3139 3159 libro
3190 3085 3535 3162 indigeant.
3560 3087 3629 3145 In
3662 3084 3797 3160 ipso

526 3184 1025 3247 Iecundilimiue
1046 3188 1261 3248 statim
1291 3186 1633 3247 ollenditur
1655 3187 1731 3248 ad
1762 3184 2064 3264 lapidem,
2090 3182 2259 3245 unde
2289 3201 2415 3244 non
2454 3184 2591 3245 leve
2626 3184 2889 3244 cadendi
2918 3185 3297 3259 periculum.
3324 3186 3639 3244 Nimirum
3673 3184 3798 3243 bte-

524 3291 721 3351 resim
747 3291 1004 3369 sapiunt
1036 3292 1193 3365 hinc,
1230 3308 1373 3369 quas
1405 3294 1474 3351 ut
1502 3306 1537 3351 a
1570 3290 1882 3365 Gregorio
1918 3288 2159 3366 scripta
2185 3302 2323 3365 cap.
2359 3285 2419 3360 ιι,
2467 3286 2591 3347 col.
2624 3286 2726 3355 27,
2781 3286 3147 3345 referuntur
3180 3306 3195 3344 :
3227 3286 3532 3361 Quintum
3559 3303 3799 3364 quoque

524 3392 865 3456 concilium
905 3396 1147 3474 pariter
1173 3410 1453 3467 veneror,
1501 3394 1569 3453 in
1616 3410 1760 3472 quo.
1813 3435 1829 3452 .
1884 3436 1898 3453 .
1948 3435 1963 3451 .
2014 3436 2030 3451 .
2084 3432 2097 3450 .
2149 3397 2203 3449 et
2252 3389 2615 3450 Theodorus
2662 3405 2990 3467 personam
3034 3376 3421 3450 ‘Mediatoris
3447 3389 3516 3448 in
3562 3385 3799 3447 duabus

526 3494 896 3558 substantiis
925 3514 1242 3573 separans,
1271 3497 1352 3557 ad
1377 3494 1716 3575 impietatis
1746 3493 2072 3574 perﬁdiam
2109 3491 2398 3555 cecidisse
2429 3491 2871 3560 convincitur,-
2902 3491 3275 3551 Theodorus
3307 3492 3798 3568 Mopsuestenus

526 3593 593 3656 in
620 3593 1105 3657 Nestorianismi
1142 3594 1571 3672 suspicionem
1598 3593 1911 3655 adductus
1940 3599 2060 3669 est,
2088 3611 2215 3653 non
2242 3591 2412 3671 quod
2437 3591 2595 3652 duas
2626 3592 2688 3651 in
2720 3590 2976 3652 Christo
3004 3591 3394 3653 substantias
3427 3592 3800 3667 agnosceret

530 3696 701 3775 (quis
736 3698 931 3770 enim,
965 3697 1086 3757 nisi
1119 3696 1386 3775 Eutychi
1420 3695 1667 3770 favens,
1717 3711 1953 3773 negare
1987 3692 2218 3757 audeat
2250 3695 2571 3757 Christum
2603 3709 2680 3754 ex
2719 3691 2966 3751 duabus
3000 3696 3295 3750 constare
3319 3686 3800 3763 substantiisl),

511 3797 638 3857 sed
674 3797 844 3875 quod
878 3797 942 3857 in
974 3796 1135 3856 duas
1161 3793 1602 3855 subsistentias
1632 3795 1843 3872 ipsum
1874 3794 2095 3873 partiri
2124 3793 2510 3855 crederetur.
2545 3794 2613 3852 ln
2646 3792 2796 3852 Mss.
2822 3808 3077 3868 quoque
3102 3790 3260 3849 Vitas
3282 3796 3341 3849 et
3371 3788 3800 3865 Epistolarum

527 3894 801 3975 legimus
834 3916 849 3955 :
884 3894 1247 3956 Theodorus
1270 3908 1603 3971 personam
1626 3893 2009 3956 Mediatoris
2036 3894 2104 3955 in
2125 3892 2367 3955 duabus
2399 3891 2819 3952 subsistentiis
2846 3907 3167 3968 separans.
3458 3972 3461 3973 ν

610 3996 911 4057 Lesiores
946 3995 1471 4069 alluoinationes,
1503 4012 1622 4055 nec
1656 4000 1869 4055 tamen
1908 3995 2047 4054 sine
2077 3992 2524 4053 emendatione
2556 3992 2990 4068 relinquendae
3036 3996 3207 4061 sunt,
3240 3992 3361 4050 col.
3393 3988 3493 4061 28,
3526 4009 3562 4048 a
3607 3989 3799 4050 Vitel-

515 4095 703 4156 liano
735 4096 818 4154 sit
844 4093 1112 4171 pressule
1140 4094 1513 4169 destinatus,
1544 4111 1663 4171 pro
1698 4113 1736 4153 a
1770 4093 2117 4162 l’italiano;
2152 4095 2278 4157 col.
2309 4094 2413 4167 29,
2443 4092 2519 4153 ob
2550 4092 2746 4153 hocse
2775 4092 2963 4165 nulli,
2999 4109 3113 4169 pro
3139 4092 3213 4151 ob
3247 4092 3361 4152 hoc
3386 4110 3446 4151 se
3476 4088 3799 4156 nonnulli;

535 4192 687 4251 ibid.
720 4214 735 4253 :
768 4192 892 4266 Qui
917 4193 987 4251 in
1018 4191 1232 4252 diuino
1264 4211 1471 4254 amore
1492 4193 1953 4254 districtionem
1976 4193 2185 4254 subire
2205 4195 2443 4272 appetit
2474 4195 2833 4253 servitutem
2864 4212 2881 4259 ;
2916 4211 3031 4268 pro
3051 4194 3158 4270 qui
3178 4193 3243 4252 in
3266 4193 3483 4252 divino
3515 4190 3800 4267 obsequio

534 4291 981 4351 districtiorem
1010 4291 1218 4353 subire
1243 4295 1484 4372 appetit
1512 4294 1916 4361 servitutem;
1954 4296 2134 4372 ibid.,
2162 4296 2229 4354 in
2257 4295 2370 4354 hac
2399 4295 2556 4365 sede,
2598 4312 2713 4370 pro
2742 4295 2809 4353 in
2843 4294 2956 4356 hac
2990 4312 3091 4361 re:
3128 4294 3248 4354 col.
3285 4295 3381 4362 31s,
3416 4304 3633 4355 sancto
3663 4309 3802 4353 cru-

534 4389 625 4448 cis
653 4388 857 4467 signo,
892 4407 1010 4466 pro
1037 4393 1205 4469 facta
1243 4394 1447 4454 crucis
1482 4393 1852 4469 signaculo;
1884 4394 2008 4452 col.
2040 4394 2143 4470 37,
2175 4393 2391 4454 divino
2423 4394 2595 4453 intus
2620 4394 2898 4465 auxilio,
2934 4411 3047 4471 pro
3075 4393 3292 4454 divino
3318 4397 3518 4472 iutus,
3553 4411 3662 4453 seu
3697 4390 3802 4451 ad-

514 4489 709 4579 jutus
736 4488 1018 4558 auxilio;
1051 4493 1173 4551 col.
1205 4493 1304 4564 38,
1332 4495 1401 4554 in
1434 4494 1521 4553 eis
1550 4494 1793 4554 clericis
1828 4493 1921 4554 vel
1946 4493 2014 4554 hi
2041 4495 2153 4573 qui
2178 4496 2247 4555 in
2278 4512 2456 4556 sacro
2504 4505 2652 4555 sunt
2685 4496 2903 4557 ordine
2930 4497 3290 4571 constituti,
3320 4512 3433 4571 pro
3468 4494 3534 4553 in
3562 4493 3648 4551 eis
3683 4490 3802 4551 cle—

532 4590 689 4664 rici,
721 4588 816 4651 vel
845 4589 910 4650 hi
937 4590 1048 4668 qui
1081 4591 1150 4651 in
1185 4608 1363 4653 sacro
1391 4600 1538 4653 sunt
1567 4592 1789 4654 ordine
1818 4593 2152 4655 constituti
2171 4612 2189 4659 ;
2219 4593 2398 4661 ibid:
2441 4593 2596 4655 Volo
2629 4600 2827 4653 autem
2857 4602 2930 4653 ut
2958 4593 3193 4654 damna:
3212 4593 3415 4652 sancti
3441 4588 3803 4651 Patericltite

534 4689 673 4765 [Αι.
709 4687 1138 4767 Patriarchiw]
1169 4709 1309 4751 mete
1332 4692 1558 4771 offeras
1593 4693 1830 4755 solidos
1864 4692 2321 4773 quadraginta,
2361 4713 2474 4770 pro
2506 4694 2743 4757 domnae
2794 4696 3057 4757 Pateria:
3087 4695 3230 4754 thin?
3255 4710 3415 4759 meae,
3470 4696 3539 4751 ut
3576 4690 3804 4767 legitur

510 4794 605 4853 .in
639 4792 938 4852 omnibus
969 4792 1124 4852 Mss.
1158 4799 1290 4853 tum
1321 4794 1482 4856 Vitae
1514 4794 1717 4858 sancti
1749 4796 2039 4874 Gregorii
2070 4801 2205 4855 tum
2233 4793 2373 4871 ejus
2404 4797 2844 4874 epistularum.
2874 4796 3028 4858 Thia
3063 4798 3274 4855 autem
3311 4809 3434 4854 vox
3465 4799 3561 4852 est
3583 4790 3804 4855 Graeca

516 4898 802 4960 amitam
826 4898 1212 4976 signiﬁcans.

512 5036 516 5041 -
622 4997 864 5059 Caetera
915 4997 1263 5059 omittimus
1298 5016 1442 5076 quae
1477 5002 1574 5062 vel
1625 5005 1693 5061 in
1727 4999 1945 5061 eodem
1980 5000 2147 5060 libro
2193 5017 2240 5058 Il
2264 5045 2278 5072 ,
2322 5000 2416 5057 vel
2447 5001 2510 5057 in
2543 4999 2792 5058 duobus
2851 4998 3270 5074 sequentibus
3301 5015 3377 5058 ex
3418 4998 3570 5057 Mss.
3601 4997 3805 5058 corri-

549 5096 753 5176 genda
782 5114 921 5158 sese
943 5097 1338 5159 obtulerunt.
1378 5100 1563 5160 Inviti
1617 5102 1789 5161 enim
1822 5099 1901 5160 ad
1952 5100 2165 5161 aliena
2202 5108 2411 5158 errata
2462 5099 2804 5158 revelanda
2858 5100 3276 5169 accessimus;
3330 5105 3392 5156 at
3440 5098 3638 5158 nostri
3670 5104 3805 5161 erat

516 5194 821 5255 instituti
852 5196 1071 5270 paucis
1101 5198 1329 5257 saltem
1357 5196 1800 5260 demonstrare
1828 5217 2008 5262 novae
2055 5198 2363 5258 Editionis
2398 5198 2863 5269 necessitatem.
2894 5201 3052 5273 Quae
3082 5200 3268 5260 etiam
3301 5200 3465 5259 ratio
3497 5198 3611 5259 fuit
3647 5205 3713 5260 ut
3743 5200 3804 5261 in

543 5291 816 5370 singulis
844 5293 1321 5370 praefationibus
1350 5314 1511 5373 quas
1563 5301 1911 5375 unicuique
1961 5297 2504 5372 Gregorianorum
2555 5317 2820 5373 operum
2877 5301 3325 5378 praemisimus,
3380 5298 3803 5376 quorumdam

544 5398 905 5454 erratorum
936 5410 975 5452 a
1001 5396 1183 5455 nobis
1215 5396 1671 5473 castigaturum
1712 5398 2034 5472 specimen
2069 5398 2509 5456 curaverimus
2540 5398 2869 5458 exhibere.

630 5492 735 5552 IV.
792 5491 1276 5556 Gussanoillwus
1318 5505 1372 5555 et
1432 5497 1698 5555 Romani
1748 5496 2047 5555 Editores
2093 5505 2500 5557 excusantur.
2540 5531 2607 5540 η-
2640 5498 2816 5556 Absit
2877 5504 3080 5555 tamen
3135 5501 3203 5556 ut
3253 5498 3479 5559 debila;
3523 5500 3591 5561 P.
3639 5499 3806 5561 Gus-

510 5596 873 5665 ,sanvillaao
909 5596 1081 5657 laudi
1109 5600 1189 5658 ob
1234 5597 1397 5657 edita
1434 5598 1634 5658 sancti
1676 5596 1966 5674 Gregorii
2017 5614 2212 5673 opera
2262 5597 2611 5657 detractum
2664 5595 3009 5672 quidquam
3066 5596 3351 5656 velimus.
3408 5599 3482 5656 At
3536 5598 3805 5659 arduum

512 5705 711 5775 terat,
746 5717 824 5758 ne
846 5699 1130 5758 dicamus
1163 5698 1581 5774 impossibile,
1615 5698 1864 5759 doctum
1898 5698 2073 5757 illum
2114 5701 2583 5776 presbyterum,
2620 5698 2871 5756 nomine
2909 5698 3028 5755 lare
3052 5697 3347 5775 juvaute,
3379 5699 3438 5757 in
3473 5700 3644 5761 tenui
3678 5699 3806 5761 fur-

549 5804 731 5873 tuna,
769 5806 957 5867 tanta:
984 5798 1164 5859 molis
1198 5800 1377 5874 operi
1410 5799 1727 5860 sullicere.
1768 5801 2058 5860 Aliorum
2089 5817 2346 5875 quoque
2386 5800 2493 5873 qui
2525 5799 3057 5857 Gussanvillauum
3100 5808 3557 5874 praecesserunt
3593 5800 3807 5859 Edito—

546 5918 698 5965 sum
714 5902 991 5973 gloriam
1023 5903 1372 5962 obscurare
1402 5918 1526 5962 non
1561 5907 1657 5962 est
1694 5902 1975 5969 animus,
2030 5900 2308 5963 maxime
2344 5900 2777 5959 Romanorum
2813 5918 2827 5957 :
2863 5900 2989 5959 imo
3025 5917 3172 5961 vero
3200 5908 3377 5964 eos‘a
3404 5901 3662 5965 Thoan
3695 5901 3807 5966 Ja-

298 6230 623 6488 Δ

298 6230 623 6480 Δ
