4118 6452
308 399 380 459 Ii
1550 401 1914 468 PREFAT'IO

1968 400 2366 470 GENERAUS.
3518 393 3594 456 ἓ

318 517 504 581 mesii
537 515 867 596 scriptoris
897 515 1274 586 heterodoxi
1305 516 1655 584 maledictis
1679 526 1742 586 et
1771 518 2326 590 criminationibus
2356 512 2678 578 vindicare
2710 510 3055 594 (Vindicio:
3081 511 3380 602 θαρρῇ,
3407 511 3585 598 9.2),

310 619 420 681 hic
447 637 662 698 Operm
691 622 965 702 pretium
993 620 1444 698 judicavimus.
2665 612 2668 615 ’

394 720 556 784 Suus
577 721 898 786 Jamesius
927 720 1232 784 vindicias
1259 721 1688 799 Gregorianas
1711 719 1968 783 orditur—
1981 720 2062 782 ab
2091 719 2216 788 illis
2239 718 2447 786 verbis
2474 715 2759 795 epistolae
2781 715 2858 780 ad
2891 723 3182 782 sanctum
3203 714 3591 788 Leandrum.

307 838 459 899 quin
488 821 727 902 legitur
760 831 906 886 ante
937 823 1276 884 Moralium
1333 822 1528 886 libros
1568 842 1584 886 :
1621 821 1991 884 Stecutarem
2019 819 2299 883 habitum
2345 825 2735 879 contemnere
2785 814 3001 876 melius
3030 814 3280 892 putavi,
3325 833 3470 902 quas
3503 815 3596 874 sic

309 919 609 984 emendat
644 940 727 986 ex
764 921 1130 1000 Anglicanis
1156 922 1340 994 Mss.,
1369 921 1657 990 δίκαιαι-ἱ
1694 919 1911 984 habitu
1944 919 2191 998 contegi
2231 915 2449 980 melius
2472 914 2720 996 putavi.
2757 914 2938 987 Quod
2973 914 3064 978 sic
3093 915 3410 984 Jamesins
3444 931 3598 974 cor—

315 1022 582 1092 rexerit,
634 1039 760 1081 non
797 1021 1257 1098 vituperamus,
1287 1021 1372 1082 ita
1401 1023 1571 1084 enim
1609 1021 1952 1099 legendum
1982 1037 2060 1082 ex
2093 1036 2292 1086 manu
2319 1018 2604 1084 exaratis
2636 1015 2972 1084 Codicibus
3005 1016 3302 1082 fatemur.
3343 1022 3420 1082 At
3443 1017 3590 1093 quis

313 1122 454 1199 ejus
483 1121 943 1199 impudentiam
991 1139 1118 1182 non
1155 1139 1324 1199 aegre
1359 1120 1540 1196 ierat,
1577 1124 1727 1186 dum
1771 1119 1850 1184 ad
1880 1120 2129 1190 tantilla
2161 1120 2254 1186 sic.
2279 1119 2601 1186 exclamt
2636 1116 2836 1180 :Hem
2860 1115 3170 1180 Romanos
3193 1127 3596 1190 correctores,

313 1224 408 1286 uel
434 1226 739 1303 professos
763 1227 978 1305 potius
1010 1233 1410 1304 corruptores
1440 1224 1785 1288 librorum!
1823 1225 2033 1303 Agunt
2068 1223 2394 1292 stabiscum
2424 1240 2554 1282 non
2599 1220 2716 1300 ﬁde
2749 1220 3188 1294 Romana,hoc
3215 1230 3331 1294 est,
3361 1221 3599 1299 optima

314 1332 378 1387 et
403 1325 686 1404 antiqua,
718 1326 822 1388 sed
847 1324 964 1404 ﬁde
998 1327 1273 1398 Punica,
1305 1323 1561 1404 perﬁde,
1604 1325 1894 1390 scelerate
1946 1332 2175 1388 cuneta
2210 1321 2618 1392 immittenda.
2652 1322 2851 1396 Quasi
2886 1339 3040 1388 vero
3068 1321 3364 1390 lectionis
3403 1322 3594 1400 hujus

314 1434 614 1489 auctores
665 1428 792 1488 sint
851 1429 1120 1490 Romani
1172 1428 1488 1499 Editores,
1529 1443 1673 1505 quae
1708 1426 1997 1490 videlicet
2030 1425 2349 1503 reperitur
2389 1425 2454 1488 in
2503 1421 2960 1488 vetustioribus
3018 1420 3188 1484 Edit.
3220 1420 3596 1489 Basiiecnsi,

314 1543 420 1592 an.
457 1524 630 1600 1511i,
661 1537 722 1589 et
752 1528 1119 1600 Parisiensi,
1149 1545 1257 1591 an.
1292 1527 1467 1590 1518.
1503 1529 1694 1590 Libro
1710 1545 1912 1590 xxviii
1937 1526 2266 1599 Moral.,c.
2289 1525 2350 1597 1,
2372 1524 2629 1603 legitur,
2653 1521 2883 1586 mendo
2907 1521 3366 1604 typograpbico
3394 1541 3409 1580 :
3457 1521 3600 1590 Vidi

313 1644 556 1687 servum
581 1646 774 1688 uicum
804 1627 928 1690 Job
967 1631 1146 1708 (Job.
1181 1647 1226 1705 ι,
1253 1629 1344 1708 8),
1380 1647 1494 1707 pro
1522 1629 1780 1701 vidisti;
1812 1630 1891 1693 ad
1917 1645 2062 1706 quas
2092 1637 2389 1706 proterve
2411 1625 2732 1696 Jamesius
2767 1645 2783 1684 ι
2817 1625 2940 1694 Est
2964 1632 3333 1706 corruptus,
3363 1624 3601 1701 inquit.

314 1732 528 1789 textus
559 1738 628 1788 ut
655 1729 794 1807 ﬁeri
821 1738 986 1791 ornat
1015 1749 1054 1790 a
1087 1731 1400 1796 Romanis.
1435 1731 1632 1798 Nemo
1671 1749 1798 1794 non
1856 1731 2023 1794 videt
2079 1729 2378 1798 mendum
2413 1731 2531 1796 hec
2564 1730 2929 1798 inconsulto
2968 1727 3328 1806 irrepsisse.
3375 1744 3588 1807 neque

313 1825 638 1903 conjicere
675 1828 822 1890 licet
855 1831 1006 1907 quid
1033 1847 1243 1894 causes
1279 1829 1506 1900 fuisset
1537 1831 1843 1896 Romanis
1882 1830 2246 1898 Editoribus
2285 1831 2558 1910 legendi,
2594 1831 2727 1900 uidi
2757 1832 2970 1910 potius
2998 1847 3194 1908 quam
3231 1828 3452 1900 vidisti

397 1927 936 2001 Nonjnﬁciamur
963 1942 1172 1995 tamen
1204 1934 1495 1997 Romana
1525 1934 1586 1994 in
1619 1933 1908 1998 Editione
1938 1933 2214 2013 plurima
2245 1933 2371 2012 legi
2398 1951 2581 2002 secus
2609 1952 2686 1998 ac
2712 1935 3008 2007 debeant,
3057 1932 3228 2010 quod
3267 1950 3381 2010 pro
3413 1945 3594 2000 more

320 2033 683 2108 temporum
718 2034 980 2094 illorum
1013 2044 1145 2095 tum
1178 2036 1347 2112 apud
1379 2035 1798 2109 orthodoxae,
1831 2041 1966 2098 tum
2002 2034 2172 2113 apud
2224 2033 2558 2102 hisreticos
2592 2036 3059 2114 receptissimi),
3092 2034 3401 2110 neglectis
3439 2047 3597 2103 mss.
3673 2083 3675 2086 ι

323 2127 679 2205 Codicibus,
716 2133 1061 2211 plurimum
1096 2135 1482 2214 conjecturis
1517 2134 1978 2212 indulgeretur.

407 2228 476 2289 V.
513 2229 709 2293 Nocte
753 2230 1082 2296 Editiouis
1115 2231 1446 2296 consilium
1469 2249 1612 2292 mss.
1643 2230 1792 2294 Cod.
1821 2249 1958 2310 ope.
1985 2263 2058 2276 --
2097 2230 2254 2298 Cum
2305 2231 2522 2310 itaque
2568 2231 2765 2298 multa
2791 2229 3142 2304 desiderari
3173 2240 3442 2310 nqueat,‘
3472 2233 3607 2298 sive

317 2329 396 2394 ad
436 2331 895 2410 integritatem,
929 2333 1064 2396 sive
1089 2335 1165 2400 ad
1197 2333 1652 2414 perfectionem
1674 2332 1992 2398 Editionis
2015 2348 2051 2394 a
2080 2332 2551 2402 Gussanvillseo
2580 2341 2900 2404 accurata
2921 2332 3094 2412 (licet
3128 2333 3418 2404 omnium
3443 2349 3608 2411 prae-

320 2433 713 2498 stantissima
747 2436 1152 2512 censeatur);
1194 2440 1272 2498 ad
1321 2435 1715 2500 emendanda
1747 2455 1824 2506 ex
1859 2453 2014 2499 mss.
2040 2433 2412 2508 Codicibus;
2456 2434 2649 2507 notis,
2699 2433 2808 2507 ubi
2839 2433 3222 2504 necessariae
3252 2432 3404 2498 visa:
3431 2438 3608 2504 sunt,

320 2533 746 2610 illustranda;
783 2543 844 2598 et
878 2538 1060 2599 novis
1100 2538 1262 2616 typis
1291 2538 1534 2602 edenda
1559 2538 1853 2619 Gregorii
1879 2537 2094 2616 Magni
2126 2555 2321 2618 apere
2347 2541 2602 2606 tandem
2636 2554 2749 2610 nos
2778 2536 3180 2608 accinximus
3217 2555 3233 2599 :
3265 2535 3611 2608 adhibitis-

324 2651 449 2710 que
479 2636 774 2712 plurimis
811 2656 842 2697 e
875 2645 1094 2702 nostra
1124 2639 1522 2717 potissimum
1561 2640 2060 2718 congregatione
2087 2639 2303 2710 sociis.
2334 2639 2626 2710 Hectoris
2666 2639 2890 2710 eximii
2933 2639 3173 2718 scripta
3203 2640 3420 2711 omnia
3449 2655 3611 2711 sou-

328 2731 589 2792 lutimus
626 2735 700 2794 ad
735 2733 1110 2798 innumeros
1151 2755 1310 2814 pene
1344 2740 1602 2815 optimas
1633 2737 1774 2798 ﬁdei
1808 2737 2070 2802 Codices
2103 2755 2299 2808 manu
2333 2748 2666 2808 exaratos.

406 2833 542 2896 Hoc
577 2835 719 2896 loco
747 2835 822 2896 de
854 2855 1008 2906 mss.
1040 2837 1352 2903 librorum
1389 2839 1774 2904 auctoritate
1804 2856 1879 2900 ac
1911 2838 2032 2904 (ide
2073 2837 2390 2900 disserere
2420 2841 2942 2917 supersedemus,
2973 2855 3135 2917 quas
3179 2839 3332 2917 ipsis
3359 2841 3613 2918 egregie

332 2949 538 3010 nuper
575 2936 858 3003 asseruit
895 2945 1114 3006 noster
1135 2939 1417 3007 Joannes
1445 2939 1858 3002 Mabillonius
1887 2939 1951 3004 in
1975 2939 2433 3016 Supplemento
2466 2940 2610 3010 libri
2637 2940 2712 3002 de
2742 2941 2832 3002 Re
2854 2941 3295 3019 Diplomatica.
3327 2958 3470 3018 cap.
3512 2941 3613 3003 13.

331 3032 568 3096 Eorum
600 3053 860 3114 quoque
897 3039 1232 3106 utilitatem
1271 3041 1556 3118 impense
1588 3037 1805 3102 laudat
1848 3040 2254 3102 doctissimus
2286 3042 2344 3106 J.
2375 3041 2751 3110 Sirmondus
2778 3062 2812 3104 e
2843 3045 3148 3114 societate
3192 3044 3342 3115 Jesu
3381 3046 3445 3108 in
3480 3046 3614 3108 An-

329 3136 660 3202 tirrhetico
696 3138 1003 3221 adversus
1039 3142 1105 3202 P.
1153 3143 1484 3204 Aurelium
1519 3140 1538 3219 (
1571 3141 1746 3202 Tom.
1788 3142 1881 3208 ιν
1916 3158 2093 3206 nocte
2124 3141 2250 3208 Ed.
2290 3143 2368 3214 Ρ,
2398 3143 2475 3208 de
2513 3143 2574 3214 la
2611 3145 2901 3216 Beaune,
2933 3161 3000 3206 η.
3027 3144 3088 3218 9,
3119 3161 3188 3222 ιι,
3224 3143 3393 3224 266).
3423 3144 3611 3212 Certe

330 3239 586 3301 nonnisi
617 3240 900 3310 adhibita
933 3251 1225 3306 veterum
1263 3243 1521 3302 illorum
1554 3242 1853 3304 Codicum
1887 3241 2022 3308 face
2055 3260 2197 3321 spes
2233 3241 2364 3315 ulla
2401 3249 2496 3312 est
2522 3242 2899 3313 emendandi
2947 3248 3320 3314 sanctorum
3355 3245 3614 3308 Patrum

329 3354 547 3416 Opera,
577 3339 641 3400 in
685 3341 919 3418 quibus
975 3341 1362 3421 castigandis
1408 3347 1654 3419 quanta
1703 3340 2064 3421 diligentia,
2121 3349 2402 3419 quantus
2469 3343 2840 3425 requiratur
2868 3341 3053 3413 labor
3105 3343 3348 3421 optime
3393 3342 3614 3413 edocet

331 3438 632 3506 Erasmus
680 3442 744 3511 in
783 3443 966 3520 epist.
1013 3442 1090 3510 ad
1123 3442 1502 3508 Waramum
1557 3442 2087 3508 Cantuaricnsem
2132 3443 2692 3524 archiepiscopum
2734 3470 2748 3508 :
2785 3445 2994 3514 Unum
3036 3444 3222 3518 illud,
3256 3444 3488 3525 inquit,
3542 3450 3614 3508 ut

332 3557 462 3601 cere
511 3541 713 3602 dicam
744 3551 800 3602 et
827 3542 1148 3614 audacter,
1177 3541 1443 3602 minoris
1489 3541 1770 3602 arbitror
1823 3542 2208 3622 Hieronymo
2237 3560 2382 3606 suos
2439 3543 2794 3612 constitisse
2843 3543 3042 3604 libros
3073 3542 3384 3613 conditos,
3432 3560 3615 3622 quam

330 3642 508 3704 nobis
534 3645 887 3720 restitutos,
917 3653 972 3706 et
989 3643 1402 3724 paucioribus
1431 3643 1668 3722 vigiliis
1696 3643 1867 3722 apud
1891 3642 2071 3707 illum
2100 3650 2283 3706 natos
2310 3645 2527 3722 fuisse,
2552 3663 2737 3723 quam
2768 3643 2936 3724 apud
2976 3662 3091 3712 nos
3117 3652 3394 3714 renatos.
3429 3643 3616 3705 Hunc

329 3742 617 3808 laborem
665 3744 828 3812 infra
876 3752 1206 3824 comparat
1247 3745 1557 3807 Herculeo
1598 3745 1693 3804 his
1748 3745 2005 3810 verbis:
2039 3745 2166 3810 Nec
2203 3747 2366 3828 enim
2394 3746 2773 3814 tantumdem
2820 3744 3053 3812 laberis
3089 3744 3485 3816 nuntiatum
3513 3759 3616 3816 ar-

331 3842 540 3905 bitror
571 3847 640 3906 in
662 3847 880 3922 paucis
909 3846 1268 3910 edomandis
1293 3848 1620 3922 monstris,
1657 3866 1843 3925 quam
1877 3844 2032 3933 mihi
2063 3846 2134 3906 in
2157 3846 2453 3910 tollendis
2484 3855 2578 3907 tot
2611 3847 2971 3912 mendarum
3005 3847 3306 3912 millibus.

415 3943 516 4003 Vl.
567 3943 738 4017 Quos
768 3943 1162 4010 habuerimus
1197 3945 1540 4026 adjutores.
1565 3947 1851 4007 —Porro
1881 3947 2118 4023 quibus
2165 3948 2262 4018 usi
2317 3946 2626 4018 fuerimus
2659 3964 2810 4026 mss.
2842 3947 2965 4010 hac
3007 3950 3070 4008 in
3104 3945 3478 4028 prtefatione
3508 3963 3616 4022 re-

329 4059 597 4102 censere
632 4060 758 4101 non
798 4051 894 4105 est
922 4061 1112 4121 OpllS,
1142 4062 1284 4105 cum
1316 4047 1378 4105 in
1410 4046 1679 4125 singulis
1713 4046 2260 4118 admonitionibus
2289 4049 2546 4127 praeviis
2575 4049 2652 4120 ad
2673 4049 3009 4129 quodlibet
3038 4065 3306 4127 operum
3336 4050 3615 4123 sanctis-

331 4145 475 4206 simi
511 4145 829 4223 Doctoris,
865 4146 1253 4224 quibuscum
1307 4149 1630 4211 veteribus
1677 4147 2012 4216 Codicibus
2045 4151 2346 4222 collatum
2381 4152 2485 4227 sit,
2514 4133 3017 4223 commemorare
3055 4152 3386 4230 sigillatim
3428 4153 3614 4225 nobis

332 4262 504 4306 cura:
537 4244 751 4307 fuerit.
779 4247 955 4320 Quos
989 4251 1203 4310 autem
1235 4265 1268 4306 e
1300 4255 1521 4316 nostra
1549 4251 2050 4330 congregatione
2087 4251 2414 4329 adjutores
2439 4251 2860 4323 habuerimus
2898 4253 2963 4320 in
2993 4254 3114 4324 hac
3146 4253 3460 4327 librorum
3493 4271 3613 4327 os-

331 4359 634 4411 cusorum
664 4360 807 4410 cum
839 4362 1038 4412 manu
1076 4346 1356 4408 exaratis
1405 4348 1748 4411 collatione
1780 4349 2111 4426 publicare
2149 4351 2346 4412 nostri
2383 4368 2512 4420 non
2540 4357 2635 4414 est
2684 4351 2981 4426 instituti.
3015 4355 3401 4427 Asseverare
3428 4355 3612 4424 sulti-

333 4445 458 4504 ciat
489 4444 566 4508 ad
600 4443 658 4510 id
696 4446 910 4522 operis
956 4445 1230 4508 delectos
1266 4446 1458 4508 fuisse
1487 4449 1702 4510 doctos
1756 4447 2223 4529 diligentesque
2258 4451 2453 4525 viros,
2507 4469 2786 4530 quorum
2838 4456 3132 4527 nonnulli
3162 4455 3295 4533 jam
3325 4456 3508 4526 editis
3547 4457 3612 4522 li-

332 4547 465 4610 bris
493 4546 559 4614 in
593 4548 920 4625 republica
977 4548 1287 4612 litteraria
1325 4558 1421 4614 at
1475 4557 1627 4620 sunt
1677 4555 1833 4614 noti.
1893 4553 2102 4624 Unum
2153 4554 2465 4627 duntaxat
2493 4554 2626 4634 jam
2657 4575 2690 4617 e
2725 4557 2884 4619 vivis
2911 4557 3259 4630 sublatum,
3295 4558 3443 4622 dum
3482 4557 3612 4620 Βο-

337 4663 454 4706 mae
482 4650 922 4726 procuratoris
953 4649 1161 4712 ofﬁcio
1191 4669 1306 4729 pro
1337 4659 1556 4714 nostra
1589 4653 2085 4730 congregatione
2112 4653 2518 4732 fungeretur,
2549 4654 2808 4733 proprio
2836 4655 3094 4722 nomine
3127 4654 3612 4733 designabimus

335 4749 406 4808 D.
448 4748 783 4812 Claudium
832 4751 1196 4829 Estiennot,
1252 4755 1361 4831 qui
1423 4755 1484 4815 in
1543 4757 1949 4818 recensendis
1985 4755 2313 4826 Vaticana,
2373 4756 2776 4828 bibliothecis
2832 4776 2985 4828 mss.
3021 4756 3302 4828 maxime
3331 4757 3610 4833 Registri

336 4849 773 4926 Epistolarum
803 4857 1136 4916 strenuam
1177 4856 1360 4916 nobis
1393 4859 1654 4916 navavit
1681 4873 1966 4935 cperam.
2002 4856 2095 4926 Ex
2129 4855 2348 4926 amicis
2386 4856 2495 4934 qui
2545 4855 2666 4920 hoc
2696 4857 2760 4918 in
2796 4855 3018 4919 labore
3046 4853 3339 4936 improbo
3367 4875 3611 4936 suppe-

332 4952 453 5012 tias
506 4952 690 5018 nobis
729 4953 1039 5027 tulerunt,
1073 4955 1390 5034 praecipue
1421 4954 1846 5036 appellandus
1892 4962 1985 5018 est
2036 4958 2136 5022 vir
2179 4956 2701 5034 religiosissimus
2743 4957 2816 5020 Ι).
2869 4958 3150 5032 Joannes
3204 4960 3490 5037 Baptista
3533 4960 3610 5021 de

330 5051 647 5130 Noycitle,
691 5053 1060 5118 inouasterii
1097 5055 1292 5116 Vallis
1347 5056 1571 5131 Clarae,
1621 5057 1682 5120 in
1722 5075 1883 5134 pago
1935 5057 2372 5130 Laudunensi,
2432 5059 2674 5126 ordinis
2727 5059 3166 5131 Cisterciensis
3215 5063 3512 5130 aretioris
3549 5067 3613 5124 et

330 5153 669 5216 sanctioris
692 5154 1119 5216 observantia:
1143 5159 1547 5234 praepositus,
1571 5157 1681 5236 qui
1716 5176 1844 5230 non
1872 5157 2078 5228 solum
2107 5159 2314 5228 varias
2346 5158 2770 5236 plurimorum
2801 5161 3106 5230 Codicum
3135 5161 3443 5230 lectiones
3469 5179 3505 5225 a
3543 5180 3612 5226 se

332 5259 670 5330 excerptas
699 5253 774 5313 ad
809 5271 923 5314 nos
955 5255 1149 5327 misit,
1186 5253 1290 5314 sed
1319 5273 1477 5332 pene
1509 5256 1790 5332 integros
1823 5257 2084 5333 propria
2115 5257 2466 5336 descriptos
2496 5277 2694 5328 manu
2722 5263 3221 5330 communicavit
3248 5263 3605 5332 nobiscum.

330 5356 606 5432 Insuper
641 5356 882 5422 indices
923 5367 1051 5418 tum
1089 5359 1376 5423 locorum
1411 5366 1649 5419 sanctas
1681 5357 2048 5436 Scriptura,
2076 5365 2208 5427 tum
2244 5377 2461 5426 rerum
2485 5364 3002 5436 memorabilium
3045 5375 3106 5430 et
3139 5367 3612 5431 sententiarum

329 5457 810 5535 copiosissimos
843 5459 906 5518 in
939 5459 962 5518 Ι
1002 5465 1242 5518 tomum
1274 5463 1335 5517 et
1367 5457 1432 5518 in
1473 5457 1706 5525 librum
1729 5456 2292 5530 Sacramentorum
2321 5462 2691 5539 contexuit;
2719 5462 2878 5537 alios
2907 5469 3123 5536 autem
3153 5465 3460 5541 inemptas
3489 5463 3610 5532 αι)-
3700 5513 3712 5524 .

332 5559 581 5620 solvere
611 5578 739 5621 non
775 5563 1062 5638 permisit
1091 5562 1340 5622 infirma
1379 5561 1695 5622 valetudo.

408 5659 546 5722 Vll.
598 5662 769 5735 Quos
792 5662 1208 5742 bene/actores
1246 5665 1495 5742 experti
1529 5664 1747 5723 simus.
1777 5697 1849 5708 -—
1881 5663 2180 5740 Magnam
2233 5672 2519 5728 veterum
2566 5664 2866 5738 Codicum
2927 5664 3385 5744 Supellectilcm
3423 5666 3610 5736 nobis

331 5763 904 5841 suppeditaverunt
962 5764 1357 5825 bibliothecae
1387 5771 1646 5840 nostris,
1677 5773 1736 5825 et
1793 5765 1934 5825 alite
1989 5765 2303 5843 plurimae,
2339 5766 2688 5844 prmsertim
2735 5765 3150 5836 Parisienses,
3202 5763 3423 5840 Regia,
3469 5763 3612 5826 Col--

335 5866 609 5941 bertina,
649 5867 1003 5942 Victorino,
1039 5868 1428 5932 Telleriana.
1457 5869 1608 5931 Mss.
1643 5867 2046 5932 bibliotheca
2078 5869 2267 5948 regia:
2311 5869 2558 5946 capiam
2604 5867 2943 5932 habuimus
2996 5862 3250 5946 [arente
3302 5863 3616 5940 illustris-
