4118 6444
579 401 645 454 2'5
1799 397 2159 453 ΡΒΑΞΡΑΤΙΟ
2197 405 2205 445 ‹

2229 395 2602 453 ;ΕΝΕΒΑιιδ.
3782 394 3855 441 24

579 518 742 579 simo
777 520 1007 581 abbate
1042 520 1114 580 de
1143 520 1413 581 Louvois
1445 517 1727 596 ejusdem
1763 516 2080 594 praelecto,
2121 516 2230 592 qui
2293 512 2705 574 illustrissimi
2759 512 2968 590 patrui
3021 509 3484 588 archiepiscopi
3540 505 3858 582 ducisque

582 618 955 682 Rhemensis
989 623 1267 698 vestigiis
1295 621 1620 690 insistens,
1661 634 1812 695 erga
1843 618 2156 677 litteratos
2194 632 2416 674 omnes
2471 630 2861 691 propensum
2925 630 2994 672 se
3053 611 3540 687 beneﬁcumque
3589 607 3850 685 probat.

581 720 939 784 Colbertina
973 741 1223 802 semper
1259 723 1441 782 nobis
1475 721 1678 797 patuit
1708 719 1894 797 jussu
1932 723 1992 779 et
2035 717 2428 794 benignitate
2467 715 2880 774 illustrissimi
2915 714 3444 792 Rothomageusis
3497 708 3856 786 archiepis-

580 821 740 895 c0pi,
777 823 878 880 cui
907 823 1108 882 multa
1136 822 1263 883 alia
1291 839 1404 880 nos
1433 819 1662 879 debere
1694 820 1865 879 ultro
1893 817 2292 878 conﬁtemur.
2326 814 2583 876 Codices
2630 815 2813 874 nobis
2867 814 3232 876 indicarunt
3266 818 3329 874 et
3379 810 3858 873 ofﬁciosissime

582 921 1156 984 subministraruut
1192 924 1254 982 in
1286 925 1463 996 regia
1491 921 1874 982 bibliotheca
1907 920 1985 979 cl.
2028 918 2146 977 viri
2173 914 2559 977 Clementius
2591 920 2650 973 et
2681 914 3012 974 Boivinius
3042 934 3058 986 ;
3114 916 3177 974 in
3225 913 3598 976 Colbertina
3651 909 3858 972 Baln-

581 1020 748 1090 zius,
787 1029 846 1082 et
880 1024 988 1098 qui
1025 1023 1142 1100 ipsi
1177 1023 1484 1083 successit
1517 1023 1581 1080 in
1621 1021 1813 1096 hujus
1845 1016 2242 1078 bibliothecae
2271 1012 2651 1091 praefectura
2683 1011 3148 1083 Quercetanus.

657 1119 792 1179 νη.
833 1121 1000 1195 Quid
1021 1121 1131 1181 hac
1155 1122 1219 1180 in
1255 1120 1564 1180 Editione
1589 1139 1625 1178 α
1651 1117 1830 1178 nobis
1857 1114 2520 1195 praestitum—Tanta
2547 1117 2834 1170 veterum
2869 1111 3181 1172 librorum
3218 1111 3404 1189 capia
3427 1110 3638 1187 dilati,
3669 1126 3858 1172 acce-

588 1217 885 1277 dentibus
917 1220 1106 1278 etiam
1146 1219 1599 1278 vetustioribus
1624 1216 2052 1288 Editionibus,
2082 1212 2243 1272 nihil
2268 1211 2599 1290 antiquius
2631 1208 2716 1288 (a)
2757 1209 3126 1286 habuimus,
3175 1211 3255 1273 ad
3285 1213 3630 1291 Augustini
3669 1229 3850 1272 men-

579 1320 730 1389 tem,
762 1334 955 1393 quam
988 1319 1274 1396 Gregorii
1305 1318 1519 1396 Magni
1550 1334 1777 1379 sensus
1811 1321 1872 1378 et
1897 1317 2171 1393 ipsamet
2200 1316 2395 1375 verba
2425 1314 2504 1374 ab
2527 1311 2701 1371 omni
2729 1317 2841 1375 aut
2873 1313 3282 1374 librariorum
3321 1314 3847 1392 interpolatione,

578 1421 637 1475 et
664 1417 1145 1490 allucinatione,
1183 1423 1294 1480 aut
1326 1417 1873 1496 typographorum
1904 1414 2289 1492 corruptelis
2317 1416 2666 1490 repurgata
2696 1414 3183 1487 repraesentare.
3215 1411 3331 1472 Ubi
3367 1415 3577 1472 tamen
3610 1427 3646 1472 a
3675 1413 3857 1489 prius

577 1518 843 1593 receptis
876 1519 1252 1579 lectionibus
1283 1519 1576 1578 recedere
1605 1534 1722 1576 nos
1751 1517 1957 1594 coegit
1986 1516 2140 1575 Mss.
2193 1530 2545 1573 consensus
2597 1511 2724 1572 fere
2770 1510 3096 1571 unanimis
3130 1508 3325 1587 (quod
3367 1529 3534 1588 szepe
3573 1511 3834 1590 factum)

577 1613 881 1678 lectiones
914 1619 1177 1697 rejectas
1212 1618 1278 1677 in
1307 1619 1610 1678 brevibus
1639 1618 1804 1676 notis
1838 1615 2256 1693 subjecimus,
2309 1621 2369 1674 et
2403 1631 2557 1674 mss.
2589 1612 2847 1675 Codices
2877 1628 2915 1674 a
2966 1610 3202 1684 quibus
3254 1612 3715 1687 reprobautur,
3749 1613 3851 1673 iu-

577 1719 1374 1799 dicavimus.Quandoque
1424 1724 1602 1784 nulla
1661 1725 1726 1784 in
1777 1727 1955 1782 textu
2013 1719 2364 1780 mutatione
2415 1719 2604 1792 facta,
2657 1717 2866 1778 varias
2930 1714 3234 1774 lectiones
3277 1712 3443 1775 infra
3499 1714 3838 1777 columnas

578 1822 1010 1899 ascripsimus.
1041 1824 1141 1884 Sic
1170 1825 1536 1884 restitutum
1565 1840 1800 1900 magno
1829 1823 2076 1897 labore,
2111 1821 2467 1898 majorique
2495 1819 2615 1880 ﬁde
2662 1816 3044 1897 Gregorium
3103 1814 3411 1894 Magnum
3458 1816 3571 1876 tibi
3624 1816 3853 1876 offeri-

576 1937 738 1994 mus,
775 1924 876 2000 pie
905 1939 980 1984 ac
1008 1923 1371 1986 Christiane
1402 1924 1619 1983 lector.
1654 1924 1716 1982 Si
1751 1923 1922 1984 enim
1951 1923 2071 1982 hoc
2111 1921 2196 2001 (ὑ)
2233 1922 2416 1982 titulo
2443 1918 2917 1998 iusigniendum
2948 1917 3196 1994 putavit
3229 1933 3379 1976 suas
3411 1915 3848 1995 Gregorianas

579 2021 879 2081 vindicias
918 2023 1191 2083 Thomas
1219 2024 1565 2099 Jamesius,
1599 2025 1714 2084 etsi
1758 2025 1864 2084 vix
1898 2023 2311 2083 centesimam
2366 2022 2679 2083 factarum
2733 2037 2770 2080 a
2824 2018 3008 2078 nobis
3071 2017 3547 2080 restitutionum
3604 2024 3852 2097 partem

576 2122 978 2194 contineant;
1019 2141 1212 2201 quam
1243 2125 1476 2198 potiori
1504 2126 1645 2203 jure
1679 2125 2044 2186 novissimae
2076 2125 2225 2184 huic
2252 2123 2529 2182 Editioni
2562 2122 2849 2182 debetur.

652 2226 888 2284 Praeter
921 2231 1102 2286 notas
1131 2226 1366 2302 quibus
1399 2231 1510 2286 aut
1541 2226 1730 2286 variae
1762 2225 2067 2285 lectiones
2101 2225 2512 2294 exhibentur,
2548 2229 2658 2284 aut
2693 2220 3170 2281 restitutionem
3219 2217 3532 2281 factarum
3564 2220 3852 2283 redditur

575 2326 764 2399 ratio,
795 2327 954 2388 alias
987 2329 1381 2389 attexuimus
1419 2328 1495 2389 ad
1524 2328 1664 2392 loca
1701 2327 2112 2401 illustranda,
2146 2327 2255 2387 sed
2284 2328 2533 2399 breves,
2568 2343 2647 2385 ne
2677 2324 2818 2402 plus
2851 2339 3121 2384 onerare
3168 2326 3438 2396 textum,
3502 2338 3699 2399 quam
3732 2341 3853 2384 or-

579 2439 734 2484 nare
763 2427 1154 2487 videremur.
1191 2429 1261 2488 In
1286 2428 1585 2507 Dialogus
1623 2433 1862 2498 tamen,
1895 2428 1957 2486 in
1990 2427 2334 2503 Epistolas,
2377 2433 2436 2486 et
2467 2426 2530 2484 in
2581 2425 2814 2484 librum
2864 2423 3423 2485 Sacramentorum
3479 2426 3851 2504 ampliores,

579 2531 690 2587 aut
719 2526 1267 2603 elucubravimus,
1307 2535 1418 2591 aut
1448 2531 1530 2592 ab
1556 2530 1701 2591 aliis
1730 2530 1864 2607 jam
1893 2529 2302 2590 elucubratas
2333 2528 2730 2604 collegimus.
2761 2525 2901 2599 Qua
2942 2525 3189 2585 ratione
3221 2522 3309 2584 ita
3341 2524 3577 2586 factum
3624 2525 3850 2588 admo-

576 2643 730 2686 nere
759 2646 888 2688 non
921 2632 1444 2708 praetermisimus
1489 2633 1554 2692 in
1594 2631 2075 2711 prmtationibus
2123 2632 2203 2692 ad
2254 2630 2505 2708 singula
2541 2628 2927 2690 sanctissimi
2973 2623 3266 2688 Doctoris
3321 2642 3520 2704 Opera
3572 2629 3849 2706 praeviis.

575 2725 758 2788 Nunc
793 2747 943 2790 vero
976 2749 1104 2808 quo
1136 2731 1356 2792 ordine
1388 2733 1499 2794 illa
1535 2733 1795 2793 fuerunt
1825 2748 1865 2794 a
1892 2733 2077 2792 nobis
2110 2731 2422 2809 disposita
2458 2728 2834 2790 docendum.

664 2827 826 2888 Vlll.
875 2832 1102 2890 Totius
1129 2832 1333 2910 operis
1362 2831 1729 2893 distributio
1763 2833 1832 2893 in
1859 2839 2132 2911 quatuor
2159 2838 2356 2892 tomos
2409 2863 2484 2872 —
2515 2829 2725 2890 Sancti
2757 2827 3043 2906 Gregorii
3090 2831 3302 2911 Magni
3341 2844 3535 2907 opera
3570 2835 3848 2906 quatuor

574 2933 633 2990 in
669 2939 871 2994 tomos
908 2934 1346 2995 distribuimus
1382 2938 1428 2994 ‘.
1474 2936 1679 2995 Priori
1722 2942 1893 2996 tomo
1924 2936 2333 2996 continentur
2363 2934 2704 3010 Exegetica
2731 2933 2798 2992 in
2836 2949 3083 2995 sacram
3115 2934 3545 3012 Scripturam;
3601 2933 3843 2994 scilicet

574 3035 916 3096 Moralium
949 3037 1014 3096 in
1038 3037 1157 3096 Job
1181 3037 1328 3096 libri
1369 3038 1627 3114 triginta
1663 3039 1973 3114 quinque.
2005 3036 2439 3095 Homiliarum
2474 3034 2535 3092 in
2571 3031 2972 3093 Ezechielem
2998 3035 3372 3112 prephetam
3422 3033 3570 3094 libri
3608 3032 3758 3110 duo,
3788 3038 3848 3094 et

573 3135 834 3197 totidem
868 3138 1296 3200 Homiliarum
1325 3140 1389 3198 in
1418 3137 1793 3215 Evangelia.
1828 3139 1943 3198 His
1975 3136 2234 3214 quidem
2267 3134 2626 3213 Exegeticis
2667 3135 2990 3196 accenseri
3043 3136 3401 3214 potuissent
3449 3137 3847 3198 Commenta-

573 3237 707 3296 rius
758 3240 823 3298 in
857 3239 1092 3300 librum
1121 3239 1148 3298 Ι
1176 3241 1418 3318 Regum
1446 3284 1462 3313 ,
1497 3241 1942 3316 Expositiones
2001 3240 2064 3298 in
2097 3239 2410 3314 .Cantica,
2441 3243 2503 3298 et
2551 3237 2611 3295 in
2664 3241 2903 3314 septem
2940 3237 3223 3300 Psalmos
3253 3238 3742 3317 pcenitentiales.
3769 3239 3847 3298 At

574 3339 748 3414 prior
786 3347 992 3403 tomus
1026 3348 1120 3403 tot
1148 3344 1481 3423 complecti
1513 3345 1776 3404 minime
1805 3348 2090 3421 poterat;
2142 3345 2535 3421 insuperque
2580 3347 3094 3404 commemoratae
3145 3343 3666 3406 elucubrationes
3717 3359 3846 3403 non

573 3445 718 3500 sunt
751 3442 836 3502 ita
869 3445 1154 3520 genuina
1190 3448 1396 3508 sancti
1426 3446 1717 3525 Gregorii
1746 3463 1968 3525 opera,
1995 3451 2060 3505 ut
2093 3444 2304 3506 omnis
2334 3443 2850 3522 interpolationis
2883 3449 3181 3524 expertes
3214 3447 3368 3525 sint,
3402 3446 3495 3508 uti
3526 3463 3644 3508 suo
3673 3447 3844 3508 dice-

573 3557 712 3599 mus
742 3541 881 3600 loco
920 3541 1123 3618 (Tom.
1161 3543 1293 3616 IlI,
1325 3547 1592 3606 secunda
1615 3553 1819 3625 part.,
1857 3548 1925 3607 in
1952 3546 2162 3625 prcef.)

655 3639 982 3700 Secundus
1022 3646 1231 3703 tomus
1256 3647 1538 3706 continet
1574 3651 1802 3708 caetera
1834 3646 2038 3707 sancti
2097 3645 2388 3722 Gregorii
2433 3647 2790 3710 indubitata
2839 3663 2900 3710 et
2945 3665 3251 3729 germana
3292 3667 3520 3728 Opera;
3577 3652 3709 3714 sive
3764 3653 3844 3716 ad

579 3740 938 3812 historiam,
973 3742 1109 3803 sive
1141 3744 1217 3804 ad
1259 3745 1754 3806 ecclesiasticam
1787 3751 2069 3823 spectent
2102 3746 2538 3822 disciplinam;
2587 3749 2826 3810 scilicet
2874 3749 3111 3810 librum
3157 3750 3413 3824 Regulae
3473 3751 3846 3833 Pastoralis,

573 3849 853 3920 quatuor
883 3845 1295 3923 Dialogorum
1323 3849 1547 3920 libros,
1581 3856 1642 3911 et
1679 3851 2040 3927 Registrum
2072 3851 2532 3928 Epistolarum,
2561 3856 2664 3916 cui
2697 3857 2953 3917 brevem
2985 3859 3370 3933 subiecimus
3397 3856 3841 3934 appendicem.

533 3956 536 3958 '
573 3948 632 4004 et
659 3945 1040 4022 multiplices
1073 3947 1332 4009 indices.
1363 3950 1453 4010 De
1485 3949 1711 4011 additis
1746 3951 1894 4011 huic
1926 3952 2218 4029 Registro
2257 3954 2474 4015 multis
2506 3955 2829 4032 Epistolis,
2861 3958 3272 4038 ejusdemque
3299 3959 3521 4020 ordine
3554 3957 3846 4019 restituto

529 4058 533 4064 ·
573 4043 843 4121 legenda
875 4053 1025 4104 sunt
1058 4063 1201 4122 quae
1228 4064 1344 4124 pro
1372 4047 1491 4109 hac
1516 4049 1920 4110 restitutione
1948 4051 2281 4113 attulimus
2314 4061 2716 4132 argumenta.

657 4143 911 4204 Tertius
949 4149 1159 4205 tomus
1189 4145 1551 4224 bipartitus,
1581 4148 1777 4226 priori
1821 4154 2000 4226 parte
2046 4149 2307 4211 exhibet
2351 4153 2590 4213 librum
2631 4158 3213 4230 Sacramentorum,
3268 4156 3834 4234 Antiphonarium,

571 4253 635 4306 et
663 4249 892 4306 caetera
920 4246 1263 4325 Liturgica,
1298 4265 1443 4308 cum
1471 4248 2050 4311 eruditissimorum
2095 4250 2168 4308 D.
2207 4251 2499 4330 Hugonis
2552 4253 2843 4314 Menardi
2884 4260 3179 4318 notarum
3211 4260 3273 4318 et
3317 4257 3841 4321 Observationum

570 4346 961 4423 accessione,
988 4363 1112 4423 qua
1135 4347 1458 4410 ditandam
1488 4350 1655 4411 hanc
1684 4366 1915 4411 novam
1945 4352 2496 4428 Gregorianorum
2523 4371 2788 4430 operum
2808 4353 3159 4416 Editionem
3187 4354 3637 4434 judicavimus.
3662 4355 3844 4434 Ejus-

571 4446 713 4507 dem
746 4448 898 4506 tomi
947 4463 1094 4524 pars
1127 4449 1329 4512 altera
1363 4450 1805 4529 complectitur
1831 4449 2380 4514 Commentarium
2412 4454 2476 4513 in
2511 4455 2622 4515 lib.
2657 4456 2684 4515 Ι
2715 4456 2984 4532 Regum,
3019 4456 3499 4535 Expositionem
3559 4459 3626 4518 in
3674 4457 3846 4518 Can-

568 4548 694 4612 tica
729 4553 1125 4612 canticorum
1185 4568 1418 4632 magna
1447 4571 1528 4614 ex
1560 4559 1738 4630 parte
1773 4559 2052 4631 auctam,
2086 4555 2279 4617 aliam
2309 4557 2374 4616 in
2403 4561 2644 4636 septem
2674 4558 2955 4620 Psalmos
3000 4558 3506 4636 Expositionem,
3554 4563 3616 4620 et
3671 4558 3845 4619 Con-

569 4648 848 4709 cordiam
879 4650 1303 4726 quorumdam
1326 4668 1524 4714 sacras
1554 4652 1894 4730 Scriptura:
1927 4654 2461 4715 testimoniorum.

651 4748 930 4820 Quartus
963 4757 1169 4810 tomus
1207 4752 1398 4812 etiam
1426 4754 1583 4814 duas
1613 4752 1674 4813 in
1706 4760 1916 4831 partes
1942 4754 2209 4827 divisus,
2243 4755 2444 4831 priori
2488 4761 2668 4832 parte
2705 4758 2989 4819 continet
3023 4760 3223 4820 sancti
3279 4758 3568 4838 Gregorii
3601 4758 3840 4832 Vitam,

569 4851 705 4904 tum
742 4863 779 4908 a
811 4848 1009 4907 Paulo
1037 4851 1452 4929 Warnefridi,
1484 4859 1617 4914 tum
1650 4871 1683 4913 a
1707 4855 1951 4914 Joanne
1980 4854 2266 4915 Diacono
2294 4858 2620 4933 scriptam,
2650 4863 2711 4918 et
2742 4875 2881 4919 eam
2904 4877 3097 4935 quam
3126 4878 3205 4920 ex
3234 4859 3652 4938 Gregorianis
3686 4877 3842 4937 prae-

578 4948 796 5006 sertim
833 4949 1087 5026 scriptis
1124 4967 1346 5012 recens
1375 4953 1855 5015 adornavimus.
1890 4953 2182 5016 Secunda
2208 4959 2388 5032 parte
2416 4957 2977 5034 comprehenditur
2998 4958 3316 5040 genuinus
3342 4961 3654 5031 Paterius,
3682 4975 3843 5035 qua-

573 5043 654 5104 lis
690 5047 966 5108 habetur
1001 5049 1063 5108 in
1093 5052 1588 5129 quamplurimis
1620 5055 1875 5132 Optima:
1911 5061 2077 5115 notas
2110 5054 2446 5117 Codicibus
2480 5076 2634 5119 mss.
2686 5065 2747 5120 et
2803 5062 2996 5123 Alulﬁ
3048 5062 3475 5124 Tornacensis
3534 5061 3834 5122 monachi

566 5144 901 5225 EXpositio
929 5150 993 5208 in
1025 5150 1271 5213 Novum
1301 5153 1775 5214 Testamentum
1803 5173 1886 5216 ex
1917 5156 2335 5231 Gregorianis
2363 5160 2722 5237 sententiis,
2745 5179 2890 5239 qua:
2920 5163 3151 5226 Paterii
3183 5180 3412 5224 nomen
3442 5162 3508 5223 in
3541 5163 3834 5241 superio-

565 5245 742 5306 ribus
771 5249 965 5310 Editis
996 5252 1313 5311 immerito
1341 5253 1617 5328 praefert.

647 5349 760 5407 1X.
818 5352 1030 5413 Varia:
1059 5357 1511 5415 sententiarum
1543 5359 1973 5435 eaooerptiones
1999 5378 2078 5420 ea:
2111 5361 2182 5421 S.
2216 5361 2515 5441 Gregorii
2541 5369 2820 5445 scriptis.
2851 5396 2924 5412 -ι-
2957 5370 3046 5430 De
3078 5370 3220 5430 aliis
3251 5368 3614 5447 hujusmodi
3648 5369 3842 5430 colle<

565 5452 884 5514 ctionibus
923 5459 1321 5520 excudendis
1371 5458 1632 5520 minime
1667 5464 2021 5523 curandum
2077 5466 2473 5542 censuimus,
2513 5472 2794 5548 maxime
2848 5473 3001 5547 quia
3060 5475 3244 5533 toties
3297 5474 3583 5550 repetitae
3639 5472 3843 5533 sancti

632 5596 710 5718 (az.
738 5596 989 5679 August.,
1029 5601 1065 5682 Ι..
1089 5599 1166 5680 ,(18
1193 5599 1443 5653 Doctrina
1473 5600 1693 5681 Christ.,
1728 5615 1776 5655 c.
1811 5601 1879 5654 14
1911 5621 1923 5656 :
1957 5605 2227 5666 Codicibus
2265 5615 2599 5669 emendandi:
2629 5618 2866 5684 primitus
2917 5616 3064 5670 debet
3101 5618 3375 5687 invigilare
3419 5617 3631 5672 solertia
3669 5632 3844 5671 eorum

632 5684 647 5718 ι
674 5701 692 5718 ι
718 5678 974 5718 crmturas
999 5670 1200 5718 divinas
1230 5685 1382 5718 nosse
1405 5671 1721 5718 desiderant.

562 5670 647 5734 qui
674 5670 974 5735 Scripturas
999 5670 1200 5722 divinas
1230 5685 1382 5722 nosse
1405 5671 1721 5723 desiderant.
2629 5670 2640 5684 '
3168 5670 3174 5671 ί
3209 5670 3234 5687 ⁸
3391 5717 3393 5719 .

632 5735 1048 5830 {hypsei-imbitur
1065 5737 1498 5830 iamesitiopnslz
1521 5739 1811 5830 “iiiri‘d‘icmz‘
1835 5743 2190 5830 G‘rreqorianat,
2240 5773 2325 5809 seu
2366 5760 2631 5812 restitutus
2661 5759 2945 5813 innumeris
2968 5774 3096 5828 pene
3115 5758 3243 5812 locis
3286 5758 3564 5830 Gregorius
3593 5758 3842 5826 Magnus,

562 5803 814 5871 cum,
845 5809 984 5874 apud
1011 5809 1226 5862 Petrum
1257 5816 1307 5862 et
1329 5803 1589 5864 Iacobum
1621 5808 1833 5878 Cliouet,
1869 5803 2025 5874 Ιϐὲὶὸ.

631 5897 646 5916 ⁸
691 5896 818 5950 Vide
848 5912 964 5953 (tua:
989 5904 1356 5958 monuerimus
1389 5902 1521 5960 infra
1555 5901 1659 5961 col.
1692 5899 1779 5955 57.
1809 5904 1962 5964 Enn.
