4118 6466
314 450 384 505 25
1541 444 1909 509 ΡΒᾹΞΡΑΤΙΟ

1958 449 2353 511 SENERALIS.
3512 455 3584 513 26

315 565 614 645 Gregorii
642 564 976 628 sententia:
1003 582 1042 628 a
1074 566 1267 628 variis
1308 568 1754 629 collectoribns
1789 567 2277 640 consarcinatae,
2317 570 2380 628 et
2428 569 2741 628 contextae
2797 565 2980 628 taedio
3039 565 3265 630 forent.
3304 567 3379 627 Et
3430 583 3587 630 sane

314 673 603 735 omnium
642 674 945 735 viceesse
975 676 1244 751 possunt
1273 671 1513 733 indices
1542 672 1833 732 locorum
1866 687 2065 732 sacrm
2101 669 2444 747 Scriptum
2470 669 2960 746 locupletissimi
2986 684 3024 732 a
3053 671 3236 731 nobis
3270 669 3498 749 a‘djecti
3534 672 3583 723 ‘.

315 774 713 837 Caeterorum
744 774 855 851 qui
892 774 1261 852 colligendis
1300 778 1443 850 post
1469 772 1790 833 Paterium
1823 773 2027 833 sancti
2067 772 2357 850 Gregorii
2387 770 2769 831 testimoniis
2799 770 3203 845 insudarunt,
3237 772 3588 833 celeberri-

312 893 457 936 mus
494 881 592 936 est
616 874 775 936 'l‘aio
802 875 1269 953 Caesaraugust.
1300 875 1667 952 episcopus,
1699 876 1809 951 qui
1853 875 2120 934 Romam
2152 872 2229 933 ad
2274 871 2650 951 quaerendos
2704 872 3047 934 Moralium
3095 874 3293 935 libros
3328 875 3584 937 venisse

318 978 555 1040 dicitur
584 981 704 1041 sub
740 981 1018 1043 Martino
1052 998 1219 1061 papa
1246 982 1294 1041 Ι.
1326 982 1443 1042 Hic
1472 981 1796 1057 excerpsit
1824 998 1905 1041 ex
1935 980 2103 1041 beati
2139 979 2430 1059 Gregorii
2466 978 2643 1039 libris
2672 976 3141 1038 Sententiarum
3172 978 3369 1040 libros
3398 978 3587 1056 quin-

310 1095 464 1155 que,
506 1081 774 1142 servatis
819 1081 1019 1159 ipsius
1051 1082 1253 1143 sancti
1299 1082 1586 1142 Doctoris
1618 1080 1855 1151 verbis,
1891 1085 2136 1157 paucis,
2185 1079 2292 1170 ubi
2350 1095 2424 1140 ea
2475 1081 2764 1153 deerant,
2816 1095 2895 1138 ex
2944 1087 3165 1140 sancto
3225 1079 3586 1156 Augustino

311 1186 648 1264 suppletis.
681 1186 954 1248 Exstant
986 1189 1152 1248 inter
1189 1188 1587 1250 bibliothecae
1628 1189 1956 1248 Thuaneie
1993 1204 2142 1248 mss.
2178 1186 2465 1249 Codices.
2508 1186 2951 1247 Praefationem
2998 1183 3188 1261 hujus
3246 1182 3455 1259 operis
3507 1181 3585 1242 ad

310 1287 643 1362 Qniricum
674 1291 1210 1352 Barcinonensem
1244 1309 1375 1353 una
1406 1310 1553 1352 cum
1586 1292 1778 1370 hujus
1809 1292 2087 1369 episcopi
2122 1309 2433 1369 responso
2463 1290 2658 1351 edidit
2706 1294 2926 1351 noster
2954 1286 3373 1350 Mabillonius
3412 1286 3586 1345 Ana-

307 1389 620 1456 lectorum
654 1401 803 1456 toni.
837 1395 918 1455 ll.
950 1393 1251 1473 Ejusdem
1288 1396 1623 1474 epistolam
1653 1395 1732 1456 ad
1768 1395 2127 1472 Eugenium
2158 1394 2541 1455 Toletanum
2573 1393 2967 1472 episc0pnm,
2994 1407 3079 1450 ex
3101 1386 3329 1451 Codice
3362 1385 3587 1447 biblio-

309 1495 511 1555 thecae
538 1495 919 1557 Colbertina:
950 1495 1222 1557 inseruit
1250 1494 1349 1557 vir
1383 1494 1463 1555 cl.
1495 1493 1710 1573 Steph.
1751 1492 2051 1553 Balnzius
2098 1492 2661 1553 Miscellaneorum
2701 1495 2872 1549 tomo
2899 1488 3009 1549 lV.

387 1593 471 1653 X.
519 1593 743 1654 Utrum
778 1594 846 1654 S.
876 1593 1119 1654 Doctor
1145 1600 1419 1671 quatuor
1441 1592 1792 1671 Evangelia
1822 1589 2211 1669 explanarit,
2248 1598 2308 1652 et
2336 1590 2409 1651 de
2460 1590 2756 1651 Samsone
2804 1589 3155 1667 scripserit.
3206 1618 3281 1630 —
3309 1585 3589 1647 Joannes

308 1693 700 1754 Trithemius
758 1694 824 1754 in
893 1694 1491 1755 Ecclesiasticorum
1529 1692 1929 1771 Scriptorum
1993 1693 2300 1771 Catalogo
2346 1691 2513 1752 inter
2580 1691 2980 1770 Gregoriana
3028 1706 3225 1761 opera
3287 1689 3576 1748 recenset

311 1795 568 1853 brevem
601 1798 883 1870 quatuor
916 1793 1419 1871 Evangeliorum
1476 1790 2013 1871 Explanationem
2066 1811 2210 1871 qua:
2246 1793 2326 1854 ab
2361 1792 2459 1853 his
2494 1792 2703 1854 verbis
2751 1793 3013 1872 incipit:
3044 1789 3379 1853 Matthwus
3426 1786 3589 1848 sicut

307 1896 377 1958 in
420 1894 665 1955 ordine.
695 1896 900 1974 Hujus
933 1895 1298 1957 meminisse
1329 1895 1573 1955 videtur
1602 1896 1926 1956 Honorius
1956 1895 2579 1973 Augustodunensis,
2607 1895 2755 1954 dum
2781 1895 2869 1954 ait
2895 1898 3187 1953 sanctum
3210 1888 3588 1965 Gregorium

306 1997 510 2055 totum
538 2000 782 2055 textum
832 2000 1111 2073 quatuor
1141 1994 1665 2072 Evangeliorum,
1696 1996 2189 2057 sermocinando
2220 1998 2458 2073 pepulo
2492 1997 2871 2073 exposuisse
2905 1992 3075 2073 (Lib.
3101 1994 3174 2054 de
3219 1993 3461 2069 Script.
3498 2005 3588 2049 ee-

308 2094 508 2174 cles.).
536 2094 1029 2173 Explanationis
1074 2097 1349 2157 laudata:
1383 2095 1543 2155 duos
1577 2114 1728 2157 mss.
1760 2096 2019 2159 Codices
2063 2098 2425 2159 invenimus
2462 2113 2781 2157 annorum
2836 2096 3087 2156 circiter
3118 2112 3230 2165 cu,
3266 2107 3466 2151 unum
3524 2088 3588 2148 in

308 2196 698 2258 bibliotheca
740 2199 917 2275 regia
949 2198 1420 2278 elegantissime
1456 2197 1871 2276 descriptum,
1906 2201 2181 2262 alterum
2215 2201 2277 2259 in
2310 2198 2700 2261 bibliotheca
2726 2198 3061 2277 Bigotiana
3111 2196 3278 2273 apud
3319 2191 3575 2253 Rotho-

306 2313 565 2376 magum
599 2316 744 2360 cum
790 2299 911 2361 hoc
942 2301 1164 2361 titulo:
1199 2302 1443 2380 Incipit
1472 2302 1823 2381 Expositio
1873 2301 2210 2364 secundum
2241 2301 2769 2361 Matthwum......
2801 2320 2839 2359 a
2872 2306 3090 2359 sancto
3117 2296 3584 2375 Gregorio......

312 2398 489 2461 urbis
518 2401 803 2461 Romae...
833 2400 1171 2462 Matthwus
1201 2401 1367 2463 sicut
1394 2402 1462 2461 in
1499 2402 1716 2464 ordine
1745 2403 2015 2481 primus,
2051 2406 2173 2461 etc.
2213 2400 2451 2461 Verum
2507 2399 2709 2478 stylus
2758 2398 2871 2477 qui
2901 2397 3425 2475 corruptissimus
3461 2398 3585 2468 est,

305 2499 781 2579 Gregoriannm
812 2518 940 2562 non
974 2501 1240 2577 redolet,
1278 2503 1563 2580 satisque
1592 2504 1822 2582 probat
1857 2502 2169 2565 orationis
2206 2501 2405 2562 series
2437 2500 2948 2561 lucubrationem
2974 2497 3141 2559 hanc
3170 2494 3375 2559 sancti
3411 2493 3586 2557 Gre-

303 2603 466 2680 gorii
497 2605 798 2680 operibus
828 2621 955 2665 non
991 2623 1134 2668 esse
1167 2608 1744 2667 annumerandam.

389 2702 901 2781 Explicationem
947 2707 1231 2785 aliquam
1280 2708 1357 2770 de
1407 2711 1731 2770 Samsonis
1789 2709 1970 2770 factis
2020 2710 2429 2790 allegoricam
2486 2707 2769 2787 polliceri
2840 2703 3088 2767 videtur
3145 2704 3587 2766 sanctissimus

307 2804 542 2869 Doctor
586 2807 718 2869 haec
744 2810 824 2870 ad
853 2808 1245 2869 Venantium
1303 2811 1826 2871 Panormitanum
1871 2811 2214 2871 Patricium
2266 2811 2595 2871 scribens:
2639 2808 2851 2871 Vultis
2882 2824 3026 2885 ergo
3064 2813 3138 2867 ut
3188 2804 3463 2885 quaedam
3512 2804 3587 2866 de

307 2902 630 2965 Samsonis
678 2906 865 2985 factis
927 2905 1261 2985 allegorice
1317 2908 1754 2979 disseruntur;
1814 2910 1921 2971 sed
1981 2919 2154 2971 tanta
2208 2911 2360 2972 mihi
2418 2911 2707 2971 debilitas
2770 2910 3056 2988 corporis
3096 2908 3353 2981 accidit,
3402 2915 3472 2967 ut
3533 2906 3588 2967 si

307 3024 430 3086 qua
462 3006 671 3071 subire
706 3010 1032 3083 voluerim,
1066 3028 1343 3072 exercere
1372 3012 1615 3072 animus
1641 3030 1769 3074 non
1798 3021 2109 3092 assurgat.
2146 3016 2327 3075 Bono
2365 3020 2567 3073 autem
2601 3012 2907 3074 desiderio
2944 3019 3151 3071 vestro
3184 3009 3537 3089 congaudeo
3566 3026 3586 3074 :

308 3108 459 3186 quia
492 3109 637 3169 dum
670 3112 1123 3188 expositionem
1152 3129 1475 3173 sacrorum
1502 3112 1831 3174 verborum
1866 3112 2123 3189 cupitis,
2163 3131 2346 3191 quam
2392 3113 2611 3174 stricte
2641 3114 2841 3192 ipsum
2882 3118 3221 3171 auctorem
3244 3107 3585 3169 earumdem

308 3208 634 3269 verborum
669 3212 972 3288 quceritis,
1005 3210 1469 3272 demonstratis.
1498 3213 1573 3273 Si
1600 3212 1803 3291 igitur
1824 3212 1984 3272 vires
2012 3210 2234 3273 salutis
2261 3228 2571 3290 recepero,
2596 3220 2849 3271 auctore
2878 3208 3293 3286 omnipotente
3319 3206 3584 3267 Domino

308 3311 527 3372 vestris
564 3311 889 3374 desideriis
920 3312 1148 3392 parebo
1177 3311 1343 3391 (Lib.
1384 3331 1503 3388 xu,
1526 3315 1701 3391 epist.
1735 3294 1862 3391 lib).
1894 3315 2322 3390 Atnunquam
2354 3313 2663 3391 Gregorio
2691 3313 2963 3373 liberum
2996 3308 3192 3369 fuisse
3224 3307 3375 3368 huic
3396 3307 3583 3386 Operi

306 3430 562 3488 vacare,
593 3415 675 3475 ob
706 3415 1046 3476 continuos
1080 3422 1360 3493 quatuor
1395 3421 1834 3475 extremorum
1872 3414 2012 3476 vitae
2047 3431 2367 3475 annorum
2399 3416 2680 3487 morbos,
2719 3431 2880 3491 pene
2910 3414 3181 3473 constat.

388 3521 557 3596 Quid
592 3521 664 3583 de
706 3520 1137 3584 Pocnitentiali
1176 3522 1303 3601 ejus
1338 3537 1559 3580 nomen
1604 3521 1972 3597 prwferente
2004 3518 2411 3579 sentiendum.
2444 3551 2521 3561 —
2560 3518 2649 3577 De
2700 3513 3119 3577 Paenitentiali
3169 3511 3375 3574 sancti
3426 3510 3583 3572 Gre-

309 3623 469 3701 gorii
501 3638 679 3700 papae
706 3622 884 3683 urbis
918 3623 1135 3681 Romae
1167 3638 1398 3682 nomen
1439 3619 1699 3689 ferente,
1727 3618 1898 3694 quod
1937 3617 2251 3678 Jamesius
2285 3619 2375 3678 ait
2402 3624 2660 3680 exstare
2711 3617 2775 3675 in
2806 3614 3238 3677 vetustissimo
3266 3612 3430 3672 libro
3478 3611 3575 3672 bi-

304 3721 633 3783 bliothecre
662 3721 934 3801 publica:
976 3720 1364 3780 Oxonicnsis
1408 3719 1686 3792 (Vindic.
1730 3718 2017 3796 Gregor.,
2052 3736 2202 3797 pag.
2258 3717 2423 3793 11th),
2458 3718 2617 3779 nihil
2657 3717 2811 3778 alibi
2866 3732 2903 3777 a
2966 3712 3150 3776 nobis
3205 3717 3577 3792 repertum:

301 3828 700 3899 quapropter
741 3823 896 3881 illud
938 3822 1057 3882 hoc
1094 3824 1234 3883 loco
1283 3821 1597 3883 indicasse
1658 3825 1841 3880 nobis
1894 3823 2047 3881 satis
2086 3823 2187 3881 sit.
2220 3821 2402 3881 Nunc
2453 3820 2517 3879 in
2555 3818 2968 3898 expendenda
3027 3816 3231 3878 sancti
3286 3815 3580 3893 Gregorii

298 3918 595 3978 doctrina
625 3918 818 3994 paulo
852 3917 1090 3977 diutius
1129 3920 1632 3993 immerandum;
1663 3917 2254 3996 ostendendumque
2292 3919 2624 3979 haereticos
2660 3919 2789 3979 fere
2826 3918 3073 3986 Omnes.
3122 3924 3254 3977 tum
3300 3923 3574 3995 veteres,

298 4026 676 4082 tum'novos
704 4022 785 4081 ab
814 4037 891 4080 eo
922 4017 1117 4079 fuisse
1146 4018 1520 4079 debellatos.

384 4120 494 4180 XI.
545 4121 859 4182 Doctrina
888 4122 959 4182 S.
988 4118 1287 4199 Gregorii
1319 4127 1544 4181 contra
1571 4117 1975 4195 Manichwos,
2011 4118 2306 4195 Arianos,
2340 4116 2756 4198 Nestorianos
2791 4130 2846 4180 et
2886 4118 3351 4197 Eutychianos,
3388 4115 3578 4179 Pela-

303 4220 551 4299 gianos.
584 4258 659 4268 —
681 4223 1018 4285 Manichaai
1054 4239 1429 4300 perversum
1469 4221 1723 4301 dogma,
1759 4222 1868 4299 qui
1898 4222 2025 4282 duo
2060 4240 2200 4283 esse
2232 4223 2547 4302 principia
2578 4224 2918 4299 mentiens,
2950 4239 2987 4286 a
3018 4224 3146 4285 Deo
3170 4223 3491 4301 Spiritum,
3540 4236 3580 4282 a

307 4319 545 4383 Satana
577 4341 730 4385 vero
760 4340 1021 4384 carnem
1053 4321 1367 4384 conditam
1413 4338 1702 4383 asserere
1729 4329 2020 4396 conatur,
2066 4326 2152 4385 ita
2186 4325 2478 4403 destruit,
2516 4325 2626 4385 lib.
2661 4343 2725 4385 1x
2759 4327 3014 4399 Moral.,
3065 4343 3241 4386 num.
3271 4324 3372 4384 71o.
3409 4326 3578 4385 San-

300 4429 463 4500 ctus,
490 4422 724 4500 inquit,
760 4423 863 4484 vir
897 4421 1256 4500 prophetici
1280 4424 1490 4499 gratia
1532 4423 1797 4501 spiritus
1826 4422 2075 4501 plenus,
2106 4423 2288 4500 longe
2320 4431 2463 4501 post
2489 4432 2753 4484 ventura
2789 4426 3166 4502 considerat,
3202 4435 3261 4485 et
3294 4442 3576 4487 errorum

298 4528 611 4605 genimina
643 4527 991 4606 praevidens
1022 4525 1246 4597 calcat,
1280 4524 1488 4586 dicens
1510 4547 1531 4585 :
1563 4527 1795 4587 Manus
1828 4534 1946 4586 tua:
1968 4527 2432 4604 plasmaverunt
2462 4547 2576 4606 me,
2608 4537 2665 4590 et
2694 4531 2972 4601 fecerunt
2998 4549 3089 4593 me
3118 4539 3315 4591 totum
3344 4531 3409 4591 in
3441 4532 3577 4590 cir-

301 4630 479 4691 cuitu
517 4629 687 4709 (Job.
726 4649 791 4711 Χ,
823 4632 911 4711 8).
959 4631 1085 4707 Qui
1131 4629 1292 4691 enim
1329 4636 1383 4688 et
1409 4628 1780 4707 plasmatum
1801 4647 1884 4697 se,
1924 4636 1983 4690 et
2016 4631 2252 4707 factum
2290 4638 2487 4690 totum
2517 4634 2581 4690 in
2610 4633 2880 4693 circuitu
2911 4653 2947 4689 α
2973 4635 3099 4691 Deo
3124 4632 3365 4700 asserit,
3406 4640 3574 4690 tene-

302 4728 555 4789 brarum
579 4732 754 4808 genti
775 4751 885 4793 nec
906 4736 974 4795 in
1008 4734 1244 4812 spiritu
1274 4753 1387 4794 suo
1416 4731 1661 4811 aliquid
1690 4750 1799 4791 nec
1828 4738 1897 4793 in
1933 4749 2119 4793 carne
2169 4732 2584 4813 derelinquit;
2630 4754 2770 4795 nam
2801 4733 3172 4813 plasmatum
3219 4751 3279 4791 se
3318 4740 3569 4811 propter

299 4840 607 4895 internum
637 4835 965 4911 imaginem
988 4834 1256 4895 retulit:
1277 4837 1517 4911 factum
1550 4848 1687 4892 vero
1724 4838 1926 4892 totum
1956 4833 2020 4893 in
2050 4831 2350 4908 circuitu,
2377 4834 2445 4895 in
2471 4852 2538 4894 eo
2566 4834 2734 4913 quod
2770 4832 3087 4895 ex‘carnis
3115 4841 3358 4894 constat
3386 4834 3567 4895 indu-
3678 4872 3685 4879 ι

296 4936 526 5005 mento,
559 4935 941 4993 memoravit.

382 5036 514 5096 Arii
551 5035 785 5094 Filium
816 5034 924 5095 Dei
958 5032 1191 5094 factum
1226 5033 1511 5094 docentis
1544 5032 1933 5111 impietatem
1963 5034 2219 5107 refellit,
2254 5035 2297 5094 Ι.
2332 5053 2515 5095 xxxu
2556 5035 2815 5112 Moral.,
2848 5053 3024 5097 num.
3057 5035 3157 5108 51,
3187 5053 3267 5097 cx
3300 5036 3419 5096 Job
3464 5052 3576 5097 as-

299 5142 557 5198 serente
577 5134 922 5197 Behemoth
949 5135 1224 5212 primum
1249 5135 1547 5212 angelum
1570 5150 1608 5196 a
1631 5136 1764 5195 Deo
1788 5135 2112 5197 conditum
2138 5154 2277 5197 esse
2298 5137 2682 5215 principium
2703 5140 2946 5200 viarum
2968 5139 3099 5219 ejus
3123 5137 3293 5217 (Job.
3311 5157 3420 5214 XL,
3446 5138 3570 5219 η).

296 5236 597 5314 Superest
624 5251 795 5313 ergo,
830 5234 1039 5310 inquit
1075 5236 1334 5293 sanctus
1366 5234 1625 5309 Doctor,
1658 5243 1730 5294 ut
1756 5235 1975 5309 Arius,
2024 5243 2134 5295 aut
2176 5252 2302 5296 non
2348 5236 2583 5315 factum
2632 5239 2879 5303 Filium
2928 5242 3249 5320 praedicet,
3291 5249 3400 5301 aut
3443 5257 3575 5300 eum

294 5346 444 5416 post
478 5336 809 5398 Behemoth
853 5334 1176 5397 conditum
1203 5334 1435 5393 stultus
1459 5342 1659 5411 putet.

382 5441 858 5506 lncarnationis
887 5440 1261 5518 mysterium
1290 5438 1527 5516 Optime
1555 5438 1919 5514 explicatur
1948 5439 2121 5499 hom.
2158 5440 2238 5500 38
2270 5443 2333 5501 in
2388 5442 2767 5522 Evangelia,
2822 5463 2996 5505 num.
3032 5444 3101 5519 3;
3154 5450 3217 5507 et
3255 5442 3574 5505 Nestorius

298 5542 752 5623 Eutychesque
782 5542 1222 5613 confutantur,
1258 5539 1368 5600 lib.
1408 5539 1518 5597 lin
1552 5539 1977 5616 Ezechielem,
2009 5543 2178 5603 hom.
2214 5544 2275 5617 8,
2324 5532 2387 5605 n.
2434 5545 2512 5604 2h
2551 5555 2610 5607 et
2655 5546 2755 5606 25.
2816 5549 2885 5607 lu
2940 5546 3203 5607 homilia
3256 5543 3572 5621 sequenti,

300 5664 477 5704 num.
505 5646 567 5718 2,
596 5645 829 5704 divina:
859 5643 1078 5720 gratia:
1116 5641 1488 5713 necessitas,
1532 5645 1599 5699 ut
1633 5641 1868 5700 bonum
1916 5648 1979 5705 et
2024 5646 2298 5707 velimus
2338 5657 2397 5710 et
2437 5649 2867 5726 perficiamus,
2904 5648 3220 5711 astruitur
3267 5646 3574 5707 adversus

306 5742 628 5823 Pelagium
662 5750 723 5803 et
755 5742 1140 5806 leestium.
1182 5742 1454 5801 Docetur
1484 5740 1651 5801 mala
1685 5741 1895 5817 nobis,
1933 5746 2096 5806 bona
2126 5755 2342 5808 autem
2379 5749 2512 5811 Deo
2540 5752 2851 5828 nobisque
2878 5744 3241 5811 tribuenda.
3271 5744 3577 5823 Explica-

378 5936 399 5961 ⁶
434 5931 563 5993 Illos
586 5932 654 5990 de
681 5944 833 5989 more
861 5928 1186 5995 omittimus,
1216 5929 1445 5987 indicem
1475 5931 1770 6005 Scriptum
1792 5935 2102 6005 generalem
2128 5938 2180 5992 in
2208 5936 2517 5993 universam
2544 5934 2909 6003 Patrologiam
2937 5924 3276 5990 confecturi.
3295 5932 3452 5990 Enn.
