4118 6452
616 407 683 464 27
1832 404 2202 467 PREFATlO
2242 406 2651 469 GENERALIS.
3806 407 3884 469 28

616 528 722 585 ιιιι·
748 525 1023 605 denique
1057 525 1377 604 quomodo
1410 527 1759 603 prmveniat
1793 528 2026 604 gratia,
2061 527 2495 599 subsequatur
2531 524 2845 584 voluntas.
2895 521 3017 583 Sed
3050 523 3114 583 in
3148 522 3265 593 his,
3301 522 3532 599 inquit,
3586 523 3883 587 conside-

609 622 897 698 randum,
929 625 1078 704 quia
1102 626 1192 685 sic
1226 624 1387 686 bona
1408 634 1653 699 nostra,
1680 625 1735 685 si
1773 624 2210 703 omnipotentis
2248 624 2365 682 Dei
2416 624 2577 683 dona
2607 632 2777 694 sunt,
2822 631 2889 683 ut
2924 624 2987 683 in
3018 622 3103 683 eis
3130 622 3373 701 aliquid
3407 631 3695 684 nostrum
3748 641 3881 685 non

607 725 715 796 sit,
743 742 859 787 cur
888 743 1003 785 nos
1033 726 1215 805 quasi
1248 745 1368 805 pro
1402 729 1643 788 meritis
1672 735 1964 790 (rtemann
1983 725 2458 788 retributionem
2486 726 2858 803 quarimus?
2893 726 2967 785 Si
2998 733 3198 784 autem
3229 726 3316 785 ita
3345 736 3563 789 nostra
3596 735 3768 796 sunt,
3805 731 3881 787 ut

606 822 775 885 dona
803 826 921 887 Dei
957 828 1402 905 omnipotentis
1423 846 1551 888 non
1582 830 1734 898 sint,
1768 846 1881 891 cur
1914 847 1991 889 ex
2024 829 2106 890 eis
2136 828 2547 905 omnipotenti
2576 828 2696 886 Deo
2727 827 2966 903 gratias
2994 826 3417 903 agimus?Sed
3445 828 3762 888 sciendum
3786 834 3878 887 est

605 923 752 999 quia
779 923 939 985 mala
974 934 1195 987 nostra
1236 925 1618 989 solummodo
1668 937 1886 987 nostra
1925 936 2101 997 sunt;
2134 926 2295 988 bona
2324 937 2525 987 autem
2569 935 2808 999 nostra,
2845 936 2898 986 et
2947 928 3385 1005 omnipotentis
3436 930 3761 1002 Deisunt,
3822 936 3878 989 et

603 1035 859 1097 nostra:
894 1030 1042 1108 quia
1064 1030 1195 1108 ipse
1228 1031 1565 1109 aspirando
1597 1051 1709 1091 nos
1728 1032 2031 1109 pravenit
2057 1041 2124 1092 ut
2156 1030 2431 1101 velimus,
2461 1032 2571 1107 qui
2616 1030 2971 1108 adjuvando
3020 1032 3452 1110 prosequitur,
3492 1049 3566 1091 ne
3601 1034 3880 1095 inaniter

602 1128 881 1203 velimus,
918 1131 1022 1192 sed
1046 1134 1353 1211 possimus
1376 1132 1628 1211 implere
1658 1152 1789 1211 qua:
1816 1132 2119 1195 volumus.
2155 1134 2573 1194 Praeveuiente
2602 1148 2745 1208 ergo
2780 1130 3011 1207 gratia,
3043 1140 3095 1190 et
3126 1130 3285 1191 bona
3322 1132 3641 1194 voluntate
3664 1130 3879 1192 subse-

603 1240 846 1307 quente,
872 1233 990 1295 hoc
1009 1234 1177 1313 quod
1205 1236 1644 1311 omnipotentis
1675 1237 1784 1297 Dei
1817 1236 2050 1295 donum
2099 1244 2209 1313 est,
2242 1238 2309 1314 ﬁt
2339 1236 2623 1295 meritum
2669 1240 2978 1293 nostrum.
3026 1231 3210 1308 Quod
3253 1232 3395 1293 bene
3442 1231 3676 1294 Paulus
3709 1230 3879 1293 brevi

602 1331 908 1393 sententia
936 1332 1235 1411 explicat,
1269 1332 1477 1394 dicens
1503 1355 1521 1395 :
1543 1334 1699 1395 Plus
1721 1334 1851 1394 illis
1878 1334 2159 1395 omnibus
2187 1333 2493 1395 laboravi.
2526 1333 2649 1409 Qui
2685 1352 2759 1394 ne
2804 1352 2927 1393 sua:
2950 1333 3264 1393 videretur
3308 1332 3539 1393 virtuti
3586 1332 3879 1393 tribuisse

604 1431 773 1510 quod
798 1433 1025 1511 fecerat
1053 1477 1068 1505 ,
1100 1435 1400 1511 adiunxit
1421 1456 1442 1497 :
1477 1435 1625 1498 Non
1655 1442 1860 1497 autem
1888 1455 2024 1514 ego,
2048 1435 2158 1496 sed
2178 1436 2389 1514 gratia
2424 1435 2536 1496 Dei
2566 1455 2819 1495 mecum.
2851 1434 3016 1510 Quia
3047 1435 3204 1495 enim
3253 1434 3475 1495 caelesti
3504 1433 3666 1495 dono
3714 1451 3879 1511 pra:-

602 1538 820 1595 ventus
850 1540 962 1606 est,
1000 1534 1179 1612 quasi
1209 1534 1481 1595 alienum
1510 1553 1571 1597 se
1598 1556 1632 1594 α
1657 1534 1815 1597 bono
1850 1554 1962 1597 suo
1998 1555 2175 1615 opere
2210 1536 2497 1614 agnovit,
2531 1536 2775 1597 dicens:
2802 1536 2949 1597 Non
2978 1545 3178 1594 autem
3214 1554 3347 1613 ego.
3390 1533 3509 1594 Sed
3543 1534 3689 1612 quia
3710 1550 3879 1611 pree-

603 1634 851 1694 veniens
879 1632 1092 1710 gratia
1126 1631 1383 1695 liberum
1406 1633 1473 1693 in
1504 1652 1569 1694 eo
1592 1633 1927 1696 arbitrium
1949 1637 2184 1713 fecerat
2214 1636 2281 1698 in
2300 1635 2559 1703 bonum,
2594 1655 2710 1717 quo
2745 1635 2939 1699 libero
2992 1636 3256 1697 arbitrio
3299 1634 3561 1694 eamdem
3606 1634 3878 1713 gratiam

601 1740 686 1793 est
713 1732 1077 1797 subsecutus
1103 1734 1169 1795 in
1201 1752 1409 1814 opere,
1438 1736 1734 1815 adjunxit
1763 1758 1782 1795 :
1816 1735 1940 1798 Sed
1966 1738 2178 1813 gratia
2202 1740 2316 1801 Dei
2347 1757 2601 1799 mecum.
2636 1744 2728 1798 Ae
2760 1738 2815 1797 si
2844 1738 3075 1798 diceret
3102 1762 3118 1799 :
3150 1737 3229 1796 In
3258 1734 3413 1796 bono
3479 1752 3655 1813 opere
3694 1735 3878 1796 labo-

600 1837 763 1908 ravi,
789 1854 919 1897 non
949 1856 1085 1915 ego,
1116 1836 1219 1899 sed
1247 1846 1302 1898 et
1335 1855 1465 1916 ego.
1505 1839 1583 1901 In
1602 1838 1717 1900 hoc
1740 1839 1898 1901 enim
1928 1839 2094 1918 quod
2116 1840 2247 1901 solo
2281 1841 2531 1901 Domini
2559 1841 2722 1901 dono
2754 1846 3105 1915 praeventus
3148 1857 3301 1907 sum,
3336 1855 3462 1898 non
3495 1855 3646 1917 ego:
3692 1836 3760 1898 in
3808 1854 3875 1896 eo

600 1943 803 1997 autem
830 1937 998 2015 quod
1026 1937 1255 1999 donum
1277 1938 1599 2000 voluntate
1632 1939 2020 2012 subsecutus,
2051 1950 2108 2001 et
2132 1959 2271 2019 ego,
2302 1942 2421 2003 His
2461 1943 2661 2020 igitur
2690 1940 2958 2003 breviter
2996 1948 3213 2001 contra
3262 1940 3585 2023 Pelagium
3633 1945 3688 2001 et
3735 1938 3877 2001 Ca-

599 2034 846 2097 lestium
868 2036 1078 2111 dictis,
1113 2037 1192 2098 ad
1217 2037 1567 2116 exponendi
1598 2039 1874 2101 ordinem
1902 2039 2240 2101 redeamus.

681 2133 768 2196 De
800 2142 1063 2212 peccato
1094 2137 1395 2215 originali
1436 2140 1498 2200 in
1532 2157 1783 2201 omnem
1822 2146 2116 2205 naturam
2150 2140 2499 2203 humanam
2559 2160 2698 2205 sese
2726 2141 3141 2212 diffundente,
3181 2137 3363 2219 cujus
3399 2143 3613 2198 tamen
3641 2152 3874 2217 expers

599 2232 915 2311 Christus,
947 2239 1088 2317 lege
1125 2239 1235 2302 lib.
1264 2258 1427 2303 XVIII
1461 2240 1717 2316 Moral.,
1750 2261 1923 2304 num.
1954 2241 2055 2313 81s,
2093 2250 2153 2305 et
2181 2242 2352 2304 hom.
2384 2244 2445 2317 8,
2484 2244 2592 2307 lib.
2620 2260 2640 2304 ι
2673 2246 2735 2304 in
2768 2244 3188 2318 Ezechielem,
3228 2259 3402 2302 num.
3432 2238 3532 2303 21.
3570 2239 3655 2301 De
3687 2255 3876 2317 penna

598 2337 750 2402 huic
774 2344 1035 2414 peccato
1064 2340 1255 2405 etiam
1277 2340 1342 2405 in
1376 2341 1728 2407 infantibus
1759 2342 1967 2406 debita
2004 2345 2402 2408 consulenda
2433 2344 2715 2425 praelatio
2746 2345 2891 2407 libri
2936 2363 2999 2406 iv
3027 2344 3284 2421 Moral.,
3310 2361 3366 2405 c.
3404 2341 3466 2418 3,
3504 2346 3567 2407 et
3618 2341 3728 2407 lib.
3776 2358 3844 2404 ix

603 2455 783 2502 num.
820 2438 921 2505 32.

683 2537 1307 2603 Praedestinationem
1341 2542 1688 2620 gratuitam
1718 2542 1899 2604 docet
1936 2544 2097 2605 liber
2128 2564 2261 2608 xxv
2299 2545 2671 2610 eorumdem
2707 2545 2964 2619 Moral.,
3001 2563 3175 2607 num.
3209 2544 3308 2606 32.

682 2637 826 2698 XII.
888 2637 1059 2715 Quid
1104 2642 1364 2703 senserit
1413 2642 1485 2703 S.
1521 2640 1869 2721 Gregorius
1899 2643 1969 2707 de
2022 2643 2406 2709 beatitudine
2455 2654 2820 2708 sanctorum
2870 2654 3015 2724 post
3060 2654 3341 2707 mortem.
3400 2677 3463 2689 —
3541 2639 3875 2705 Beatitudo

601 2746 973 2805 sanctorum
1010 2744 1224 2805 statim
1257 2748 1399 2820 post
1429 2749 1693 2806 mortem
1731 2746 2045 2809 asseritur
2088 2747 2149 2807 in
2200 2748 2445 2826 prastat.
2482 2748 2559 2809 ad
2592 2749 2787 2810 libros
2833 2748 3090 2821 Moral.,
3125 2766 3184 2808 ιι.
3216 2748 3315 2815 20,
3369 2763 3450 2807 ex
3483 2743 3745 2825 Apocal.
3780 2761 3869 2815 vs,

603 2837 670 2896 11
702 2858 718 2899 :
752 2839 837 2901 Et
869 2839 1205 2903 datae-eunt
1230 2840 1366 2903 illis
1394 2842 1656 2922 singula
1681 2843 1857 2906 stola:
1883 2844 2060 2919 albw,
2086 2852 2234 2923 etc.,
2270 2865 2416 2925 qua:
2445 2848 2537 2909 sic
2572 2848 2835 2927 exponit
2867 2853 3124 2909 sanctus
3164 2849 3394 2908 Doctor
3425 2867 3439 2904 :
3470 2845 3627 2905 Ante
3655 2859 3874 2903 resur-

601 2941 936 3027 rectionem
968 2944 1193 3024 quippe
1212 2944 1407 3006 stolas
1433 2945 1717 3025 singulas
1748 2948 2052 3025 accepisse
2091 2949 2245 3010 dicti
2277 2955 2450 3023 sunt,
2488 2948 2637 3027 quia
2662 2949 2795 3009 sola
2826 2947 3024 3008 adhuc
3051 2947 3270 3007 mentis
3308 2944 3684 3006 beatitudine
3724 2958 3874 3022 per-

599 3026 931 3119 fruuntur.
969 3042 1165 3104 Binas
1193 3060 1336 3121 ergo
1375 3048 1696 3124 accepturi
1734 3054 1908 3120 sunt,
1947 3047 2197 3127 quando
2231 3067 2368 3108 cum
2420 3026 2769 3108 animarum
2827 3049 3100 3126 perfecto
3133 3046 3388 3127 gaudio,
3429 3046 3612 3106 etiam
3642 3062 3875 3122 corpo-

600 3156 739 3201 rum
770 3140 1248 3233 incorruptione
1284 3146 1656 3208 vestientur.
1691 3147 1846 3209 Vide
1877 3166 2135 3224 quoque
2166 3146 2276 3207 lib.
2311 3164 2404 3217 ιιι,
2447 3165 2509 3205 ιι.
2556 3149 2656 3217 t7;
2696 3148 2808 3206 lib.
2842 3165 3044 3218 xxxv,
3105 3166 3170 3207 ιι.
3204 3145 3320 3224 25;
3354 3152 3412 3207 et
3444 3146 3552 3205 lib.
3584 3162 3648 3206 1v
3680 3143 3873 3217 Dial.,

600 3256 656 3302 ιι.
689 3240 788 3301 25.
817 3243 905 3305 De
934 3241 1193 3307 cultu'et
1220 3246 1624 3309 invocatione
1655 3256 2049 3324 sanctorum,
2079 3249 2211 3309 haec
2240 3248 2536 3326 legimus,
2568 3249 2677 3309 lib.
2714 3267 2820 3308 χνι
2852 3250 3101 3320 Moral.,
3142 3266 3204 3310 ιι.
3242 3246 3320 3308 61s
3353 3269 3369 3309 :
3414 3248 3503 3307 Hi
3534 3248 3738 3326 itaque
3765 3244 3874 3326 qui

604 3345 678 3403 de
710 3344 885 3405 nullo
918 3366 1030 3409 suo
1065 3366 1243 3426 opere
1270 3350 1621 3428 conﬁdunt,
1644 3351 1726 3412 ad
1752 3362 2110 3414 sanctorum
2137 3355 2500 3433 Martyrum
2543 3356 2990 3435 protectionem
3033 3364 3323 3427 currunt,
3355 3361 3539 3433 atque
3569 3352 3651 3413 ad
3695 3369 3875 3413 sacra

600 3464 815 3509 eorum
841 3466 1110 3527 corpora
1138 3451 1383 3529 ﬂetibus
1415 3454 1743 3525 insistunt,
1780 3460 2121 3534 promereri
2149 3476 2209 3518 se
2234 3457 2497 3526 veniam,
2537 3458 2621 3516 eis
2650 3455 3199 3534 intercedentibus,
3234 3456 3670 3536 deprecantur.
3702 3454 3873 3532 Lege

611 3566 874 3627 quoque
904 3551 1075 3615 hom.
1110 3552 1279 3615 32in
1314 3552 1589 3634 Evang..
1626 3574 1690 3619 ιι.
1719 3556 1756 3617 6
1787 3565 1845 3617 et
1873 3577 2036 3636 seq.,
2070 3577 2321 3620 necnon
2352 3560 2459 3620 lib.
2494 3578 2538 3618 ιι
2573 3560 2847 3639 Dialog.,
2888 3578 2942 3619 c.
2979 3560 3226 3619 ultimo.

682 3653 775 3715 De
807 3653 951 3735 igne
999 3656 1502 3731 purgatorio.-——
1548 3656 1639 3716 De
1688 3658 1833 3735 igne
1885 3660 2281 3735 purgatorio,
2328 3661 2429 3719 cui
2469 3656 2795 3720 addicendi
2834 3666 2983 3719 sunt
3017 3661 3205 3719 etiam
3252 3656 3405 3735 justi
3469 3655 3753 3719 nondum
3788 3656 3871 3717 ab

603 3755 774 3816 ouini
814 3757 1056 3832 peccati
1093 3751 1233 3816 labe
1281 3758 1589 3825 mundati,
1624 3759 1757 3834 lege
1798 3758 2044 3837 Dialog.
2081 3761 2122 3818 l.
2154 3778 2244 3833 IV,
2276 3778 2415 3838 cap.
2449 3757 2551 3829 25,
2580 3777 2655 3817 ex
2696 3775 2825 3835 quo
2856 3760 3045 3820 etiam
3085 3757 3444 3817 luculenter
3473 3754 3877 3815 conﬁrman—

604 3863 706 3917 tur
744 3873 889 3933 quin
916 3857 995 3919 de
1028 3861 1397 3923 sanctorum
1432 3858 1730 3923 felicitate
1759 3861 1971 3920 statim
2012 3868 2153 3940 post
2206 3870 2473 3921 mortem
2508 3860 2953 3939 praemisimus.
2998 3859 3131 3919 Hoc
3178 3857 3316 3916 loco
3347 3855 3577 3932 quaerit
3605 3855 3871 3913 Petrus:

603 3954 678 4014 Si
712 3964 852 4014 ante
881 3957 1341 4017 restitutionem
1374 3959 1660 4034 corporis
1687 3960 2080 4037 recipiantur
2113 3960 2182 4019 in
2208 3960 2352 4020 caelo
2388 3960 2608 4019 aninue
2646 3959 2983 4037 iustorum.
3028 3956 3104 4015 Et
3156 3952 3492 4032 respondet
3538 3950 3874 4012 sanctissi—

607 4073 748 4119 usus
781 4056 1128 4136 Magister:
1164 4054 1304 4119 Hoc
1334 4078 1524 4137 neque
1558 4058 1629 4118 de
1660 4060 1939 4119 omnibus
1958 4059 2155 4140 justis
2185 4061 2373 4139 fateri
2414 4078 2770 4139 possumus,
2816 4074 3006 4133 neque
3036 4054 3107 4113 de
3138 4052 3416 4113 omnibus
3439 4068 3677 4129 negare.
3711 4049 3875 4111 Nam

622 4164 769 4216 sunt
803 4157 1211 4234 quorumdam
1234 4160 1555 4237 juslorum
1586 4159 1828 4232 animos,
1864 4175 1996 4235 qua:
2021 4179 2055 4216 a
2104 4157 2329 4217 coelesti
2376 4175 2564 4235 regno
2611 4152 2975 4235 quibusdam
3012 4150 3210 4209 adhuc
3245 4147 3668 4211 mansionibus
3697 4147 3875 4227 diffe-

613 4269 872 4320 runtur.
909 4261 989 4320 In
1012 4278 1134 4338 quo
1165 4258 1497 4320 dilationis
1523 4258 1746 4319 damno
1792 4259 1944 4338 quid
1975 4260 2150 4319 aliud
2176 4260 2492 4331 innuitur,
2538 4259 2662 4318 nisi
2697 4256 2862 4337 quod
2921 4255 2991 4313 de
3030 4255 3301 4332 per/ecta
3330 4251 3585 4330 justitia
3632 4245 3875 4327 aliquid

607 4361 810 4423 minus
836 4361 1231 4422 habuerunt?
1258 4362 1342 4421 Et
1374 4369 1571 4420 tamen
1607 4360 1740 4420 luce
1777 4360 2010 4420 clarius
2045 4368 2287 4421 constat
2310 4362 2456 4438 quia
2488 4360 2907 4439 perfectorum
2928 4354 3170 4418 animm,
3195 4370 3341 4411 mox
3368 4360 3434 4411 ut
3457 4350 3640 4429 hujus
3665 4349 3874 4408 carnis

612 4464 890 4525 claustra
926 4463 1220 4536 ea‘ierint,
1250 4463 1317 4524 in
1352 4460 1610 4525 caelestis
1640 4462 1815 4539 regni
1844 4460 2084 4521 sedibus
2128 4462 2550 4539 recipiuntur.
2606 4463 2691 4518 Ac
2728 4476 2868 4535 cap.
2920 4456 3018 4525 39,
3081 4451 3495 4527 interroganti
3534 4450 3874 4529 discipulo,

604 4568 702 4627 An
725 4573 867 4642 post
895 4572 1153 4627 mortem
1182 4562 1594 4641 purgatorius
1631 4562 1796 4639 ignis
1842 4563 1948 4632 sit,
2005 4561 2337 4640 respondet
2400 4571 2657 4621 sanctus
2699 4563 2950 4629 Doctor,
3007 4574 3121 4634 pro
3178 4552 3559 4631 quibusdam
3620 4553 3872 4614 levibus

566 4704 569 4707 -
611 4667 819 4743 culpis
855 4666 1175 4746 tergendis
1206 4683 1345 4726 esse
1375 4663 1852 4743 antejudicium
1876 4666 2314 4741 purgatorium
2352 4666 2597 4741 ignem;
2628 4660 2794 4738 quod
2829 4659 2992 4717 infra
3022 4658 3252 4715 diserte
3284 4655 3528 4730 probat.
3560 4653 3875 4730 Denique,

604 4785 747 4846 cap.
780 4766 882 4840 55,
912 4769 1042 4829 ait:
1076 4766 1148 4829 Si
1177 4767 1371 4845 culpes
1406 4772 1548 4844 post
1584 4774 1839 4825 mortem
1873 4765 2229 4827 insolubiles
2262 4782 2391 4824 non
2434 4772 2604 4834 sunt,
2646 4760 2983 4820 multorum
3036 4758 3192 4816 solet
3222 4756 3455 4815 animos
3506 4755 3688 4814 etiam
3729 4762 3875 4830 post

502 4927 505 4930 ι
611 4877 869 4929 mortem
894 4885 1073 4930 sacra
1101 4868 1333 4929 oblatio
1385 4868 1603 4931 hostiae
1631 4869 1930 4931 salutaris
1974 4870 2307 4948 adjuvare;
2348 4870 2433 4926 ita
2464 4876 2532 4925 ut
2570 4865 2725 4924 hanc
2767 4873 3215 4940 nonnunquam
3249 4860 3394 4939 ipsa:
3441 4858 3876 4940 defunctorum

605 4971 823 5032 animi:
851 4978 1130 5047 expetere
1165 4969 1523 5032 videantur.
2010 5046 2020 5055 .

689 5070 775 5129 De
809 5086 1134 5148 poenarum
1164 5067 1444 5147 reprobis
1468 5069 1811 5130 debitorum
1844 5069 2200 5131 duratione.
2226 5101 2298 5110 -—
2325 5066 2620 5127 Aiternas
2657 5068 2787 5126 fore
2828 5082 3044 5143 ptenas
3083 5064 3501 5146 reproborum
3542 5062 3875 5143 docemur,

608 5172 720 5233 lib.
754 5192 958 5237 xxxrv
992 5174 1250 5249 Moral.,
1278 5192 1337 5234 ιι.
1378 5173 1493 5249 31s;
1522 5177 1629 5234 sed
1663 5175 2011 5252 prmserlim
2049 5173 2093 5230 l.
2127 5191 2184 5230 ιν
2225 5172 2234 5231 l

1003 5174 1250 5249 Moral.,
1278 5192 1337 5234 ιι.
1378 5173 1493 5249 31s;
1522 5177 1629 5234 sed
1663 5175 2011 5252 praesertim
2049 5173 2093 5230 l.
2127 5191 2184 5230 Iv
2225 5172 2416 5245 Dial.,
2442 5189 2495 5232 c.
2533 5168 2629 5228 liis.

687 5272 826 5347 Qua
846 5274 1091 5334 ratione
1128 5276 1287 5333 Deus
1314 5272 1520 5335 hacin
1544 5276 1675 5333 vita
1705 5274 1904 5333 videri
1930 5275 2131 5349 possit
2159 5293 2195 5331 α
2223 5273 2500 5335 Sanctis.
2537 5273 2824 5331 —Libro
2850 5287 3009 5332 xvm
3040 5268 3293 5342 Moral.,
3328 5287 3391 5327 n.
3430 5266 3531 5339 88,
3569 5267 3877 5344 expendit

610 5373 984 5452 Gregorius,
1017 5381 1233 5435 utrum
1271 5380 1498 5445 sancti,
1537 5374 1820 5450 quandiu
1854 5373 2212 5432 mortaliter
2248 5372 2495 5443 vivunt,
2530 5374 2730 5433 Deum
2768 5373 2973 5433 videre
3021 5370 3303 5447 possint;
3332 5373 3741 5447 decermtque
3778 5374 3878 5431 vi-

605 5477 753 5537 dere
790 5481 1037 5538 tantum
1071 5494 1256 5554 posse
1291 5494 1404 5553 per
1440 5477 1748 5551 quasdam
1790 5476 2124 5549 imagines,
2161 5478 2220 5532 et
2264 5491 2391 5534 non
2428 5476 2489 5534 in
2527 5474 2785 5551 prepria
2837 5476 3091 5530 natura.
3143 5471 3221 5529 At
3271 5487 3543 5529 numero
3566 5469 3665 5542 89,
3706 5488 3877 5531 non-

609 5575 819 5638 nullos
856 5580 935 5638 ab
968 5579 1089 5638 hac
1115 5579 1351 5655 excipit
1386 5577 1551 5650 lege,
1588 5579 1681 5636 his
1712 5577 1921 5635 verbis
1956 5598 1967 5634 :
2004 5575 2119 5636 Sin
2146 5594 2289 5636 vero
2328 5598 2361 5635 (ι
2391 5577 2760 5655 quibusdam
2787 5582 2988 5652 potest
3018 5575 3086 5635 in
3132 5568 3244 5633 hac
3286 5574 3485 5633 adhuc
3550 5577 3875 5653 corrupti-

604 5676 719 5739 bili
753 5696 941 5738 carne
978 5676 1349 5752 viventibus,
1382 5677 1484 5735 sed
1543 5688 1734 5736 tamen
1786 5676 2207 5738 intestimabili
2256 5679 2491 5739 virtute
2526 5673 2965 5745 crescentibus,
3017 5673 3283 5753 quodam
3336 5676 3877 5752 contemplationis

604 5776 890 5836 acumine
915 5781 1141 5835 esterno
1177 5774 1286 5831 Dei
1318 5772 1574 5833 claritas
1604 5774 1835 5842 videri;
1873 5776 1986 5836 hoc
2018 5794 2256 5855 quoque
2294 5798 2326 5834 (ι
2362 5776 2525 5835 beati
2558 5774 2681 5835 Job
2721 5776 3028 5835 sententia
3073 5792 3203 5835 non
3265 5774 3580 5847 abhorret,
3627 5796 3732 5849 qui
3784 5779 3875 5841 ait

607 5872 754 5944 (Job
779 5892 1014 5946 xxvus,
1049 5874 1149 5944 2i)
1176 5895 1192 5934 :
1219 5872 1600 5936 Absrxndita
1629 5884 1711 5936 est
1746 5875 1819 5936 ab
1859 5875 2055 5939 oculis
2087 5877 2357 5940 omnium
2404 5876 2776 5945 viventium;
2804 5875 3100 5953 quoniam
3147 5874 3428 5956 quisquis
3484 5877 3873 5955 sapientiam,
