4118 6458
264 460 328 515 39
1480 448 1849 506 ΡΒᾸΞΕΑΤΙΟ
1888 466 1890 488 ι

1911 445 2299 503 ;ΕΝΕΒΑιιε.
3466 439 3537 497 50

266 590 398 653 qua
433 572 591 632 Deus
629 564 956 641 est,videt,
986 562 1131 626 huic
1161 563 1301 623 vitae
1326 559 1614 642 funditus
1651 560 1948 634 moritur,
1998 576 2069 617 ne
2093 559 2227 637 jam
2274 557 2405 636 ejus
2436 571 2639 616 amore
2690 560 2989 615 teneatur.
3039 549 3271 615 Nullus
3316 551 3543 632 quippe

267 652 391 733 eam
419 671 607 741 vidit,
636 668 743 749 qui
772 666 971 727 adhuc
1004 664 1343 725 carnaliter
1371 663 1568 731 vivit;
1604 662 1751 742 quia
1780 678 1949 723 nemo
1977 666 2184 740 potest
2216 659 2409 718 Deum
2439 656 2623 718 simul
2660 653 2947 734 amplecti
2979 661 3033 715 et
3057 652 3367 715 sxculum.
3418 653 3545 729 Qui

268 772 428 832 enim
466 771 656 829 Deum
685 766 876 844 videt,
904 784 969 825 eo
1010 764 1145 843 ipso
1178 763 1474 833 moritur,
1504 780 1623 840 quo
1662 760 1756 822 vel
1786 762 2133 822 intentione
2168 757 2397 830 cordis,
2426 757 2516 817 vel
2546 756 2767 837 e/Iectu
2815 756 3015 833 operis
3052 753 3126 815 ab
3174 754 3360 835 hujus
3395 753 3541 815 vita:

268 864 785 927 delectationibus
814 870 950 923 tota
981 871 1175 921 mente
1201 869 1554 939 separatur.
1596 861 1765 921 Unde
1793 861 1992 921 adimo
2020 860 2099 919 ad
2142 858 2412 919 surridem
2450 875 2690 938 quoque
2733 856 2999 934 Moysen
3029 855 3268 917 dicitur
3294 853 3541 935 (Exod.

269 982 508 1039 χχχιιι,
546 965 647 1044 21)
680 985 697 1023 :
728 966 874 1029 Non
910 966 1066 1024 enim
1108 963 1334 1026 videbit
1373 984 1460 1023 me
1504 964 1707 1037 homo,
1750 974 1807 1023 et
1845 966 2035 1026 vivet.
2077 963 2164 1025 Ac
2210 963 2264 1022 si
2316 969 2526 1040 aperte
2586 959 2943 1020 diceretur:
2992 957 3222 1019 Nullus
3274 974 3546 1037 unquam

269 1070 457 1128 Deum
488 1068 869 1144 spiritaliter
896 1067 1088 1144 videt,
1120 1077 1176 1149 et
1206 1068 1435 1128 mundo
1469 1068 1809 1129 carnaliter
1838 1069 2015 1128 vivit.
2054 1066 2225 1129 Unde
2256 1065 2497 1128 Paulus
2519 1081 2758 1142 quoque
2795 1059 3141 1141 apostolus,
3191 1060 3299 1140 qui
3343 1059 3546 1119 adhuc
3630 1104 3637 1111 .

270 1168 387 1229 Dei
420 1169 765 1229 invisibilia
791 1215 807 1245 ,
865 1170 1031 1229 sicut
1067 1170 1197 1247 ipse
1230 1175 1495 1228 testatur
1530 1170 1587 1246 (1
1618 1168 1766 1228 Cor.
1803 1183 1943 1243 χιιι,
1978 1169 2103 1245 12),
2150 1186 2231 1226 ex
2259 1174 2438 1245 parte
2486 1171 2891 1241 cognoverat,
2933 1162 3064 1242 jam
3115 1161 3262 1221 huic
3312 1158 3542 1220 mundo

270 1278 468 1331 totum
500 1288 559 1329 se
589 1282 901 1331 mortuum
932 1289 1055 1330 esse
1084 1268 1462 1349 perhibebat,
1499 1269 1708 1331 dicens
1738 1269 1973 1347 (Galat.
2009 1288 2095 1341 v1,
2132 1267 2228 1349 1ῖι)
2253 1288 2273 1329 :
2302 1266 2470 1327 Mihi
2504 1264 2769 1326 mundus
2815 1265 3157 1341 cruciﬁxus
3192 1266 3304 1334 est,
3335 1269 3390 1319 et
3436 1276 3542 1336 ego

270 1371 530 1432 mundo.
569 1371 717 1433 Haec
750 1372 985 1432 idcirco
1018 1372 1528 1443 observavimus,
1558 1376 1627 1429 ut
1658 1370 1869 1448 palam
1900 1369 2009 1429 ﬁat
2036 1372 2386 1430 doctrinam
2412 1366 2513 1427 hic
2535 1373 2842 1426 assertam
2873 1359 3041 1423 haud
3073 1374 3362 1441 pugnare
3390 1374 3536 1417 cum

280 1471 591 1551 opinione
629 1472 689 1529 in
729 1471 963 1531 scholis
1002 1471 1156 1531 satis
1188 1475 1468 1549 recepta,
1492 1469 1781 1548 Moysen,
1814 1476 2107 1530 sanctum
2135 1469 2427 1546 Paulum,
2464 1474 2525 1528 et
2554 1472 2845 1528 sanctum
2874 1462 3278 1523 Benedictum
3308 1458 3543 1519 divina!

276 1573 570 1631 essentia;
604 1571 846 1654 visione
880 1572 1114 1649 potitos
1146 1589 1322 1644 esse;
1354 1572 1546 1648 quod,
1579 1576 1893 1650 quantum
1936 1571 2014 1635 ad
2066 1576 2358 1633 sanctum
2416 1570 2821 1631 Benedictum
2858 1570 3120 1647 Spectat,
3154 1562 3406 1628 eruitur
3459 1576 3541 1623 ex

271 1674 383 1735 lib.
416 1692 460 1734 ιι
499 1674 773 1753 Dialog.,
803 1691 859 1734 c.
889 1672 987 1732 35.

362 1776 537 1838 XIII.
588 1776 894 1837 Doctrina
922 1772 1350 1836 Eucharistiee
1378 1773 1674 1833 adversus
1720 1792 1917 1834 novos
1943 1773 2259 1836 heereticos
2289 1782 2527 1835 asserta
2561 1791 2639 1835 ex
2662 1777 2879 1832 sancto
2909 1767 3243 1848 Gregorio,
3280 1782 3547 1847 presser—

276 1879 389 1938 tim
412 1878 481 1940 de
507 1896 679 1939 nova:
706 1878 856 1956 legis
886 1878 1195 1957 sacriﬁcio
1224 1884 1280 1935 et
1300 1880 1633 1955 praesentia
1657 1876 1815 1935 reali
1844 1878 2080 1939 Christi
2109 1877 2174 1937 in
2200 1876 2631 1937 Eucharistia.
2672 1908 2744 1918 —-
2776 1873 3012 1933 Omnes
3044 1868 3185 1932 ﬁdei
3214 1868 3548 1940 articulos,

279 1980 356 2041 de
392 1981 620 2055 quibus
654 1980 833 2041 nobis
866 1985 959 2040 est
987 1998 1133 2040 cum
1180 1979 1587 2051 Lutheranis,
1623 1987 1681 2039 et
1713 1980 2105 2052 Calvinistis,
2137 1979 2412 2058 aliisque
2465 1978 2645 2038 novis
2707 1975 3019 2037 haereticis
3074 1972 3542 2043 controversia,

281 2097 365 2141 ex
403 2085 621 2140 sancto
655 2079 964 2157 Gregorio
995 2078 1321 2156 sigillatim
1351 2078 1652 2154 probatos
1684 2084 1738 2139 et
1774 2084 2049 2139 assertos
2084 2079 2294 2155 legere
2320 2078 2462 2137 licet
2496 2077 2556 2136 in
2591 2076 2675 2154 (a)
2710 2072 3107 2153 Confessione
3128 2069 3546 2149 Gregoriana,

274 2188 539 2243 auctore
595 2178 929 2239 Theodoro
986 2179 1235 2238 Petreio
1298 2176 1633 2253 Campensi
1703 2174 2102 2236 Coloniensis
2156 2174 2512 2237 Carthasim
2577 2173 2864 2232 alumno.
2916 2170 3082 2244 Quid
3152 2166 3544 2229 Iuculentius

284 2282 408 2342 hoc
445 2279 857 2358 Dialogorum
895 2278 1262 2338 testimonio
1290 2276 1401 2336 lib.
1434 2294 1521 2348 ιν,
1552 2294 1611 2337 c.
1636 2276 1737 2352 58,
1770 2276 1845 2337 ad
1880 2273 2302 2354 probandum,
2338 2279 2473 2334 tum
2503 2273 2906 2334 incruentum
2940 2285 3123 2330 novre
3150 2268 3309 2346 legis
3342 2266 3548 2327 sacri-

280 2379 529 2454 ﬁcium,
565 2385 697 2441 tum
735 2378 973 2439 realem
1004 2376 1289 2456 corporis
1321 2384 1380 2436 et
1408 2376 1739 2456 sanguinis
1770 2377 1917 2437 Jesu
1953 2375 2185 2440 Christi
2234 2373 2637 2453 praesentiam
2679 2370 2743 2431 in
2774 2367 3181 2429 Eucharistia
3209 2385 3225 2427 :
3254 2364 3548 2427 Debemus

273 2481 489 2559 itaque
511 2497 781 2559 prxsens
811 2478 1101 2541 saeculum
1131 2479 1223 2547 vel
1252 2476 1396 2556 quia
1428 2478 1562 2556 jam
1592 2476 2009 2555 conspicimus
2043 2474 2397 2555 deﬂuxisse,
2436 2478 2569 2532 tota
2620 2476 2817 2530 mente
2869 2477 3273 2537 contemnere,
3325 2463 3550 2545 quoti-

274 2579 471 2642 diana
494 2581 618 2639 Deo
656 2580 1069 2657 lacrymarum
1100 2579 1436 2656 sacriﬁcia,
1482 2575 1883 2655 quotidianas
1913 2575 2121 2636 carnis
2150 2575 2280 2652 ejus
2310 2581 2363 2632 et
2399 2570 2729 2649 sanguinis
2756 2567 2993 2628 hostias
3023 2563 3365 2626 immolare.
3398 2561 3550 2623 Herc

272 2698 537 2760 namque
567 2679 977 2758 singulariter
996 2677 1248 2737 victima
1273 2676 1348 2736 ab
1369 2684 1599 2737 aeterno
1629 2678 1894 2739 interitu
1925 2675 2192 2736 animam
2228 2672 2453 2750 salvat,
2504 2689 2637 2751 quas
2670 2669 2844 2732 illam
2880 2667 3061 2727 nobis
3104 2670 3364 2725 mortem
3395 2661 3551 2724 Uni-

276 2783 420 2863 geni
429 2783 478 2842 ti
497 2800 611 2862 per
636 2784 995 2861 mysterium
1023 2788 1316 2856 reparat,-
1348 2782 1457 2858 qui
1481 2780 1621 2841 licet
1649 2796 1975 2856 resurgens
2006 2800 2041 2837 α
2073 2778 2340 2838 mortuis
2356 2775 2491 2854 jam
2516 2790 2644 2835 non
2674 2774 2969 2841 moritur,
3006 2776 3061 2828 et
3096 2782 3266 2827 more
3295 2765 3362 2838 ei,
3376 2762 3552 2824 ultra

280 2898 415 2940 non
450 2880 916 2946 dominabitur;
954 2889 1158 2940 tamen
1185 2880 1254 2940 in
1289 2880 1608 2956 semetipso
1645 2878 2092 2938 immortaliter
2126 2886 2306 2955 atque
2350 2872 2927 2952 incorruptibiliter
2962 2869 3198 2944 vivens,
3221 2882 3339 2946 pro
3371 2863 3552 2925 nobis

275 2982 509 3043 iterum
531 2985 599 3042 in
626 2984 742 3044 hoc
773 2983 1067 3061 mysterio
1100 2998 1291 3042 sacrae
1333 2978 1673 3041 oblationis
1692 2978 2073 3040 immolatur.
2107 2977 2273 3055 Ejus
2290 2976 2517 3054 quippe
2538 2972 2625 3034 ibi
2663 2987 2890 3050 corpus
2924 2967 3217 3038 sumitur,
3257 2964 3388 3043 ejus
3404 2978 3550 3024 care

274 3082 351 3142 in
374 3082 596 3161 populi
618 3084 873 3143 salutem
900 3084 1208 3162 partitur,
1246 3081 1377 3159 ejus
1404 3080 1661 3158 sanguis
1691 3096 1820 3138 non
1838 3079 1975 3157 jam
2010 3079 2078 3138 in
2108 3093 2325 3136 manus
2356 3072 2722 3152 inﬁdelium,
2756 3067 2860 3129 sed
2879 3067 2950 3128 in
2976 3082 3089 3125 ora
3118 3062 3388 3143 ﬁdelium
3407 3062 3552 3139 fun-

284 3190 483 3249 ditur.
519 3190 690 3251 Hinc
719 3207 861 3267 ergo
896 3206 1242 3268 pensemus,
1274 3186 1452 3265 quale
1481 3191 1562 3246 sit
1596 3202 1710 3263 pro
1734 3183 1914 3244 nobis
1951 3183 2065 3243 hoc
2100 3180 2498 3259 sacriﬁcium,
2533 3177 2699 3255 quod
2747 3189 2863 3251 pro
2911 3168 3299 3231 absolutione
3335 3172 3555 3268 nostra

278 3291 625 3365 passionem
669 3264 993 3368 Unigeniti
1026 3287 1185 3349 Filii
1212 3303 1447 3364 semper
1476 3286 1785 3347 imitatur.
1816 3282 1974 3356 Quis
2006 3278 2476 3359 enimvﬁdelium
2524 3273 2741 3333 habere
2770 3270 3027 3331 dubium
3066 3267 3291 3346 possit,
3322 3265 3391 3368 in
3421 3264 3555 3343 ipsa

278 3390 734 3451 immolationis
762 3391 917 3450 hora
944 3390 1026 3449 ad
1052 3387 1393 3449 sacerdotis
1418 3404 1626 3447 vocem
1658 3385 1835 3444 caelos
1866 3380 2127 3460 aperiri,
2164 3379 2229 3438 in
2259 3376 2372 3439 illo
2408 3376 2561 3434 Jesu
2590 3370 2833 3432 Christi
2862 3368 3157 3446 mysterio
3190 3364 3555 3443 angelorum

284 3504 507 3553 choros
541 3493 776 3571 adesse,
807 3510 1059 3553 summis
1093 3510 1215 3555 ima
1247 3505 1502 3563 sociari,
1530 3496 1772 3547 terrena
1795 3481 2136 3547 ccelestibus
2170 3478 2385 3557 jungi,
2427 3490 2736 3551 unumque
2767 3487 2843 3530 ex
2869 3463 3221 3529 visibilibus
3248 3471 3432 3542 atque
3459 3462 3557 3523 in-

282 3595 630 3659 visibilibus
664 3597 848 3675 ﬁeri?

363 3698 455 3757 De
488 3664 902 3777 confessionis
932 3694 1461 3771 absolutionisque
1497 3687 1903 3751 sacerdotalis
1929 3685 2312 3751 necessitate,
2334 3687 2393 3739 et
2420 3678 2492 3739 de
2520 3675 2823 3736 Ecclesiae
2851 3670 3256 3731 auctoritate.
3287 3698 3363 3711 —
3384 3664 3558 3727 Con-

288 3774 699 3860 tessionis'et
728 3800 1153 3861 absolutionis
1196 3797 1607 3860 sacerdotalis
1645 3791 1996 3853 necessitas
2032 3786 2289 3865 probari
2323 3786 2529 3863 potest
2561 3780 2777 3841 multis
2806 3793 2885 3835 ex
2931 3775 3111 3847 locis,
3143 3774 3425 3833 maxime
3470 3784 3553 3827 ex

281 3896 396 3958 lib.
426 3917 570 3980 arin
604 3901 861 3971 Moral.,
896 3919 962 3959 n.
992 3901 1091 3967 31,
1131 3906 1193 3959 et
1230 3901 1400 3959 hom.
1434 3899 1511 3956 26
1539 3900 1600 3956 in
1630 3895 1905 3970 Evang.,
1935 3910 2001 3951 ιι.
2040 3890 2104 3962 ts,
2137 3888 2196 3958 5,
2231 3888 2297 3961 6,
2334 3885 2440 3944 ubi
2494 3883 2614 3943 sub
2641 3879 2962 3980 schemate
2998 3874 3362 3980 LazariAex-
3390 3883 3559 3929 mon-
3622 3889 3627 3894 ’

281 3997 414 4059 tuis
442 3974 479 4059 a
509 3998 763 4059 Christo
798 4001 1104 4073 revocati,
1139 4006 1199 4058 et
1229 4000 1309 4057 ab
1340 3997 1475 4075 ejus
1518 3992 1821 4073 apostolis
1859 3989 2076 4062 soluti,
2118 3985 2480 4064 explicatur
2530 3977 2887 4058 peccatoris
2948 3992 3061 4051 per
3090 3970 3559 4075 confessionem

283 4108 694 4181 peccatorum
734 4120 768 4162 e
799 4102 1096 4179 sepulcro
1132 4072 1499 4179 prodeuntis
1531 4072 1919 4157 resurrectio
1948 4095 2010 4151 et
2056 4088 2317 4150 solutio.
2357 4086 2600 4145 Lazaro
2632 4095 2779 4157 ergo
2829 4076 3103 4148 dicitur,
3146 4072 3306 4181 lieni
3345 4073 3559 4148 foras:

286 4223 359 4265 ac
399 4204 454 4264 si
481 4212 688 4283 aperte
724 4203 976 4264 cuilibet
1007 4212 1252 4263 mortuo
1290 4202 1355 4262 in
1396 4200 1577 4277 culpa
1610 4197 1963 4259 diceretur:
2000 4193 2125 4255 Cur
2150 4197 2389 4251 reatum
2426 4196 2602 4247 tuum
2632 4187 2806 4244 intra
2841 4176 3281 4243 conscientiam
3302 4176 3560 4283 abscon-

284 4303 427 4364 dis?
454 4272 652 4365 Foras
665 4304 800 4385 jam
826 4321 938 4383 per
970 4304 1411 4383 confessionem
1443 4272 1747 4378 egredere,
1780 4298 1888 4375 qui
1918 4291 2089 4373 apud
2129 4298 2184 4350 te
2218 4287 2485 4350 interius
2524 4300 2636 4363 per
2678 4282 3065 4360 negationem
3112 4276 3291 4385 lates.
3334 4272 3560 4385 Veniat

284 4407 494 4482 itaque
520 4372 694 4483 foras
729 4372 1037 4473 mortuus,
1068 4372 1134 4465 id
1161 4408 1249 4462 est
1276 4372 1520 4479 culpam
1546 4372 1922 4477 conﬁteatur
1946 4400 2263 4473 peccator.
2311 4385 2660 4447 Venientem
2688 4398 2834 4444 vero
2862 4382 3035 4458 [oras
3069 4376 3321 4483 solvgnt
3364 4372 3560 4483 disci:-

285 4475 463 4582 puli;
493 4475 561 4565 ut
598 4506 894 4566 Pastores
930 4505 1229 4565 Ecclesiee
1263 4505 1319 4563 ei
1343 4475 1586 4582 poenam
1629 4475 1889 4559 debeant
1915 4511 2219 4565 amovere,
2257 4505 2437 4569 quam
2490 4485 2739 4557 meruit,
2776 4483 2885 4561 qui
2926 4496 3057 4539 non
3087 4475 3334 4538 erubuit
3369 4475 3561 4552 conﬁ-

288 4581 407 4668 teri
432 4607 600 4686 quod
625 4609 793 4687 fecit.
827 4609 978 4668 ch
1010 4608 1081 4668 de
1105 4581 1442 4668 solutionis
1469 4606 1689 4668 ordine
1727 4603 1995 4665 breviter
2022 4599 2317 4671 dixerim,
2354 4602 2424 4657 ut
2452 4593 2562 4655 sub
2582 4607 2808 4671 magno
2835 4581 3252 4646 moderamine
3278 4583 3560 4657 pastores

286 4707 589 4770 Ecclesia:
607 4710 699 4770 vel
729 4711 960 4769 solvere
990 4710 1307 4784 studeant,
1338 4708 1432 4769 vel
1461 4709 1679 4785 ligare.

368 4810 604 4871 Omnes
633 4819 853 4872 contra
883 4812 1263 4873 catholicam
1298 4810 1482 4870 ﬁdem
1516 4824 1769 4869 errores
1809 4809 1919 4865 aut
1948 4803 2079 4882 jam
2118 4804 2402 4871 exortus,
2434 4802 2547 4859 aut
2589 4797 2649 4854 in
2686 4796 3010 4869 posterum
3048 4782 3329 4844 orituros
3361 4776 3556 4882 simul

284 4910 609 4988 Oppressit
645 4919 904 4972 sanctus
936 4914 1170 4972 Doctor
1189 4926 1553 4990 supremam
1580 4906 1878 4969 Ecclesiae
1900 4903 2347 4965 auctoritatem
2374 4900 2435 4957 in
2465 4894 2753 4956 conciliis
2772 4883 3180 4950 aecumenicis
3207 4879 3559 4945 astruendo

283 4982 353 5071 in
382 4982 661 5091 epistola
696 5027 812 5071 sua
842 5013 1145 5089 synodica
1184 4982 1691 5089 ind-patriarchas
1721 5008 1883 5077 (Lib.
1914 5026 1959 5081 ι,
1992 5007 2173 5085 epist.
2206 5002 2351 5079 25):
2393 4999 2581 5073 Quia,
2634 4992 2870 5070 inquit,
2917 4987 3105 5091 corde
3158 4984 3443 5091 creditur
3480 4982 3563 5047 ad

285 5087 617 5183 iustitiam,
650 5129 755 5171 ore
783 5087 984 5170 autem
1014 5087 1315 5188 confessio
1348 5115 1414 5189 ﬁt
1447 5111 1527 5171 ad
1559 5110 1840 5178 salutem,
1886 5108 2050 5167 sicut
2079 5103 2281 5163 sancti
2318 5096 2655 5174 Evangelii
2689 5101 2961 5173 quatuor
2996 5087 3215 5161 libros,
3266 5088 3354 5148 sic
3400 5105 3562 5166 quae-

288 5221 437 5275 tuor
467 5215 737 5275 concilia
770 5213 1081 5290 suscipere
1108 5221 1161 5271 et
1189 5214 1470 5273 venerari
1500 5232 1588 5271 me
1611 5214 1836 5290 fateor.
1874 5209 2194 5271 Nicmnum
2230 5202 2490 5274 scilicet,
2524 5200 2589 5259 in
2624 5215 2742 5277 quo
2773 5210 3129 5273 perversum
3171 5191 3315 5253 Arii
3338 5189 3563 5268 dogma

287 5315 667 5388 destruitur;
698 5314 1465 5391 Constantinopolitanum
1491 5330 1759 5391 quoque,
1790 5311 1859 5368 in
1901 5327 2020 5387 quo
2069 5301 2372 5367 Eunomii
2411 5309 2465 5361 et
2514 5296 2878 5360 Macedonii
2913 5309 3090 5354 error
3119 5291 3561 5355 convincitur;

297 5416 673 5492 Ephesinum
704 5417 887 5474 etiam
909 5417 1204 5492 primum,
1230 5416 1294 5475 in
1322 5432 1440 5493 quo
1470 5390 1755 5473 Nestorii
1779 5398 2958 5488 impietasjudicatur;Chalcedonense
2979 5411 3145 5464 vero,
3176 5394 3244 5454 in
3271 5410 3392 5470 quo
3421 5390 3561 5450 Eu-

289 5486 514 5593 tychis,
562 5486 973 5594 Dioscorique
1005 5486 1289 5593 pravitas
1329 5486 1752 5591 reprobatur:
1799 5486 1935 5570 tota
1970 5486 2301 5567 devotione
2347 5501 2746 5579 complector,
2796 5492 3197 5571 integerrima
3254 5486 3561 5566 approba-

288 5591 455 5675 tione
487 5598 772 5675 custodio
795 5633 813 5680 ;
839 5591 1081 5690 quia—in
1115 5614 1208 5673 his
1236 5615 1401 5676 velut
1433 5616 1498 5674 in
1537 5611 1839 5691 quadrato
1870 5610 2101 5687 lapide,
2135 5616 2364 5666 saneta:
2404 5601 2547 5683 ﬁdei
2585 5606 2912 5658 structura
2946 5591 3305 5667 consurgit:
3339 5598 3395 5649 et
3451 5608 3556 5647 cu-

288 5715 535 5787 iuslibet
568 5714 710 5773 vita:
740 5720 921 5790 atque
952 5713 1219 5772 actionis
1250 5714 1501 5786 existat,
1549 5710 1829 5792 quisquis
1857 5726 2067 5770 eorum
2105 5705 2487 5767 soliditatem
2521 5718 2647 5761 non
2683 5707 2866 5773 tenet,
2916 5696 3102 5757 etiam
3143 5694 3201 5754 si
3232 5691 3394 5773 lapis
3438 5707 3564 5754 esse

357 5893 436 5967 (a)
466 5896 702 5954 Coloniae
725 5896 862 5967 apud
891 5896 1182 5952 Aruoldum
1213 5895 1569 5964 Quentelium,
1599 5896 1687 5949 uti.
1728 5890 1863 5947 1605
