4118 6442
629 351 695 410 31
1862 370 2231 429 eaarmo
2272 372 2683 430 cenemus.
3822 375 3896 451 32

632 474 941 554 cernitur,
972 483 1170 540 tamen
1196 484 1380 542 extra
1412 481 1740 563 aediﬁcium
1755 488 1949 567 jacet.
1981 490 2288 565 Quintum
2312 511 2552 572 quoque
2607 491 2938 552 concilium
2964 492 3207 569 pariter
3234 505 3518 565 veneror,
3560 490 3629 551 in
3660 509 3780 571 quo
3836 502 3896 553 et

632 581 916 657 epistola,
945 600 1078 663 quae
1104 583 1230 645 Iboe
1254 584 1516 663 dicitur,
1544 593 1776 652 erroris
1808 594 2445 679 plena,.reprobatur.
2485 595 2843 656 Theodorus
2871 612 3197 673 personam
3243 594 3619 657 Mediatoris
3660 597 3775 657 Dei
3834 606 3891 658 et

630 676 947 740 hominum
980 681 1049 741 in
1079 682 1317 744 duabus
1346 686 1763 751 subsistentiis
1792 676 2111 771 separaris,
2134 695 2215 756 ad
2249 694 2588 772 impietatis
2616 694 2939 773 perﬁdiam
2972 694 3256 755 cecidisse
3278 697 3693 757 convincitur.
3712 698 3894 759 Scri-

625 783 736 851 pta
760 796 999 859 quoque
1025 780 1422 860 Theodoriti,
1456 804 1569 865 per
1588 808 1721 868 qua:
1746 789 1907 853 beati
1942 792 2165 870 Cyrilli
2195 794 2342 873 ﬁdes
2371 794 2870 872 reprehenditur,
2899 814 3056 855 ausu
3087 795 3403 857 dementire
3428 795 3688 875 prolata
3712 799 3893 877 refu-

629 880 868 937 tantur.
901 881 1173 944 Cunctas
1196 902 1340 945 vero
1372 904 1523 964 quas
1540 893 1810 969 praefata
1845 896 2193 957 veneranda
2228 897 2497 957 concilia
2529 914 2826 975 personas
2862 906 3188 975 respuunt,
3225 917 3484 978 respuo;
3512 920 3665 980 quas
3705 921 3893 967 vene-

626 985 880 1054 rantur,
912 984 1284 1061 amplector;
1321 990 1468 1068 quia
1496 991 1639 1051 dum
1664 993 2007 1058 universali
2027 1004 2173 1057 sunt
2205 1015 2507 1057 consensu
2534 998 2904 1070 constituta,
2938 1017 3000 1058 se
3026 1006 3227 1059 etnon
3254 998 3365 1060 illa
3392 999 3683 1075 destruit,
3716 1006 3891 1083 quis-

621 1078 759 1154 quis
783 1087 1104 1157 prcesumit
1132 1098 1247 1149 aut
1274 1091 1510 1152 solvere
1540 1112 1691 1172 quos
1730 1097 2026 1176 religant,
2064 1107 2175 1158 aut
2220 1098 2417 1175 ligare
2464 1116 2619 1177 quos
2648 1098 2921 1158 solvunt.
2958 1099 3254 1178 Quisquis
3282 1117 3424 1177 ergo
3472 1100 3650 1162 aliud
3691 1078 3888 1182 sapit,

618 1180 941 1243 anathema
970 1187 1075 1247 sit.
1124 1189 1419 1270 Quisquis
1450 1212 1593 1256 vero
1621 1198 2068 1274 praedictarum
2093 1199 2476 1279 synodorum
2510 1200 2687 1279 ﬁdem
2725 1206 2911 1271 tenet,
2940 1217 3074 1276 pax
3105 1200 3159 1260 ei
3185 1201 3266 1261 sit
3296 1219 3332 1259 a
3364 1201 3489 1260 Deo
3518 1201 3733 1276 Patre,
3758 1180 3885 1265 etc.

694 1278 810 1343 Hic
844 1285 1014 1349 vides
1046 1305 1264 1366 parem
1301 1296 1747 1358 auctoritatem
1784 1300 2011 1377 quinto
2051 1278 2328 1362 concilio
2356 1278 2547 1360 tribui
2597 1318 2675 1362 ac
2701 1305 2982 1377 quatuor
3031 1300 3379 1376 prioribus,
3417 1302 3720 1380 aliudque
3769 1320 3887 1367 sa-

614 1378 809 1457 pienti
860 1385 981 1447 dici
1030 1391 1394 1455 anathema.
1449 1394 2182 1477 QuaprOpter-quando
2242 1400 2456 1461 mitius
2509 1401 2639 1478 egit
2698 1404 2955 1461 sanctus
2993 1400 3340 1479 Gregorius
3402 1421 3545 1464 cum
3600 1378 3887 1468 'l‘heode-

611 1478 785 1545 linda
814 1485 1387 1567 Langobardorum
1416 1497 1664 1575 regina,
1698 1505 1760 1559 et
1790 1516 1937 1560 cum
1974 1500 2305 1560 nonnullis
2341 1500 2450 1577 qui
2494 1500 2718 1576 synodi
2747 1499 2941 1577 hujus
2972 1478 3337 1562 auctoritati
3374 1502 3437 1561 in
3477 1503 3668 1563 trium
3700 1506 3881 1583 capi-

611 1583 893 1647 tulorum
934 1590 1342 1657 damnatione
1397 1598 1840 1678 obtemperare
1885 1602 2345 1675 detrectabant,
2384 1602 2475 1661 uti
2509 1600 2787 1661 diximus
2836 1602 2900 1660 in
2957 1602 3157 1678 ipsius
3191 1601 3363 1679 Vita,
3426 1621 3541 1665 nec
3606 1623 3715 1667 eos
3763 1624 3884 1684 pro

607 1685 1027 1752 schismaticis
1057 1693 1303 1770 habuit,
1340 1715 1496 1761 usus
1530 1706 1625 1762 est
1655 1701 1949 1781 prudenti
1983 1701 2263 1780 quadam
2291 1702 2681 1775 meonomia;
2722 1702 2881 1763 forte
2912 1702 3082 1780 quod
3120 1721 3227 1764 eos
3277 1703 3642 1781 ignorantia
3694 1706 3885 1769 labo-

606 1801 753 1847 rare
790 1793 999 1869 potius
1031 1811 1227 1871 quam
1258 1815 1455 1876 prava
1482 1801 1699 1879 aliqua
1734 1803 2063 1863 voluntate
2097 1812 2389 1866 noverat.
2425 1805 2713 1880 Cumque
2742 1802 2954 1864 doceri
3004 1822 3129 1863 non
3170 1804 3545 1883 refugerint,
3578 1810 3887 1884 sperabat

606 1890 894 1955 futurum
928 1902 996 1957 ut
1020 1900 1500 1977 resipiscerent.
1529 1906 1665 1967 Hoc
1711 1907 1898 1967 modo
1929 1908 2327 1969 intellectum
2355 1910 2655 1969 volumus
2686 1909 2993 1987 quidquid
3034 1910 3185 1970 alibi
3230 1909 3511 1971 diximus
3553 1914 3628 1974 de
3667 1915 3882 1975 sancti

604 1989 895 2069 Gregorii
934 1997 1273 2064 tolerantia
1325 2022 1476 2083 erga
1511 2024 1615 2067 eos
1644 2008 1751 2085 qui
1782 2027 1925 2069 cum
1953 2026 1990 2070 a
2025 2018 2261 2070 sanctas
2297 2010 2461 2070 sedis
2493 2013 2941 2073 communione
2971 2031 3095 2073 non
3127 2013 3564 2091 recessissent,
3594 2014 3880 2074 nondum

600 2094 841 2170 tamen,
875 2100 944 2155 ut
972 2098 1095 2161 tria
1125 2104 1629 2168 condemnarent
1658 2109 1938 2185 capitula
1969 2115 2314 2186 potuerant
2340 2109 2592 2173 adduci.

587 2274 593 2281 .
680 2216 852 2277 XIV.
902 2220 1351 2295 Quietistarum
1381 2246 1560 2289 error
1590 2249 1666 2290 ex
1694 2231 1996 2309 Gregorio
2026 2232 2419 2309 exploditur.
2450 2266 2526 2279 —-
2560 2238 2646 2297 De
2677 2236 2920 2315 puriori
2951 2253 3201 2297 morum
3228 2236 3517 2299 doctrina
3559 2237 3622 2297 in
3651 2236 3877 2296 omni-

604 2314 725 2376 bus
756 2316 1167 2396 Gregorianis
1194 2328 1500 2403 aperibus
1531 2330 1783 2402 tradita,
1821 2331 2138 2392 disserere
2166 2333 2563 2409 superﬂuum
2606 2314 2790 2397 foret.
2818 2338 2999 2398 Certe
3032 2355 3250 2399 omnes
3282 2338 3518 2399 ethices
3557 2338 3876 2401 Christia-

602 2432 702 2516 ιιω
733 2420 1073 2497 magistros
1101 2424 1295 2506 longo
1326 2437 1467 2507 post
1494 2449 1562 2492 se
1594 2433 1933 2495 intervallo
1970 2433 2351 2512 Gregorium
2388 2438 2727 2516 reliquisse
2763 2458 2948 2501 nemo
2985 2441 3113 2502 fere
3144 2442 3458 2503 dissentit.
3501 2442 3695 2502 Libro
3725 2459 3869 2502 xm

595 2514 852 2592 Moral.,
879 2538 943 2581 ιι.
979 2522 1081 2596 35,
1118 2530 1595 2593 emendavimus
1631 2553 1892 2614 gravem
1932 2554 2246 2613 errorem,
2275 2539 2382 2615 qui
2416 2557 2493 2599 ex
2530 2514 2703 2601 ‘Edit.
2755 2544 3105 2604 Basileensi
3149 2543 3301 2603 151ῐι
3346 2544 3411 2604 in
3456 2544 3617 2607 alias
3647 2560 3867 2604 omnes

594 2621 985 2694 posteriores
1040 2627 1386 2706 irrepserat
1443 2633 1658 2695 invitis
1696 2637 2147 2714 manuscriptis
2206 2637 2565 2700 Codicibus.
2618 2642 2977 2719 Legebatur
3012 2644 3180 2705 enim
3237 2644 3416 2721 prius
3460 2665 3476 2703 :
3524 2645 3577 2705 Α
3622 2645 3865 2705 cunctis

592 2722 820 2800 quippe
852 2731 1130 2792 externis
1181 2732 1450 2794 motibus
1491 2737 1758 2798 eamdem
1797 2738 2200 2800 intentionem
2238 2758 2435 2814 suam,
2470 2744 2649 2820 quasi
2683 2744 3001 2822 quemdam
3053 2745 3525 2806 secretissimum
3561 2737 3868 2805 secessum

591 2825 774 2902 petit,
804 2825 1009 2907 ibique
1030 2832 1625 2898 incommutabiliter
1650 2839 1984 2913 inhterens,
2015 2850 2071 2902 et
2108 2841 2438 2903 mutabilia
2470 2853 2692 2904 cuncta
2724 2844 3184 2917 transcendens,
3222 2848 3357 2924 ipsa
3393 2847 3523 2924 jam
3555 2847 3869 2926 tranquil-

590 2922 767 2985 litate
796 2931 1022 3006 quietis
1047 2951 1170 2993 suce
1198 2934 1266 2994 in
1287 2937 1517 3000 mundo
1564 2950 1749 3002 extra
1781 2942 2080 3003 mundum
2108 2951 2219 3004 est.
2251 2945 2401 3005 Haec
2434 2962 2630 3022 quam
2683 2945 2967 3009 faverent
3009 2922 3359 3020 Quietisﬁtis,
3394 2922 3523 3005 imo
3558 2954 3619 3006 et
3649 2922 3863 3009 calvi-

589 3028 771 3091 nistis
802 3035 1022 3111 gratim
1060 3036 1664 3106 inamissibilitatem
1695 3049 2022 3109 tuentibus
2052 3066 2239 3110 nemo
2288 3067 2416 3111 non
2453 3050 2640 3110 videt.
2671 3051 2787 3112 Sed
2822 3070 2937 3129 pro
2974 3051 3589 3130 incommutabiliter,
3648 3052 3867 3130 legen-

587 3127 739 3189 dum
770 3131 1293 3215 incommutabili,
1328 3147 1395 3201 ut
1423 3143 1489 3201 in
1528 3151 1677 3205 nota
1708 3146 1786 3206 ad
1831 3147 2000 3207 hunc
2036 3149 2249 3209 locum
2300 3149 2740 3226 probavimus.
2774 3127 3047 3211 Aliunde
3093 3168 3244 3211 vero
3277 3157 3525 3214 constat
3571 3127 3647 3212 ad
3690 3127 3864 3211 men-

588 3229 716 3332 tem
747 3233 949 3292 sancti
979 3234 1273 3298 Doctoris
1307 3242 1861 3319 contemplationis
1905 3248 2175 3322 gratiam
2213 3248 2582 3312 diuturnam
2614 3240 2751 3311 non
2772 3270 2938 3326 esse,
2978 3253 3086 3315 sed
3122 3255 3354 3332 raptim
3389 3256 3673 3317 concedi.
3723 3255 3867 3328 Qua

587 3324 665 3387 de
697 3344 767 3387 re
796 3328 935 3408 lege
968 3332 1009 3391 Ι.
1039 3351 1079 3396 v
1108 3335 1364 3413 Moral.,
1394 3357 1569 3401 num.
1600 3340 1703 3415 52,
1731 3342 1832 3416 57,
1864 3343 1968 3419 58,
1999 3347 2111 3420 60;
2141 3356 2203 3409 et
2224 3347 2336 3409 lib.
2372 3368 2507 3424 vm,
2538 3369 2603 3410 ιι.
2634 3350 2712 3411 [ι9
2741 3357 2804 3411 et
2833 3324 2931 3411 50.
2964 3353 3157 3413 Libro
3181 3324 3284 3427 2-3,
3324 3373 3387 3413 ιι.
3419 3353 3520 3427 1ι3,
3550 3354 3706 3415 mire
3739 3324 3865 3415 ex-

587 3426 908 3503 plicantur
936 3432 1054 3509 pia:
1081 3435 1308 3497 animas
1336 3446 1605 3500 conatus
1638 3442 1714 3502 ad
1747 3442 1947 3504 Deum
1976 3445 2441 3521 contendentis,
2477 3453 2543 3510 at
2570 3449 2912 3511 relabentis
2940 3452 3017 3511 ad
3050 3468 3117 3512 se
3146 3471 3160 3510 :
3190 3450 3361 3512 Unde
3395 3452 3732 3531 aliquando
3769 3451 3852 3514 ad

590 3529 914 3604 quamdam
942 3533 1310 3597 inusitatam
1335 3539 1718 3602 dulcedinem
1748 3544 1983 3605 interni
2017 3548 2266 3623 saporis
2314 3547 2697 3623 admittitur,
2730 3568 2799 3609 ac
2847 3550 3079 3627 raptim
3128 3550 3337 3628 aliquo
3390 3529 3569 3610 modo
3602 3549 3857 3611 ardenti

587 3630 830 3706 spiritu
861 3633 1081 3713 afﬂata
1108 3647 1488 3711 renovatur;
1518 3652 1814 3723 tantoque
1834 3648 2030 3725 magis
2060 3649 2287 3727 inhiat,
2312 3657 2546 3730 quanto
2568 3651 2764 3729 magis
2795 3652 2961 3729 quod
2990 3661 3147 3713 amet
3178 3652 3484 3730 degustat.
3516 3654 3717 3732 Atque
3744 3652 3863 3713 hoc

587 3730 769 3793 intra
811 3753 871 3795 se
897 3741 1161 3817 appetit,
1197 3742 1366 3823 quod
1393 3744 1515 3806 sibi
1550 3745 1728 3808 dulce
1754 3748 2134 3810 intrinsecus
2175 3752 2401 3819 sentit;
2435 3752 2583 3830 quia
2622 3751 2902 3812 videlicet
2937 3753 3067 3831 ejus
3094 3771 3296 3814 amore
3336 3730 3687 3814 dulcedinis
3741 3751 3864 3813 sibi

574 3856 797 3901 coram
822 3860 885 3903 se
914 3844 1139 3917 viluit;
1169 3854 1225 3907 et
1248 3856 1577 3929 postquam
1608 3850 1769 3913 hanc
1794 3860 2111 3933 utcunque
2138 3856 2460 3933 percipere
2485 3854 2721 3932 potuit,
2754 3854 2907 3933 quid
2932 3856 3062 3916 sine
3094 3856 3203 3917 illa
3232 3855 3461 3916 dudum
3499 3854 3721 3933 fuisset
3749 3857 3863 3917 ini.

586 3939 785 4003 venit.
813 3944 934 4008 Cui
956 3947 1253 4009 inharere
1281 3960 1570 4025 conatur,
1607 3953 1713 4014 sed
1741 3953 1815 4014 ab
1847 3955 1978 4033 ejus
2004 3955 2407 4033 fortitudine,
2437 3974 2552 4015 sua
2594 3953 2793 4015 adhuc
2826 3956 3191 4032 inﬁrmitate
3233 3955 3591 4035 repellitur;
3618 3963 3675 4015 et
3708 3957 3860 4036 quia

586 4041 717 4119 ejus
746 4046 1116 4109 munditiam
1142 4052 1557 4130 contemplare
1580 4070 1709 4113 non
1737 4054 1924 4128 valet,
1952 4054 2097 4132 ﬂere
2131 4054 2308 4116 dulce
2336 4055 2540 4131 habet,
2571 4054 2805 4132 sibique
2836 4055 2916 4115 ad
2948 4075 3012 4116 se
3039 4057 3282 4117 cadenti
3316 4056 3700 4135 inﬁrmitatis
3729 4075 3859 4117 sua:

572 4140 895 4222 Alacrymas
922 4157 1215 4209 sternere.
1254 4150 1468 4230 Neque
1505 4154 1667 4214 enim
1689 4156 1912 4214 mentis
1942 4156 2190 4217 oculum
2209 4164 2419 4234 potest
2455 4158 2521 4217 in
2553 4156 2622 4217 id
2642 4156 2810 4236 quod
2844 4156 3016 4217 intra
3062 4176 3122 4216 se
3164 4158 3395 4236 raptim
3431 4161 3852 4236 conspexerit,

583 4243 802 4323 ﬁgere;
838 4250 988 4327 quia
1013 4250 1148 4328 ipso
1184 4256 1513 4316 vetustatis
1536 4275 1660 4317 sua:
1687 4277 1808 4318 usu
1843 4258 2128 4319 deorsum
2154 4261 2246 4320 ire
2273 4260 2695 4340 compellitur.
2720 4261 2901 4321 Inter
2926 4261 3047 4323 hac
3086 4262 3359 4337 anhelat,
3392 4271 3639 4339 wstuat,
3669 4283 3857 4340 super

582 4359 641 4402 se
683 4344 777 4405 ire
811 4356 1115 4417 conatur;
1149 4351 1254 4414 sed
1287 4354 1368 4414 ad
1398 4356 1743 4431 familiares
1781 4357 2061 4419 tenebras
2092 4379 2239 4421 suas
2279 4363 2448 4423 victa
2479 4362 2853 4442 fatigatione
2886 4362 3196 4425 relabitur
3221 4365 3332 4445 (a).

675 4444 856 4517 Quod
887 4454 1129 4525 spectat
1153 4452 1229 4513 ad
1264 4454 1485 4531 gratias
1515 4456 2075 4538 amissibilitatem,
2136 4462 2343 4539 ipsam
2381 4463 2616 4525 diserte
2670 4466 2851 4526 docet
2903 4473 3158 4527 sanctus
3216 4466 3587 4544 Gregorius,
3640 4466 3683 4525 l.
3744 4484 3853 4531 xxv

589 4540 961 4623 Moralium,
990 4565 1168 4609 num.
1200 4549 1300 4624 42,
1337 4552 1448 4612 ubi
1479 4554 1760 4631 explicat
1792 4556 1964 4618 hunc
1992 4576 2250 4621 versum
2278 4562 2395 4623 Job
2422 4582 2437 4624 :
2467 4563 2786 4642 Spoliavit
2817 4581 2907 4624 me
2932 4564 3138 4643 gloria
3179 4540 3418 4639 memet
3451 4564 3710 4627 abstulit
3742 4584 3837 4626 co-

582 4658 803 4703 ronam
834 4645 905 4706 de
938 4649 1138 4726 capite
1165 4669 1291 4712 meo
1327 4651 1476 4731 (Job
1503 4672 1643 4730 nx,
1673 4656 1761 4735 9).
2478 4680 2518 4686 ⁸
3332 4692 3335 4693 ⁷

660 4741 801 4802 XV.
846 4746 1013 4809 Num
1041 4750 1111 4809 S.
1140 4751 1381 4812 Doctor
1408 4753 1679 4831 Angelos
1708 4776 1830 4816 esse
1860 4776 2198 4837 corporeos
2228 4774 2587 4825 asseruerzt.
2637 4799 2711 4809 —
2740 4765 2923 4826 Nunc
2969 4768 3273 4842 quoniam
3316 4769 3520 4829 visum
3552 4778 3648 4832 est
3674 4789 3853 4832 non-

581 4839 774 4902 nullis
803 4851 1095 4906 sanctum
1122 4849 1509 4929 Gregorium
1536 4868 1572 4914 a
1603 4857 1926 4917 communi
1962 4857 2263 4922 Ecclesia
2294 4861 2581 4925 doctrina
2612 4881 2961 4941 parumper
2991 4863 3349 4941 deﬂexisse,
3389 4870 3648 4947 angelos
3692 4888 3851 4931 cor-

550 4958 810 5018 ,poreos
847 4950 1216 5025 asserenda,
1254 4959 1317 5013 et
1349 4956 1643 5034 negando
1673 4957 2188 5023 Machabaeorum
2216 4965 2414 5025 libros
2443 4984 2584 5029 esse
2618 4966 2993 5041 canonicos,
3024 4968 3101 5029 de
3129 4968 3228 5030 his
3260 4968 3508 5031 duobus
3536 4970 3851 5050 capitibus

584 5044 778 5118 paulo
805 5051 1122 5111 morosius
1160 5053 1644 5129 inquirendum.

667 5145 965 5221 Legimus
994 5149 1106 5208 lib.
1135 5168 1184 5211 ιι
1218 5153 1477 5230 Moral.,
1517 5174 1582 5217 ιι.
1611 5157 1673 5230 3,
1706 5159 2030 5237 angelicas
2058 5163 2313 5237 quidem
2342 5165 2599 5242 spiritus
2632 5170 3100 5246 comparatione
3127 5180 3489 5230 nostrorum
3516 5188 3851 5249 corporum

578 5243 850 5323 spiritus
878 5264 1001 5308 esse
1019 5268 1039 5317 ;
1074 5249 1179 5312 sed
1206 5258 1669 5333 comparatione
1696 5262 1913 5321 summi
1939 5271 1994 5321 et
2031 5264 2572 5346 incircumscripti
2598 5271 2890 5350 spiritus,
2918 5290 3169 5350 corpus.
3200 5272 3444 5344 Quibus
3473 5274 3707 5349 verbis,
3729 5276 3847 5335 etsi

576 5351 806 5412 natura
838 5354 1076 5416 nostris
1111 5360 1490 5435 corporibus
1524 5362 1843 5435 subtilior,
1882 5381 2191 5444 corporea
2223 5376 2434 5433 tamen
2471 5376 2717 5451 angelis
2774 5376 2968 5435 tribui
3019 5376 3291 5437 videtur.
3343 5376 3425 5435 At
3454 5392 3666 5453 prava:
3698 5375 3849 5435 huic

566 5451 867 5530 upinioni
905 5457 1097 5533 paulo
1128 5459 1299 5522 infra
1328 5466 1714 5538 occurritur,
1766 5465 2004 5527 scilicet
2044 5488 2109 5529 ιι.
2147 5472 2211 5548 8,
2246 5476 2351 5535 ubi
2386 5478 2594 5555 angeli
2648 5479 2795 5539 mali
2844 5479 3020 5539 nulla
3052 5495 3289 5542 carnea
3343 5485 3573 5541 natura
3629 5480 3843 5541 vestiri

576 5566 999 5637 asseruntur;
1029 5562 1135 5625 sed
1167 5565 1450 5625 maxime
1478 5584 1556 5626 ex
1588 5567 1699 5626 lib.
1739 5584 1799 5625 ιν
1834 5566 2021 5643 Dial.,
2062 5588 2118 5631 c.
2149 5572 2253 5647 29,
2299 5575 2569 5641 solvitur
2598 5579 2806 5638 omnis
2836 5580 3207 5654 quaestionis
3257 5578 3482 5640 nodus.
3520 5580 3637 5640 Hic
3689 5598 3848 5639 san-

574 5744 880 5888 E'gxgg‘lidne
910 5759 1071 5873 tigrim
1108 5753 1145 5807 1.
1180 5769 1332 5822 xxiv,
1361 5773 1418 5812 ιι.
1452 5759 1554 5813 i9.-
1589 5763 1737 5819 hom.
1786 5764 1819 5818 5
1870 5767 1921 5823 in
1973 5767 2198 5835 Ezech.,

762 5858 801 5886 .,
873 5860 886 5875 .
994 5862 1006 5875 .

2230 5786 2287 5825 ιι.
2319 5768 2419 5837 12;
2465 5779 2520 5827 et
2568 5771 2604 5825 Ι.
2648 5786 2706 5839 ιι,
2744 5771 2892 5827 ιιοιιι.
2924 5769 2979 5837 ‘2,
3012 5787 3066 5825 ιι.
3112 5770 3208 5837 14;
3240 5786 3450 5828 necnon
3493 5771 3645 5829 hom.
3682 5766 3756 5827 35
3794 5770 3846 5829 in
