4118 6448
270 361 341 420 35
1514 357 1877 415 PREFATIO
1914 354 2322 415 GENEBALIS.
3467 375 3541 418 δι

271 486 413 544 ctus
445 481 794 563 Gregorius
840 481 1092 541 Petrum
1137 478 1518 557 discipulum
1564 479 1957 555 interrogat:
2002 478 2146 555 Dic,
2186 493 2385 555 quaeso
2429 481 2508 548 te,
2554 483 2874 554 apostatas
2907 479 3168 558 spiritus
3222 499 3259 540 a
3311 480 3538 543 caelesti

270 583 479 661 gloria
508 583 799 663 defectos,
829 600 950 641 esse
980 598 1338 658 corporeos,
1372 598 1453 639 an
1478 581 1883 656 incorporeas
1920 579 2306 656 suspicaris?
2334 580 2691 656 Respondet
2738 599 2890 645 vero
2940 584 3200 645 Petrus:
3232 584 3388 659 Quis
3442 603 3539 645 sa-

270 699 423 742 num
450 684 719 762 sapiens,
752 699 873 740 esse
904 681 1172 758 spiritus
1205 696 1536 757 corporeos
1575 678 1859 738 dixerit?
1902 680 2185 757 Replicat
2234 685 2494 741 sanctus
2549 681 2821 743 Doctor:
2865 683 2940 745 Si
2998 685 3202 763 igitur
3251 684 3539 747 diabolus

270 786 519 865 ejusque
553 785 784 862 angeli,
812 804 949 846 cum
982 785 1107 845 sint
1150 784 1530 861 incorporei,
1568 800 1867 861 corporeo
1904 785 2035 845 sint
2068 783 2211 861 igne
2237 779 2587 855 cruciandi,
2624 784 2778 862 quid
2809 786 3037 846 mirum
3089 788 3145 848 si
3193 789 3433 863 animle,
3485 796 3540 851 et

270 899 602 969 antequam
638 890 946 968 recipiant
1000 904 1290 965 corpora,
1328 886 1576 964 possint
1623 904 1925 965 corporea
1970 889 2201 949 sentire
2253 887 2618 949 tormenta?
2648 886 2742 947 Ad
2781 887 2980 949 libros
3020 889 3537 955 Machabteorum

270 991 631 1053 veniamus.

351 1091 527 1152 XVI.
564 1094 730 1156 Num
758 1093 953 1154 libros
986 1090 1491 1153 Machabworum
1525 1091 1844 1169 negaverit
1872 1110 1996 1153 esse
2027 1093 2738 1156 canonicos.—Sanctus
2770 1094 3145 1174 Gregorius,
3176 1096 3224 1158 l.
3247 1115 3363 1159 xix
3395 1099 3541 1161 Mo-

273 1196 426 1268 ral.,
458 1214 524 1254 n.
555 1194 658 1269 3h,
686 1196 1063 1258 laudaturus
1091 1196 1205 1256 hos
1234 1197 1429 1258 libros
1467 1199 1550 1258 ita
1586 1197 1887 1276 praefatur
1914 1219 1930 1259 :
1961 1200 2050 1257 De
2079 1216 2200 1276 qua
2230 1215 2296 1258 re
2316 1217 2446 1259 non
2479 1198 2838 1260 inordinate
2873 1200 3139 1278 agimus,
3170 1199 3227 1259 si
3255 1218 3331 1260 ex
3360 1201 3541 1266 libris

270 1292 413 1354 licet
444 1312 573 1355 non
605 1299 945 1372 canonicis,
978 1297 1082 1358 sed
1116 1307 1316 1358 tamen
1346 1297 1426 1358 ad
1457 1296 1928 1376 wdiﬁcationem
1954 1297 2255 1359 Ecclesia:
2290 1298 2473 1359 editis
2506 1298 2922 1359 testimonium
2949 1301 3542 1378 proferamussHa'c

269 1397 455 1457 nobis
484 1398 587 1477 obj
625 1400 711 1459 cit
750 1401 970 1460 Petrus
1010 1400 1341 1459 Molinaaus
1377 1398 1465 1458 in
1500 1398 1719 1458 libello
1756 1400 2033 1475 quodam
2082 1399 2287 1461 sancti
2338 1399 2569 1459 Leonis
2602 1398 2628 1457 Ι
2657 1407 2718 1457 et
2765 1399 2967 1459 sancti
2998 1400 3289 1478 Gregorii
3321 1401 3541 1479 Magni

279 1499 493 1559 Vitam
517 1502 762 1562 Gallico
782 1502 1081 1563 idiomate
1102 1501 1548 1579 compendiose
1571 1500 1872 1576 scriptam
1889 1501 2346 1578 complectente
2363 1501 2649 1577 (Impres.
2677 1498 2911 1563 Seda-ni
2928 1501 3097 1579 apud
3124 1502 3244 1561 Fr.
3264 1501 3541 1581 Chayer,

272 1599 482 1680 1650),
515 1602 577 1661 in
618 1619 748 1678 quo
789 1601 1029 1662 ludicre
1068 1619 1224 1661 sane
1260 1604 1544 1673 conatur.
1564 1600 1839 1677 probare
1888 1599 2296 1660 concordiam
2342 1598 2646 1659 doctrinae
2677 1597 3087 1676 Gregorianaa
3120 1616 3267 1660 cum
3318 1599 3567 1661 Calvi-

273 1703 493 1763 niana.
547 1705 636 1764 De
685 1705 866 1765 libris
913 1710 1123 1765 tamen
1169 1704 1683 1764 Machabzeorum
1733 1719 1811 1761 ex
1861 1700 2127 1779 prolatis
2166 1701 2379 1764 verbis
2431 1700 2728 1760 nonnihil
2771 1700 3164 1764 ditﬁcultatis
3216 1701 3503 1781 exsurgit

268 1820 462 1880 quam
499 1811 566 1864 ut
597 1806 947 1880 solvamus,
1236 1858 1239 1859 ν

366 1903 850 1966 Observandum
890 1907 948 1967 1°
981 1906 1176 1965 libros
1207 1905 1347 1964 illos
1377 1905 1570 1981 longe
1599 1909 1746 1964 ante
1778 1902 1980 1963 sancti
2012 1901 2304 1979 Gregorii
2339 1905 2630 1977 tempora
2684 1901 2749 1959 in
2789 1899 3073 1963 Ecclesia
3104 1901 3333 1964 Latina
3392 1901 3537 1963 sal-

266 2005 388 2061 tem
430 2020 544 2079 pro
580 2004 909 2065 canonicis
950 2004 1142 2064 fuisse
1182 2002 1459 2062 habitos.
1493 2002 1651 2062 Nam
1688 2002 1807 2060 hoc
1838 2002 2096 2062 nomine
2124 2000 2529 2077 recipiuntur
2558 2016 2595 2061 a
2623 1999 2897 2061 concilio
2924 1999 3225 2079 Carthag.
3254 2017 3350 2074 ιιι,
3386 2018 3535 2065 can.

267 2099 388 2171 157;
425 2102 505 2161 ab
546 2102 913 2161 lnnocentio
962 2103 1012 2174 l,
1062 2102 1124 2159 in
1159 2100 1426 2176 epistola
1457 2102 1534 2160 ad
1584 2100 1977 2177 Exuperium
2010 2099 2442 2173 Tolosanum;
2507 2100 2867 2176 Augustino
2914 2100 2959 2159 l.
3011 2115 3060 2159 ιι
3114 2100 3188 2161 de
3236 2102 3539 2167 Doctrina

267 2198 533 2277 Christ.,
565 2219 620 2262 c.
654 2202 714 2275 8,
752 2202 863 2263 lib.
896 2201 970 2261 de
1006 2203 1172 2263 Cura
1206 2208 1319 2277 pro
1355 2199 1650 2273 mortuis,
1681 2216 1737 2259 c.
1780 2198 1838 2273 1,
1872 2202 1932 2257 et
1962 2198 2005 2256 l.
2045 2216 2201 2257 xvm
2239 2198 2314 2258 de
2345 2198 2528 2260 Civit.
2570 2198 2706 2270 Dei,
2739 2214 2795 2258 c.
2826 2196 2937 2269 36;
2970 2179 3357 2260 Cassiodoro
3409 2202 3453 2260 l.
3486 2219 3533 2262 ιι

267 2298 341 2359 de
376 2300 606 2371 Instit.,
640 2319 693 2362 c.
727 2302 788 2376 6,
820 2301 930 2379 qui
964 2298 1142 2360 libris
1172 2299 1297 2359 illis
1334 2299 1545 2359 locum
1571 2297 1677 2359 dat
1704 2296 1870 2356 inter
1916 2296 2401 2375 hagiographa;
2439 2302 2499 2356 et
2534 2296 2700 2357 aliis.
2754 2296 2841 2355 De
2888 2296 3233 2360 Gelasiano
3283 2298 3538 2362 decreto

264 2398 412 2461 illos
465 2403 812 2479 recipiente
860 2403 1026 2462 inter
1055 2401 1402 2462 canonicas
1442 2399 1806 2475 Scripturas
1859 2402 2142 2459 tacemus
2191 2397 2361 2474 quod
2414 2394 2569 2456 illud
2624 2393 2918 2472 rejiciant
2981 2414 3063 2457 ex
3122 2397 3530 2465 heterodoxis

263 2503 674 2577 Pearsonius,
718 2504 1093 2564 Guillelmus
1129 2503 1319 2575 Cave,
1363 2507 1424 2562 et
1474 2500 1581 2562 alii
1633 2500 1858 2572 critici,
1912 2499 2346 2576 cum.quibus
2402 2514 2574 2557 nunc
2620 2496 2948 2560 decertare
3004 2514 3136 2559 non
3188 2502 3287 2562 est
3319 2518 3561 2580 opera:

260 2604 554 2680 pretium.

344 2705 859 2780 Observandum,
891 2706 953 2764 2°
987 2703 1302 2782 duplicem
1329 2720 1468 2764 esse
1496 2702 1813 2763 librorum
1843 2716 2173 2762 sacrorum
2208 2715 2561 2771 canonem;
2595 2714 2795 2758 unum
2816 2697 3209 2774 Iudaeorum,
3254 2702 3530 2767 alterum

259 2803 637 2866 Christianas
667 2802 992 2865 Ecclesiae.
1023 2804 1204 2863 Prior
1238 2802 1451 2862 nullus
1483 2801 1642 2861 alios
1672 2815 1867 2878 quam
1896 2803 2007 2876 qui
2047 2800 2358 2859 Hebraice
2406 2797 2620 2875 scripti
2654 2803 2803 2858 sunt
2845 2800 3109 2876 recipit;
3146 2801 3310 2863 alter
3338 2804 3528 2884 longe

259 2904 535 2980 amplior
566 2909 685 2976 est,
723 2905 1127 2982 admittitque
1158 2909 1386 2982 praeter
1406 2904 1655 2963 Novum
1685 2903 2188 2974 Testamentum,
2214 2902 2526 2978 plurimos
2550 2904 2629 2963 ad
2663 2903 2853 2963 Vetus
2882 2904 3357 2968 Testamentum
3387 2927 3531 2987 per-

258 3005 553 3080 tinentes,
592 3007 702 3085 qui
737 3008 956 3068 Graece
996 3011 1243 3067 tantum
1283 3008 1564 3066 exstant.
1604 3003 2085 3063 Distinctionem
2116 3001 2287 3063 hanc
2326 3002 2620 3078 agnoscit
2662 3004 3086 3082 Augustinus,
3120 3008 3271 3069 dum
3301 3008 3377 3072 de
3428 3011 3527 3074 his

259 3109 442 3170 libris
472 3110 744 3189 loquens
775 3112 987 3173 addit:
1020 3113 1097 3171 In
1131 3110 1355 3191 quibus
1388 3116 1539 3170 sunt
1573 3108 2080 3170 Machabaeorum
2123 3107 2297 3181 libri,
2332 3126 2487 3186 quos
2512 3126 2643 3167 non
2669 3108 2901 3183 Judaei,
2945 3110 3051 3172 sed
3087 3109 3380 3173 Ecclesia
3406 3132 3526 3193 pro

259 3214 583 3274 canonicis
618 3213 819 3274 habet.
855 3214 1079 3291 Itaque
1110 3216 1213 3275 vix
1252 3213 1544 3273 dubitare
1568 3213 1710 3272 licet
1744 3219 2037 3273 sanctum
2072 3210 2449 3288 Gregorium
2481 3210 2684 3271 sancti
2720 3212 3059 3288 Augustini
3096 3214 3401 3276 doctrina:
3422 3217 3530 3278 ad-

259 3311 631 3385 haerentem,
666 3314 958 3391 aliasque
991 3332 1334 3374 memorem
1360 3315 1809 3393 Catalogorum
1846 3313 2156 3373 librorum
2189 3329 2385 3374 sacrae
2407 3313 2750 3389 Scripturaa
2775 3329 2811 3375 a
2839 3315 2971 3375 suis
2999 3315 3350 3395 majoribus
3379 3336 3530 3382 con-

256 3411 559 3490 ditorum,
595 3433 862 3493 negasse
898 3417 1418 3477 Machabaaorum
1453 3416 1676 3475 Libros
1720 3432 1858 3475 esse
1892 3420 2140 3475 tantum
2178 3414 2243 3472 in
2276 3429 2519 3473 canone
2549 3411 2943 3490 Judaaorum,
2980 3432 3105 3476 non
3146 3433 3299 3478 vero
3343 3414 3527 3480 Chri-

256 3512 634 3575 stianorum.
665 3516 801 3589 Qua
836 3516 895 3575 in
928 3534 996 3577 re
1028 3522 1284 3576 secutus
1317 3523 1411 3575 est
1442 3514 1781 3592 Origenem
1813 3518 1877 3574 et
1907 3520 2198 3574 sanctum
2230 3512 2718 3589 Hieronymum,
2767 3512 2877 3589 qui
2912 3529 3056 3572 cum
3088 3514 3164 3575 ad
3193 3515 3528 3577 doctorum

255 3612 673 3675 Hebraeorum
710 3622 986 3677 mentem
1015 3615 1090 3674 de
1126 3616 1221 3675 his
1265 3615 1625 3690 loquuntur
1655 3612 1855 3679 libris,
1901 3628 2012 3673 eos
2046 3616 2427 3690 expungunt
2471 3627 2550 3670 ex
2597 3627 2867 3672 canone.
2922 3610 3092 3671 Alibi
3120 3606 3361 3675 tamen
3420 3629 3530 3676 eos

255 3721 564 3794 tanquam
602 3735 819 3779 sacros
850 3719 1115 3780 laudant
1152 3735 1277 3778 non
1308 3721 1529 3789 semel,
1562 3718 1883 3786 Ecclesiae,
1906 3732 2033 3775 non
2068 3731 2221 3773 vero
2255 3713 2607 3789 Synagogaa
2637 3728 2947 3773 cauonem
2980 3713 3182 3773 secuti
3214 3712 3527 3791 (0rigen.,

253 3815 297 3875 l.
332 3834 378 3876 ιι
409 3820 773 3894 Periarch.,
807 3839 861 3879 c.
888 3820 945 3891 1,
979 3828 1031 3877 et
1070 3820 1139 3877 in
1167 3838 1219 3878 c.
1258 3836 1293 3879 v
1329 3820 1457 3896 Ep.
1490 3817 1569 3877 ad
1601 3818 1806 3883 Rom.;
1834 3816 2131 3885 Hicron.,
2172 3813 2214 3871 ι.
2248 3830 2283 3870 v
2314 3816 2656 3873 Comment.
2709 3809 2778 3869 in
2828 3809 2983 3884 Isa.,
3026 3815 3111 3873 ad
3147 3829 3202 3872 c.
3235 3830 3428 3891 xxm,
3472 3824 3530 3877 et

253 3919 490 3980 Comm.
522 3921 587 3979 in
621 3940 674 3981 c.
711 3938 777 3979 lx
807 3921 990 3981 Eccl.
1016 3930 1072 3979 et
1100 3921 1167 3980 in
1196 3940 1251 3981 c.
1281 3938 1393 3980 vm
1423 3918 1641 3999 Dan.).

334 4022 593 4081 lnsulse
632 4020 795 4080 idem
828 4020 1161 4080 Molinaeus
1192 4018 1571 4098 ignorantiae
1605 4006 1819 4095 arguit
1847 4022 2138 4077 sanctum
2170 4012 2550 4091 Gregorium
2600 4010 2822 4091 (Ibid.,
2852 4030 2904 4073 c.
2942 4013 3065 4094 ιι),
3092 4014 3351 4093 quando
3397 4024 3529 4078 no-

256 4126 501 4184 minum
533 4120 961 4197 quorumdam
998 4120 1130 4180 sive
1173 4120 1665 4191 Hebraicorum,
1719 4118 1852 4178 sive
1906 4116 2273 4178 Graecorum
2322 4132 2547 4175 sensus
2599 4114 2901 4182 aflerens.
2962 4116 3123 4177 dixit
3182 4118 3528 4193 Lazarum,

253 4225 425 4305 quod
462 4224 623 4283 idem
656 4230 750 4283 est
786 4239 859 4283 ac
890 4222 1215 4289 Elzearus.
1247 4229 1360 4282 aut
1413 4220 1800 4292 Eleazarus,
1859 4218 2223 4299 signiﬁcare
2270 4217 2595 4297 adjutum;
2626 4220 2768 4294 Job,
2819 4219 3097 4299 dolores,
3134 4228 3246 4285 aut
3298 4223 3527 4285 dolen-

255 4332 416 4397 tem;
447 4325 721 4395 Cherub,
754 4322 1212 4399 plenitudinem
1245 4326 1355 4383 aut
1386 4321 1852 4383 multitudinem
1883 4321 2186 4397 scientiae,
2214 4322 2384 4383 eleos
2425 4323 2556 4398 (ubi
2612 4325 2781 4387 mala
2828 4310 2957 4387 ﬁde
3000 4326 3336 4388 Molinmus
3377 4328 3527 4405 legit

256 4425 453 4503 oleos)
489 4424 1015 4487 misericordiam.
1068 4424 1184 4485 Sed
1226 4424 1289 4483 in
1342 4423 1439 4484 his
1480 4422 1756 4483 Molinaei
1793 4421 2308 4485 cavillationibus
2356 4423 2717 4485 refellendis
2776 4425 3012 4488 frustra
3056 4430 3302 4506 tempus
3355 4432 3525 4490 tere-

254 4543 492 4585 remus.
2150 4576 2169 4591 ,

342 4618 537 4684 XVII.
590 4622 890 4702 Ejusdem
919 4625 1224 4683 sententia
1253 4624 1323 4684 de
1350 4622 1558 4683 vicino
1582 4622 1821 4703 judicii
1870 4624 1968 4683 die
2003 4623 2403 4699 expenditur.
2426 4658 2503 4669 —
2528 4628 2738 4688 Sancti
2776 4629 3067 4708 Gregorii
3101 4632 3417 4695 sententia
3447 4632 3525 4697 de

256 4726 358 4787 die
391 4726 641 4805 judicii,
670 4744 858 4802 quem
896 4726 1262 4802 proximum
1296 4726 1773 4804 praenuntiavit,
1805 4742 1977 4785 nunc
2005 4724 2442 4803 eXpendenda.
2486 4726 2650 4788 Sane
2684 4731 3041 4790 communis
3089 4733 3207 4793 fuit
3235 4738 3522 4801 veterum

257 4830 771 4892 Christianorum
811 4832 1165 4905 persuasio,
1202 4830 1418 4888 mundi
1453 4828 1643 4890 tinem
1673 4830 2029 4890 imminere.
2067 4830 2501 4891 Tertullianus
2534 4832 2924 4893 existimavit
2950 4834 3217 4896 cadente
3250 4837 3519 4917 imperio

253 4929 571 4998 Romano,
612 4927 920 4986 mundum
960 4946 1217 5005 quoque
1253 4928 1634 5005 periturum,
1670 4934 1738 4988 ut
1768 4930 2133 4991 observavit
2166 4930 2548 4992 Franciscus
2592 4931 2943 4995 Balduinus
2980 4936 3042 4996 in
3095 4940 3525 5005 annotationi-

251 5031 370 5091 bus
409 5030 485 5089 ad
522 5028 857 5104 Optatum,
883 5028 992 5087 lib.
1026 5047 1095 5088 ιιι
1126 5029 1200 5089 de
1229 5031 1571 5091 schismate
1598 5030 1941 5103 Donatist.,
1966 5047 2019 5090 c.
2051 5029 2109 5088 3.
2140 5029 2459 5106 Sulpicius
2489 5029 2786 5104 Severus,
2812 5031 2853 5091 l.
2878 5032 2953 5095 de
2985 5034 3124 5097 Vita
3151 5038 3316 5099 beati
3347 5041 3524 5102 Mar—

260 5132 405 5202 tini,
441 5148 503 5190 n.
533 5128 635 5201 illi,
671 5130 801 5190 htec
825 5130 1014 5189 refert
1051 5148 1084 5189 a
1120 5136 1342 5191 sancto
1370 5131 1647 5191 Martino
1678 5130 1754 5191 ad
1789 5130 2113 5191 diabolum
2146 5129 2309 5191 dicta
2344 5149 2360 5190 :
2395 5131 2468 5191 Si
2510 5141 2578 5190 tu
2606 5131 2759 5209 ipse,
2790 5151 2824 5193 ο
2860 5134 3259 5209 miserabilis,
3295 5138 3370 5199 ab
3395 5139 3523 5201 lto-

247 5236 483 5295 minum
521 5231 930 5293 insectatione
965 5231 1316 5303 desisteres,
1366 5240 1418 5290 et
1458 5240 1511 5290 te
1553 5234 1865 5309 factorum
1918 5241 2167 5291 tuorum
2212 5230 2306 5291 vel
2362 5231 2479 5292 hoc
2513 5241 2804 5312 tempore,
2855 5254 2991 5295 cum
3042 5228 3426 5318 diesjudicii
3454 5252 3523 5307 in

245 5335 546 5412 proximo
582 5339 693 5402 est,
725 5332 1073 5409 paeniteret,
1101 5338 1220 5392 etc.
1248 5331 1515 5391 Sanctus
1553 5332 1680 5390 Leo
1705 5334 1934 5394 diserte
1965 5333 2051 5391 ait
2076 5331 2295 5408 judicii
2326 5333 2513 5406 diem,
2550 5335 2665 5394 etsi
2699 5337 2987 5397 occultus
3014 5337 3121 5417 sit,
3155 5357 3281 5401 non
3328 5343 3521 5405 dubi-

251 5441 371 5493 tari
404 5449 543 5491 esse
579 5448 855 5490 Vicinum
890 5431 1108 5508 (Serm.
1146 5431 1184 5490 8
1214 5430 1544 5510 dejejunio
1582 5430 1806 5491 decimi
1846 5432 2067 5492 mensis
2104 5438 2160 5489 et
2207 5430 2529 5509 eleemos.).
2560 5432 2791 5505 Quidni
2842 5454 2989 5495 vero
3035 5438 3121 5500 ita
3166 5440 3519 5518 loquantur

248 5539 453 5593 sancti
491 5533 899 5602 Patres,cum
919 5533 1357 5610 apostolorum
1382 5534 1675 5612 princeps
1706 5534 1907 5593 dicat:
1941 5534 2231 5594 Omnium
2266 5534 2407 5609 ﬁnis
2435 5537 3016 5616 appropinquavit?
3051 5542 3109 5615 (Ι
3137 5544 3274 5603 Pet.
3306 5562 3392 5617 ιν,
3427 5547 3514 5623 7.)

246 5632 325 5692 Et
353 5631 677 5692 Joannes:
712 5629 963 5701 Filioli,
1000 5633 1333 5693 novissima
1372 5632 1528 5693 hora
1571 5644 1653 5693 est
1688 5634 1743 5711 (Ι
1772 5636 1960 5694 Joan.
2006 5653 2051 5704 ι,
2106 5634 2200 5710 18)
2233 5654 2247 5706 ;
2287 5636 2451 5711 quod
2504 5637 2691 5696 etiam
2739 5646 2956 5717 postea
2992 5645 3319 5718 repetitur.
3358 5645 3514 5705 Eor-

246 5739 423 5794 tasse
458 5730 544 5791 ita
578 5731 913 5805 loquentes
941 5731 1055 5789 viri
1078 5734 1305 5805 sancti,
1336 5733 1411 5793 ad
1447 5733 1597 5793 illud
1636 5734 1859 5793 Psaltis
1886 5734 2041 5810 regii
2074 5734 2485 5795 attendeiiant
2518 5756 2530 5795 :
2564 5738 2744 5798 Mille
2774 5743 2927 5801 anni
2960 5748 3103 5799 ante
3131 5743 3345 5803 oculos
3371 5754 3514 5807 tuos

250 5844 546 5906 tanquam
579 5831 707 5891 dies
744 5830 1019 5893 hesterna
1050 5852 1183 5911 qua:
1213 5836 1519 5911 prateriit
1566 5836 1699 5914 (Ps.
1740 5855 2009 5911 LXXXIX,
2047 5834 2135 5909 lt).
2173 5834 2231 5895 Si
2293 5853 2466 5911 vero,
2502 5844 2569 5897 ut
2623 5839 2804 5901 docet
2850 5846 3108 5901 sanctus
3161 5841 3513 5921 Gregorius
