4118 6472
587 341 662 397 35
1798 334 2173 394 ΡΚΔΞΕΑΤΙΟ

2264 334 2624 396 ENERALIS.
3810 338 3886 399 ὅθ

584 457 751 521 Dial.
779 461 825 522 l.
857 463 931 537 ri,
960 479 1017 524 c.
1056 460 1135 521 35
1162 504 1179 538 ,
1220 458 1477 521 Videnti
1517 460 1893 533 Creatorem,
1947 460 2054 536 qui
2103 460 2533 522 immensitate
2583 461 2841 540 gaudet,
2893 468 3165 541 augusta
3202 477 3290 522 est
3322 462 3521 523 omnis
3563 471 3886 539 creatura,

590 566 759 625 unde
790 583 917 626 non
959 565 1187 625 mirum
1220 565 1439 624 orbem
1486 564 1864 625 universum
1918 564 1982 623 in
2018 579 2150 622 uno
2206 564 2362 623 solis
2408 564 2589 625 radio
2643 565 2844 625 sancti
2896 565 3213 626 Benedicti
3264 567 3467 626 oculis
3520 567 3884 645 subjectum

590 660 833 736 fuisse;
896 680 1015 724 cur
1077 679 1207 721 non
1276 662 1498 722 eadem
1568 663 1820 723 ratione
1870 662 2161 722 dicamus
2209 665 2803 739 contemplantibus
2863 667 2971 726 Dei
3025 668 3446 728 aeternitatem
3502 667 3695 729 breve
3745 686 3885 732 8:50

591 780 785 825 omne
812 770 1092 840 tempus,
1125 762 1246 823 etsi
1276 763 1476 824 multa
1506 764 1702 823 etiam
1731 779 2051 823 annorum
2081 761 2283 823 millia
2316 765 2827 841 complectatur?

666 865 888 928 XVlll.
948 864 1191 939 Quibus
1225 864 1295 923 S.
1327 866 1679 941 Scriptura!
1720 864 2127 924 Versionibus
2176 882 2328 924 usus
2383 866 2490 925 sit.
2527 897 2603 912 —
2633 865 3164 943 Quandoquidem
3228 871 3490 929 sanctus
3528 866 3880 943 Gregorius

600 966 665 1026 in
696 964 947 1026 citauda
976 980 1159 1025 sacra
1198 962 1529 1040 Scriptura
1564 969 1659 1023 est
1685 964 2010 1034 assiduus,
2043 981 2170 1023 non
2205 964 2320 1025 abs
2353 981 2421 1023 re
2453 965 2576 1024 erit
2609 965 2945 1025 ostendere
2977 983 3105 1042 qua
3161 984 3315 1027 usus
3352 968 3431 1027 sit
3477 968 3880 1044 potissimum

590 1067 911 1129 versione.
940 1067 1009 1127 In
1050 1066 1177 1126 fine
1204 1066 1493 1141 epistola
1526 1067 1599 1126 ad
1635 1064 2001 1125 Leandrum
2036 1066 2122 1126 ita
2156 1066 2485 1141 loquitur:
2517 1066 2759 1129 Novam
2797 1083 2941 1127 vero
2978 1069 3456 1129 translationem
3492 1068 3753 1141 dissero,
3777 1067 3885 1129 sed

586 1185 727 1229 cum
753 1166 1155 1246 probationis
1193 1168 1628 1244 causaiexigit,
1666 1184 1837 1227 nunc
1861 1182 2111 1237 novam,
2150 1184 2319 1228 nunc
2345 1176 2601 1242 retercm
2635 1187 2745 1246 per
2766 1170 3122 1230 testimonia
3148 1189 3420 1247 assumo,
3447 1178 3570 1232 etc.
3610 1173 3725 1232 Per
3756 1187 3884 1233 an-

588 1275 867 1351 tiquam,
899 1271 1194 1348 intelligit
1228 1272 1589 1331 versionem
1626 1270 1856 1331 factam
1892 1287 1968 1329 es
2009 1271 2230 1332 Graeco
2270 1273 2674 1351 septuaginta
2716 1273 3177 1350 lnterpretum;
3213 1291 3327 1349 per
3356 1291 3589 1333 novam
3628 1272 3876 1351 signiti-

582 1381 686 1436 cat
723 1372 955 1434 factam
983 1372 1066 1433 ab
1097 1370 1491 1449 Hieronymo
1524 1387 1602 1431 ex
1635 1371 1775 1448 ipso
1805 1370 2101 1431 Hebraeo.
2155 1372 2336 1435 Hauc
2381 1379 2595 1431 autem
2640 1374 2969 1437 vetustiori
3033 1373 3330 1451 praeferre
3371 1374 3628 1434 videtur
3686 1374 3727 1432 l.
3788 1391 3883 1438 xx

581 1475 838 1547 Moral.,
870 1491 1075 1546 uum.,
1105 1474 1220 1533 6'2:
1256 1475 1465 1553 Longe
1494 1472 1568 1534 ab
1604 1472 1718 1534 hac
1752 1475 2061 1534 sententia
2088 1483 2262 1534 vetus
2287 1474 2625 1536 translatio
2658 1475 2965 1548 dissonat,
3002 1479 3147 1555 quia
3178 1495 3296 1555 quo
3317 1476 3357 1536 d
3407 1476 3471 1537 in
3511 1476 3624 1537 hac
3654 1475 3724 1537 de
3752 1478 3882 1536 Deo

582 1571 841 1651 dicitur,
882 1574 997 1638 hoc
1035 1576 1103 1636 in
1137 1574 1253 1635 illa
1304 1576 1379 1637 de
1437 1575 1819 1637 adversariis
1851 1595 1921 1636 ac
1964 1576 2468 1652 persecutoribus
2527 1586 2930 1639 memoratur.
2975 1579 3100 1640 Sed
3142 1587 3345 1638 tamen
3374 1580 3523 1658 quia
3557 1578 3680 1640 haec
3709 1597 3882 1639 nova

591 1679 929 1741 translatio
963 1698 1039 1740 ea:
1073 1679 1339 1740 Hebrteo
1374 1679 1555 1740 nobis
1592 1679 1979 1758 Arabicoque
2008 1679 2250 1759 eloquio
2283 1687 2509 1741 cuncta
2536 1682 3177 1760 veriustrans/udisse
3202 1680 3585 1758 perhibetur,
3620 1679 3881 1740 creden-

584 1782 731 1845 dum
762 1791 849 1844 est
886 1782 1195 1862 quidquid
1228 1783 1299 1841 in
1343 1800 1410 1842 ea
1440 1781 1710 1849 dicitur;
1743 1790 1799 1841 et
1831 1791 2080 1860 oportet
2114 1797 2179 1843 ut
2209 1784 2393 1845 verba
2422 1785 2597 1845 illius
2628 1794 2849 1844 nostra
2885 1784 3199 1861 expositio
3236 1783 3556 1844 subtiliter
3582 1783 3850 1843 rimetur

594 1886 901 1948 Eamdem
932 1886 1189 1965 prsefert
1213 1884 1521 1967 Isidorus,
1552 1885 1661 1944 lib.
1697 1901 1759 1943 v1
1796 1885 2185 1963 Etymolog.,
2219 1903 2273 1946 c.
2307 1886 2365 1944 5.
2398 1886 2754 1963 Presbyter,
2791 1887 3025 1963 inquit,
3062 1884 3479 1962 Hieronymus
3511 1885 3704 1944 trium
3745 1884 3880 1944 lin-

580 2002 848 2065 guarum
880 1987 1292 2063 peritissimus
1324 2003 1401 2044 ex
1453 1983 1712 2044 Hebrwo
1740 1985 1809 2045 in
1844 1985 2140 2046 Latinum
2185 1986 2497 2065 eloquium
2537 1987 2785 2048 divinas
2819 1988 3188 2065 Scripturas
3243 1988 3651 2047 convertit....
3691 1986 3875 2065 cujus

580 2086 1023 2165 interpretatio
1060 2086 1282 2145 merito
1312 2089 1549 2148 cceteris
1583 2089 2016 2165 anteponitur.
2052 2088 2126 2145 Et
2159 2088 2270 2147 lib.
2304 2107 2322 2147 ι
2350 2088 2427 2151 de
2456 2088 2694 2149 Ofﬁciis
2721 2090 2875 2160 div.,
2907 2107 2962 2149 c.
2997 2088 3113 2148 12:
3151 2089 3236 2149 De
3272 2086 3630 2147 Hebrum...
3666 2105 3878 2149 sacras

586 2190 957 2268 Scripturas
983 2189 1318 2257 convertit,
1352 2190 1530 2265 cujus
1565 2188 1839 2249 editione
1867 2188 2241 2266 generaliter
2268 2208 2474 2252 omnes
2503 2189 2795 2250 Ecclesia:
2817 2204 3246 2268 usquequaque
3274 2196 3568 2258 utuntur,
3608 2206 3674 2250 eo
3703 2186 3876 2267 quod

585 2296 677 2351 est
712 2290 999 2351 seraeior
1032 2289 1101 2350 in
1136 2291 1483 2363 sententiis,
1509 2297 1565 2349 et
1597 2290 1835 2351 clarior
1870 2291 1937 2350 in
1966 2288 2193 2352 verbis.

660 2390 823 2453 XIX
896 2391 985 2449 De
1012 2390 1150 2465 ejus
1177 2390 1340 2465 ston
1374 2398 1426 2449 et
1453 2392 1703 2451 ratione
1729 2391 2070 2452 scribendi.
2102 2427 2178 2437 --
2206 2394 2291 2452 De
2334 2395 2534 2454 sancti
2575 2394 2861 2473 Gregorii
2901 2394 3069 2473 stylo
3122 2394 3502 2469 rationeque
3552 2388 3877 2453 scribendi

583 2490 820 2552 sufﬁcit
852 2496 1068 2568 tegere
1101 2508 1249 2566 qua:
1280 2492 1560 2551 diximus
1591 2492 1655 2552 in
1687 2492 1936 2571 prastat.
1966 2494 2042 2553 ad
2075 2494 2428 2555 Comment.
2456 2496 2520 2553 in
2560 2494 2696 2555 Lib.
2729 2512 2743 2552 ι
2778 2496 2958 2572 lleg.,
2995 2509 3031 2553 a
3064 2509 3333 2553 numero
3367 2490 3407 2552 ὅ
3437 2490 3514 2551 ad
3548 2491 3609 2551 9.
3646 2491 3874 2552 Fami-

582 2590 744 2653 liare
776 2592 1032 2670 quidem
1067 2600 1163 2652 est
1191 2593 1249 2651 ei
1287 2594 1508 2664 verba,
1545 2598 1613 2652 ut
1643 2594 1822 2652 aiunt
1854 2594 2279 2669 grammatici,
2314 2593 2727 2669 deponentia,
2784 2594 2845 2652 in
2881 2593 3132 2672 passiva
3180 2591 3653 2669 significatione
3707 2592 3875 2654 acci-

584 2706 763 2771 pere,
792 2697 863 2751 ut
884 2691 1135 2762 metior,
1174 2699 1327 2750 tom.
1358 2691 1409 2765 Ι,
1438 2693 1564 2751 col.
1602 2691 1758 2751 1’408
1784 2709 1842 2761 c,
1862 2693 2001 2769 'col.
2034 2691 2187 2751 1h09
2217 2692 2278 2763 d,
2314 2690 2471 2753 1Ιι10
2500 2694 2575 2765 d;
2610 2693 2920 2769 venerari,
2950 2694 3071 2752 col.
3102 2692 3216 2751 561
3248 2694 3310 2764 d,
3335 2700 3399 2755 et
3426 2692 3544 2751 623
3569 2708 3638 2767 c;
3664 2710 3875 2769 perse-

583 2797 730 2872 qui,
781 2793 907 2852 col.
969 2789 1093 2850 L59
1145 2808 1222 2853 a:
1280 2791 1563 2863 imitari,
1618 2793 1739 2851 col.
1798 2792 1974 2852 1338.
2037 2794 2180 2871 lpse
2214 2794 2290 2855 de
2335 2813 2403 2854 se
2459 2812 2707 2855 summa
2756 2812 3006 2872 semper
3050 2811 3196 2854 cum
3241 2792 3441 2853 animi
3485 2791 3876 2856 demissione

587 2894 899 2965 sentiens,
958 2892 1048 2952 ait
1081 2893 1143 2950 in
1182 2892 1308 2950 line
1353 2890 1643 2969 epistolas
1701 2890 1780 2952 ad
1833 2893 2196 2952 Leandrum
2255 2894 2435 2953 libris
2486 2894 2825 2956 Moralium
2886 2891 3456 2970 prmmissszon
3500 2889 3873 2967 barbarismi

583 2995 1006 3075 confusionem
1043 2994 1278 3066 devito,
1311 2993 1471 3052 situs
1506 3002 1828 3071 motusque
1860 3003 1915 3055 et
1942 2995 2463 3073 prapositionum
2493 3013 2670 3055 casus
2697 3011 2945 3054 servare
2976 3002 3337 3060 contemno;
3363 2990 3515 3070 quia
3541 2990 3876 3070 indignum

585 3097 969 3157 vehementer
1006 3095 1302 3183 existimo
1340 3101 1415 3153 ut
1444 3094 1625 3153 verba
1672 3093 1943 3153 ccclestis
1976 3096 2217 3156 oraculi
2248 3099 2623 3173 restringam
2673 3094 2784 3156 sub
2828 3093 3065 3171 regulis
3118 3092 3379 3154 Donati.
3420 3092 3495 3151 Et
3526 3110 3677 3154 vero
3727 3093 3877 3153 illu-

585 3201 936 3261 strissimus
958 3200 1270 3267 Huetius,
1320 3199 1431 3277 lib.
1495 3200 1570 3256 de
1633 3198 1875 3275 optimo
1930 3216 2165 3277 genere
2228 3197 2719 3275 interpretandi,
2760 3195 2961 3272 n.1s2,
3007 3195 3285 3257 ostendit
3334 3201 3649 3272 quantum
3705 3194 3875 3257 sacri

586 3302 965 3379 interpretes
1012 3300 1420 3379 neglexerint
1448 3304 1827 3359 accuratum
1857 3298 2103 3359 dicendi
2134 3317 2339 3377 genus
2367 3304 2431 3360 et
2458 3299 2905 3359 Grammaticas
2938 3299 3133 3374 leges.
3188 3295 3511 3373 Sulpicius
3543 3295 3822 3356 Severus
3852 3339 3871 3369 ,

586 3403 726 3481 iure
753 3409 1009 3463 vocatus
1036 3399 1375 3461 Sallustius
1405 3398 1814 3460 Christianus
1846 3403 2107 3476 prapter
2138 3398 2529 3471 facundiam,
2558 3400 2633 3459 de
2658 3415 2725 3457 se
2750 3400 2835 3458 ita
2869 3397 3157 3472 loquitur
3184 3395 3247 3454 in
3276 3393 3516 3471 praefat.
3547 3394 3623 3456 ad
3656 3394 3869 3454 Vitam

587 3506 784 3568 sancti
814 3502 1072 3565 Martini
1096 3522 1110 3560 :
1132 3500 1301 3576 Quia
1329 3502 1501 3579 nefas
1538 3509 1822 3579 putarem
1858 3501 2018 3559 tanti
2051 3501 2177 3560 viri
2204 3500 2395 3560 latere
2426 3501 2718 3570 virtutes,
2751 3498 2918 3576 apud
2955 3516 3044 3558 me
3086 3498 3216 3575 ipse
3243 3494 3442 3558 didici
3478 3503 3547 3555 ut
3579 3493 3651 3556 de
3685 3494 3876 3555 soles-

588 3601 793 3667 cismis
821 3622 951 3665 non
980 3603 1413 3678 crubescerem,
1462 3604 1609 3682 quia
1637 3619 1745 3662 nec
1775 3619 2055 3679 magnam
2095 3602 2359 3663 istarum
2392 3619 2663 3681 unquam
2693 3619 2901 3661 rerum
2929 3601 3253 3661 scientiam
3284 3600 3697 3676 contigissem.
3736 3597 3874 3657 Ne-

590 3726 718 3788 que
747 3716 961 3771 tamen
991 3708 1210 3769 omnia
1244 3724 1387 3785 quae
1416 3707 1849 3785 grammatica:
1896 3706 2142 3780 legibus
2191 3705 2517 3766 contraria
2562 3705 2861 3764 videntur
2904 3704 2967 3765 in
3013 3704 3211 3764 sancti
3251 3702 3540 3779 Gregorii
3588 3700 3872 3780 scriptis,

596 3812 907 3873 continuo
940 3825 1059 3888 pro
1086 3808 1466 3868 solmcismis
1504 3814 1614 3868 aut
1644 3807 2063 3866 barbarismis
2100 3804 2416 3867 habenda.
2451 3805 2682 3864 Notum
2714 3811 2811 3864 est
2842 3802 3139 3863 omnibus
3170 3802 3423 3879 linguas
3455 3802 3536 3862 ab
3572 3816 3691 3860 usu
3731 3816 3876 3881 pen_

587 3915 763 3975 dere.
795 3915 1019 3991 Itaque
1052 3927 1196 3971 cum
1240 3916 1524 3988 tempore
1572 3907 1863 3985 Gregorii
1896 3906 2110 3984 Magni
2143 3906 2432 3983 quaedam
2465 3924 2648 3967 voces
2681 3921 2852 3966 nunc
2882 3904 3209 3981 obsoletis,
3237 3900 3529 3980 quaedam
3559 3897 3861 3976 loquendi

590 4016 880 4080 formula:
900 4020 1140 4075 nostrae
1166 4011 1424 4093 syntaxi
1451 4010 1818 4082 contraria,
1852 4024 1996 4085 quae
2024 4010 2100 4068 ad
2135 4007 2410 4082 purioris
2441 4007 2809 4068 Latinitatis
2848 4004 3103 4083 regulas
3131 4008 3358 4065 exacta
3402 4006 3520 4073 est,
3560 3998 3881 4059 invaluis-

595 4128 762 4195 sent,
794 4125 855 4180 et
896 4135 1019 4179 usu
1070 4116 1338 4177 fuissent
1368 4118 1673 4190 recepta,
1729 4111 1991 4171 minime
2026 4110 2485 4187 vituperandus
2522 4116 2622 4167 est
2650 4113 2765 4169 aut
2798 4104 3305 4168 contemnendus
3334 4100 3500 4180 quod
3533 4101 3648 4161 bas
3696 4115 3883 4159 voces

600 4234 662 4289 et
694 4222 1002 4288 formulas
1028 4217 1415 4282 adhibuerit.
1445 4217 1760 4293 Tempore
1788 4213 2067 4273 Terentii
2120 4212 2292 4291 ipsus
2324 4229 2438 4288 pro
2468 4212 2628 4289 ipse,
2675 4208 2845 4271 scibo
2881 4225 2996 4289 pro
3032 4206 3246 4278 sciam,
3282 4207 3414 4285 face
3440 4219 3553 4282 pro
3583 4202 3681 4280 fac
3706 4199 3883 4259 dice—

598 4331 812 4397 batur,
842 4341 1005 4403 quas
1037 4340 1223 4383 voces
1256 4336 1445 4387 nemo
1472 4317 1798 4379 damnabit
1833 4317 1898 4374 in
1935 4315 2050 4373 hoc
2080 4322 2293 4392 poeta,
2324 4314 2437 4373 etsi
2473 4330 2648 4375 nunc
2684 4311 2946 4372 minime
2976 4311 3430 4388 probarentur.
3480 4303 3661 4382 Apud
3696 4320 3884 4360 eum-

594 4433 734 4493 dem
763 4430 827 4490 in
860 4424 1147 4503 Adelphii
1181 4430 1302 4485 act.
1329 4440 1391 4495 v,
1421 4437 1613 4482 scena
1644 4437 1730 4491 ιν,
1764 4418 1999 4496 legitur
2027 4438 2040 4474 :
2072 4416 2257 4478 Nunc
2276 4422 2505 4476 exacta
2532 4420 2738 4485 celate,
2768 4411 2883 4470 hoc
2912 4410 3111 4490 fructi
3132 4424 3251 4488 pro
3283 4406 3491 4469 labore
3514 4405 3587 4465 ab
3614 4404 3693 4465 iis
3717 4406 3881 4481 fero,

595 4534 844 4600 odium;
887 4548 1001 4608 pro
1036 4528 1149 4588 hoc
1180 4528 1451 4604 fructus.
1481 4523 1799 4594 Hilarius,
1840 4538 2032 4597 quem
2075 4523 2335 4579 sanctus
2372 4516 2805 4589 Hieronymus
2846 4518 3103 4588 prOpter
3136 4506 3504 4608 facundiam
3533 4504 3886 4608 laudati-ut

603 4602 963 4712 intelligere
1002 4630 1148 4689 licet
1180 4602 1265 4688 ex
1293 4625 1431 4705 ejus
1464 4621 1840 4684 testimoniis
1875 4620 2099 4681 Hilarii
2140 4617 2296 4676 Vitw
2330 4618 2392 4675 in
2428 4631 2591 4674 nova
2620 4612 2759 4691 ejus
2789 4628 3055 4689 aperum
3086 4608 3375 4712 Editione
3408 4604 3737 4712 subject-is,
3774 4602 3885 4660 Hi—

601 4706 1148 4807 lariuinnquam,
1180 4724 1531 4804 saepissime
1565 4718 2155 4801 usurpatloquendi
2182 4718 2400 4777 modos
2434 4715 2515 4776 ab
2540 4713 2863 4773 hodieruis
2895 4727 3157 4787 prorsus
3187 4708 3465 4768 dissitos.
3497 4707 3619 4767 Sic.
3654 4706 3764 4765 lib.
3800 4722 3885 4767 vu

596 4834 672 4893 de
699 4834 909 4901 Trin.,
940 4847 1007 4890 n.
1049 4829 1128 4888 27
1162 4846 1178 4887 :
1210 4827 1361 4890 Non
1396 4828 1575 4896 enim,
1611 4826 1840 4903 inquit,
1881 4840 1958 4883 ea:
1996 4819 2356 4900 compositis
2389 4827 2573 4897 atque
2606 4816 2903 4877 inanimis
2930 4816 3119 4884 Deus,
3142 4812 3393 4891 quivita
3428 4816 3540 4873 est.
3570 4807 3890 4883 subsistit,

600 4951 790 5013 neque
817 4930 928 5011 qui
953 4929 1157 4991 uirtus
1187 4934 1303 5002 est,
1339 4944 1416 4988 ea:
1448 4923 1800 5004 inﬁrmibus
1834 4924 2229 4984 continetur.

685 5010 894 5103 Nunc,
930 5030 1310 5109 priusquam
1344 5025 1614 5085 ulterius
1647 5024 2161 5101 progrediamur,
2196 5018 2523 5097 paulisper
2552 5016 2853 5076 sistamus
2886 5012 3153 5090 gradum
3190 5017 3251 5071 et
3280 5029 3356 5071 ex
3388 5010 3663 5072 aliorum
3693 5021 3880 5067 erra—

604 5137 719 5211 tis,
766 5150 910 5213 quaa
961 5145 1155 5209 supra
1210 5134 1432 5188 notare
1462 5127 1663 5187 coacti
1707 5144 1958 5201 sumus,
1993 5128 2306 5202 quantum
2337 5119 2591 5177 errandi
2627 5132 2886 5193 quoque
2918 5114 3279 5213 periculum
3307 5111 3490 5172 nobis
3521 5109 3884 5213 immineat,

602 5206 1074 5314 intelligentes',
1116 5228 1399 5289 omnium
1434 5227 1495 5286 in
1534 5226 1769 5300 quibus
1804 5225 1929 5284 labi
1969 5223 2237 5283 forsitan
2280 5224 2341 5277 et
2397 5230 2616 5277 errare
2658 5214 3012 5291 Continget,
3044 5212 3211 5314 quod
3248 5211 3545 5314 humanae
3572 5212 3677 5314 est
3701 5206 3889 5265 iulir-

608 5308 873 5414 mitatis,
909 5333 1161 5396 veniam
1202 5347 1312 5409 per
1348 5336 1755 5391 antecessum
1786 5327 2201 5404 deprecemur
2224 5364 2241 5392 ,
2281 5326 2817 5395 mereamurque;
2853 5312 3164 5391 quidquid
3199 5328 3238 5375 a
3275 5312 3458 5372 nobis
3490 5315 3585 5372 est
3621 5308 3887 5381 dictum,

608 5437 825 5504 statim
854 5433 1319 5497 emendandum
1353 5428 1593 5507 judicio
1625 5433 1864 5488 sanctis
1897 5425 2058 5486 sedis
2099 5421 2524 5497 Ecclesiaaque
2558 5418 2725 5479 ultro
2765 5414 3185 5492 subjicienda.

110 6164 743 6430 ι
