4118 6466
261 378 329 436 ﬂ
941 381 1003 437 S.
1041 378 1368 440 GREGORII
1405 376 1626 438 MAGNI
1664 375 1849 440 VITA.
1890 332 2217 435 AUCTORi'I
2251 377 2481 438 PAULO
2520 377 2834 437 DIACONO.
3459 382 3532 439 η

332 491 709 566 XIII..Praeter
743 491 908 566 Pauli
931 501 987 550 et
1022 494 1241 551 Joannis
1284 496 2096 566 Diaconorumlucuhrationes
2136 496 2439 564 adjicienda
2472 498 2722 553 duximus
2762 495 3008 566 qumdam
3039 494 3242 554 selecta
3284 504 3535 557 veterum

262 564 567 640 testimonia
586 565 656 640 de
675 573 864 621 sancto
884 565 1374 640 Gregorio._Nulla_s
1398 574 1577 640 autem
1598 565 1741 640 alias
1762 567 1915 623 Vitas
1938 585 2007 625 ex
2030 569 2239 640 integro
2261 567 2492 640 scriptas
2518 569 2660 624 inter
2680 564 2904 640 antiqua
2922 578 3270 624 monumenta
3292 572 3533 640 reperire

263 636 553 717 potuimus.
584 635 730 691 Inter
768 651 935 717 opera
959 636 1293 717 Venerabilis
1520 636 2043 717 divéxdorarecenset
2081 637 2298 717 quidem
2339 635 2656 717 Quillelmns
2681 635 2826 717 Cave
2864 638 3039 717 Vitam
3084 641 3255 717 sancti
3284 635 3532 717 Gregorii

262 707 522 779 quam‘ait
550 707 970 779 manuscriptam
998 716 1211 779 exstare
1253 708 1308 761 in
1346 707 1681 779 bibliotheca
1710 708 1923 779 collegii
1964 709 2337 779 Mertonensis.
2375 708 2502 777 Ejus
2538 724 2701 777 porro
2731 709 2968 763 visenda:
2999 709 3267 764 desiderio
3296 707 3529 779 accensi,

263 776 567 847 rogavimus
594 784 839 851 nostrum
870 777 1233 851 Mab‘ilionium
1262 786 1374 832 uta
1400 778 1516 832 viro
1544 776 1984 851 doctissimo’Th.
2002 778 2138 851 iGals
2163 779 2342 851 amico
2366 776 2469 851 suo
2499 776 2551 832 iii
2580 779 2845 851 litteratos
2870 794 3058 851 omnes
3082 780 3324 835 benelico
3352 776 3527 851 impeé

266 855 437 903 traret
464 847 674 919 censuli
698 848 990 919 laudatum
1019 847 1301 919 Codicem,
1349 856 1407 902 et
1442 863 1564 919 cum
1604 847 1755 902 Pauli
1793 850 2052 919 opusculo
2081 849 2149 903 de
2177 849 2347 903 sancti
2392 848 2636 917 Gregorii
2682 848 2803 901 Vita
2826 849 3099 919 conferri.
3132 851 3249 905 Non
3278 847 3451 906 solum
3476 853 3533 907 id

259 918 510 1042 praestitit
544 918 622 972 vir
651 917 1093 981 ofﬁciosissimus,
1109 917 1203 971 sed
1227 918 1390 973 etiam
1419 918 1486 972 ad
1516 933 1614 973 nos
1645 919 1788 973 misit
1813 917 2066 990 excerpta
2095 919 2334 989 quaedam
2368 928 2477 973 tum
2507 935 2575 974 ex
2600 919 2784 989 primis
2813 917 2910 971 Ms.
2943 919 3177 989 periodis
3204 939 3215 972 :
3252 921 3529 991 Gregorius

295 1006 356 1042 ac
383 988 507 1042 urbe
532 988 771 1042 Romana
788 988 948 1041 Patre
964 987 1256 1042 Gordiano.
1288 997 1453 1042 matre
1481 1006 1595 1042 vero
1620 988 1812 1042 Silvia.
1843 999 1972 1042 etc..
2006 1006 2174 1042 usuue
2202 989 2331 1042 nulli
2359 992 2413 1042 in
2444 990 2537 1042 hac
2566 990 2689 1042 urbe
2709 995 2977 1042 putaretur
3005 990 3286 1042 secundus:
3318 998 3431 1042 tum
3462 1008 3529 1042 ex

295 1006 356 1058 ac
383 988 507 1043 urbe
532 988 771 1043 Romana
788 988 948 1041 Patre
964 987 1256 1053 Gordiano,
1288 997 1453 1042 matre
1481 1006 1595 1042 vero
1620 988 1812 1057 Silvia,
1843 987 2174 1058 etc.,'usque
2202 989 2331 1043 nulli
2359 992 2413 1043 in
2444 990 2537 1043 hac
2566 987 2689 1043 urbe
2709 987 2977 1057 putaretur
3005 990 3286 1056 secundus;
3318 987 3431 1045 tum
3462 1008 3530 1047 ex

258 1053 365 1140 line
392 1058 563 1140 totius
589 1059 768 1140 Operis
796 1058 863 1140 ab
886 1058 1173 1140 bisverbis
1200 1077 1212 1111 :
1245 1060 1354 1113 hwc
1384 1060 1602 1140 breviter
1628 1060 1689 1140 de
1717 1053 1985 1140 vita-beati
2015 1053 2249 1140 Gregorii
2274 1060 2578 1140 dictaﬁsunt,
2612 1053 2944 1140 ethLusque
2972 1053 3448 1140 sepultusveronest
3476 1064 3532 1115 in

256 1130 474 1185 ecclesia
504 1128 641 1183 beati
663 1128 809 1182 Petri
836 1129 1057 1198 apostoli
1084 1139 1206 1182 ante
1228 1132 1582 1197 secretarium,
1608 1130 1692 1183 die
1719 1147 1771 1185 1v
1823 1130 2013 1185 Iduum
2042 1128 2374 1184 Martiarum.
2402 1130 2699 1186 Prwstante
2729 1129 2950 1183 Domino
2980 1128 3154 1184 nostro
3180 1130 3304 1184 Jesu
3328 1130 3531 1188 Christo

323 1201 484 1271 icum
511 1199 704 1271 Patre,
734 1207 841 1271 etc.
875 1198 941 1252 Et
981 1199 1751 1271 ex_his__clareiintelleximus
1780 1202 1923 1270 quod
1951 1202 2097 1271 prius
2126 1200 2609 1265 subodorabamur,
2643 1202 2785 1255 hunc
2812 1199 3149 1271 hibli_otheca:
3178 1200 3532 1271 blertonensis

323 1218 341 1253 ι
368 1217 484 1253 cum
511 1217 704 1265 ratre,
737 1217 841 1255 etc.
875 1217 941 1252 ω
981 1217 1048 1253 ex
1085 1217 1167 1253 ms
1212 1217 1359 1255 crare
1390 1217 1751 1255 ιηιθιιθχιηιυε
1780 1217 1923 1270 quoa
1951 1217 2097 1271 prius
2126 1217 2609 1265 suuoaoranamur,
2646 1217 2785 1255 nunc
2814 1217 3149 1255 uiunotnecac
3178 1217 3529 1256 mertonensrs

255 1217 509 1342 abdicem
539 1270 673 1324 nihil
699 1269 843 1324 aliud
871 1283 1031 1342 quam
1059 1267 1210 1342 Pauli
1240 1270 1669 1342 lucubrationem
1701 1272 1974 1342 exhibere.
2005 1271 2121 1325 Hoc
2146 1271 2552 1342 locointegram
2582 1271 2770 1342 optimi
2794 1270 2895 1323 viri
2924 1269 3143 1325 Thomas
3168 1268 3295 1326 Gals
3324 1271 3529 1340 episto-

255 1340 374 1417 iam.
387 1341 656 1417 subjicere
677 1354 859 1417 operae
876 1339 1108 1417 pretium
1140 1339 1409 1417 duximus,
1444 1355 1562 1417 qum
1582 1340 1814 1417 beneﬁci
1841 1342 2040 1417 _eju_s_in
2058 1356 2168 1417 nos
2197 1341 2362 1417 animi
2393 1339 2715 1411 insigne'est
2743 1349 3135 1408 argumentum.

331 1411 461 1481 Viro
482 1412 676 1481 optim_o
699 1408 1117 1481 pientis’simoque
1143 1408 1209 1481 D.
1245 1410 1314 1463 Β.
1346 1410 1541 1464 Joanni
1573 1408 1886 1466 Mabillonio
1917 1412 2012 1466 Th.
2048 1411 2175 1465 Gals
2201 1412 2261 1465 S.
2286 1410 2354 1464 P.

326 1480 467 1536 Tuas
496 1479 588 1551 per
615 1479 941 1551 Gannovium
974 1479 1383 1551 jucundissimas
1412 1490 1461 1534 et
1491 1484 1939 1551 expectatissimas
1968 1484 2165 1551 accepi.
2211 1482 2466 1536 Continuo
2501 1483 2569 1536 ad
2600 1481 2923 1539 Oxonienses
2962 1482 3026 1535 de
3055 1481 3177 1537 Vita
3205 1482 3375 1536 sancti
3405 1481 3533 1537 Gre-

251 1554 392 1627 gorii
416 1550 837 1627 scripsi._Longa
856 1550 1161 1627 interposita
1185 1568 1329 1627 mora
1355 1550 1555 1627 [accde
1586 1551 1705 1604 Vita
1729 1552 1821 1605 illa
1845 1553 2033 1627 recepi.
2063 1550 2110 1605 Ill
2120 1569 2269 1627 aueo,
2286 1553 2618 1627 quodtamen
2643 1563 2691 1608 te
2715 1556 2973 1627 monuisse
2999 1570 3103 1606 non
3125 1570 3253 1627 opus
3274 1555 3393 1627 erit,
3422 1554 3532 1627 {tam

251 1620 319 1696 ad
350 1620 576 1696 Paulum
606 1620 1097 1696 Qiaconumrideri
1125 1622 1432 1696 referenda;
1473 1624 1519 1696 is
1548 1628 1727 1696 uariae
1757 1620 2029 1696 moto-7'06
2050 1666 2062 1687 ,
2091 1620 2469 1696 _ruti_ea::Surio
2499 1625 2706 1695 colligo.
2765 1624 2950 1679 Totum
2991 1620 3310 1696 opusculum;
3334 1625 3389 1676 in
3406 1623 3529 1696 ‘Ms.

251 1693 427 1747 Oxon.
460 1693 581 1748 colt.
606 1692 951 1747 Mertonensis
974 1691 1151 1746 decem
1174 1691 1464 1762 explicatur
1484 1692 1655 1815 foliis.
1689 1691 1751 1748 Si
1781 1693 1873 1747 tibi
1901 1691 2015 1765 ejus
2045 1693 2243 1762 aliquid
2273 1693 2586 1748 desiderium
2612 1691 2815 1759 subeat,
2850 1691 3040 1748 curabo
3065 1710 3124 1748 eo
3147 1694 3359 1764 fruaris.
3394 1693 3535 1748 Sane

252 1763 397 1815 decet
416 1781 495 1815 me
514 1780 791 1815 memorem
812 1778 1011 1815 semper
1038 1778 1151 1815 esse
1173 1772 1376 1815 tuorum
1398 1779 1476 1815 mu
1506 1772 1671 1815 torum
1696 1765 1749 1815 in
1778 1781 1859 1815 me
1887 1766 2209 1815 meritorum.
2233 1774 2282 1815 et
2304 1763 2636 1815 libentissime
2660 1782 2753 1815 pro
2778 1765 2969 1815 viribus
2998 1773 3047 1815 et
3078 1765 3409 1815 facultatibus
3439 1764 3533 1815 tibi

252 1763 397 1819 decet
416 1781 495 1818 me
514 1780 791 1819 memorem
812 1778 1011 1835 semper
1038 1778 1151 1815 esse
1173 1772 1376 1835 tuorum
1398 1763 1671 1835 multorum
1696 1765 1749 1817 in
1778 1781 1859 1817 me
1887 1763 2209 1835 meritorum,
2233 1774 2282 1817 et
2304 1763 2636 1819 libentissime
2660 1782 2753 1835 pro
2778 1765 2969 1820 viribus
2998 1773 3047 1817 et
3076 1763 3409 1835 facultatibus
3439 1764 3533 1818 tibi

255 1836 457 1907 tuisque
477 1836 799 1889 inseruirem.
840 1831 1025 1907 Quare
1047 1848 1157 1907 rem
1185 1833 1311 1907 mihi
1336 1834 1689 1907 gratissimam
1720 1836 1936 1907 feceris,
1966 1832 2011 1907 si
2040 1852 2187 1907 quem
2217 1852 2244 1887 e
2292 1836 2389 1887 tuis
2421 1836 2598 1907 amicis
2620 1831 2717 1888 huc
2740 1835 3019 1907 aliquando
3050 1831 3337 1907 tendentem
3367 1835 3435 1907 ad
3455 1850 3536 1888 me

252 1903 535 2029 destines,v
527 1914 583 1959 ut
578 1907 787 2029 lgaltem
816 1903 879 1957 de
902 1911 989 1956 tua
1016 1903 1306 1957 valetudine
1327 1903 1376 1956 ἐι
1402 1904 1504 1957 vita
1526 1903 1774 1975 prospera
1795 1904 2012 1960 subinde
2033 1903 2264 1970 audiam,
2295 1921 2395 1976 qua
2422 1906 2628 1977 quidem
2654 1923 2710 1959 re
2738 1903 2870 1960 nihil
2895 1906 3020 1960 mihi
3045 1904 3213 1959 laztius
3237 1906 3535 1975 contingere

252 1984 441 2029 potest.
542 1994 572 2029 a
631 2016 644 2029 .

285 1984 441 2030 etest.
492 1979 644 2030 Vale.

250 1993 859 2118 poﬁgbilifsaald'olescens
903 2042 1197 2115 Spencerus
1235 2044 1519 2113 Compton,
1569 2047 1654 2115 qui
1677 2047 1793 2116 jam
1828 2063 1947 2101 cum
1974 2046 2142 2118 legato
2180 2052 2357 2100 nostro
2402 2047 2541 2116 apud
2570 2064 2655 2103 vos
2696 2048 2841 2118 agit,
2887 2052 2936 2101 te
2979 2046 3116 2100 brevi
3162 2061 3276 2100 meo
3316 2046 3528 2101 nomine

250 2115 519 2173 salutabit.

2178 2185 2535 2241 Bloomesburi
2564 2186 2789 2242 Londini
2810 2230 2825 2256 ,
2866 2186 2934 2240 14
2960 2186 3087 2240 Jan.
3120 2184 3279 2240 1697.

319 2277 463 2351 XIV.
496 2278 753 2351 Superest
782 2272 840 2351 ut
866 2278 935 2351 de
963 2277 1079 2333 Vita
1099 2275 1437 2351 sanctissimi
1464 2275 1711 2351 Doctoris
1741 2292 1768 2351 εξ
1801 2277 1957 2351 nobis
1985 2292 2052 2331 ex
2082 2276 2198 2351 ejus
2228 2276 2567 2351 potissimum
2596 2276 2813 2351 scriptis
2832 2275 3159 2351 concinnata
3186 2289 3358 2351 pauca
3370 2274 3534 2351 _dica-

248 2367 391 2408 mus.
419 2344 591 2421 Ipsam
618 2352 768 2421 prius
793 2349 997 2421 Gallice
1023 2349 1412 2421 publicavimus
1439 2362 1527 2400 an.
1558 2346 1716 2421 1698.
1747 2347 1982 2421 Indeque
2009 2348 2172 2421 coepit
2194 2344 2375 2421 omnis
2401 2346 2455 2399 in
2484 2344 2811 2421 Gregorium
2832 2346 3003 2421 labor.
3034 2344 3167 2421 C_u_m
3192 2344 3346 2421 enim
3369 2345 3527 2401 luen-

247 2414 732 2501 bra‘_tioriem__han_c
761 2414 1396 2501 qualemcunque‘felicitvt
1424 2418 1815 2501 recordationis
1845 2414 2164 2501 ln—nocentio
2194 2415 2287 2469 ΧΠ
2314 2414 2747 2501 acceptissimam
2766 2416 2954 2497 fuisse
2992 2415 3150 2501 nobis
3175 2414 3537 2501 signiﬁcasset

248 2493 418 2549 emin.
447 2491 731 2547 cardinalis
760 2486 945 2561 S‘pada
971 2486 1328 2561 litterisdatis
1356 2488 1390 2540 8
1416 2487 1546 2558 Apr.
1578 2487 1744 2561 1698,
1778 2496 1941 2561 atque
1968 2490 2034 2543 ad
2061 2487 2265 2561 majora
2293 2486 2537 2561 audenda
2566 2488 2838 2561 impertita
2861 2486 3080 2541 nomine
3102 2487 3242 2561 tanti
3265 2486 3531 2555 pontiﬁcis

246 2562 633 2619 benedictione
673 2556 828 2617 nobis
874 2561 1082 2615 animos
1122 2556 1685 2623 addidisset,‘statim
1730 2558 1796 2611 ad
1841 2556 2036 2613 novam
2078 2557 2318 2611 omnium
2358 2557 2531 2611 sancti
2578 2556 2822 2627 Gregorii
2850 2572 3072 2627 operum
3101 2556 3405 2611 Editionem
3436 2572 3535 2613 nos

244 2634 605 2759 Ecciilnxinitlisi,
635 2632 785 2687 Hanc
812 2638 993 2686 autem
1019 2630 1200 2684 Vitam
1226 2631 1281 2685 in
1304 2629 1553 2683 Latinum
1573 2644 1785 2684 versam
1811 2629 1899 2684 hic
1921 2630 2260 2691 exhibemus,
2292 2635 2348 2681 at
2372 2627 2696 2693 breviorem,
2730 2642 2832 2683 nec
2857 2634 3073 2683 servato
3097 2640 3313 2698 semper
3337 2627 3536 2697 prioris

290 2720 322 2759 a
373 2719 468 2759 ιαε
492 2718 525 2758 o
592 2718 699 2759 me.

290 2705 468 2759 allicze
492 2705 699 2759 ordine.

315 2772 746 2845 Initiohcapitum
787 2773 1154 2845 fere‘setnper
1178 2770 1285 2826 duo
1314 2778 1643 2825 annotantur
1670 2769 1910 2845 ann_i,_v.
1937 2783 2015 2845 g.,
2063 2784 2150 2821 an.
2187 2766 2289 2822 590
2318 2774 2372 2823 et
2400 2767 2496 2822 59l
2518 2808 2533 2835 ,
2563 2768 2687 2845 quia
2717 2768 2967 2845 nimirum
2994 2783 3166 2845 annos
3192 2767 3539 2845 pontiﬁcatus

244 2846 427 2901 sancti
472 2839 720 2913 Gregorii
770 2858 867 2913 per
908 2839 1234 2898 indictiones
1280 2848 1653 2913 computamus
1700 2858 1712 2893 ;
1769 2839 1992 2895 indictio
2036 2853 2167 2893 vero
2213 2853 2335 2907 qua:
2375 2854 2561 2895 mense
2599 2839 2907 2908 Septembri
2949 2839 3269 2909 incipiebat,
3323 2839 3537 2894 duobus

243 2915 611 2971 resnondebat
636 2915 811 2970 annis.

367 2994 589 3040 :eterum
617 2984 686 3040 de
713 2985 947 3039 utilitate
996 2982 1295 3038 elucubrati
1344 2998 1395 3053 ar
1426 2982 1582 3037 nobis
1612 2981 1793 3053 operis
1821 2980 2032 3050 praefari
2081 2978 2408 3053 superﬂuum
2456 2980 2623 3045 foret;
2674 2994 2797 3053 cum
2845 2979 2901 3033 in
2926 2979 3062 3053 AVita
3110 2979 3330 3033 maximi
3374 2977 3535 3047 hujus

242 3053 506 3113 Ecclesia:
533 3056 771 3111 doctoris
796 3055 976 3109 omnia
999 3054 1114 3109 lere
1140 3069 1259 3123 qua:
1288 3055 1356 3108 ad
1386 3048 1667 3109 historiam
1697 3048 1912 3123 illorum
1941 3048 2253 3123 temporum
2274 3051 2386 3105 sive
2413 3066 2625 3123 sacram
2674 3052 2793 3123 sive
2816 3048 3385 3123 profanam__spec_tant
3434 3064 3532 3123 ex-

242 3133 540 3196 portantur,
571 3140 780 3181 summa
808 3126 1131 3193 evangelica:
1156 3119 1422 3196 doctrinae
1451 3125 1631 3196 capita
1662 3119 2078 3196 conﬁrmentur,
2109 3122 2454 3196 contineatur
2483 3121 2660 3176 omnis
2686 3121 3049 3196 ecclesiastica
3074 3119 3380 3196 disciplina,
3414 3119 3538 3173 vita:

241 3189 566 3254 Christianae
591 3204 884 3267 praecepta,
914 3189 1022 3250 imo
1051 3195 1363 3267 certissimre
1387 3189 1717 3267 sublimioris
1736 3191 2311 3267 perfectionisregulan
2334 3192 2733 3267 trailantu_r,_es
2765 3192 2958 3267 quibus
2983 3189 3282 3267 profectum
3313 3204 3531 3267 sumere

242 3274 485 3341 possunt
509 3258 623 3341 non
644 3258 819 3341 solum
847 3258 1182 3341 ovesgregis
1207 3265 1440 3341 Christi,
1468 3265 1563 3341 sed
1588 3258 1756 3341 etiam
1782 3262 2051 3341 Pastores.
2088 3258 2241 3341 lima,
2270 3262 2512 3318 studiose
2537 3258 2870 3326 Christiane,
2903 3258 3022 3330 lege
3047 3261 3102 3315 in
3128 3260 3268 3326 otio,
3300 3258 3398 3314 sed
3426 3274 3537 3314 non

242 3333 455 3405 otiose;
485 3345 542 3393 et
569 3337 665 3393 tibi
690 3333 1086 3408 apponentibus
1111 3333 1343 3405 improbi
1374 3336 1573 3391 laboris
1599 3334 1805 3391 fructus
1833 3334 2069 3404 optimos
2096 3333 2235 3388 bene
2266 3347 2511 3405 precare.

1663 3608 1917 3719 SAN
1924 3614 1990 3720 C
2006 3616 2133 3718 TI

664 3815 2155 4266 GBEGOJZE;
2251 3812 3156 4021 MAGNI

1013 4340 1336 4400 AUCTORE
1367 4340 1394 4379 δ
1420 4337 1650 4395 PAULO
1678 4334 1973 4393 DIACONO
2002 4337 2331 4396 MONACHO
2361 4341 2772 4401 CASSINENSI.

331 4513 381 4585 ι
407 4509 460 4565 l.
490 4507 779 4578 Gregorius
800 4505 903 4561 hac
929 4503 1063 4559 urbe
1085 4502 1349 4571 Romana,
1374 4507 1529 4573 patre
1549 4500 1847 4569 Gordiano,
1879 4503 1934 4564 Α
1956 4501 2172 4561 ﬂuentis
2202 4504 2417 4589 ingenio
2445 4506 2523 4562 eis
2549 4519 2657 4576 quo
2686 4508 2902 4563 tramite
2945 4508 3189 4565 ctelestia
3218 4508 3543 4566 scanderent

250 4611 434 4660 matre
462 4616 590 4657 vero
618 4598 783 4655 Silvia
806 4596 1002 4663 editus,
1033 4611 1142 4650 non
1161 4595 1336 4651 solum
1367 4594 1433 4649 de
1453 4594 1734 4665 spectabili
1762 4607 1849 4649 se-
1951 4596 2228 4668 patefecit.

256 4704 513 4753 natorum
534 4692 805 4762 prosapia,
839 4706 1027 4746 verum
1057 4690 1222 4744 etiam
1251 4687 1537 4755 religiosa,
1586 4686 1849 4755 originem
2024 4687 2077 4742 2.
2111 4689 2412 4760 Disciplinis
2434 4707 2563 4748 vero
2587 4692 2913 4758 liberalibus,
2939 4694 3046 4749 hoc
3066 4700 3147 4747 est
3169 4667 3542 4765 grammatica,

255 4787 431 4842 duxit.
464 4783 595 4838 Nam
628 4793 650 4819 π
674 4782 846 4848 Felix,
880 4781 1032 4836 istius
1060 4779 1373 4857 apostolica:
1420 4777 1563 4833 sedis
1600 4777 1847 4843 antistes,
1951 4781 2243 4851 rhetorica,
2274 4782 2553 4839 dialectica
2574 4824 2589 4849 ,
2641 4785 2713 4837 ita
2747 4799 2776 4837 a
2807 4798 2975 4853 puero
3019 4791 3102 4837 est
3150 4784 3451 4851 institutus,
3479 4793 3542 4839 ut

256 4878 341 4934 vir
370 4890 577 4945 magna:
605 4874 838 4941 virtutis,
864 4872 1185 4929 etEcclesiac
1207 4872 1260 4926 in
1289 4869 1503 4925 Christo
1524 4869 1715 4940 gloria,
1735 4868 1851 4938 ejus
1953 4875 2198 4945 quamvis
2248 4890 2314 4931 eo
2365 4884 2607 4947 tempore
2648 4875 2905 4931 ﬂorerent
2931 4876 3106 4931 adhuc
3143 4877 3329 4931 Romae
3367 4877 3545 4932 studia

258 4978 452 5025 atavos
480 4967 601 5021 fuit.
634 4964 741 5021 Sed
768 4972 950 5020 tamen
994 4965 1132 5019 hanc
1161 4962 1451 5032 Gregorius
1480 4970 1639 5016 tanta!
1665 4960 1853 5015 nobili—
1954 4966 2276 5033 litterarum,
2308 4976 2490 5023 tamen
2521 4966 2653 5021 nulli
2698 4967 2751 5020 in
2777 4967 2911 5023 urbe
2953 4967 3070 5038 ipsa
3114 4967 3381 5023 secundus
3428 4983 3547 5023 esse

260 5062 390 5119 tatis
419 5060 615 5115 lineam
638 5058 880 5113 moribus
922 5056 1133 5121 extulit,
1172 5057 1357 5126 probis
1380 5056 1591 5111 actibus
1629 5053 1852 5109 decora—
1952 5064 2258 5128 putaretur.
2288 5056 2468 5111 inerat
2494 5055 2545 5109 ei
2593 5055 2647 5108 in
2676 5070 2842 5125 parva
2871 5055 3053 5111 adhuc
3082 5064 3243 5112 aetate
3272 5064 3546 5111 maturum

259 5152 358 5210 vit.
392 5150 633 5222 Denique
653 5192 670 5219 ,
718 5156 778 5204 ut
805 5157 928 5219 post
956 5147 1011 5202 in
1040 5148 1325 5218 propatulo
1354 5147 1567 5212 claruit,
1601 5161 1709 5200 non
1734 5144 1855 5200 sine
1950 5146 2063 5217 jam
2090 5146 2324 5203 studium
2355 5163 2367 5197 :
2400 5145 2676 5200 adhaerere
2710 5146 2918 5202 scilicet
2944 5146 3210 5215 majorum
3240 5146 3437 5211 dictis;
3487 5154 3544 5201 et

262 5257 461 5312 magno
490 5240 723 5312 quodam
754 5239 1016 5310 praesagio
1072 5237 1181 5293 tale
1227 5236 1450 5292 sortitus
1499 5244 1583 5291 est
1632 5251 1853 5292 nomen.

1955 5241 2002 5298 si
2031 5239 2160 5309 quid
2188 5238 2404 5306 dignum
2431 5239 2694 5308 potuisset
2722 5239 2907 5295 auditu
2936 5241 3217 5311 percipere
3238 5282 3253 5308 ,
3303 5255 3411 5294 non
3461 5254 3547 5293 se-

262 5334 556 5404 Gregorius
585 5347 816 5403 namque
843 5346 911 5387 ex
931 5330 1122 5386 Graeco
1150 5328 1365 5399 eloquio
1392 5328 1442 5381 in
1470 5335 1655 5382 nostra
1677 5328 1855 5398 lingua
1957 5334 2134 5404 gniter
2160 5332 2416 5389 oblivioni
2462 5333 2691 5399 tradere,
2734 5334 2829 5388 sed
2856 5333 3031 5388 tenaci
3062 5333 3240 5402 potius
3268 5329 3548 5385 memoriae

264 5428 537 5497 vigilatur,
560 5441 658 5481 seu
686 5425 913 5494 vigilans
941 5430 1117 5479 sonat.
1144 5421 1224 5476 Re
1250 5428 1450 5476 etenim
1476 5435 1603 5475 vera
1623 5421 1860 5489 vigilavit

1958 5425 2340 5483 commendare
2373 5444 2383 5477 :
2417 5426 2802 5493 hauriebatque
2827 5424 2941 5494 jam
2976 5432 3103 5478 tunc
3149 5420 3419 5479 sitibundo
3446 5418 3546 5471 do-

266 5520 386 5586 Sibi,
413 5520 541 5577 dum
592 5518 788 5574 (Πνίηίε
837 5516 1151 5572 ίηιιίεΐθηάο
1178 5513 1485 5584 ιπωοθριῖε,
1518 5511 1859 5568 Ῑθυάδῧίιίῑθΐ
1960 5520 2144 5576 ctrina}
2172 5520 2371 5575 ﬂuenta
2399 5527 2648 5589 pectore,
2679 5533 2797 5587 quze
2818 5524 2940 5586 post
2965 5515 3281 5583 congruenti
3306 5521 3548 5577 tempore

267 5614 417 5670 vixit.
453 5613 703 5689 Vigilavit
730 5620 786 5668 et
816 5611 1059 5666 ﬁdelibus
1088 5610 1320 5681 populis,
1350 5608 1477 5663 dum
1497 5607 1755 5663 doctrina:
1781 5606 1863 5661 af-

1960 5612 2164 5669 mellito
2194 5619 2409 5682 gutture
2434 5618 2727 5665 cruciaret.
2771 5607 2869 5663 Hic
2897 5608 2951 5661 in
2981 5607 3139 5661 annis
3164 5599 3547 5659 adolescentia:

346 5762 370 5789 “
399 5751 477 5807 Ex
500 5749 811 5806 Venerabili
841 5746 985 5819 Beda
1008 5760 1201 5819 magna
1223 5761 1291 5802 ex
1314 5754 1467 5819 parte
1487 5746 1767 5819 desumpta
1789 5745 1862 5799 Vi-
1964 5764 2063 5819 pte,
2094 5748 2234 5801 edita
2262 5761 2295 5797 (ι
2322 5720 2489 5798 Paulo
2516 5742 2767 5795 monacho
2798 5738 3112 5793 Cassinensi.

272 5820 447 5888 detur,
479 5822 513 5876 l.
550 5838 584 5876 ιι
614 5820 767 5883 hist.,
798 5834 845 5873 c.
880 5819 931 5885 1,
958 5817 1288 5888 Ιῇθθῑΐυδίοισί
1316 5818 1455 5888 stylo
1477 5817 1763 5888 descripta.
1894 5881 1936 5888 _
1965 5817 1972 5819 “
2041 5830 2064 5859 c
2098 5819 2297 5888 Nempe
2322 5823 2561 5887 quartus.

353 5892 378 5933 δ
398 5881 455 5950 in
487 5892 620 5949 Cod.
653 5881 928 5952 Bec'censi,’
957 5886 1150 5943 Incipit
1187 5888 1309 5941 Vita
1328 5881 1493 5943 sdncti
1517 5881 1749 5959 Gregorii
1772 5905 1863 5959 pa-
1894 5881 1941 5941 B

555 5986 827 6047 PATROL.
874 5980 1129 6041 LXXV.
3116 5965 3154 6025 2
