4118 6446
471 1943 474 1947 .
551 1851 824 1948 Christum
845 1851 947 1956 pro
964 1885 1120 1944 nobis
1139 1884 1339 1942 factum
1363 1897 1594 1952 egenum
1621 1895 1786 1951 egens
1807 1882 1922 1952 ipse
1942 1896 2108 1951 seque
2123 1910 2141 1924 -
2170 1868 2218 1935 Β
2244 1867 2320 1906 “9

549 379 618 440 ts
715 351 723 358 ’
1247 367 1309 426 s.
1349 359 1679 423 GBEGOMI
1717 356 1935 418 NAG!"
1972 354 2134 414 vrrs

2254 352 2528 414 UCTORE
2567 352 2796 414 ΡΛυω
2814 352 3143 414 .DIACONO.
3754 349 3828 407 ιι

548 493 646 569 (in
672 489 868 564 quibus
904 484 1046 544 solet
1079 498 1144 541 ea
1181 489 1316 540 mtas
1355 479 1471 536 vias
1513 475 1696 535 srecull
1744 473 1983 569 ingredi)
2014 472 2128 569 lico
2155 471 2206 534 Δ
2236 467 2257 511 ί
2285 470 2462 528 ﬂendo
2501 487 2628 528 usus
2661 479 2768 569 est,
2820 471 3048 527 dicens:
3085 490 3104 569 ξ
3135 469 3324 527 Infelix
3366 469 3566 569 quippe
3612 466 3839 569 animus.

548 563 712 656 capit
755 570 980 640 devotus
1018 576 1270 640 existere,
1315 578 1370 628 et
1392 571 1457 625 ad
1482 583 1728 641 supernae
1755 567 1876 622 vitae
1901 563 2131 636 patriam

550 676 678 737 totis
701 669 978 732 desideriis
1005 665 1282 723 anhelare.

619 791 672 846 5.
707 787 813 846 Sed
833 786 960 842 dum
987 783 1079 840 diu
1100 783 1367 851 longeque
1386 777 1759 835 conversionis
1781 775 2010 846 gratiam
2029 775 2133 831 dif-

549 885 716 944 ferret
737 889 792 935 et
814 886 1104 950 postquam
1134 875 1344 931 caelesti
1371 882 1451 930 est
1480 871 1691 927 afflatus
1717 869 2002 935 desiderio,
2029 885 2130 926 sae-

547 971 716 1034 culari
747 973 798 1041 2
825 969 1011 1026 habitu
1058 965 1276 1033 contegi
1329 963 1522 1020 melius
1569 971 1811 1032 putaret,
1860 960 2133 1030 velletque

546 1060 797 1134 praesenti
821 1057 1023 1114 mundo
1054 1056 1205 1125 quasi
1235 1055 1416 1125 specie
1443 1063 1598 1108 tenus
1628 1053 1920 1118 deservire,
1949 1068 2132 1121 coepe-

546 1161 674 1208 runt
705 1150 873 1206 multa
902 1156 1092 1204 contra
1123 1162 1244 1202 eum
1276 1162 1343 1201 ex
1370 1145 1609 1216 ejusdem
1639 1143 1820 1199 mundi
1843 1159 1972 1198 cura
2013 1160 2133 1198 suc-

546 1257 815 1308 crescere,
844 1249 902 1295 ut
930 1240 986 1294 in
1017 1254 1081 1294 eo
1109 1254 1216 1293 non
1242 1238 1355 1308 jam
1385 1237 1580 1308 specie,
1613 1237 1707 1290 sed
1735 1237 1813 1305 (ut
1842 1236 1956 1305 ipse
1981 1233 2049 1290 de
2075 1249 2134 1290 se

549 1335 781 1403 asserit)
822 1332 1145 1388 retineretur
1173 1340 1227 1385 et
1253 1339 1452 1384 mente.
1477 1329 1712 1382 Tandem
1745 1344 1864 1382 cum
1899 1339 1921 1363 ίι
1943 1343 2136 1397 paren—

550 1436 663 1482 tum
691 1425 799 1495 jam
822 1424 1023 1480 dudum
1053 1423 1201 1477 obitu
1231 1423 1451 1476 liberam
1480 1419 1928 1490 disponendarum
1957 1434 2135 1473 rerum

548 1535 766 1578 suarum
789 1519 1015 1574 haberet
1045 1516 1376 1582 facultatem,
1407 1514 1551 1584 quod
1581 1514 1726 1585 prius
1755 1520 1934 1567 mente
1962 1521 2136 1581 gesta-

552 1604 644 1670 h'at
672 1601 915 1684 aperuit;
965 1610 1216 1681 quodque
1249 1608 1360 1678 jam
1393 1608 1445 1662 in
1475 1607 1668 1662 divinis
1699 1618 1815 1661 erat
1843 1606 2133 1670 obtutibus,

551 1705 801 1760 humanis
831 1703 994 1758 etiam
1023 1701 1227 1755 visibus
1249 1701 1501 1756 ostendit.
1535 1699 1659 1753 Mox
1702 1699 1901 1753 etenim
1945 1706 2138 1752 cuncta

551 1812 670 1870 qua:
699 1795 899 1852 habere
927 1793 1126 1865 potuit,
1176 1791 1243 1847 ad
1290 1791 1506 1862 pietatis
1555 1805 1688 1860 opus
1739 1788 2028 1854 distribuit,
2081 1795 2139 1842 ut

553 1988 726 2035 retur.

621 2089 673 2143 4.
709 2087 816 2144 Sex
855 2088 1088 2156 denique
1132 2087 1186 2141 in
1228 2086 1409 2141 Sicilia
1439 2084 1768 2140 monasteria
1798 2093 2138 2150 construens,

548 2182 742 2237 fratres
771 2180 881 2235 illic
903 2179 1118 2234 Christo
1141 2178 1437 2232 servituros
1467 2176 1778 2246 aggregavit
1810 2194 1822 2228 :
1853 2177 2140 2246 septimum

548 2289 685 2330 vero.
711 2275 851 2328 intra
879 2273 1026 2332 urbis
1056 2271 1214 2340 hujus
1239 2286 1424 2327 muros
1454 2271 1704 2335 instituit,
1736 2270 1788 2324 in
1817 2285 1923 2339 quo
1946 2278 2000 2324 et
2028 2270 2143 2338 ipso

549 2364 895 2437 postmodum
926 2363 1153 2431 regulari
1177 2362 1415 2429 tramite,
1447 2362 1628 2416 multis
1657 2361 1757 2416 sibi
1787 2359 2006 2415 sociatis
2035 2360 2140 2413 fra-

549 2459 742 2524 tribus,
770 2458 869 2514 sub
894 2457 1103 2512 abbatis
1147 2455 1376 2526 imperio
1415 2455 1687 2510 militavit.
1721 2453 1922 2520 Quibus
1950 2468 2142 2508 mona-

549 2551 730 2610 steriis
761 2555 969 2603 tantum
993 2549 1061 2614 de
1091 2547 1385 2602 redditibus
1412 2545 1738 2617 praediorum
1764 2559 1980 2598 suorum
1999 2542 2146 2596 dele-

552 2643 718 2713 gavit,
749 2649 1010 2711 quantum
1042 2648 1224 2710 posset
1252 2639 1360 2694 illic
1382 2636 1841 2693 commorantibus
1869 2635 1934 2689 ad
1963 2635 2145 2704 quoti-

549 2734 768 2792 dianum
799 2732 1000 2787 victum
1055 2728 1347 2796 sufficere;
1399 2730 1608 2800 reliqua
1652 2744 1782 2784 vero
1828 2743 1948 2784 cum
1998 2726 2145 2782 omni

549 2823 580 2866 ι
603 2826 795 2882 domus
815 2823 1066 2894 praisidio
1093 2823 1354 2890 vendidit,
1403 2837 1469 2877 ac
1510 2822 1838 2893 pauperibus
1877 2821 2145 2889 erogavit;

550 2917 998 2985 nobilitatemque
1057 2915 1225 2984 illam,
1277 2931 1441 2986 quam
1483 2914 1550 2970 ad
1580 2916 1836 2970 saeculum
1865 2914 2150 2969 videbatur

550 3007 771 3075 habere,
805 3017 976 3064 totam
1008 3009 1074 3064 ad
1096 3008 1513 3066 nanciscendam
1543 3023 1790 3079 superna:
1815 3007 2043 3076 gloriam
2069 3007 2149 3062 di-

553 3100 790 3169 gnitatis.
821 3099 1000 3155 divina
1043 3099 1215 3169 gratia
1270 3099 1551 3167 largiente,
1605 3098 1895 3152 convertit.
1946 3096 2014 3152 Et
2056 3095 2150 3165 qui

552 3198 680 3244 ante
706 3189 881 3247 serico
907 3197 1167 3244 contextu
1207 3204 1271 3244 ac
1301 3188 1529 3256 geminis
1579 3187 1901 3243 micantibus
1952 3188 2147 3244 solitus

553 3287 670 3333 erat
704 3289 725 3317 ο
756 3293 853 3348 per
879 3278 1068 3333 urbem
1098 3277 1391 3347 procedere
1418 3277 1711 3344 trabeatus,
1745 3285 1868 3348 post
1893 3276 1985 3332 vili
2014 3293 2144 3333 con-

551 3375 730 3425 tectus
759 3369 1012 3437 tegmine,
1047 3369 1387 3423 ministrabat
1413 3383 1620 3438 pauper
1649 3369 1762 3437 ipse
1791 3368 2142 3439 pauperibus.

619 3457 678 3512 .5.
708 3457 918 3514 Etenim
947 3465 1152 3514 mutato
1175 3467 1398 3528 repente
1417 3459 1596 3514 satculi
1629 3459 1836 3527 habitu,
1867 3467 2145 3516 monaste-

555 3549 697 3603 rium
720 3549 895 3620 petiit,
926 3557 982 3604 et
1006 3563 1073 3603 ex
1103 3547 1261 3618 huius
1291 3550 1473 3603 mundi
1497 3551 1778 3621 naufragio
1815 3552 1988 3606 nudus
2017 3567 2145 3608 eva-

551 3641 641 3695 sit.
670 3637 726 3694 ln
747 3654 854 3709 quo
885 3647 1033 3694 tanta
1061 3639 1411 3710 perfectionis
1433 3641 1604 3709 gratia
1627 3642 1794 3711 coepit
1814 3643 2144 3710 conversari,

553 3740 612 3785 ut
635 3731 744 3800 jam
770 3739 895 3786 tunc
923 3731 977 3786 in
1007 3732 1137 3802 ipsis
1163 3731 1330 3786 initiis
1356 3732 1721 3802 perfectorum
1745 3743 1930 3804 posset
1960 3750 2148 3790 nume-

551 3838 614 3879 ro
644 3821 914 3892 deputari.
943 3819 968 3859 ἀ
1002 3822 1184 3884 Inerat
1207 3822 1442 3892 denique
1471 3823 1522 3879 ei
1557 3832 1706 3878 tanta
1739 3823 2064 3880 abstinentia
2092 3825 2146 3880 in

551 3919 704 3982 cibis,
727 3919 1004 3989 vigilantia
1048 3919 1104 3976 in
1127 3919 1490 3986 orationibus,
1523 3918 1819 3978 strenuitas
1849 3919 1899 3988 3
1924 3919 1978 3972 in
2003 3918 2146 3988 jeju-

552 4010 679 4078 niis,
727 4017 788 4064 ut
832 4009 1102 4064 infirmato
1148 4010 1434 4064 stomacho
1477 4009 1566 4062 vix
1613 4009 1911 4063 consistere
1939 4016 2143 4077 posset.

521 4102 865 4158 ‘Sustinebat
893 4109 1154 4174 praeterea
1197 4104 1439 4158 assiduas
1468 4103 1715 4172 corporis
1762 4100 2143 4157 infirmitates:

555 4201 611 4248 ct
638 4194 872 4247 maxime
901 4208 965 4247 ea
986 4193 1302 4262 pulsabatur
1329 4194 1600 4258 molestia,
1634 4208 1794 4262 quam
1817 4192 2009 4250 Graeco
2030 4193 2143 4247 clo.

556 4285 686 4355 quio
736 4285 927 4340 medici
961 4296 982 4324 θ
1025 4287 1282 4357 syncopin
1332 4295 1557 4354 vocant;
1601 4287 1752 4358 cujus
1792 4287 2150 4352 incommodis

555 4376 630 4432 ita
653 4374 838 4430 dolore
861 4375 1101 4431 vitalium
1130 4378 1494 4444 cruciabatur,
1515 4385 1572 4431 ut
1593 4379 1797 4432 crebris
1820 4379 2151 4449 interceptus

556 4463 847 4537 angustiis',
901 4483 1001 4538 per
1047 4468 1253 4537 singula
1300 4485 1439 4542 pene
1482 4470 1740 4526 horarum
1778 4479 2052 4528 momenta
2082 4472 2151 4536 ad

557 4560 760 4616 exitum
797 4559 1206 4631 propinquaret.

631 4677 683 4731 6.
715 4660 899 4742 Qualis
926 4684 1107 4730 autem
1158 4675 1213 4730 in
1258 4677 1586 4731 monasterio
1643 4677 1822 4744 fuerit,
1877 4694 2146 4751 quamque

559 4765 814 4820 laudabili
862 4765 1040 4822 studio
1067 4765 1233 4818 vitam
1284 4763 1524 4829 duxerit,
1573 4779 1638 4821 ex
1669 4766 1834 4836 ipsius
1863 4783 2150 4838 possumus

563 4857 739 4912 verbis
771 4856 1048 4926 colligere,
1081 4856 1276 4926 quibus
1303 4855 1418 4925 ipse
1471 4856 1524 4910 in
1554 4858 1868 4928 pontificatu
1889 4861 2001 4929 jam
2051 4878 2149 4931 po-

563 4949 716 5015 situs,
751 4948 876 5004 dum
927 4965 1060 5008 cum
1103 4947 1262 5005 Petro
1310 4965 1409 5006 suo
1458 4949 1688 5008 diacono
1727 4953 2146 5023 colloqueretur,

639 5133 662 5160 ἰ
690 5124 808 5200 Im_o
833 5125 1130 5200 solo_patre
1147 5133 1364 5200 ;_mater
1390 5126 1532 5183 enim
1561 5127 1654 5184 diu
1691 5135 1877 5200 postea
1905 5130 2058 5196 vixit,
2083 5146 2152 5192 ex

562 5194 715 5251 Joan.
748 5194 920 5262 Diae,
952 5194 996 5249 ΙΙ
1020 5212 1058 5262 ι,
1088 5211 1136 5251 c.
1170 5195 1222 5252 9.

640 5263 666 5303 δ
692 5264 981 5342 _Gu_ssanv.,
1014 5282 1128 5342 cunt
1157 5269 1295 5342 omni
1324 5268 1721 5342 domoqprazdiﬁa.
1747 5271 2012 5342 Bolland.,
2036 5288 2151 5326 cum

563 5337 721 5406 omni,
744 5336 924 5390 domus
956 5337 1182 5406 pradio;
1212 5338 1600 5394 reluctantibus
1631 5340 1737 5396 Mss

638 5417 661 5477 ἐ
693 5405 876 5477 Quem,
908 5405 998 5477 per
1022 5407 1190 5464 urbes.

631 5476 657 5514 ά
690 5475 819 5534 Post
849 5475 964 5532 haec
1004 5479 1167 5533 verba
1198 5479 1390 5545 legitur
1420 5480 1469 5532 in
1499 5478 1657 5536 Guss.
1694 5501 1705 5534 :
1739 5483 1947 5538 Electus
1976 5491 2146 5540 autem

565 5549 834 5623 communi:
861 5550 1080 5618 fratrum
1110 5551 1396 5623 concordia_
1426 5552 1477 5602 in
1507 5550 1760 5618 abbatem,
1795 5571 2013 5623 prtresse
2042 5572 2144 5607 non

565 5621 751 5700 renuit.
804 5617 1004 5680 Inerat,
1043 5628 1179 5697 -etc.,
1210 5636 1326 5688 qua:
1353 5621 1545 5674 absunt
1575 5637 1603 5673 a
1635 5617 1756 5676 Mss.
1789 5617 1840 5678 et
1871 5624 1995 5680 huic
2023 5625 2143 5680 loco

566 5699 860 5757 incongrue
887 5699 1012 5743 δυηι
1041 5700 1255 5742 lllSCl‘la.

642 5769 665 5832 ξ
697 5761 935 5832 ξᾶγκοπις
966 5759 1122 5832 Celso
1149 5760 1337 5832 onimw
1368 5761 1583 5832 defectio
1624 5762 1834 5820 dicitur.
1871 5766 2139 5822 BOLLAND.

646 5826 664 5865 ί
696 5826 880 5893 Guss.,
915 5829 1082 5884 flendo
1111 5829 1248 5883 visus
1275 5837 1382 5894 est;
1413 5826 1694 5890 manifesto
1721 5850 1925 5892 errore.

2171 3235 2219 3298 C

2233 576 2390 618 meus
2431 563 2800 633 occupationis
2846 577 2956 619 suae
3009 563 3250 636 pulsatus
3301 563 3544 627 vulnere,
3584 559 3833 615 meminit

2234 652 2407 724 qualis
2437 652 2726 720 aliquando
2755 652 2808 710 in
2849 653 3180 708 monasterio
3209 651 3331 720 fuit,
3361 649 3637 720 quomodo
3663 649 3714 704 ei
3746 646 3828 704 la-

2232 740 2417 798 bentia
2447 750 2638 798 cuncta
2666 743 2852 798 subter
2878 752 3033 798 erant
3053 760 3067 810 ;
3091 751 3350 812 quantum
3376 741 3540 798 rebus
3563 755 3686 810 qum
3712 741 3832 796 vol—

2233 844 2432 890 vuntur
2472 836 2770 903 eminebat;
2814 838 2956 906 quod
2997 837 3144 892 nulla
3189 837 3289 891 nisi
3319 836 3557 892 ctelestia
3587 835 3832 908 cogitare

2236 937 2621 994 consueverat;
2652 929 2794 999 quod
2826 931 2988 984 etiam
3010 939 3250 987 retentus
3281 945 3536 1000 corpore,
3573 929 3687 1000 ipsa
3714 929 3827 999 jam

2236 1022 2414 1076 carnis
2451 1021 2682 1078 claustra
2709 1022 3162 1093 contemplatione
3193 1022 3482 1088 transibat;
3514 1022 3660 1091 quod
3684 1036 3834 1076 mor-

2237 1119 2348 1167 tem
2375 1128 2613 1182 quoque,
2650 1127 2771 1182 qua)
2815 1129 2950 1179 pene
2986 1114 3192 1170 cunctis
3237 1129 3395 1184 poena
3440 1122 3540 1176 est,
3581 1112 3835 1166 videlicet

2237 1214 2298 1260 ut
2327 1197 2622 1274 ingressum
2653 1206 2795 1272 vitae,
2828 1213 2885 1260 et
2911 1205 3110 1261 laboris
3149 1207 3228 1261 sui
3269 1207 3547 1277 prmmium
3593 1205 3828 1258 amabat.

2239 1296 2311 1351 At
2340 1312 2480 1354 nunc
2527 1312 2594 1352 ex
2639 1297 2925 1352 occasione
2975 1313 3117 1354 cura:
3156 1298 3460 1368 pastoralis.
3494 1296 3832 1354 saecularium

2239 1388 2517 1445 hominum
2565 1390 2780 1458 negotia
2836 1389 3066 1460 patitur;
3122 1399 3180 1444 et
3227 1399 3352 1460 post
3406 1398 3513 1443 tam
3551 1389 3832 1456 pulchram

2241 1482 2437 1553 quietis
2475 1497 2584 1538 sure
2631 1483 2893 1553 speciem,
2947 1484 3146 1538 terreni
3196 1492 3346 1536 actus
3399 1482 3621 1552 pulvere
3663 1479 3834 1535 foeda-

2241 1581 2350 1626 tur.
2403 1570 2683 1641 Perpendo
2715 1574 2895 1642 itaque
2945 1574 3088 1642 quod
3129 1575 3334 1643 tolero,
3367 1573 3646 1645 perpendo
3690 1570 3835 1642 quod

2242 1663 2417 1718 amisi.
2448 1663 2688 1732 Cumque
2734 1665 2950 1720 intueor
2996 1665 3125 1718 illud
3167 1665 3312 1732 quod
3362 1664 3589 1733 perdidi,
3632 1661 3689 1716 ﬁt
3729 1662 3836 1716 hoc

2244 1757 2458 1825 gravius
2485 1758 2628 1825 quod
2669 1766 2846 1826 porto.
2895 1757 3034 1812 Ecce
3064 1759 3260 1812 etenim
3310 1772 3451 1812 nunc
3493 1755 3670 1823 magni
3721 1769 3834 1808 ma-

2367 1852 2618 1908 fluctihus
2663 1853 2903 1922 quatior,
2954 1863 3116 1924 atque
3169 1853 3221 1907 in
3282 1853 3401 1907 navi
3455 1851 3650 1908 mentis
3698 1860 3835 1905 tem-

2241 1944 2466 2014 pestatis
2508 1944 2696 1998 validae
2745 1945 2995 2014 procellis
3026 1944 3218 2008 illidor,
3262 1954 3317 1998 et
3365 1960 3487 1998 cum
3532 1942 3727 2014 prioris
3756 1943 3836 1996 vi-

2243 2043 2313 2088 tae
2361 2035 2562 2101 recolo,
2612 2036 2764 2104 quasi
2806 2044 2930 2105 post
2968 2044 3176 2106 tergum
3215 2036 3452 2090 reductis
3489 2035 3677 2099 oculis,
3717 2034 3836 2087 viso

2241 2123 2424 2180 littore
2473 2127 2716 2196 suspiro;
2763 2127 3010 2195 quodque
3059 2127 3232 2181 adhuc
3285 2126 3504 2194 gravius
3551 2131 3662 2190 est,
3706 2122 3834 2176 dum

2244 2217 2519 2272 immensis
2557 2216 2806 2276 fluctibus
2855 2218 3101 2274 turbatus
3140 2218 3314 2284 furor,
3365 2217 3452 2272 vix
3479 2215 3590 2286 jam
3619 2224 3835 2287 portum

2245 2307 2403 2362 valeo
2436 2308 2619 2362 videre
2663 2323 2821 2377 quem
2875 2298 3088 2378 reliqui.
3132 2331 3150 2358 ›
3196 2307 3323 2363 Haec
3365 2316 3546 2364 autem
3599 2308 3714 2376 ipse
3769 2306 3838 2362 de

2243 2413 2322 2462 se,
2353 2414 2460 2454 non
2491 2399 2791 2469 profectum
2825 2399 3083 2468 iactando
3123 2401 3401 2464 virtutum,
3445 2399 3539 2455 sed
3587 2398 3838 2453 deflendo

2245 2491 2428 2560 potius
2449 2489 2752 2560 defectum,
2794 2491 2999 2546 referre
3027 2499 3406 2560 consueverat,
3440 2506 3598 2562 quem
3622 2506 3838 2560 semper

2247 2598 2307 2638 se
2335 2598 2431 2653 per
2459 2583 2784 2656 pastoralem
2835 2599 3020 2639 curam
3063 2585 3354 2640 incurrisse
3401 2583 3694 2642 metuebat.
3729 2581 3837 2638 Sed

2247 2677 2493 2744 quamvis
2525 2676 2648 2730 talia
2678 2676 2744 2730 de
2770 2691 2829 2732 se
2860 2691 2924 2731 ex
2956 2691 3160 2745 magnas
3188 2676 3505 2730 humilitatis
3535 2675 3840 2729 intentione

2249 2769 2468 2835 dixerit,
2509 2785 2607 2824 nos
2628 2777 2807 2825 tamen
2829 2769 3052 2826 credere
3081 2770 3235 2825 decet
3264 2769 3396 2824 nihil
3417 2784 3540 2823 cum
3573 2767 3836 2822 monasti-

2250 2877 2326 2916 cae
2355 2860 2697 2931 perfectionis
2726 2862 3022 2933 perdidisse
3047 2861 3330 2917 occasione
3357 2875 3500 2916 cura:
3528 2858 3836 2931 pastoralis,

2250 2952 2361 3008 imo
2384 2953 2650 3022 potiorem
2698 2961 2826 3010 tunc
2873 2955 3163 3024 sumpsisse
3207 2952 3507 3024 profectum
3548 2952 3614 3006 de
3651 2952 3838 3006 labore

2251 3045 2622 3101 conversionis
2660 3045 2949 3099 multorum
2968 3089 2980 3112 ,
3024 3059 3184 3112 quam
3213 3044 3280 3099 de
3309 3042 3540 3114 propria:
3567 3041 3837 3112 quondam

2252 3136 2435 3204 quiete
2455 3135 2881 3190 conversationis
2894 3124 3162 3190 habuerit.

2325 3237 2376 3291 7.
2409 3236 2514 3294 Sed
2535 3236 2763 3305 qualiter
2787 3236 2876 3292 hic
2904 3244 3120 3291 sanctus
3148 3235 3231 3289 vir
3271 3235 3339 3289 ad
3375 3234 3690 3289 diaconatus
3717 3227 3840 3287 offi-

2251 3328 2414 3393 cium,
2443 3336 2498 3382 et
2525 3327 2733 3398 postad
2757 3327 3101 3398 pontificatus
3129 3325 3342 3381 culmen
3371 3325 3694 3389 ascenderit,
3717 3325 3838 3378 sub-

2247 3433 2479 3488 sequens
2507 3434 2685 3478 sermo
2715 3418 3028 3476 declarabit.
3051 3418 3289 3488 Denique
3312 3433 3538 3474 cerneus
3560 3416 3846 3476 [tertianus

2249 3509 2510 3580 pontifex,
2537 3510 2628 3579 qui
2660 3519 2788 3565 tunc
2818 3509 3069 3564 Ecclesia:
3092 3519 3341 3579 praeerat,
3371 3510 3628 3563 virtutum
3657 3506 3839 3576 gradi-

2247 3595 2351 3660 bus'
2369 3598 2683 3670 Gregorium
2711 3600 2778 3655 ad
2808 3602 2914 3655 alta
2937 3602 3324 3667 conscendere,
3355 3617 3476 3655 eum
3507 3616 3536 3654 a
3558 3608 3839 3655 monaste-

2248 3690 2331 3746 rio
2354 3678 2702 3755 abstractum,
2743 3693 3088 3748 ecclesiastici
3121 3692 3322 3748 ordinis
3351 3693 3530 3748 officio
3571 3695 3840 3754 sublima-

2247 3781 2352 3849 vit,
2398 3792 2423 3830 κ
2470 3782 2792 3856 levitamque
2842 3784 3128 3853 septimum
3177 3783 3244 3838 ad
3299 3800 3453 3840 suum
3509 3785 3835 3855 adjutorium

2249 3875 2472 3942 ascivit;
2496 3892 2596 3932 nec
2616 3878 2784 3934 multo
2806 3886 2927 3948 post
2957 3892 3053 3947 pro
3077 3879 3347 3948 responsis
3368 3880 3747 3938 ecclesiasticis
3769 3885 3839 3940 ad

2250 3969 2437 4023 urbem
2465 3968 2986 4040 ConstantinOpolim
3005 3970 3028 4008 δ
3057 3972 3458 4041 apocrisiarium
3489 3973 3701 4031 direxit.
3725 3975 3839 4031 Nec

2251 4071 2433 4122 tamen
2458 4063 2566 4129 ille,
2599 4064 2842 4130 quamvis
2864 4064 2915 4118 in
2941 4072 3157 4118 terreno
3179 4076 3588 4120 conversaretur
3612 4069 3835 4136 palatio,

2250 4155 2375 4210 vitae
2426 4156 2660 4214 caelestis
2716 4156 3003 4210 intermisit
3059 4157 3413 4225 propositum.
3483 4158 3663 4212 Secuti
3708 4168 3834 4213 sunt

2252 4261 2487 4316 namque
2515 4262 2636 4301 eum
2663 4247 2812 4301 multi
2849 4263 2912 4301 ex
2933 4249 3262 4302 monasterio
3291 4247 3484 4302 lintres
3510 4249 3610 4314 sui,
3633 4263 3838 4317 germa-

2251 4355 2320 4394 na
2350 4340 2582 4395 devincti
2610 4340 2894 4394 charitate.
2926 4339 3080 4404 Quod
3109 4341 3285 4393 divina
3327 4340 3524 4395 factum
3555 4342 3838 4409 dispensa-

2250 4432 2398 4487 tione
2425 4432 2780 4501 conspicitur;
2814 4441 2871 4485 ut
2915 4446 3102 4486 eorum
3141 4432 3389 4486 videlicet
3433 4433 3716 4502 exemplo,
3764 4433 3837 4489 ad

2255 4524 2512 4578 orationis
2544 4524 2807 4595 placidum
2839 4523 3006 4592 littus,
3047 4523 3239 4593 iquasi
3289 4525 3534 4582 anchoras
3576 4523 3700 4578 fune
3745 4540 3838 4580 re-

2173 4608 2229 4670 D
2253 4617 2641 4685 stringeretur;
2676 4627 2729 4669 et
2757 4615 2882 4670 dum
2917 4633 3198 4671 causarum
3227 4617 3564 4672 saecularium
3593 4620 3834 4675 incessa-

2251 4709 2342 4763 bili
2375 4709 2527 4779 pulsu
2555 4707 2860 4773 ﬂuctuaret,
2888 4708 2953 4761 ad
2984 4709 3194 4762 illorum
3217 4711 3545 4766 consortium
3576 4711 3726 4766 velut
3755 4720 3838 4765 tu-

2250 4799 2439 4860 tissimi
2475 4807 2659 4870 portus
2688 4799 2886 4865 sinum,
2917 4799 2971 4870 4
3001 4810 3121 4868 post
3147 4801 3344 4855 terreni
3384 4809 3533 4855 actus
3565 4802 3837 4857 volumina

2254 4886 2554 4954 ﬂuctusque
2583 4889 2867 4958 refugeret.
2903 4888 2968 4942 Et
2997 4890 3120 4944 licet
3150 4892 3276 4944 illud
3315 4907 3436 4946 eum
3477 4892 3834 4950 ministerium

2256 4995 2320 5034 ex
2373 4981 2704 5036 monasterio
2762 4981 3093 5036 abstractum
3150 4997 3180 5036 a
3230 4983 3465 5054 pristinis
3494 4984 3692 5052 quietis
3722 4986 3831 5042 vita

2328 5152 2353 5188 α
2385 5142 2648 5212 Diaconos
2677 5150 2881 5212 septem
2921 5142 3109 5197 solitos
3140 5141 3326 5212 adesse
3355 5140 3596 5211 pontiﬁci
3622 5141 3837 5212 scripsit

2254 5221 2471 5271 sanctus
2492 5211 2772 5268 Cornelius
2801 5229 2954 5284 papa,
2989 5221 3176 5284 contra
3218 5211 3502 5277 Novatum,
3541 5211 3683 5284 apud
3725 5211 3834 5268 Eu-

2253 5284 2388 5347 scb.,
2425 5284 2459 5337 l.
2489 5299 2539 5338 Vl
2565 5285 2690 5339 hist.
2723 5281 2890 5350 Ecclf,
2921 5300 2965 5338 c.
2996 5281 3083 5336 55.

2329 5353 2352 5389 ¹ι
2389 5354 2460 5407 De
2492 5355 2591 5409 hac
2643 5370 2772 5410 voce
2821 5354 3044 5408 consule
3095 5360 3280 5406 notam
3333 5354 3543 5408 tertiam
3583 5352 3651 5406 ad
3681 5353 3870 5422 epist..

2253 5423 2403 5478 libris
2430 5424 2980 5488 Moral.pnemissam,
3003 5423 3173 5477 cnlJ.
3203 5423 3276 5476 Ex
3302 5423 3509 5478 Joanne
3541 5424 3708 5489 Diac.,
3738 5425 3773 5477 Ι.
3801 5439 3838 5488 1,

2248 5510 2296 5549 c.
2331 5495 2418 5560 25,
2446 5495 2759 5550 Benedictus
2797 5511 2930 5562 papa
2961 5493 3275 5560 Gregorium
3309 5496 3592 5548 diaconum
3613 5495 3840 5562 creavit,

2249 5565 2497 5635 Pelagius
2523 5583 2653 5619 vero
2683 5565 3082 5634 apocrisiariutn
3109 5566 3268 5618 misit.
3307 5565 3378 5619 De
3404 5566 3503 5617 hac
3527 5562 3844 5635 diﬂicultate

2248 5638 2374 5705 quid
2399 5634 2726 5702 rscntiamus,
2758 5638 3057 5704 aperictnus
3099 5636 3151 5687 in
3189 5635 3301 5689 Vita
3356 5637 3525 5688 sancti
3572 5634 3838 5699 Gregorii.

2327 5709 2338 5748 ί
2379 5708 2557 5770 Cuss.,
2587 5708 2795 5773 vitiose,
2823 5707 2970 5775 quasi
3000 5707 3248 5760 anc/toro.
3284 5706 3450 5761 Porro
3479 5707 3591 5760 haec
3620 5705 3838 5760 desum-

2248 5787 2339 5848 pta
2366 5788 2490 5836 sunt
2517 5794 2581 5832 ex
2612 5775 2780 5846 Epist.
2807 5775 2873 5830 ad
2903 5776 3202 5834 Leandrum
3227 5778 3414 5834 Moral.
3447 5776 3668 5848 pnevia.
