4118 6444
282 363 357 422 Β
994 365 1053 422 Β.
1090 366 1425 426 GREGORII
1463 368 1682 427 MAGNI
1727 368 1910 439 νιτΑ,
1950 370 2279 430 AUCTOR!
2315 374 2542 435 PAULO
2578 376 2887 435 DIAGONO,
3488 388 3563 443 so

284 492 545 537 mucrone
595 492 708 535 suae
749 482 1120 552 occupationis
1163 486 1519 554 exstinxerit,
1551 495 1575 525 ι
1612 486 1754 542 inter
1778 501 1875 543 eos
1909 488 1957 550 Α
1981 504 2075 544 ros
2098 492 2248 547 urbis
2274 492 2542 562 inﬂueret,
2566 504 2729 566 atque
2756 498 2811 553 in
2840 512 2905 553 ea
2933 498 3221 554 maximam
3238 507 3448 571 partem
3473 521 3562 562 re-

289 582 469 628 tamen
492 585 593 643 per
634 573 888 629 studiosae
914 575 1165 633 lectionis
1207 579 1498 648 alloquium
1544 580 1871 647 quotidianae

286 663 542 734 aspiratio
571 666 1003 734 compunctionis
1029 668 1319 723 animabat.
1347 668 1548 724 Horum
1578 684 1706 738 ergo
1734 688 1870 727 con-

282 760 456 810 sortio
485 770 592 810 non
628 756 803 811 solum
835 771 866 811 a
890 759 1119 812 terrenis
1160 767 1244 814 est
1282 760 1518 815 munitus
1545 762 1866 829 incursibus,

282 867 470 906 verum
498 851 665 906 etiam
693 852 762 907 ad
785 853 1023 911 caelestis
1041 854 1163 908 vitae
1188 854 1445 909 exercitia
1480 856 1651 923 magis
1676 857 1874 925 magis-

281 959 391 1013 que
416 959 731 999 succensus.

354 1034 410 1089 8.
439 1034 591 1090 Tunc
619 1036 688 1090 ab
710 1035 912 1091 eisdem
936 1033 1186 1109 fratribus
1214 1037 1448 1093 obnoxie
1472 1046 1709 1108 rogatus,
1750 1054 1872 1094 ma-

283 1126 535 1194 ximeque
590 1141 621 1182 a
650 1125 676 1169 δ
714 1126 980 1194 Leandro,
1034 1129 1325 1184 venerabili
1379 1132 1516 1199 viro,
1569 1131 1872 1202 Hispalensi

282 1218 563 1286 episcopo,
607 1217 699 1286 qui
744 1234 842 1288 pro
875 1219 1050 1288 causis
1104 1219 1501 1288 Visigotborum
1553 1222 1758 1290 legatus
1803 1237 1872 1279 eo

285 1316 530 1378 tempore
551 1307 1075 1379 Constantinopolim
1106 1310 1420 1377 advenerat,
1454 1313 1763 1381 Compulsus
1785 1320 1874 1368 est

282 1407 343 1452 ut
367 1400 560 1454 librum
581 1399 725 1454 beati
743 1399 844 1455 Job
873 1400 1056 1455 multis
1091 1400 1394 1455 involutum
1420 1402 1699 1472 mysteriis
1728 1417 1867 1456 eno-

282 1493 458 1547 daret.
491 1490 600 1547 Nec
624 1493 715 1547 ille
742 1507 940 1562 negare
964 1493 1139 1563 potuit
1163 1508 1315 1563 opus,
1347 1495 1492 1563 quod
1512 1496 1613 1550 sibi
1635 1496 1873 1551 Charita-

282 1594 339 1638 te
360 1584 773 1652 interveniente,
805 1600 958 1639 amor
986 1585 1257 1641 fraternus
1300 1586 1487 1642 multis
1528 1588 1661 1642 utile
1690 1589 1870 1659 impo-

282 1673 449 1727 nebat
470 1673 730 1728 futurum.
766 1673 872 1729 Sed
902 1674 1153 1730 eumdem
1194 1676 1387 1730 librum
1418 1678 1692 1745 quomodo
1716 1678 1870 1747 juxta

282 1765 519 1820 litteram
549 1766 957 1835 intelligendus,
1003 1768 1237 1837 qualiter
1262 1770 1331 1823 ad
1360 1768 1561 1825 Christi
1600 1773 1870 1828 ecclesiae-

1976 584 2153 653 gionis
2178 596 2486 656 occuparet,
2519 589 2593 643 ita
2638 599 2696 643 ut
2740 592 2968 659 plurima
2998 594 3334 663 antiquarunt
3363 597 3577 656 mdium-

1978 677 2176 729 mcenia
2205 676 2479 746 dejiceret.
2513 678 2626 744 Qua
2656 680 2817 734 etiam
2840 699 3094 750 aquarum
3124 687 3396 755 violentia,
3428 691 3581 748 honr

1975 784 2070 823 rea
2101 770 2352 826 Ecclesia:
2397 772 2650 827 subversa
2678 783 2823 838 sunt,
2855 777 2908 828 in
2939 779 3132 844 quibus
3158 782 3413 837 nonnulla
3441 799 3563 840 mo-

1975 860 2188 915 diorum
2219 863 2384 917 tritici
2418 864 2582 917 millia
2613 865 2910 933 perierunt.
2940 866 3090 922 Tunc
3129 871 3388 940 siquidem
3415 876 3557 929 mul-

1978 952 2152 1006 titudo
2177 954 2530 1023 serpentium,
2553 970 2675 1009 cum
2700 970 2895 1024 magno
2926 959 2976 1028 5
3006 961 3235 1015 dracone
3256 964 3308 1016 in
3339 965 3557 1020 modum

1978 1044 2149 1099 trabis
2169 1045 2357 1100 validae
2378 1061 2475 1115 per
2503 1046 2660 1115 hujus
2706 1046 2942 1102 fluminis
2969 1048 3176 1103 alveum
3206 1052 3259 1106 in
3288 1070 3437 1108 mare
3466 1056 3560 1110 de-

1974 1134 2219 1200 scendit;
2251 1134 2347 1190 sed
2377 1135 2650 1191 suffocatus
2678 1138 2863 1192 bestiae
2893 1139 3033 1193 inter
3058 1140 3227 1195 salsos
3254 1146 3415 1199 maris
3443 1150 3556 1200 tur-

1976 1225 2088 1279 bidi
2110 1226 2301 1281 ﬂuctus
2321 1227 2373 1281 in
2395 1228 2577 1283 littore
2606 1229 2791 1298 ejecta:
2810 1238 2954 1284 sunt.
2982 1231 3278 1285 Subsecuta
3306 1243 3437 1289 este
3466 1252 3559 1291 ve-

1975 1318 2137 1385 stigio
2166 1317 2369 1386 clades,
2392 1335 2551 1389 quam
2578 1321 2931 1388 inguinariam
2957 1332 3179 1388 vocant;
3217 1340 3340 1378 nam
3380 1326 3557 1381 medio

1977 1423 2164 1465 mense
2193 1409 2480 1466 undecimo
2508 1411 2799 1467 adveniens
2852 1413 3084 1482 primum
3131 1414 3368 1468 omnium
3405 1415 3557 1482 juxta

1975 1500 2111 1554 illud
2157 1501 2301 1569 quod
2329 1502 2382 1555 in
2424 1500 2701 1557 Ezechiele
2750 1504 2989 1571 legitur:
3024 1522 3057 1557 a
3097 1508 3394 1559 sanctuario
3444 1521 3559 1559 meo

1972 1592 2205 1662 incipite,
2226 1591 2497 1661 Pelagium
2523 1608 2719 1663 papam
2750 1596 2995 1663 perculit,
3028 1603 3083 1651 et
3106 1595 3121 1633 ῖ
3149 1596 3264 1650 sine
3285 1612 3435 1650 mora
3465 1612 3560 1651 ex-

1976 1682 2180 1736 stinxit.
2208 1682 2327 1748 Quo
2355 1684 2613 1739 defuncto
2644 1694 2790 1739 tanta
2816 1696 3020 1754 strages
3066 1688 3252 1757 populi
3282 1687 3424 1743 facta
3453 1695 3557 1757 est,

1976 1782 2036 1827 ut
2082 1774 2277 1843 passim
2316 1775 2603 1829 subtractis
2645 1775 3060 1847 habitatoribus,
3103 1778 3295 1833 domus
3342 1780 3394 1833 in
3426 1780 3561 1836 urbe

282 1872 390 1926 que
416 1867 753 1913 sacramenta
784 1858 1118 1925 referendus,
1145 1874 1255 1928 quo
1285 1876 1445 1918 sensu
1473 1863 1763 1934 unicuique
1806 1865 1873 1917 Ιί-
1902 1859 1953 1921 Β
1976 1865 2221 1934 plurima:
2245 1880 2427 1920 vacua:
2451 1876 2813 1922 remanerent.
2832 1867 2937 1922 Sed
2959 1871 3083 1936 quia
3105 1868 3338 1924 Ecclesia
3364 1870 3458 1925 Dei
3480 1871 3558 1925 si-

282 1950 485 2017 delium
509 1951 580 2007 sit
604 1951 888 2022 aptandus,
909 1968 1010 2022 per
1028 1954 1484 2025 trigintaquinque
1506 1958 1763 2014 librorum
1785 1975 1871 2014 se-

283 2044 424 2099 riem
454 2044 695 2099 miranda
721 2045 933 2100 ratione
969 2046 1269 2115 perdocuit.
1304 2048 1362 2101 In
1394 2049 1588 2118 quibus
1615 2050 1766 2108 libris
1794 2053 1870 2107 ita

279 2135 354 2191 de
390 2135 675 2193 virtutibus
701 2136 956 2206 vitiisque
981 2137 1254 2203 disseruit,
1295 2149 1356 2193 ut
1401 2156 1507 2195 non
1534 2142 1661 2197 solis
1686 2144 1872 2198 videa-

280 2236 374 2281 tur
401 2226 590 2281 eadem
615 2226 793 2282 verbis
836 2243 1127 2298 exponere,
1162 2230 1255 2284 sed
1285 2230 1471 2285 formis
1500 2233 1677 2301 aliquo
1706 2235 1869 2291 modo
1920 2258 1923 2261 ·

284 2317 581 2375 visibilibus
608 2318 997 2375 demonstrare.
1032 2318 1186 2376 Unde
1230 2336 1339 2375 non
1387 2330 1469 2377 est
1497 2324 1716 2379 dubium
1742 2340 1867 2381 eum

282 2407 671 2479 perfectionem
698 2410 936 2479 ipsarum
960 2417 1267 2466 assecutum
1297 2425 1417 2467 esse
1436 2413 1711 2480 virtutum,
1735 2429 1869 2485 qua-

281 2516 399 2557 rum
431 2509 538 2557 tam
566 2499 857 2557 eﬂicaciter
885 2501 1135 2558 intimare
1154 2501 1325 2557 valuit
1354 2504 1625 2560 effectum.
1756 2502 1767 2510 ’

355 2613 410 2668 9.
441 2613 543 2679 Qui
566 2629 685 2668 cum
716 2613 892 2670 adhuc
918 2623 1061 2670 esset
1087 2616 1140 2670 in
1163 2616 1353 2672 eadem
1382 2619 1531 2687 regia
1560 2620 1694 2676 urbe
1721 2622 1869 2691 posi-

282 2713 390 2772 tus,
417 2714 723 2761 nascentem
746 2706 821 2760 ibi
850 2721 1043 2761 novam
1074 2708 1321 2763 hzeresim
1343 2708 1410 2763 de
1436 2718 1579 2764 statu
1600 2726 1869 2769 resurrec-

280 2796 469 2864 tionis,
506 2796 560 2850 in
584 2797 700 2866 ipso
740 2811 848 2865 quo
895 2804 1087 2852 exorta
1124 2806 1206 2852 est
1234 2799 1405 2865 initio,
1445 2800 1666 2867 juvante
1694 2804 1869 2870 gratia

280 2889 563 2949 catholicae
612 2889 873 2954 veritatis,
925 2890 1148 2944 attrivit.
1200 2891 1474 2961 Siquidem
1504 2904 1525 2931 ο
1557 2893 1868 2965 Eutycliius,

282 2982 524 3050 ejusdem
550 2982 695 3037 urbis
722 2983 1021 3053 episcopus,
1048 2998 1243 3053 corpus
1265 2994 1510 3041 nostrum
1540 2987 1870 3057 dogmatiza-

283 3074 377 3127 bat
428 3073 481 3127 in
532 3074 621 3128 illa
665 3076 1074 3130 resurrectionis
1103 3075 1271 3145 gloria
1302 3077 1665 3148 impalpabile,
1696 3082 1869 3139 ventis

282 3183 519 3238 aereque
559 3169 807 3225 subtilius
849 3186 968 3225 esse
1012 3171 1270 3227 futurum.
1304 3172 1457 3239 Quod
1488 3175 1577 3230 ille
1621 3178 1863 3246 audiens,
1897 3219 1943 3279 ⁸.,

285 3260 562 3283 “mg---
592 3262 909 3283 _--_:.-.:--.
945 3265 1179 3283 -__¢_,-._
1227 3266 1240 3283 .
1342 3266 1353 3278 .
1399 3267 1410 3279 .
1477 3282 1481 3283 ,
1767 3272 1799 3283 Α.
1923 3259 1943 3283 ι

282 3266 338 3312 et
359 3260 565 3314 ratione
592 3262 839 3316 veritatis
861 3271 915 3316 et
938 3265 1189 3334 exemplo
1209 3266 1493 3322 dominica:
1514 3272 1868 3327 resurrectio-

284 3352 385 3416 nis,
417 3352 665 3421 probavit
694 3354 797 3408 boc
830 3354 1020 3424 dogma
1048 3356 1368 3412 orthodoxae
1392 3356 1513 3413 ﬁdei
1544 3362 1865 3418 omnimodis

281 3456 406 3495 esse
434 3443 781 3496 contrarium.
827 3442 1103 3501 Catholica
1148 3448 1348 3502 etenim
1377 3448 1510 3505 ﬁdes
1540 3452 1699 3505 habet
1722 3453 1868 3523 quod

284 3533 459 3601 ipsum
487 3547 681 3602 corpus
724 3544 965 3589 nostrum
1015 3538 1067 3591 in
1111 3538 1201 3593 illa
1253 3540 1669 3597 immortalitatis
1696 3544 1867 3613 gloria

280 3625 644 3691 sublimatum,
679 3627 874 3683 subtile
903 3630 1119 3698 quidem
1147 3632 1215 3687 sit
1240 3648 1336 3702 per
1359 3633 1607 3690 effectum
1625 3635 1870 3705 spiritua-

280 3714 348 3769 lis
387 3717 659 3785 potentiae,
711 3717 803 3772 sed
859 3718 1129 3789 palpabile
1181 3736 1279 3791 per
1321 3723 1601 3778 veritatem
1644 3734 1864 3790 naturae,

277 3805 429 3876 juxta
460 3808 767 3875 exemplum
797 3808 1051 3865 dominici
1076 3813 1338 3882 corporis,
1371 3812 1438 3867 de
1458 3829 1565 3883 quo
1587 3828 1615 3866 a
1638 3814 1868 3869 mortuis

276 3899 545 3952 suscitato
568 3896 704 3950 dixit
733 3898 847 3966 ipse
869 3884 1143 3968 discipulis
1169 3919 1181 3954 :
1215 3900 1438 3971 Palpate
1460 3910 1508 3956 et
1536 3903 1718 3966 videte,
1746 3902 1869 3974 quia

278 3976 494 4059 spiritus
517 4003 724 4042 carnem
754 3995 804 4042 et
837 4004 953 4043 ossa
980 4005 1084 4044 non
1115 3991 1283 4055 habet,
1311 3992 1443 4046 sicut
1467 4009 1547 4046 me
1561 3993 1739 4047 videtis
1770 3994 1868 4047 Ita-

279 4084 399 4136 bere
424 4080 575 4150 (°Luc.
609 4097 755 4145 xxiv,
781 4081 896 4150 '59).
926 4082 984 4137 In
1008 4082 1159 4153 cujus
1181 4084 1478 4139 assertione
1506 4082 1625 4140 ﬁdei
1644 4100 1871 4141 venera-

278 4171 403 4225 bilis
451 4170 610 4225 Pater
636 4171 925 4240 Gregorius
977 4173 1030 4227 in
1079 4182 1284 4229 tantum
1341 4183 1529 4231 contra
1556 4186 1868 4232 nascentem

280 4264 526 4319 hmresim
556 4264 807 4320 laborare
832 4266 1128 4331 contendit,
1156 4277 1302 4324 tanta
1335 4268 1473 4324 hanc
1500 4269 1755 4323 instantia
1777 4269 1868 4339 jac

281 4364 445 4411 vante
462 4357 622 4411 etiam
646 4358 889 4426 piissimo
914 4359 1241 4428 imperatore
1267 4359 1484 4416 Tiberio
1509 4360 1867 4418 Constantino

282 4448 357 4503 ita
386 4450 716 4511 comminuit,
746 4458 806 4503 ut
846 4451 1025 4506 nullus
1047 4452 1243 4507 exinde
1271 4454 1339 4507 sit
1361 4454 1609 4509 inventus
1631 4455 1720 4523 qui
1751 4454 1870 4523 ejus

281 4544 632 4602 resuscitator
660 4544 937 4599 existeret.

354 4634 441 4689 10.
495 4634 659 4703 Igitur
713 4645 999 4705 postquam
1039 4638 1267 4693 Romam
1312 4639 1651 4694 venerandus
1704 4638 1867 4694 levita

280 4726 571 4793 Gregorius
594 4741 866 4794 regressus
887 4737 987 4793 est,
1004 4729 1278 4798 aliquanto
1296 4730 1579 4800 interjecto
1602 4739 1864 4801 tempore,

280 4828 430 4874 tanta
457 4820 805 4877 inundatione
828 4821 1035 4876 Tiberis
1065 4823 1253 4879 ﬂuvius
1274 4825 1483 4879 alveum
1508 4840 1661 4879 suum
1684 4839 1867 4893 egres-

276 4928 373 4970 sus
391 4921 496 4981 est,
519 4910 541 4947 ἀ
567 4922 878 4983 tantumque
905 4917 1162 4983 excrevit,
1194 4924 1251 4971 ut
1279 4917 1394 4985 ejus
1420 4917 1558 4971 unda
1584 4926 1606 4955 ε
1628 4932 1723 4987 per
1742 4932 1864 4972 mu-

352 5103 377 5131 ι
408 5093 611 5159 Mabil.,
645 5095 784 5148 intus
814 5102 981 5146 tamen
1007 5109 1111 5147 eos.
1138 5091 1295 5148 Guss.
1343 5102 1398 5147 et
1439 5091 1699 5149 Bollando
1728 5108 1864 5162 quos

275 5166 553 5234 sequimur
578 5166 730 5234 praeit
760 5164 914 5218 Bccc.
1074 5182 1077 5183 '
1350 5232 1360 5242 _

351 5237 378 5275 ι»
412 5236 484 5290 De
512 5235 753 5289 Leandro
782 5235 901 5287 vide
929 5248 1047 5301 qua:
1078 5233 1310 5285 diximus
1349 5248 1399 5285 in
1449 5243 1573 5287 nota
1601 5236 1858 5302 secunda,

280 5306 348 5362 ad
369 5306 538 5374 Epist.
559 5306 671 5374 jam
705 5305 988 5369 laudatam,
1023 5319 1141 5371 qum
1164 5302 1442 5355 Moralium
1458 5304 1727 5374 prologus
1756 5314 1856 5359 est.

369 5324 411 5360 ιδ
454 5324 538 5360 ISt.
559 5324 671 5374 jam
705 5324 988 5369 Ialtuatam,
1023 5324 1141 5371 qua:
1164 5324 1442 5355 muralium
1512 5324 1727 5367 romgtts
1756 5324 1856 5359 eat.

356 5389 378 5417 θ
408 5324 612 5432 ἓιθτυὶι
658 5376 836 5431 multis
882 5374 1149 5429 miraculis
1204 5381 1423 5427 sanctus
1458 5324 1745 5444 Eutychus
1775 5376 1857 5437 (in

279 5446 431 5512 Mss,
466 5448 736 5515 Euticius)
766 5447 929 5501 etiam
956 5446 1025 5499 ob
1056 5444 1211 5501 [idem
1244 5444 1487 5499 exsilium
1520 5459 1723 5511 passus.
1750 5444 1857 5498 Co-

276 5518 406 5574 litur
427 5519 459 5571 6
488 5515 704 5588 Aprilis.

352 5590 377 5660 ἒ
411 5583 591 5654 Guss.,
624 5599 773 5660 atque
802 5587 928 5641 adeo
955 5587 1185 5660 invaluit.
1212 5583 1490 5660 Observat.
1526 5584 1661 5660 Boil.
1694 5584 1744 5638 id
1770 5600 1857 5638 an.

280 5659 386 5716 ωε)
415 5656 719 5727 contigisse,
752 5673 937 5720 mense
958 5656 1297 5727 Novembris,
1315 5656 1398 5709 cui
1426 5656 1761 5727 assentimur.

356 5742 381 5769 ⁸
411 5725 593 5796 ϐιωςᾷ
626 5730 710 5784 cui
740 5729 916 5784 favent
946 5728 1157 5783 Belvac.
1203 5736 1258 5781 et
1286 5726 1464 5794 Becc.,
1498 5744 1665 5796 super.
1702 5725 1857 5796 Ibitl.,

278 5803 539 5857 mimus
569 5799 804 5869 regiones
832 5808 1122 5869 occuparet,
1152 5799 1359 5855 exteris
1384 5798 1854 5867 dissentientibus;

1981 1971 2050 2010 ne
2072 1966 2287 2012 rectore
2315 1972 2436 2011 esse
2456 1973 2563 2012 non
2587 1966 2817 2028 poterat,
2844 1959 3061 2013 beatum
3085 1959 3401 2029 Gregorium
3432 1963 3560 2017 licet

1978 2048 2108 2101 totis
2136 2048 2340 2102 viribus
2360 2050 2707 2118 renitentem,
2756 2051 2907 2120 plebs
2954 2060 3132 2107 tamen
3163 2054 3336 2107 omnis
3375 2042 3556 2121 elegit.

1977 2144 2148 2212 Quem
2182 2146 2271 2200 ille
2299 2147 2508 2216 apicem
2536 2148 2794 2202 attentius
2835 2146 3022 2215 fugere
3064 2156 3298 2216 tentans,
3341 2164 3459 2203 esse
3498 2163 3560 2206 se

1978 2242 2200 2295 omnino
2230 2240 2504 2308 indignum
2534 2239 2628 2292 tali
2678 2240 2883 2293 honore
2925 2239 3262 2305 clamitabat;
3309 2239 3560 2295 videlicet

1975 2343 2225 2389 metuens
2261 2349 2331 2388 ne
2363 2333 2545 2387 mundi
2591 2332 2781 2400 gloria,
2814 2348 2975 2401 quam
3018 2333 3167 2401 prius
3195 2331 3484 2399 abjecerat,
3509 2332 3559 2388 ei

1976 2427 2077 2481 sub
2106 2425 2467 2481 ecclesiastici
2485 2425 2670 2479 colore
2698 2424 2977 2492 regiminis
3022 2424 3201 2492 aliquo
3243 2424 3401 2477 modo
3429 2424 3559 2476 sub-

1978 2532 2169 2586 repere
2193 2525 2395 2585 posset.
2432 2514 2586 2570 Unde
2624 2515 2825 2570 factum
2855 2522 2938 2569 est
2964 2521 3023 2568 ut
3052 2515 3334 2584 epistolam
3367 2514 3430 2567 ad
3462 2514 3561 2567 im-

1974 2621 2281 2683 peratorem
2306 2609 2617 2664 Mauricium
2646 2608 2923 2677 dirigeret,
2952 2608 3104 2677 cujus
3135 2605 3300 2661 filium
3328 2622 3395 2661 ex
3416 2608 3561 2661 lava-

1974 2716 2070 2756 cro
2097 2712 2285 2756 sancto
2316 2705 2647 2770 susceperat;
2671 2700 2924 2769 adjurans
2939 2708 2994 2753 et
3014 2699 3179 2752 multa
3207 2714 3367 2768 prece
3396 2698 3561 2767 depo-

1974 2810 2151 2859 scens,
2176 2810 2245 2849 ne
2275 2808 2506 2861 unquam
2533 2808 2807 2847 assensum
2836 2792 3050 2862 pOpulis
3091 2791 3374 2859 praeberet,
3405 2797 3463 2841 ut
3502 2803 3561 2845 se

1974 2884 2134 2952 hujus
2162 2883 2383 2938 honoris
2408 2882 2578 2950 gloria
2598 2882 2931 2936 sublimaret.
2963 2880 3067 2935 Sed
3090 2880 3372 2951 praefectus
3392 2879 3560 2948 urbis,

1976 2986 2003 3023 Β
2051 2975 2352 3031 Germanus
2408 2975 2653 3041 nomine,
2710 2974 2829 3044 ejus
2876 2973 3122 3029 nuntium
3195 2974 3559 3042 anticipavit:

1975 3067 2477 3138 comprehensoque
2504 3081 2570 3121 eo
2599 3081 2664 3121 ac
2705 3066 2961 3135 disruptis
3012 3064 3275 3134 epistolis,
3328 3081 3559 3121 consen-

1977 3178 2096 3218 sum
2123 3177 2281 3231 quem
2308 3160 2538 3231 populus
2568 3160 2771 3214 fecerat
2792 3160 3106 3229 imperatori
3131 3158 3345 3212 direxit.
3379 3158 3447 3212 At
3471 3158 3561 3214 ille

1974 3253 2177 3320 gratias
2206 3251 2314 3305 Deo
2346 3264 2511 3318 agens
2540 3264 2639 3319 pro
2668 3249 2902 3303 amicitia
2933 3249 3169 3316 diaconi,
3199 3264 3265 3303 eo
3305 3249 3448 3317 quod
3478 3249 3559 3304 lo-

1974 3359 2097 3398 cum
2120 3343 2171 3397 ei
2199 3340 2477 3397 deferendi
2506 3341 2726 3395 honoris
2747 3349 2805 3394 ut
2833 3340 3075 3409 cupierat
3102 3341 3413 3409 reperissct,
3435 3340 3559 3395 data

1972 3435 2121 3489 illico
2148 3433 2534 3503 praeceptione,
2564 3432 2737 3501 ipsum
2764 3431 2968 3485 institui
2999 3431 3268 3501 praecepit.

2046 3546 2131 3599 ll.
2162 3544 2187 3582 υ
2216 3546 2459 3614 Cumque
2487 3544 2541 3598 in
2567 3544 2674 3598 hoc
2702 3550 2930 3598 restaret
2958 3551 3014 3595 ut
3034 3540 3471 3607 benediceretur,
3508 3546 3560 3595 et

1974 3640 2091 3695 lues
2132 3638 2389 3708 populum
2433 3637 2757 3702 devastaret,
2805 3635 3029 3692 verbum
3087 3634 3152 3688 ad
3204 3633 3411 3704 plebem
3459 3647 3559 3703 pro

1919 3790 1921 3793 ,
1975 3730 2179 3800 agenda
2202 3729 2517 3802 poenitentia
2543 3728 2649 3783 hoc
2671 3726 2831 3781 modo
2861 3740 3085 3781 exorsus
3114 3732 3196 3779 est
3220 3740 3232 3776 :
3264 3742 3282 3774 ι
3311 3722 3560 3795 Oportet,

1974 3825 2169 3879 fratres
2196 3820 2549 3886 dilectissimi,
2574 3828 2633 3873 ut
2658 3819 2865 3886 ﬂagella
2888 3818 3001 3881 Dei,
3022 3830 3139 3889 qua:
3162 3823 3403 3869 metuere
3427 3828 3558 3869 ven-

1975 3922 2093 3968 tura
2139 3912 2438 3977 debuimus,
2489 3910 2679 3965 saltem
2726 3909 3011 3980 praesentia
3043 3917 3096 3964 et
3123 3916 3343 3977 experta
3373 3907 3559 3962 timea-

1974 4020 2115 4060 mus.
2156 4002 2540 4059 Conversionis
2587 4001 2741 4056 nobis
2791 4000 2993 4055 aditum
3040 3998 3194 4053 dolor
3238 3997 3461 4068 aperiat,
3505 4004 3558 4053 et

1973 4096 2152 4151 cordis
2174 4095 2345 4149 nostri
2368 4093 2617 4148 duritiam
2664 4093 2776 4163 ipsa
2817 4106 2977 4161 quam
3008 4091 3243 4161 patimur
3264 4106 3422 4161 poena
3446 4091 3559 4147 dis-

1974 4188 2170 4242 solvat.
2204 4183 2275 4240 Ut
2301 4185 2441 4240 enim
2466 4183 2734 4255 propheta
2766 4190 2903 4237 teste
2932 4181 3242 4251 praedictum
3274 4188 3391 4234 est:
3426 4179 3558 4235 Per-

1972 4278 2109 4333 venit
2136 4277 2341 4348 gladius
2381 4292 2539 4345 usque
2570 4274 2637 4327 ad
2667 4274 2895 4327 animam
2928 4272 3142 4343 (Jerem.
3173 4286 3245 4336 ιν,
3280 4269 3390 4339 10).
3423 4268 3559 4324 Ecce

1974 4370 2172 4435 etenim
2204 4375 2396 4423 cuncta
2426 4367 2596 4437 plebs,
2635 4365 2868 4421 caelestis
2915 4365 3007 4419 irae
3037 4378 3293 4418 mucrone
3319 4362 3557 4432 percuti-

1973 4470 2082 4527 tur,
2113 4469 2168 4514 et
2190 4458 2470 4528 repentina
2496 4457 2687 4525 singuli
2710 4454 2856 4511 caede
2877 4465 3176 4510 vastantur.
3203 4454 3312 4508 Nec
3335 4454 3556 4520 languor

1892 4584 1952 4648 D
1976 4562 2205 4608 mortem
2238 4550 2515 4620 praevenit,
2548 4548 2643 4603 sed
2673 4548 2945 4617 languoris
2974 4561 3172 4610 moras,
3205 4552 3265 4597 ut
3312 4543 3555 4608 cernitis,

1975 4658 2122 4697 mors
2152 4642 2263 4709 ipsa
2288 4638 2583 4709 praecurrit.
2617 4638 2906 4691 Percussus
2933 4637 3158 4703 quisque
3182 4642 3305 4685 ante
3328 4632 3554 4701 rapitur,

1973 4749 2133 4805 quam
2173 4733 2237 4786 ad
2270 4732 2500 4785 lamenta
2540 4729 2867 4799 paenitentia:
2912 4731 3276 4780 convertatur.
3324 4722 3557 4779 Pensatc

1972 4842 2124 4895 ergo,
2154 4824 2326 4895 qualis
2349 4824 2415 4877 ad
2439 4831 2785 4892 conspectum
2807 4818 3033 4873 districti
3062 4816 3259 4884 judicis
3287 4816 3551 4885 pervenit,

1970 4917 2055 4972 cui
2096 4930 2204 4969 non
2248 4921 2402 4968 vacat
2442 4912 2570 4966 flere
2609 4909 2753 4977 quod
2797 4907 2940 4961 fecit.
2982 4906 3321 4960 Ilabitatores
3357 4905 3556 4974 quique

1975 5108 2031 5153 et
2060 5104 2388 5153 monumenta
2418 5109 2517 5163 pro
2545 5092 2750 5146 moenia.
2776 5090 2905 5156 Quae
2936 5088 3217 5143 narratliic
3245 5085 3462 5153 Paulus,
3488 5100 3555 5141 ex

1974 5168 2132 5233 Grcg.
2168 5167 2294 5220 Tur.
2324 5167 2356 5218 Ι.
2390 5181 2442 5227 x,
2471 5180 2519 5237 c.
2548 5163 3101 5237 l_,_£lcscripta_sunt._q
3140 5228 3151 5237 _
3278 5225 3315 5237 ι
3353 5226 3366 5237 ¹
3444 5226 3453 5237 _

2048 5225 2351 5292 f‘Januario
2398 5225 2522 5288 anni
2580 5231 2699 5293 59H,
2737 5225 2877 5286 ac'w
2905 5230 3026 5283 ldus
3062 5228 3242 5289 Fcbr.,
3276 5225 3548 5293 Pelagium

1970 5318 2240 5363 mortuum
2268 5321 2387 5360 esse
2416 5305 2577 5357 tradit
2599 5302 2930 5357 Anastasius.
2956 5300 3224 5352 BOLLAND.

2043 5390 2067 5425 ες
2097 5380 2206 5432 lino
2229 5376 2453 5431 fortasse
2490 5374 2787 5447 Germanus
2814 5370 3071 5447 sanguine
3100 5368 3369 5447 fraterque
3407 5363 3539 5447 ‘G‘rc'

1970 5449 2123 5520 gorii,
2142 5464 2298 5517 quem
2324 5447 2537 5520 fratrem
2556 5445 2806 5520 hahhuisse
2831 5434 3173 5520 probavimus
3195 5440 3245 5490 in
3270 5434 3551 5520 ejus

1966 5509 2004 5575 iv.
2038 5539 2075 5583 ι,
2110 5509 2172 5573 ἐξ
2194 5520 2241 5583 l,
2278 5536 2330 5571 ιι.
2366 5516 2415 5569 5.
2446 5516 2618 5569 Locus
2644 5512 2802 5582 Greg.
2832 5509 2959 5565 Tur.
2982 5509 3121 5563 unde
3160 5510 3272 5562 haec
3316 5510 3549 5571 sumpta,

1965 5600 2045 5646 est
2074 5591 2369 5655 ambiguus.

2040 5661 2063 5698 ¹¹
2307 5675 2517 5728 antique
2546 5665 2743 5728 tempus
2774 5656 3032 5715 instaret;
3070 5657 3122 5702 et
3152 5646 3214 5698 ad
3249 5658 3443 5711 marg,
3475 5642 3547 5698 al.

1968 5743 2203 5799 restaret,
2236 5747 2299 5785 ex
2327 5746 2472 5784 mera
2502 5727 2829 5794 conjectura.
