4118 6458
553 370 641 430 ιτ
1258 363 1316 421 S.
1359 357 1692 420 GREGORII
1728 355 1943 417 MAGNI
1982 353 2168 423 VITA,
2211 350 2538 412 AUCTORE
2578 350 2811 410 ΡΜ]ιο
2849 348 3171 410 DIACONO.
3776 355 3852 412 48

553 502 667 546 non
715 499 784 542 ex
821 487 978 555 parte
1011 479 1403 537 subtrahuntur
1424 520 1440 547 ,
1481 477 1579 534 sed
1616 479 1820 548 pariter
1856 480 2152 540 corruunt;
2183 472 2235 532 Α
2258 476 2462 534 tantur,
2511 468 2687 525 donec
2731 477 3037 539 opportune
3058 474 3130 524 'et
3154 465 3408 538 gloriose,
3438 473 3500 522 ut
3517 465 3653 523 ordo
3691 480 3854 525 sacer

558 579 756 641 domus
781 590 965 633 vacum
984 574 1391 643 relinquuntur;
1425 570 1657 626 ﬁliorum
1678 570 1866 624 funera
1893 573 2148 638 parentes

555 671 844 741 aspiciunt,
871 676 926 721 et
941 666 1025 721 sui
1044 678 1140 719 eos
1160 663 1229 718 ad
1254 663 1530 719 interitum
1552 659 1794 716 hreredes
1812 658 2145 729 praecedunt.

557 758 937 830 Unusquisque
991 769 1117 825 ergo
1153 762 1397 809 nostrum
1442 752 1510 808 ad
1555 750 1886 822 poenitentiae
1913 749 2149 803 lamenta

557 850 854 921 confugiat,
883 848 1011 904 dum
1033 846 1162 903 ﬁere
1187 854 1315 902 ante
1343 844 1750 915 percussionem
1769 850 1945 898 vacat.
1971 841 2150 897 Revo-

556 957 744 999 cemus
770 949 895 996 ante
922 939 1109 995 oculos
1137 937 1335 992 mentis
1373 934 1633 1006 quidquid
1661 934 1894 989 errando
1924 934 2150 990 commi-

555 1035 755 1100 simus;
798 1040 853 1087 et
891 1030 1037 1101 quod
1063 1029 1313 1099 nequiter
1355 1029 1579 1097 egimus,
1626 1024 1809 1081 ﬂendo
1839 1025 2145 1096 puniamus.

558 1125 960 1181 Praeveniamus
1003 1121 1194 1176 faciem
1247 1118 1364 1188 ejus
1407 1119 1462 1173 in
1490 1117 1862 1183 confessione;
1912 1123 1968 1171 et
2011 1116 2152 1172 sicut

557 1197 822 1288 propheta
854 1213 1109 1268 admonet
1140 1229 1153 1265 :
1186 1199 1431 1266 Levemus
1453 1211 1613 1265 corda
1638 1217 1817 1264 nostra
1844 1226 1960 1263 cum
1980 1209 2153 1263 mani-

559 1308 652 1363 bus
675 1307 745 1361 ad
767 1305 1047 1360 Dominum
1064 1303 1278 1376 (Threu.
1302 1319 1379 1370 Ill,
1397 1302 1510 1371 41).
1543 1301 1625 1357 Ad
1648 1300 1933 1357 Dominum
1952 1301 2153 1371 quippe

559 1399 725 1457 corda
755 1414 876 1453 cum
906 1396 1151 1452 manibus
1180 1397 1381 1462 levare,
1414 1405 1498 1450 est
1523 1393 1785 1450 orationis
1809 1401 2007 1449 nostra:
2036 1400 2151 1447 stu-

560 1492 706 1548 dium
729 1506 853 1546 cum
882 1489 1079 1544 merito
1108 1489 1261 1544 bona:
1281 1487 1612 1558 operationis
1642 1486 1873 1555 erigere.
1902 1484 2005 1540 Dat
2026 1500 2182 1572 pro-3

560 1583 726 1647 fecto,
766 1581 860 1636 dat
902 1580 1125 1635 tremori
1159 1587 1346 1635 nostro
1376 1578 1646 1645 ﬁduciam,
1674 1576 1768 1646 qui
1795 1591 1892 1647 per
1914 1575 2152 1647 prophe-

560 1681 673 1729 tam
699 1672 898 1727 clamat
922 1688 935 1723 :
972 1669 1112 1725 Nolo
1152 1679 1369 1724 mortem
1401 1670 1714 1741 peccatoris,
1736 1668 1827 1723 sed
1852 1674 1906 1721 ut
1936 1684 2151 1723 conver—

562 1769 703 1817 tatur
735 1768 784 1814 et
811 1760 943 1814 ttivat
973 1758 1188 1830 (Each.
1238 1774 1426 1824 χχχιιι,
1473 1757 1585 1829 11).
1630 1757 1818 1812 Nullus
1861 1764 2042 1811 autem
2087 1755 2156 1811 de

2255 561 2523 633 exposcit,
2554 562 2608 616 in
2627 577 2695 617 eo
2715 561 2894 617 divina
2911 561 3092 615 munia
3114 560 3538 631 complerentur.
3557 556 3779 615 Obtinet
3803 561 3853 618 is

2252 669 2284 709 a
2312 654 2741 723 negotiatoribus
2775 660 2835 707 ut
2864 653 2919 707 in
2946 660 3159 708 cratera
3194 651 3496 707 occultatus
3524 650 3853 709 educeretur

2252 744 2320 799 ab
2348 741 2512 810 Urbe,
2563 751 2726 812 atque
2754 743 2829 798 ita
2854 742 3077 799 latebris
3106 742 3287 798 triduo
3315 758 3374 798 se
3408 742 3719 813 occultavit,
3743 744 3853 801 do-

2254 851 2357 891 nec
2392 836 2541 890 illum
2562 835 2784 906 jejuniis
2814 843 2870 891 et
2898 836 3256 901 orationibus,
3280 836 3514 906 populus
3549 835 3849 903 Romanus,

2253 929 2506 984 columna
2532 928 2689 996 lucis,
2713 929 2870 984 tertia
2892 942 3189 999 supereum
3211 936 3372 984 nocte
3392 927 3608 984 caelitus
3630 928 3854 995 emissa,

2254 1021 2490 1077 obtinuit
2514 1039 2527 1074 :
2555 1037 2676 1090 quae
2694 1037 2803 1077 non
2827 1037 2998 1092 parvo
3024 1022 3201 1077 noctis
3222 1022 3402 1093 spatio
3424 1037 3456 1076 a
3485 1038 3698 1079 summo
3726 1024 3857 1079 εωιί

2254 1127 2427 1181 usque
2451 1110 2518 1166 ad
2548 1111 2798 1166 eumdem
2829 1112 3006 1182 ipsum
3038 1111 3179 1165 linea
3208 1119 3359 1167 recta
3384 1110 3670 1181 eﬂulgens,
3706 1126 3858 1182 quae—

2256 1205 2499 1262 rentibus
2528 1212 2711 1260 votum
2736 1204 2978 1275 optabile
2996 1203 3407 1259 demonstravit.
3432 1202 3540 1259 Sed
3562 1210 3618 1258 et
3639 1203 3857 1259 cuidam

2257 1296 2601 1352 anachoretae
2624 1294 2755 1351 Urbi
2775 1296 3030 1365 contiguo
3059 1295 3235 1366 angeli
3257 1296 3611 1351 ascendentes
3640 1306 3699 1351 et
3725 1295 3855 1351 des-

2256 1387 2548 1443 cendentes
2578 1401 2674 1456 per
2695 1388 2976 1457 praefatam
3006 1386 3318 1441 columnam
3344 1401 3508 1457 super
3550 1386 3700 1442 illum
3729 1394 3862 1442 sunt

2255 1479 2379 1536 visi.
2431 1478 2536 1546 Qui
2566 1494 2693 1537 mox
2740 1478 2870 1535 felix
2917 1493 3240 1550 sacrumque
3285 1494 3506 1535 sumens
3531 1480 3859 1549 auspicium,

2257 1575 2328 1629 de
2348 1586 2413 1628 ea
2441 1587 2609 1641 quam
2635 1571 2769 1626 vidit
2794 1572 2848 1626 in
2878 1572 3084 1628 somnis
3109 1580 3331 1627 sanctus
3352 1569 3521 1628 Jacob
3551 1571 3717 1638 scala,
3750 1571 3859 1625 ihi-

2257 1648 2489 1733 dcmque
2515 1663 2734 1719 domum
2775 1662 2989 1718 Domini
3016 1663 3152 1718 dixit
3189 1660 3326 1731 fore,
3369 1670 3638 1718 rectorem
3661 1662 3860 1719 domus

2258 1756 2377 1823 Dei,
2407 1771 2530 1826 qua:
2576 1764 2660 1811 est
2683 1755 2935 1821 ecclesia,
2965 1756 3074 1812 imo
3100 1756 3277 1825 ipsum
3308 1755 3405 1809 Dei
3434 1755 3694 1825 templum
3723 1755 3863 1811 inibi

561 1853 907 1923 iniquitatum
934 1866 1154 1907 suarum
1183 1850 1523 1905 immanitate
1548 1848 2156 1920 desperet.Veternosas
2185 1865 2235 1925 Β
2259 1860 2380 1901 esse
2407 1844 2786 1901 absconditum
2812 1841 3153 1899 exclamavit.
3184 1842 3531 1913 Tandemque
3559 1844 3765 1900 electus
3794 1860 3865 1901 ac

561 1961 798 2016 namque
836 1947 892 2016 6
935 1944 1291 1999 Ninivitarum
1329 1943 1515 2014 culpas
1561 1942 1809 1997 triduana
1837 1941 2157 2012 poenitentia

561 2036 816 2095 abstersit
847 2054 860 2090 :
892 2043 948 2091 et
975 2050 1269 2091 conversus
1297 2035 1439 2114 latro
1465 2035 1588 2090 vitae
1620 2035 1861 2104 puemia,
1910 2033 2073 2089 etiam
2104 2033 2158 2087 in

561 2129 673 2199 ipsa
712 2126 979 2184 sententia
1019 2142 1130 2183 suae
1170 2127 1380 2191 mortis,
1412 2126 1663 2182 emeruit.
1696 2125 1964 2181 Mutemus
1998 2125 2159 2195 igitur

560 2218 746 2285 corda,
775 2229 832 2274 et
853 2232 1238 2288 praesumamus
1268 2233 1368 2273 nos
1393 2217 1504 2285 jam
1535 2216 1846 2287 percepisse
1885 2217 2033 2286 quod
2057 2229 2157 2285 pe-

561 2308 760 2374 timus;
793 2306 954 2364 cilius
980 2306 1048 2360 ad
1075 2321 1292 2376 precem
1309 2306 1477 2376 judex
1496 2305 1754 2372 ﬂectitur,
1778 2305 1874 2360 sia
1894 2304 2162 2375 pravitate

562 2414 659 2456 sua
682 2399 893 2453 animus
913 2398 1221 2467 corrigitur.
1244 2397 1563 2454 Imminente
1583 2412 1713 2467 ergo
1732 2403 1896 2452 tantae
1918 2396 2162 2452 animad-

562 2490 829 2546 versionis
861 2490 1061 2560 gladio,
1093 2506 1191 2545 nos
1221 2491 1541 2561 importunis
1581 2489 1795 2546 ﬂetibus
1830 2489 2158 2546 insistamus.

563 2579 641 2635 Ea
658 2596 891 2650 namque
919 2596 1040 2650 quae
1066 2580 1278 2649 ingrata
1301 2595 1423 2637 esse
1445 2581 1758 2636 hominibus
1786 2580 2164 2651 importunitas

562 2668 723 2735 solet,
753 2668 928 2724 Judici
959 2669 1205 2724 veritatis
1234 2670 1434 2740 placet,
1466 2670 1592 2740 quia
1617 2671 1738 2742 pius
1770 2685 1833 2725 ac
1853 2669 2164 2726 misericors

564 2758 828 2815 Dominus
868 2759 982 2813 vult
1010 2773 1041 2813 a
1069 2773 1129 2814 se
1162 2759 1412 2828 precibus
1440 2758 1602 2830 exigi,
1636 2759 1727 2828 qui
1753 2766 2014 2830 quantum
2049 2774 2164 2814 me-

562 2857 770 2917 remur,
803 2864 913 2902 non
940 2848 1056 2903 vult
1083 2848 1264 2905 irasci.
1295 2848 1431 2903 Hinc
1470 2849 1669 2903 etenim
1698 2864 1795 2919 per
1822 2848 2164 2904 Psalmistam

562 2937 703 2997 dixit
736 2956 749 2992 :
784 2938 978 2993 Invoca
1006 2956 1088 2993 me
1126 2939 1183 2993 in
1211 2938 1297 2992 die
1322 2938 1673 2992 tribulationis
1717 2947 1840 3007 tuw,
1867 2948 1918 2992 et
1944 2940 2165 3009 eripiam

563 3037 630 3097 te,
660 3040 709 3085 et
749 3028 1111 3102 magniﬁcabis
1136 3047 1236 3084 me.
1269 3030 1388 3100 lpse
1429 3043 1558 3098 ergo
1585 3030 1687 3084 sibi
1720 3030 1873 3084 testis
1914 3038 1997 3085 est
2037 3030 2163 3098 quia

562 3122 943 3179 invocantibus
979 3122 1229 3178 misereri
1262 3121 1551 3187 desiderat,
1587 3122 1681 3190 qui
1716 3121 1970 3177 admonet
1997 3130 2057 3177 ut
2083 3123 2157 3176 in-

2261 1938 2488 1994 dilectus
2535 1936 2741 1993 domini
2770 1936 3076 2006 invenitur‘,
3105 1936 3336 2007 capitur,
3389 1937 3639 2004 trahitur,
3687 1946 3744 1993 et
3790 1939 3865 1995 ad

2261 2028 2409 2083 beati
2433 2026 2581 2083 Petri
2602 2027 2831 2098 apostoli
2850 2028 3127 2083 basilicam
3154 2028 3403 2096 ducitur;
3433 2030 3613 2099 ibique
3633 2030 3700 2085 ad
3724 2045 3865 2101 pon-

2262 2120 2475 2177 tiﬁcalis
2516 2120 2702 2189 gratiae
2729 2120 2966 2177 ofﬁcium
2992 2129 3367 2189 consecratus,
3395 2136 3535 2193 papa
3566 2121 3713 2178 urbis
3751 2121 3867 2177 effi—

2270 2212 2431 2268 citur.

2341 2324 2424 2378 14.
2458 2325 2577 2391 Quo
2608 2325 2663 2379 in
2689 2332 2935 2395 tempore
2963 2340 3087 2381 cum
3116 2340 3147 2380 a
3175 2310 3384 2382 Joanne
3410 2326 3741 2384 Ravennatis
3767 2345 3867 2384 ur-

2265 2416 2347 2472 bis
2369 2417 2625 2487 episcopo
2650 2416 3010 2486 reprehensus
3038 2416 3246 2483 fuisset,
3274 2433 3371 2472 cur
3400 2433 3427 2471 a
3453 2419 3714 2488 pastorali
3735 2418 3863 2474 offi—

2267 2506 2354 2562 eio
2376 2506 2746 2562 delitescendo
2770 2521 2830 2562 se
2850 2506 3151 2562 subducere
3174 2508 3256 2562 vir
3282 2516 3390 2562 tam
3413 2508 3640 2564 idoneus
3665 2510 3866 2563 voluis-

2265 2608 2378 2663 set,
2429 2599 2534 2654 hac
2572 2600 2855 2655 occasione
2900 2600 3213 2669 compulsus
3258 2600 3861 2671 volumen~egregium,

2268 2691 2318 2761 7
2355 2700 2377 2728 ο
2400 2690 2546 2759 quod
2576 2688 2867 2748 Pastoralis
2907 2691 3235 2761 appellatur,
3260 2693 3568 2761 composuit
3611 2710 3623 2746 :
3668 2694 3721 2747 in
3750 2708 3862 2762 quo

2267 2780 2555 2836 manifesta
2583 2782 2703 2835 luce
2731 2780 2982 2853 patefecit
3009 2782 3184 2851 qualis
3225 2782 3295 2836 ad
3341 2782 3582 2838 ecclesia:
3618 2785 3863 2853 regimen

2268 2870 2489 2934 assumi,
2511 2869 2745 2938 qualiter
2768 2870 2870 2939 ipsi
2892 2877 3134 2926 rectores
3161 2870 3367 2939 vivere,
3396 2885 3503 2940 qua
3531 2870 3864 2930 discretione

2266 2960 2505 3029 singulas
2559 2974 2801 3030 quasque
2865 2961 3199 3017 audientium
3256 2977 3518 3032 personas
3568 2962 3863 3029 instruere,

2267 3059 2467 3120 quanta
2520 3050 2956 3107 consideratione
3008 3053 3283 3122 propriam
3333 3053 3577 3122 quotidie
3628 3054 3865 3110 debeant

2267 3143 2611 3213 fragilitatem
2641 3159 2890 3215 pensare.
2922 3145 3030 3201 Sed
3074 3155 3131 3201 et
3169 3147 3418 3202 homilias
3447 3146 3865 3217 Evangeliorum

562 3223 808 3270 νοεεωτ-
848 3213 1334 3313 Ῐῖτοίηάθξμίτθίτθῗ
1357 3215 1682 3313 (ξδθτίξδίφίν
1705 3215 2156 3313 οοηίτίίοξοτάξθι
2189 3251 2233 3313 c
2268 3252 2495 3291 numero
2540 3213 2892 3306 quadraginta
2921 3239 3245 3308 composuit,
3268 3253 3405 3309 quas
3433 3239 3486 3293 in
3516 3213 3725 3295 duobus
3748 3238 3862 3294 Co-

572 3314 631 3362 et
659 3306 921 3362 correctis
960 3308 1245 3376 operibus,
1277 3307 1345 3361 ab
1372 3307 1487 3376 ipso
1519 3306 1664 3361 feriae
1690 3317 1897 3377 quarta:
1928 3308 2162 3373 diluculo

569 3406 596 3435 ιι
611 3396 796 3451 litania
816 3397 1118 3466 septiformi
1133 3398 1326 3452 devota
1347 3396 1414 3450 ad
1432 3398 1697 3468 lacrymas
1709 3397 2163 3465 interveniamus;

484 3536 487 3541 ,
568 3494 630 3544 ut
666 3486 943 3542 districtus
981 3486 1150 3555 judex
1189 3502 1312 3542 cum
1352 3487 1539 3556 culpas
1569 3494 1782 3543 nostras
1825 3504 1924 3544 nos
1974 3488 2167 3557 punire

566 3574 896 3641 considerat,
944 3575 1059 3644 ipse
1101 3590 1132 3629 a
1177 3576 1443 3630 sententia
1485 3577 1777 3647 proposita:
1805 3577 2167 3632 damnationis

566 3674 775 3738 parcat.
808 3684 827 3717 ι
875 3664 1046 3731 Quam
1095 3664 1532 3720 exhortationem
1576 3665 1721 3720 beati
1771 3665 2015 3735 Gregorii
2044 3665 2165 3721 ideo

569 3757 695 3812 huic
736 3756 996 3827 opusculo
1040 3754 1380 3811 inserendam
1423 3756 1732 3825 putavimus
1758 3798 1772 3822 ,
1818 3764 1935 3810 uta
1964 3763 2166 3825 quanta

565 3846 897 3919 perfectione
920 3832 1316 3919 praedicationis
1338 3848 1551 3903 initium
1569 3848 1880 3918 sumpserit,
1897 3856 2165 3904 monstra-

569 3954 773 3996 remus.

639 4049 728 4104 12.
761 4049 929 4119 Igitur
957 4051 1082 4106 dum
1112 4066 1307 4121 magna
1330 4052 1616 4108 multitudo
1650 4053 2016 4120 sacerdotum,
2049 4068 2167 4107 mo-

567 4142 888 4205 nachorum,
941 4141 1248 4212 diversique
1288 4158 1449 4199 sexus
1489 4152 1544 4199 et
1588 4145 1763 4200 aetatis
1795 4183 1810 4208 ,
1839 4143 1995 4213 juxta
2026 4160 2165 4216 pra:-

569 4234 879 4305 ceptionem
931 4234 1077 4289 beati
1121 4235 1366 4304 Gregorii
1403 4236 1491 4290 die
1538 4236 1829 4291 constituta
1880 4236 2168 4292 Dominum

568 4332 823 4391 rogatura
853 4322 1112 4388 venisset,
1153 4323 1207 4377 in
1239 4332 1445 4378 tantum
1475 4324 1594 4379 lues
1616 4325 1731 4394 ipsa
1754 4324 1939 4380 divino
1963 4324 2167 4394 judicio

569 4413 840 4479 desaeviit,
878 4420 938 4468 ut
976 4412 1117 4467 intra
1153 4414 1311 4468 unius
1357 4414 1503 4469 hora:
1539 4416 1795 4485 spatium,
1830 4410 2167 4473 duni‘voces

570 4506 725 4579 plebs
745 4505 814 4561 ad
837 4506 1121 4562 Dominum
1144 4507 1554 4576 supplicationis
1576 4508 1866 4573 emitteret,
1894 4508 2169 4576 octoginta

573 4603 824 4658 homines
866 4602 933 4657 ad
978 4611 1175 4657 terram
1206 4610 1524 4658 corruentes
1550 4603 1798 4672 spiritum
1826 4602 2163 4659 exhalarent.

572 4693 682 4750 Sed
708 4711 817 4750 non
858 4695 1063 4750 destitit
1100 4694 1356 4750 sacerdos
1394 4702 1575 4750 tantus
1616 4696 1816 4766 populo
1847 4696 2163 4766 prtedicare,

574 4801 646 4842 ne
671 4785 738 4841 ab
781 4787 1029 4842 oratione
1056 4794 1351 4855 cessarent,
1403 4788 1578 4845 donec
1604 4790 1949 4847 miseratione
1985 4791 2165 4847 divina

573 4875 743 4945 pestis
773 4874 891 4943 ipsa
920 4875 1242 4945 quiesceret.

646 4986 733 5041 15.
766 4986 1011 5059 Cumque
1040 4989 1216 5046 adhuc
1237 4989 1445 5048 futurus
1468 4994 1691 5048 antistes
1719 4992 1857 5064 fugae
1885 4994 2165 5049 latibulum

574 5088 906 5150 prmpararet
932 5077 982 5145 δ,
1018 5077 1146 5135 Urbi
1164 5081 1469 5139 sollicitudo
1497 5092 1553 5139 et
1580 5085 1750 5154 portis
1770 5084 1964 5153 vigilia:
1991 5085 2163 5155 depu-

650 5287 677 5352 ξι
708 5276 794 5331 Al.
815 5318 832 5345 ,
860 5279 1066 5352 septimi
1109 5281 1320 5336 mensis.
1361 5280 1527 5352 iGuss.
1557 5322 1574 5350 ,
1606 5283 1713 5348 hic,
1765 5283 1946 5337 devota
1977 5293 2163 5352 mente,

574 5344 823 5405 referens
840 5344 1161 5405 adnitentem
1182 5352 1325 5420 quod
1347 5351 1508 5418 Greg.
1534 5344 1662 5408 dicit
1686 5344 1753 5407 de
1770 5352 2000 5408 Litania.
2030 5344 2163 5409 Ibid;

574 5420 761 5483 habet,
811 5434 926 5471 cum
968 5419 1230 5491 lacrymis’.
1277 5419 1345 5475 Et
1392 5422 1529 5476 infra
1579 5438 1592 5475 :
1648 5424 1815 5491 ipsam
1861 5428 2168 5479 sententiam

576 5491 755 5544 damn.
796 5495 1130 5563 temperando
1159 5502 1359 5561 parcat,
1405 5492 1616 5563 caeteris
1660 5501 1772 5546 tam
1818 5493 1976 5549 editis
2004 5510 2167 5563 quam

576 5560 1001 5634 manuexaratis
1029 5560 1541 5634 contradicentibus.
1576 5562 1743 5634 Pper
1760 5560 2074 5634 septiforniis
2096 5566 2163 5619 li-

578 5630 722 5702 t_ani_a
751 5629 893 5702 ideo_
915 5630 1192 5702 dictagest,
1224 5632 1399 5702 inquit
1425 5633 1567 5687 idem
1610 5629 2010 5702 Paulus'Diacq
2042 5636 2077 5689 Ι.
2110 5652 2166 5690 ιιι

577 5697 1143 5775 de.Gestis_Langob.,
1163 5697 1397 5770 eap.':25,
1423 5704 1550 5770 quia
1572 5703 1747 5775 omnis
1770 5704 1913 5759 urbis
1935 5697 2171 5775 populus

579 5781 611 5821 a
641 5766 801 5847 beato
828 5766 1090 5847 Gregorio
1130 5771 1193 5847 in_
1214 5766 1421 5847 septem
1441 5766 1628 5847 partes
1650 5766 2035 5847 deprecaturus
2058 5776 2169 5831 Do-

579 5839 787 5895 minum
815 5847 897 5895 est
922 5839 1143 5895 divisus.
1174 5839 1315 5911 Lege
1341 5839 1520 5911 Greg.-
1539 5842 1669 5899 Tur.
1700 5839 1819 5899 loco
1850 5846 2086 5915 laudato,
2114 5857 2171 5902 et

34 6312 581 6440 ..ι-ι

2269 3325 2479 3381 dicibus
2505 3342 2660 3398 aequa
2692 3335 2843 3383 sorte
2881 3327 3145 3383 distinxit.
3190 3328 3380 3385 Libros
3417 3330 3579 3384 etiam
3612 3330 3864 3400 Dialogo-

2270 3434 2388 3473 rum
2435 3428 2668 3489 quatuor
2709 3420 2897 3489 edidit,
2946 3421 3000 3476 in
3031 3422 3227 3492 quibus
3257 3430 3450 3492 rogatu
3479 3423 3624 3478 Petri
3650 3423 3866 3481 diaconi

2269 3512 2371 3575 sui,
2400 3511 2627 3568 virtutes
2648 3522 2981 3577 sanctorum,
3007 3531 3143 3586 quos
3172 3516 3224 3570 in
3248 3515 3399 3571 Italia
3422 3517 3681 3572 clariores
3702 3532 3865 3573 nosse

2269 3604 2355 3666 vel
2385 3606 2572 3661 audire
2601 3613 2879 3676 potuerat,
2922 3608 2990 3663 ad
3022 3608 3328 3679 exemplum
3360 3610 3653 3664 viventium
3680 3618 3866 3679 poste-

2270 3695 2344 3750 ris
2372 3696 2622 3764 eollegit;
2655 3705 2713 3752 ut
2754 3700 2893 3755 sicut
2922 3700 2975 3754 in
3024 3700 3175 3756 libris
3203 3699 3616 3771 Expositionum
3641 3716 3862 3757 suarum

2270 3786 2464 3857 quibus
2504 3788 2575 3841 sit
2601 3788 2889 3844 virtutibus
2919 3789 3277 3847 insudandum
3307 3792 3541 3858 edocuit,
3594 3793 3666 3848 ita
3696 3793 3861 3849 etiam

2270 3877 2557 3947 descriptis
2576 3888 2885 3934 sanctorum
2909 3882 3207 3949 miraculis,
3226 3898 3347 3952 quae
3363 3884 3619 3939 virtutum
3645 3900 3868 3940 earum-

2270 3966 2392 4023 dem
2423 3969 2494 4023 sit
2523 3969 2741 4026 claritas
2771 3972 3101 4029 ostenderet.
3147 3972 3383 4029 Primam
3411 3989 3626 4046 quoque
3654 3985 3711 4031 et
3739 3977 3868 4031 ulti-

2271 4077 2412 4117 mam
2463 4063 2762 4120 Ezechielis
2816 4066 3093 4134 propheta:
3139 4074 3341 4135 partes,
3393 4082 3513 4135 qute
3542 4068 3868 4124 videbantur

2272 4152 2633 4217 obscuriores,
2662 4169 2758 4224 per
2778 4154 3027 4209 homilias
3048 4155 3235 4225 viginti
3264 4156 3419 4223 duas,
3443 4163 3701 4227 quantum
3728 4157 3868 4214 lucis

2272 4242 2415 4298 intus
2444 4244 2679 4300 habeant
2725 4236 3192 4302 demonstravitI‘l
3234 4248 3465 4318 Scripsit
3515 4259 3778 4320 prmterea
3809 4259 3868 4306 et

2273 4337 2377 4391 alia
2408 4339 2687 4409 nonnulla,
2729 4342 2823 4396 sed
2855 4352 2911 4399 et
2937 4346 3196 4415 epistolas
3225 4349 3551 4418 complures,
3601 4364 3721 4418 qua:
3748 4349 3867 4403 sin-

2272 4428 2495 4498 gulatim
2525 4439 2719 4487 cuncta
2746 4433 2982 4503 edicere,
3013 4437 3289 4493 brevitatis
3311 4439 3511 4503 studio,
3535 4439 3715 4494 omisi.

2350 4538 2434 4593 15.
2467 4540 2619 4607 Quod
2669 4558 2736 4599 eo
2762 4548 2931 4614 magis
2960 4549 3153 4604 mirum
3202 4557 3302 4616 est,
3351 4558 3432 4605 tot
3461 4567 3585 4606 eum
3616 4567 3681 4608 ac
3712 4561 3862 4608 tanta

2200 4646 2250 4707 ι)
2273 4633 2507 4689 condere
2538 4635 2809 4692 volumina
2841 4641 3101 4708 potuisse,
3131 4644 3222 4711 qui
3252 4644 3399 4698 omni
3429 4633 3546 4698 fere
3564 4644 3866 4711 juventutis

2276 4739 2385 4779 suae
2414 4732 2678 4795 tempore,
2714 4737 2771 4782 ut
2811 4731 2988 4786 verbis
3018 4732 3184 4802 ipsius
3212 4734 3419 4801 loquar,
3454 4736 3658 4790 crebris
3686 4737 3864 4792 visce—

2276 4832 2393 4870 rum
2425 4819 2766 4874 cruciabatur
2792 4821 3086 4892 doloribus,
3128 4826 3294 4890 horis,
3329 4828 3720 4897 momentisque
3745 4845 3866 4885 ont-

2276 4906 2431 4963 nibus
2456 4908 2628 4965 fracta
2655 4913 2917 4967 stomachi
2944 4916 3144 4971 virtute
3173 4917 3519 4981 lassescebat,
3555 4919 3712 4974 lentis
3739 4919 3865 4989 qui-

2275 5000 2421 5065 dem,
2454 5002 2548 5057 sed
2586 5010 2766 5059 tamen
2796 5006 3066 5063 continuis
3113 5007 3353 5065 febribus
3399 5011 3706 5078 anhelabat,
3756 5011 3865 5068 fre-

2276 5102 2448 5158 quens
2478 5091 2641 5146 etiam
2692 5108 2817 5149 eum
2856 5109 3133 5167 gressuum
3161 5098 3320 5155 dolor
3346 5100 3696 5158 vehementer
3726 5101 3868 5158 afﬂi-

2272 5287 2428 5359 Joan.
2460 5290 2634 5358 Diae,
2668 5293 2705 5348 l.
2739 5309 2774 5359 ι,
2800 5309 2851 5349 c.
2875 5292 2963 5348 42.

2346 5359 2371 5397 ιυ
2398 5358 2453 5444 1n
2477 5363 2603 5444 cod.
2620 5358 3003 5444 ‘Moissacensi,
3036 5364 3215 5419 multis
3236 5368 3636 5444 przetermissis,
3666 5388 3868 5444 ρνιερα-

2276 5442 2434 5496 raret,
2468 5434 2720 5501 trahitur,
2746 5437 2978 5503 capitur,
3008 5444 3137 5498 etc.,
3171 5444 3230 5489 ut
3259 5436 3419 5491 infra.
3622 5434 3630 5438 ⁷
3666 5434 3675 5442 ’
3754 5450 3768 5456 ”

2350 5502 2558 5584 c‘Ifecc.
2592 5507 2761 5584 et‘alii
2791 5521 2942 5570 mss.,
2972 5506 3058 5577 qui
3088 5505 3382 5561 Pastoralis
3416 5526 3503 5579 ap.
3537 5510 3697 5577 Bo!1.,
3729 5518 3870 5584 quod

2277 5572 2404 5626 liber
2426 5574 2717 5645 Pastoralis
2740 5592 2860 5645 app.

2345 5650 2380 5720 α.
2401 5644 2556 5720 _Apud
2585 5645 2741 5720 Guss.
2764 5644 2934 5701 Solum
2962 5665 2975 5699 :
3008 5647 3231 5720 Scripsit
3260 5660 3510 5719 prwlerea
3548 5670 3700 5720 super
3740 5656 3870 5711 Pro-

2277 5712 2661 5793 ςενιιὶαζῃδιιρεν
2689 5714 2905 5793 Cantica
2944 5712 3293 5793 canticorum,
3347 5721 3409 5775 de
3453 5712 3755 5793 Prop/ictis,
3799 5728 3869 5781 de

2279 5784 2671 5910 :ztrisctlciegttm,
2698 5788 2761 5843 de
2793 5787 3086 5859 Heptatico,
3110 5799 3161 5844 et
3190 5789 3297 5846 alia
3320 5784 3612 5849 nonnulla:
3646 5784 3867 5866 Episto.
