4118 6446
256 383 325 440 49
968 379 1028 435 S.
1066 373 1396 434 GREGORII
1433 371 1651 431 MAGNI
1694 372 1877 438 VlTA,
1922 371 2246 430 AUCTORE
2286 372 2511 430 PAULO
2550 370 2867 430 DIACONO.
3480 373 3549 433 50

256 499 437 571 gebat.
473 483 670 552 Verum
694 494 836 550 inter
853 494 969 549 haec
988 492 1118 548 dum
1146 493 1404 550 sollicitus
1425 497 1678 563 pensaret
1701 489 1850 557 quia,
1881 491 1931 552 Α
1957 489 2136 546 studio
2177 504 2276 560 pro
2304 488 2621 559 colligendis
2660 486 3020 558 particulatim
3066 484 3299 543 ﬁdelium
3330 486 3544 542 anima-

256 590 536 662 Scriptura
564 597 725 654 teste,
757 588 922 642 omnis
951 586 1092 658 ﬁlius
1121 587 1207 657 qui
1246 588 1510 658 recipitur,
1538 583 1855 655 ﬂagellatur,

257 681 452 755 (Hebr.
484 698 581 750 xu,
613 681 692 752 6),
724 695 836 751 quo
853 680 1008 737 malis
1037 680 1391 749 praesentibus
1416 677 1601 733 durius
1638 688 1857 745 preme-

257 773 438 840 batur,
452 786 529 830 eo
551 772 619 828 de
637 780 841 828 aeterna
869 775 1071 831 certius
1093 769 1513 845 praesumptione
1536 765 1857 837 respirabat.

258 864 548 936 Fatigabat
572 881 699 922 eum
725 874 987 937 praeterea
1015 866 1082 923 de
1112 862 1426 922 ordinandis
1456 859 1616 915 Urbis
1642 857 1857 926 vigiliis,

259 974 331 1015 ne
354 959 423 1014 ab
445 957 691 1014 hostibus
712 967 1014 1029 caperetur,
1041 956 1347 1015 sollicitudo
1369 954 1648 1011 continua.
1676 960 1702 989 ι
1724 948 1863 1006 Ure-

228 1078 237 1089 ι
262 1053 401 1108 bant
427 1066 645 1122 quoque
673 1052 1010 1109 incessanter
1039 1053 1156 1121 ejus
1183 1050 1423 1109 animum
1467 1046 1702 1102 ﬁliorum
1732 1042 1860 1098 hinc

258 1146 389 1202 inde
416 1145 726 1201 discrimina
751 1146 1015 1201 nuntiata.
1048 1143 1155 1199 Sed
1177 1152 1361 1199 tamen
1391 1141 1483 1195 ille
1511 1141 1653 1194 inter
1682 1146 1765 1192 tot
1806 1142 1863 1191 et

259 1238 393 1292 talia
420 1235 795 1306 deprehensus
821 1234 1187 1301 incommoda,
1216 1246 1492 1305 nunquam
1538 1230 1651 1285 otio
1685 1227 1863 1282 indul-

260 1332 446 1400 gebat,
476 1331 605 1401 quin
650 1339 742 1384 aut
785 1327 1018 1384 ﬁliorum
1057 1328 1378 1383 utilitatibus
1429 1323 1735 1386 inserviret,
1769 1331 1862 1376 aut

261 1421 468 1492 aliquid
514 1421 732 1489 dignum
763 1419 1020 1476 Ecclesiae
1048 1419 1331 1484 scriberet,
1364 1423 1459 1470 aut
1484 1429 1586 1486 per
1616 1419 1862 1468 contem.

263 1514 527 1585 plationis
548 1512 774 1582 gratiam
797 1511 919 1567 coeli
938 1510 1163 1566 secretis
1193 1510 1496 1562 interesset.
1585 1499 1588 1503 ’

343 1606 427 1659 16.
474 1604 717 1674 Denique
744 1619 866 1659 cum
889 1604 957 1658 de
987 1610 1098 1658 tota
1128 1616 1268 1672 pene
1286 1599 1436 1654 Italia
1470 1593 1864 1665 Langobardo-

264 1710 387 1752 rum
413 1692 622 1764 gladios
642 1701 945 1749 metuentes
966 1692 1183 1764 plurimi
1209 1690 1445 1759 undique
1470 1687 1538 1743 ad
1560 1686 1862 1743 Romanam

265 1788 459 1844 urbem
485 1787 846 1857 conﬂuerent,
871 1787 1129 1842 solertem
1158 1800 1261 1856 pro
1286 1782 1537 1839 omnibus
1561 1795 1747 1836 curam
1769 1793 1862 1848 ge-

1960 581 2061 637 bus
2088 588 2375 649 satageret,
2425 579 2644 635 donavit
2689 578 2767 633 illi
2802 579 2922 649 pius
2967 576 3231 644 dominus,
3271 584 3333 632 ut
3376 584 3551 633 totam

1960 674 2162 745 pariter
2192 672 2486 742 Anglorum
2507 678 2724 741 gentem
2751 677 3114 727 converteret.
3135 668 3302 739 Cujus
3320 684 3552 726 conver-

1960 766 2149 833 sionis,
2205 773 2266 820 ut
2294 774 2537 835 .putatur
2586 763 2728 818 facta
2758 762 3015 818 divinitus
3040 762 3157 818 haec
3184 762 3401 819 occasio
3428 761 3549 818 fuit.

1962 860 2098 915 Dum
2126 858 2213 915 die
2240 858 2475 929 quadam
2502 855 2933 913 advenientibus
2956 870 3129 926 nuper
3155 854 3551 911 mercatoribus

1962 952 2130 1009 multa
2154 951 2367 1009 venalia
2388 952 2442 1006 in
2464 951 2641 1007 forum
2661 949 2852 1006 Romae
2872 948 3070 1004 collata
3096 947 3342 1016 fuissent,
3373 949 3557 1005 multi-

1962 1062 2069 1117 que
2095 1046 2162 1102 ad
2190 1043 2481 1102 emendum
2510 1043 2636 1098 hinc
2663 1041 2789 1097 inde
2813 1039 3165 1107 confluerent,
3198 1038 3226 1078 ι)
3257 1040 3483 1109 contigit
3503 1048 3559 1095 et

1962 1138 2281 1209 Gregorium
2310 1144 2437 1192 ante
2461 1134 2665 1192 scilicet
2691 1148 2852 1205 quam
2882 1130 3193 1203 pontiﬁcale
3216 1130 3379 1187 decus
3399 1131 3560 1187 habe-

1963 1238 2067 1295 ret,
2098 1244 2194 1300 per
2220 1227 2398 1283 lorum
2422 1224 2936 1290 transitum-facere,
2968 1237 3031 1276 ac
3055 1221 3253 1276 vidisse
3279 1223 3421 1276 inter
3449 1221 3557 1276 alia

1962 1335 2162 1392 pueros
2207 1318 2427 1373 venales
2464 1315 2692 1387 positos,
2723 1314 2883 1369 lactei
2921 1313 3187 1382 corporis,
3234 1326 3300 1367 ac
3347 1311 3560 1367 venusti

1962 1415 2162 1480 vultus,
2200 1412 2427 1483 capillos
2454 1424 2670 1481 quoque
2697 1407 2952 1479 przecipui
2993 1405 3245 1462 candoris
3271 1405 3556 1459 habentes.

1965 1504 2114 1573 Quos
2140 1502 2263 1559 cum
2293 1501 2578 1573 aspiceret,
2630 1498 3006 1569 interrogavit,
3037 1507 3098 1553 ut
3138 1498 3306 1565 aiunt,
3361 1496 3430 1552 de
3454 1509 3562 1566 qua

1965 1599 2187 1668 regione
2215 1595 2301 1651 vel
2331 1602 2475 1650 terra
2506 1599 2689 1648 essent
2738 1590 2907 1645 allati.
2960 1589 3281 1658 Dictumque
3309 1594 3394 1642 est
3434 1585 3563 1655 quia

1966 1694 2034 1749 de
2062 1688 2337 1746 Britannia
2375 1686 2571 1752 insula,
2602 1685 2753 1754 cujus
2778 1684 2970 1740 incolae
2999 1682 3094 1738 tali
3142 1696 3332 1738 omnes
3362 1681 3563 1736 decore

1967 1788 2218 1843 niterent.
2252 1783 2456 1837 Rursus
2492 1777 2847 1846 interrogavit
2877 1787 2900 1816 ο
2930 1783 3111 1831 utrum
3139 1774 3299 1830 iidem
3324 1772 3562 1831 insulani

265 1879 441 1945 rebat,
474 1887 531 1935 et
572 1879 835 1936 universis
863 1895 986 1935 cum
1009 1878 1160 1934 verbi
1173 1866 1380 1948 pabulo
1410 1875 1651 1945 corporis
1677 1873 1855 1928 subsi-

1976 1874 2251 1937 Shristiani
2272 1878 2477 1938 essent,
2508 1884 2575 1924 an
2603 1880 2937 1941 paganorum
2967 1864 3243 1921 erroribus
3282 1862 3561 1933 implicati.

266 1970 361 2027 dia
389 1970 751 2027 ministrabat.
776 1970 836 2025 In
866 1968 1341 2039 tantum‘namque
1365 1968 1481 2038 ejus
1510 1966 1746 2021 animum
1767 1967 1861 2019 mi-

266 2062 579 2118 sericordiae
602 2077 758 2118 amor
779 2061 1073 2127 devicerat,
1099 2069 1290 2116 utnon
1317 2059 1490 2116 solum
1508 2059 1699 2113 horum
1726 2071 1862 2126 quos

266 2165 565 2228 praesentes
586 2155 820 2210 habebat
861 2155 1276 2210 necessitatibus
1304 2162 1634 2217 occurreret,
1660 2151 1755 2207 sed
1776 2149 1861 2205 in—

267 2265 434 2322 super
460 2250 619 2321 longe
646 2252 837 2321 positis
865 2266 1026 2322 opem
1063 2267 1173 2308 sua:
1202 2250 1465 2321 largitatis
1493 2249 1858 2319 impenderet;
1917 2247 1925 2266 '

269 2344 407 2401 adeo
436 2353 494 2399 ut
522 2345 685 2400 etiam
716 2346 769 2399 in
797 2353 983 2401 monte
1013 2344 1166 2400 Sinai
1191 2342 1285 2398 Dei
1313 2342 1529 2398 famulis
1555 2340 1864 2397 constitutis

268 2450 498 2507 quasque
525 2446 681 2493 erant
701 2444 1005 2509 opportuna
1034 2437 1441 2492 transmitteret.
1472 2434 1607 2490 Nam
1636 2433 1726 2488 alii
1746 2431 1864 2504 qui-

269 2529 397 2586 dem
443 2530 730 2600 pontifices
768 2530 1147 2587 construendis
1204 2529 1568 2599 ornandisque
1597 2544 1730 2583 auro
1777 2526 1865 2583 vel

270 2630 497 2691 argento
527 2621 774 2678 ecclesiis
828 2637 1049 2693 operam
1080 2621 1320 2687 dabant;
1352 2620 1444 2676 hic
1473 2626 1653 2675 autem
1681 2626 1736 2673 et
1781 2616 1865 2673 bis

269 2708 572 2779 insistebat,
611 2722 685 2767 et'
703 2712 856 2782 quasi
885 2712 970 2768 his
992 2712 1205 2768 omissis
1236 2719 1378 2766 totus
1408 2725 1535 2780 erga
1565 2709 1864 2764 animarum

269 2799 423 2857 lucra
460 2804 711 2872 vacabat,
761 2812 818 2860 et
844 2803 1103 2873 quidquid
1132 2803 1375 2874 pecuniae
1400 2803 1600 2857 habere
1630 2808 1863 2871 poterat,

269 2893 489 2950 sedulus
509 2893 841 2965 dispergere,
858 2903 914 2951 et
941 2894 1071 2952 dare
1091 2895 1417 2965 pauperibus
1440 2894 1664 2949 curabat
1686 2891 1860 2964 (Psat.

272 2998 403 3052 cxn,
432 2984 512 3056 9),
548 2994 609 3041 ut
650 2985 856 3056 justitia
904 2987 1021 3057 ejus
1049 2989 1105 3058 8
1132 2995 1377 3043 maneret
1400 2988 1454 3041 in
1479 2986 1731 3042 saeculum
1759 2999 1854 3041 sae-

274 3075 403 3142 culi,
436 3084 491 3132 et
519 3092 688 3133 cornu
730 3077 848 3147 ejus
870 3078 1200 3137 exaltaretur
1227 3077 1282 3132 in
1304 3077 1507 3147 gloria;
1539 3077 1615 3131 ita
1646 3083 1707 3130 ut
1734 3074 1866 3129 illud

274 3166 422 3222 beati
441 3163 542 3222 Job
572 3168 841 3224 veraciter
860 3168 1044 3224 dicere
1065 3177 1250 3239 posset
1275 3185 1289 3224 :
1320 3166 1618 3221 Benedictio
1647 3165 1864 3236 perituri

1964 1971 2287 2035 Dictumque
2309 1971 2393 2019 est
2419 1960 2562 2032 quod
2588 1968 2769 2015 essent
2796 1957 3009 2029 pagani.
3043 1956 3112 2010 At
3141 1955 3231 2010 ille
3259 1954 3451 2008 intimo
3493 1968 3564 2010 ex

1964 2059 2130 2118 corde
2159 2057 2319 2124 longa
2350 2052 2574 2107 trahens
2614 2049 2868 2119 suspiria,
2911 2046 3065 2101 Heu!
3104 2044 3248 2099 Proh
3270 2043 3455 2097 dolor!
3482 2042 3563 2096 in-

1964 2151 2099 2222 quit,
2120 2146 2255 2220 quod
2277 2154 2384 2199 tam
2406 2142 2565 2198 lucidi
2585 2140 2753 2195 vultus
2776 2138 3010 2192 homines
3034 2135 3359 2190 tenebrarum
3374 2142 3561 2187 auctor

1964 2243 2215 2316 possidet,
2247 2237 2273 2277 ά
2318 2246 2562 2306 tantaque
2604 2233 2791 2305 frontis
2822 2230 3016 2301 species
3046 2244 3241 2299 wgram
3265 2235 3488 2280 mentem
3511 2232 3563 2279 et

1966 2315 2031 2389 ab
2053 2331 2273 2388 internis
2296 2328 2500 2401 gaudiis
2528 2339 2743 2379 vacuam
2770 2320 2969 2393 gestat!
2996 2318 3203 2373 Rursus
3226 2330 3356 2385 ergo
3386 2315 3558 2370 inter-

1965 2424 2184 2494 rogavit
2205 2419 2350 2493 quod
2391 2424 2537 2473 esset
2563 2413 2885 2494 vocabulum
2916 2409 3090 2480 gentis
3115 2408 3279 2463 illius.
3313 2405 3563 2477 Respon-

1968 2486 2087 2575 sum
2134 2486 2245 2581 est,
2276 2512 2423 2584 quod
2461 2511 2620 2579 Angli
2645 2486 2988 2563 vocarentur.
3021 2503 3091 2558 At
3118 2502 3210 2558 ille
3240 2519 3253 2555 :
3288 2499 3445 2566 Bene,
3474 2499 3560 2553 in—

1966 2611 2102 2682 quit,
2128 2626 2249 2663 nam
2277 2617 2325 2662 et
2357 2605 2645 2676 angelicam
2675 2600 2863 2655 habent
2889 2599 3095 2671 faciem,
3127 2604 3178 2651 et
3201 2595 3327 2650 tales
3349 2594 3563 2665 angelo-

1968 2717 2083 2754 rum
2108 2701 2164 2753 in
2188 2697 2328 2753 caelis
2356 2696 2501 2750 decet
2526 2709 2635 2747 esse
2655 2689 2969 2746 cohazredes.
2997 2684 3149 2752 Quod
3168 2683 3341 2751 habet,
3366 2683 3560 2753 inquit,

1970 2808 2154 2847 nomen
2181 2790 2275 2844 illa
2305 2786 2586 2859 provincia,
2620 2784 2683 2837 de
2703 2798 2803 2855 qua
2829 2782 2917 2836 isti
2942 2787 3061 2834 sunt
3090 2779 3281 2833 allati?
3314 2777 3562 2847 Respon-

1968 2898 2089 2939 sum
2115 2890 2214 2945 cst,
2246 2879 2372 2948 quia
2400 2874 2543 2932 Deiri
2572 2880 2899 2928 vocarentur
2940 2880 2963 2908 ⁶
2995 2869 3154 2925 iidem
3183 2865 3562 2938 provinciales.

1971 2976 2042 3029 At
2063 2973 2153 3029 ille
2186 2990 2200 3025 :
2243 2970 2397 3034 Bene,
2431 2968 2626 3037 inquit,
2654 2964 2825 3032 Deiri,
2856 2963 2920 3016 de
2946 2964 3029 3016 ira
3058 2962 3211 3023 eruti,
3236 2969 3284 3013 et
3314 2959 3383 3013 ad
3406 2959 3562 3013 mise-

1970 3063 2253 3119 ricordiam
2275 3060 2467 3116 Christi
2484 3058 2669 3113 vocati.
2698 3055 2832 3122 Rex,
2857 3054 2951 3121 ait,
2976 3052 3253 3124 provincia:
3271 3050 3414 3104 illius
3434 3066 3563 3119 quo-

1968 3157 2122 3213 modo
2148 3153 2398 3210 vocatur?
2427 3152 2763 3221 Responsum
2785 3155 2868 3203 est
2895 3146 2914 3186 ί
2948 3145 3093 3217 quod
3113 3144 3231 3199 Alle
3256 3150 3563 3198 vocaretur.

276 3273 432 3329 super
457 3275 538 3312 me
563 3258 814 3327 veniebat,
846 3266 894 3314 et
923 3276 1012 3314 cor
1031 3232 1199 3314 vidule
1223 3260 1517 3314 consolatus
1543 3232 1676 3311 sum.
1698 3255 1865 3310 Justi-
1891 3283 1938 3346 ο
1970 3250 2042 3306 At
2066 3249 2156 3305 ille
2184 3246 2427 3302 alludens
2455 3244 2523 3299 ad
2553 3257 2751 3298 nomen
2772 3240 2855 3325 ait
2880 3257 2893 3291 :
2929 3248 2953 3285 ε
2977 3236 3210 3293 Laudem
3222 3232 3322 3290 Dei
3345 3233 3565 3290 Creato-

277 3352 354 3405 tia
373 3351 583 3406 indutus
609 3370 741 3422 sum,
774 3362 822 3407 et
844 3354 1016 3407 vestiri
1056 3369 1136 3407 me
1163 3352 1295 3406 sicut
1324 3353 1644 3417 vestimento,
1678 3357 1727 3403 et
1749 3348 1866 3403 dia-

278 3442 482 3498 demate
502 3444 703 3515 judicio
732 3461 865 3500 meo.
903 3442 1097 3498 Oculus
1139 3443 1217 3515 fui
1258 3458 1413 3509 cwco,
1449 3451 1501 3497 et
1540 3457 1627 3509 pes
1658 3438 1865 3493 claudo.

277 3530 443 3587 Pater
468 3550 615 3588 eram
633 3551 936 3606 pauperum,
960 3542 1012 3587 et
1038 3549 1251 3587 causam
1271 3548 1427 3602 quam
1454 3529 1764 3596 nesciebam,
1789 3528 1873 3582 di-

280 3625 617 3696 ligentissime
636 3626 1008 3699 inuestigabam
1027 3624 1146 3698 (Job
1165 3642 1315 3691 χχιι,
1349 3623 1415 3679 1⁸5
1434 3623 1590 3695 seq.).
1614 3621 1681 3676 Et
1711 3621 1872 3693 paulo

279 3726 405 3789 post
437 3736 450 3773 :
484 3718 546 3773 Si
582 3720 783 3774 comedi
810 3718 1091 3774 buccellam
1112 3734 1280 3772 meam
1306 3716 1470 3785 solus,
1496 3723 1546 3769 et
1574 3730 1677 3768 non
1705 3728 1874 3767 come-

280 3809 361 3863 dit
398 3811 628 3881 pupillus
656 3827 721 3865 ea:
749 3829 830 3876 ea,
864 3812 985 3882 quia
1014 3809 1077 3864 ab
1102 3811 1331 3881 infantia
1358 3825 1473 3862 mea
1499 3807 1655 3861 crevit
1675 3820 1876 3859 mecum

280 3904 567 3968 miseratio,
595 3912 643 3957 et
680 3904 745 3956 de
772 3912 919 3958 utero
948 3905 1132 3957 matris
1173 3918 1303 3957 mete
1337 3917 1544 3972 egressa
1567 3908 1644 3954 est
1680 3913 1877 3952 mecum

282 3993 407 4068 (Iob
434 4010 584 4062 χιιι,
618 3994 708 4062 17,
740 3994 855 4066 18).

360 4085 586 4141 17..Αὰ
636 4086 789 4155 cujus
810 4087 1033 4157 pietatis
1085 4099 1140 4143 et
1184 4086 1406 4157 justitia:
1450 4099 1587 4155 opus
1623 4082 1879 4155 pertinet,

284 4176 431 4248 quod
455 4175 747 4248 Anglorum
776 4185 993 4248 gentem
1023 4192 1120 4249 per
1160 4175 1542 4247 praedicatores
1570 4189 1708 4246 quos
1753 4173 1881 4229 illuc

287 4267 508 4336 direxit,
538 4268 607 4324 de
635 4268 887 4324 dentibus
926 4270 1134 4340 antiqui
1161 4268 1336 4326 hostis
1363 4270 1620 4340 eripiens,
1666 4275 1883 4323 aeternae

286 4359 551 4415 libertatis
579 4359 705 4415 fecit
732 4375 851 4415 esse
882 4361 1196 4431 participes.
1241 4359 1453 4415 Etenim
1482 4360 1609 4428 quia
1646 4359 1737 4428 qui
1767 4356 1882 4416 Deo

288 4457 479 4504 nostro
500 4448 727 4505 ﬁdeliter
748 4450 1005 4517 adhmret,
1029 4465 1244 4522 semper
1262 4466 1329 4506 ex
1355 4450 1471 4520 ejus
1492 4449 1739 4520 largiﬁuo
1760 4465 1883 4505 mu-

291 4559 424 4599 nere
455 4543 522 4600 ad
547 4544 741 4601 altiora
764 4544 1102 4605 conscendit.
1133 4543 1260 4600 dum
1286 4544 1388 4600 iste
1414 4551 1635 4600 sanctus
1675 4542 1886 4598 ardenti

373 4731 397 4760 ι
423 4722 578 4779 Guss.
609 4740 709 4780 suo
733 4740 886 4780 more
912 4726 1059 4782 solus
1084 4743 1095 4778 :
1129 4723 1387 4779 Urebatur
1413 4738 1608 4795 quoque
1635 4721 1888 4795 ejus_ani-

294 4810 410 4865 inus
439 4804 647 4865 propter
674 4795 925 4865 ﬁliorum,
970 4797 1090 4850 hinc
1116 4796 1258 4861 inde,
1292 4803 1402 4851 etc.
1425 4791 1669 4847 'Utinam
1688 4791 1883 4865 saltem

297 4862 592 4933 aliquando
620 4862 738 4933 quo'
758 4882 857 4922 ms.
891 4867 1090 4923 Codice
1113 4873 1358 4921 uteretur
1384 4863 1699 4919 indicasset!

376 4933 400 4972 δ
425 4933 607 5001 Gus,
631 4937 847 4992 neruine
870 4937 1262 5003 consentiente,
1289 4937 1505 5007 contigit
1521 4944 1577 4987 ut
1606 4933 1886 5007 Gregorius

298 5014 577 5078 antequam
606 5007 905 5077 pontificale
928 5007 1081 5060 decus
1111 5016 1292 5061 nactus
1316 5004 1517 5078 fuisset,
1534 5022 1656 5078 cum
1686 5004 1887 5059 steteris

298 5075 611 5140 advenisset,
628 5094 689 5130 ac
711 5078 920 5131 vidisset
947 5079 1084 5131 inter
1113 5078 1240 5140 alia,
1265 5075 1395 5143 et‘c.,
1423 5077 1514 5133 ubi
1534 5075 1743 5131 laborat
1770 5089 1891 5131 sen-

298 5163 411 5211 sus,
437 5147 544 5217 imo
572 5150 785 5217 penitus
812 5147 1010 5217 deﬁcit.

377 5228 400 5255 ε
428 5216 607 5282 Guss.,
630 5229 801 5272 utrum
820 5219 873 5271 in
904 5216 1085 5273 eadem
1104 5218 1295 5273 insula.

377 5287 414 5361 ti
433 5287 591 5361 Guss.
623 5289 1206 5361 ttmtaque‘frontispicii
1235 5287 1406 5361 gratia
1442 5298 1663 5361 mentem
1687 5288 1762 5361 ab
1786 5289 1886 5341 int.

302 5358 574 5425 Dolland.‘,
620 5356 863 5433 tantaque
894 5356 1092 5485 '{ronli
1123 5356 1309 5431 speciei
1356 5358 1546 5427 gratia.
1603 5356 1890 5425 Sequimur

304 5428 431 5483 Mss.
448 5430 604 5485 Becc.
619 5473 634 5485 .
648 5432 877 5485 Cornelii.
922 5434 1114 5485 ielvac.
1133 5430 1351 5485 etalios.
1366 5425 1465 5480 Hic
1480 5427 1884 5484 tainetL'Belvac.

304 5428 431 5483 Mss.
448 5430 604 5485 Becc.
619 5473 634 5496 ,
648 5425 877 5497 Cornelii,
903 5425 1114 5486 Belvac.
1133 5425 1465 5485 etalios.‘ﬂic
1480 5427 1884 5495 tainerLfBelvac.

302 5515 495 5569 parum
525 5500 759 5557 deﬂectit
784 5502 1053 5567 acreteris,
1078 5499 1398 5556 habetenim
1425 5513 1438 5549 :
1466 5505 1715 5569 lanlaque
1741 5500 1883 5569 {ron-

304 5567 370 5625 tis
386 5572 556 5644 specie
585 5590 710 5643 gens
732 5584 901 5644 grata,
934 5583 1157 5626 mentem
1187 5571 1253 5644 a_b_
1265 5568 1501 5644 internis
1526 5567 1885 5644 gaudiisﬂctc.‘

383 5637 613 5707 ciC-uss;
639 5644 695 5696 id
724 5637 1175 5712 dstprovinciales.
1206 5641 1394 5695 Miram
1416 5637 1549 5712 sane
1576 5639 1724 5712 vocis
1744 5637 1893 5712 Deiri

303 5708 837 5780 interpretationem!
868 5713 1188 5781 Eamtamen
1206 5713 1383 5779 legere
1402 5709 1588 5781 potuit
1600 5709 1652 5781 in
1676 5708 1890 5781 Belgae.

309 5784 393 5837 Ad
421 5776 559 5850 hanc
594 5799 785 5837 vocem
815 5778 961 5838 Deiri
984 5783 1160 5837 Mabil.
1191 5776 1303 5837 haec
1328 5776 1490 5835 habet
1513 5778 1719 5850 χηρείᾳ
1750 5776 1894 5850 Ebo—

307 5848 569 5926 racensem
596 5854 778 5926 Anglis
802 5853 1128 5926 Yordehire
1148 5853 1491 5926 appellantur.
1517 5848 1893 5926 [iegelledann

311 5925 350 5983 l.
376 5940 434 5983 ιιι
454 5923 505 5986 H
514 5926 599 5983 ist.
607 5964 625 5995 ,
649 5920 699 5981 σῖ
724 5926 773 5996 l,
799 5934 856 5985 et
874 5924 1118 5986 Bolland.
1146 5920 1306 5981 Deira
1320 5921 1505 5997 Anglis
1523 5920 1797 5993 Deirland,
1822 5929 1900 5976 est

1970 3343 2045 3399 ris
2071 3342 2177 3396 illis
2200 3342 2256 3395 in
2283 3338 2517 3409 partibus
2545 3341 2747 3407 oportet
2774 3322 2997 3385 cantari.

2046 3432 2138 3487 l8.
2173 3429 2558 3499 Accedensque
2586 3426 2653 3481 ad
2692 3423 3004 3495 pontiﬁcem
3032 3421 3190 3493 hujus
3214 3421 3472 3478 Romanae
3512 3426 3571 3477 et

1975 3524 2286 3599 apostolicae
2331 3521 2493 3588 sedis,
2523 3518 2736 3589 rogavit
2763 3524 2822 3573 ut
2847 3515 2993 3587 genti
3023 3514 3320 3585 Anglorum
3366 3513 3422 3569 in
3450 3512 3571 3569 Bri-

1977 3617 2218 3673 tanniam
2263 3615 2472 3684 aliquos
2500 3610 2653 3668 verbi
2695 3610 3000 3676 ministros,
3030 3622 3128 3678 per
3155 3622 3291 3679 quos
3318 3605 3385 3661 ad
3415 3604 3572 3660 Chri-

1976 3718 2118 3767 stum
2158 3710 2602 3764 converterentur
2649 3701 2920 3767 mitteret,
2978 3713 3225 3754 asserens
3252 3704 3308 3753 et
3333 3696 3573 3767 seipsum

1978 3805 2034 3859 in
2058 3802 2167 3857 hoc
2195 3788 2333 3870 opus
2362 3796 2583 3853 domino
2612 3800 2942 3864 cooperante
2986 3789 3372 3862 perﬁciendum
3410 3803 3572 3859 para-

1979 3906 2096 3953 tum
2119 3910 2259 3961 esse,
2291 3893 2338 3947 si
2364 3900 2546 3945 tamen
2569 3887 2744 3944 eidem
2774 3884 3077 3956 apostolico
3108 3896 3260 3954 papae
3283 3882 3340 3952 9
3365 3878 3472 3933 hoc
3514 3883 3575 3933 ut

1983 3987 2136 4042 ﬁeret
2162 3983 2544 4053 complaceret.
2576 3975 2603 4015 ιι
2654 3975 2811 4043 Quod
2857 3990 2980 4030 cum
3008 3975 3059 4029 ei
3106 3972 3282 4043 primo
3331 3966 3577 4040 pontifex

1981 4076 2204 4133 minime
2232 4071 2535 4139 annuisset,
2564 4068 2740 4123 victus
2767 4056 2989 4129 tandem
3019 4060 3440 4133 infatigabilibus
3459 4056 3577 4132 ejus

1984 4168 2233 4240 precibus
2254 4163 2505 4221 assensit.
2534 4160 2636 4228 Qui
2663 4158 2869 4215 civibus
2890 4152 3239 4227 profectionis
3259 4166 3371 4208 suae
3396 4150 3578 4231 celans

1985 4271 2260 4333 negotium
2292 4255 2751 4330 (quandoquidem
2774 4253 2817 4310 si
2846 4251 2903 4307 id
2932 4250 3230 4312 novissent,
3270 4245 3578 4301 nullatenus

1987 4356 2065 4410 illi
2086 4367 2302 4424 quoque
2338 4358 2499 4421 pacto
2528 4343 2970 4417 acquievissent),
3004 4348 3207 4413 quanto
3236 4338 3465 4395 celerius
3487 4348 3576 4408 po-

1989 4446 2108 4511 tuit,
2141 4426 2244 4498 iter
2270 4457 2392 4498 cum
2421 4438 2720 4511 apostolica
2749 4434 3129 4492 benedictione
3157 4432 3405 4502 arripuit.

2062 4536 2149 4592 19.
2178 4535 2307 4592 Haec
2330 4532 2536 4589 interea
2564 4530 2633 4586 ad
2661 4528 2908 4586 notitiam
2934 4526 3122 4609 populi
3137 4524 3380 4581 veniunt.
3432 4520 3578 4577 Una-
3674 4570 3682 4578 .

1992 4735 2115 4790 pars
2137 4716 2281 4788 regni
2308 4712 2373 4790 1V:
2367 4710 2799 4790 orthumbrorum,
2828 4708 2975 4790 cujus
3002 4705 3168 4758 altera
3187 4697 3580 4790 parsuBer‘nieia

1993 4770 2297 4843 dicituri...
2332 4784 2549 4855 Capitur
2587 4782 2744 4855 Deira
2770 4770 2928 4855 etiam
2965 4792 3059 4855 pro
3098 4770 3256 4855 regno
3286 4770 3581 4855 l‘V'orthu'm-

2173 4857 2258 4911 Ita
2308 4841 2447 4920 apud
2483 4852 2793 4920 monachum
2831 4841 3267 4920 Engolisnt.,'ii_t_
3300 4842 3432 4920 Vit._
3455 4841 3578 4920 (lar.

1992 4911 2140 5002 May;
2163 4911 2501 5002 Eardulphns
2531 4932 2625 5002 rex
2646 4911 3196 5002 -ΙξὲρνᾳίιηξιῐιΙηὈιΊιηιζ
3217 4913 3270 5002 id
3287 4912 3471 5002 gst‘de
3500 4911 3581 4994 l_r-

1986 4983 2149 5055 lauda
2194 4983 2379 5053 insula'
2399 4997 2522 5065 (imo
2554 4991 2620 5043 de
2646 4985 3255 5065 Deirlanhdanprovincia)
3287 4983 3579 5039 Britannia:

1994 5072 2201 5141 pulsus,
2224 5069 2290 5141 ad
2318 5056 2814 5141 imperatorem-an.
2849 5056 2955 5141 808_
2979 5058 3149 5141 yepit.

2070 5140 2089 5179 ῖ
2120 5126 2204 5193 Al;
2241 5126 2431 5190 llo/rel.
2466 5130 2622 5186 Beda:
2642 5129 2777 5195 Elle,
2812 5130 2949 5198 Quod
2977 5128 3141 5198 habet
3162 5126 3375 5181 Belvac.

2065 5221 2091 5258 s
2118 5208 2361 5263 Bolland.
2397 5212 2452 5284 et
2491 5202 2675 5284 Gussp
2706 5202 2780 5284 ad
2802 5194 3005 5254 laudem
3036 5197 3135 5284 ‘Dei
3175 5206 3315 5284 erat,
3365 5194 3583 5278 alleluia

1993 5298 2022 5336 ο
2059 5287 2312 5335 orteret...
2382 5267 2679 5329 decantari..
2720 5271 2788 5325 Et
2850 5285 2981 5326 sane
3039 5269 3208 5338 liquet
3257 5267 3579 5335 Gregorium

1993 5299 2239 5475 anlusisse
2264 5348 2331 5402 ad
2350 5346 2571 5401 verbum
2597 5342 2828 5410 alleluia,
2857 5340 3003 5412 quod
3029 5336 3314 5409 signiﬁcat,
3350 5335 3584 5389 Laudate

2045 5439 2179 5475 eum.

2212 5489 2346 5545 Cod.
2380 5487 2628 5543 Moissac.
2655 5493 2710 5540 et
2747 5485 2802 5538 in
2831 5482 2901 5537 al.
2945 5480 3238 5536 Audomar.
3263 5517 3277 5542 ,
3310 5491 3418 5545 quo
3464 5473 3585 5529 Bol-

1995 5545 2302 5618 landdusus
2330 5567 2450 5614 est:
2487 5556 2638 5621 Quod
2668 5557 2784 5608 dum
2815 5554 3059 5624 perﬁcere
3100 5567 3204 5624 non
3244 5554 3432 5624 posset,
3454 5545 3585 5624 quia

1995 5615 2355 5705 elsiwpontifen
2374 5615 2673 5705 concederet
2702 5669 2716 5691 ,
2747 5615 2835 5705 ille
2860 5615 2996 5705 quod
3024 5615 3579 5705 petierat-pelletJAu.

1999 5684 2357 5771 dvolnrar,i,i'illi
2403 5701 2537 5769 quod
2565 5684 2826 5771 petierat).
2870 5684 2995 5771 Non
3024 5684 3195 5771 tamen
3225 5688 3357 5771 cives
3390 5684 3587 5771 Roma-

2001 5757 2197 5840 ut
2219 5757 2329 5827 tam
2359 5757 2509 5840 longe
2533 5757 2595 5822 ab
2620 5767 2743 5820 urbe
2770 5757 3050 5840 secederet,
3073 5764 3299 5840 putaret.
3314 5757 3586 5840 permitte-

2002 5828 2311 5905 re.i'Moi5s.,
2362 5828 2490 5895 Μυίᾶς
2531 5850 2584 5891 ut
2631 5841 2739 5908 ipse
2784 5834 3131 5908 pontificatus
3168 5828 3333 5908 ofﬁcio
3378 5829 3585 5900 {unctus

2004 5896 2373 5990 enipeum
2397 5896 2741 5981 desideratum
2770 5896 3002 5980 perfecit,
3032 5907 3093 5957 ut
3118 5896 3279 5959 infra.
