4118 6460
562 368 627 429 Cl
1279 364 1339 423 S.
1379 360 1708 422 GREGORll
1748 361 1961 421 MhGNl
2001 359 2185 429 VITA,
2219 359 2544 418 AUCTORE
2578 358 2806 419 ΡΜ]ιο
2843 358 3155 419 DlAGONO.
3764 359 3849 417 5!

570 482 700 538 nimi
722 480 972 537 condicto
994 490 1182 535 omnes
1222 477 1392 532 urbici
1415 493 1478 532 ac
1499 475 1813 542 suburbani,
1840 474 1926 529 vel
1948 473 2149 545 quiquo
2176 476 2222 536 Α
2252 471 2389 528 Ecce
2418 475 2596 547 lingua
2627 475 2936 541 Britannice,
2968 492 3083 547 qua
3111 472 3246 529 nihil
3273 472 3418 528 aliud
3445 480 3654 528 noverat
3681 488 3853 545 quam

569 573 847 627 audientes
879 585 1160 627 occanere
1217 578 1529 640 potuerunt,
1576 584 1695 624 sese
1737 568 1791 622 in
1828 575 1938 623 tres
1967 574 2148 637 partes

567 663 835 729 dividunt,
868 672 922 717 et
950 661 1314 731 prolicrsceuti
1345 661 1643 730 apostolico
1686 659 1898 726 Pelagio
1943 658 2009 712 ad
2049 656 2149 712 Ec-

569 754 791 807 clesiam
844 752 1016 807 sancti
1082 750 1245 813 Petri,
1317 751 1539 805 terribili
1595 764 1730 804 voce
1778 749 2145 803 conclamant:

567 842 693 910 Eia,
722 843 1018 913 apostolice,
1062 843 1184 913 quid
1232 843 1427 913 egisti?
1457 842 1708 897 Sanctum
1739 840 1956 894 Petrum
1979 841 2146 909 o/fen-

567 933 689 985 disti
714 973 729 1000 ,
761 931 981 986 Romam
1028 932 1345 999 destruwisti,
1378 931 1679 1004 Gregorium
1709 948 1812 985 non
1843 940 1945 986 tam
1991 932 2149 985 dimi-

566 1024 681 1076 sisti
697 1038 847 1091 quam
860 1022 1122 1093 expulisti.
1152 1022 1246 1076 llis
1268 1039 1396 1091 ergo
1426 1024 1645 1079 vocibus
1675 1022 2002 1077 horribiliter
2022 1037 2148 1091 per—

566 1122 745 1168 motus
807 1112 1047 1183 pontifex
1093 1115 1457 1183 populumque
1507 1112 2151 1175 vehementissimeme-

565 1212 742 1269 tuens,
770 1211 893 1273 post
921 1218 1042 1258 eum
1090 1220 1296 1260 summa
1321 1221 1441 1260 cum
1472 1204 1832 1269 festinatione,
1865 1212 1919 1258 et
1940 1202 2149 1271 obliga-

566 1295 730 1350 tionis
760 1303 820 1349 ut
859 1296 1179 1364 quantocius
1220 1296 1445 1353 Romam
1495 1296 1691 1351 rediret
1744 1294 2147 1361 interdictione,

567 1386 785 1442 direxit.

634 1477 723 1532 20.
757 1478 865 1534 Sed
895 1485 1182 1547 antequam
1204 1479 1353 1534 missi
1384 1492 1505 1533 eum
1551 1477 1801 1542 adissent,
1844 1476 2006 1531 trium
2036 1474 2151 1529 die-

565 1584 683 1623 rum
736 1568 847 1636 jam
885 1567 1131 1625 confecto
1173 1569 1385 1636 itinere,
1433 1568 1557 1623 dum
1607 1567 1745 1621 idem
1796 1567 1876 1619 vir
1922 1563 2148 1632 domini,

565 1659 877 1728 Gregorius,
909 1668 966 1714 ut
994 1661 1097 1714 iter
1124 1660 1403 1729 agentibus
1446 1659 1612 1714 moris
1641 1668 1743 1722 est,
1770 1658 1914 1712 circa
1938 1664 2151 1712 sextam

565 1753 754 1807 horam
783 1753 837 1806 in
862 1752 1099 1823 quodam
1126 1761 1284 1822 prato
1311 1752 1473 1807 sociis
1501 1749 1822 1821 quibusdam
1863 1748 2149 1817 quiescen-

2253 568 2529 623 barbarum
2578 570 2815 641 frendere
2838 608 2854 635 ,
2880 570 2994 641 jam
3041 568 3232 622 dudum
3281 568 3337 621 in
3382 567 3566 621 divinis
3596 566 3855 621 laudibus

2254 663 2479 719 Hebrwa
2505 668 2653 734 erepit
2674 666 2825 718 verba
2870 680 3073 717 sonare.
3107 661 3241 715 Ecce
3282 662 3544 732 quondam
3571 661 3794 713 tumidus
3829 699 3857 726 ,

2246 755 2360 824 jam
2414 758 2703 807 substratus
2752 762 3046 806 sanctorum
3096 749 3309 820 pedibus
3356 750 3509 803 servit
3558 748 3799 802 Oceanus
3828 784 3853 810 ν

2253 846 2463 915 ejusque
2481 844 2732 897 barbaros
2755 853 2943 908 motus,
2977 859 3102 913 quos
3134 842 3322 894 terreni
3352 840 3611 911 principes
3630 840 3853 892 edoma-

2255 952 2310 989 re
2362 937 2498 1005 ferro
2550 934 2900 1005 nequiverant,
2949 934 3040 987 hos
3102 948 3194 1002 per
3233 932 3463 985 divinam
3512 931 3853 1001 formidinem

2255 1026 2581 1079 sacerdotum
2638 1043 2731 1079 ora
2784 1026 3101 1095 simplicibus
3163 1024 3325 1077 verbis
3395 1024 3599 1093 ligant;
3658 1031 3707 1076 et
3757 1023 3852 1092 qui

2255 1125 2485 1170 catervas
2528 1118 2871 1187 pugnantium
2920 1116 3148 1185 inﬁdelis
3198 1109 3522 1186 nequaquam
3568 1124 3852 1179 metueret.

2248 1205 2363 1276 jam
2391 1224 2524 1261 nunc
2552 1208 2722 1277 ﬁdelis
2764 1208 3028 1261 humilium
3075 1210 3282 1277 linguas
3328 1209 3490 1261 timet.
3535 1208 3669 1272 Quia
3710 1210 3855 1263 enim

2256 1300 2506 1367 perceptis
2528 1298 2816 1352 caelestibus
2840 1298 3026 1364 verbis,
3050 1299 3447 1352 clarescentibus
3467 1316 3661 1371 quoque
3682 1300 3854 1353 mira-

2256 1390 2387 1443 culis
2415 1392 2578 1444 virtus
2605 1390 2651 1443 ei
2695 1390 2884 1443 divini:
2926 1390 3234 1459 cognitionis
3262 1391 3576 1460 infunditur,
3617 1391 3855 1461 ejusdem

2257 1479 2557 1535 Divinitatis
2598 1489 2791 1535 terrore
2830 1481 3142 1549 refrenatur,
3184 1489 3240 1532 ut
3267 1496 3421 1549 praue
3450 1496 3604 1550 agere
3630 1488 3854 1548 metuat,

2258 1587 2319 1624 ac
2361 1573 2481 1625 totis
2530 1571 2799 1625 desideriis
2828 1571 2898 1623 ad
2925 1572 3230 1624 wternitatis
3268 1572 3493 1641 gratiam
3524 1573 3694 1625 venire
3723 1588 3851 1626 con-

2257 1661 2509 1731 cupiscat.
2542 1660 2693 1727 Quod
2720 1669 2893 1715 totum
2923 1670 2981 1714 ut
3008 1661 3174 1723 fieret,
3210 1662 3283 1714 ita
3312 1662 3487 1717 eidem
3517 1662 3680 1717 beato
3706 1662 3851 1719 Gre-

2258 1754 2412 1822 gorio
2440 1754 2610 1822 gratia
2637 1753 2814 1808 divina
2840 1753 3127 1818 concessit,
3157 1762 3213 1806 ut
3237 1753 3432 1807 merito
3452 1754 3521 1808 ab
3550 1753 3852 1822 Anglorum

566 1844 706 1899 tibus
729 1884 743 1910 ,
777 1844 895 1899 aliis
925 1852 1104 1899 autem
1142 1844 1514 1900 assistentibus
1544 1842 1627 1896 vel
1658 1842 1959 1910 quibusque
1984 1839 2149 1894 rebus
2182 1860 2228 1919 Β
2258 1845 2467 1916 populis
2514 1846 2707 1901 debeat
2747 1845 3024 1915 apostolus
3072 1844 3367 1914 appellari:
3410 1844 3535 1914 quia
3585 1846 3687 1900 etsi
3725 1846 3853 1901 aliis

564 1933 882 1989 necessariis
918 1934 1196 2004 occupatis
1248 1934 1461 1988 sederet
1509 1940 1566 1987 et
1610 1932 1830 2000 legeret,
1885 1928 2031 1984 venit
2080 1926 2151 1984 ad

564 2036 685 2077 eum
718 2024 942 2090 locusta,
968 2033 1022 2080 et
1050 2026 1185 2079 dans
1206 2026 1399 2081 saltum
1432 2024 1640 2094 pagina:
1668 2037 1831 2091 quam
1862 2034 2151 2091 percurre-

563 2117 673 2183 bat,
719 2117 931 2172 insedit.
964 2116 1311 2187 Cernensque
1339 2132 1458 2172 eam
1489 2117 1679 2172 beatus
1720 2112 2009 2183 Gregorius
2042 2120 2152 2166 tam

561 2218 858 2283 mansuete.
888 2210 1008 2265 loco
1056 2226 1165 2279 quo
1213 2211 1489 2265 assederat
1538 2222 1857 2279 permanere
1882 2247 1895 2272 ,
1927 2205 2091 2276 cmpit
2124 2212 2153 2244 ι

563 2302 843 2356 collcetans
879 2302 1151 2357 sodalibus
1180 2302 1348 2371 ipsius
1383 2316 1581 2357 nomen
1624 2301 1969 2369 reciprocans
1998 2296 2153 2368 quasi

562 2393 941 2462 interpretari:
976 2391 1224 2458 Locusta,
1260 2394 1498 2461 inquam,
1531 2390 1557 2430 δ
1589 2408 1648 2445 eo
1679 2391 1779 2445 dici
1806 2398 1993 2460 potest,
2024 2405 2152 2459 qua-

564 2484 609 2536 si
625 2484 735 2537 loco
760 2492 873 2548 sta;
904 2491 960 2539 et
981 2483 1329 2553 subjungens,
1347 2480 1546 2547 sciatis,
1574 2482 1760 2550 inquit,
1782 2498 1884 2535 non
1906 2496 2151 2551 progres-

567 2576 672 2627 sius
702 2592 795 2628 nos
822 2578 917 2627 iter
961 2586 1181 2644 emptum
1220 2576 1375 2628 licere
1404 2574 1726 2644 protendere.
1781 2570 2152 2623 Verumtamen

566 2667 778 2735 surgite,
800 2674 847 2719 et
870 2667 1103 2735 jumenta
1124 2668 1352 2731 sternite,
1376 2674 1690 2737 utquautum
1712 2665 1912 2717 licuerit
1934 2680 2031 2731 quo
2052 2670 2156 2715 ten-

565 2757 733 2810 dimus
760 2774 1107 2826 properemus.
1126 2758 1257 2811 Dum
1279 2766 1459 2812 autem
1490 2758 1614 2811 hinc
1640 2764 1825 2811 mutuo
1840 2755 2154 2810 confabula-

565 2856 771 2913 rentur,
797 2858 850 2902 et
878 2863 1061 2902 secum
1079 2858 1409 2917 quaererent,
1430 2857 1790 2917 pervenerunt
1822 2848 1969 2901 missi
1992 2861 2151 2916 apos-

567 2941 711 2995 tolici
726 2942 877 3009 equis
908 2942 1220 2996 sudantibus
1250 2951 1304 2996 et
1330 2942 1617 2996 admodum
1654 2942 1885 3010 fatigatis
1906 2981 1918 3003 ,
1953 2940 2153 2993 statim-

564 3046 666 3099 que
698 3032 773 3084 illi
793 3048 914 3086 cum
944 3046 1134 3099 magna
1158 3033 1436 3087 celeritate
1454 3033 1737 3102 epistolam
1763 3047 1923 3101 quam
1950 3030 2152 3084 detule-

564 3132 685 3177 rant
714 3134 1090 3192 porrexerunt,
1122 3140 1228 3195 qua
1259 3126 1517 3194 perlecta,
1550 3128 1624 3180 ita
1653 3136 1750 3192 est,
1782 3128 1972 3195 inquit,
1999 3126 2152 3191 socii,

564 3226 618 3269 ut
646 3217 1017 3287 praedixeram,
1049 3216 1268 3271 Romam
1291 3219 1503 3271 celerius
1536 3220 1899 3274 remeabimus.

633 3308 723 3361 21.
775 3307 999 3377 Talique
1044 3310 1233 3365 ordine
1259 3309 1472 3364 interim
1512 3311 1677 3364 dilato
1706 3326 1815 3365 sure
1844 3312 2152 3368 devotionis

564 3400 780 3467 effectu,
814 3418 938 3456 mox
970 3411 1027 3455 ut
1056 3403 1168 3472 ipse
1211 3403 1549 3472 pontiﬁcatus
1591 3403 1767 3458 ofﬁcio
1795 3404 2007 3458 functus
2044 3415 2149 3473 est,

566 3506 700 3559 opus
722 3491 812 3546 diu
835 3491 1195 3546 desideratum
1224 3491 1471 3562 perfecit,
1495 3493 1629 3549 alios
1654 3493 1868 3564 quidem
1901 3496 2155 3563 pradica-

563 3589 710 3639 tores
732 3584 969 3646 mittens,
999 3586 1092 3639 sed
1123 3586 1237 3655 ipse
1264 3586 1698 3656 praedicationem
1720 3629 1734 3654 ,
1768 3597 1824 3643 ut
1858 3590 2148 3645 fructifica-

561 3686 684 3741 ret,
714 3679 824 3732 suis
855 3679 1324 3736 exhortationibus
1353 3696 1416 3737 ac
1444 3682 1689 3751 precibus
1716 3697 1811 3737 seu
1841 3684 2156 3739 muneribus

562 3766 809 3823 fulciens.
840 3770 1079 3840 Denique
1120 3772 1319 3828 direxit
1346 3773 1414 3827 ad
1445 3773 1689 3828 eamdem
1710 3773 1938 3827 insulam
1964 3787 2155 3829 servos

560 3860 655 3915 Dei
693 3872 714 3899 ε
743 3861 1001 3917 Mellitum
1029 3903 1044 3930 ,
1077 3865 1430 3933 Augustinum
1461 3874 1515 3921 et
1545 3864 1828 3931 Joannem,
1863 3881 1986 3920 eum
2016 3864 2156 3918 mul-

562 3954 629 4007 tis
655 3954 774 4007 aliis
805 3954 971 4009 Deum
1015 3957 1325 4011 timentibus
1354 3958 1666 4018 monachis;
1698 3958 1788 4025 qui
1820 3957 1957 4010 intra
1992 3956 2155 4011 breve

563 4046 826 4113 temporis
852 4048 1107 4116 spatium,
1141 4048 1167 4086 ιι
1198 4063 1378 4116 regem
1411 4050 1558 4103 illum
1588 4050 1677 4118 qui
1708 4049 1760 4102 in
1794 4049 1969 4117 capite
2010 4050 2157 4103 insu-

565 4137 632 4191 la:
663 4140 977 4194 morabatur
1004 4157 1126 4196 cum
1157 4158 1254 4196 suo
1283 4142 1484 4211 populo
1514 4149 1917 4195 converterunt.
1950 4142 2157 4205 Quibus

563 4229 822 4286 Dominus
854 4240 1058 4286 tantam
1101 4232 1467 4287 faciendorum
1515 4232 1893 4286 miraculorum
1923 4230 2155 4298 gratiam

564 4324 813 4389 contulit,
855 4332 913 4378 ut
957 4325 1177 4378 verbum
1226 4324 1347 4379 ﬁdei
1376 4322 1521 4392 quod
1552 4339 1648 4377 ore
1677 4322 2061 4392 prtedicabant,
2082 4321 2157 4375 si-

566 4427 795 4481 gnorum
838 4414 1079 4468 efficacia
1109 4414 1510 4469 conﬁrmarent.
1564 4412 1713 4467 Unde
1742 4412 1938 4468 factum
1986 4421 2069 4467 est
2097 4419 2155 4466 ut

566 4505 749 4574 paucis
778 4505 1114 4559 elabentibus
1159 4504 1331 4566 annis,
1374 4504 1536 4558 etiam
1567 4511 1590 4540 °
1621 4503 1801 4559 caeteri
1842 4502 2027 4556 insula:
2074 4502 2153 4570 ip-

2259 1953 2369 1992 non
2396 1946 2481 1992 est
2501 1938 2796 2007 apostolus,
2828 1937 2921 1992 sed
2950 1944 3125 1991 tamen
3155 1936 3257 1991 illis
3280 1944 3362 1991 est
3392 1951 3406 2001 ;
3439 1951 3564 1991 nam
3596 1936 3852 2005 signacab

2258 2028 2368 2083 lum
2391 2028 2726 2099 apostolatus
2742 2027 2856 2097 ejus
2880 2028 2980 2097 ipsi
3001 2027 3193 2082 suntin
3210 2026 3439 2082 Domino
3456 2025 3510 2097 (Ι
3524 2025 3646 2081 Cor.
3663 2042 3737 2092 ιι,
3766 2026 3851 2089 2).

2328 2121 2419 2175 22.
2449 2120 2567 2176 Jam
2591 2137 2721 2176 vero
2744 2130 2921 2175 utrum
2959 2120 3224 2190 aliquibus
3251 2121 3331 2174 vir
3372 2120 3474 2175 iste
3503 2120 3640 2174 tanti
3671 2119 3853 2176 meriti

2261 2214 2534 2269 miraculis
2562 2212 2816 2268 claruerit
2847 2254 2865 2281 ,
2894 2213 3165 2283 superfluo
3192 2212 3450 2282 quaeritur
3472 2252 3486 2279 ,
3530 2212 3675 2283 quod
3728 2212 3855 2268 luco

2261 2307 2459 2360 clarius
2480 2313 2693 2360 constat
2722 2303 2862 2375 quod
2891 2305 2936 2358 is
2958 2305 3050 2373 qui
3079 2305 3337 2359 virtutum
3367 2305 3517 2374 signa
3548 2304 3660 2359 suis
3686 2303 3850 2360 meri-

2264 2396 2332 2451 tis
2354 2397 2542 2460 valuit,
2576 2398 2692 2451 aliis
2723 2411 2938 2467 quoque
2980 2396 3195 2450 Christo
3240 2395 3501 2465 largiente
3544 2396 3854 2465 acquirere,

2262 2488 2310 2542 si
2350 2488 2618 2556 exegisset
2648 2487 3043 2557 Opportunitas,
3078 2486 3283 2542 facilius
3309 2496 3523 2557 poterat
3549 2486 3663 2542 hate
3684 2486 3852 2543 etiam

2262 2580 2377 2649 ipse
2414 2582 2729 2647 promereri.
2760 2579 2864 2633 Sed
2896 2595 2962 2633 ne
2989 2579 3071 2633 bis
3098 2579 3189 2649 qui
3220 2594 3341 2634 cum
3371 2564 3565 2634 Judaais
3592 2580 3742 2648 signa
3771 2580 3853 2635 νίς

2262 2673 2436 2727 sibilia
2467 2672 2533 2725 ad
2559 2670 2943 2725 ostendendam
2991 2670 3332 2726 sanctitatem
3378 2679 3663 2741 expetunt,
3691 2670 3853 2727 satis-

2260 2764 2423 2819 factio
2453 2762 2622 2828 desit,
2649 2772 2704 2817 et
2732 2762 2835 2816 illis
2870 2762 2961 2831 qui
2986 2771 3296 2817 sanctorum
3322 2762 3590 2832 exemplis
3619 2761 3687 2815 ad
3727 2776 3851 2817 me«

2262 2854 2397 2908 liora
2428 2853 2645 2908 accendi
2688 2862 2742 2907 et
2788 2853 3013 2922 provehi
3042 2860 3290 2921 quaerunt
3328 2851 3611 2907 aediﬁcatio
3640 2853 3853 2921 prosit,

2260 2947 2506 3017 quasdam
2546 2954 2763 3000 autumo
2805 2944 3086 3000 referenda
3112 2987 3129 3013 ,
3164 2960 3284 3014 quae
3312 2960 3410 3015 per
3438 2960 3560 2999 eum
3590 2944 3855 2999 Dominus

2262 3039 2329 3092 ad
2362 3038 2707 3092 excitandum
2751 3049 2807 3091 et
2831 3036 3291 3092 eorroborandum
3320 3044 3518 3090 nostra:
3544 3034 3742 3090 mentis
3770 3043 3854 3089 te—

2262 3145 2470 3198 porem,
2504 3137 2557 3181 et
2582 3129 2663 3197 (ut
2715 3129 2791 3182 sic
2822 3128 3020 3183 dictum
3066 3128 3156 3196 sit)
3187 3125 3325 3181 forte
3353 3124 3723 3181 infidelitatem
3754 3140 3854 3194 po-

2181 3220 2228 3299 'C
2262 3220 2368 3273 tius
2400 3234 2562 3287 quam
2594 3219 2972 3288 ignorantiam,
3004 3218 3117 3273 ﬁeri
3142 3226 3196 3273 et
3225 3215 3552 3272 manifestari
3591 3214 3854 3270 decrevit.

2332 3311 2420 3365 25.
2448 3310 2616 3364 Mater
2637 3310 2865 3365 familias
2894 3312 3139 3380 quardam
3168 3309 3361 3363 nobilis
3378 3308 3564 3363 eratin
3593 3306 3697 3361 hac
3719 3306 3855 3362 civi-

2262 3411 2375 3457 tate
2410 3402 2650 3455 Romana
2689 3443 2701 3467 ,
2746 3417 2864 3469 qum
2909 3401 3183 3467 religionis
3232 3408 3287 3454 et
3334 3398 3633 3453 devotionis
3673 3396 3855 3452 studio

2266 3495 2285 3534 ί
2313 3497 2612 3551 oblationes
2638 3494 2835 3559 facere,
2869 3505 2922 3549 et
2950 3493 3036 3549 die
3068 3493 3343 3548 Dominica
3359 3492 3426 3546 ad
3453 3492 3735 3548 ecclesiam
3760 3492 3853 3545 de-

2262 3586 2422 3652 ferre,
2454 3603 2771 3655 summoque
2811 3586 3050 3656 pontifici
3083 3584 3462 3640 ecclesiasticae
3504 3582 3853 3639 consuetudi-

2260 3681 2344 3734 nis
2381 3688 2437 3734 et
2466 3679 2844 3734 familiaritatis
2886 3678 3129 3747 ejusdem
3176 3679 3346 3747 gratia
3378 3676 3574 3732 offerre
3621 3677 3854 3732 solebat.

2260 3770 2390 3838 Quae
2419 3787 2538 3825 cum
2568 3771 2799 3841 quadam
2837 3770 2927 3826 die
2964 3786 3029 3824 ex
3058 3785 3206 3825 more
3246 3770 3314 3824 ad
3343 3767 3853 3825 communicandum

2261 3864 2331 3920 de
2380 3880 2541 3918 manu
2593 3864 2875 3932 apostolici
2908 3864 3095 3918 ordine
3147 3878 3245 3917 suo
3290 3862 3609 3928 accederet,
3668 3861 3855 3929 illique

2261 3955 2501 4027 pontifex
2524 3957 2683 4010 offam
2708 3956 2967 4011 Dominici
2990 3955 3235 4024 corporis
3258 3954 3610 4023 perrexisset,
3629 3952 3850 4007 dicens:

2266 4060 2289 4095 κ
2323 4048 2520 4119 Corpus
2549 4048 2762 4101 Domini
2792 4048 2954 4101 nostri
2981 4047 3103 4101 Jesu
3133 4047 3323 4101 Christi
3362 4047 3527 4116 prosit
3556 4044 3649 4098 tibi
3675 4046 3727 4097 in
3772 4060 3854 4097 re-

2264 4140 2559 4193 missionem
2608 4140 2832 4192 omnium
2882 4149 3237 4209 peccatorum,
3285 4146 3335 4191 et
3382 4138 3538 4191 vitam
3575 4146 3848 4201 (sternam,

2261 4230 2503 4285 subrisit.
2528 4229 2681 4295 Quod
2702 4230 2784 4283 vir
2799 4230 3008 4283 Domini
3036 4245 3283 4294 cernens,
3313 4227 3388 4283 illi
3414 4226 3851 4283 communionem

2261 4338 2473 4378 sacram
2525 4323 2779 4384 retraxit,
2814 4330 2868 4376 et
2894 4322 3181 4391 separatim
3230 4338 3391 4389 super
3434 4321 3603 4376 altare
3648 4320 3852 4390 posuit,

2262 4428 2491 4480 eamque
2520 4412 2750 4467 diacono
2778 4414 3091 4468 servandam
3125 4412 3423 4482 usquedum
3454 4413 3632 4467 cuncti
3666 4413 3851 4468 fideles

2260 4506 2727 4560 communicarent
2771 4505 3003 4559 tradidit.
3040 4505 3267 4576 Expleto
3298 4521 3428 4560 vero
3458 4520 3613 4560 sacro
3648 4513 3851 4575 myste-

565 4596 675 4651 sius
704 4610 877 4665 reges,
908 4612 1026 4651 cum
1058 4597 1140 4650 bis
1168 4597 1257 4664 qui
1288 4596 1364 4651 cis
1393 4604 1549 4650 erant
1576 4594 1827 4671 subjecti,
1856 4594 1924 4649 ad
1948 4594 2149 4649 Christi
2180 4608 2230 4667 ι)
2255 4598 2360 4662 rio,
2397 4598 2748 4666 interrogavit
2772 4613 2888 4652 eam
2919 4600 3110 4652 beatus
3136 4597 3441 4666 Gregorius,
3474 4598 3660 4653 dicens
3685 4615 3698 4650 :
3730 4595 3847 4667 Dic,

565 4688 776 4743 Domini
822 4690 977 4743 ﬁdem
1020 4689 1360 4743 accederent.
1410 4688 1486 4742 De
1524 4688 1674 4757 cujus
1714 4690 1888 4757 gentis
1933 4703 2154 4743 conver-

565 4779 718 4833 sione
763 4780 921 4832 simul
960 4787 1015 4833 et
1060 4778 1444 4833 miraculorum
1487 4780 1763 4849 prodigiis,
1792 4795 1911 4847 qua:
1956 4779 2152 4833 ibidem

492 4932 495 4935 Α
568 4870 785 4935 fiebant,
820 4872 887 4923 ita
920 4871 1108 4926 beatus
1137 4868 1426 4940 Gregorius
1466 4871 1519 4925 in
1554 4871 1699 4927 libris
1730 4870 2020 4925 Moralibus
2056 4871 2156 4941 ιο

568 4962 814 5029 perhibet
842 4960 981 5032 (Lib.
1008 4978 1173 5029 xxvu,
1197 4963 1338 5015 olim.
1365 4978 1411 5016 c.
1440 4960 1472 5015 6
1494 5002 1509 5027 ,
1541 4979 1676 5015 nunc
1707 4978 1759 5015 η.
1783 4960 1895 5031 21),
1928 4958 2111 5015 dicens
2138 4977 2151 5013 :

645 5106 667 5129 κ
720 5095 793 5148 lta
843 5094 1086 5149 Bolland.
1135 5112 1255 5149 cum
1298 5096 1511 5151 Belvac.
1537 5106 1591 5150 et
1627 5095 1837 5151 Gemet.
1871 5094 2145 5152 Mabillon.

571 5166 1023 5289 leggtncglllle‘ctltzzgz.
1048 5164 1306 5221 Neutrum
1339 5166 1501 5223 habet
1526 5165 1846 5222 Gussanvill.

748 5252 864 5299 ou.,
897 5252 1023 5290 nwc.

646 5318 666 5344 ο
703 5305 852 5360 Prior
898 5307 1162 5377 nominari
1191 5307 1373 5362 debuit
1418 5309 1761 5377 Augustinus.
1806 5306 2037 5361 Mellitus
2066 5318 2153 5362 se-

574 5377 749 5433 cundo
794 5378 915 5431 loco
957 5375 1053 5430 fuit
1094 5378 1287 5433 missus
1326 5379 1378 5431 in
1429 5375 1722 5433 subsidium
1769 5377 2046 5447 Augustini
2094 5385 2153 5447 et

571 5450 864 5519 sociorum.
900 5447 974 5501 De
1023 5448 1233 5503 Joanne
1260 5464 1393 5503 vero
1450 5450 1582 5504 nihil
1623 5451 1818 5519 legitur
1864 5446 1967 5503 aut
2013 5446 2156 5517 apud

516 5574 517 5577 η
568 5514 766 5590 Joann.
799 5517 946 5571 Diae.
978 5520 1237 5590 aut_apud
1268 5519 1484 5573 Bedam.
1681 5514 1701 5519 ’
2047 5514 2069 5537 Ἀ

644 5585 668 5625 δ
699 5588 1035 5652 Cantiorum,
1064 5585 1431 5644 Ethelbertum
1464 5590 1701 5645 nomine.

648 5668 671 5693 θ
713 5660 787 5713 Ita
818 5658 944 5714 Mss.
978 5660 1046 5712 At
1077 5660 1412 5714 Mombritius
1445 5662 1637 5730 (quem
1666 5660 1907 5726 sequitur
1936 5658 2091 5712 Guss.
2116 5659 2159 5727 ),

574 5730 957 5802 ewtereeetiam
988 5730 1191 5802 insu_ltc,
1224 5741 1270 5781 et
1302 5732 1529 5799 ipsufttm
1559 5749 1720 5802 reges.
1755 5731 1899 5784 Inter
1928 5731 2032 5802 hos
2052 5730 2163 5798 pri-

572 5816 691 5856 mus
721 5799 818 5853 fuit
840 5810 1058 5855 sanctus
1082 5799 1336 5856 Edwinus
1360 5799 1839 5855 Northumbrorum
1870 5816 1985 5867 rex,
2005 5801 2164 5854 ducta

576 5870 630 5928 in
658 5886 881 5927 uxorem
916 5880 1099 5927 sancta
1144 5870 1486 5942 Ethelburga,
1528 5871 1821 5928 Ethelberti
1866 5874 2004 5941 regis
2036 5872 2159 5927 ﬁlia.

138 6160 629 6450 Δ
1428 6234 1433 6237 ·
2093 6444 2145 6448 κ

2262 4706 2407 4759 rogo,
2440 4687 2563 4758 quid
2593 4690 2735 4740 cordi
2768 4700 2850 4741 tuo
2872 4690 3150 4753 emerserit,
3184 4705 3297 4741 ctun
3326 4688 3849 4747 communicaturum

2262 4763 2414 4832 sisti?
2436 4776 2504 4828 At
2520 4776 2605 4827 illa
2628 4793 2640 4827 :
2670 4775 2979 4846 Recognovi,
3002 4777 3190 4845 inquit,
3210 4780 3591 4847 portiunculam
3619 4778 3763 4831 illam
3782 4792 3849 4831 es

2263 4869 2443 4919 eadem
2475 4866 2735 4919 oblatione
2761 4866 2920 4933 fuisse
2940 4883 3093 4937 quam
3121 4884 3211 4937 ego
3240 4852 3475 4923 manibus
3503 4869 3630 4922 meis
3659 4870 3779 4939 feci,
3803 4878 3852 4922 et

2267 4958 2359 5013 tibi
2390 4957 2550 5013 obtuli
2578 4975 2593 5023 ;
2624 4965 2672 5011 et
2700 4974 2812 5011 cum
2836 4974 2949 5011 eam
2976 4967 3024 5011 te
3052 4960 3391 5016 intellexerim
3421 4978 3603 5017 cornus
3637 4960 3852 5016 Domini

2336 5093 2355 5131 τ
2401 5093 2536 5148 Nota
2569 5109 2632 5150 ex
2665 5094 2831 5148 veteri
2859 5109 3010 5150 more
3040 5095 3226 5164 laicos,
3264 5098 3423 5151 etiam
3455 5096 3724 5159 mulieres,
3760 5091 3846 5149 of-

2261 5165 2402 5235 ferre
2424 5166 2612 5235 solitos
2634 5180 2824 5233 panem
2850 5168 2981 5233 (imo
3003 5176 3055 5221 et
3075 5167 3277 5235 vinum)
3303 5168 3366 5220 ad
3391 5167 3845 5221 communionem.

2260 5234 2741 5307 HineGyprianus,’
2766 5237 2798 5288 Ι.
2828 5235 2894 5307 de
2921 5253 3073 5306 oper.
3093 5244 3147 5290 et
3170 5234 3850 5307 eleemosynis,exprobrat

2262 5304 2411 5377 diviti
2441 5304 2671 5377 femur-.13,
2704 5305 2847 5376 quod
2876 5308 2930 5359 in
2964 5304 3286 5361 Dominicum
3314 5304 3423 5362 sine
3453 5304 3711 5377 sacrificio
3750 5322 3847 5362 ve-

2262 5376 2423 5442 niret,
2454 5376 2597 5449 quod
2624 5387 2821 5449 partem
2849 5376 2912 5431 de
2936 5378 3194 5449 sgcriﬁcio
3216 5380 3351 5449 quod
3374 5395 3570 5449 pauper
3595 5376 3852 5433 obtulerat

2262 5456 2518 5569 surgeret.
2561 5447 2705 5518 Lege
2744 5446 2904 5517 Greg.
2950 5446 3179 5515 TurOn.,
3227 5446 3262 5502 l.
3303 5446 3381 5503 de
3406 5446 3557 5505 ϐιὸν.
3587 5448 3848 5519 confess.,

2262 5531 2311 5569 c.
2380 5534 2431 5569 ο.

2262 5531 2311 5573 C.
2343 5531 2431 5571 υἱ).

2338 5598 2361 5633 8
2400 5588 2555 5642 Joan.
2587 5589 2758 5649 Diac.,
2803 5588 2894 5641 lib.
2926 5605 2981 5652 ιι,
3012 5604 3058 5644 c.
3088 5589 3173 5655 ll,
3207 5591 3308 5645 alia
3337 5591 3498 5646 verba
3526 5588 3711 5657 refert,
3741 5591 3851 5647 sci:-

2250 5658 2426 5722 1icet,
2476 5658 2672 5729 Corpus
2718 5657 2927 5712 Domini
2973 5662 3133 5713 nostri
3184 5661 3306 5715 Jesu
3353 5660 3543 5717 Christi
3584 5673 3849 5718 conservet

2267 5731 2495 5783 animum
2547 5738 2722 5790 tuum.
2772 5744 2889 5796 qua:
2938 5733 3104 5798 magis
3148 5734 3409 5789 accedunt
3436 5734 3503 5790 ad
3530 5734 3846 5791 hodiernam

2268 5800 2548 5855 formulam
2577 5800 2763 5855 dandae
2787 5802 3194 5859 communionis.
3641 5807 3669 5832 ⁶
