4118 6466
973 369 1030 428 Β.
1073 369 1400 429 GREGORII
1439 371 1656 432 MAGNi
1694 373 1831 431 VlTl

1938 374 2236 434 tUCTORE
2271 374 2501 437 ΡΜ]ιο
2539 375 2851 437 οιΑσοΝο.

3467 377 3540 438 Μ

245 480 573 554 appellasse,
603 478 810 534 subrisi.
829 477 980 534 Tunc
1002 489 1222 537 sanctus
1240 482 1445 538 Domini
1463 483 1701 553 pontifex
1729 499 1844 539 ser-
1873 487 1924 550 Α
1949 492 2029 543 tes
2056 503 2271 559 semper
2299 490 2522 556 habens,
2550 505 2673 546 cum
2702 487 3051 560 explicuisset
3074 501 3265 545 eorum
3289 486 3539 544 celebra-

246 589 472 630 monem
508 571 704 627 exinde
732 570 939 626 iecitad
969 575 1250 644 populum,
1275 585 1330 628 et
1349 575 1596 630 hortatus
1617 583 1698 630 est
1727 591 1851 631 eum

249 673 307 718 ut
337 657 661 734 suppliciter
691 661 976 716 Dominum
1007 675 1277 730 exoraret,
1320 673 1585 733 quatenus
1613 666 1681 720 ad
1711 668 1851 724 mul-

254 759 438 807 torum
465 749 622 805 ﬁdem
648 752 1126 818 corroborandam,
1151 754 1326 808 carnis
1346 756 1517 810 oculis
1543 757 1853 814 ostenderet

249 845 380 916 quid
412 844 705 899 inﬁdelitas
735 843 896 913 hujus
941 846 1181 900 mulieris
1211 847 1410 900 mentis
1436 847 1604 902 oculis
1633 857 1686 904 et
1727 849 1851 904 ﬁdei

249 935 546 992 luminibus
577 939 675 1007 11
704 936 1020 1006 conspicere
1047 936 1339 991 debuisset.
1385 938 1540 1004 Quod
1569 954 1689 993 cum
1721 939 1852 995 fuis-

247 1037 331 1085 set
354 1037 572 1082 oratum
597 1066 611 1091 ,
641 1027 756 1097 ipse
785 1042 890 1081 una
930 1043 1050 1082 cum
1081 1027 1279 1096 populo
1306 1035 1361 1082 et
1389 1029 1576 1084 eadem
1621 1030 1850 1086 muliere

245 1118 314 1172 ab
339 1117 594 1172 oratione
618 1130 935 1185 exsurgens,
969 1118 1034 1172 ad
1062 1118 1232 1173 altare
1253 1119 1461 1172 cunctis
1482 1121 1846 1186 cernentibus,

245 1219 300 1265 et
323 1224 449 1264 sese
494 1210 560 1263 ad
592 1209 923 1265 cernendum
951 1209 1172 1264 caeleste
1199 1210 1569 1278 spectaculum
1615 1212 1848 1280 compri-

243 1305 544 1369 mentibus,
588 1304 928 1371 corporalem
970 1303 1166 1372 pallam
1192 1316 1212 1336 "
1247 1304 1472 1368 revelat,
1506 1313 1563 1358 et
1592 1304 1846 1359 universo

244 1395 448 1467 populo
491 1394 717 1464 ipsaque
743 1393 970 1448 muliere
996 1402 1308 1458 contuente,
1338 1391 1546 1463 partem
1572 1393 1718 1464 digiti
1746 1410 1845 1447 au-

244 1485 494 1540 ricularis
549 1484 810 1554 sanguine
865 1493 1202 1538 cruentatam
1255 1485 1500 1550 invenit,
1533 1493 1587 1540 et
1635 1485 1846 1541 mulieri

244 1563 412 1631 dixit:
469 1575 650 1640 Disce,
697 1577 932 1649 inquam,
973 1576 1177 1630 veritati
1204 1576 1281 1630 vel
1310 1577 1462 1632 modo
1482 1577 1598 1647 jam
1638 1578 1846 1632 credere

240 1667 763 1723 contestanti:Panis
785 1683 944 1738 quem
973 1681 1072 1737 ego
1097 1666 1183 1733 do,
1208 1684 1338 1724 caro
1366 1684 1483 1726 mea
1506 1677 1610 1736 est,
1629 1677 1684 1724 et
1713 1685 1843 1726 san-

241 1760 358 1828 guis
387 1777 549 1815 meus
563 1775 692 1815 vere
721 1769 804 1814 est
831 1768 991 1830 potus
1022 1759 1201 1832 (Joan.
1229 1775 1302 1828 v1,
1335 1759 1446 1832 5i).
1467 1761 1574 1816 Sed
1594 1763 1844 1831 prtescius

1955 583 2166 648 tiones,
2221 597 2449 651 quorum
2497 584 2737 652 reliquiae
2781 583 3120 655 petebantur,
3171 580 3536 652 particulatim

1952 672 2170 727 eosdem
2195 688 2401 741 pannos
2427 681 2790 738 consecratos,
2818 688 2980 743 super
3002 673 3197 742 quibus
3222 680 3411 728 sancta
3441 685 3535 725 cc-

1951 766 2286 833 lebraverat,
2338 766 2536 831 divisit,
2584 773 2639 820 et
2685 766 2906 833 singulis
2952 765 3260 833 singillatim
3304 765 3331 801 ά
3381 763 3540 818 buxis

1952 857 2208 926 imposuit
2232 874 2246 923 ;
2286 857 2614 937 monitisque
2637 856 2714 910 cis
2743 855 2918 922 sigillo
2947 871 3055 909 sua:
3081 862 3283 909 sanctae
3303 853 3542 908 auctori-

1951 947 2100 1014 tatis,
2132 945 2453 1015 petitoribus
2483 960 2583 998 usu
2628 943 2997 998 ecclesiastico
3039 942 3279 998 tradidit.
3309 943 3408 1008 Qui
3441 942 3540 996 de-

1950 1038 2061 1092 bita
2085 1053 2204 1093 cum
2225 1039 2593 1100 veneratione,
2618 1034 2996 1090 benedictione
3017 1033 3187 1104 petita
3209 1040 3264 1088 et
3291 1039 3537 1102 accepta,

1953 1129 2327 1198 suscipientes,
2373 1128 2595 1197 profecti
2653 1134 2778 1180 sunt
2827 1125 2971 1179 viam
3019 1140 3172 1178 suam
3220 1125 3534 1193 gaudentes.

1951 1220 2056 1275 Sed
2102 1219 2228 1274 dum
2260 1235 2356 1290 per
2399 1219 2704 1288 aliquantos
2744 1216 2860 1270 dies
2904 1211 3253 1284 regressionis
3281 1227 3390 1267 suae
3436 1213 3541 1267 iter

1951 1319 2256 1380 carperent,
2289 1311 2337 1364 ei
2382 1311 2470 1378 qui
2504 1313 2707 1377 primus
2734 1304 2945 1360 caeteris
2986 1303 3311 1368 habebatur,
3349 1304 3538 1357 *amica

1950 1401 2268 1455 humanitati
2295 1397 2565 1470 subripuit
2586 1398 2890 1462 curiositas,
2917 1394 3158 1464 dixitque
3182 1389 3456 1448 sodalibus
3478 1407 3538 1466 se

1949 1493 2112 1548 stulte
2143 1494 2272 1546 tanti
2326 1492 2535 1545 itineris
2570 1490 2776 1544 subisse
2817 1485 3077 1555 laborem,
3115 1501 3234 1541 cum
3265 1483 3540 1540 nescirent

1949 1584 2078 1654 quid
2109 1585 2332 1654 pretzosi
2372 1583 2591 1637 domino
2620 1595 2718 1635 suo
2748 1577 3029 1634 referrent.
3064 1573 3402 1632 Pedetentim
3443 1590 3541 1629 au-

1949 1684 2060 1730 tem
2115 1684 2393 1731 crescente
2438 1673 2727 1729 collatione
2772 1672 3082 1738 verborum,
3131 1679 3186 1725 et
3242 1669 3541 1724 virescente

1953 1769 2290 1838 ~uggestione
2315 1769 2612 1832 sociorum,
2646 1765 2936 1822 contractis
2964 1763 3272 1836 apostolicae
3304 1761 3539 1831 dignita-

239 1848 494 1905 Conditor
524 1857 700 1904 noster
727 1849 1048 1920 inﬁrmitatis
1097 1859 1308 1916 nostrae,
1352 1866 1416 1905 ea
1455 1857 1711 1922 potestate
1737 1867 1831 1923 qua

1947 1862 2015 1914 tis
2037 1859 2242 1928 sigillis,
2268 1869 2467 1928 aperta:
2488 1865 2614 1913 sunt
2633 1856 2892 1921 buxtulae,
2917 1865 2972 1911 et
2991 1855 3047 1910 in
3068 1853 3292 1924 singulis
3312 1853 3539 1922 singulas

237 1949 420 1993 cuncta
447 1941 572 2010 fecit
611 1955 675 1993 ea:
704 1938 888 2002 nihilo,
921 1948 971 1992 et
993 1956 1176 2009 corpus
1206 1937 1304 1994 sibi
1345 1957 1410 1994 ea:
1449 1957 1605 1996 carne
1633 1958 1834 2012 semper

245 2029 500 2102 Virginis,
537 2038 782 2100 operante
811 2039 989 2086 sancto
1014 2030 1236 2100 Spiritu,
1267 2030 1557 2103 fabricavit,
1591 2031 1618 2070 ι’
1649 2049 1836 2104 panem

235 2133 284 2181 et
311 2127 489 2181 vinum
521 2142 656 2197 aqua
683 2126 912 2192 mistum,
942 2133 1184 2179 manente
1207 2127 1422 2196 propria
1449 2127 1618 2197 specie
1645 2128 1700 2180 in
1728 2141 1839 2180 car-

234 2237 349 2276 nem
375 2232 424 2276 et
456 2221 768 2292 sanguinem
810 2236 958 2274 suum
980 2220 1051 2273 ad
1082 2218 1390 2275 catholicam
1431 2236 1633 2290 precem
1657 2219 1719 2273 ob
1749 2235 1835 2272 re-

236 2314 570 2381 parationem
599 2322 829 2366 nostram
861 2310 1091 2381 Spiritus
1139 2311 1216 2365 sui
1257 2310 1672 2381 sanctiﬁcatione
1709 2326 1836 2364 con-

235 2405 397 2459 vertit.
443 2401 688 2472 indeque
725 2402 1006 2457 universos
1038 2400 1197 2472 jussit
1230 2401 1465 2456 divinam
1493 2399 1703 2471 precari
1735 2417 1836 2471 po-

236 2495 459 2550 tentiam
490 2504 552 2548 ut
583 2494 636 2548 in
667 2491 894 2548 formam
922 2492 1199 2563 pristinam
1230 2500 1630 2550 sacrosanctum
1659 2492 1836 2546 retor-

235 2598 405 2644 maret
434 2587 792 2660 mysterium;
849 2593 1114 2656 quatenus
1161 2583 1373 2638 mulieri
1424 2581 1491 2638 ad
1518 2582 1837 2638 sumendum

233 2677 418 2735 fuisset
441 2678 727 2752 possibile,
756 2675 899 2747 quod
929 2684 983 2737 et
1018 2675 1218 2731 factum
1267 2680 1368 2729 est.
1403 2669 1557 2728 Unde
1583 2673 1838 2744 stepefata

232 2772 422 2827 mulier
445 2770 743 2842 plurimum
765 2765 820 2822 in
852 2782 1005 2823 sacra
1024 2766 1286 2835 religione
1308 2780 1374 2820 ac
1398 2763 1501 2820 ﬁde
1526 2764 1838 2835 proﬁciens,

231 2863 648 2934 participatione
685 2860 942 2916 dominici
993 2857 1318 2914 sacramenti
1364 2862 1682 2912 consecrata
1731 2860 1834 2909 est.

233 2953 295 3008 Et
326 2969 522 3011 omnes
550 2953 640 3025 qui
663 2952 927 3018 viderant,
955 2950 1007 3005 in
1030 2949 1213 3004 divino
1243 2963 1426 3003 amore
1449 2955 1505 3004 et
1531 2946 1840 3003 orthodoxa

235 3043 558 3101 credulitate
586 3045 878 3100 ferventius
905 3049 1283 3098 excreverunt.

302 3140 386 3195 24.
425 3139 660 3207 Quidam
688 3152 905 3207 quoque
937 3135 1302 3190 nobilissimus
1329 3129 1624 3189 secundum
1655 3130 1836 3187 carnis

1945 1953 2108 2022 panni
2149 1959 2375 2020 reperta:
2422 1958 2548 2004 sunt
2600 1953 2700 2020 12
2748 1946 3116 2018 portiunculae.
3150 1944 3382 2015 Moxque
3412 1959 3536 2000 cum

1946 2045 2312 2114 indignatione
2342 2042 2566 2098 Romam
2589 2042 2840 2112 regressi,
2869 2040 3305 2096 archidiaconum
3336 2038 3539 2094 adeunt

1944 2144 2342 2205 conquerentes
2368 2152 2380 2188 :
2411 2134 2478 2188 Ut
2502 2132 2642 2203 quid,
2670 2131 2934 2201 inquiunt,
2957 2130 3195 2184 dominus
3223 2129 3537 2200 apostolicus

1948 2238 1972 2266 ε
1998 2237 2105 2281 tam
2128 2227 2393 2297 vilipendit
2423 2224 2686 2279 dominum
2714 2232 2964 2286 nostrum,
2989 2221 3072 2292 qui
3093 2229 3286 2273 tantum
3311 2218 3538 2289 gratiam

1941 2337 1999 2375 se
2043 2324 2180 2392 apud
2224 2335 2338 2372 eum
2378 2315 2660 2372 obtinuisse
2687 2320 3013 2384 speraverat;
3063 2309 3197 2383 quod
3225 2311 3298 2364 sic
3319 2309 3537 2364 voluerit

1941 2411 2020 2466 illi
2048 2407 2286 2475 ittudere,
2311 2417 2359 2461 et
2389 2423 2483 2460 nos
2511 2403 2904 2458 dehoneratieni
2934 2411 2981 2454 et
3010 2401 3286 2470 offensioni
3313 2416 3421 2453 sua:
3449 2398 3538 2454 ad-

1944 2498 2151 2556 dicere?
2188 2497 2586 2553 IEslimavimus
2633 2495 2883 2567 siquidem
2914 2510 3008 2548 nos
3038 2509 3155 2546 ossa
3184 2491 3536 2562 apostolorum

1943 2593 2022 2648 vel
2067 2603 2351 2662 martyrum
2381 2589 2608 2661 pretiosa
2638 2587 2754 2640 hinc
2784 2587 2917 2656 ferre
2941 2624 2955 2650 ,
2993 2584 3121 2639 sicut
3152 2582 3392 2636 decuerat
3421 2591 3534 2635 ιαηο

1944 2696 2051 2738 tum
2082 2685 2264 2748 virum,
2295 2683 2368 2736 uti
2395 2683 2632 2736 dominus
2664 2693 2838 2736 noster
2853 2685 2949 2746 est,
2971 2696 3002 2730 η
3027 2685 3170 2730 tanta
3198 2676 3536 2729 nihilominus

1943 2775 2065 2830 sede
2093 2775 2306 2846 qua’sita
2338 2783 2440 2827 tum
2469 2773 2622 2843 longo
2653 2778 2701 2824 et
2735 2768 3036 2840 diﬁicillimo
3067 2769 3194 2821 satis
3221 2766 3436 2831 itinere,
3486 2772 3538 2817 ct

1945 2866 2084 2919 datae
2112 2875 2230 2918 sunt
2259 2863 2405 2918 nobis
2435 2863 2596 2934 panni
2621 2861 2838 2914 modicae
2864 2859 3207 2929 portiuncqu
3229 2897 3243 2922 ,
3277 2873 3338 2909 ac
3369 2856 3413 2908 si
3440 2856 3532 2907 lut-

1938 2956 2168 3027 jusmodi
2191 2955 2455 3025 panniculi
2483 2969 2641 3024 genus
2673 2950 2812 3022 apud
2838 2967 2932 3004 nos
2960 2948 3264 3019 nequivisset
3293 2945 3532 3000 inveniri.

1946 3049 2068 3104 Nisi
2095 3050 2231 3103 enim
2261 3057 2413 3101 cauta
2442 3044 2739 3101 sollicitudo
2770 3043 2918 3096 nobis
2944 3039 3286 3103 subvenisset,
3316 3047 3370 3090 ut
3400 3036 3536 3108 quod

1945 3136 2242 3211 gerebamus
2285 3149 2706 3206 cognosceremus
2725 3173 2741 3199 ,
2773 3141 2822 3186 et
2850 3132 2924 3184 sic
2955 3128 3141 3183 stolide
3172 3126 3241 3180 ad
3270 3127 3535 3180 dominum

231 3234 563 3302 Ρνοεδβίθῑιὶ,
591 3238 645 3285 ει
666 3229 1075 3300 POlentissimus
1097 3225 1251 3297 juxta
1282 3225 1484 3294 regiam
1515 3224 1567 3278 in
1596 3238 1693 3278 suo
1714 3237 1834 3276 mo-
1862 3229 1909 3294 C
1941 3210 2178 3284 nostrum
2207 3225 2352 3280 nobis
2382 3225 2680 3295 contigisset
2710 3222 2898 3285 venire,
2925 3219 3131 3272 dubium
3161 3210 3270 3272 non
3292 3225 3366 3270 est
3397 3217 3534 3286 peri-

232 3323 298 3379 do
319 3323 800 3394 magniﬁcentiam,
833 3336 954 3376 cum
987 3336 1082 3390 per
1106 3315 1466 3372 internuntios
1495 3312 1830 3368 familiarita-

232 3425 338 3470 tem
370 3415 691 3486 apostolicm
721 3413 862 3468 sedis
893 3412 1121 3482 adeptus
1163 3415 1329 3471 esset,
1361 3413 1415 3461 et
1435 3404 1703 3476 frequenti
1731 3403 1829 3459 ad-

233 3507 535 3563 monitione
561 3505 933 3576 epistolarum,
959 3502 1121 3557 etiam
1145 3515 1174 3554 a
1195 3501 1355 3555 beato
1378 3497 1640 3568 Gregorio
1665 3508 1833 3553 trans-

229 3598 521 3654 missurum
545 3597 922 3662 instructione,
945 3609 1072 3664 erga
1100 3593 1194 3648 Dei
1223 3601 1277 3648 et
1295 3601 1604 3647 sanctorum
1627 3590 1830 3646 cultum

229 3688 561 3745 suﬂicienter
590 3688 776 3745 fuisset
807 3687 1062 3749 imbutus,
1088 3687 1231 3741 misrt
1255 3701 1353 3756 per
1381 3693 1630 3739 strenuos
1653 3693 1708 3736 et
1735 3681 1831 3737 de-

228 3789 383 3834 votos
414 3779 609 3833 missos
639 3778 904 3846 condigna
939 3787 962 3817 ο
995 3777 1186 3832 exenia
1231 3775 1298 3828 ad
1330 3772 1509 3828 sedem
1540 3767 1829 3842 pontiﬁca-

227 3868 350 3936 lem,
377 3877 572 3938 petens
597 3867 850 3935 reliquias
875 3868 1157 3920 beatorum
1189 3863 1561 3934 apostolorum
1591 3877 1654 3916 ac
1685 3876 1830 3914 mar-

229 3968 407 4033 tyrum
449 3959 550 4014 sibi
584 3959 896 4013 transmitti.
937 3957 1104 4026 Cujus
1133 3957 1338 4025 legatos
1365 3962 1583 4008 sanctus
1610 3957 1830 4023 aposto-

229 4053 362 4108 licus
410 4049 804 4107 honorabiliter
837 4058 890 4106 et
918 4048 1178 4120 gratuiter
1205 4046 1538 4116 suscipiens,
1578 4045 1826 4114 aliquan-

228 4142 533 4199 diusccum
563 4142 765 4196 morari
814 4139 959 4206 fecit,
993 4146 1157 4209 atque
1203 4135 1574 4192 indesinenter
1620 4141 1832 4191 sancto-

231 4251 344 4291 rum
392 4234 765 4306 apostolorum
817 4231 1130 4298 memorias,
1162 4245 1225 4286 ac
1267 4227 1577 4284 cmmeteria
1626 4235 1829 4298 marty-

232 4342 341 4382 rum
372 4343 439 4383 ex
483 4341 634 4381 more
661 4325 859 4396 prisco,
895 4339 994 4394 pro
1038 4321 1342 4393 hujusmodi
1371 4320 1590 4389 negotio
1638 4319 1827 4374 missas

231 4420 574 4484 celebrando,
618 4428 673 4474 et
702 4417 956 4488 reliquias
1002 4417 1056 4471 in
1098 4432 1284 4471 eorum
1312 4415 1667 4469 veneratione
1695 4423 1828 4468 con-

232 4512 490 4566 secrando
518 4511 864 4575 circumiens,
895 4508 1258 4579 praefatosque
1284 4507 1495 4574 legatos
1524 4505 1626 4561 sibi
1656 4504 1827 4560 comi-

301 4677 326 4705 η
363 4669 635 4733 Bolland.,
664 4669 872 4722 relevat.
904 4667 976 4722 De
999 4667 1267 4736 corporali
1294 4665 1456 4736 palla,
1485 4677 1589 4733 qua
1611 4665 1822 4736 scilicet

234 4753 421 4808 corpus
467 4741 665 4794 Christi
696 4739 1078 4793 ‘involvehatur
1100 4735 1162 4792 et
1195 4735 1491 4804 tegebatur,
1515 4735 1821 4808 :legiturjn

235 4805 364 4864 libro
386 4812 656 4877 Sacram,
679 4813 731 4862 in
759 4809 1098 4863 ordinatione
1126 4808 1436 4878 subdiaconi
1467 4824 1476 4856 :
1507 4805 1676 4878 Palla:
1705 4822 1821 4878 quia

233 4881 422 4934 suntin
453 4876 791 4934 substratorio
821 4881 873 4932 in
907 4879 1012 4931 alio
1039 4894 1158 4932 vase
1185 4877 1369 4931 debent
1397 4876 1564 4930 (avari
1581 4917 1594 4940 ,
1631 4879 1683 4930 in
1713 4876 1818 4931 alio

234 4952 519 5018 corporales
548 4951 725 5022 pallae.
759 4949 860 5004 Ubi
876 4951 1032 5020 palla:
1047 4951 1340 5019 corporales
1370 4948 1557 5002 lanatae
1583 4949 1811 5017 fuerunt,

237 5028 335 5074 etc.

299 5088 324 5127 δ
363 5091 459 5147 llic
507 5089 675 5146 habes
728 5088 1335 5143 transsubstantiationis
1372 5089 1598 5154 dogma,
1657 5087 1818 5155 longe

236 5168 352 5227 ante
380 5161 723 5217 Paschasium
757 5160 1107 5222 Radbertum,
1155 5174 1311 5226 quem
1343 5159 1507 5227 ipsius
1536 5167 1816 5212 auctorem

237 5226 430 5297 ﬁngunt
455 5232 782 5288 Calviniante
820 5238 978 5287 sectae
1009 5230 1274 5295 ministri,
1313 5226 1472 5282 claris
1511 5228 1689 5284 verbis
1725 5243 1814 5283 as-

237 5312 446 5356 sertum.

303 5382 322 5410 ε
362 5372 540 5436 Guss.,
570 5391 808 5439 munera,
835 5371 1111 5442 explicans
1141 5370 1369 5423 fortasse
1383 5365 1522 5442 quid
1551 5368 1816 5442 signiﬁce-

235 5443 315 5518 llll'
340 5459 430 5509 per
455 5447 661 5518 exenia.
709 5438 1013 5518 Legendum
1043 5442 1254 5518 videtur
1283 5438 1463 5518 potius
1485 5439 1664 5518 :peniu.
1694 5439 1809 5494 Xe-

236 5509 371 5585 piutn
399 5516 539 5568 enim
571 5524 654 5570 est
684 5509 879 5585 munus
905 5515 1068 5585 .Eéwp,
1101 5512 1152 5566 id
1188 5509 1292 5585 est;
1310 5509 1528 5578 hospiti,
1564 5509 1808 5585 missum.

236 5573 307 5632 lla
334 5599 544 5652 quoque
576 5587 769 5653 legitur
798 5573 954 5653 epist.
987 5573 1128 5653 Vol-im
1161 5582 1246 5653 eg.
1273 5581 1306 5653 l.
1341 5596 1392 5642 ν,
1415 5573 1559 5653 nunc
1587 5577 1804 5653 (ξὸημὲἱι)ξ

237 5659 301 5724 ξι,
332 5647 430 5706 tam
454 5647 514 5724 in
546 5647 670 5710 Mss.
702 5647 861 5724 quam
895 5654 945 5707 in
974 5652 1015 5706 E
1037 5653 1159 5724 litis.
1197 5649 1259 5704 Et
1289 5652 1340 5705 in
1370 5658 1478 5724 vel.
1687 5649 1806 5724 libri

238 5712 512 5780 Pastoralis
550 5712 752 5780 Eccles.
785 5723 932 5779 Belv.
965 5723 1160 5780 sazculo
1215 5739 1243 5775 x
1276 5721 1482 5775 exarati
1513 5720 1724 5785 legitur
1749 5720 1802 5775 in

237 5794 457 5870 carmine
484 5795 558 5870 de
580 5792 800 5870 “ligone
830 5794 994 5864 episc.
1025 5811 1036 5846 :
1061 5788 1799 5870 Xenia‘constituis,_§Iiriste,

241 5860 305 5912 tui
327 5873 398 5918 est
422 5868 606 5932 aperis.
651 5860 1075 5921 Passim'tamen
1105 5863 1153 5918 J.
1183 5863 1520 5928 Sirmondus,
1555 5860 1800 5917 Mabillo-

1938 3323 2109 3376 culum
2137 3319 2348 3374 honoris
2395 3326 2444 3371 et
2490 3316 2674 3388 gratia:
2703 3329 2810 3367 sum
2839 3325 2932 3366 nos
2963 3308 3196 3364 debuisse
3247 3308 3533 3361 incurrere.

1940 3413 2088 3479 Quos
2118 3409 2529 3466 archidiaconus
2559 3406 2805 3461 modesta
2837 3400 3208 3472 increpatione
3238 3399 3534 3468 redarguit,

1937 3522 2035 3561 cur
2062 3506 2114 3559 in
2147 3513 2352 3558 tantam
2383 3499 2858 3572 praesumptionem
2889 3495 3185 3566 eruperint,
3228 3501 3287 3548 ut
3317 3499 3534 3562 aposto-

1938 3598 2042 3652 lica
2071 3595 2240 3665 sigilla
2280 3598 2716 3662 corrumperent,
2749 3589 2976 3644 hortans
3017 3601 3112 3641 eos
3160 3593 3218 3639 ut
3258 3583 3534 3651 redirent,

1937 3699 1992 3746 et
2037 3705 2157 3760 quae
2201 3695 2525 3758 acceperant
2571 3683 2792 3740 domino
2819 3699 2918 3737 suo
2948 3695 3069 3737 cum
3117 3679 3325 3735 honore
3355 3677 3534 3733 deter-

1937 3789 2077 3838 rent.
2122 3779 2224 3834 Sed
2259 3779 2313 3832 hi
2347 3778 2651 3833 nullatenus
2694 3773 2914 3830 monitis
2942 3773 3058 3842 ejus
3103 3771 3533 3842 acquiescentes,

1939 3886 2109 3940 usque
2139 3871 2205 3924 ad
2232 3869 2414 3924 domui
2443 3866 2687 3934 Gregorii
2715 3879 2915 3918 venere
2945 3862 3318 3933 praesentiam;
3362 3860 3535 3916 facto-

1937 3977 2044 4032 que
2073 3968 2383 4030 comperto,
2425 3955 2816 4027 patientissime
2845 3967 3031 4008 eorum
3063 3953 3184 4006 tulit
3229 3949 3532 4017 stultitiam,

1936 4065 2142 4120 eosque
2199 4047 2560 4104 sacrosanctis
2611 4044 2894 4099 missarum
2946 4040 3223 4096 solemniis
3276 4037 3534 4111 praecepit

1937 4149 2216 4203 interesse.
2253 4142 2406 4199 Unde
2434 4158 2554 4198 cum
2586 4140 2653 4196 ad
2680 4140 2861 4196 locum
2891 4139 2974 4193 sui
3003 4138 3267 4194 sermonis
3297 4144 3379 4192 est
3407 4152 3532 4192 ven-

1936 4248 2072 4308 tum,
2104 4236 2293 4294 suadet
2322 4235 2522 4307 populo
2551 4233 2646 4288 Dei
2681 4241 2989 4288 sanctorum
3019 4232 3250 4299 gratiam
3280 4244 3530 4297 exorare,

1934 4339 2202 4401 quatenus
2242 4329 2295 4383 in
2335 4326 2440 4382 hac
2476 4340 2539 4381 re
2577 4323 2825 4391 dignetur
2872 4321 3209 4392 apertissime
3257 4321 3334 4375 sic
3376 4333 3532 4375 suam

1935 4421 2231 4494 potentiam
2273 4416 2601 4490 patefacere,
2634 4423 2690 4468 ut
2719 4413 2846 4482 quid
2891 4420 3166 4469 mereatur
3210 4409 3360 4476 fides,
3413 4410 3530 4466 evi-

1933 4515 2148 4572 dentius
2177 4513 2353 4567 minus
2380 4501 2585 4566 creduli
2625 4514 2681 4562 et
2721 4506 3030 4576 ignorantes
3072 4500 3280 4574 possint
3324 4513 3530 4571 cogno-

1928 4668 2150 4740 niusuet
2199 4662 2289 4717 alii
2318 4658 2654 4740 antiquitatis
2695 4655 2952 4740 studiosi,
2998 4652 3049 4734 in
3093 4649 3363 4734 veteribus
3391 4650 3530 4707 seria

1928 4737 2173 4810 pluribus
2199 4750 2231 4788 a
2260 4747 2320 4787 se
2345 4733 2503 4787 editis
2532 4731 2868 4805 reliquerunt
2895 4731 3154 4787 exenium,
3185 4731 3391 4776 exenia.

1998 4806 2024 4846 ει
2067 4807 2272 4861 Boxum
2317 4819 2412 4860 seu
2457 4801 2680 4856 buxtula
2724 4796 2988 4863 signiﬁcat
3027 4792 3335 4863 tuecamex
3375 4793 3522 4863 buxo

1925 4876 2247 4939 confectam,
2277 4873 2481 4928 Gallice
2512 4869 2664 4933 boite,
2697 4861 2877 4939 Mill)“.
2905 4861 3031 4939 Tria
3053 4861 3204 4939 Mser,
3238 4861 3437 4939 buxtis,
3462 4869 3522 4916 at

1925 4931 2291 5010 M’ontbritiu's,
2323 4943 2540 4996 buxetis.
2567 4931 2876 5010 Aliud__Ms.,
2897 4934 3078 5010 buxis.
3115 4934 3232 5010 Allia
3262 4935 3388 5010 duo,
3419 4931 3518 4986 bu—

1926 5022 2039 5074 stis.
2072 5017 2178 5072 Sed
2210 5003 2334 5068 mox
2365 5015 2417 5066 in
2447 5010 2696 5065 omnibus
2727 5005 2851 5059 Mss.
2882 5004 3135 5059 dicuntur
3170 5003 3519 5058 buxum...“

1927 5089 2202 5160 Reliquias
2244 5083 2414 5160 sancti
2455 5078 2623 5160 Mauri
2666 5075 2828 5160 finisse
2963 5074 3185 5157 buxtula
3230 5075 3522 5160 ligneam-

1924 5142 2172 5214 condltas
2198 5153 2411 5220 scripsit
2441 5155 2660 5220 saucius
2685 5147 2799 5220 0d_0
2827 5147 2951 5220 Ebb-
2985 5146 3038 5200 in
3069 5145 3343 5220 mlm‘Lulls
3374 5142 3522 5220 eius”

1923 5213 2044 5284 dem
2075 5227 2252 5292 editis,
2285 5213 2353 5276 i5
2375 5219 2632 5292 januarii,
2662 5236 2709 5272 c.
2739 5216 2794 5271 4.
2827 5215 3098 5274 Bonane.
3128 5214 3187 5270 lu
3224 5213 3374 5271 Belv.
3409 5213 3514 5284 leg.

1923 5299 2162 5422 mini-lic
2190 5366 2499 5434 frequenter
2529 5361 2686 5434 Rom.
2720 5352 3518 5434 pontifex_apostoticus_appel-

1919 5441 2080 5495 latur.
2133 5435 2248 5492 Hoc
2289 5425 2456 5489 etiam
2507 5425 2737 5487 nomine
2772 5427 2919 5498 apud
2961 5425 3176 5482 Graecos
3222 5425 3518 5498 scriptores

1923 5491 2424 5580 papaidesignatur.
2455 5502 2769 5580 Theodorus
2790 5491 3027 5580 Studita,
3057 5498 3147 5579 lib.
3171 5514 3205 5561 ι,
3233 5491 3391 5580 epist.

1921 5564 2010 5635 adi
2036 5564 2272 5635 Leonem
2320 5592 2549 5646 papam:
2578 5571 2690 5627 Tibi
2740 5573 2907 5640 primo
2950 5569 3178 5621 omnium
3227 5564 3516 5686 (apostolico

1921 5651 2074 5686 "mir:
2104 5659 2282 5686 nnclrn
2311 5646 2550 5686 ιηηιιὶιηορ
2580 5643 2869 5686 ηιηερςςανίο
2897 5639 3203 5686 aptavimus.
3285 5633 3418 5686 lllb.
3452 5649 3513 5686 li.

1916 5633 2282 5722 capiti‘nostro
2310 5633 2550 5722 nuntiare
2579 5633 2869 5722 necessario
2891 5639 3203 5722 optavimus.
3237 5633 3304 5722 E't
3327 5633 3418 5688 lib.
3448 5649 3513 5722 tt,

1914 5705 2072 5791 epist.
2118 5720 2206 5781 55,
2241 5718 2543 5789 Epiphanio
2574 5733 2586 5768 :
2617 5712 2740 5768 Misi
2771 5705 3020 5782 epistolas
3051 5705 3184 5760 duas
3213 5705 3286 5760 ad
3313 5713 3516 5775 aposto-

1911 5792 2088 5848 licum.
2120 5792 2196 5847 lla
2229 5791 2445 5860 passim.
