4118 6462
506 388 574 441 55

1181 382 1242 439 S.
1282 376 1606 437 GREGORII
1648 374 1863 435 MAGNI
1903 374 2090 443 VITA,
2131 374 2455 434 AUCTORE
2496 374 2724 432 ΡΜ]ιο
2765 373 3081 433 DIACONO.

3710 379 3787 436 56

501 513 675 555 scere.
708 495 778 551 Et
803 497 926 551 data
956 492 1217 559 oratione,
1250 491 1458 563 accepit
1482 491 1548 545 ab
1576 505 1644 546 eo
1674 489 1949 545 cultellum
1989 486 2080 556 qui
2109 492 2156 547 A
2188 489 2258 546 ad
2290 490 2583 545 vindictam
2611 489 2726 558 ejus
2754 485 2779 525 ί¹
2814 488 3099 558 apodixem
3128 486 3259 542 artis
3299 500 3408 543 sua:
3442 500 3791 546 exercerent.

501 596 865 645 temeraverat
900 587 1084 655 signa,
1135 592 1190 638 et
1234 597 1400 653 super
1445 582 1614 637 altare
1652 579 1897 649 corporis
1923 577 2096 634 sancti

500 678 651 733 Petri
681 685 958 748 acceptam
988 689 1153 729 unam
1184 674 1348 743 panni
1378 672 1702 743 portionem,
1733 686 1831 740 per
1860 670 2095 724 medium

505 789 751 844 pungens
792 771 996 837 secuit;
1048 785 1116 825 ex
1164 783 1269 839 qua
1309 769 1492 823 statim
1523 768 1739 838 sanguis
1767 766 2093 832 decucurrit,

503 873 560 922 et
605 881 818 920 omnem
868 862 1115 919 eam'dem
1148 871 1173 898 ει
1202 860 1599 931 portiunculam
1648 859 1967 915 cruentavit.
2001 857 2095 912 Vi-

502 961 691 1014 dentes
719 966 899 1011 autem
928 954 1283 1026 suprascripti
1312 952 1560 1022 legatarii
1599 959 1655 1006 et
1695 966 1883 1006 omnes
1912 949 2097 1021 populi

498 1050 823 1121 stupendum
849 1059 904 1104 et
933 1064 1189 1104 arcanum
1221 1046 1341 1101 ﬁdei
1372 1061 1539 1101 sacrae
1567 1046 1884 1101 miraculum
1908 1086 1922 1112 ,
1956 1045 2098 1101 ceci-

501 1143 698 1198 derunt
724 1142 882 1213 proni
908 1125 961 1196 in
994 1151 1213 1207 terram,
1247 1142 1536 1195 adorantes
1566 1138 1852 1194 Dominum
1876 1180 1890 1205 ,
1935 1146 1990 1193 et
2016 1137 2099 1192 di—

500 1242 725 1289 centes:
752 1233 1017 1287 Mirabilis
1047 1234 1187 1287 Deus
1214 1235 1269 1287 in
1297 1234 1494 1287 sanctis
1538 1234 1685 1298 suis;
1727 1232 1865 1286 Deus
1907 1230 2094 1296 Israel,

498 1327 609 1395 ipse
637 1325 779 1380 dabit
808 1327 1043 1381 virtutem
1074 1337 1123 1380 et
1153 1326 1510 1398 fortitudinem
1540 1325 1673 1396 plebi
1702 1342 1811 1380 sum
1829 1343 1846 1390 ;
1887 1324 2095 1378 benedi-

499 1427 609 1471 ctus
650 1416 790 1471 Deus
831 1417 1016 1488 (Psal.
1051 1434 1217 1485 van,
1261 1417 1389 1488 56).
1422 1416 1489 1471 Ει
1518 1416 1663 1471 facto
1694 1416 1909 1471 silentio
1959 1416 2098 1470 inter

500 1506 604 1560 alia
635 1504 758 1561 ﬁdei
788 1507 1135 1577 documenta,
1167 1507 1301 1562 dixit
1330 1508 1397 1561 ad
1427 1522 1522 1563 eos
1550 1508 1739 1562 beatus
1781 1506 2094 1576 Gregorius,

500 1598 593 1666 qui
641 1606 767 1653 ante
812 1598 909 1653 has
954 1599 1291 1654 venerandas
1319 1599 1575 1668 reliquias
1602 1600 1753 1670 parvi
1782 1599 2049 1653 duxerant
2081 1615 2095 1653 :

503 1688 724 1758 Scitote,
755 1692 967 1761 fratres,
998 1693 1121 1760 quia
1148 1692 1204 1744 in
1235 1692 1621 1745 consecratione
1648 1692 1878 1761 corporis
1906 1700 1953 1745 et
1983 1707 2100 1745 san-

499 1779 673 1848 guinis
702 1777 917 1832 Domini
942 1781 1107 1833 nostri
1141 1778 1265 1834 Jesu
1297 1780 1489 1834 Christi
1515 1823 1529 1849 ,
1560 1798 1674 1835 cum
1704 1780 1766 1835 ob
1797 1782 2097 1851 sanctiﬁca-

2200 580 2302 647 Qui
2329 594 2451 635 eum
2482 580 2616 636 facie
2652 580 2993 649 ignorantes,
3024 579 3151 633 dum
3180 577 3412 649 quadam
3439 578 3526 634 die
3555 579 3622 633 ad
3656 596 3789 651 pro-

2200 675 2499 730 cessionem
2527 688 2594 729 ex
2621 687 2774 728 more
2804 671 2977 742 pergit
3000 670 3190 727 beatus
3209 671 3521 741 Gregorius,
3552 671 3629 727 illi
3657 673 3800 730 emi-

2198 781 2299 820 nus
2319 782 2473 823 secus
2499 769 2779 824 transitum
2802 777 3007 823 stantes
3027 767 3130 822 sibi
3151 782 3274 823 eum
3296 777 3489 837 rogant
3511 766 3795 825 insinuari.

2200 856 2403 923 Quibus
2431 874 2745 929 responsum
2767 868 2850 915 est
2870 860 3043 929 ipsum
3065 873 3185 915 esse
3210 860 3304 930 qui
3323 859 3471 916 solus
3495 860 3797 931 pontiﬁcali

2199 949 2458 1018 dignitate
2500 952 2745 1019 equitans
2770 997 2783 1019 ,
2838 952 3231 1021 praecedentem
3278 960 3333 1008 et
3373 953 3797 1024 subsequentem

2198 1055 2429 1095 cuneum
2479 1042 2965 1097 ecclesiasticorum
3006 1044 3243 1098 virorum
3296 1043 3551 1106 haberet;
3602 1054 3658 1100 et
3708 1046 3799 1100 in-

2200 1138 2415 1187 tuentes
2446 1147 2602 1198 eum,
2643 1141 2867 1203 repente
2907 1149 3105 1203 equum
3146 1134 3289 1189 illius
3326 1135 3600 1190 maleficiis
3626 1136 3738 1190 suis
3764 1150 3798 1190 a

2201 1222 2535 1280 daemonibus
2570 1225 2753 1280 vexari
2802 1224 3062 1280 fecerunt.
3108 1224 3409 1295 Statimque
3449 1225 3637 1281 beatus
3662 1224 3802 1282 Gre-

2199 1322 2383 1391 gorius
2415 1323 2663 1377 invocato
2706 1322 2923 1377 nomine
2958 1322 3170 1378 Domini
3205 1321 3373 1377 nostri
3412 1321 3537 1378 Iesu
3565 1322 3795 1389 Christi,

2201 1420 2255 1466 et
2283 1412 2428 1467 edito
2456 1413 2609 1482 signo
2638 1414 2835 1481 crucis,
2868 1414 2935 1468 ab
2964 1429 3104 1483 equo
3134 1414 3468 1484 perturbavit
3500 1414 3798 1481 daemonia;

2200 1504 2608 1574 respiciensque
2638 1504 2690 1557 in
2716 1513 2957 1574 partem,
2996 1520 3123 1559 mox
3150 1512 3208 1559 ut
3232 1518 3419 1573 magos
3450 1513 3531 1560 est
3557 1514 3802 1561 contem-

2200 1594 2411 1665 platus,
2457 1605 2480 1632 ο
2516 1595 2591 1649 illi
2621 1597 2834 1662 czecati,
2866 1603 2919 1651 et
2949 1596 3016 1650 ab
3046 1595 3249 1651 eisdem
3277 1594 3556 1651 dmmoniis
3584 1598 3803 1655 oervasi

2199 1689 2509 1743 ceciderunt
2564 1698 2881 1745 retrorsum.
2935 1689 3087 1745 Unde
3140 1690 3406 1746 intellexit
3456 1692 3539 1746 vir
3582 1692 3798 1747 Domini

2202 1797 2388 1837 eorum
2413 1781 2465 1836 id
2493 1790 2857 1852 perpetratum
2889 1783 3162 1852 nequitia;
3196 1792 3393 1839 etcum
3418 1784 3674 1854 jussisset
3702 1800 3802 1842 eos

500 1874 689 1928 tionem
734 1874 1068 1943 reliquiarum
1095 1876 1151 1929 in
1182 1875 1376 1929 honore
1404 1864 1755 1945 apostelorum
1784 1876 1861 1929 vel
1890 1883 2091 1943 marly-
2124 1866 2169 1924 B
2198 1873 2265 1943 ad
2290 1888 2349 1929 se
2370 1873 2513 1939 duci,
2544 1873 2857 1941 interrogati
2883 1873 2963 1927 rei
2994 1872 3235 1928 ordinem
3261 1872 3647 1943 prodiderunt;
3680 1878 3803 1944 qui-

499 1984 613 2021 rum
661 1968 825 2037 ipsius
870 1968 1051 2039 quibus
1100 1970 1392 2039 specialiter
1441 1971 1845 2042 assignabantur
1879 2014 1895 2039 ,
1944 1989 2097 2043 super

498 2070 884 2114 sacrosanctum
929 2062 1096 2115 altare
1121 2062 1371 2115 libamina
1416 2062 1780 2131 offerebantur,
1810 2082 2009 2134 semper
2033 2066 2099 2120 il-

498 2154 667 2208 lorum
696 2156 906 2225 sanguis
936 2154 1027 2209 hos
1056 2171 1257 2224 pannos
1278 2156 1511 2221 intravit,
1541 2157 1625 2226 qui
1657 2158 1852 2225 e/Tusus
1889 2168 1966 2211 est
2005 2174 2098 2229 pro

499 2246 709 2299 nomine
757 2243 952 2298 Christi
1000 2244 1212 2299 Domini
1260 2246 1444 2299 nostri.
1477 2245 1545 2301 Et
1572 2247 1848 2302 aediﬁcetis
1893 2249 1947 2302 in
1996 2246 2100 2304 Ide

500 2337 710 2391 cunctis
739 2338 832 2406 qui
862 2338 1131 2405 viderant,
1180 2338 1509 2407 munitisque
1539 2340 1731 2394 iterum
1763 2341 2000 2396 bnxlulis
2028 2343 2100 2397 si-

499 2442 605 2496 gno
636 2444 754 2496 suo,
788 2430 1007 2484 tradidit
1036 2429 1113 2485 eis
1135 2430 1580 2501 iucomparabilia
1605 2448 1829 2488 munera
1859 2434 1973 2489 voti
1995 2435 2098 2504 sui,

504 2526 559 2572 et
585 2533 709 2572 cum
737 2519 935 2587 gaudio
964 2520 1186 2588 reversi,
1218 2522 1330 2576 haec
1360 2537 1457 2592 per
1484 2522 1729 2579 ordinem
1759 2524 1979 2580 domino
2001 2540 2101 2581 suo

500 2610 837 2679 nuntiarunt,
890 2619 946 2667 et
996 2613 1079 2667 sui
1109 2613 1361 2669 desiderii
1392 2625 1699 2687 compotem
1730 2617 2099 2673 reddiderunt.

502 2699 604 2765 Qui
634 2702 870 2771 pretiosa
900 2711 1213 2759 sanctorum
1242 2706 1543 2776 patrocinia
1572 2716 1887 2763 reverenter
1918 2725 2104 2765 susce-

500 2794 599 2862 pit,
632 2804 685 2850 et
714 2795 1108 2852 honorabiliter
1132 2798 1187 2853 in
1217 2798 1339 2855 loco
1364 2800 1661 2855 venerabili
1691 2800 1963 2867 condidit;
1994 2816 2102 2870 quo

500 2881 754 2941 Dominus
784 2886 1152 2957 frequentiora
1193 2904 1355 2958 quam
1388 2891 1442 2946 in
1473 2892 1646 2946 sancti
1682 2892 1827 2946 Petri
1870 2892 2101 2948 ecclesia

502 2978 761 3033 miracula
789 2981 1005 3050 operari
1035 2981 1287 3052 dignatur
1316 2985 1382 3040 ad
1412 2985 1627 3041 laudem
1661 2994 1716 3041 et
1744 2987 1971 3058 gloriam
2003 3003 2102 3044 no-

499 3068 660 3122 minis
691 3070 770 3123 sui
808 3072 906 3141 13
935 3087 1106 3143 usque
1136 3074 1189 3128 in
1220 3074 1541 3131 hodiernum
1571 3075 1735 3131 diem.

567 3158 655 3211 25.
699 3158 860 3213 Pater
902 3162 1246 3220 nihilominus
1292 3164 1525 3221 familias
1563 3175 1682 3222 erat
1728 3166 1915 3222 Romae
1939 3167 2105 3224 valde

2201 1968 2302 2019 bus
2344 1964 2622 2034 respondit
2663 1964 3006 2019 beatissimus
3048 1962 3295 2020 Pontifex
3334 1982 3347 2018 :
3390 1963 3648 2035 Perpetuo
3678 1965 3803 2021 caci

2201 2076 2311 2115 esse
2336 2058 2555 2127 debetis,
2600 2076 2664 2113 ne
2693 2060 2921 2114 videntes
2942 2102 2957 2127 ,
3000 2059 3068 2112 ad
3097 2068 3392 2114 consuetam
3419 2063 3802 2131 perversitatem

2204 2154 2373 2208 redire
2405 2154 2626 2208 tentetis.
2672 2152 2738 2207 In
2776 2155 2983 2207 nomine
3012 2160 3181 2207 autem
3222 2152 3437 2208 Domini
3471 2156 3637 2208 nostri
3673 2153 3802 2210 Iesu

2206 2245 2425 2309 Christi,
2456 2254 2700 2315 operante
2738 2252 2884 2300 beato
2917 2245 3103 2313 Petro,
3144 2245 3294 2300 liberi
3332 2262 3364 2299 a
3394 2248 3663 2301 vexatione
3692 2247 3801 2301 dw-

2206 2352 2414 2390 manum
2454 2337 2588 2389 sitis.
2632 2334 2734 2401 Qui
2765 2335 3044 2391 confestim
3073 2351 3103 2390 a
3132 2335 3464 2391 dmmonibus
3494 2336 3800 2401 emundati,

2207 2436 2262 2481 et
2290 2426 2602 2492 credentes,
2644 2426 2793 2482 fonte
2821 2427 3045 2482 salutari
3076 2428 3279 2498 perfusi
3308 2439 3461 2493 sunt;
3494 2443 3557 2483 ac
3587 2444 3801 2499 perma-

2208 2530 2370 2573 nente
2398 2519 2640 2574 caecitate
2665 2516 2932 2587 damnati,
2956 2519 3179 2588 jubente
3212 2520 3373 2576 beato
3403 2520 3665 2591 Gregorio
3686 2564 3700 2589 ,
3733 2520 3801 2578 de

2170 2634 2177 2641 ο
2209 2620 2405 2667 cancro
2433 2611 2572 2681 stipe
2597 2619 2721 2669 sunt
2746 2611 3112 2672 ecclesiastica
3137 2611 3272 2667 aliti.

2279 2703 2370 2760 26.
2403 2702 2508 2759 Sed
2538 2712 2591 2758 et
2617 2712 2877 2775 tyrannus
2904 2704 3121 2773 quidam
3149 2705 3373 2760 multam
3395 2705 3802 2776 Oppressionem

2210 2808 2333 2848 eum
2365 2808 2501 2863 pene
2530 2793 2857 2863 importabili
2893 2793 3299 2863 importunitate
3325 2793 3490 2863 quieti
3520 2794 3803 2864 ingerebat

2210 2896 2408 2942 sanctae
2441 2885 2694 2941 Romana
2723 2883 3001 2951 Ecclesiaa,
3037 2884 3515 2957 possessionesque
3542 2884 3719 2941 eidem
3750 2894 3803 2943 et

2209 2977 2479 3047 mancipia
2516 2977 2850 3047 pertinentes
2896 2976 3263 3032 crudelissime
3305 2976 3642 3032 devastabat.
3686 2976 3803 3043 Qua

2211 3069 2281 3124 de
2322 3082 2382 3122 re
2420 3067 2565 3122 beati
2603 3066 2875 3138 pontiﬁcis
2911 3081 3010 3137 per
3047 3067 3411 3123 internuntios
3440 3068 3802 3125 admonitione

2211 3168 2523 3231 correptus,
2573 3159 2769 3229 majori
2813 3160 3014 3216 exarsit
3051 3160 3291 3228 insania;
3337 3161 3474 3218 adeo
3518 3170 3579 3217 ut
3618 3163 3803 3222 urbem

499 3253 659 3308 rebus
687 3254 1002 3323 ditissimus,
1026 3259 1121 3313 sed
1144 3259 1404 3328 religione
1425 3259 1583 3315 nimis
1612 3274 1835 3330 egenus,
1860 3261 1972 3330 qui,
1996 3275 2105 3316 non
2133 3246 2180 3309 C
2212 3251 2640 3323 depopulandam
2675 3251 2865 3307 adiret
2899 3250 2995 3307 Clli
3027 3252 3335 3309 advenienti
3362 3254 3552 3309 beatus
3594 3251 3802 3324 Greece

500 3344 643 3400 vitiis
685 3345 861 3401 minus
903 3348 1095 3418 plenus
1138 3366 1301 3421 quam
1339 3351 1533 3415 rebus,
1576 3368 1701 3407 cum
1740 3368 1877 3408 uxor
1921 3368 2016 3409 sua
2055 3353 2135 3413 ei.

500 3436 888 3508 displicuisset,
928 3440 1056 3497 fecit
1084 3443 1185 3498 sibi
1216 3443 1283 3499 ab
1311 3458 1374 3498 ea
1406 3452 1594 3499 contra
1624 3458 1951 3515 praeceptum
1982 3446 2104 3500 Sal-

500 3532 705 3585 vatoris
727 3532 895 3587 nostri
919 3532 1228 3591 divortium.
1257 3534 1364 3591 Res
1390 3552 1518 3591 vero
1543 3537 1759 3593 beatum
1783 3535 2105 3610 Gregorium

498 3616 671 3677 latere
700 3638 809 3678 non
850 3624 1061 3693 potuit,
1104 3626 1231 3695 quia
1260 3637 1313 3681 et
1342 3628 1655 3697 magnitudo
1698 3631 1858 3696 mali,
1908 3641 1963 3686 et
1991 3648 2106 3688 ma-

500 3713 684 3779 gnatio
715 3712 742 3752 δ
773 3730 1121 3785 personarum
1166 3733 1226 3773 se
1272 3716 1429 3773 facile
1475 3719 1731 3789 prodidit.
1778 3720 1876 3775 Cui
1915 3723 2106 3779 beatus

500 3800 788 3873 Gregorius
834 3806 1015 3862 multis
1061 3816 1117 3863 et
1162 3809 1496 3867 suavissimis
1541 3811 1958 3880 monitionibus,
2005 3830 2104 3871 seu

500 3892 726 3950 districti
758 3897 924 3952 divini
960 3899 1220 3957 examinis
1253 3902 1553 3957 terroribus
1574 3946 1587 3969 ,
1618 3903 2008 3962 studiosissime
2046 3914 2105 3962 et

500 3988 816 4056 saepissime,
852 3991 960 4047 imo
991 3991 1354 4048 indesinenter
1373 3996 1698 4065 persuadere
1736 3998 2014 4053 contendit
2043 4009 2103 4055 ut

499 4092 727 4134 uxorem
772 4096 923 4135 suam
963 4082 1015 4135 in
1047 4084 1275 4152 gratiam
1306 4094 1327 4122 ο
1356 4094 1569 4154 pactam
1598 4087 1893 4158 reciperet,
1933 4104 1965 4143 a
1993 4104 2101 4157 qua

501 4177 721 4236 QUOQUO
750 4169 911 4224 modo
940 4170 1119 4225 divelli
1149 4173 1252 4227 nisi
1283 4184 1458 4230 morte
1479 4218 1492 4239 ,
1527 4184 1621 4231 aut
1650 4178 1932 4233 amborum
1964 4194 2097 4233 con-

502 4272 664 4313 sensu
707 4260 1080 4318 intercedente
1108 4264 1387 4333 nequiret;
1435 4266 1534 4321 sed
1574 4267 1620 4322 is
1660 4268 1921 4325 diabolica
1962 4286 2101 4340 pra:-

501 4362 693 4405 ventus
723 4353 1189 4411 irremediabiliter
1215 4358 1531 4427 pertinacia,
1564 4363 1769 4417 monita
1796 4364 1910 4432 ejus
1942 4381 2095 4436 spre-

501 4442 598 4497 vit.
629 4442 800 4509 Quem
823 4445 1014 4503 beatus
1040 4447 1331 4518 Gregorius
1362 4454 1655 4523 apostolica
1679 4459 2003 4515 auctoritate
2028 4462 2097 4518 ab

501 4533 727 4589 ecclesia
752 4538 851 4592 sub
872 4538 1236 4608 anathemate,
1267 4543 1368 4599 nisi
1398 4544 1755 4614 resipisceret,
1788 4558 2095 4618 sequestra-

2214 3344 2326 3399 rius
2354 3353 2413 3399 ut
2446 3344 2844 3415 colloqueretur
2882 3345 3148 3411 occurrit,
3179 3352 3491 3415 tantamque
3524 3346 3631 3402 vim
3672 3355 3803 3407 nutu

2213 3434 2395 3490 divino
2420 3434 2538 3505 ejus
2568 3435 2746 3491 verbis
2788 3435 2966 3493 inesse
2994 3446 3248 3507 expertus
3277 3435 3407 3506 fuit,
3450 3445 3512 3491 ut
3548 3452 3671 3493 cum
3706 3439 3802 3494 im.

2212 3528 2435 3583 millima
2470 3529 2799 3599 indulgentia
2832 3530 3086 3602 religioso
3112 3531 3412 3602 apostolico
3434 3530 3799 3598 satisfaceret,

2213 3627 2267 3677 et
2296 3637 2355 3678 se
2382 3622 2638 3695 deinceps
2660 3625 2762 3681 sibi
2786 3624 3076 3693 subditum,
3110 3635 3165 3682 et
3188 3635 3387 3682 sanctae
3416 3622 3673 3683 Romanae
3699 3624 3805 3683 Ec‘

2212 3714 2389 3770 clesiae
2435 3715 2689 3772 devotum
2734 3717 2991 3774 famulum
3033 3720 3431 3791 spopondisset.
3480 3719 3530 3777 Is
3571 3720 3802 3792 denique

2210 3816 2399 3877 postea
2438 3823 2606 3877 usque
2646 3808 2715 3863 ad
2753 3810 2956 3865 exitum
2999 3809 3102 3881 14
3146 3810 3472 3877 inﬁrmatus,
3512 3810 3802 3871 venerandi

2209 3914 2363 3971 papa:
2391 3900 2691 3957 orationem
2717 3902 2996 3973 poposcit,
3024 3910 3185 3972 atque
3218 3905 3275 3959 in
3303 3918 3621 3975 responsum
3648 3919 3802 3960 acce-

2209 3993 2291 4063 pit
2315 3992 2460 4062 quod
2481 3993 2531 4048 ei
2551 3992 2811 4049 Dominus
2835 3993 3013 4050 adhuc
3032 3994 3265 4065 spatium
3284 3994 3615 4065 poenitentia:
3639 3994 3801 4064 largi-

2209 4096 2391 4153 retur;
2422 4095 2477 4142 et
2501 4094 2560 4141 ut
2586 4087 2798 4158 plenius
2825 4087 3254 4156 convalesceret,
3284 4087 3391 4143 illis
3408 4087 3602 4157 quibus
3628 4088 3802 4143 nutri-

2208 4186 2296 4232 tus
2325 4178 2502 4234 fuerat
2529 4178 2662 4233 cibis
2690 4177 2965 4246 indulgere
2993 4177 3254 4246 studeret,
3285 4179 3375 4248 qui
3400 4179 3564 4248 jussis
3588 4178 3800 4235 obtem-

2206 4286 2405 4342 perans
2434 4268 2740 4334 convaluit,
2773 4275 2827 4323 et
2855 4268 2910 4322 in
2936 4266 3203 4337 reliquum
3229 4267 3478 4324 devotius
3502 4267 3657 4322 vixit.

2278 4363 2368 4418 27.
2408 4363 2555 4419 Idem
2578 4377 2708 4418 vero
2746 4359 3169 4432 perfectissimus
3204 4371 3261 4417 et
3302 4362 3652 4432 acceptabilis
3688 4362 3802 4419 Deo

2206 4458 2495 4527 sacerdos,
2526 4472 2649 4513 cum
2678 4455 2912 4527 quadam
2945 4456 3032 4510 die
3058 4470 3156 4524 per
3176 4454 3352 4511 forum
3372 4453 3588 4525 Trajani
3610 4497 3625 4522 ,
3655 4454 3801 4526 quod

2206 4566 2374 4625 opere
2403 4551 2629 4606 miriﬁco
2656 4557 2869 4605 constat
2897 4563 3015 4604 esse
3035 4556 3388 4616 exstructum,
3417 4548 3436 4587 ί
3458 4549 3797 4620 procederet,

504 4626 599 4680 vit.
632 4626 802 4694 Quam
833 4633 1449 4691 excommunicationem
1478 4635 1623 4692 idem
1646 4638 1932 4695 admodum
1960 4657 2104 4712 aegre
2127 4633 2184 4694 D
2210 4650 2270 4698 et
2297 4641 2526 4710 insignia
2553 4639 2936 4697 misericordiae
2964 4637 3080 4706 ejus
3108 4638 3478 4709 conspiceret,
3511 4639 3654 4695 inter
3681 4655 3800 4709 qua:

501 4714 679 4770 ferens
698 4759 710 4780 ,
740 4728 795 4773 et
823 4731 1047 4790 peccata
1078 4725 1315 4792 peccatis
1336 4728 1711 4793 accumulans,
1744 4730 1879 4785 duos
1906 4748 2095 4804 magos

500 4810 742 4879 pecuniis
765 4826 832 4866 ex
854 4814 1054 4882 placito
1080 4815 1256 4885 locat,
1295 4825 1355 4872 ut
1383 4818 1437 4874 in
1464 4828 1708 4876 sanctum
1739 4825 2092 4893 apostolicum

578 4953 605 5013 ξι
628 4941 879 5013 Βθῐνθοη
910 4949 1239 5012 particulam.

575 5011 604 5050 δ
623 5012 702 5067 Ita
724 5011 1090 5088 Mss.'Germ.,
1120 5018 1301 5083 Becc.,
1331 5020 1561 5088 Coneh.,
1591 5023 1838 5081 Moissac.
1870 5026 2089 5084 Bollan-

498 5082 620 5169 dus,
653 5087 848 5156 agnitio
876 5082 1448 5169 personaruwm.gGuss.,
1478 5082 1596 5169 quia
1621 5104 1670 5148 et
1694 5098 1817 5151 mali
1840 5107 1889 5151 et
1914 5082 2090 5169 perso-

499 5167 691 5235 _nar_um
742 5158 1086 5235 magnitudo.-
1131 5157 1401 5235 Fortasse
1436 5157 1583 5235 quod
1638 5182 1743 5221 non
1802 5157 2092 5235 probarent

497 5223 781 5280 barbaram
810 5223 997 5298 v'ocem
1030 5226 1324 5298 Magnatio.
1371 5223 1605 5289 Deducta
1643 5223 1853 5293 videtur
1889 5254 1918 5291 a
1965 5223 2089 5293 Ma-

499 5304 674 5366 gnate,
707 5297 858 5363 quasi
888 5297 1151 5364 Magnatis
1179 5307 1350 5356 status
1376 5310 1430 5357 et
1459 5306 1719 5361 conditio.

573 5375 595 5403 ε
627 5365 788 5447 Boll.,
823 5367 877 5420 in
904 5368 1127 5447 gratiam
1155 5380 1419 5447 pacatam.
1448 5372 1607 5430 Guss.
1640 5378 1820 5432 omisit
1848 5386 2090 5447 pacatam

496 5442 551 5520 et
572 5444 810 5520 pactam,
843 5437 1209 5520 quoddegitur
1236 5442 1288 5496 in
1318 5442 1444 5520 Mss.
1478 5448 1705 5520 nostris,
1738 5437 1942 5520 optimo
1971 5450 2089 5517 quiv

495 5505 829 5586 dem‘s'ensu‘,
860 5505 1010 5576 quasi
1038 5505 1562 5586 pactis__matrimonii
1596 5505 1937 5586 promissam.

494 5572 753 5713 spzciynocx
780 5572 991 5645 Graeca,
1031 5572 1309 5651 ἆπὸδειξις,
1352 5572 1742 5643 demonstratio
1761 5572 2082 5657 ,iprobatio,

736 5664 789 5702 Π.

736 5664 789 5702 Π.

2208 4735 2563 4792 memorabile
2609 4733 2737 4788 illud
2783 4732 3135 4802 comperiret,
3188 4732 3437 4789 videlicet
3481 4734 3626 4802 quod
3674 4750 3795 4789 cum

2208 4827 2352 4883 idem
2379 4826 2526 4883 orbis
2551 4826 2804 4897 princeps
2827 4824 2881 4879 in
2911 4823 3331 4895 expeditionem,
3362 4825 3797 4882 circumvallatus

2209 4967 2278 5023 ad
2289 4966 2568 5022 ecclesiam
2585 4963 2814 5019 solemni
2832 4962 2939 5017 ritu
2949 4974 3172 5033 pergere
3188 4980 3200 5015 :
3219 4976 3323 5033 quo
3338 4975 3499 5019 sensu
3512 4970 3689 5033 potest
3709 4962 3797 5026 hie

2208 5037 2464 5105 intelligi;
2497 5050 2620 5088 nam
2642 5034 2707 5105 in
2749 5034 2839 5105 illa_
2865 5033 3211 5105 processione
3235 5032 3529 5105 Gregorius
3548 5034 3797 5105 pervenit

2209 5109 2279 5161 ad
2308 5101 2613 5176 sepulcrum
2638 5104 2783 5176 beati
2808 5101 3085 5176 Patri,_ut
3118 5101 3575 5176 exsequentibus
3602 5104 3791 5176 liquet.

2210 5172 2445 5233 Consule
2472 5183 2627 5230 notas
2666 5175 2960 5230 doctissimi
2990 5173 3229 5228 Menardi
3268 5173 3337 5226 ad
3376 5173 3569 5228 librum
3595 5172 3793 5228 Sacra-

2209 5254 2406 5311 ment.,
2436 5246 2503 5301 ad
2532 5261 2586 5300 Vl
2613 5244 2737 5301 ldus
2759 5244 3089 5315 Septembris
3107 5286 3121 5311 ,
3155 5244 3244 5298 ubi
3278 5243 3469 5315 legit_ur
3494 5244 3561 5315 ad
3588 5260 3790 5315 ρνρτρεο

2210 5320 2428 5373 sionem.
2459 5317 2723 5372 Cancrum
2754 5331 2872 5386 quzc
2902 5316 2991 5370 hic
3018 5314 3267 5386 dicuntur
3295 5313 3626 5386 deigTrajano
3655 5314 3789 5369 libe-

2209 5397 2364 5454 rato,
2416 5388 2545 5443 licet
2592 5385 2851 5443 Bollan’do
2894 5385 3273 5456 nonnullisque
3314 5385 3431 5456 aliis
3470 5385 3791 5456 probentur,

2211 5468 2468 5529 tanquam
2497 5459 2681 5529 putida
2717 5456 2894 5511 fabula
2926 5454 3340 5529 exploduntura
3372 5454 3577 5529 Βιιιςοηἑ
3602 5454 3670 5509 ad
3699 5470 3789 5509 au.

2208 5524 2341 5597 604;
2373 5546 2425 5583 ιι.
2459 5524 2527 5583 50
2556 5537 2611 5583 et
2638 5542 2776 5596 seq.,
2809 5535 2863 5581 et
2891 5542 2922 5581 a
2950 5524 3224 5597 Bellarm.,
3256 5525 3347 5597 lib.
3380 5540 3417 5597 ιι
3448 5525 3515 5579 de
3543 5525 3786 5597 Purgat.,

2206 5617 2257 5656 c.
2282 5594 2336 5655 8.
2361 5603 2489 5667 Quae
2511 5600 2675 5654 etiam
2698 5594 3011 5667 fefellimus,
3028 5610 3107 5667 ex
3128 5595 3441 5667 indubitatis
3465 5595 3638 5667 sancti
3659 5594 3793 5648 Grc-

2204 5672 2341 5740 gorii
2388 5665 2708 5740 testimoniis
2746 5670 2799 5721 in
2846 5666 2960 5740 ejus
3005 5665 3362 5740 VitauGallice
3405 5665 3627 5740 scripta,
3679 5673 3790 5718 tum

571 5714 801 5809 tlingua
832 5720 1217 5809 magislptena.
1260 5722 1350 5780 Sic
1379 5724 1572 5809 Paulus
1597 5726 1837 5798 Elymam
1868 5743 2085 5800 magum

2206 5714 2341 5807 iiii,
2364 5714 2707 5805 civi'fi'i',"
2724 5714 2837 5809 ιξῇἱιι
2850 5714 3004 5806 ῖῗὼ,
3021 5714 3790 5805 €5,117;iussisses:

497 5786 740 5863 Caecitate
768 5786 1075 5863 percusssii,
1108 5793 1228 5848 Act.
1256 5796 1488 5863 xm,10.

572 5855 590 5894 ί
624 5855 911 5921 Ρνοεὲάενε
940 5862 996 5923 in
1024 5864 1332 5924 auctoribus
1358 5855 1540 5930 sacris
1578 5867 1881 5940 significare
1908 5874 2079 5942 solet,
2144 5878 2149 5884 '

2204 5813 2345 5870 tario
2374 5812 2440 5869 de
2469 5809 2709 5881 ejusdem
2740 5807 2879 5863 Vita.

3815 5329 3835 5345 δ

3811 5886 3825 5929 l
