4118 6444
230 334 295 387 5Ἴ

937 334 994 391 S.
1035 334 1362 392 GREGORII
1403 335 1623 393 MAGNI
1662 335 1825 391 νιτΑ

1932 336 2221 394 ηυΟΤΟΒΕ
2258 338 2488 398 PAULO
2527 340 2836 400 DIACONO.

3459 342 3534 397 58

230 447 460 507 militum
502 447 715 513 cuneis,
761 458 1040 517 pergeret,
1088 449 1287 504 ibidem
1323 450 1535 504 obviam
1576 449 1824 505 habuerit
1850 453 1904 513 Α
1928 451 2223 516 reticente,
2268 452 2410 509 idem
2452 457 2697 513 minister
2725 458 2840 528 ejus
2867 459 3008 530 stylo
3036 461 3418 532 perforaverit,
3465 475 3528 526 et

229 542 647 601 vetustissimam
670 539 911 609 viduam.
927 542 1079 597 senio
1094 544 1360 615 simulque
1388 544 1578 599 dolore
1606 559 1670 599 ac
1691 559 1824 615 pau-

229 641 441 705 pertate
470 630 800 701 confectam,
832 631 985 700 cujus
1021 633 1272 705 lacrymis
1300 645 1463 705 atque
1495 635 1717 691 vocibus
1746 635 1825 691 sic

228 724 587 795 compellatur
611 721 896 794 :Princeps
920 725 1152 792 piissime
1168 726 1411 797 Trajune,
1452 744 1567 781 ecce
1596 727 1676 780 hic
1704 734 1826 782 sunt

229 818 463 873 homines
481 819 565 889 qui
588 817 740 873 modo
762 818 889 871 mihi
905 820 1113 872 unicum
1133 819 1319 888 ﬁlium,
1346 820 1613 873 senectutis
1630 821 1825 874 scilicet

228 926 355 966 mea:
376 908 612 964 baculum
633 918 682 963 et
703 926 854 964 omne
875 911 1140 979 solatium,
1163 911 1495 977 occiderunt;
1521 928 1698 983 meque
1720 930 1826 966 una

232 1020 347 1057 cum
376 1019 435 1057 eo
463 1000 689 1056 volentes
719 1002 978 1064 occidere,
1019 1002 1368 1074 dedignantur
1397 1005 1548 1058 etiam
1578 1006 1703 1058 mihi
1732 1023 1825 1075 pro

229 1114 290 1151 eo
311 1097 563 1149 rationem
592 1095 819 1166 aliquant
846 1095 1077 1149 reddere.
1113 1096 1209 1150 Cui
1238 1096 1327 1151 ille
1357 1097 1629 1163 festinato,
1660 1106 1721 1152 ut
1740 1113 1827 1153 res

229 1187 511 1255 exigebat,
543 1187 910 1256 pertransiens
955 1203 970 1242 :
1014 1186 1139 1241 Cum
1168 1188 1403 1253 rediero,
1434 1190 1636 1257 inquit,
1668 1190 1827 1245 dicito

228 1280 393 1345 mihi,
424 1288 474 1333 et
500 1281 690 1350 faciam
721 1278 813 1333 tibi
846 1297 1049 1334 onmem
1071 1282 1349 1351 justitiam.
1386 1280 1520 1335 Tum
1556 1281 1645 1335 illa
1671 1300 1683 1335 :
1716 1281 1828 1337 Do-

227 1374 399 1441 mine,
430 1373 637 1442 inquit,
668 1382 718 1427 et
755 1375 801 1427 si
835 1383 889 1427 tu
919 1391 1021 1429 non
1051 1376 1301 1439 redieris,
1334 1392 1424 1445 ego
1450 1374 1572 1446 quid
1601 1375 1829 1445 faciant?

226 1465 307 1520 Ad
349 1481 510 1536 quam
553 1481 742 1522 vocem
769 1467 1035 1534 substitit,
1078 1475 1133 1523 et
1157 1482 1283 1523 reos
1308 1483 1493 1522 coram
1540 1484 1600 1524 se
1636 1467 1829 1525 adduci

227 1559 374 1615 fecit.
407 1559 625 1630 Neque,
663 1576 785 1617 cum
816 1569 1196 1631 suggereretur
1219 1578 1250 1617 a
1287 1563 1493 1619 cunctis
1522 1562 1830 1619 accelerare

227 1650 529 1719 negotium,
561 1666 802 1720 gressum
832 1667 863 1706 a
891 1652 1012 1709 loco
1038 1653 1226 1720 movit,
1259 1669 1540 1724 quousque
1568 1662 1626 1710 et
1652 1653 1829 1709 viduae

208 1754 256 1807 pa
302 1739 467 1805 fisco,
518 1741 663 1809 quod
698 1741 941 1810 juridicis
984 1745 1352 1800 sanctionibus
1393 1744 1671 1802 decretum
1707 1754 1824 1813 est,

1926 552 2124 598 eventu
2147 560 2243 614 per
2264 544 2511 602 foramen
2534 551 2893 620 conspiciens,
2916 552 3049 608 vidit
3074 555 3377 612 columbam
3397 560 3524 618 nive

1925 639 2293 695 candidiorem
2323 656 2488 712 super
2515 643 2632 713 ejus
2659 654 2821 717 caput
2848 647 3147 716 sedentem,
3178 658 3525 725 rostrumque

1927 730 2094 799 ipsius
2119 732 2201 788 ori
2231 733 2324 788 diu
2355 744 2539 790 tenere
2567 738 2873 807 appositum
2900 757 2911 792 :
2943 756 3063 810 qua:
3092 757 3214 796 cum
3244 759 3303 799 se
3332 744 3400 800 ab
3428 760 3524 802 ore

1924 819 2177 891 ejusdem,
2194 835 2493 895 amoveret,
2524 827 2813 898 incipiebat
2833 842 3052 888 sanctus
3074 834 3317 903 pontifex
3344 836 3523 907 loqui,

1926 921 1983 970 et
2003 930 2034 969 a
2058 916 2273 973 notario
2306 919 2590 989 graphium
2621 923 2761 978 ceris
2789 923 3041 994 imprimi.
3073 925 3208 981 Cum
3235 930 3522 985 vero.reti-

1928 1005 2086 1060 cebat
2113 1008 2286 1062 sancti
2316 1008 2549 1079 Spiritus
2578 1026 2868 1082 organum,
2901 1017 3147 1074 minister
3164 1020 3280 1090 ejus
3308 1022 3524 1077 oculum

1928 1095 2179 1152 foramini
2209 1100 2405 1155 iterum
2428 1103 2756 1173 applicabat,
2784 1122 3015 1177 eumque
3037 1125 3101 1164 ac
3127 1111 3172 1165 si
3198 1111 3251 1165 in
3275 1113 3526 1169 oratione

1930 1187 2123 1243 levatis
2151 1189 2219 1243 ad
2255 1191 2451 1247 coelum
2481 1194 2729 1250 manibus
2763 1197 2923 1251 simul
2952 1207 3007 1253 et
3027 1199 3231 1267 oculis,
3262 1202 3527 1259 columbae

1930 1288 2163 1335 rostrum
2208 1296 2361 1337 more
2406 1284 2567 1339 solito
2615 1288 3034 1357 cOnSpicabatur
3083 1306 3179 1347 ore
3226 1295 3521 1363 suscipere.

1931 1370 2085 1438 Quod
2129 1373 2381 1440 tandem,
2437 1376 2629 1433 eodem
2685 1380 2877 1449 spiritu
2924 1381 3231 1449 revelante,
3284 1385 3527 1453 pontifex

1932 1471 2153 1518 sanctus
2177 1467 2461 1535 cognovit,
2494 1476 2549 1523 et
2576 1469 3046 1527 vehementissime
3072 1474 3240 1530 tristis
3267 1474 3526 1544 effectus,

1930 1555 2310 1612 interminatus
2331 1566 2413 1613 est
2436 1562 2760 1618 auctoritate
2780 1566 3077 1634 apostolica
3098 1567 3341 1624 miraculi
3362 1570 3529 1626 divini

1933 1646 1987 1702 in
2020 1663 2079 1703 se
2110 1652 2409 1719 perpetrati
2434 1654 2676 1722 conscio,
2707 1672 2777 1710 ne
2806 1657 2988 1713 invita
3016 1673 3112 1715 sua
3138 1661 3190 1716 id
3216 1661 3374 1718 alicui
3394 1678 3529 1732 quo-

1933 1754 2042 1810 quo
2091 1741 2254 1797 modo
2297 1743 2652 1813 patefaceret.
2704 1746 2858 1813 Quod
2900 1750 3213 1815 isvinterim
3261 1764 3528 1810 secretum

225 1832 463 1901 persolvi
504 1848 603 1903 pro
646 1847 707 1887 re
746 1833 902 1898 fecit;
946 1843 972 1871 ει
1003 1834 1329 1905 demumque
1373 1836 1827 1907 supplicationum
1859 1843 1907 1903 Β
1934 1830 2275 1899 custodiens,
2316 1843 2440 1903 post
2476 1835 2880 1893 defunetionem
2912 1842 3233 1898 sanctissimi
3264 1841 3291 1880 ά
3341 1860 3527 1902 sacer-

225 1923 479 1992 precibus
503 1931 559 1979 et
584 1922 798 1979 fletibus
817 1940 981 1995 super
1002 1924 1155 1981 factis
1177 1926 1287 1981 suis
1306 1926 1632 1996 poenitentes
1654 1927 1828 1983 visce-

225 2014 326 2069 rali
353 2014 638 2070 clementia
675 2014 876 2082 ﬂexus,
926 2032 1034 2071 non
1065 2025 1172 2071 tam
1202 2025 1472 2084 potestate
1516 2032 1677 2085 quam
1706 2033 1831 2087 pre—
1862 2074 1876 2094 ,ἱ

225 2114 357 2160 catu
385 2116 440 2160 et
465 2108 684 2163 lenitate
724 2108 964 2177 vinctos,
996 2109 1389 2179 praetorialibus
1416 2111 1622 2165 catenis
1650 2110 1829 2165 absol-

226 2196 322 2251 vit.
339 2195 511 2266 Hujus
538 2199 617 2253 rei
640 2199 812 2268 gratia
836 2209 1193 2269 compunctus
1223 2201 1541 2256 venerabilis
1562 2202 1825 2271 pontifex,

227 2289 395 2359 cmpit
434 2289 749 2361 lacrymosis
789 2291 1077 2361 gemitibus
1110 2307 1294 2347 secum
1324 2293 1463 2347 inter
1500 2293 1665 2348 verba
1705 2310 1830 2364 pre-

228 2380 430 2444 cantia,
460 2381 579 2436 hmc
598 2381 860 2450 siquidem
890 2382 1203 2453 prophetica
1226 2391 1281 2438 et
1300 2382 1625 2452 Evangelica
1654 2385 1821 2440 revol-

225 2485 361 2526 vere
389 2471 606 2526 oracula
632 2490 644 2524 :
677 2470 773 2539 Tu,
806 2471 1049 2541 Domine,
1079 2472 1260 2527 dixisti
1292 2490 1309 2527 :
1338 2472 1579 2527 Judicate
1605 2473 1827 2545 pupillo,

225 2564 491 2635 defendite
516 2565 750 2631 viduam;
778 2576 827 2619 et
853 2568 1038 2635 venite,
1069 2577 1117 2620 et
1147 2568 1345 2636 arguite
1370 2584 1451 2621 me
1475 2566 1613 2637 (Isa.
1640 2584 1676 2633 1,
1712 2568 1825 2639 17).

226 2655 292 2712 Et
323 2658 453 2712 alibi
493 2676 505 2711 :
552 2656 838 2724 Dimittite,
871 2668 921 2712 et
949 2659 1233 2712 dimittetur
1261 2658 1434 2724 vobis;
1469 2676 1533 2713 ne
1559 2660 1829 2714 immemor

225 2750 322 2814 sis,
357 2766 550 2822 quaso,
583 2759 821 2820 peccator
849 2766 942 2821 ego
970 2750 1380 2821 indignissimus,
1413 2760 1622 2821 propter
1644 2766 1829 2804 nomen

225 2842 413 2913 gloria:
442 2851 574 2908 tuaz,
606 2852 656 2895 et
683 2842 1004 2912 ﬁdelissima:
1039 2842 1395 2911 promissionis
1426 2851 1553 2908 tuae,
1592 2843 1647 2894 in
1678 2841 1829 2911 hujus

226 2931 545 2986 devotissimi
588 2933 681 2986 viri
724 2934 894 3004 facto,
933 2934 1117 3003 pietati
1162 2941 1261 2987 tua:
1302 2932 1563 2986 humiliter
1598 2932 1829 3003 supplico

224 3022 437 3092 (Herc.
468 3039 552 3089 vi,
584 3022 712 3093 27).
754 3022 1195 3093 Perveniensque
1232 3022 1299 3078 ad
1338 3022 1642 3093 sepulcrum
1682 3022 1829 3077 beati

223 3112 400 3182 Petri,
431 3115 503 3170 ibi
526 3114 727 3171 diutius
749 3117 943 3183 oravit,
975 3123 1031 3171 et
1059 3113 1226 3185 flevit,
1260 3124 1423 3186 atque
1443 3114 1611 3170 veluti
1636 3130 1828 3171 somno

224 3213 514 3275 correptus
542 3205 596 3260 in
619 3206 878 3262 exstasim
907 3215 990 3262 est
1016 3214 1202 3277 raptus
1221 3245 1236 3273 ,
1273 3221 1380 3275 quo
1405 3221 1463 3261 se
1489 3222 1588 3277 per
1615 3206 1827 3262 revela-

224 3298 437 3353 tionem
466 3298 780 3353 exauditum
811 3298 1005 3367 discit;
1037 3307 1093 3354 et
1123 3313 1193 3355 ne
1220 3298 1447 3354 ulterius
1469 3298 1581 3368 jam
1612 3299 1737 3353 talia
1767 3298 1835 3355 de

223 3402 503 3459 quoquam
524 3389 642 3446 sine
661 3390 989 3461 baptismate
1011 3405 1169 3446 sacro
1200 3390 1458 3447 defuncto
1487 3400 1836 3461 prtesumeret

222 3490 439 3552 petere,
461 3484 761 3553 promeruit
788 3483 1060 3555 castigari.
1086 3482 1201 3549 Qua
1224 3482 1279 3537 in
1300 3498 1379 3549 re,
1404 3482 1533 3538 licet
1553 3481 1581 3520 δ
1606 3497 1637 3536 a
1657 3482 1834 3539 minus

223 3572 487 3644 perfectae
516 3574 640 3630 fidei
668 3584 724 3631 et
750 3575 977 3631 curiosis
1014 3575 1258 3644 quaedam
1295 3573 1511 3629 valeant
1543 3574 1740 3645 quaeri,
1779 3581 1835 3629 et

222 3667 385 3737 plura
408 3666 474 3721 ab
496 3667 579 3722 bis
598 3667 690 3736 qui
720 3667 946 3722 credunt
972 3667 1188 3721 veritati
1217 3666 1449 3721 fideliter
1470 3665 1691 3731 dicenti,
1718 3682 1834 3736 qua:

221 3758 374 3829 apud
413 3759 645 3813 homines
686 3758 1031 3828 impossibilia
1072 3768 1193 3812 sunt
1231 3757 1311 3811 vel
1348 3756 1615 3822 videntur,
1654 3757 1835 3826 facilia

222 3856 351 3902 sunt
374 3848 515 3918 apud
549 3846 853 3914 Dominum,
891 3847 1180 3902 salubriter
1206 3846 1521 3916 explanari,
1562 3846 1728 3900 tutius
1755 3854 1836 3900 ta-

222 3953 359 3996 men
387 3937 603 3992 videtur
632 3938 686 3991 in
713 3938 818 3993 hoc
848 3946 975 3993 actu
1004 3938 1200 3992 divina:
1226 3939 1442 4007 pietatis
1471 3948 1527 3993 et
1553 3937 1836 4008 potestatis

222 4030 491 4105 judicium
519 4030 789 4097 venerari,
822 4038 877 4086 et
905 4046 935 4083 a
966 4030 1180 4085 nemine
1209 4029 1424 4086 discuti.

290 4131 395 4187 28.
436 4130 679 4200 Denique
724 4146 755 4185 a
804 4130 947 4186 fideli
995 4139 1051 4185 et
1094 4130 1351 4203 religioso
1400 4131 1552 4201 viro,
1605 4146 1669 4187 ac
1709 4132 1834 4189 huic

226 4236 421 4284 nostro
451 4225 600 4281 Patri
627 4225 967 4281 sanctissimo
1003 4240 1103 4296 pro
1141 4242 1249 4280 sua:
1280 4225 1553 4296 religionis
1589 4233 1645 4281 et
1683 4226 1833 4281 utili-

228 4322 361 4376 tatis
406 4321 599 4375 merito
647 4319 805 4375 valde
855 4328 879 4357 ο
934 4317 1384 4384 familiarissima,
1436 4317 1665 4374 fideliter
1709 4328 1835 4390 post

230 4414 443 4470 obitum
480 4412 597 4482 ejus
638 4411 796 4467 nobis
837 4418 1113 4465 narratum
1160 4409 1473 4475 didicimus,
1520 4408 1665 4479 quod
1708 4426 1832 4466 cum

235 4507 344 4580 15
365 4505 505 4561 idem
520 4521 615 4561 vas
635 4504 917 4561 electionis
937 4514 991 4558 et
1014 4502 1380 4557 habitaculum
1401 4502 1573 4558 sancti
1602 4499 1831 4572 Spiritus

1932 1919 2077 1976 dotis
2107 1924 2418 1993 compulsus
2447 1927 2804 1995 quorumdam
2846 1930 3073 1996 invidia,
3123 1934 3215 2001 qui
3254 1936 3528 1992 obtrecta-

1932 2010 2065 2065 bant
2087 2013 2258 2067 virum
2281 2014 2670 2084 beatissimum,
2696 2022 3129 2091 prazsumptionis
3151 2031 3361 2081 tumore
3382 2020 3529 2083 tanta

1934 2115 2000 2155 ac
2047 2102 2173 2157 talia
2223 2102 2293 2158 de
2339 2105 2639 2161 cmlestium
2690 2123 3006 2165 arcanorum
3054 2115 3323 2184 mysteriis
3368 2115 3530 2172 fuisse

1933 2194 2171 2250 locutum
2192 2237 2209 2265 ,
2240 2196 2355 2253 bmc
2382 2198 2456 2252 ita
2483 2214 2543 2254 se
2567 2214 2666 2270 per
2685 2202 2865 2257 omnia
2893 2203 3087 2260 vidisse
3116 2204 3346 2261 fideliter
3374 2222 3530 2263 enar-

1932 2286 2090 2340 ravit.

2002 2385 2093 2442 29.
2126 2388 2353 2459 Migrato
2377 2406 2608 2462 namque
2633 2392 2698 2449 ad
2728 2393 3015 2451 Dominum
3036 2411 3179 2469 saepe
3198 2398 3343 2455 dicto
3370 2416 3529 2457 reve-

1932 2479 2257 2536 rendissimo
2306 2482 2595 2553 pontifice,
2654 2500 2777 2540 cum
2822 2486 2993 2543 fames
3038 2489 3367 2546 validissima
3420 2508 3529 2548 non

1934 2570 2095 2625 modo
2134 2571 2189 2625 in
2215 2570 2317 2627 hac
2347 2574 2565 2629 civitate
2596 2574 2864 2644 Romana,
2899 2593 3085 2633 verum
3115 2589 3170 2635 et
3198 2581 3252 2635 in
3281 2583 3530 2640 onmibus

1934 2662 2077 2718 circa
2107 2666 2419 2733 regionibus
2446 2668 2576 2722 satis
2602 2685 2871 2740 superque
2899 2685 3256 2743 grassaretur,
3287 2684 3341 2731 et
3365 2676 3412 2733 is
3438 2676 3532 2747 qui

1933 2757 1984 2811 ei
2025 2757 2079 2810 in
2110 2757 2241 2812 sede
2287 2760 2582 2828 pontificali
2614 2772 2637 2799 ⁶
2670 2774 3007 2819 successerat
3044 2766 3237 2823 horrea
3276 2767 3532 2823 Ecclesiae

1937 2849 2243 2904 ementibus
2265 2849 2533 2905 frumenta
2558 2854 2813 2922 aperiret,
2841 2863 2895 2909 et
2916 2856 3022 2910 illis
3040 2870 3177 2925 quos
3197 2856 3386 2913 beatus
3406 2857 3532 2913 Gre-

1937 2939 2121 3007 gorius
2152 2956 2249 3010 per
2277 2942 2605 2997 monasteria
2651 2952 2706 2999 et
2745 2945 3082 3001 xenodocbia
3119 2962 3216 3003 seu
3259 2948 3534 3005 diaconias

1934 3028 2021 3083 vel
2050 3030 2339 3100 hospitalia
2378 3032 2663 3102 stipendiis
2701 3033 2925 3090 alendos
2965 3036 3345 3093 ecclesiasticis
3390 3038 3534 3093 ordi-

1938 3128 2163 3175 naverat
2191 3122 2498 3189 clauderet,
2539 3134 2821 3194 cmperunt
2850 3141 3063 3195 omnes,
3112 3127 3270 3183 famis
3297 3128 3534 3198 compel-

1858 3218 1904 3281 C
1940 3212 2086 3268 lente
2124 3214 2339 3284 inopia,
2381 3216 2666 3285 apostolici
2694 3232 2852 3273 aures
2881 3218 3208 3287 inquietare,
3248 3220 3530 3276 dicentes:

1939 3304 2162 3361 Domine
2204 3308 2514 3378 apostolica,
2564 3326 2690 3380 quos
2735 3318 2884 3379 pater
2920 3320 3096 3365 noster
3143 3311 3378 3367 decessor
3422 3322 3535 3368 tuus

1938 3408 2146 3451 sanctus
2178 3394 2455 3469 Gregorius
2487 3398 2734 3454 hactenus
2760 3401 2957 3454 studuit
2977 3418 3215 3472 pascere,
3251 3413 3337 3456 tua
3366 3402 3385 3441 τ
3413 3421 3536 3459 san-

1938 3491 2090 3545 ctitas
2134 3493 2272 3562 fame
2317 3509 2421 3546 non
2467 3494 2607 3547 sinat
2653 3495 2841 3564 perire.
2895 3494 3041 3561 Quos
3086 3494 3537 3553 vociferationum

1938 3582 2202 3640 clamores
2226 3583 2367 3640 idem
2397 3586 2628 3642 moleste
2663 3584 2869 3653 ferens,
2903 3588 3218 3658 respondit:
3252 3588 3315 3644 Si
3338 3588 3535 3662 Grego-

1936 3676 2044 3729 rius
2066 3676 2134 3729 ad
2156 3677 2352 3747 famam
2374 3692 2482 3733 sua:
2506 3677 2671 3732 laudis
2699 3688 2910 3735 cunctos
2930 3680 3145 3750 papulas
3168 3682 3361 3735 curavit
3382 3681 3537 3735 susci-

1936 3782 2078 3835 pere,
2110 3783 2202 3821 nos
2225 3784 2400 3822 omnes
2427 3785 2531 3822 non
2553 3786 2823 3840 possumus
2865 3786 3092 3839 pascere,
3127 3770 3312 3840 sicque
3337 3787 3537 3827 vacuos

1936 3858 2060 3910 sivit
2082 3858 2247 3913 abire.
2282 3858 2413 3924 Quae
2434 3860 2601 3914 verba
2628 3860 2998 3929 responsionis
3020 3877 3142 3916 cum
3164 3862 3358 3932 sarpius
3386 3860 3453 3915 ad
3478 3876 3537 3917 se

1935 3946 2294 4003 clamantibus
2335 3949 2539 4005 iterans
2585 3950 2869 4017 redderet,
2930 3953 3181 4023 apparuit
3231 3953 3280 4008 ei
3327 3953 3379 4007 in
3418 3952 3538 4007 visu

1936 4048 2152 4096 sanctus
2179 4040 2472 4110 Gregorius
2501 4043 2693 4111 tertio,
2736 4043 2994 4115 illumque
3033 4045 3195 4101 tertio
3224 4044 3420 4101 blande
3449 4046 3535 4099 in—

1937 4146 2168 4202 crepans
2195 4148 2360 4204 super
2389 4148 2486 4189 sua
2513 4134 2851 4191 detractione
2881 4144 2937 4192 et
2966 4136 3135 4207 ipsius
3164 4137 3377 4193 tenacia
3396 4179 3410 4205 ,
3440 4152 3537 4193 seu

1935 4222 2259 4278 miserorum
2281 4224 2595 4294 indigentia,
2626 4225 2911 4282 admonuit
2939 4234 3102 4298 atque
3130 4228 3410 4298 corripuit.
3434 4226 3537 4293 Qui

1936 4330 2038 4372 nec
2064 4332 2159 4372 cor
2186 4317 2254 4371 ad
2280 4316 2706 4374 misericordiam
2736 4317 2907 4388 ﬂexit,
2940 4334 3040 4375 nec
3068 4320 3148 4375 ori
3170 4320 3237 4374 ab
3260 4320 3535 4375 obtrecta-

1936 4410 2087 4465 tione
2115 4409 2376 4468 adhibcre
2405 4413 2705 4467 custodiam
2736 4414 2930 4481 voluit,
2960 4428 3062 4469 nec
3089 4429 3306 4467 manum
3337 4412 3403 4467 ad
3432 4413 3536 4466 lar-

1936 4501 2159 4570 gitatem
2186 4502 2446 4557 extendit.
2496 4503 2646 4558 Unde
2694 4503 2771 4558 illi
2817 4514 3009 4574 quarto
3039 4521 3307 4576 apparens
3344 4506 3536 4559 beatus

234 4600 497 4655 visionem
526 4599 769 4654 ultimam
797 4598 1077 4669 prophetae
1104 4594 1407 4651 Ezechielis
1447 4596 1833 4665 interpretare-
1861 4593 1911 4654 ι)
1936 4589 2227 4662 Gregorius
2253 4594 2586 4651 horribiliter
2613 4610 2735 4651 eum
2766 4596 3060 4665 redarguit,
3092 4606 3147 4650 et
3174 4595 3533 4661 comminans,

235 4700 353 4755 tur,
396 4708 695 4763 oppansum
743 4690 921 4745 velum
969 4690 1112 4744 inter
1150 4689 1326 4758 ipsum
1368 4696 1423 4743 et
1459 4687 1707 4743 eumdem
1737 4703 1835 4742 ex-

238 4792 517 4856 ceptorem
546 4790 812 4839 tractatus
849 4781 963 4847 sui,
1006 4780 1100 4837 illo
1136 4795 1234 4850 per
1263 4778 1543 4834 intervalla
1571 4777 1831 4848 prolixius

310 4956 339 4985 ⁸
366 4947 537 5011 Betv.,
570 4948 871 5013 demumque
909 4944 1313 5013 supplicantium
1352 4938 1665 5013 precibuset
1695 4941 1832 5010 ﬂeti-

241 5014 331 5073 bus
376 5034 529 5087 super
575 5019 701 5089 facti
744 5012 824 5070 sui
862 5012 1245 5083 paenitentiam,
1284 5012 1518 5068 viscerali
1558 5012 1831 5067 clementia

240 5089 421 5156 ﬂemus,
454 5104 555 5142 non
588 5097 785 5141 tantum
811 5093 1081 5156 potestate.

307 5158 339 5223 l1
376 5157 453 5211 Ita
484 5152 819 5213 restituimus
856 5172 925 5210 ex
964 5154 1178 5209 Belvac.
1210 5162 1267 5207 et
1295 5152 1505 5207 Gcmet.
1536 5170 1666 5209 accc
1695 5170 1821 5208 ann.

241 5243 361 5283 cum
392 5227 540 5297 prius
569 5229 836 5296 legeretur
862 5226 915 5280 in
943 5224 1129 5297 Editis,
1160 5242 1191 5277 a
1218 5224 1339 5277 viris
1364 5225 1497 5294 perf.
1530 5225 1651 5293 ﬁd.,
1680 5223 1827 5294 quod

240 5307 321 5353 est
341 5296 505 5353 etiam
535 5298 586 5353 in
606 5299 727 5353 Mss.
761 5297 917 5353 Becc.
946 5304 1000 5349 et
1025 5296 1097 5349 al.

316 5380 337 5407 ε
369 5368 469 5423 Hic
513 5369 755 5437 Gregorii
802 5367 1085 5437 familiaris
1122 5373 1177 5437 et
1222 5372 1480 5437 exceptor
1516 5372 1597 5419 est
1638 5363 1829 5437 ljetrus

243 5437 535 5502 Diaconus,
578 5434 701 5494 etim
742 5454 850 5508 quo
892 5438 945 5491 in
977 5436 1211 5508 Dialogis
1248 5434 1606 5508 colloquitur,
1644 5434 1720 5508 D‘e
1750 5450 1828 5508 _eo

243 5510 461 5564 consule
487 5510 687 5565 Mabill.
716 5504 911 5563 saeculo
937 5524 952 5561 ι
983 5504 1206 5572 Bened.,
1238 5521 1292 5575 p.
1316 5504 1439 5558 407.
1474 5504 1645 5558 Hicin
1672 5504 1822 5560 Belv.

243 5588 300 5634 et
311 5578 531 5703 bGemet.
564 5576 759 5651 le'g-itur
784 5577 1117 5649 simpliciter,
1146 5585 1436 5642 narratum,
1471 5575 1668 5630 omissa
1694 5591 1827 5631 voce

243 5665 308 5703 no
340 5668 403 5703 is.

240 5665 403 5707 ηοοτσ.

314 5720 339 5757 ἀ
380 5721 703 5779 Sacerdotes
746 5720 873 5775 dicti
913 5721 1039 5775 olim
1083 5734 1188 5772 non
1233 5718 1457 5786 quilibet
1497 5716 1826 5787 presbyteri,

246 5791 338 5863 sed
364 5793 640 5863 episcopi,
686 5790 776 5860 qui
823 5790 1127 5863 civitatibus
1153 5798 1451 5863 prmerant;
1492 5788 1582 5855 qui
1614 5803 1743 5863 vero
1775 5789 1828 5841 in

250 5860 377 5922 vicis
398 5857 460 5926 et
484 5857 889 5939 Oppidis'sacris
914 5860 1368 5936 praeficiebantur,
1410 5860 1446 5918 ii
1475 5857 1826 5932 appellaban-

1840 5976 1871 5985 ι.

1937 4702 2061 4742 eum
2091 4688 2144 4742 in
2173 4688 2349 4759 capite
2382 4690 2678 4759 percussit,
2725 4689 2877 4760 cujus
2905 4688 3092 4745 dolore
3122 4696 3348 4745 vexatus
3372 4689 3534 4761 paulo

1935 4788 2064 4850 post
2089 4779 2376 4837 defunctus
2396 4791 2497 4838 est.

1937 4950 2025 4996 tur
2054 4941 2383 5013 presbyteri;
2421 4939 2611 5013 eodem
2634 4953 2772 5013 pene
2798 4938 2963 5013 modo
2983 4952 3111 5013 quo,
3144 4947 3205 4995 ut
3229 4941 3536 5013 observavit

1943 5009 2293 5066 doctissimus
2342 5010 2391 5065 J.
2451 5010 2771 5064 Sirmondus
2814 5009 2881 5063 ad
2932 5011 3299 5079 Apollinarem
3341 5011 3532 5067 Sidon.

1941 5083 1976 5136 l.
2020 5098 2073 5146 v,
2124 5082 2278 5151 epist.
2315 5081 2367 5145 ’7,
2406 5080 2647 5134 Romana
2690 5079 2966 5150 republica
3008 5081 3163 5138 idolis
3201 5081 3376 5137 adhuc
3419 5098 3533 5139 ser-

1939 5149 2172 5213 viente,
2208 5149 2478 5222 Flamines
2507 5152 2561 5222 in
2594 5149 2898 5221 municipiis
2929 5163 3111 5217 erant,
3160 5152 3211 5222 in
3245 5154 3535 5222 provinciis

1939 5230 2118 5276 autem
2140 5221 2467 5276 sacerdotes.
2500 5220 2703 5276 Laudat
2728 5220 2817 5283 hic
2844 5222 3160 5277 Sirmondus
3190 5220 3445 5277 Pacatum
3476 5225 3529 5276 in

1939 5290 2302 5362 Panegyrico,
2333 5300 2388 5345 et
2412 5290 2597 5346 Novel.
2632 5292 2878 5346 Martiani
2915 5291 2978 5357 4,
3011 5311 3075 5347 ne
3100 5292 3332 5347 Flamini
3356 5294 3529 5347 muni-

1939 5362 2094 5434 cipali
2132 5361 2390 5416 sacerdoti
2427 5364 2691 5434 provincia
2735 5363 2909 5418 liceret
2957 5363 3143 5419 habere
3189 5381 3401 5418 uxorem
3444 5378 3533 5415 an-

1942 5433 2139 5487 cillam.
2431 5433 2437 5434 ⁷
2458 5444 2463 5449 ’

2010 5513 2034 5541 ο
2065 5502 2389 5559 Sabinianus
2412 5505 2457 5559 is
2484 5513 2621 5559 erat.

2009 5572 2025 5611 ί
2063 5572 2272 5647 Titulus
2298 5575 2384 5629 hic
2409 5576 2652 5644 honoris,
2683 5592 2828 5631 nunc
2854 5577 2953 5632 soli
2978 5592 3130 5647 papzc
3152 5573 3383 5647 delatus,
3407 5573 3535 5647 olim

1932 5645 2336 5700 concedebatur
2363 5663 2470 5701 non
2504 5647 2686 5715 jsolum
2728 5649 2847 5705 aliis
2886 5644 3186 5717 episcopis,
3226 5644 3328 5717 sed
3376 5644 3538 5717 etiam

1932 5716 2295 5786 presbyteris,
2336 5718 2444 5770 imo
2485 5726 2539 5771 et
2580 5717 2708 5785 ipsis
2738 5715 3000 5774 diaconis.
3044 5716 3349 5781 Ennodius,
3394 5715 3431 5769 l.
3467 5730 3533 5786 v,

1932 5784 2109 5856 Epist;
2138 5785 2225 5851 l5,
2267 5786 2561 5841 ΗΟΙῚΙΙίὸὶΙὶΒ
2594 5784 2681 5853 (μή
2713 5798 2830 5841 erat
2860 5797 3068 5843 tantum
3097 5786 3361 5845 diaconus
3398 5784 3535 5843 scri-

1934 5859 2014 5916 bit
2046 5875 2057 5915 :
2092 5857 2231 5914 novit
2257 5859 2447 5930 optime
2476 5860 2725 5915 sanctitas
2748 5868 2937 5916 vestra.
