4118 6456
547 364 621 426 59
1233 369 1289 427 8.
1333 366 1661 439 GREGORH
1700 372 1914 435 MAGNI
1953 375 2139 447 VlTA,
2179 374 2500 435 AUCTORE
2537 372 2797 434 JOANNE
2836 374 3153 435 DIACONO.
3768 377 3845 440 60

617 478 745 538 Htec
783 479 1019 539 breviter
1063 482 1131 537 de
1171 480 1280 536 vita
1321 482 1407 538 vel
1433 484 1655 541 actibus
1701 487 1845 542 beati
1889 487 2136 557 Gregorii
2165 491 2214 550 Α

547 570 691 627 dicta
722 572 848 628 sint.

617 663 883 720 Caeterum
904 660 1137 735 quandiu
1160 663 1345 719 mundi
1372 664 1529 735 hujus
1549 666 1721 721 orbita
1744 668 1997 734 volvitur,
2024 668 2142 738 ejus

546 756 817 811 laudabile
874 756 1121 810 meritum
1191 771 1409 826 semper
1462 756 1660 827 accipit
1724 759 2136 814 incrementum.

542 848 668 915 quia
698 846 866 917 ipsius
905 847 1022 902 sine
1050 847 1214 903 dubio
1264 848 1445 918 gloria:
1487 848 1802 915 ascrihitur,
1853 850 1998 919 quod
2026 851 2139 907 haec

546 936 786 992 Romana
817 937 1009 991 civitas
1033 950 1136 991 una
1166 952 1289 994 cum
1317 938 1515 994 sanctis
1543 939 1804 1010 apostolis
1827 938 1942 1009 ejus
1964 942 2141 1010 preci-

541 1028 642 1083 bus
680 1036 933 1085 constare
977 1028 1218 1097 videtur,
1267 1028 1352 1085 vel
1396 1029 1519 1100 quia
1562 1030 1855 1100 Anglorum
1896 1031 2137 1088 Ecclesia

541 1136 682 1176 nova
732 1136 948 1192 semper
1007 1123 1195 1178 sobole
1248 1123 1598 1191 fecundatur,
1654 1125 1739 1180 vel
1795 1123 1937 1195 quod
1996 1125 2138 1181 illius

540 1210 802 1267 doctrinis
830 1227 929 1283 per
959 1214 1147 1269 orbem
1176 1216 1486 1273 universum
1523 1217 1675 1271 multi
1707 1232 1735 1271 a
1764 1220 2000 1288 peccatis
2036 1220 2137 1291 16

538 1300 813 1370 elongati,
865 1302 933 1357 ad
972 1302 1173 1358 Christi
1204 1304 1546 1361 clementiam
1587 1316 2003 1377 convertuntur,
2049 1311 2134 1366 vel

536 1392 683 1462 quod
712 1394 839 1450 boni
868 1394 1069 1466 quique
1108 1397 1223 1467 ejus
1252 1400 1594 1457 suasionibus
1624 1398 1936 1457 inﬂammati
1956 1442 1970 1469 ,
2018 1419 2133 1459 C(13-

537 1486 731 1542 lestem
763 1488 994 1558 patriam
1026 1489 1399 1545 desideranter
1428 1491 1722 1561 inquirunt.
1755 1491 1855 1560 Qui
1886 1492 2133 1549 beatissi-

536 1593 656 1633 mus
683 1579 925 1649 pontifex
950 1589 1235 1652 postquam
1261 1582 1441 1639 sedem
1467 1586 1722 1640 Romana:
1749 1593 1803 1640 et
1824 1586 2132 1656 apostolicae

536 1668 794 1727 Ecclesia
836 1674 991 1729 annis
1034 1674 1333 1741 tredecim,
1384 1678 1658 1734 mensibus
1686 1694 1811 1746 sex,
1862 1690 1917 1735 et
1944 1680 2133 1736 diebus

537 1760 757 1829 decem,
789 1762 1176 1832 gloriosissime
1205 1768 1372 1833 rexit,
1414 1784 1481 1823 ex
1510 1769 1611 1825 hac
1640 1771 1761 1826 luce
1789 1772 2093 1827 subtractus
2112 1815 2127 1841 ,

535 1860 697 1923 atque
733 1853 801 1908 ad
830 1863 1086 1911 aeternam
1131 1857 1281 1928 regni
1327 1859 1563 1915 caelestis
1604 1861 1789 1916 sedem
1836 1861 2131 1921 translatus
2163 1879 2206 1937 Β

535 1955 635 2001 est.
667 1945 922 2018 Sepultus
949 1964 1080 2006 vero
1109 1958 1191 2007 est
1219 1951 1272 2007 in
1303 1951 1528 2008 ecclesia
1558 1954 1700 2008 beati
1731 1953 1874 2009 Petri
1902 1957 2135 2027 apostoli

534 2045 659 2095 ante
679 2042 1053 2113 secretarium,
1085 2052 1282 2113 quarto
1303 2045 1485 2100 iduum
1508 2045 1839 2115 Martiarum,
1869 2058 2134 2117 regnante

536 2130 764 2187 Domino
788 2141 977 2189 nostro
998 2131 1125 2190 Jesu
1149 2134 1383 2203 Christo,
1411 2137 1503 2207 qui
1529 2152 1648 2193 cum
1675 2138 1834 2195 Patre
1855 2148 1911 2195 et
1930 2140 2134 2210 Spiritu

533 2232 741 2292 sancto,
769 2225 902 2281 vivit
925 2235 979 2281 et
1002 2237 1192 2297 regnat
1219 2229 1382 2296 Deus,
1416 2245 1511 2303 per
1543 2233 1723 2287 omnia
1747 2233 1945 2289 Saecula
1966 2250 2133 2291 saecu-

532 2312 727 2370 lorum.
760 2316 951 2372 Amen.

948 2426 1033 2483 Ex
1060 2429 1238 2485 eodem
1266 2429 1435 2486 Paulo
1460 2431 1715 2489 Diacono.

605 2516 661 2571 In
701 2518 1023 2588 pestilentia:
1070 2522 1374 2578 calamitate
1418 2524 1763 2581 beatissimus
1808 2526 2131 2598 Gregorius,

534 2610 626 2680 qui
679 2620 809 2666 tunc
862 2612 1023 2667 levita
1083 2622 1227 2679 erat,
1279 2630 1309 2669 a
1360 2618 1568 2672 cunctis
1616 2620 1940 2687 generaliter
1993 2636 2130 2691 papa

534 2700 741 2757 electus
770 2710 853 2757 est
881 2700 1021 2773 (Lib.
1049 2720 1099 2769 v,
1126 2721 1170 2758 c.
1201 2705 1285 2771 ll,
1312 2704 1455 2761 Hist.
1488 2707 1703 2781 Lang.).
1732 2710 1832 2777 Qui
1860 2710 1985 2765 dum
2010 2727 2131 2782 sep-

534 2793 805 2851 tiformem
834 2796 1074 2852 litaniam
1106 2798 1429 2866 ordinasset,
1471 2801 1610 2854 intra
1649 2802 1805 2856 unius
1834 2803 1981 2857 horae
2007 2818 2129 2873 spa-

532 2886 696 2949 tium,
742 2886 867 2943 dum
901 2889 1086 2960 populi
1136 2889 1304 2946 Deum
1329 2900 1707 2962 precarentur,
1754 2896 2025 2963 octoginta
2061 2910 2130 2952 ex

530 2977 607 3033 eis
637 2979 815 3036 subito
845 2980 911 3035 ad
946 2990 1148 3037 terram
1174 2993 1519 3051 corruentes,
1553 2986 1797 3055 spiritum
1839 2989 2130 3044 exhalave-

530 3076 671 3123 runt.
719 3068 1060 3141 Septil‘ormis
1106 3082 1285 3129 autem
1318 3074 1500 3129 litania
1532 3076 1651 3131 ideo
1682 3077 1825 3132 dicta
1854 3089 1967 3145 est,
2004 3081 2129 3149 quia

531 3159 697 3215 totius
748 3160 907 3217 Urbis
952 3165 1187 3233 populus
1231 3181 1260 3219 a
1313 3166 1474 3221 beato
1522 3166 1783 3238 Gregorio
1824 3172 1877 3225 in
1921 3180 2128 3241 septeni

531 3259 711 3321 partes
755 3250 922 3308 Deum
974 3255 1390 3324 deprecaturus,
1447 3260 1648 3319 divisus
1694 3272 1795 3318 est.
1847 3264 1903 3319 ln
1953 3267 2127 3337 primo
2157 3259 2201 3318 C

531 3354 762 3409 namque
795 3343 964 3399 choro
995 3344 1092 3399 fuit
1122 3348 1297 3403 omnis
1335 3350 1543 3418 clerus;
1588 3352 1639 3405 in
1667 3354 1902 3410 secundo
1934 3372 2123 3415 omnes

532 3435 755 3491 abbates
782 3448 903 3492 cum
932 3441 1212 3495 monachis
1239 3442 1378 3509 suis;
1427 3444 1479 3498 in
1528 3447 1688 3501 tertio
1731 3464 1920 3505 omnes
1958 3451 2122 3505 abba-

531 3530 675 3584 tissm
702 3546 823 3587 cum
863 3534 1367 3604 congregationibus
1408 3540 1549 3606 suis;
1601 3541 1652 3595 in
1695 3552 1886 3611 quarto
1936 3560 2125 3602 omnes

532 3617 793 3685 infantes;
826 3622 878 3677 in
908 3624 1099 3694 quinto
1126 3642 1314 3683 omnes
1341 3629 1442 3683 viri
1470 3629 1622 3695 laici;
1663 3632 1716 3686 in
1747 3644 1902 3690 sexto
1932 3652 2125 3695 omnes

532 3711 728 3779 viduae;
761 3721 816 3768 et
838 3714 889 3768 in
912 3716 1145 3785 septimo
1171 3734 1358 3775 omnes
1384 3720 1635 3779 mulieres
1658 3724 1973 3795 conjugatze.
2000 3728 2125 3785 Ideo

532 3809 712 3859 autem
762 3805 829 3862 de
874 3807 1034 3864 beato
1080 3808 1343 3881 Gregorio
1382 3814 1535 3883 plura
1577 3815 1757 3873 dicere
1798 3820 2127 3890 omittimus,

531 3894 655 3965 quia
679 3893 791 3965 jam
831 3906 956 3955 ante
984 3900 1189 3971 aliquot
1218 3919 1389 3960 annos
1427 3905 1541 3975 ejus
1568 3906 1776 3975 Vitam,
1824 3910 1937 3967 Deo
1977 3915 2132 3969 auxi-

532 3984 728 4054 liante,
761 3993 1137 4050 contexuimus
1157 4036 1172 4061 ,
1205 3995 1258 4050 in
1290 4012 1395 4067 qua
1417 4038 1432 4064 ,
1475 4015 1593 4069 qua:
1620 4000 1848 4056 dicenda
1878 4004 2093 4060 fuerant
2121 4049 2140 4077 ,

532 4076 681 4145 juxta
732 4083 1010 4141 tenuitatis
1057 4093 1258 4142 nostra:
1313 4088 1484 4157 vires,
1541 4091 1791 4147 universa
1838 4076 2132 4168 descripsi?

534 4184 672 4226 IDUS.

609 4316 656 4394 εἶ’
681 4307 1030 4394 μξθθάυὶω
1084 4316 1376 4394 “Famam.
1431 4316 1641 4374 Phocas
1691 4334 1919 4394 regnare
1965 4326 2128 4394 ωερίι

536 4376 719 4462 indict.
763 4379 1028 4462 6.,_cu_jus
1057 4376 1282 4462 proinde
1326 4405 1497 4443 annus
1538 4376 1804 4447 secundus
1834 4376 2127 4462 respondet

535 4447 820 4506 indietioni
842 4452 891 4506 7.
926 4447 1129 4511 Deinde
1156 4467 1369 4513 constat
1396 4469 1638 4516 sanctum
1670 4447 2127 4535 Gregoritimeue;

583 4611 801 4623 ~—

2870 487 2954 543 Ex
2994 490 3190 545 eodem.

2319 576 2433 631 lloc
2462 576 2651 631 eodem
2679 584 2919 646 tempore
2948 578 3088 632 idem
3119 578 3309 633 beatus
3335 572 3627 648 Gregorius
3658 578 3839 649 Augu-

2244 669 2473 735 stinum,
2507 678 2563 725 ct
2592 670 2848 725 Mellitum
2869 713 2883 739 ,
2927 679 2980 725 et
3009 670 3268 726 Joannem
3299 688 3417 727 cum
3448 671 3567 727 aliis
3591 672 3839 743 pluribus

2244 762 2519 817 monachis
2571 764 2877 819 timentibus
2926 764 3121 829 Deum,
3177 766 3229 819 in
3278 765 3611 821 Britanniam
3654 767 3837 835 misit;

2244 870 2537 925 eorumque
2584 856 2967 926 praedicatione
3016 856 3217 926 Anglos
3264 857 3335 911 ad
3382 854 3655 913 Christum
3704 873 3842 915 con-

2243 945 2423 1001 vertit.

2870 1015 2954 1071 Ex
2994 1020 3193 1072 eodem.

2308 1106 2502 1162 Iisdem
2532 1107 2719 1162 diebus
2746 1108 3175 1176 sapientissimus
3210 1122 3273 1164 ac
3309 1109 3650 1166 beatissimus
3692 1106 3843 1182 Papa

2238 1194 2529 1267 Gregorius
2570 1196 2828 1252 Romana:
2859 1198 3006 1253 urbis
3036 1200 3322 1269 episcopus
3357 1198 3623 1269 (Lib._tv,
3657 1217 3702 1257 c.
3739 1202 3840 1273 1),

2237 1297 2363 1357 post
2409 1287 2511 1342 alia
2552 1288 2721 1341 multa
2769 1303 2887 1358 qua:
2930 1288 2997 1342 ad
3028 1289 3315 1343 utilitatem
3356 1299 3555 1345 sanctae
3586 1289 3843 1346 Ecclesiae

2237 1380 2552 1450 scripserat,
2602 1381 2766 1435 etiam
2793 1381 2959 1436 libros
2987 1392 3220 1451 quatuor
3249 1383 3318 1438 de
3348 1382 3484 1439 Vitis
3512 1393 3828 1441 sanctorum

2236 1475 2542 1545 composuit
2568 1492 2579 1527 :
2614 1488 2773 1544 quem
2803 1473 3045 1530 codicem
3077 1474 3376 1544 Dialogum,
3408 1476 3533 1545 quia
3564 1492 3687 1531 eum
3719 1477 3838 1533 col-

2236 1565 2460 1635 loquens
2490 1581 2611 1620 cum
2641 1580 2741 1621 suo
2771 1565 3000 1622 diacono
3034 1566 3193 1622 Petro
3222 1568 3481 1630 ediderat,
3516 1569 3832 1638 appellavit.

2235 1656 2346 1714 Hos
2367 1668 2545 1715 autem
2569 1660 2731 1715 libros
2759 1658 3015 1729 praefatus
3046 1675 3181 1730 papa
3210 1659 3593 1717 Theodelindae
3635 1664 3840 1731 regina:

2234 1751 2401 1819 misit,
2435 1759 2625 1821 utpote
2655 1767 2814 1822 quam
2846 1752 3072 1818 sciebat,
3105 1764 3161 1808 et
3190 1752 3388 1807 Christi
3422 1752 3544 1810 ﬁdei
3576 1754 3838 1823 deditam,

2234 1851 2292 1898 et
2323 1843 2374 1898 in
2403 1844 2560 1899 bonis
2584 1845 2791 1900 actibus
2818 1858 2937 1900 esse
2958 1845 3306 1915 prmcipuam.
3337 1842 3441 1900 Per
3462 1845 3601 1902 hanc
3620 1861 3840 1916 quoque

2239 1934 2481 2002 reginam
2505 1935 2732 1989 multum
2755 1935 2997 1992 utilitatis
3018 1934 3259 1990 Ecclesia
3293 1935 3387 1990 Dei
3408 1945 3698 1992 consecuta
3720 1945 3835 2005 est;

2236 2040 2363 2081 nam
2414 2040 2552 2097 pene
2593 2040 2782 2081 omnes
2825 2024 3181 2081 Ecclesiarum
3221 2026 3579 2082 sublimitates
3622 2025 3839 2099 Lango-

2236 2115 2419 2183 bardi,
2451 2130 2571 2171 cum
2604 2116 2782 2170 adhuc
2810 2115 3125 2185 gentilitatis
3151 2130 3339 2171 errore
3368 2122 3718 2186 tenerentur,
3750 2116 3838 2174 in-

2235 2215 2515 2272 Vaserunt;
2559 2206 2654 2261 sed
2700 2208 2814 2275 ejus
2844 2206 3042 2261 salubri
3073 2206 3465 2276 supplicatione
3492 2222 3585 2275 res
3613 2223 3837 2279 permo-

2237 2304 2339 2360 tus,
2366 2304 2419 2351 et
2442 2296 2763 2351 catholicam
2787 2295 2948 2352 fidem
2968 2298 3159 2364 tenuit,
3182 2306 3237 2353 et
3256 2298 3448 2353 multas
3463 2301 3837 2370 possessiones

2234 2386 2484 2443 Ecclesiae
2522 2389 2745 2458 largitus
2783 2398 2895 2455 est;
2947 2397 3107 2458 atque
3149 2392 3463 2459 episcopos,
3514 2391 3606 2461 qui
3645 2393 3700 2447 in
3739 2391 3829 2449 de'

2233 2479 2513 2547 pressione
2542 2487 2597 2533 et
2620 2479 2923 2549 abjectione
2948 2488 3123 2544 erant,
3156 2479 3223 2534 ad
3243 2480 3557 2551 dignitatem
3584 2489 3639 2537 et
3661 2481 3833 2539 hono-

2234 2584 2348 2623 rem
2378 2569 2607 2624 reduxit.

2845 2642 2943 2713 17
2998 2640 3219 2697 Ibidem.

2305 2730 2422 2786 Rex
2453 2739 2632 2785 autem
2664 2731 2964 2799 Agilnlfus,
2998 2734 3267 2789 exstincto
3297 2732 3649 2799 Manritione,
3682 2733 3827 2791 Tici-

2236 2838 2362 2877 num
2405 2822 2706 2891 repedavit.
2742 2824 2849 2879 Nec
2879 2826 3050 2880 multo
3090 2835 3212 2895 post
3240 2837 3562 2897 suggerente
3596 2830 3833 2887 maxime

2234 2913 2603 2971 Thcodelinda
2634 2916 2820 2984 regina
2840 2956 2855 2981 ,
2888 2916 3116 2987 conjuge
3142 2918 3257 2988 ejus
3277 2962 3290 2985 ,
3325 2920 3462 2974 sicut
3489 2934 3609 2975 eam
3638 2920 3833 2978 beatus

2232 3008 2523 3080 Gregorius
2549 3010 2661 3064 suis
2684 3011 2928 3081 epistolis
2954 3013 3149 3083 saepius
3169 3014 3547 3083 admonuerat,
3580 3030 3700 3071 cum
3731 3030 3830 3072 eo-

2232 3103 2353 3157 dem
2382 3104 2500 3157 viro
2521 3104 2863 3160 sanctissimo
2895 3121 3032 3175 papa
3068 3105 3331 3178 Gregorio
3374 3117 3538 3178 atque
3570 3108 3833 3166 Romanis

2232 3211 2421 3266 pacem
2454 3195 2813 3253 ﬁrmissimam
2843 3197 3065 3266 pepigit.

2933 3287 3153 3343 Ibidem.

2301 3378 2453 3434 Tunc
2475 3380 2665 3438 beatus
2684 3379 2981 3450 Gregorius
3008 3396 3148 3451 papa
3170 3382 3421 3451 migravit
3444 3383 3509 3437 ad
3535 3384 3828 3456 Christum,

2235 3473 2339 3543 18
2383 3487 2503 3527 cum
2548 3472 2659 3540 jam
2705 3472 2913 3528 Phocas
2962 3488 3058 3542 per
3096 3474 3446 3531 indictionem
3494 3486 3521 3515 ιι
3572 3486 3824 3532 octavam

2230 3578 2372 3617 anno
2391 3574 2641 3632 regnaret
2661 3565 2919 3619 secundo.
2943 3563 3108 3633 Cujus
3132 3566 3183 3619 in
3210 3566 3385 3621 locum
3402 3566 3469 3621 ad
3488 3567 3827 3636 apostolatus

2231 3654 2465 3709 officium
2495 3655 2819 3711 Sabinianus
2849 3664 2931 3710 est
2965 3657 3261 3710 ordinatus.
3298 3655 3420 3710 Fuit
3446 3666 3625 3711 autem
3658 3656 3834 3712 hiems

2233 3746 2423 3816 frigida
2455 3748 2645 3816 nimis;
2678 3758 2734 3804 et
2762 3758 2987 3804 mortuae
3014 3759 3137 3803 sunt
3164 3749 3300 3804 vites
3329 3765 3469 3820 pene
3497 3749 3550 3803 in
3581 3748 3833 3804 omnibus

2235 3837 2392 3895 locis.
2447 3839 2647 3895 Messes
2682 3856 2897 3910 quoque
2928 3855 3196 3909 percussae
3225 3841 3450 3895 nredine
3479 3840 3674 3909 passim
3706 3853 3832 3893 eva-

2235 3944 2422 3984 nuere.
2494 3930 2691 3985 Debuit
2755 3932 2951 3985 etenim
3016 3933 3244 3985 mundus
3312 3932 3506 3987 famem
3578 3932 3834 4000 sitimque

2234 4021 2376 4090 pati,
2418 4021 2664 4091 quando,
2698 4021 2993 4077 decedente
3019 4031 3171 4078 tanto
3202 4025 3427 4079 doctore
3448 4066 3464 4092 ,
3494 4025 3701 4079 animas
3731 4026 3832 4079 hu-

2235 4113 2440 4167 minum
2464 4113 2758 4183 spiritualis
2786 4114 3055 4170 alimoniae
3080 4117 3324 4186 penuria,
3356 4116 3581 4186 sitisque
3609 4117 3830 4173 ariditas

2235 4201 2452 4256 invasit.

2236 4333 2377 4408 pisse
2402 4347 2591 4402 regere
2617 4331 2909 4391 Ecclesium
2942 4335 3125 4391 indict.
3157 4335 3216 4402 9,
3251 4339 3561 4408 rexisseque
3593 4352 3689 4407 per
3717 4345 3825 4390 trc-

2235 4403 2406 4456 decim
2438 4418 2609 4459 annos
2639 4413 2693 4459 et
2734 4420 2829 4461 sex
2866 4422 3075 4461 menses
3095 4449 3110 4473 ,
3157 4424 3219 4461 ac
3248 4403 3505 4474 migrasse
3547 4403 3605 4461 in
3630 4410 3830 4465 caelum

2234 4488 2420 4529 mense
2446 4474 2659 4541 Martio,
2690 4485 2942 4531 currente
2974 4479 3157 4533 indict.
3187 4478 3236 4531 7.

584 4584 3824 4655 Ἢ

1898 4721 2453 4833 SANCTI

1106 4892 2399 5335 GrliiEGOVIIiCIFiX
2457 4912 3215 5125 MAGN
3223 4923 3315 5125 Ι

1401 5383 1445 5433 Δ
1481 5381 1725 5436 JOANNE
1760 5384 2037 5438 DIACONO
2090 5389 2356 5441 SCRIP'I'A
2390 5394 2597 5450 LIBRIS
2632 5397 2956 5460 QUATUOH.

1100 5554 1424 5617 JOANNIS
1464 5558 1789 5621 DIACONI
1834 5563 2163 5628 CARMEN
2210 5570 2316 5630 AD
2359 5574 2733 5637 JOANNEM
2784 5580 3046 5640 PAPAM
3092 5580 3256 5643 VIII.

538 5673 641 5744 19
654 5671 877 5744 Suscipe
898 5675 1208 5744 Romuleos,
1235 5680 1426 5735 Pastor
1448 5685 1777 5752 venerande,
1804 5686 2123 5759 triumphos,
2154 5694 2207 5757 Ι)

640 5765 881 5836 Gregorii
908 5772 1078 5825 sancti
1105 5773 1317 5843 suscipe
1345 5785 1496 5844 gesta
1525 5779 1622 5832 tui.

532 5856 634 5922 Qui
664 5860 823 5915 nituit
842 5860 1015 5928 factis,
1050 5865 1247 5932 verbis,
1280 5869 1601 5939 scriptisque
1639 5872 1833 5938 beatis,

2344 5696 2411 5751 Ut
2433 5697 2592 5765 jubar
2619 5700 2879 5753 auricomi
2904 5702 3033 5757 solis
3057 5702 3109 5757 in
3131 5704 3262 5759 orbe
3290 5705 3441 5760 cluit.

2232 5784 2448 5851 Forma,
2477 5788 2662 5855 decus,
2694 5789 2968 5857 speculum
3000 5792 3096 5846 tibi
3125 5794 3215 5861 sit,
3242 5796 3349 5859 via,
3376 5798 3484 5853 vita
3506 5810 3821 5869 perme

2339 5876 2397 5931 Si
2420 5878 2570 5947 cupis
2597 5886 2857 5936 aeternum
2886 5880 3026 5939 ferre
3055 5885 3438 5943 sacerdotium.
