4118 6440
253 426 319 480 6|
580 384 583 385 ν
722 418 783 474 8.
822 416 1153 475 GREGORII
1194 411 1406 471 MAGNI
1447 412 1635 479 VITA,
1678 410 2004 467 AUCTORE
2040 409 2305 466 JOANNE
2343 406 2664 466 DIACONO.
2709 404 3116 465 PREFATIO.
3468 402 3547 461 θι

264 532 396 586 Nam
426 547 514 600 t|lll
545 544 650 584 non
680 528 839 598 hujus
868 527 1108 597 sequitur
1133 524 1355 593 vestigia
1386 522 1604 592 prresul,

374 624 509 678 Ante
542 622 703 675 Deum
730 620 923 689 praesul
955 634 1061 671 non
1092 617 1215 683 erit,
1250 616 1355 669 imo
1386 628 1566 683 pecus.

268 714 400 769 Hinc
432 711 707 767 Psalmista
739 711 882 765 canit
901 709 1174 763 hominem
1198 704 1431 760 sitnilare
1456 702 1707 767 caballis,

372 810 621 875 ignavum
651 805 850 871 stultis,
879 803 969 873 qui
999 801 1097 855 sub
1123 802 1325 854 honore
1350 796 1512 866 perit.

268 897 592 957 Nocturnum
620 897 864 952 dedimus
891 903 1077 948 sancto
1105 900 1433 958 cautumque
1453 887 1727 955 diurnum,

367 989 705 1043 Carminibus
734 987 937 1039 ciarum
966 980 1404 1047 concinimusque
1433 978 1626 1032 virum.

266 1080 372 1152 20
391 1077 571 1134 Redde
598 1078 786 1142 vicem,
814 1068 1065 1145 scriptor,
1097 1080 1123 1108 ι
1145 1084 1365 1126 servans
1394 1068 1531 1134 cola,
1564 1074 1854 1136 commata,

626 1177 846 1239 puncta,

370 1262 449 1319 Ne
474 1271 566 1318 tua
597 1262 913 1317 mendosum
941 1258 1135 1329 pagina
1162 1266 1345 1313 servet
1372 1271 1527 1328 opus.

338 1429 361 1454 ι
395 1417 474 1471 ita
504 1415 674 1469 Codd.
708 1413 906 1481 Bigot.,
936 1409 1164 1478 Turon.,
1194 1426 1288 1465 seu
1317 1406 1487 1464 sancti
1514 1403 1763 1469 Martini,
1804 1413 1860 1461 et

266 1487 379 1542 alii.
410 1488 470 1541 lu
498 1485 637 1540 Edit.
670 1480 877 1545 Mabil.,
908 1482 1127 1537 reddens
1148 1481 1282 1547 cola,
1308 1488 1587 1545 commata,
1620 1486 1857 1548 punctos.

339 1558 369 1596 ι
400 1555 469 1613 lii
495 1565 620 1611 octo
658 1568 847 1610 versus
877 1553 1049 1613 ultimi
1078 1552 1395 1607 omittuntur
1430 1550 1482 1603 in
1522 1546 1648 1603 Mss.
1686 1546 1860 1603 sancti

1885 523 1931 583 Α
1954 518 1981 558 ιι
2015 519 2224 575 Ludere
2245 535 2333 576 me
2360 520 2515 575 libuit
2536 521 2805 576 variabilis
2831 519 3020 576 ordine
3048 519 3246 587 campi,

2068 612 2353 682 Postquam
2384 629 2541 683 prosa
2571 613 2720 684 fugit,
2754 629 2904 667 musa
2924 613 3109 681 jocosa
3140 609 3297 667 redit.

1956 708 2084 765 Haec
2110 709 2242 763 mihi
2275 718 2329 763 tu
2363 709 2571 773 tribuis,
2604 708 2795 763 doctor
2826 710 3062 777 pretiose
3088 702 3338 774 Gregori,

2064 798 2163 866 Qui
2195 800 2335 853 bona
2361 800 2454 853 das
2487 799 2715 863 famulis,
2746 798 2839 854 sed
2869 799 3007 851 mala
3038 786 3205 862 nulla,
3236 793 3358 851 tuis.

1957 890 2196 949 Vestitus
2217 895 2375 964 cmpi,
2408 893 2581 948 nudus
2614 902 2701 946 tua
2734 892 2912 946 munia
2945 892 3077 957 dixi,

2066 988 2231 1042 Indue
2260 1004 2347 1041 ine
2381 986 2556 1050 factis,
2590 985 2980 1053 velleribuqu
3009 965 3135 1039 tuis:

1960 1077 2029 1135 Et
2048 1079 2170 1150 quia
2200 1077 2442 1135 mortalis
2470 1078 2667 1132 desunt
2690 1075 3014 1143 commercia
3044 1074 3238 1141 carnis,

2071 1175 2146 1229 Da
2173 1175 2304 1230 mihi
2332 1174 2431 1229 sub
2460 1173 2687 1244 pedibus
2712 1186 2872 1243 posse
2893 1170 3079 1241 jacere
3102 1170 3228 1225 tuis.

1962 1414 2175 1470 Martini
2190 1412 2396 1468 Turon.
2411 1411 2615 1466 Desunt
2633 1406 2816 1466 omnia
2836 1399 3145 1463 carminain
3164 1397 3266 1454 Ed.
3283 1392 3548 1452 Gussanv.

1961 1495 2018 1541 et
2044 1485 2165 1541 aliis
2190 1491 2387 1557 prater
2414 1482 2592 1537 Mabil.

275 1746 3539 1785 ww

1569 1872 1708 1955 PB
1739 1869 2173 1953 FEFATIO
2204 1877 2266 1954 ε.
2330 1830 2331 1833 γ

340 2166 664 2225 Beatissimo
690 2179 754 2220 ac
800 2160 1105 2217 felicissimo
1134 2158 1343 2214 Domuo
1385 2154 1599 2222 Joanul,
1650 2161 1849 2212 sanctae
1880 2154 1926 2215 Β
1952 2153 2192 2222 ejusdem
2240 2157 2515 2231 doctoris,
2591 2178 2697 2236 qua
2754 2163 2949 2221 librum
3000 2163 3221 2236 Regula
3266 2166 3552 2238 pastoralis

268 2258 547 2315 catholica:
575 2264 630 2310 et
674 2251 981 2324 apostolicae
1019 2248 1275 2304 Romanae
1318 2244 1570 2301 Ecclesiae
1618 2240 1856 2315 praesuli,

266 2350 505 2406 Joannes
527 2348 745 2402 ultimus
770 2344 1073 2399 levitarum.

336 2443 519 2513 Nuper
552 2439 619 2494 ad
644 2438 851 2507 vigilias
879 2436 1021 2491 beati
1047 2433 1327 2503 Gregorii,
1359 2430 1387 2471 δ
1418 2430 1646 2487 Romani
1678 2431 1857 2501 ponti-

279 2534 415 2595 ﬁcis,
465 2531 753 2599 Anglorum
784 2529 955 2597 gentis
983 2525 1242 2595 apostoli,
1277 2524 1510 2579 lectione
1539 2523 1607 2579 de
1634 2523 1859 2578 Paulino

269 2626 505 2682 civitatis
551 2622 769 2676 Nolana:
816 2619 1044 2690 praesule
1101 2616 1617 2673 consuetudiualiter
1673 2631 1859 2685 perso-

270 2727 458 2784 nante,
487 2718 629 2770 visus
651 2730 708 2769 es
732 2730 760 2767 a
782 2712 1174 2767 venerabilibus
1197 2710 1487 2779 episcopis,
1514 2709 1697 2762 divino
1720 2723 1827 2777 quo
1849 2740 1859 2749 -

266 2811 390 2865 dam
425 2808 680 2862 instinrtu
710 2810 1043 2867 commotus,
1086 2801 1361 2869 requirere
1387 2814 1483 2854 cur
1512 2808 1694 2855 tantus
1723 2813 1860 2868 pono

269 2897 427 2964 tifex,
455 2898 545 2965 qui
574 2895 864 2949 multorum
888 2901 1197 2947 sanctorum
1228 2889 1379 2944 Vitas
1406 2897 1673 2957 texuerat,
1698 2889 1863 2958 gestis

268 2989 507 3061 propriis
537 2988 587 3041 iu
612 2986 829 3055 propria
853 2984 1119 3037 duntaxat
1144 2980 1379 3036 Ecclesia
1412 2980 1703 3046 caruisset;
1726 2993 1865 3050 prae-

270 3082 462 3138 sertim
484 3095 603 3135 cum
627 3086 683 3133 et
703 3078 842 3147 apud
863 3077 1123 3139 Saxones,
1154 3083 1211 3129 et
1230 3074 1371 3145 apud
1392 3072 1864 3143 Langobardorum

269 3176 370 3231 sibi
421 3188 641 3244 prorsus
682 3171 1095 3227 infensissimam
1136 3178 1378 3237 gentem,
1430 3169 1595 3236 gestis
1634 3166 1866 3235 prepriis

272 3266 474 3334 ubique
495 3264 740 3333 polleret.
774 3262 1012 3329 Cumque
1041 3259 1375 3313 venerabiles
1403 3257 1641 3327 episcopi
1672 3257 1768 3311 has
1798 3256 1865 3310 ab

273 3356 520 3423 utrisque
548 3353 796 3421 gentibus
824 3350 1007 3406 haberi
1036 3349 1281 3418 quidem,
1316 3349 1407 3403 sed
1438 3347 1863 3415 compendiosis-

271 3447 443 3508 situe,
485 3444 904 3514 responderent,
937 3457 1111 3495 meam
1138 3456 1353 3511 quoque
1382 3440 1700 3509 parvitatem
1730 3454 1865 3494 conn

1963 2246 2353 2319 quadripartita
2384 2251 2595 2309 ratione
2625 2253 2976 2325 distinxerat,
3004 2269 3104 2325 ego
3129 2271 3344 2328 quoque
3374 2257 3553 2327 illum,

1963 2339 2201 2407 qualiter
2226 2340 2293 2396 ad
2319 2343 2530 2399 culmen
2556 2346 2831 2415 regiminis
2856 2349 3086 2419 venerit,
3115 2349 3169 2404 in
3196 2349 3368 2421 primo
3398 2350 3554 2420 hujus

1965 2429 2145 2498 operis
2195 2430 2332 2486 libro
2379 2432 2658 2502 perhibui;
2708 2444 2767 2491 et
2808 2436 2873 2491 ad
2918 2436 3021 2493 hoc
3062 2438 3165 2494 rite
3208 2439 3555 2509 perveniens,

1964 2520 2197 2588 qualiter
2220 2522 2435 2591 vixerit,
2466 2525 2519 2579 in
2549 2527 2789 2583 secundo
2820 2528 3077 2597 disserui;
3107 2539 3163 2586 et
3188 2532 3324 2588 bene
3351 2534 3555 2599 vivens,

1965 2612 2199 2679 qualiter
2218 2613 2490 2681 docuerit,
2522 2616 2573 2671 in
2609 2619 2768 2674 tertio
2797 2618 3105 2689 designavi;
3138 2630 3194 2677 et
3228 2633 3250 2662 ε
3282 2631 3434 2679 recte
3461 2623 3554 2680 do-

1966 2715 2123 2767 cens,
2169 2702 2535 2761 inﬁrmitatem
2566 2724 2716 2763 suam
2747 2712 2987 2779 qumidie
3013 2721 3214 2781 quanta
3243 2714 3555 2769 considera-

1969 2793 2116 2848 tione
2140 2798 2486 2863 cognoverit,
2524 2800 2575 2853 iu
2602 2809 2797 2869 quarto
2817 2802 3080 2856 conclusi.
3114 2802 3296 2871 Neque
3333 2817 3555 2870 magno-

1968 2900 2098 2954 pere
2126 2896 2367 2957 tempora
2401 2894 2735 2960 temporibus
2763 2894 2998 2960 contuli,
3047 2895 3142 2950 sed
3172 2896 3334 2951 rebus
3361 2892 3557 2951 simili-

1968 2974 2068 3029 bus
2101 2977 2125 3012 α
2158 2978 2351 3032 similia
2391 2983 2670 3051 coaptavi,
2702 2984 2956 3051 quoniam
2986 2998 3175 3040 revera
3209 2999 3317 3039 non
3349 2992 3561 3042 tantum

1968 3068 2184 3135 quando
2210 3070 2459 3139 fecisset,
2489 3073 2583 3128 sed
2611 3082 2873 3143 quantum
2897 3076 3143 3144 fecisset,
3168 3077 3430 3133 sollicitus
3459 3076 3561 3134 de-

1968 3157 2167 3217 ﬂorare
2202 3166 2407 3220 curavi.
2458 3165 2515 3221 lu
2560 3168 2752 3237 quibus
2778 3184 3084 3240 quanquam
3128 3172 3298 3228 multa
3330 3178 3385 3229 et
3411 3173 3561 3232 vari:
3638 3206 3649 3213 ι

1968 3263 2271 3308 memoratu
2300 3256 2459 3324 digna
2494 3265 2518 3294 ε
2558 3259 2737 3314 studio
2776 3259 3059 3317 brevitatis
3097 3263 3400 3329 omiserim,
3432 3262 3563 3324 nihil

1969 3345 2189 3398 memini
2226 3361 2313 3399 me
2343 3348 2615 3416 posuisse,
2658 3351 2803 3420 quod
2831 3352 3154 3421 scriptorum
3191 3360 3431 3409 veterum
3460 3364 3561 3410 no-

1968 3447 2132 3506 queat
2148 3438 2472 3495 auctoritate
2493 3440 2727 3508 defendi,
2752 3445 2989 3513 exceptis
3008 3445 3110 3499 illis
3125 3446 3403 3501 miraculis
3418 3458 3563 3515 qum,

272 3541 547 3601 scisceus,
606 3549 941 3606 praeceperas
998 3543 1059 3587 ut
1102 3533 1278 3587 Vitam
1329 3533 1493 3601 ipsius
1544 3531 1612 3587 de
1663 3531 1863 3586 scrinio
1892 3538 1939 3604 η
1970 3529 2169 3584 nostris
2197 3532 2531 3601 temporibus
2560 3532 2699 3588 facta
2730 3532 2776 3601 ί,
2811 3538 2915 3606 22
2960 3537 3142 3591 militis
3172 3537 3346 3592 adhuc
3370 3550 3557 3609 snper-

272 3638 482 3686 sanctae
519 3629 662 3684 sedis
707 3626 1045 3695 apostolicae,
1101 3634 1250 3679 tanto
1286 3624 1525 3693 plenius,
1572 3632 1774 3692 quanto
1809 3630 1866 3677 et

272 3722 480 3775 certius
516 3734 738 3789 carpere
782 3718 1125 3773 studuissem.
1174 3716 1280 3771 Sed
1321 3717 1447 3770 dum
1495 3729 1596 3783 ego
1638 3715 1867 3784 propriae

274 3813 488 3867 inertia:
516 3813 796 3875 conscius,
826 3826 914 3864 me
942 3811 1076 3864 meis
1114 3810 1410 3879 prioribus,
1442 3823 1506 3862 ac
1528 3823 1625 3875 per
1649 3808 1754 3862 hoc
1777 3821 1867 3861 sa-

273 3903 659 3975 pientioribus,
682 3903 771 3969 qui
794 3902 955 3954 vitam
978 3901 1112 3967 ejus,
1146 3902 1269 3953 licet
1290 3899 1547 3964 breviter,
1577 3908 1754 3952 tamen
1777 3898 1868 3967 pio

275 4003 508 4060 conatu,
533 3992 999 4062 pulcherrimoque
1020 3991 1159 4061 stylo
1174 3990 1589 4058 descripserant,
1621 3989 1868 4046 conferre

277 4084 502 4155 penitus
539 4083 869 4147 dubitarem,
919 4081 1207 4135 identidem
1246 4080 1483 4149 jubeudo
1523 4082 1870 4137 vehementer

280 4178 531 4232 hortatus
558 4191 652 4241 es,
694 4182 754 4230 ut
792 4175 1047 4229 Romana:
1073 4175 1215 4229 sedis
1240 4173 1583 4243 pontificem,
1625 4174 1867 4243 ejusdem

280 4268 431 4327 sedis
474 4268 713 4338 praesulis
759 4267 1105 4331 auctoritate,
1152 4266 1549 4335 describerem,
1597 4268 1682 4322 cui
1728 4267 1867 4321 Deus

280 4358 627 4427 omnipotens
646 4356 1042 4427 probandorqu
1065 4370 1161 4410 seu
1184 4354 1618 4425 repellendorum
1642 4356 1869 4425 scripto-

285 4461 408 4503 rum
437 4448 673 4501 omnium
693 4447 976 4516 specialem
1004 4447 1211 4501 dederit
1236 4448 1423 4516 procul
1442 4447 1605 4502 dubio
1630 4457 1867 4517 potesta-

287 4548 419 4596 tem.
470 4540 655 4609 Itaque
697 4548 805 4594 tam
852 4540 1152 4609 imperiosis
1197 4539 1609 4593 auctoritatibus
1649 4537 1867 4593 tandem

289 4632 623 4702 compulsus,
681 4633 768 4686 vix
818 4633 1045 4703 primum
1102 4632 1292 4685 librum
1346 4630 1689 4699 Gregorianae
1738 4629 1871 4683 Vota:

289 4724 707 4792 compleveram,
732 4724 943 4792 quando
964 4724 1123 4786 hunc,
1148 4722 1200 4776 iu
1223 4720 1463 4791 ejusdem
1482 4720 1675 4788 vigiliis
1694 4736 1869 4773 annua

289 4816 550 4883 vertigine
579 4815 850 4878 revolutis,
887 4822 975 4867 tua
1006 4814 1253 4883 probavit
1276 4813 1475 4882 pariter
1496 4826 1560 4865 ac
1581 4810 1871 4881 publicavit

1968 3620 2217 3688 stitibus,
2249 3622 2384 3678 vivis
2413 3625 2635 3680 vocibus
2658 3626 3018 3681 celebrantur.
3052 3627 3107 3682 Si
3137 3629 3222 3683 cui
3253 3637 3431 3682 tamen
3450 3670 3466 3695 ,
3497 3633 3557 3683 ut

1967 3718 2195 3782 assolet,
2238 3717 2412 3771 visum
2455 3717 2617 3771 fuerit
2642 3719 2826 3783 aliter,
2860 3719 2926 3773 ad
2960 3719 3347 3789 plenitudinem
3373 3717 3563 3777 scrinii

1966 3807 2131 3861 vestri
2177 3823 2491 3874 recurrens,
2542 3816 2625 3860 tot
2666 3808 2955 3863 charticios
3002 3811 3166 3864 libros
3207 3809 3557 3879 epistolarum

1968 3898 2209 3966 ejusdem
2245 3899 2444 3961 Patris,
2477 3907 2611 3965 quot
2638 3912 2808 3953 annos
2837 3902 3094 3967 probatur
3122 3901 3347 3965 vixisse,
3380 3900 3563 3956 revol-

1967 3996 2081 4042 vat.
2124 3986 2194 4041 Et
2218 3988 2342 4056 quia
2372 3989 2617 4057 quaedam
2652 3988 2892 4054 illarum,
2943 3992 3094 4045 vario
3128 4001 3369 4062 tempore
3396 3991 3565 4047 desti~

1967 4087 2131 4144 natae,
2170 4081 2489 4135 varietatem
2520 4094 2771 4135 sensuum
2800 4082 3054 4149 retinent,
3087 4084 3399 4155 eaedemque
3421 4098 3565 4140 non-

1972 4170 2133 4225 nullis
2154 4172 2393 4239 integrae,
2418 4171 2736 4240 quibusdam
2754 4186 2884 4229 vero
2903 4182 3057 4243 parte
3070 4174 3246 4243 aliqua
3268 4175 3561 4244 diminuta,

1970 4276 2070 4332 pro
2098 4278 2451 4332 personarum
2470 4305 2484 4329 ,
2516 4264 2786 4331 locorum,
2819 4266 2931 4320 sive
2955 4274 3255 4336 temporum
3281 4267 3561 4337 dispensa-

1972 4354 2146 4420 tione,
2198 4354 2478 4419 videntur,
2529 4352 2637 4409 fine
2683 4364 2841 4412 tenus
2890 4357 3183 4426 relegendo
3229 4360 3559 4428 conspiciat;

1971 4446 2155 4514 sicque
2177 4445 2391 4500 demum
2415 4447 2648 4501 lucidam
2667 4448 2950 4502 veritatem
2973 4463 3324 4518 cognoscens,
3356 4464 3443 4503 me
3464 4460 3558 4505 aut

1973 4550 2095 4589 cum
2132 4535 2344 4590 amasiis
2386 4536 2666 4603 deiendat,
2710 4545 2801 4591 aut
2846 4552 2965 4593 cum
3011 4541 3292 4594 ausoribus
3330 4547 3559 4607 arguat;

1973 4641 2277 4697 quanquam
2310 4628 2362 4682 in
2391 4643 2456 4683 eo
2480 4628 2621 4699 quod
2646 4638 2736 4683 tuo
2759 4630 2964 4698 judicio
2989 4631 3200 4699 placeo,
3229 4631 3437 4684 cunctis
3466 4646 3559 4685 ve-

1971 4717 2187 4771 ritatem
2220 4719 2490 4774 tuentibus
2520 4735 2608 4775 me
2638 4729 2899 4790 perpetuo
2931 4719 3250 4789 placiturum
3279 4718 3396 4775 fore
3423 4735 3561 4791 prse-

1974 4825 2203 4864 sumam.
2231 4810 2359 4865 Peto
2386 4812 2547 4880 igitur
2569 4821 2625 4865 ut
2654 4813 2796 4867 sicut
2818 4813 2919 4868 tuis
2941 4812 3271 4882 jussionibus
3287 4814 3563 4870 humiliter

291 4908 393 4976 21
442 4906 747 4960 auctoritas.
804 4904 942 4971 Ergo
986 4905 1265 4959 sollicitior
1307 4906 1478 4959 factus
1527 4904 1593 4957 ad
1642 4911 1865 4969 cetera,
1900 4914 1947 4973 υ
1975 4902 2159 4972 parui,
2192 4904 2267 4957 sic
2296 4903 2436 4957 beati
2466 4902 2709 4971 Gregorii
2738 4904 3015 4974 precibus,
3060 4913 3117 4962 et
3146 4906 3198 4962 in
3228 4908 3333 4964 hoc
3362 4908 3560 4965 saeculo

292 5012 460 5067 pauca
484 4999 549 5052 de
572 4998 774 5064 multis,
806 5005 859 5051 te
888 4997 1186 5063 incentore,
1220 5006 1274 5051 te
1297 5005 1647 5067 praeceptore,
1679 5008 1729 5051 te
1760 4993 1875 5051 fau-

292 5098 428 5155 tore,
463 5099 621 5161 teque
644 5090 848 5158 judice,
876 5089 1152 5155 colligens,
1185 5088 1239 5141 in
1268 5088 1419 5143 libris
1440 5098 1689 5156 quatuor,
1720 5086 1874 5141 auxi-

294 5182 454 5239 liante
472 5184 721 5253 Domino,
738 5182 1035 5246 coarctavi;
1060 5188 1115 5237 et
1127 5182 1422 5236 secundum
1443 5181 1872 5236 distributionem

364 5371 390 5399 ι
418 5360 616 5429 Bigot..
658 5361 712 5416 in
740 5378 880 5417 nom.
909 5361 1249 5416 sanctissima:
1275 5369 1323 5416 et
1351 5360 1462 5415 ind.
1508 5359 1653 5417 Trin.
1687 5362 1871 5433 incipit

294 5433 552 5501 prologue,
584 5441 687 5487 etc.

362 5499 387 5539 δ
414 5500 814 5557 AbestRomam'
834 5517 864 5555 a
885 5502 1039 5557 Colh.
1065 5500 1262 5573 Bigot..
1285 5502 1494 5558 Gemet.
1520 5509 1575 5556 et
1594 5502 1865 5571 Andegav.

294 5574 457 5625 sancti
488 5573 680 5625 Albini.

365 5652 386 5713 ς
424 5642 712 5713 Getnclic.,
742 5646 963 5713 perfecte
984 5642 1191 5698 docens.

362 5708 388 5747 ἀ
423 5709 483 5767 In
510 5708 724 5770 Gemet.
742 5708 809 5770 'et
830 5708 1003 5785 Bigot:
1035 5714 1187 5772 deest
1210 5712 1424 5770 similia.

1978 4994 2045 5049 ab
2088 4995 2400 5050 :emulorum
2443 4996 2679 5061 insidiis,
2728 5004 2783 5051 et
2821 4996 2875 5051 in
2924 4997 3103 5053 futuro
3146 5015 3177 5053 a
3217 5008 3560 5071 peccatorum

1978 5090 2206 5144 nexibus
2262 5103 2473 5143 merear
2514 5089 2933 5145 misericorditer
2976 5092 3189 5148 liberari
3236 5108 3332 5164 per
3378 5092 3558 5150 Jesutn

1975 5179 2244 5238 Christum
2271 5181 2553 5236 Dominum
2578 5190 2840 5238 nostrum.
2865 5183 3056 5242 Amen.
3083 5193 3109 5234 ε

2049 5364 2072 5424 9
2114 5353 2410 5424 Audegav.,
2442 5357 2613 5410 studio
2641 5355 2893 5411 veritatis.

2051 5423 2069 5462 ἲ
2112 5423 2286 5500 Edit.,
2336 5426 2607 5481 mullorum
2656 5427 2824 5480 adhuc
2875 5428 3225 5499 superstitum.
3273 5425 3559 5500 Sequimur

1972 5494 2101 5550 Mss.
2132 5497 2368 5549 omnium
2397 5514 2738 5552 consensum.

2046 5574 2071 5613 s
2112 5562 2240 5619 Post
2268 5567 2469 5635 pratfat.
2500 5569 2551 5622 in
2583 5568 2755 5637 Bigot.
2788 5568 3016 5636 legitur:

2130 5663 2354 5725 Gregorii
2376 5675 2509 5723 papzc
2534 5662 2618 5712 fiet
2642 5664 2753 5711 hinc
2773 5665 3036 5725 descriptio
3055 5666 3189 5724 vitae,

2131 5724 2364 5774 Nobilitas
2387 5726 2589 5787 generis
2613 5725 2751 5786 cujus
2775 5724 3084 5788 praemittitur
3108 5726 3233 5776 istic.
