4118 6470
542 278 611 336 65
1065 279 1124 335 S.
1165 275 1490 335 GREGORII
1527 277 1742 334 MAGNI
1786 277 1967 346 VITA,
2011 277 2334 336 AUCTORE
2376 279 2639 337 JOANNE
2679 279 2995 337 DIACONO.
3039 281 3242 338 LIBER
3281 282 3325 337 I.
3760 280 3832 345 οι

1733 535 2082 621 LIBER
2131 536 2621 620 PRIMUS.

751 717 890 795 Qua
921 720 1193 797 ratione,
1223 720 1523 802 quibusve
1549 719 1897 783 virtutibus
1927 720 2008 783 ad
2030 721 2482 800 pontiﬁcatum
2513 721 2885 798 ascenderit,
2921 719 3231 784 cumulate
3267 719 3621 785 disseritur.

538 977 898 1043 Δηοιιιιειιτυιι.
918 1004 980 1016 -—
1007 980 1054 1030 1.
1081 979 1157 1030 De
1199 993 1389 1043 genere
1435 981 1567 1031 beati
1609 981 1856 1042 Gregorii.
1873 980 1998 1043 —-2.
2021 981 2046 1008 ⁸³
2067 979 2214 1043 Quod
2254 991 2446 1043 ςφιρόγδμος
2487 978 2660 1043 fuerit.
2684 1005 2746 1016 --
2765 979 2815 1028 5.
2834 977 2909 1028 De
2947 978 3254 1043 institutione
3282 989 3404 1043 ejus.
3431 978 3562 1043 -έ,
3588 977 3616 1014 b
3643 978 3836 1027 Praetor

605 1041 820 1105 urbanus
845 1045 1160 1105 exprimitur.
1190 1039 1251 1080 -ῖ-
1349 1044 1452 1092 Sex
1474 1039 1767 1093 monasteria
1793 1049 1844 1094 in
1863 1041 2030 1092 Sicllia
2059 1039 2314 1105 fecit.—6.'_
2330 1041 2434 1090 Sub
2455 1041 2712 1105 abbatibys
2734 1043 2785 1105 in
2806 1054 2908 1105 suae
2930 1041 3418 1105 domusmonasterio
3441 1039 3670 1105 militans,
3699 1049 3832 1102 post-

604 1103 796 1151 modum
825 1101 974 1153 abbas
998 1105 1225 1154 efIicitur.
1243 1132 1303 1142 —
1326 1103 1373 1152 7.
1397 1105 1620 1154 Paschali
1642 1107 1856 1155 Sabbato
1873 1105 2098 1165 ieiunare
2120 1116 2219 1153 non
2241 1101 2390 1165 valet.
2414 1131 2474 1140 —
2493 1104 2541 1152 8.
2584 1102 2626 1150 A
2647 1102 2858 1165 Domino
2880 1102 3125 1165 jejtinandi
3151 1101 3488 1150 fortitudinem
3517 1101 3835 1165 impetrat.—

600 1165 834 1229 9._Mater
856 1165 1006 1216 Silvia
1027 1169 1072 1215 ei
1098 1167 1831 1229 consuetudinaliterlegumina
1854 1161 2070 1215 mandat.
2095 1192 2155 1229 3—
2183 1167 2262 1217 10.
2288 1164 2489 1214 Duabus
2513 1165 2702 1215 vicibus
2725 1164 2786 1229 ab
2808 1161 2986 1228 angelo
3009 1161 3102 1229 Dei
3128 1167 3366 1220 tentatur,
3393 1165 3536 1229 tertia
3559 1161 3677 1229 vero
3704 1164 3834 1214 libe-

601 1227 865 1289 ralissimus
883 1229 1244 1289 comprobatur.
1265 1257 1326 1265 —
1357 1230 1434 1279 il.
1456 1224 1834 1279 Frateri’urtum
1853 1229 2038 1276 faciens
2057 1240 2084 1278 a
2107 1228 2348 1277 dmmonio
2375 1235 2602 1288 vexatur,
2632 1234 2682 1276 et
2704 1238 2729 1273 a
2757 1224 2998 1289 Gregorio
3024 1224 3276 1289 liberatur.
3307 1252 3360 1260 —-
3397 1226 3470 1289 12.
3514 1227 3536 1254 ο
3563 1224 3834 1289 Fugiturus

604 1287 762 1338 frater
784 1287 1014 1352 ciet-atus,
1034 1287 1129 1341 et‘a
1155 1292 1284 1352 nigri
1307 1293 1442 1340 canis
1463 1293 1706 1340 morsibus
1726 1291 1986 1340 liberatur.
2007 1317 2068 1326 —
2091 1291 2170 1341 t3.
2196 1289 2374 1339 Frater
2396 1287 2772 1352 f'ugamimoljtus
2794 1301 2819 1336 a
2845 1287 3065 1352 daemone
3081 1288 3366 1352 corripitur,
3387 1300 3413 1334 a
3439 1287 3679 1352 Gregorio
3704 1288 3836 1352 libe—

601 1357 756 1413 ratur.
782 1380 842 1390 —
861 1353 937 1402 H.
964 1345 1189 1402 Fratrum
1207 1345 1398 1401 latebra
1425 1353 1764 1402 immobilitate
1790 1353 2086 1402 caballorum
2111 1345 2524 1413 cognomiturf—
2553 1351 2630 1400 15.
2670 1349 2843 1400 Frater
2871 1351 3040 1399 Justus
3069 1345 3095 1384 ἀ
3117 1345 3286 1413 prore
3325 1345 3558 1413 peculiari
3585 1351 3836 1413 severiter

596 1411 646 1458 in
670 1420 827 1475 morte
854 1415 1072 1475 punitur.
1101 1440 1160 1450 —-
1179 1413 1254 1465 16.
1280 1414 1394 1474 Ejus
1418 1415 1573 1463 anima
1598 1415 1662 1464 de
1685 1414 1864 1463 inferni
1891 1411 2190 1463 cruciatibus
2210 1414 2466 1463 liberatur.
2491 1438 2553 1450 -—
2576 1413 2652 1462 17.
2677 1413 2897 1475 Dimissis
2943 1412 3176 1475 peccatis
3199 1411 3437 1475 Antonius
3462 1413 3582 1459 mori
3605 1411 3830 1472 jubetur.

593 1474 747 1522 -18.
775 1472 1038 1538 Gerontius
1053 1488 1162 1524 cum
1187 1472 1475 1538 quibusdam
1500 1477 1729 1525 fratribus
1751 1489 1807 1525 se
1832 1477 2010 1525 asserit
2034 1478 2341 1525 moriturum.
2369 1477 2528 1538 -ί19.
2552 1472 2966 1538 Fratertjerulus
2990 1474 3112 1538 albis
3155 1472 3360 1538 ﬂoribus
3380 1485 3436 1520 se
3460 1475 3669 1521 somniat
3688 1486 3835 1522 coro-

598 1542 781 1600 netum.
807 1564 860 1574 —
885 1539 966 1588 20.
994 1534 1524 1600 Joannes'abapostolo
1546 1546 1744 1588 sanatus
1765 1550 1790 1585 a
1814 1537 2046 1587 defuncto
2066 1543 2287 1600 vocatur.
2309 1564 2371 1576 —-
2389 1537 2466 1586 21.
2490 1539 2567 1588 De
2609 1535 2862 1586 venalibus
2905 1534 3172 1597 Anglorum
3211 1535 3380 1600 pueris
3421 1541 3752 1600 percontatur.
3769 1562 3838 1572 —

592 1596 672 1661 22.
695 1597 791 1647 Pro
813 1596 1352 1661 convertendisiAnglis
1375 1601 1672 1648 Britanniam
1698 1601 1942 1660 petiturus
1981 1599 2261 1648 absolvitur.
2287 1626 2348 1635 —
2371 1602 2447 1650 25.
2476 1600 2517 1649 A
2564 1600 2774 1661 prsesuie
2815 1600 2971 1646 tribus
2997 1596 3269 1661 Sententiis
3302 1603 3615 1645 consternato
3661 1597 3833 1648 redire

600 1658 821 1723 iubetur.
845 1687 908 1698 —
928 1662 1010 1710 24.
1035 1661 1133 1710 Per
1160 1658 1394 1709 locustam
1419 1674 1474 1710 se
1498 1658 1749 1723 cognoscit
1771 1663 1999 1710 continuo
2023 1674 2359 1723 reversurum.
2380 1687 2441 1697 —
2461 1662 2538 1710 25.
2566 1658 2608 1723 'A
2633 1662 2930 1710 monasterio
2946 1721 2962 1723 _
2980 1666 3177 1723 tractus,
3221 1660 3456 1707 diaconus
3492 1665 3830 1723 consecratur.

593 1745 654 1785 ς-
674 1719 1243 1785 Ξϐηίίοηειθιηίηοροιιιη
1267 1719 1606 1785 apocrisiarius
1627 1724 1916 1785 destinatur.
1944 1750 2002 1758 ——
2023 1722 2101 1770 27.
2131 1722 2228 1770 Pro
2253 1723 2550 1785 exponendo
2589 1721 2716 1771 libro
2763 1723 2892 1785 beati
2939 1720 3032 1769 Job
3078 1721 3232 1785 enixe
3249 1729 3477 1785 rogatur.
3504 1747 3564 1785 _—
3587 1720 3666 1768 28.
3706 1720 3835 1785 Cum

600 1781 834 1847 Eutychio
851 1781 1124 1847 disputans,
1152 1781 1311 1834 victor‘
1324 1788 1624 1847 agnoscitur.
1649 1811 1696 1820 -
1733 1787 1808 1833 29.
1835 1784 1986 1834 Liber
2008 1785 2228 1846 liutychii
2252 1781 2553 1846 ab'Augusto
2578 1785 2779 1844 ignibus
2819 1783 3099 1847 deputatur.
3121 1807 3185 1847 _—-
3207 1783 3285 1831 50.
3314 1781 3576 1847 Eutychius
3609 1784 3834 1847 moriens

595 1821 774 1904 pellem
792 1821 1082 1908 mantigusiize
1102 1821 1324 1908 {en-ebat,
1347 1821 1588 1896 dicens
1613 1822 1665 1895 in
1694 1859 1755 1894 ea
1775 1821 2028 1896 veraciter
2047 1821 2553 1908 re'vsuri'eci’ur‘uri’irq-t
2577 1821 2655 1894 3⁸1.
2671 1821 2722 1908 TA
2731 1821 3090 1908 pocrisiariatus
3113 1843 3338 1908 Gregorii
3375 1821 3584 1906 qiialitas
3601 1843 3832 1908 declara-

594 1910 691 1956 tur.
715 1933 777 1942 —-
800 1907 877 1970 δὲ.
898 1905 1320 1970 EpistolaiPelagii
1343 1923 1478 1970 papae
1506 1909 1746 1969 Gregorio
1769 1910 2068 1957 mittitur.—
2091 1909 2171 1956 55.
2196 1907 2518 1957 Maximianus
2534 1921 2640 1956 cum
2666 1905 2898 1956 fratribus
2921 1921 2946 1953 a
2973 1907 3224 1970 naufragio
3248 1905 3506 1970 liberatur.
3534 1932 3592 1942 --
3616 1908 3694 1955 5i.
3734 1905 3834 1956 llo-

597 1979 736 2015 mana
760 1969 877 2017 urbs
893 1968 1076 2018 diluvio
1099 1969 1294 2018 Tiberis
1313 1968 1592 2018 inundatur.
1615 1968 1675 2006 έ-
1696 1971 1775 2020 55.
1801 1971 2002 2018 Athesis
2021 1970 2196 2018 ﬂuvius
2220 1970 2511 2019 mirabiliter
2551 1971 2799 2018 solidatur.
2826 1995 2886 2004 —
2904 1970 2983 2017 56.
3009 1968 3233 2016 Dracone
3256 1980 3368 2016 cum
3407 1969 3583 2019 bestiis
3620 1971 3666 2016 in
3705 1971 3835 2019 mari

596 2036 790 2092 necato,
814 2043 902 2077 aer
926 2032 1273 2092 corrumpitur.
1297 2059 1359 2069 —
1379 2033 1458 2080 37.
1484 2031 1688 2091 Sagittis
1711 2031 2002 2080 emicatibus‘
2021 2031 2213 2080 cladem
2236 2030 2529 2092 ferentibus,
2560 2032 2794 2092 Pelagius
2818 2030 2995 2090 praesul
3033 2031 3383 2092 exstinguitur.
3408 2055 3469 2066 ——
3489 2031 3568 2080 58.
3598 2030 3833 2092 Theodo-

597 2101 681 2137 rus
698 2101 726 2137 a
749 2089 960 2140 dracone
984 2089 1240 2153 liberatus,
1263 2089 1580 2143 convertitur:
1607 2119 1668 2130 -ο
1687 2094 1766 2141 59.
1796 2093 2068 2153 Gregorius
2081 2092 2142 2140 ad
2160 2092 2488 2152 pontificatum
2516 2089 3088 2153 nolens'eligitur.—l0.
3111 2091 3444 2140 Pontificatum
3469 2090 3830 2151 subterfugere

589 2153 833 2215 gestiens,
859 2153 1146 2215 imperatori
1166 2152 1355 2215 litteras
1379 2154 1591 2202 latenter
1615 2156 1780 2203 mittit.
1806 2152 1964 2203 -—-tf.
1992 2153 2088 2202 Pro
2112 2156 2348 2202 concione
2391 2155 2726 2214 prnitentiam
2753 2152 2996 2211 iii-:edicat.
3025 2177 3088 2215 τ-
3109 2153 3184 2201 t2.
3225 2153 3572 2215 Septiformem
3597 2153 3820 2203 iitaniam

592 2211 815 2262 localiter
837 2211 1051 2278 ordinat.
1077 2241 1134 2249 —
1155 2214 1232 2265 45.
1258 2215 1515 2278 Octoginta
1537 2215 1760 2278 homines
1784 2215 2066 2278 pestilentia
2102 2211 2496 2278 prosternuntur.
2521 2242 2582 2251 —
2601 2217 2679 2265 41.
2707 2216 2781 2264 Ab
2807 2216 2937 2263 L'rbe
2969 2214 3253 2274 difl'ugiens,
3279 2211 3456 2264 indicio
3476 2213 3667 2278 cmlesti
3688 2227 3834 2264 mon-

593 2279 774 2323 stratur
800 2289 820 2338 :_
841 2283 893 2324 et
910 2276 1166 2338 reductus,
1189 2278 1356 2334 prima:
1372 2276 1506 2326 sedis
1533 2277 1750 2338 pontifex
1776 2276 2116 2327 consecratur.
2137 2276 2295 2325 -45.
2322 2276 2546 2327 Noluisse
2586 2291 2823 2327 summurn
2847 2278 3196 2336 sacerdotium,
3241 2277 3487 2326 veraciter
3519 2277 3832 2325 demonstra-

597 2342 694 2384 tur.
717 2362 782 2401 τ-
798 2336 879 2387 46.
904 2337 1228 2401 Discretionis
1249 2338 1357 2400 ejus
1382 2336 1603 2401 perfecta
1628 2341 1834 2401 qualitas
1857 2340 2115 2388 indicatur.
2140 2364 2201 2375 —
2222 2339 2300 2388 47.
2321 2338 2600 2388 Conabatur
2621 2345 2762 2390 extra
2803 2339 3056 2396 mundum,
3077 2349 3127 2388 et
3151 2345 3291 2386 extra
3315 2351 3512 2388 carnem
3539 2339 3666 2396 fieri,
3693 2347 3746 2387 et
3770 2339 3833 2388 ad

599 2399 822 2462 speciem
843 2398 1098 2449 anhelare.
1117 2425 1179 2462 5—-
1202 2398 1288 2448 48.
1306 2398 1566 2450 Condoluit
1591 2398 1744 2450 ruinae
1767 2414 1869 2450 suae
1890 2402 2128 2460 gemitum
2152 2402 2400 2449 renovari.
2426 2428 2486 2437 --
2504 2404 2582 2451 49.
2609 2402 2682 2450 Ex
2706 2402 2898 2460 scriptis
2921 2400 3160 2462 Anastasii
3185 2401 3468 2460 patriarchas
3508 2402 3644 2462 quasi
3670 2401 3834 2449 beati—

598 2459 781 2524 tudinis
803 2463 1050 2522 requiem,
1079 2459 1292 2511 salutem
1317 2463 1578 2524 accipiens,
1607 2464 1788 2511 fontem
1828 2459 2021 2524 sitiens,
2041 2463 2258 2524 umbram
2286 2471 2496 2512 :estuans
2520 2465 2721 2513 invenit.
2746 2459 2812 2498 -—’
2832 2462 2910 2513 50.
2945 2459 3267 2524 ΑδρΑηάιέθω
3292 2463 3494 2511 illustris
3514 2459 3753 2512 charitate
3780 2469 3835 2513 et

599 2522 762 2569 animo
785 2535 881 2588 non
907 2524 1133 2588 recessit.
1155 2548 1215 2588 -—_
1239 2524 1323 2588 5|.
1343 2522 1543 2588 Joannis
1563 2524 1848 2573 exconsulis
1893 2522 2020 2588 bona
2066 2523 2382 2588 excellentia
2424 2532 2501 2576 est
2539 2531 2792 2588 expertus.
2813 2549 2876 2562 —
2896 2524 2972 2577 52.
3015 2523 3244 2574 Leandre
3280 2524 3557 2588 llispalensi
3597 2527 3834 2586 episcotio

600 2583 906 2651 respondere
933 2584 1102 2643 noluit,
1131 2585 1436 2651 epistolisad
1461 2598 1516 2634 se
1536 2588 1857 2651 't__rans_missis.
1884 2586 2040 2651 τῦὄ.
2067 2585 2185 2635 Cum
2230 2599 2407 2649 magno
2439 2583 2626 2651 angore
2672 2587 2819 2636 anitni
2861 2599 3104 2636 summum
3142 2583 3469 2636 sacerdotium
3506 2583 3740 2649 suscepit.
3768 2583 3834 2622 ‘—

600 2596 906 2692 respondere
933 2596 1102 2643 nomn,
1131 2596 1355 2648 epistons
1378 2596 1436 2633 au
1461 2598 1516 2634 se
1549 2596 1857 2636 transmissus.
1884 2596 2040 2634 ——5;5.
2067 2596 2185 2635 cum
2230 2599 2276 2634 m

594 2645 672 2694 5i.
724 2646 1005 2708 nvestigare
1029 2658 1242 2708 superna
1280 2647 1463 2707 judicia
1487 2647 1652 2697 nullus
1678 2649 1823 2698 homo
1847 2649 2074 2699 sufﬁcere
2097 2654 2278 2709 potest.

598 2778 704 2849 23
731 2777 784 2831 1.
809 2777 1101 2848 Gregorius
1129 2793 1329 2849 genere
1372 2779 1669 2848 Romanus,
1712 2790 1830 2836 arte
1871 2779 2122 2836 Philoso-
2155 2784 2204 2844 Α
2231 2780 2434 2838 lantius
2459 2788 2701 2846 resonat,
2734 2787 3044 2835 vocaretur.
3077 2778 3212 2834 Nam
3240 2787 3388 2834 recta
3418 2793 3538 2848 quae
3571 2779 3832 2836 decimus

528 2853 686 2942 phus,
723 2881 745 2908 θ
772 2871 1051 2942 Gordiani,
1081 2873 1183 2928 viri
1214 2874 1518 2941 clarissimi,
1548 2882 1604 2930 et
1642 2875 1815 2930 beata:
1843 2873 2023 2930 Silviae
2052 2873 2118 2928 fi-
2230 2882 2368 2941 erat,
2395 2873 2522 2929 dum
2546 2873 2686 2928 vivis
2707 2872 2964 2943 operibus
2993 2871 3324 2942 adimplevit,
3353 2870 3569 2926 sibimet
3588 2871 3688 2940 ipsi
3718 2871 3828 2925 uti-

526 2961 651 3030 lius,
673 2962 882 3033 prteluit
906 2962 924 3003 τ
950 2964 1209 3020 Βοιῐηιιιω
1229 2965 1344 3022 sedi
1365 2968 1521 3022 annis
1541 2965 1822 3033 tredecim,
1848 2968 2122 3024 mensibus

524 3067 640 3118 sex,
670 3054 860 3109 diebus
888 3055 1094 3122 decem,
1128 3066 1152 3103 ε
1181 3057 1520 3128 temporibus
1546 3057 1749 3113 Tiberii
1775 3057 2038 3125 Mauricii,
2067 3066 2122 3114 et

524 3143 721 3201 Phoce
740 3145 1120 3214 Augustorum.
1149 3147 1278 3217 Iste,
1299 3149 1572 3204 senatoria
1599 3149 1766 3219 stirpe
1785 3151 2118 3218 progenitus,

525 3245 637 3291 tam
664 3237 1052 3294 nobilissimam
1078 3254 1238 3308 quam
1261 3241 1426 3295 etiam
1441 3241 1902 3310 religiosissimam
1924 3256 2122 3310 genea-

525 3327 725 3400 logiam
753 3330 927 3398 duxit,
959 3331 1035 3386 ita
1065 3340 1125 3386 ut
1147 3331 1175 3368 ¹ι
1205 3343 1432 3404 quartus
1460 3333 1613 3389 Felix
1641 3333 1786 3389 sedis
1810 3333 2121 3404 apostolica:

525 3421 789 3492 pontifex,
820 3423 900 3477 vir
938 3435 1147 3490 magum
1192 3424 1246 3479 in
1289 3424 1490 3480 Christi
1518 3423 1756 3481 Ecclesia
1780 3426 2118 3495 reverentiae,

524 3511 617 3582 qui
645 3511 923 3568 basilicam
953 3521 1266 3570 sanctorum
1293 3513 1505 3571 Cosmae
1534 3525 1590 3571 et
1636 3516 1881 3571 Damiani
1921 3525 2121 3590 marty-

525 3618 646 3659 rum
673 3604 759 3660 via
783 3620 937 3662 sacra
954 3605 1109 3675 juxta
1132 3607 1390 3676 templum
1422 3605 1659 3674 Romuli,
1692 3609 1834 3664 sicut
1861 3610 2123 3665 hactenus

525 3696 781 3765 cemitur,
813 3697 1193 3754 venustissime
1228 3699 1530 3764 fabricavit,
1576 3699 1693 3769 ejus
1723 3708 1913 3756 atavus
1939 3701 2120 3768 fuerit,

524 3795 580 3843 et
600 3788 757 3844 beata
783 3789 934 3860 virgo
964 3788 1250 3858 Tharsilla,
1297 3805 1420 3860 qua:
1454 3791 1717 3846 moritura
1752 3790 1768 3828 ί
1803 3792 2122 3862 promissio-

523 3880 609 3936 nis
631 3881 869 3938 cualestis
897 3881 1102 3938 audivit
1124 3881 1484 3949 harmoniam,
1537 3891 1594 3939 et
1638 3881 1820 3939 Jesum
1850 3883 2123 3940 Christum

525 3973 596 4029 ad
622 3989 681 4030 se
705 3975 1070 4047 recipiendam
1099 3975 1284 4032 videre
1333 3977 1547 4044 meruit,
1580 3977 1744 4032 amita
1774 3978 2123 4037 nihilominus

524 4063 642 4134 ejus
669 4066 935 4121 exstiterit
965 4066 1133 4138 (Beda
1182 4067 1271 4121 lib.
1323 4083 1381 4134 ιι,
1421 4083 1539 4137 cap.
1592 4067 1643 4134 f,
1693 4067 1898 4123 Ilistor.
1930 4070 2121 4139 Angl.;

2226 2979 2332 3034 que
2360 2980 2420 3020 se
2447 2966 2695 3034 vigilasse
2724 2964 3037 3035 perdocuit;
3068 2962 3196 3017 dum
3223 2978 3354 3018 vero
3389 2969 3539 3018 recta
3579 2977 3699 3031 qua:
3745 2962 3828 3016 fa-

2227 3057 2403 3112 ciebat
2431 3056 2673 3112 docendo
2702 3071 2920 3126 quoque
2966 3055 3237 3123 disseruit,
3270 3054 3520 3124 vigilasse
3549 3053 3825 3123 dignosci-

2227 3156 2336 3217 tur,
2369 3164 2475 3204 non
2494 3149 2668 3204 solum
2695 3150 2709 3199 1
2750 3147 2853 3212 sui,
2888 3146 2982 3203 sed
2999 3147 3162 3203 etiam
3190 3147 3354 3202 futuri
3383 3147 3641 3218 temporis
3669 3144 3826 3202 Chri-

2225 3240 2435 3296 stianis.

2299 3332 2350 3386 5.
2381 3332 2659 3402 Siquidem
2689 3332 2900 3389 inerant
2927 3333 2996 3399 ei,
3028 3331 3056 3371 ι
3080 3348 3204 3390 cum
3232 3334 3426 3390 acerba
3448 3341 3626 3398 aetate,
3650 3341 3824 3388 matu-

2225 3438 2287 3478 ra
2300 3422 2412 3493 jam
2434 3425 2642 3492 studia;
2673 3433 2729 3481 et
2756 3426 3034 3480 auditurus
3068 3425 3362 3495 incognita,
3391 3425 3655 3497 religiosis
3690 3422 3707 3461 1
3734 3439 3825 3480 se-

2227 3517 2384 3573 nibus
2403 3517 2685 3588 indagator
2703 3518 3090 3574 solertissimus
3116 3517 3428 3573 adhterebat
3454 3533 3472 3572 :
3502 3527 3824 3588 sumptaque

2225 3608 2485 3664 doctrina:
2525 3609 2749 3675 semina,
2799 3609 2974 3664 tenaci
3012 3609 3289 3664 meruerim
3336 3607 3674 3673 ruminanda,
3703 3622 3824 3678 quae

2225 3709 2350 3770 post
2389 3700 2444 3754 in
2472 3699 2703 3770 populos
2731 3699 2938 3755 mellito
2967 3698 3296 3755 declamaret
3317 3709 3533 3769 gutture
3569 3713 3824 3767 congere-

2225 3791 2340 3846 bat.
2381 3790 2624 3860 Denique
2649 3801 2687 3827 ω
2720 3791 2912 3846 docilis
2937 3791 3275 3858 adolescens,
3328 3807 3474 3858 cum,
3504 3789 3822 3845 transmisso

2227 3884 2586 3939 communiter
2598 3883 2738 3956 stylo
2755 3884 3022 3953 surgentis
3044 3883 3304 3949 infantia},
3322 3883 3390 3938 ad
3417 3884 3617 3938 bivium
3630 3883 3822 3955 Pytha-

2226 3978 2425 4047 gorica:
2453 3979 2644 4033 litterae
2658 3977 3014 4048 pervenisset,
3041 3977 3418 4032 incunctanter
3431 3976 3707 4032 sinistrum
3729 3991 3822 4030 ra-

2226 4086 2372 4125 mum
2395 4086 2518 4125 cum
2533 4071 2716 4126 szeculi
2741 4071 3020 4140 voluptate
3048 4070 3376 4138 relinquere,
3395 4078 3452 4124 et
3474 4069 3541 4124 ad
3563 4071 3814 4124 dextrum

525 4156 682 4229 Greg.
712 4158 836 4212 Tur.
881 4159 970 4214 lib.
1024 4177 1061 4215 x
1089 4159 1266 4227 Hist.;
1294 4159 1411 4216 Lib.
1451 4177 1524 4230 ιν,
1557 4159 1704 4215 Dial.
1737 4177 1784 4214 c.
1822 4161 1923 4228 16;
1955 4161 2118 4218 Hom.
2153 4183 2201 4243 Β
2227 4164 2391 4234 etrapit
2418 4147 2542 4218 cum
2570 4164 2775 4220 (χειρειί
2800 4161 3070 4217 desiderio
3100 4162 3238 4233 totis
3258 4162 3462 4217 viribus
3491 4163 3768 4217 anhelare.

523 4245 593 4304 58
615 4251 668 4305 in
691 4248 892 4322 Evang.

596 4342 650 4398 2.
680 4341 852 4408 Quam
881 4341 1174 4413 Gregorius
1199 4343 1426 4413 gemina:
1455 4342 1753 4400 nobilitatis
1783 4343 1981 4400 lineam
2021 4347 2124 4416 piis

527 4436 764 4493 moribus
792 4435 1003 4500 extulit,
1050 4436 1235 4506 probis
1277 4435 1486 4491 actibus
1516 4436 1823 4500 exornavit,
1875 4435 2012 4493 adeo
2063 4447 2123 4492 ut

527 4527 787 4598 praesagio
808 4526 1042 4599 quodam
1065 4525 1248 4582 Graece
1277 4527 1568 4602 Γρηγὸριος,
1599 4526 1744 4596 quod
1776 4525 1966 4582 Latine
1984 4526 2121 4596 vigi-

597 4677 624 4707 ι
651 4668 731 4722 Ita
760 4666 885 4723 Mss.
921 4681 1130 4732 omnes,
1161 4665 1312 4734 cujus
1346 4664 1486 4718 tituli
1529 4664 1654 4720 loco
1678 4664 1813 4735 pler.
1847 4663 1992 4720 Editi
2023 4666 2122 4721 ha-

526 4738 658 4810 bent
692 4737 827 4810 :De
850 4737 1056 4810 nomine
1083 4737 1216 4810 quod
1265 4739 1334 4810 is_
1359 4735 1534 4810 (tabuit
1579 4738 1879 4791 conveniens
1908 4738 2115 4793 studiis.

527 4808 690 4865 Deest
722 4809 883 4862 index
915 4809 967 4862 in
999 4805 1171 4877 Bigot.
1204 4816 1259 4862 et
1291 4805 1430 4861 Utic.

602 4881 624 4916 δ
657 4878 894 4944 Gemet.,
917 4880 1000 4932 ubi
1022 4888 1210 4948 ρνωιον
1238 4877 1352 4948 urb.
1385 4878 1464 4932 lta
1484 4884 1646 4933 etiam
1675 4879 1730 4933 in
1761 4878 1950 4948 Regio,
1985 4879 2116 4936 Col-

525 4949 757 5032 bertino,
787 4947 1176 5032 Andegavensi,
1209 4947 1530 5032 .et'Turonq
1573 4965 1703 5032 qum.
1733 4947 1864 5032 vox,
1911 4951 2016 5014 ubi,
2059 4951 2113 5004 in

525 5022 764 5105 quinque
792 5019 1022 5073 laudatis
1049 5019 1174 5074 Mss.
1207 5020 1427 5074 inchoat
1448 5036 1637 5076 onmes
1666 5022 1871 5077 titulos.

600 5090 816 5163 eluditi,
849 5091 1112 5163 fugitivus,
1163 5090 1356 5163 melius
1403 5089 1554 5160 Mss.,
1602 5093 1893 5163 fugiturus;
1937 5107 2114 5163 neque

523 5161 824 5234 eni_m_fugit
851 5162 1165 5224 monachus,
1206 5161 1513 5234 sedfugere
1539 5161 1895 5234 proponebat.

595 5229 890 5302 '1Gelnet.,
955 5249 1049 5301 pro
1084 5231 1334 5300 peculari.
1386 5229 1591 5302 Andeg.
1637 5229 1692 5286 et
1733 5233 1960 5297 Turon.,
2017 5250 2111 5302 pro

519 5302 787 5374 peculiari.
818 5301 933 5374 Non
970 5303 1180 5374 legitur,
1225 5320 1301 5368 re,
1355 5303 1405 5356 in
1455 5301 1564 5357 ullo
1609 5320 1675 5356 ex
1717 5303 1839 5374 Mss.
1887 5301 2108 5370 nostris,

519 5373 878 5442 przelerquam
910 5373 961 5426 in
993 5373 1182 5441 Regio,
1224 5374 1313 5426 ubi
1341 5375 1609 5442 reperitur
1639 5374 1778 5426 inter
1806 5373 1998 5428 lineas.

592 5455 615 5514 tt
643 5443 701 5498 ln
731 5443 931 5499 Turon.
963 5460 1177 5512 semper
1206 5442 1472 5514 Gorgiuui.

596 5513 615 5551 τ
649 5513 704 5568 ln
727 5516 916 5569 eodem
946 5515 1094 5569 deest
1119 5514 1268 5568 Rom.
1301 5513 1426 5575 sedi,
1454 5529 1663 5569 necnon
1687 5513 1737 5566 in
1769 5513 1928 5582 Reg.,
1963 5513 2102 5570 Utic.

520 5593 575 5639 et
604 5584 813 5639 Gemet.
849 5584 903 5638 In
936 5585 1107 5651 Bigot.
1153 5595 1236 5639 est
1284 5573 1541 5637 additum.
1598 5584 1652 5636 In
1698 5573 2005 5652 Andegfet
2051 5587 2104 5641 in
2134 5573 2180 5634 C

518 5655 670 5711 Coll).
708 5655 898 5722 legitur
928 5655 1077 5708 Rom.
1112 5654 1374 5706 Ecclesia).

591 5735 615 5771 Β
647 5725 702 5780 In
736 5725 957 5780 Excusis
987 5724 1196 5788 Tiberii,
1230 5723 1488 5775 Mauricii.
1533 5724 1690 5778 Certe
1737 5724 1935 5780 Tiberii
1989 5728 2103 5783 Au-

519 5797 663 5873 gusti
693 5806 904 5873 tempus
933 5796 998 5850 ad
1022 5793 1802 5873 Gregoriipontificatum_.no_n
1835 5800 2099 5866 pertinet;

518 5863 717 5941 Quippe
758 5863 850 5939 qui
877 5882 987 5924 non
1034 5863 1313 5935 incwperit
1343 5863 1446 5918 nisi
1473 5863 1731 5925 lilauriciu
1763 5863 2098 5939 imperante;

2301 4257 2352 4311 4.
2386 4256 2513 4323 Sed,
2540 4257 2664 4312 dum
2687 4257 3057 4312 conversionis
3081 4270 3190 4310 sua:
3211 4255 3436 4324 gratiam
3458 4255 3671 4324 longius
3691 4270 3818 4325 pro.

2225 4351 2465 4418 trahens,
2492 4351 2658 4407 tutius
2679 4367 2738 4406 se
2757 4350 2972 4406 Christo
2994 4349 3368 4409 famulaturum
3394 4357 3627 4420 putaret,
3653 4354 3697 4405 si
3719 4349 3817 4406 sub

2223 4443 2474 4514 praetoris
2498 4443 2690 4499 urbani
2721 4443 2906 4498 habitu
2934 4443 3134 4497 mundo
3164 4442 3343 4512 specie
3379 4450 3537 4497 tenus
3565 4443 3813 4506 serviret,

2223 4543 2562 4606 coeperuntu
2593 4534 2759 4590 multa
2815 4543 3004 4589 contra
3042 4549 3165 4588 eum
3219 4546 3287 4587 ex
3342 4532 3582 4604 ejusdem
3633 4533 3815 4588 seaculi

2222 4672 2277 4719 at
2308 4664 2554 4721 Tiberius
2581 4667 2743 4720 etiam
2772 4666 3084 4719 vocabatur.

2295 4734 2322 4773 ¹¹
2372 4737 2486 4792 Imo
2511 4737 2710 4791 Tertius
2744 4736 2918 4801 Felix,
2946 4744 2999 4787 ut
3022 4736 3215 4788 dictum
3256 4753 3411 4806 supra
3437 4737 3454 4806 (
3485 4734 3548 4806 ad
3576 4735 3749 4806 Vitam
3782 4750 3812 4790 a

2221 4807 2390 4879 Paulo
2418 4809 2653 4879 Diacono
2683 4805 2962 4879 scriptam)
2990 4807 3128 4879 eiad
3149 4809 3260 4878 ejus
3296 4805 3468 4879 Vitam
3490 4805 3558 4858 25
3583 4805 3812 4879 Februaf

2218 4875 2306 4946 rii'.
2339 4877 2604 4942 Bolland.,
2645 4877 2740 4946 qui
2771 4875 3014 4943 sequitur
3047 4875 3271 4942 Darem,
3317 4879 3368 4930 in
3411 4876 3710 4946 martyrol.,
3741 4877 3812 4930 ad

2218 4945 2289 4999 25
2315 4948 2568 5002 Februar.
2603 4945 2808 5001 etiam.
2845 4961 2936 5012 vn,
2967 4946 3181 5012 Annal.,
3212 4948 3276 5003 ad
3319 4963 3443 5001 ann.
3472 4945 3596 5000 581.
3625 4947 3699 5002 De
3727 4948 3811 5006 his

2219 5017 2272 5071 in
2302 5017 2690 5072 commentario
2719 5017 2785 5071 de
2811 5016 2927 5070 Vita
2957 5019 3130 5072 sancti
3161 5017 3404 5086 Gregorii
3432 5017 3805 5073 disseruimus.

2299 5088 2404 5160 iJn
2459 5089 2629 5160 Bigot.
2663 5088 3091 5160 superscribitur
3120 5089 3465 5160 processionis
3494 5091 3629 5154 δαείη
3663 5088 3806 5142 haud

2216 5159 2376 5214 dubie
2397 5159 2522 5226 quia
2550 5157 2795 5214 Christus
2821 5159 2870 5211 ei
2897 5157 3424 5227 obviam'processit.

2292 5237 2304 5279 i
2348 5228 2634 5291 ltlditi,uon
2667 5238 2831 5284 solum
2862 5230 2980 5283 sibi.
3027 5229 3367 5284 Prusferenda
3411 5244 3594 5284 noscra
3641 5227 3803 5283 lectio

2215 5307 2443 5383 qugciest
2469 5299 2595 5383 lilss.
2631 5299 2787 5369 Reg,
2819 5301 3042 5364 Turon.,
3072 5300 3308 5383 Gemet.,
3343 5301 3576 5383 lligot.“

2287 5370 2312 5408 κ
2340 5369 2501 5436 Editi,
2543 5373 2599 5424 in
2649 5366 2825 5426 tenera
2881 5380 3047 5434 wtate,
3096 5366 3483 5426 reluctantibus
3529 5369 3653 5423 Mss.
3704 5366 3804 5423 Hic

2214 5442 2399 5497 acerba
2431 5444 2569 5496 idem
2601 5452 2684 5496 est
2713 5460 2776 5498 ac
2796 5445 3095 5507 immatura,
3129 5450 3186 5495 ut
3211 5440 3408 5496 Jerem.
3427 5458 3570 5506 xxxi,
3596 5439 3683 5507 29,
3708 5437 3803 5504 '50,

2213 5523 2264 5568 et
2288 5513 2485 5568 Ezech.
2513 5530 2658 5576 xv1n,
2684 5513 2738 5575 2,
2764 5513 2958 5567 dicitur
2982 5529 3079 5565 uva
3109 5512 3311 5565 acerba.

2291 5585 2306 5622 1
2341 5585 2543 5639 Turon.
2568 5595 2621 5637 et
2651 5584 2879 5649 Amicg,
2910 5582 3161 5635 sensibus.

2287 5668 2324 5694 ιη
2362 5656 2521 5719 Utic.,
2559 5655 2692 5720 Big.,
2720 5654 2944 5720 Amicg..
2978 5651 3188 5707 Gemct.
3217 5660 3271 5706 et
3296 5651 3427 5719 Reg.
3466 5653 3723 5709 docibilis.

2285 5739 2309 5764 η
2343 5729 2416 5781 lla
2446 5726 2572 5779 Mss.
2605 5735 2660 5779 et
2689 5725 2932 5778 Boiland.
2967 5722 3067 5778 Alii
3089 5722 3253 5790 Edit.,
3287 5725 3460 5780 multm
3482 5733 3662 5780 contra
3686 5739 3803 5778 cum

2206 5801 2439 5872 ejusdem
2468 5797 2642 5852 swcul.
2677 5813 2831 5850 currv.
