4118 6442
266 362 332 419 σεί
888 357 945 413 s.
986 355 1311 415 GREGORII
1354 354 1565 412 MAGNI
1606 354 1789 413 vm.
1830 351 2033 410 sucr.
2072 352 2334 412 JOANNE
2374 354 2691 415 DIACONO.
2734 358 2862 417 LIB.
2905 359 2949 419 ι.
3475 364 3546 422 oo

269 486 398 528 cura
420 480 789 534 succrescere;
822 467 895 521 ita
927 475 987 521 ut
1018 484 1123 523 non
1150 468 1279 537 jam,
1312 468 1452 523 sicut
1480 477 1855 539 proposuerat,
1888 472 1938 530 Α
1963 480 2112 533 nere,
2137 474 2196 520 ut
2223 467 2289 521 ad
2310 467 2450 522 diem
2480 470 2708 527 alterum
2728 471 2992 542 jejunium
3021 472 3310 531 transferre
3335 453 3553 546 potuis?

268 563 468 635 specie,
501 562 591 615 sed
620 561 675 613 in
702 575 769 613 eo
796 560 1121 615 retineretur
1150 570 1204 615 et
1224 568 1425 614 mente.

333 654 387 709 5.
418 653 654 707 'l‘andem
674 658 829 721 patre
859 651 1100 717 orbatus,
1127 651 1219 705 ubi
1250 652 1469 705 liberam
1495 650 1856 720 disponenda-

265 762 381 804 rum
405 760 585 801 rerum
616 760 832 799 suarum
855 752 1045 799 nactus
1074 752 1157 813 est
1182 743 1510 809 facultatem,
1542 758 1636 797 sex
1664 757 1854 797 mona-

264 841 427 897 steria
457 840 509 893 in
533 838 715 894 Sicilia
738 838 1027 902 fabricans,
1052 837 1445 892 sufﬁcientibus
1471 836 1720 893 fratribus
1746 837 1855 909 24.

264 930 576 997 cumulavit,
601 931 796 998 quibus
822 938 1029 983 tantum
1054 928 1376 998 praediorum
1406 929 1654 995 contulit,
1678 943 1851 997 quan-

266 1034 373 1079 tum
404 1034 589 1093 posset
615 1024 684 1078 ad
714 1024 910 1079 victum
939 1024 1308 1093 quotidianum
1337 1023 1445 1078 Deo
1480 1024 1587 1079 illic
1616 1024 1853 1078 militan-

263 1118 393 1173 tium
442 1117 559 1171 sine
604 1116 898 1185 indigentia
936 1114 1215 1184 suﬂ‘ragari
1248 1114 1488 1187 (Gregor.
1524 1113 1649 1169 Tur.
1684 1113 1772 1167 lib.
1817 1130 1851 1168 χ

264 1208 465 1262 Histor.
490 1224 607 1277 cap.
643 1207 715 1278 1).

327 1302 379 1353 6.
405 1300 730 1370 Septimum,
762 1299 903 1355 intra
925 1299 1183 1354 Romanae
1208 1300 1353 1354 urbis
1381 1301 1597 1366 moenia,
1622 1302 1720 1355 sub
1750 1301 1851 1355 ho-

261 1405 391 1445 nore
418 1390 595 1444 sancti
630 1390 859 1461 Andrea:
883 1390 1134 1459 apostoli,
1161 1389 1314 1459 juxta
1337 1390 1611 1445 basilicam
1636 1400 1851 1447 sancto-

258 1500 375 1538 rum
398 1480 625 1538 Joannis
652 1490 706 1537 et
735 1481 883 1535 Pauli
912 1482 977 1535 ad
1006 1482 1201 1536 clivqu
1229 1482 1441 1549 Scauri,
1464 1485 1849 1539 monasterium

260 1574 311 1629 in
334 1575 555 1644 proprio
583 1572 802 1628 domate
827 1573 1127 1628 fabricavit.
1157 1572 1213 1626 ln
1245 1588 1371 1642 quo,
1408 1574 1610 1628 relictis
1638 1576 1845 1640 sericis,

259 1683 387 1722 auro
415 1667 750 1735 gemmisque
798 1665 1128 1719 radiantibus
1159 1665 1317 1734 togis,
1360 1666 1623 1733 simulque
1664 1666 1846 1735 supel-

258 1761 521 1816 lectilibus
550 1760 769 1830 reliquis
790 1759 842 1813 in
865 1775 1016 1813 usum
1044 1774 1339 1829 pauperum
1371 1768 1394 1795 ἰ
1422 1759 1757 1827 prterogatis,
1780 1776 1849 1814 ex

1957 566 2041 612 set
2068 567 2111 611 θ.
2149 558 2341 613 Verum
2384 574 2691 631 quanquam
2738 578 2880 633 pene
2926 563 3241 632 quotidiano
3286 565 3546 636 languore

1954 651 2276 719 tabesceret,
2302 651 2504 707 nullam
2534 662 2714 709 tamen
2746 657 2961 726 corpori
2991 672 3091 712 suo
3119 658 3369 729 cupiebat
3396 674 3549 713 eom-

1955 742 2178 798 modare
2206 744 2465 813 quietem,
2489 760 2598 815 quo
2639 745 2817 801 minus
2856 755 2950 801 aut
2975 756 3178 817 oraret,
3200 758 3294 804 aut
3319 749 3546 819 legeret,

1954 842 2046 887 aut
2075 826 2361 899 scriberet,
2387 844 2479 889 aut
2508 820 2753 891 dictaret.

2027 926 2078 981 9.
2112 926 2169 982 In
2196 928 2355 998 hujus
2384 929 2524 984 sacri
2554 931 2873 986 monasterii
2902 931 3266 1000 penetralibus
3293 932 3436 989 idem
3464 935 3547 990 vir

1954 1019 2343 1089 omnipotentis
2387 1021 2483 1076 Dei
2529 1020 2840 1091 Gregorius,
2894 1036 2926 1075 a
2956 1029 3129 1077 matre
3175 1022 3376 1091 Silvia,
3418 1034 3546 1079 tunc

1956 1111 2211 1179 temporis
2236 1112 2388 1179 juxta
2418 1120 2629 1181 portam
2659 1112 2804 1183 beati
2833 1111 2985 1165 Pauli
3013 1113 3266 1182 apostoli,
3296 1094 3417 1170 loco
3445 1114 3540 1184 qui

1953 1202 2146 1258 dicitur
2187 1202 2337 1259 Cella
2368 1220 2525 1270 nova,
2574 1221 2681 1275 quo
2707 1205 2967 1260 hactenus
2993 1206 3288 1259 oratorium
3334 1206 3545 1261 nomini

1953 1292 2068 1363 ejus
2092 1293 2400 1349 dedicatum
2432 1302 2535 1363 est,
2565 1304 2623 1349 et
2650 1294 2916 1349 famosum
2942 1295 3110 1350 sancti
3138 1294 3297 1349 Babae
3326 1296 3542 1351 confes-

1950 1384 2089 1439 soris
2117 1383 2135 1423 ί
2161 1384 2359 1441 Christi
2409 1386 2826 1452 monasterium,
2872 1386 3025 1455 cujus
3072 1386 3186 1441 laus
3216 1386 3268 1440 in
3309 1395 3463 1442 sexta
3492 1395 3548 1442 et

1950 1475 2179 1544 septima
2202 1476 2428 1547 synodo,
2452 1478 2808 1533 constitutum
2834 1476 3063 1542 videtur,
3088 1478 3338 1547 degente,
3367 1477 3549 1535 crudis

1951 1564 2311 1635 leguminibus
2340 1568 2680 1637 pascebatur.

2026 1655 2111 1710 10.
2141 1655 2241 1712 Ubi
2270 1658 2414 1715 hunc
2436 1660 2503 1715 de
2524 1675 2677 1715 more
2703 1660 2950 1729 quaedam
2977 1661 3303 1717 scribentem
3328 1662 3549 1733 angelus

1952 1751 2049 1806 Dei
2079 1752 2376 1820 reperiens,
2402 1752 2647 1807 misereri
2670 1752 2772 1808 sibi
2802 1750 3052 1808 ﬂebiliter
3078 1754 3177 1808 sub
3206 1754 3392 1808 habitu
3414 1738 3548 1809 nau-

256 1852 413 1921 bujus
442 1850 635 1906 mundi
664 1850 944 1921 naufragio
985 1850 1157 1904 nudus
1187 1850 1375 1915 evasit,
1408 1850 1605 1919 diuque
1628 1850 1843 1905 deside—
1874 1859 1921 1918 Β
1953 1840 2087 1911 fragi
2110 1843 2435 1912 postulabat.
2460 1842 2561 1898 Cui
2581 1841 2875 1913 Gregorius
2902 1859 2969 1899 ex
2997 1845 3187 1901 intimo
3212 1845 3379 1902 corde
3397 1861 3548 1901 com-

258 1959 425 1999 ratum
482 1942 859 1997 monachicum
923 1943 1141 2011 capiens
1196 1940 1609 2009 indumentum,
1668 1942 1842 2011 primo

256 2034 281 2074 δ
314 2036 412 2090 sub
440 2033 733 2088 Hilarionis
758 2031 950 2087 deinde
973 2032 1072 2086 sub
1101 2030 1432 2098 Maximiani,
1459 2031 1844 2086 venerabilium

256 2128 491 2193 Patrum,
520 2127 799 2195 regimine,
822 2125 1006 2179 multis
1027 2125 1127 2179 sibi
1153 2124 1371 2178 sociatis
1392 2124 1661 2189 fratribus,
1686 2139 1845 2194 regu-

256 2221 347 2275 lari
379 2221 597 2275 tramite
624 2219 892 2273 militavit.
925 2217 1053 2273 Post
1078 2233 1207 2273 vero
1234 2233 1358 2273 cum
1386 2216 1609 2271 subesse
1637 2215 1842 2280 mallet,

256 2314 472 2365 fratrum
530 2310 709 2364 votiva
759 2310 1046 2365 concordia
1096 2309 1427 2373 imminente,
1461 2322 1692 2377 prmesse
1734 2322 1843 2362 non

256 2403 445 2467 renuit,
478 2402 620 2457 sicut
650 2401 701 2454 in
741 2400 1194 2469 consequentibus
1222 2399 1520 2469 apparebit.

322 2494 369 2548 7.
400 2493 535 2547 Erat
557 2493 605 2547 ei
628 2492 952 2547 abstinentia
977 2498 1125 2545 tanta
1148 2491 1413 2557 ciborum,
1437 2489 1694 2545 sedulitas
1720 2504 1843 2543 ora-

255 2586 439 2641 tiorum
476 2593 535 2639 et
576 2584 926 2654 jejuniorum,
958 2584 1270 2638 studiositas
1299 2592 1406 2637 tam
1427 2583 1727 2638 desiderata
1757 2598 1845 2637 sa~

255 2692 462 2731 crorum
501 2686 521 2712 ε
556 2676 835 2739 librorum,
868 2682 925 2728 ut
963 2675 1229 2727 infirmato
1258 2674 1535 2728 stomacho
1565 2674 1845 2730 lacessitus

255 2768 333 2821 vix
364 2766 661 2823 subsistere
684 2766 869 2836 procul
898 2764 1061 2819 dubio
1083 2765 1371 2819 videretur.
1404 2764 1537 2817 Nam
1563 2780 1684 2818 cum
1710 2780 1845 2832 quo—

254 2859 367 2913 dam
426 2868 676 2928 tempore
729 2858 1048 2912 incisionem
1122 2857 1400 2922 vitalium,
1450 2872 1609 2925 quam
1670 2856 1845 2910 Crzeci

255 2958 515 3023 συγκοπήν
559 2950 764 3014 dicunt,
798 2956 1096 3018 pateretur,
1128 2948 1439 3015 crebrisque
1468 2947 1724 3015 angustiis
1750 2962 1846 3016 per

255 3040 508 3099 horarum
539 3038 564 3075 ά
593 3047 863 3093 momenta
893 3038 961 3092 ad
991 3038 1191 3103 exitum
1216 3038 1628 3107 propinquaret,
1654 3052 1718 3092 ac
1746 3036 1846 3092 nisi

254 3146 371 3187 eum
400 3133 598 3186 fratres
623 3130 933 3199 frequenter
957 3130 1079 3185 cibo
1109 3130 1413 3193 reficerent,
1447 3129 1624 3183 vitalis
1653 3130 1704 3183 ei
1726 3129 1840 3199 spi-

1949 1937 2179 2006 patiens,
2212 1936 2294 1991 bis
2325 1936 2493 1991 ternis
2524 1946 2549 1983 ε
2576 1937 2990 1991 numismatibus
3017 1937 3174 2004 datis,
3218 1938 3368 1993 abire
3406 1953 3546 2007 pra:-

1948 2028 2093 2097 cepit
2118 2026 2252 2098 (qu.
2283 2025 2373 2080 lib.
2406 2044 2465 2095 ιι,
2499 2044 2547 2081 c.
2578 2026 2695 2097 25).
2727 2028 2837 2083 Nec
2864 2028 3033 2083 multo
3062 2037 3204 2099 post,
3238 2028 3430 2085 eadem
3459 2030 3549 2085 die

1947 2119 2091 2174 idem
2121 2120 2411 2188 naufragus
2436 2120 2614 2186 rediit,
2646 2135 2812 2188 seque
2840 2122 3006 2175 multa
3031 2121 3345 2191 perdidisse,
3373 2138 3546 2192 pauca

1947 2231 2076 2271 vero
2132 2216 2438 2284 suscepisse
2468 2216 2757 2285 perhibuit.
2792 2216 2837 2269 A
2862 2230 2989 2285 quo,
3036 2217 3151 2287 pari
3197 2216 3367 2271 modo
3402 2217 3547 2273 senis

1949 2308 2364 2363 numismatibus
2385 2306 2634 2376 sumptis,
2668 2306 3003 2362 laetabundus
3024 2308 3307 2363 abscessit.
3337 2307 3444 2362 Sed
3460 2308 3547 2363 die

1949 2399 2109 2453 tertia
2156 2398 2393 2463 rediens,
2438 2397 2732 2453 identidem
2759 2397 3084 2465 adjutorium
3110 2399 3402 2467 naufragus
3444 2399 3544 2453 im-

1945 2491 2197 2561 portunis
2242 2489 2468 2545 vocibus
2495 2490 2828 2559 requirebat.
2869 2488 2969 2543 Cui
2999 2489 3405 2547 liberalissimus
3436 2490 3541 2543 Pa-

1946 2591 2049 2644 ter,
2078 2581 2340 2636 accersito
2361 2581 2639 2648 vestiario,
2663 2581 2767 2635 alia
2791 2596 2886 2636 sex
2909 2582 3230 2636 numismata
3255 2581 3371 2636 dari
3401 2597 3538 2650 prte-

1947 2674 2173 2742 cipiens,
2206 2673 2460 2741 cognovit
2488 2672 2543 2727 in
2564 2674 2821 2728 vestiario
2844 2672 2979 2727 nihil
3000 2674 3384 2728 numismatum
3407 2673 3548 2728 unde

1948 2776 2134 2836 posset
2160 2766 2433 2821 consolari
2464 2765 2779 2834 naufragum
2808 2766 3151 2821 remansisse.
3176 2766 3314 2832 Quid
3344 2766 3548 2822 faceret

1951 2858 2244 2914 nesciebat.
2277 2857 2569 2913 Estuabat
2599 2856 2713 2911 Deo
2744 2857 2925 2911 devoti
2947 2856 3185 2926 pectoris
3212 2856 3406 2926 pietas,
3438 2872 3546 2912 non

1947 2948 2211 3006 sufferens
2238 2964 2461 3004 vacuam
2489 2948 2720 3018 proximi
2747 2947 3032 3016 reliquisse
3062 2946 3354 3002 miseriam.
3402 2946 3545 3002 Rur-

1949 3056 2041 3096 sus
2063 3040 2376 3095 vestiarium
2406 3055 2583 3105 suum,
2614 3039 2660 3093 si
2691 3037 2828 3094 forte
2852 3053 2947 3093 vas
2968 3037 3251 3107 quodlibet
3277 3046 3371 3093 aut
3390 3039 3548 3093 vesti-

1918 3140 1923 3147 ’
1950 3141 2192 3189 mentum
2223 3133 2471 3199 haberet,
2501 3132 2858 3203 interrogans,
2900 3130 3103 3186 audivit
3124 3131 3198 3185 nil
3228 3132 3441 3201 penitus
3462 3145 3549 3186 re-

256 3224 382 3279 ritus
410 3224 651 3278 funditus
680 3222 927 3291 intercipi
971 3221 1263 3287 videretur,
1294 3221 1560 3291 paschalis
1590 3235 1847 3289 superve-
1871 3238 1917 3299 C
1950 3226 2217 3281 mansisse
2250 3233 2446 3295 praeter
2474 3225 2662 3279 matris
2692 3233 3027 3293 argenteam,
3059 3238 3179 3293 quae
3205 3240 3327 3279 cum
3356 3224 3547 3281 inlusis

256 3318 330 3371 nit
357 3317 495 3372 dies.
521 3314 588 3368 Et
607 3314 729 3368 dum
756 3313 1118 3368 sacratissimo
1143 3312 1400 3377 Sabbato,
1426 3312 1479 3365 in
1502 3326 1611 3379 quo
1633 3326 1840 3375 omnes,

256 3408 410 3461 etiam
439 3407 651 3478 parvuli
684 3406 856 3476 pueri,
878 3404 1143 3473 jejunant,
1178 3404 1292 3473 ipse
1317 3403 1563 3471 jejunare
1593 3418 1698 3457 non
1721 3418 1846 3472 pos-

254 3510 354 3561 set,
399 3499 567 3567 caapit
619 3498 739 3567 plus
781 3511 1012 3550 mmrore
1058 3510 1218 3564 quam
1259 3493 1570 3548 inﬁrmitate
1615 3492 1846 3548 deﬁcere

258 3590 397 3658 (Lib.
451 3607 507 3645 ιιι
562 3590 798 3661 Dialog.,
830 3606 945 3657 cap.
978 3588 1091 3657 55).

323 3681 376 3735 8.
407 3679 535 3735 Mox
574 3681 839 3734 accersito
882 3680 996 3733 viro
1024 3678 1362 3732 sanctissimo
1390 3676 1719 3741 Eleutherio,
1744 3676 1844 3731 dn-

254 3772 379 3826 dum
411 3786 580 3843 penes
614 3771 893 3840 Spoletum
946 3769 1126 3822 multis
1179 3769 1488 3837 praeposito,
1539 3778 1666 3821 tunc
1717 3784 1846 3823 vero

254 3862 497 3931 ejusdem
528 3864 607 3915 sui
640 3859 950 3915 monasterii
976 3860 1262 3924 monacho,
1289 3874 1319 3912 a
1346 3875 1454 3928 quo
1478 3859 1725 3912 videlicet
1753 3874 1847 3912 au-

253 3955 428 4009 dierat
457 3960 726 4007 mortuum
755 3952 918 4005 fuisse
960 3951 1299 4014 suscitatum,
1348 3951 1641 4005 oratorium
1673 3952 1846 4020 petiit,

255 4059 485 4115 seseque
516 4059 638 4098 cum
668 4042 935 4113 lacrymis,
968 4050 1025 4095 ut
1050 4041 1239 4095 saltem
1266 4041 1354 4095 die
1384 4041 1476 4095 illo
1503 4042 1569 4095 ad
1594 4042 1845 4110 jejunan-

256 4135 382 4190 dum
412 4136 512 4190 sibi
540 4134 708 4188 virtus
747 4133 984 4197 daretur,
1018 4134 1072 4186 in
1102 4133 1403 4187 orationem
1432 4132 1599 4186 dedit.
1630 4131 1696 4185 Et
1724 4141 1847 4202 post

257 4230 556 4298 paululum,
587 4227 853 4296 completa
883 4226 1153 4292 oratione,
1182 4225 1471 4295 digressus,
1509 4234 1709 4280 tantam
1742 4228 1846 4281 vir-

260 4328 425 4377 tutem
474 4336 628 4375 suum
670 4320 1009 4375 stomachum
1054 4319 1358 4388 percepisse
1403 4320 1675 4387 cognovit,
1707 4327 1764 4373 ut
1796 4321 1845 4375 ei

258 4415 407 4470 cibus
436 4423 491 4469 et
516 4414 735 4469 morbus
764 4412 833 4467 de
855 4413 1114 4467 memoria
1140 4413 1374 4467 funditus
1396 4413 1694 4468 tolleretur.
1725 4414 1848 4469 Coa-

260 4506 338 4575 pit
364 4522 549 4563 secum
586 4506 767 4559 mirari
797 4506 916 4575 quis
945 4513 1107 4569 esset,
1141 4505 1261 4573 quis
1303 4506 1492 4571 fuerit;
1528 4513 1582 4559 et
1610 4521 1732 4559 cum
1778 4508 1845 4561 ad

1950 3319 2307 3389 leguminibus
2328 3318 2465 3372 mitti
2487 3318 2645 3372 solita
2671 3325 2807 3381 erat,
2832 3317 3133 3372 scutellam.
3165 3316 3291 3372 Mox
3314 3318 3548 3375 alacrior

1948 3412 2140 3475 factus,
2192 3411 2357 3480 Ergo,
2408 3410 2601 3480 inquit,
2655 3407 2838 3474 frater,
2890 3410 3029 3464 hanc
3057 3408 3227 3474 defer,
3266 3424 3336 3465 ne
3381 3409 3549 3467 tristis

1949 3507 2110 3561 abeat
2155 3505 2247 3575 qui
2297 3502 2569 3560 consolari
2613 3502 2806 3571 quaerit
2835 3516 3059 3571 pauper.
3092 3500 3279 3569 Itaque
3308 3499 3547 3555 delatam

1948 3598 2255 3661 scutellam,
2284 3595 2550 3664 Gregorio
2574 3594 2702 3648 satis
2733 3594 2978 3647 hilariter
3000 3592 3285 3661 largiente,
3316 3607 3544 3661 pauper,

1949 3690 2041 3760 qui
2065 3688 2377 3759 putabatur,
2413 3686 2564 3741 laetus
2593 3684 2958 3755 amplectitur,
2993 3699 3100 3738 non
3126 3682 3240 3753 jam
3279 3682 3348 3738 ad
3373 3698 3542 3753 expe-

1951 3780 2129 3844 tenda,
2172 3778 2267 3834 sed
2297 3777 2365 3832 ad
2393 3776 2719 3832 conferenda
2746 3775 2998 3844 suffragia
3035 3776 3324 3831 rediturus.
3356 3774 3403 3829 A
3429 3790 3539 3843 quo

1951 3872 2201 3926 videlicet
2223 3869 2477 3938 angelica:
2510 3868 2831 3922 visitationis
2852 3876 3098 3936 tempore
3122 3866 3283 3920 tantis
3307 3866 3543 3921 miracu-

1951 3964 2039 4031 lis,
2073 3962 2237 4016 tantis
2258 3968 2343 4016 est
2371 3959 2657 4014 virtutibus
2672 3958 2992 4028 publicatus,
3013 3966 3071 4012 ut
3090 3957 3337 4012 omnibus
3360 3972 3546 4013 secum

1950 4054 2276 4119 viventibus,
2290 4062 2344 4108 et
2361 4052 2613 4121 exemplo
2630 4050 2811 4120 fuerit,
2827 4059 3109 4115 etterrort,
3124 4051 3323 4122 quippe
3335 4051 3546 4121 quinon

1948 4146 2097 4202 solus
2117 4184 2132 4210 ,
2166 4145 2260 4199 sed
2282 4144 2554 4199 socialiter
2577 4158 2697 4198 cum
2726 4143 2886 4197 beato
2914 4141 3129 4197 Andrea
3153 4142 3420 4212 apostolo,
3444 4158 3546 4199 suo

1950 4237 2299 4303 monasterio,
2339 4236 2503 4304 signis
2529 4233 2884 4299 evidentibus,
2908 4233 2979 4289 sit
2998 4230 3275 4303 prtefuisse
3303 4242 3542 4304 putatus.

2023 4330 2109 4384 ll.
2153 4330 2285 4383 Nam
2328 4336 2388 4383 ut
2417 4344 2588 4399 pauca
2627 4329 2693 4382 de
2722 4327 2906 4383 multis
2954 4326 3163 4398 loquar,
3191 4327 3428 4396 quadam
3456 4328 3545 4383 die

1947 4424 2083 4479 duos
2105 4421 2300 4477 exinde
2322 4420 2512 4476 fratres
2534 4419 2697 4485 misit,
2722 4419 2813 4489 qui
2835 4417 3039 4487 aliquid
3069 4432 3252 4472 emere
3273 4433 3371 4487 pro
3397 4416 3542 4486 ejus-

1948 4516 2071 4570 dem
2102 4515 2416 4570 monasterii
2446 4514 2675 4569 utilitate
2699 4512 3029 4577 debuissent,
3063 4527 3201 4566 unus
3212 4510 3416 4579 junior,
3447 4512 3541 4579 qui

263 4600 495 4653 animum
551 4597 761 4653 redibat
816 4596 1117 4664 inﬁrmitas,
1170 4596 1301 4650 nihil
1358 4596 1409 4650 in
1437 4612 1496 4651 se
1524 4612 1591 4651 ex
1618 4598 1695 4651 his
1727 4613 1845 4666 qua:
1880 4615 1927 4673 ι)
1952 4608 2268 4681 prudentior
2291 4608 2590 4671 videbatur,
2639 4606 2776 4660 alter
2803 4604 3003 4669 senior,
3035 4604 3127 4672 qui
3155 4609 3339 4657 custos
3361 4602 3545 4671 junio-

263 4696 578 4751 meminerat
600 4708 987 4764 recognoscere
1012 4693 1353 4762 praevalebat.
1384 4691 1626 4763 Cumque
1674 4694 1724 4747 in
1762 4693 1845 4747 di-

264 4787 556 4853 spositione
580 4786 891 4841 monasterii
912 4793 1173 4855 occupata
1200 4800 1350 4840 mens
1380 4794 1539 4849 esset,
1563 4786 1847 4841 oblivisce-

266 4875 421 4934 bat'ur
450 4879 685 4935 funditus
712 4879 1042 4947 aegritudinis
1071 4894 1198 4932 suze.
1232 4877 1289 4932 Si
1319 4893 1445 4933 vero
1476 4878 1674 4932 rediret
1701 4880 1849 4947 aegri-

268 4974 393 5028 tudo
422 4974 489 5027 ad
516 4974 851 5040 memoriam,
883 4988 1004 5028 cum
1030 4980 1138 5027 tam
1160 4973 1351 5028 fortem
1379 4989 1439 5029 se
1459 4989 1576 5029 esse
1604 4976 1847 5042 sentiret,

268 5064 559 5121 mirabatur
587 5067 633 5121 si
668 5082 775 5121 non
818 5065 924 5135 25
972 5065 1316 5119 comedisset.
1379 5065 1479 5131 Qui
1522 5067 1743 5121 veniens
1781 5066 1848 5121 ad

268 5167 571 5227 vesperum,
599 5158 853 5226 cognovit
880 5156 981 5212 sibi
1010 5162 1211 5209 tantam
1239 5154 1609 5211 fortitudinem
1632 5173 1846 5227 perma-

337 5365 362 5427 ξι
389 5358 499 5413 lloc
524 5365 624 5424 est,
652 5358 793 5427 prius
823 5357 1067 5427 erogatis.

338 5425 363 5465 δ
394 5428 615 5495 Baron.,
648 5424 732 5481 ad.
779 5444 865 5482 an.
914 5424 1035 5491 ὅθι,
1086 5442 1138 5479 n.
1188 5425 1243 5492 8,
1279 5424 1559 5479 contendit
1606 5434 1848 5482 sanctum

272 5492 883 5567 Gregorium'habuissc
934 5498 1293 5551 institutorem
1342 5499 1514 5550 solum
1545 5496 1848 5552 Valentium

274 5568 722 5637 seuValentinum,
740 5570 845 5631 cui,
870 5577 1141 5637 expuncto
1166 5568 1457 5629 llilarione,
1478 5580 1851 5623 successerunt

274 5631 657 5704 Maximiamus,
694 5631 966 5695 Pretiosus
1012 5648 1065 5692 ct
1096 5638 1319 5691 Probus.
1355 5637 1478 5691 llaec
1520 5638 1571 5691 in
1610 5639 1850 5704 ejusdem

278 5700 388 5763 Vita
414 5700 731 5776 refellimus.
766 5710 1032 5764 Admonet
1056 5708 1351 5763 Bollantlus
1381 5709 1468 5762 hic
1498 5709 1598 5776 legi
1631 5700 1850 5763 Lauria-

278 5777 352 5829 m‘s
375 5780 425 5836 in
455 5774 663 5837 duobus
693 5779 843 5847 Mss.,
864 5790 1153 5848 censctque
1184 5779 1467 5846 legendum
1508 5774 1846 5837 l'hlentionis.

344 5858 363 5884 ε
394 5850 471 5907 lta
496 5854 547 5908 in
576 5852 731 5915 Reg,
761 5852 911 5908 Colb.
946 5860 999 5907 ct
1030 5853 1079 5907 in
1102 5851 1348 5906 omnibus
1376 5850 1565 5908 Editis.

1954 4700 2029 4755 ris
2049 4708 2209 4754 esset.
2238 4699 2598 4754 Perrexerunt
2620 4699 2860 4767 utrique;
2886 4705 2941 4751 et
2964 4696 3031 4749 de
3055 4694 3250 4764 pretio,
3278 4695 3425 4764 quod
3455 4711 3546 4751 ac-

1953 4801 2232 4862 ceperunt,
2265 4793 2377 4861 ipse
2406 4792 2497 4861 qui
2538 4798 2719 4845 custos
2749 4787 2775 4824 ιι
2804 4789 2999 4842 missus
3025 4784 3219 4854 fuerat,
3272 4789 3547 4845 nesciente

1955 4885 2146 4948 altero,
2180 4883 2377 4937 furtum
2408 4882 2555 4937 fecit.
2580 4880 2680 4946 Qui
2696 4894 2825 4933 mox
2850 4884 2907 4931 ut
2933 4878 2986 4931 in
3008 4878 3396 4933 monasterium
3421 4888 3546 4935 sunt

1955 4978 2176 5040 reversi,
2206 4985 2367 5044 atque
2393 4983 2519 5028 ante
2542 4970 2767 5027 oratorii
2790 4971 2951 5025 limen
2980 4978 3266 5037 venerunt,
3296 4982 3545 5041 arreptus

1956 5086 1987 5125 a
2034 5069 2299 5125 dmmonio
2333 5067 2378 5120 is
2420 5065 2512 5134 qui
2542 5064 2743 5118 furtum
2785 5062 3002 5130 fecerat,
3036 5062 3252 5119 cecidit.
3283 5061 3543 5117 Dimissus

1952 5169 2129 5215 autem
2153 5175 2182 5213 a
2206 5155 2473 5213 daemonio
2498 5156 2565 5222 is,
2587 5153 3033 5211 concurrentibus
3052 5151 3351 5218 monachis,
3377 5151 3541 5206 abba-

2026 5355 2052 5391 d
2084 5352 2314 5421 Vulgati,
2343 5366 2463 5406 cum
2501 5348 2678 5415 Colb.,
2718 5347 2900 5403 invitis
2930 5353 3051 5401 eaet.
3093 5344 3243 5411 Mss.,
3282 5350 3541 5399 momenta

1953 5426 2217 5496 deﬁceret,
2239 5432 2286 5476 et
2315 5423 2382 5496 ad
2411 5424 2626 5496 agitem.
2777 5490 2786 5496 α
2830 5491 2840 5496 _
3122 5490 3136 5496 _
3224 5492 3230 5496 Δ
3426 5484 3437 5496 θ

2031 5508 2054 5534 ο
2087 5494 2313 5548 Additur
2363 5495 2412 5547 in
2446 5491 2609 5555 Edit.,
2642 5508 2683 5545 ει
2707 5490 2967 5557 voluisset,
2996 5490 3140 5559 quod
3185 5492 3252 5540 ab
3294 5484 3543 5542 omnibus

1955 5567 2081 5624 Mss.
2109 5566 2306 5621 nostris
2333 5565 2502 5618 abest.

2032 5638 2049 5676 ί
2083 5637 2139 5691 In
2165 5644 2396 5708 quatuor
2418 5634 2541 5708 Mss.
2561 5650 2675 5708 non
2698 5634 2908 5708 legitur,
2935 5629 3320 5708 monasterium.
3396 5698 3421 5708 Δ.

2027 5720 2051 5757 s
2085 5695 2208 5767 Μεθ’.
2240 5706 2479 5776 plerique
2518 5705 2607 5760 hic
2635 5714 2690 5761 et
2719 5695 2854 5759 infra
2885 5716 3099 5770 semper
3128 5695 3539 5765 nomismatibur,

1956 5784 2287 5836 nomismata.
2506 5846 2583 5849 Δγ
2772 5820 2803 5849 _-
3236 5840 3247 5849 ,
3327 5840 3337 5849 ,
3408 5836 3421 5849 ,

2030 5850 2056 5887 ιι
2079 5852 2275 5922 Bigot.,
2308 5849 2464 5918 Reg,
2493 5846 2647 5903 Colb.
2681 5854 2736 5902 et
2762 5844 3002 5911 Gemet.,
3028 5850 3199 5895 custos
3219 5840 3467 5909 junioris.
