4118 6450
535 367 607 428 s1
1000 328 1003 331 ’
1232 369 1289 429 s.
1325 364 1653 427 cassos"
1690 361 1906 422 MAGNI
1946 358 2133 431 vrrs,
2173 359 2435 419 manus
2473 360 2791 420 sucoso.
2834 361 3037 421 mssa
3070 354 3112 423 ι.
3460 394 3461 399 γ
3750 368 3822 423 σε

535 489 607 546 tis
627 494 778 560 jussu
808 491 1104 563 mquisittts
1131 494 1215 543 est
1246 495 1272 525 ι
1301 500 1370 541 ne
1399 484 1538 539 forte
1561 483 1627 538 de
1649 497 1716 538 eo
1736 479 1884 551 quod
1913 490 2139 547 accepe-
2163 477 2215 539 Α
2242 486 2379 533 sent.
2410 478 2576 548 Igitur
2601 490 2885 551 pergentes
2923 479 3257 536 deﬂexerunt
3287 481 3409 543 iter,
3440 470 3497 534 ei
3522 477 3576 533 in
3610 477 3821 536 Salaria

538 591 619 641 fel
655 590 849 644 furtum
878 585 1109 639 fecisset.
1164 578 1414 647 Negavit,
1448 585 1503 630 et
1542 576 1737 630 iterum
1765 578 1990 627 vexatus
2020 579 2123 627 est.

540 679 822 745 Dimissus,
846 684 1005 744 atque
1027 674 1221 726 iterum
1242 668 1555 737 requisitas,
1585 664 1820 734 negavit,
1849 670 2012 731 atque
2033 662 2135 716 ite-

540 789 663 830 rum
691 778 914 827 vexatus
944 774 1047 821 est.
1075 763 1211 818 Octo
1264 763 1447 832 itaque
1476 760 1681 814 vicibus
1732 756 1976 824 negavit,
2010 763 2135 809 octo

540 864 750 921 vicibus
777 866 1001 915 vexatus
1030 864 1129 910 est.
1167 853 1295 907 Post
1324 860 1567 908 octavam
1595 864 1724 904 vero
1766 847 2135 916 negationem,

542 950 802 1021 Gregorio
831 948 1221 1015 interrogante,
1255 942 1535 999 confessus
1558 948 1643 996 est
1672 938 1698 978 ⁸³
1720 938 1864 1008 quod
1888 951 2136 991 nummos

542 1045 686 1100 furto
715 1041 1043 1101 abstulerat,
1078 1040 1238 1108 eique
1275 1041 1578 1105 prostratus
1624 1046 1684 1087 se
1733 1044 1987 1100 peccasse
2033 1029 2139 1099 26

544 1142 772 1192 testatus
795 1140 895 1199 est,
920 1137 1281 1200 perceptaque
1304 1124 1640 1197 paenitentia,
1663 1121 1890 1177 ulterius
1916 1119 1982 1173 ad
2011 1134 2137 1175 eum

542 1225 869 1283 daemonium
901 1238 1008 1277 non
1039 1218 1286 1274 accessit.

614 1317 704 1371 i2.
733 1316 852 1369 Alio
876 1327 1091 1382 quoque
1113 1318 1379 1377 tempore,
1399 1307 1526 1362 dum
1550 1305 1603 1359 in
1625 1304 1714 1360 die
1737 1303 1982 1358 natalitio
2001 1302 2141 1371 ejus-

543 1409 665 1465 dem
682 1405 910 1476 apostoli
932 1403 1042 1472 jam
1062 1399 1372 1455 meridianis
1393 1397 1540 1452 horis
1560 1397 1751 1451 fratres
1771 1396 2136 1464 quiescerent,

545 1500 722 1555 subito
753 1495 971 1566 quidam
1000 1494 1199 1558 frater,
1245 1490 1442 1557 apertis
1472 1490 1644 1544 oculis
1690 1496 1941 1553 emeatus,
1974 1486 2142 1555 erepit

551 1598 807 1655 tremere,
836 1602 999 1641 voces
1026 1585 1268 1652 ingentes
1297 1584 1565 1645 emittere,
1597 1581 1787 1651 quibus
1816 1580 2037 1634 vocibus
2060 1587 2141 1633 te-

548 1684 794 1739 stabatur
820 1677 960 1733 ferre
981 1692 1041 1732 se
1069 1692 1174 1729 non
1202 1690 1357 1745 posse
1378 1673 1522 1743 quod
1545 1672 1865 1741 patiebatur.
1893 1670 2139 1724 Concur-

547 1779 736 1828 rerunt
767 1770 980 1831 fratres,
999 1767 1247 1821 viderunt
1268 1780 1471 1821 caecum
1490 1763 1691 1834 apertis
1716 1762 1883 1817 oculis
1906 1770 2142 1815 tremen-

2237 583 2332 624 eos
2360 572 2528 625 veteri
2569 588 2674 625 non
2715 573 3070 639 invenientes,
3114 588 3212 640 per
3252 580 3462 642 portam
3504 568 3821 628 Flaminiam

2238 661 2590 717 decreverunt
2622 666 2817 719 redire.
2850 663 3093 734 Cumque
3137 673 3558 727 reverterentur,
3590 680 3715 719 mox
3765 674 3825 720 ut

2238 753 2361 821 equi
2388 761 2511 807 ante
2550 762 2767 824 cryptas
2797 755 2915 808 illas
2934 763 3203 822 yrnerunt
3230 756 3283 809 in
3315 757 3509 825 quibus
3548 772 3607 811 se
3636 774 3828 812 mona-

2238 845 2324 900 chi
2362 846 2775 913 absconderant,
2807 846 3038 901 ﬁxerunt
3068 848 3314 915 gradum;
3348 849 3541 919 pulsati
3572 856 3629 902 et
3673 865 3827 903 com-

2239 938 2395 1008 pulsi,
2448 954 2661 1008 passum
2708 954 2927 994 movere
2977 940 3284 995 noluerunt.
3336 940 3831 995 Consideraverunt

2239 1030 2447 1096 equites
2475 1045 2588 1083 rem
2621 1030 2783 1084 talem
2816 1031 2934 1084 sine
2958 1032 3217 1101 mysterio
3246 1046 3369 1085 esse
3400 1047 3505 1085 non
3534 1045 3713 1101 posse,
3748 1039 3832 1085 at-

2240 1120 2528 1176 tenderunt
2577 1122 2643 1175 ad
2672 1129 2890 1192 cryptas
2910 1164 2923 1187 ,
2959 1122 3209 1177 viderunt
3235 1137 3419 1177 earum
3462 1122 3635 1176 aditus
3664 1122 3829 1177 missa

2240 1214 2470 1267 maceria
2502 1214 2892 1282 prmdamuatos
2918 1232 2929 1267 :
2953 1214 3046 1268 sed
3078 1214 3298 1269 caballis
3328 1216 3439 1269 suis
3470 1229 3729 1284 nusquam
3752 1215 3835 1270 ire

2240 1305 2567 1369 volentibus,
2592 1306 3005 1371 descenderunt,
3040 1315 3095 1361 et
3123 1307 3326 1376 lapides
3350 1307 3439 1376 qui
3463 1308 3515 1360 in
3544 1321 3641 1362 ora
3667 1320 3831 1377 cryp-

2240 1405 2417 1451 tarum
2465 1398 2751 1467 compositi
2790 1397 3002 1451 fuerant
3037 1398 3393 1467 deponentes,
3426 1396 3650 1465 ingressi
3682 1405 3827 1462 sunt,

2242 1504 2442 1557 eosque
2489 1491 2542 1543 in
2590 1489 2794 1544 eisdem
2848 1491 3146 1544 tenebrosis
3198 1490 3431 1545 latibulis
3458 1497 3837 1545 consternatos

2244 1594 2397 1639 term:
2429 1586 2767 1641 invenerunt.
2796 1586 2895 1653 Qui
2926 1586 2992 1640 ad
3020 1586 3407 1640 monasterium
3450 1584 3676 1651 reducti,
3721 1594 3835 1639 tam

2242 1686 2464 1748 stupore
2492 1678 2733 1733 miraculi
2773 1694 2933 1749 quam
2965 1678 3343 1733 exhortatione
3372 1680 3474 1749 27
3506 1677 3838 1731 venerabilis

2245 1767 2417 1822 Patris
2438 1767 2679 1836 Gregorii
2703 1768 3060 1823 sicmeliorati
3091 1777 3234 1830 sunt,
3260 1776 3317 1821 ut
3344 1768 3422 1822 eis
3449 1767 3674 1821 multum
3705 1782 3839 1836 pro,-

549 1874 657 1921 tem
694 1871 750 1919 et
788 1863 1133 1927 clamantem,
1166 1868 1221 1913 et
1249 1875 1277 1913 a
1308 1858 1662 1928 praesentibus
1690 1856 1947 1919 alienum,
1975 1854 2140 1908 nihil-
2174 1833 2215 1895 Β
2244 1860 2407 1915 fuerit,
2432 1862 2499 1915 ad
2528 1876 2751 1930 parvum
2784 1861 3043 1930 temporis
3073 1861 3139 1915 de
3171 1861 3500 1915 monasterio
3522 1860 3834 1916 recessisse.

549 1974 658 2029 que
687 1956 832 2026 quod
863 1955 992 2009 foris
1030 1954 1114 2022 agi
1138 1960 1353 2022 poterat
1374 1952 1716 2007 sentientem.
1761 1950 1914 2004 Hunc
1942 1950 1995 2003 in
2026 1964 2143 2003 ma-

550 2051 709 2105 nibus
736 2049 999 2111 levarunt,
1031 2054 1193 2115 atque
1236 2052 1362 2099 ante
1383 2044 1554 2097 altare
1575 2044 1747 2097 sancti
1771 2041 1997 2095 Andrea:
2019 2054 2145 2109 apo-

548 2140 692 2205 stoli,
718 2138 870 2208 jussu
898 2136 1171 2205 Gregorii,
1206 2134 1574 2204 projeeerunt,
1611 2134 1819 2204 ipsique
1856 2148 1955 2203 pro
1984 2148 2050 2185 eo
2088 2131 2141 2185 in

553 2232 857 2288 orationem
886 2229 1142 2299 prostrati
1172 2235 1316 2282 sunt.
1348 2227 1449 2292 Qui
1483 2226 1666 2281 statim
1698 2226 1762 2279 ad
1787 2242 1845 2281 se
1870 2239 2141 2289 reversus,

551 2322 831 2377 confessus
853 2328 937 2374 est
966 2319 1091 2388 quia
1137 2334 1301 2372 senex
1346 2318 1562 2386 quidam
1592 2318 1641 2372 ei
1672 2317 1939 2386 apparuit,
1964 2324 2019 2370 et
2048 2330 2143 2369 ca-

468 2420 469 2423 ‘
552 2429 676 2469 nem
706 2414 913 2482 nigrum
945 2411 1011 2464 ad
1041 2426 1163 2464 eum
1195 2409 1595 2464 dilacerandum
1642 2408 1863 2472 dimisit,
1910 2408 2095 2461 dicens
2128 2424 2142 2460 :

555 2492 734 2571 Quare
778 2501 963 2571 fugere
1007 2500 1220 2556 voluisti
1249 2501 1316 2554 de
1347 2500 1675 2555 monasterio
1718 2499 1856 2553 isto?
1903 2496 2147 2568 Cumque

554 2595 787 2652 evadere
804 2594 871 2648 de
895 2594 1043 2648 canis
1064 2594 1331 2648 morsibus
1352 2593 1499 2647 nullo
1529 2591 1692 2646 modo
1713 2592 2027 2661 potuissem,
2056 2606 2148 2645 ve-

555 2696 753 2746 nerunt
768 2687 998 2761 quidam
1028 2686 1305 2754 monachi,
1347 2695 1403 2740 et
1433 2685 1679 2740 eumdem
1709 2699 1894 2739 senem
1932 2699 2029 2754 pro
2060 2698 2148 2738 me

554 2786 911 2849 rogaverunt,
959 2777 1051 2847 qui
1094 2777 1272 2831 statim
1316 2775 1477 2846 jussit
1504 2790 1699 2831 canem
1722 2775 2045 2842 abscedere,
2095 2781 2150 2831 et

555 2871 673 2941 ipse
717 2868 784 2923 ad
813 2882 899 2923 me
924 2883 1176 2923 reversus
1194 2882 1332 2921 sum.
1366 2866 1464 2922 Hic
1492 2867 1653 2921 etiam
1685 2881 1827 2935 saepe
1872 2864 2149 2922 confessus

554 2970 638 3017 est
668 2968 873 3029 postea,
906 2960 1093 3014 dicens
1122 2957 1266 3029 quod
1296 2973 1362 3012 eo
1404 2958 1491 3012 die
1535 2974 1644 3027 quo
1675 2958 1774 3012 ista
1826 2956 2145 3027 pertulerat,

554 3051 836 3107 consilium
867 3050 1112 3104 habuerit
1133 3048 1203 3103 de
1234 3050 1565 3103 monasterio
1595 3041 1853 3116 fugiendi.

627 3146 715 3199 15.
766 3143 914 3199 Alius
938 3159 1155 3212 quoque
1184 3144 1478 3198 monachus
1520 3144 1801 3198 discedere
1840 3156 1907 3197 ex
1956 3141 2147 3197 eodem

2315 1954 2399 2007 15.
2426 1954 2544 2009 Alio
2564 1970 2778 2025 quoque
2798 1964 3039 2025 tempore
3062 1956 3276 2024 quidam
3303 1956 3618 2021 monachus,
3652 1954 3838 2011 Justus

2243 2047 2482 2111 nomine,
2517 2046 2795 2101 mediciuze
2825 2054 2941 2099 arte
2972 2047 3225 2107 imbutus,
3258 2045 3418 2099 beato
3458 2045 3720 2113 Gregorio
3745 2061 3835 2100 se-

2245 2139 2369 2194 dule
2391 2138 2634 2207 obsequi,
2660 2146 2820 2206 atque
2843 2138 2895 2192 in
2919 2138 3146 2192 assiduis
3168 2137 3573 2205 :egritudinibus
3603 2136 3719 2205 ejus
3743 2153 3839 2191 ex-

2245 2229 2443 2283 eubare
2487 2235 2858 2281 consueverat.
2916 2226 3014 2280 Hic
3058 2227 3239 2295 itaque
3287 2227 3529 2295 corporis
3580 2227 3841 2294 languore

2247 2326 2569 2389 praeventus,
2603 2318 2670 2373 ad
2697 2326 2933 2372 extrema
2957 2318 3222 2372 deductus
3251 2325 3351 2382 est,
3385 2318 3469 2373 cui
3498 2319 3550 2372 in
3576 2319 3689 2387 ipsa
3721 2335 3840 2371 mo-

2250 2412 2401 2465 lestia
2441 2409 2611 2464 frater
2655 2425 2962 2480 germanus,
3008 2409 3271 2479 Copiosus
3299 2410 3538 2476 nomine,
3569 2410 3841 2465 serviebat

2251 2502 2389 2573 (Lib.
2420 2519 2470 2557 Iv
2496 2500 2729 2573 Dialog.,
2756 2518 2871 2571 cap.
2899 2499 3010 2571 55).
3042 2500 3148 2554 Sed
3180 2501 3465 2570 praedictus
3484 2500 3686 2565 Justus,
3714 2516 3837 2555 cum

2248 2592 2357 2661 jam
2379 2608 2439 2647 se
2464 2592 2531 2646 ad
2558 2600 2796 2647 extrema
2819 2592 3127 2661 parvenisse
3147 2600 3520 2659 cognosceret,
3537 2591 3711 2646 eidem
3732 2591 3840 2647 Co-

2252 2686 2405 2755 pioso
2435 2683 2583 2737 fratri
2614 2699 2714 2738 suo
2734 2683 2859 2752 quia
2888 2683 3129 2737 occultos
3151 2692 3260 2739 tres
3281 2697 3474 2739 aureos
3499 2683 3724 2738 haberet
3752 2683 3839 2738 in-

2252 2775 2445 2829 notuit.
2475 2774 2628 2841 Quod
2661 2774 2908 2827 nimirum
2932 2773 3183 2828 fratribus
3204 2774 3366 2828 celari
3399 2790 3505 2829 non
3529 2776 3723 2845 potuit,
3744 2775 3837 2844 qui

2253 2867 2518 2922 subtiliter
2546 2866 2883 2935 indagantes,
2916 2876 3077 2935 atque
3123 2867 3264 2922 illius
3291 2868 3681 2923 medicamenta
3722 2884 3841 2922 om-

2255 2960 2343 3013 nia
2385 2967 2814 3029 perscrutantes,
2866 2959 3085 3013 eosdem
3115 2968 3225 3014 tres
3277 2975 3472 3015 aureos
3522 2962 3840 3015 invenerunt

2256 3048 2308 3102 in
2342 3049 2692 3102 medicamine
2725 3049 3087 3103 absconditos.
3121 3050 3273 3116 Quod
3304 3066 3431 3105 mox
3461 3050 3549 3104 ubi
3579 3050 3842 3119 Gregorio

2255 3139 2555 3193 nuntiatum
2612 3146 2722 3204 est,
2770 3146 2978 3192 tantum
3027 3139 3225 3192 malum
3254 3139 3320 3194 de
3346 3139 3512 3194 fratre
3540 3140 3631 3208 qui
3660 3156 3843 3197 secum

557 3235 887 3290 monasterio
918 3235 1151 3288 latenter
1178 3235 1389 3295 voluit:
1437 3249 1666 3301 cumque
1697 3235 1801 3287 hoc
1828 3241 2010 3289 mente
2036 3241 2148 3286 trs.
2179 3226 2225 3291 C
2257 3231 2615 3284 communiter
2641 3230 2852 3291 vixerat
2903 3233 3277 3300 xequanimiter
3321 3234 3461 3288 terre
3510 3249 3617 3287 non
3652 3235 3839 3301 valuit,

558 3334 778 3392 ctasset,
811 3325 1108 3380 oratorium
1141 3326 1344 3392 ingredi
1375 3326 1561 3390 voluit,
1587 3326 1678 3380 sed
1708 3326 1953 3380 daemone
1982 3325 2151 3381 corri-

557 3417 739 3490 piente
771 3415 1031 3484 nequivit.
1054 3442 1061 3449 -
1084 3415 1504 3484 Relinquebatur
1533 3431 1563 3469 a
1608 3415 1854 3470 dtemone
1892 3415 2150 3485 quamdiu

558 3516 711 3564 extra
738 3506 1033 3565 oratorium
1064 3507 1273 3571 stabat;
1306 3507 1350 3559 si
1383 3505 1591 3573 ingredi
1621 3509 1936 3572 conabatur,
1970 3509 2151 3563 statim

560 3599 795 3667 maligno
816 3598 1023 3667 spiritui
1058 3598 1305 3665 traditus,
1335 3599 1652 3652 vexabatur.
1678 3597 1792 3655 Hoc
1812 3598 1937 3652 dum
1961 3600 2153 3669 szepius

560 3690 736 3755 fieret,
766 3688 1003 3753 tandem,
1036 3688 1298 3758 Gregorio
1338 3690 1660 3758 inquirente,
1701 3704 1759 3743 se
1779 3689 1846 3744 de
1875 3700 2151 3746 monaste-

559 3782 643 3839 rio
663 3781 851 3850 fugere
868 3780 1103 3835 voluisse
1127 3778 1404 3835 confessus
1422 3787 1527 3845 est,
1552 3780 1776 3849 ejusque
1798 3794 1895 3849 per
1916 3780 2153 3835 triduum

561 3871 722 3928 simul
761 3886 885 3927 cum
915 3870 1139 3924 fratrum
1168 3871 1422 3939 precibus
1450 3871 1521 3924 ita
1550 3871 1753 3940 pietate
1783 3870 1964 3926 divina
1992 3886 2152 3927 cura-

559 3970 647 4019 tus
664 3970 768 4027 est,
796 3970 857 4017 ut
884 3962 950 4016 ad
974 3977 1094 4017 eum
1123 3963 1465 4032 postmodum
1490 3963 1756 4032 malignus
1776 3964 1996 4034 spiritus
2018 3980 2155 4019 nun-

560 4070 724 4125 quam
753 4056 1016 4110 accedere
1044 4054 1383 4118 tentavisset.

640 4148 722 4203 14.
755 4148 875 4201 Alio
920 4162 1135 4215 quoque
1174 4157 1417 4216 tempore
1459 4146 1567 4201 duo
1596 4146 1790 4202 fratres
1818 4161 1887 4201 ex
1916 4146 2153 4215 ejusdem

564 4240 739 4296 Patris
766 4242 1096 4295 monasterio
1127 4240 1395 4309 fugerunt,
1440 4240 1531 4308 qui
1582 4240 1761 4309 aliqua
1805 4243 1956 4311 prius
1984 4242 2154 4296 collo-

565 4331 777 4401 quendo
807 4330 1060 4392 fratribus
1081 4331 1231 4399 signa
1262 4331 1546 4398 dederant,
1582 4332 1727 4400 quod
1757 4342 1779 4370 ο
1812 4348 1910 4401 per
1931 4332 2155 4401 Appiam

565 4421 973 4489 descendentes,
1022 4421 1413 4493 Jerosolymam
1443 4422 1745 4477 tenderent.
1788 4422 1851 4476 Hi
1896 4432 2157 4477 exeuntes

565 4513 899 4569 diverterunt
934 4513 1001 4567 de
1043 4513 1258 4580 itinere,
1307 4521 1361 4567 et
1391 4520 1451 4567 ut
1488 4530 1518 4566 a
1549 4515 1898 4583 sequentibus
1928 4513 2155 4567 inveniri

2254 3321 2452 3390 quippe
2499 3321 2623 3389 quia
2668 3320 2842 3375 eidem
2879 3324 3207 3394 monasterio
3231 3322 3343 3391 jam
3373 3323 3574 3377 dudum
3604 3325 3843 3393 regulam

2256 3413 2631 3477 constituerat,
2666 3421 2724 3466 ut
2753 3413 2930 3467 cuncti
2962 3411 3154 3468 fratres
3183 3414 3256 3467 ita
3308 3415 3665 3470 communiter
3693 3416 3845 3470 vive-

2256 3511 2397 3568 rent,
2428 3513 2693 3572 quatenus
2716 3504 2794 3559 eis
2822 3502 3043 3573 singulis
3074 3505 3215 3559 nulla
3246 3505 3445 3560 habere
3474 3507 3689 3576 propria
3719 3508 3844 3564 lice-

2256 3604 2360 3651 ret.
2395 3595 2543 3651 Tunc
2570 3595 2880 3663 Gregorius,
2905 3597 3072 3652 nimio
3102 3613 3336 3654 mmrore
3358 3599 3378 3620 '
3408 3614 3721 3670 percussus,
3753 3616 3845 3656 eo.

2256 3689 2426 3758 gitare
2472 3689 2654 3758 cmpit,
2687 3689 2771 3743 vel
2800 3689 2928 3758 quid
2959 3690 3023 3744 ad
3054 3692 3428 3763 purgationem
3459 3693 3739 3748 morientis
3768 3695 3846 3748 ia-

2258 3790 2424 3848 ceret,
2472 3783 2558 3837 vel
2582 3783 2707 3851 quid
2746 3782 2813 3837 ad
2839 3784 3144 3854 exemplum
3185 3785 3487 3841 viventibus
3516 3787 3845 3857 provideret.

2259 3868 2505 3925 Pretiosa
2551 3871 2712 3939 igitur
2745 3871 2986 3941 ejusdem
3025 3876 3335 3930 monasterii
3365 3877 3655 3947 praeposito
3691 3878 3758 3931 ad
3788 3891 3848 3932 se

2259 3964 2544 4027 accersito,
2577 3964 2750 4019 dixit:
2784 3983 2801 4016 ι
2839 3965 2973 4021 Vide
2999 3974 3055 4021 ut
3084 3967 3261 4022 nullus
3289 3983 3355 4023 ex
3392 3967 3645 4024 fratribus
3689 3985 3749 4023 se
3780 3969 3847 4024 ad

2260 4068 2381 4108 eum
2409 4057 2729 4111 morientem
2755 4058 2968 4126 jungat,
3000 4074 3101 4115 nec
3125 4076 3430 4115 sermonem
3462 4064 3850 4119 consolationis

2259 4160 2326 4198 ex
2358 4145 2641 4213 cujuslibet
2671 4163 2857 4201 eorum
2890 4165 2985 4203 ore
3009 4152 3286 4221 percipiat,
3319 4152 3413 4207 sed
3440 4169 3561 4208 cum
3595 4155 3645 4209 in
3674 4165 3850 4212 morte

2262 4240 2583 4293 constitutus
2614 4238 2808 4295 fratres
2837 4243 3172 4310 eruisierit,
3203 4246 3252 4298 ei
3274 4262 3402 4300 suus
3428 4247 3594 4301 frater
3615 4248 3849 4303 carnalis

2260 4330 2426 4395 dicat,
2448 4332 2571 4401 quia
2599 4331 2617 4369 ί
2639 4349 2737 4402 pro
2759 4334 2944 4388 solidis
2971 4352 3107 4404 quos
3127 4338 3339 4392 occulte
3361 4339 3566 4404 habuit,
3589 4355 3617 4393 a
3642 4342 3851 4399 cunctis

2260 4422 2511 4477 fratribus
2539 4424 2878 4481 abominatus
2906 4429 3010 4493 sit;
3042 4438 3097 4481 ut
3118 4430 3306 4483 saltem
3332 4431 3383 4484 in
3407 4440 3581 4487 morte
3602 4431 3666 4487 de
3690 4434 3850 4504 culpa

2262 4527 2358 4566 sua
2387 4524 2621 4569 mentem
2652 4516 2792 4570 illius
2820 4520 3121 4573 amaritudo
3152 4523 3577 4589 transverberet,
3619 4533 3783 4596 atque
3818 4540 3853 4582 ι

568 4604 790 4665 minime
833 4612 1083 4673 possent,
1123 4612 1359 4660 retrusas
1398 4614 1613 4676 cryptas
1643 4605 1793 4673 juxta
1836 4605 2154 4661 Flaminiam
2185 4598 2236 4658 D
2262 4616 2485 4676 peccato
2514 4609 2654 4676 quod
2685 4614 3017 4679 perpetravit
3046 4623 3256 4681 purget.
3290 4614 3421 4669 Cum
3452 4632 3579 4671 vero
3606 4628 3853 4675 mortuus

569 4703 781 4764 portam
832 4695 1187 4762 invenientes,
1220 4697 1271 4750 in
1321 4697 1399 4751 eis
1446 4712 1505 4751 se
1554 4698 1983 4751 occultaverunt.
2019 4696 2154 4751 Cum

573 4799 704 4840 vero
732 4786 1051 4854 vespertinis
1078 4788 1225 4841 horis
1259 4788 1410 4856 jussu
1449 4788 1697 4856 Gregorii
1734 4789 1998 4856 requisiti,
2052 4790 2156 4844 mi-

570 4876 717 4931 nime
752 4876 808 4930 in
833 4878 1248 4945 congregatione
1277 4880 1482 4934 inventi
1515 4880 1762 4947 fuissent,
1793 4880 2033 4935 ascensis
2062 4896 2157 4936 ca-

571 4967 745 5035 ballis,
778 4983 873 5023 eos
902 4968 1115 5039 quidam
1143 4970 1336 5027 fratres
1364 4974 1534 5027 secuti
1560 4980 1704 5033 sunt,
1731 4986 1828 5041 per
1851 4969 1876 5009 ά
1908 4970 2159 5028 Metronii

572 5068 783 5131 portam
809 5068 1090 5130 exeuntes,
1119 5072 1175 5117 ut
1197 5078 1291 5119 eos
1312 5064 1365 5118 iu
1391 5064 1635 5119 Latinam
1657 5066 1742 5119 vel
1765 5064 1992 5133 Appiam
2016 5065 2159 5120 viam

560 5164 930 5222 sequerentur
960 5173 972 5208 :
1006 5156 1182 5212 subito
1212 5156 1290 5211 eis
1313 5157 1595 5211 consilium
1636 5165 1811 5212 ortum
1864 5164 1946 5212 est
1983 5165 2041 5211 ut
2066 5172 2162 5213 eos

577 5245 630 5300 in
675 5245 939 5301 Salariam
992 5248 1132 5301 viam
1164 5257 1314 5302 extra
1343 5249 1613 5303 civitatem
1644 5249 1920 5317 requirere
1948 5246 2165 5305 debuis-

606 5399 670 5517 ιτ
703 5389 868 5459 Editi,
900 5408 965 5445 an
1000 5393 1151 5462 forte,
1192 5391 1580 5447 reluctantibus
1620 5391 1866 5447 omnibus
1910 5390 2037 5448 Mss.
2066 5406 2165 5449 no-

630 5476 721 5515 l’lS.

574 5475 721 5515 επις.

648 5531 671 5567 ι’
706 5529 844 5602 _Utic.
878 5538 931 5583 et
957 5532 1197 5585 nonnulli
1228 5530 1376 5596 Mss,
1408 5538 1525 5602 quot
1557 5548 1806 5587 nummos.

656 5612 675 5638 ε
705 5600 782 5653 lta
818 5602 1133 5669 simpliciter
1162 5602 1288 5655 Mss.
1334 5600 1667 5656 Addiderunt
1700 5604 1831 5656 vium
1874 5601 2160 5673 Editores;

579 5684 698 5738 qua:
728 5688 828 5724 vox
852 5672 1447 5739 satis(subinteliigitur.

649 5738 671 5775 ά
703 5739 839 5810 Utic.
864 5752 918 5795 et
949 5742 1144 5806 Bigot.,
1183 5738 1421 5797 Meliori.
1472 5742 1698 5810 Audeg.,
1744 5743 1987 5801 Melroni.
2023 5746 2158 5809 Bell.

582 5825 705 5866 cum
731 5808 860 5885 lies.
895 5821 948 5869 et
978 5811 1158 5873 Colb.,
1192 5811 1448 5867 Metrovii.

890 5950 921 5961 π

2264 4697 2444 4761 fuerit,
2476 4714 2673 4768 corpus
2694 4700 2836 4754 illius
2866 4716 2985 4755 cum
3017 4702 3240 4757 fratrum
3268 4706 3585 4775 corporibus
3608 4722 3715 4761 non
3746 4723 3851 4779 po-

2264 4799 2421 4842 natur
2448 4807 2461 4854 ;
2486 4792 2579 4844 sed
2607 4792 2849 4859 quolibet
2870 4793 2922 4845 in
2951 4795 3285 4862 sterquilinio
3308 4795 3503 4852 fossam
3527 4798 3705 4862 facile,
3740 4809 3765 4844 ε
3795 4808 3856 4855 et

2265 4881 2317 4935 in
2345 4896 2412 4936 ea
2435 4898 2631 4951 corpus
2660 4884 2923 4951 projicite,
2960 4885 3138 4953 ibique
3168 4903 3331 4957 super
3362 4904 3482 4943 eum
3516 4897 3625 4945 tres
3656 4905 3857 4947 aureos

2266 4986 2401 5040 quos
2430 4971 2890 5041 reliquitjactate,
2921 4975 3076 5028 simul
3107 4992 3293 5033 omnes
3314 4980 3608 5036 clamantes
3635 5000 3646 5034 :
3680 4980 3858 5038 Pecu-

2268 5063 2354 5117 nia
2403 5072 2492 5117 tua
2545 5072 2721 5118 tecum
2761 5066 2830 5119 sit
2860 5067 2912 5120 in
2960 5069 3339 5137 perditionem,
3368 5080 3422 5125 et
3452 5072 3527 5126 sic
3552 5088 3676 5127 eum
3708 5084 3856 5131 terra

2267 5156 2563 5225 cooperite.
2597 5176 2614 5208 ι
2660 5157 2715 5212 1η
2755 5158 2948 5227 quibus
2987 5161 3227 5229 utrisque
3265 5162 3429 5217 rebus
3467 5163 3858 5222 solertissimus

2268 5244 2430 5301 Pater
2455 5245 2747 5316 Gregorius
2770 5266 2928 5304 unam
2957 5252 3228 5319 morienti,
3259 5253 3481 5307 alteram
3512 5269 3641 5309 vero
3674 5258 3859 5311 viven-

2344 5404 2365 5472 ξ’
2390 5395 2526 5472 ἱέμε.
2546 5436 2561 5461 ,
2587 5396 2788 5472 _Bigot.,
2823 5397 3057 5465 Gemet.,
3088 5399 3317 5468 Andeg.,
3341 5401 3518 5469 Colb.,
3536 5403 3854 5472 compulsus.

2270 5537 2298 5590 ὁ
2346 5463 2377 5589 ξι
2406 5464 2631 5535 Excusi,
2659 5463 2793 5541 'quiu
2827 5463 3052 5541 propter
3078 5463 3267 5525 aureos
3294 5463 3419 5544 quos
3454 5463 3731 5529 occultatas
3759 5474 3863 5529 Ita-

2306 5553 2398 5589 tu-

2306 5547 2398 5589 uit.

2340 5608 2593 5678 sBigot.,
2637 5607 2799 5673 Utic.,
2834 5609 3131 5679 Andegav.,
3186 5612 3341 5681 Reg.,
3390 5613 3566 5681 Golb.,
3617 5614 3830 5671 Gemet.

2266 5678 2435 5747 ibique
2455 5657 2624 5745 ιξιιρὲι·
2653 5697 2765 5731 eum
2792 5692 2892 5733 tres
2925 5657 3131 5745 animos:
3178 5657 3577 5751 ett:'.3,,otttissis’,
3626 5695 3671 5739 ct
3718 5688 3771 5741 in
3796 5657 3872 5742 et:

2266 5766 2450 5813 corpus
2469 5751 2724 5817 projirite.
2752 5752 3015 5805 Caeterum
3039 5753 3211 5807 simile
3230 5754 3428 5809 factum
3463 5767 3643 5810 narrat
3664 5756 3863 5816 Hiero-

2266 5832 2455 5889 nymus
2488 5819 2731 5877 laudatus
2760 5821 2811 5876 in
2838 5832 2963 5878 nota
2996 5838 3039 5877 ε.
3068 5824 3132 5879 ad
3160 5826 3316 5895 epist.
3350 5824 3418 5879 24
3448 5826 3539 5883 lib.
3576 5842 3669 5883 xu.
