4118 6486
237 405 302 465 09
839 393 902 453 8.
941 389 1271 455 GREGOBII
1313 388 1524 448 MAGN-l
1576 386 1759 456 VITA,
1800 390 2003 450 AUCT.
2045 391 2309 451 JOlNNE
2347 388 2661 452 DlACONO.
2705 392 2838 452 LII.
2881 393 2924 452 Ι.
3455 397 3531 463 'Io

254 518 384 582 illius
399 508 661 586 prodesse
680 508 872 576 voluit,
903 515 964 566 ut
999 514 1054 565 et
1074 506 1222 564 illum
1252 506 1548 564 amaritudo
1577 508 1764 564 mortis
1789 523 1818 564 a
1852 515 1896 575 Α
1922 509 2032 580 qui,
2055 510 2189 565 tanti
2212 507 2385 566 Patris
2403 510 2582 568 verbis
2604 509 2975 584 exemplisque
2987 513 3371 582 commonitus,
3397 516 3535 574 mul-

261 594 403 676 culpa
417 601 694 658 solubilem
711 600 935 663 faceret.
962 607 1017 654 et
1038 599 1170 655 istos
1187 598 1425 653 avaritiae
1449 605 1594 653 tanta
1618 598 1834 656 damna-

261 698 331 754 tio
361 706 383 732 ³·
402 692 614 750 misceri
647 691 843 746 talibus
867 691 1200 762 prohiberet,
1228 697 1388 758 atque
1417 704 1446 743 a
1467 689 1622 761 culpa
1651 691 1836 761 probi-

259 789 419 844 heret.
455 782 698 850 Quodita
711 780 912 838 factum
942 790 1042 837 est.
1076 781 1207 836 Nam
1225 796 1347 836 cum
1370 779 1513 836 idem
1542 783 1839 839 monachus

259 877 575 956 pervenisset
589 876 657 931 ad
677 885 931 943 mortem,
949 885 1109 946 atque
1125 877 1283 932 anxie
1297 887 1631 946 sequzereret
1654 876 1836 934 fratri-

256 975 348 1032 bus
373 970 760 1038 commendari,
792 963 1324 1039 nullusquefratr'um
1356 973 1405 1026 ei
1446 971 1706 1041 applicari
1753 970 1839 1026 vel

257 1065 395 1133 loqui
430 1071 681 1126 tentaret,
709 1063 760 1116 ei
787 1061 1016 1122 carnalis
1047 1063 1230 1127 frater,
1259 1077 1354 1116 cur
1384 1061 1450 1121 ab
1477 1061 1726 1118 omnibus
1748 1075 1838 1116 es-

255 1164 333 1222 set
360 1154 699 1210 abominatus
744 1153 973 1223 aperuit.
1016 1151 1110 1207 Ille
1140 1153 1387 1222 protinus
1426 1158 1486 1207 ut
1517 1152 1741 1217 audivit.
1771 1152 1841 1207 de

255 1255 399 1308 reatu
420 1259 518 1302 suo
540 1245 889 1298 vehementer
917 1242 1196 1311 ingemuit,
1227 1252 1390 1313 atque
1406 1243 1457 1298 in
1483 1243 1600 1312 ipsa
1624 1243 1838 1298 tristitia

255 1353 283 1398 β
310 1351 536 1410 corpore
565 1337 752 1392 exivit.
796 1337 898 1403 Qui
939 1336 1011 1390 ita
1048 1345 1131 1392 est
1171 1337 1432 1406 sepultus,
1461 1345 1520 1394 ut
1548 1334 1839 1405 Gregorius

253 1432 496 1503 iusserat.
523 1428 629 1484 Sed
651 1429 842 1484 fratres
867 1445 1054 1484 omnes
1079 1429 1265 1483 eadem
1285 1429 1398 1498 ejus
1421 1429 1687 1486 sententia
1709 1446 1840 1486 con-

253 1522 462 1592 turbati,
489 1528 770 1591 cmperunt
796 1520 987 1587 singuli
1011 1529 1252 1576 extrema
1277 1536 1503 1590 quaeque
1530 1529 1585 1575 et
1605 1521 1751 1588 vilia,
1785 1527 1841 1576 et

253 1629 365 1684 qua:
396 1613 473 1668 eis
504 1613 823 1682 regulariter
852 1627 1066 1682 semper
1093 1613 1292 1668 habere
1323 1613 1576 1675 licuerat,
1618 1613 1686 1668 ad
1726 1629 1839 1668 me-

251 1704 390 1766 dium
437 1702 706 1774 proferre,
756 1703 1210 1771 vehementerque
1263 1703 1550 1764 formidare
1593 1719 1663 1762 ne
1710 1705 1840 1774 quid

251 1799 387 1871 apud
416 1814 476 1854 se
508 1808 654 1854 esset
679 1798 816 1858 unde
847 1799 1164 1868 reprehendi
1196 1798 1516 1867 potuissent.

1946 600 2012 655 tis
2038 601 2472 671 quotidianisque
2501 603 2752 675 lacrymis
2771 604 2840 658 ad
2864 603 3058 674 gaudia
3087 606 3277 677 patrias
3296 610 3533 668 οωιιωιιι

1942 696 2248 752 anhelabat.
2278 694 2520 766 Cumque
2550 697 2939 754 studiosissime
2959 714 3082 756 cum
3102 714 3301 769 magno
3319 701 3532 760 fervore

1940 787 2213 853 desiderii,
2245 789 2383 844 duce
2411 787 2695 859 Gregorio,
2727 805 2881 846 sacra
2921 792 3135 862 eloquia
3177 801 3530 863 scrutaretur,

1941 895 2050 934 non
2075 879 2130 934 in
2160 881 2240 934 eis
2267 881 2428 935 verba
2467 880 2726 946 scientim,
2766 882 2861 937 sed
2890 883 3074 938 ﬂetum
3104 887 3534 956 compunctlonis
3587 939 3598 956 ,

1939 974 2262 1042 inquirebat,
2288 982 2552 1043 quatenus
2571 989 2670 1044 per
2689 944 2803 1030 haec
2823 975 3040 1030 incitata
3065 944 3364 1046 mensejus
3389 957 3561 1059 ἱππ-ξ

1940 1066 2205 1135 desceret,
2237 1075 2296 1121 et
2325 1064 2429 1120 ima
2460 1065 2716 1120 deserens
2739 1062 2765 1105 ἀ
2795 1067 2859 1119 ad
2891 1067 3403 1136 contemplationem
3435 1083 3535 1136 pa-

1942 1157 2058 1211 tria:
2098 1156 2334 1212 ccelestis
2361 1156 2686 1227 pervolaret.
2718 1155 2854 1212 Huic
2894 1171 2994 1226 per
3023 1165 3339 1212 nocturnam
3369 1159 3535 1212 visio-

1941 1263 2066 1303 nem
2116 1248 2320 1303 dictum
2371 1255 2454 1303 est
2485 1265 2499 1300 :
2532 1247 2758 1304 Paratus
2802 1256 2954 1314 esto,
2985 1256 3040 1302 et
3067 1237 3192 1318 quia
3226 1259 3250 1288 ⁸
3281 1249 3539 1304 Dominus

1937 1337 2116 1408 jussit,
2148 1338 2340 1408 migra.
2367 1337 2613 1408 Cumque
2643 1338 2732 1393 ille
2760 1353 2867 1393 non
2891 1338 3092 1394 habere
3119 1353 3180 1394 se
3205 1349 3448 1408 sumptus
3471 1339 3539 1395 ad

1941 1430 2280 1501 migrandum
2310 1430 2538 1494 diceret,
2563 1445 2886 1500 responsum
2915 1431 3160 1501 protinus
3185 1431 3408 1496 audivit,
3451 1431 3536 1486 di-

1941 1535 2071 1599 cens
2097 1539 2109 1574 :
2141 1520 2198 1576 Si
2237 1521 2305 1576 de
2335 1522 2575 1590 peccatis
2603 1521 2707 1576 tuis
2736 1521 2933 1590 agitur,
2961 1521 3183 1577 dimissa
3208 1530 3353 1577 sunt.
3385 1521 3542 1588 Quod

1942 1629 2064 1667 cum
2098 1614 2267 1668 semel
2307 1601 2564 1680 audisset,
2593 1623 2648 1670 et
2671 1628 2868 1682 magno
2898 1613 3073 1670 adhuc
3101 1623 3248 1669 metu
3296 1614 3538 1685 trepida-

1943 1714 2044 1766 ret.
2076 1715 2236 1761 nocte
2261 1721 2479 1776 quoque
2508 1707 2611 1760 alia
2654 1707 2707 1760 in
2738 1706 2941 1762 eisdem
2982 1715 3065 1760 est
3089 1706 3268 1761 verbis
3297 1705 3541 1762 admoni-

1946 1803 2049 1850 tus.
2079 1799 2207 1850 l’ost
2233 1796 2470 1866 quinque
2503 1811 2632 1851 vero
2660 1796 2776 1850 dies
2801 1795 2952 1851 febre
2991 1803 3292 1866 correptus,
3325 1797 3538 1853 cunctis

321 1889 402 1943 16.
434 1888 570 1945 Cum
597 1906 724 1944 vero
756 1898 876 1960 post
905 1897 1134 1942 mortem
1163 1888 1342 1943 fratris
1373 1887 1587 1955 triginta
1609 1887 1720 1956 jam
1750 1903 1837 1942 es-
1869 1896 1918 1957 Β
1943 1884 2196 1940 fratribus
2240 1887 2519 1943 orantibus
2565 1886 2953 1958 flentibusque,
2987 1887 3293 1957 defungitur
3320 1887 3462 1961 (Lib.
3489 1904 3541 1946 tv

247 1988 363 2044 sent
390 1980 508 2042 dies
539 1980 759 2046 evoluti,
809 1981 971 2049 coepit
1001 1980 1210 2034 animus
1239 1977 1480 2047 Gregorii
1528 1979 1839 2034 misericor-

246 2073 380 2130 diter
401 2073 450 2130 ei
476 2073 736 2143 compati,
761 2072 985 2142 ejusque
1008 2087 1127 2127 cum
1150 2072 1298 2141 gravi
1326 2087 1560 2128 maerore
1581 2072 1842 2142 supplicia

245 2179 492 2242 pensare,
539 2172 595 2220 et
628 2165 675 2220 si
705 2164 848 2234 quod
878 2172 1022 2218 esset
1051 2165 1347 2234 ereptionis
1378 2165 1493 2233 ejus
1523 2168 1632 2236 28
1660 2181 1840 2220 reme-

247 2255 390 2318 dium
417 2271 684 2331 quaerere.
719 2257 870 2312 Tunc
897 2265 1124 2313 evocato
1154 2259 1219 2312 ad
1249 2274 1307 2313 se.
1338 2259 1530 2314 eodem
1572 2259 1840 2324 Pretiosa,

245 2350 561 2408 annuasterii
583 2349 664 2406 sui
691 2350 996 2419 praeposito,
1025 2350 1191 2406 tristis
1215 2350 1353 2406 dixit
1378 2368 1388 2402 :
1423 2370 1439 2403 ι
1468 2351 1566 2404 Diu
1592 2361 1673 2406 est
1695 2350 1840 2419 quod

246 2440 407 2496 frater
433 2440 646 2505 Justus,
696 2442 787 2511 qui
816 2441 1099 2498 defunctus
1147 2451 1249 2508 est,
1283 2443 1334 2496 in
1389 2444 1511 2511 igne
1540 2446 1838 2511 cruciatur;

243 2532 507 2597 debemus
537 2533 588 2588 ei
618 2533 820 2603 aliqu'd
867 2533 1104 2588 caritatis
1134 2533 1468 2602 impendere,
1525 2541 1582 2588 et
1630 2535 1700 2600 ei,
1753 2534 1845 2588 in-

247 2633 509 2696 quantum
558 2638 863 2697 possumus,
909 2633 965 2680 ut
1003 2625 1278 2694 eripiatur,
1324 2625 1649 2694 adjutorium
1689 2643 1831 2682 corn-

246 2713 494 2769 inodare.
529 2713 676 2768 Vade
730 2715 929 2783 itaque,
962 2722 1016 2769 et
1057 2716 1126 2769 ab
1155 2716 1413 2774 hodierna
1458 2716 1544 2772 die
1573 2719 1840 2776 continuis

247 2803 462 2871 triginta
500 2802 690 2860 diebus
716 2803 910 2860 offerre
940 2821 1038 2874 pro
1085 2821 1152 2859 eo
1204 2806 1525 2860 sacrificium
1580 2809 1754 2873 stude,
1787 2818 1844 2864 ut

245 2895 421 2952 nullus
468 2896 696 2952 omnino
742 2897 1184 2966 praetermittatur
1211 2897 1329 2951 dies
1357 2913 1464 2966 quo
1495 2914 1593 2966 pro
1623 2899 1843 2954 absolu-

246 2985 390 3040 tione
442 2986 592 3042 illius
635 2985 886 3042 salutaris
937 2987 1112 3042 hostia
1144 2987 1167 3024 ι’
1203 3003 1309 3044 non
1349 2997 1631 3043 mactetur.
1671 3010 1689 3042 ι
1742 2991 1844 3057 Qui

244 3078 499 3150 protinus
529 3078 808 3146 abscessit,
855 3086 909 3131 et
936 3078 1092 3134 dictis
1121 3079 1318 3148 paruit.
1374 3077 1634 3148 Gregorio
1663 3089 1843 3136 autem

245 3180 511 3240 curante,
565 3179 728 3240 atque
780 3171 1026 3228 evolutos
1073 3171 1188 3226 dies
1234 3171 1454 3228 minimc
1504 3181 1841 3236 numerante,

1941 1974 2086 2030 Dial.
2098 2017 2113 2042 ,
2145 1994 2263 2047 cap.
2295 1977 2410 2047 47).

2018 2099 2102 2154 18.
2136 2098 2193 2153 In
2227 2100 2418 2156 eodem
2446 2101 2777 2156 monasterio
2805 2100 2972 2156 frater
2993 2101 3211 2174 quidam
3239 2101 3535 2160 Gerontius

1941 2191 2244 2258 dicebatur,
2288 2192 2380 2260 qui
2433 2194 2558 2246 dum
2605 2193 2754 2262 gravi
2794 2193 3041 2248 molestia
3081 2193 3322 2262 corporis
3351 2191 3541 2248 fuisset

1943 2280 2255 2351 depressus,
2288 2282 2339 2336 in
2373 2282 2580 2337 visione
2622 2291 2883 2338 nocturna
2913 2284 3123 2347 albatos
3152 2284 3297 2337 viros
3325 2291 3381 2338 et
3408 2281 3541 2340 clari

1945 2371 2263 2426 omnimodo
2295 2371 2507 2426 habitus
2557 2373 2609 2426 in
2637 2373 2742 2428 hoc
2771 2373 2944 2442 ipsum
2975 2373 3365 2428 monasterium
3411 2373 3539 2428 des-

1944 2461 2176 2516 cendere
2203 2463 2268 2517 de
2298 2462 2667 2532 superioribus
2696 2462 2930 2532 aspexit.
2955 2461 3057 2528 Qui
3087 2461 3214 2515 dum
3240 2476 3423 2516 coram
3465 2461 3542 2516 le-

1944 2561 2034 2606 cto
2059 2552 2289 2620 jacentis
2335 2553 2682 2618 assisterent,
2737 2569 2872 2607 unus
2901 2569 3087 2608 eorum
3118 2552 3254 2607 dixit
3280 2570 3294 2608 :
3327 2553 3406 2606 Ad
3437 2554 3542 2610 hoc

1944 2643 2212 2710 venimus,
2243 2648 2302 2696 ut
2331 2641 2398 2697 de
2421 2642 2754 2697 monasterio
2784 2641 3026 2712 Gregorii
3058 2641 3320 2712 quosdam
3349 2640 3543 2698 fratres

1945 2733 1999 2787 in
2021 2734 2294 2787 ’militiam
2342 2735 2662 2800 mittamus;
2697 2742 2860 2804 atque
2890 2734 3046 2789 alteri
3081 2735 3418 2804 praecipiens,
3449 2735 3542 2789 ad-

1941 2825 2119 2894 junxit‘
2140 2843 2150 2878 :
2171 2825 2356 2880 Scribe
2382 2825 2718 2886 Marcellum.
2737 2825 3195 2887 Valentinianum,
3224 2825 3542 2898 2914811θί-

1946 2916 2076 2983 lum,
2111 2925 2270 2985 atque
2298 2917 2452 2981 alios,
2485 2932 2715 2986 quorum
2746 2914 2764 2954 ¹
2798 2916 3161 2986 cognitionem
3183 2899 3282 2984 ego
3310 2932 3417 2971 non
3446 2917 3542 2970 ba-

1948 3007 2070 3062 beo.
2103 3008 2305 3073 Quibus
2327 3007 2555 3077 expletis
2575 3006 2796 3072 addidit,
2830 3007 3013 3062 dicens
3047 3025 3059 3059 ε
3093 3006 3280 3060 Scribe
3311 3015 3365 3070 et
3393 3006 3539 3062 hunc

1948 3099 2122 3170 ipsum
2156 3100 2248 3169 qui
2272 3116 2368 3155 nos
2389 3100 2600 3169 aspicit.
2636 3098 2716 3153 Ex
2742 3115 2848 3170 qua
2875 3099 3082 3153 visione
3109 3097 3399 3153 Gerontius
3425 3113 3541 3160 cer-

1948 3198 2036 3244 tus
2065 3190 2310 3260 effectus,
2357 3189 2498 3247 facto
2546 3205 2724 3257 mane,
2779 3191 3014 3245 innotuit
3042 3189 3298 3244 fratribus
3327 3197 3458 3258 quot
3487 3195 3542 3243 et

246 3262 392 3321 idem
418 3262 591 3317 frater
609 3262 704 3332 qui
733 3261 1016 3321 defunctus
1039 3261 1216 3316 fuerat
1244 3271 1405 3316 nocte
1436 3262 1666 3331 quadam
1687 3261 1840 3316 fratri
1867 3267 1913 3332 ο
1946 3284 2037 3352 qui
2058 3293 2239 3338 esse,“
2259 3300 2326 3338 ex
2355 3283 2550 3338 eodem
2579 3283 2910 3339 monasterio
2939 3282 3207 3347 morituri,
3231 3296 3398 3352 seque
3416 3281 3538 3338 mos

248 3372 348 3412 suo
383 3367 404 3394 ο
438 3357 679 3426 Coptoso
710 3370 805 3426 per
829 3355 1090 3410 visionem
1121 3363 1386 3426 apparuit.
1410 3355 1579 3422 Quem
1611 3355 1699 3409 ille
1723 3370 1845 3410 cum

246 3447 494 3514 vidisset,
528 3447 824 3519 inquisivit,
856 3446 1043 3502 dicens
1081 3466 1093 3499 :
1131 3446 1265 3514 Quid
1316 3454 1399 3502 est
1450 3446 1656 3501 frater?
1701 3446 1847 3513 Quo-

245 3538 411 3600 modo
455 3540 554 3594 es?
577 3537 675 3600 Cui
706 3539 820 3610 ipse
849 3537 1128 3614 respondit
1162 3557 1172 3590 :
1206 3537 1358 3592 Nunc
1382 3553 1550 3608 usque
1579 3538 1717 3593 male
1748 3538 1842 3604 fni,

244 3631 338 3686 sed
379 3631 499 3702 jam
532 3630 691 3686 modo
722 3629 861 3684 bene
888 3646 1026 3696 sum,
1061 3631 1184 3700 quia
1225 3630 1386 3685 hodie
1411 3631 1846 3690 communionem

242 3723 450 3793 recepi.
479 3720 635 3787 Quod
659 3720 798 3775 idem
828 3721 1092 3790 Copiosus
1121 3735 1348 3792 pergens
1378 3721 1621 3791 protinus
1640 3721 1695 3776 in
1725 3738 1845 3777 mo-

243 3815 496 3868 nasterio
518 3813 770 3874 fratribus
783 3811 1054 3868 indicavit.
1076 3811 1293 3868 Fratres
1314 3828 1440 3867 vero
1455 3812 1681 3867 sollicite
1698 3827 1845 3866 com-

240 3909 584 3972 putaverunt
626 3900 770 3963 dies,
816 3909 871 3956 et
908 3901 1084 3968 ipsum
1125 3901 1266 3956 diem
1309 3901 1473 3956 fuisse
1529 3902 1848 3962 invenerunt

241 3977 352 4064 quo
388 4005 495 4066 pro
523 4002 588 4041 eo
620 3988 892 4054 trigesima
921 3989 1124 4062 oblatio
1170 3989 1343 4044 fuerat
1389 3991 1690 4061 completa;
1724 4007 1847 4048 cum

240 4093 298 4139 et
313 4082 596 4154 Copiosus
621 4080 854 4136 nesciret
875 4081 1002 4150 quid
1021 4097 1118 4152 pro
1145 4097 1210 4136 eo
1233 4082 1445 4158 fratres,
1468 4093 1690 4138 auctore
1715 4084 1849 4140 Gre-

240 4175 426 4244 gorio,
462 4181 706 4242 agerent,
730 4179 786 4226 et
813 4172 1008 4228 fratres
1039 4173 1350 4240 ignorarent
1379 4174 1506 4242 quid
1545 4172 1615 4228 de
1640 4190 1707 4229 eo
1735 4172 1846 4230 Co-

240 4269 438 4342 piosus
470 4265 710 4330 vidisset,
745 4279 850 4320 uno
877 4264 1177 4335 eodemque
1208 4265 1608 4336 tempore'dum
1647 4282 1844 4336 agnos-

242 4357 321 4412 cit
369 4357 468 4411 ille
518 4355 868 4421 oblationem,
923 4356 998 4412 illi
1027 4357 1250 4412 audiunt
1287 4357 1580 4425 somnium,
1636 4359 1848 4427 trigesi-

243 4466 513 4521 inumque
534 4449 675 4508 diem
692 4435 1054 4520 cognosciint;
1078 4450 1441 4506 concordante
1452 4451 1612 4505 simul
1632 4452 1843 4508 visione

243 4556 301 4601 et
330 4541 626 4609 sacrificio,
653 4557 742 4600 res
770 4553 956 4612 aperte
984 4543 1196 4611 claruit,
1222 4545 1345 4613 quia
1375 4543 1540 4598 frater
1560 4558 1720 4612 quem
1747 4545 1845 4600 sub

243 4637 723 4694 animadversione
771 4637 1050 4694 sententia:
1098 4635 1388 4706 Gregorius
1418 4637 1552 4694 mori
1583 4637 1845 4706 permise-
1874 4654 1926 4716 ι)

243 4741 352 4797 rat,
379 4745 486 4802 per
510 4729 798 4788 salutarem
828 4728 1058 4784 hostiam
1080 4745 1111 4783 a
1135 4728 1398 4804 supplicio
1423 4728 1678 4784 liberarat
1701 4729 1839 4800 (Lib.

244 4840 300 4884 ιγ
328 4823 509 4890 Dial.,
551 4840 595 4878 ο.
630 4821 739 4893 55).

321 4917 415 4970 t7.
451 4915 558 4970 Sed
587 4916 713 4985 quia
755 4913 895 4971 idem
923 4915 1244 4974 venerabilis
1288 4913 1448 4970 Pater
1493 4915 1845 4986 quemadmo-

245 5008 380 5072 dum
410 5007 669 5063 fratribus
693 5007 882 5062 terrori
910 5006 1086 5072 fuerit,
1115 5021 1180 5059 ex
1207 5015 1358 5077 parte
1374 5005 1486 5075 jam
1517 5007 1687 5076 tetigi,
1710 5023 1844 5078 qua-

247 5099 377 5155 liter
424 5098 544 5168 ejus
573 5098 833 5168 exemplis
860 5098 1016 5152 iidem
1060 5096 1406 5166 profecerim,
1440 5099 1678 5153 breviter
1707 5099 1844 5154 indi-

249 5192 493 5252 candum
513 5191 722 5262 putavi.
761 5189 950 5246 Frater
969 5187 1184 5258 quidam
1207 5188 1260 5246 in
1283 5189 1471 5242 eodem
1493 5190 1844 5257 monasterio,

248 5286 484 5342 nomine
502 5283 786 5351 Antonius,
817 5284 976 5338 beato
1000 5280 1261 5350 Gregorio
1283 5279 1499 5336 sedulus
1521 5281 1846 5348 adhaerebat,

324 5444 351 5474 ⁸·
387 5435 584 5494 Excusi
605 5437 868 5508 plerique,
885 5444 1116 5500 terreret,
1136 5445 1292 5508 atque,
1313 5451 1345 5488 α
1361 5435 1513 5506 culpa
1537 5435 1847 5508 prohiberet.

249 5506 553 5562 Bollandus
582 5506 791 5562 nostris
813 5508 935 5563 Mss.
986 5523 1122 5575 quos
1150 5507 1422 5575 sequimur
1475 5507 1732 5561 concinit.
1791 5507 1849 5563 In

251 5579 406 5649 Reg.
429 5584 489 5631 et
513 5576 680 5649 Cnlb.
699 5579 959 5633 omittitur
989 5587 1139 5649 atque
1175 5595 1205 5630 a
1235 5578 1367 5646 culp.
1405 5576 1609 5649 pro/illi.

329 5648 356 5684 ι’
387 5648 472 5702 Ita
496 5663 612 5701 cum
639 5648 762 5703 Mss.
795 5646 1338 5717 onmibus'Bolland"
1366 5646 1451 5701 tibi
1480 5648 1566 5701 alii
1593 5646 1730 5701 Editi
1755 5648 1850 5701 ha-

252 5720 391 5776 bent
429 5734 533 5771 non
570 5719 838 5788 offeratur.
888 5719 1055 5774 Porro
1083 5724 1172 5788 qui
1203 5721 1291 5774 hic
1318 5720 1511 5774 dicitur
1539 5720 1848 5772 monasterii

252 5789 605 5914 pnegositus,
637 5791 944 5916 appellath
968 5789 1222 5860 οἰκονόμος
1251 5792 1303 5845 in
1329 5790 1562 5859 Dialogis
1590 5806 1618 5842 a
1643 5789 1848 5854 Zacha-

252 5860 333 5916 ria
410 5875 551 5916 mare
580 5859 870 5916 translatis.
945 5862 1138 5916 bserva
1168 5863 1254 5916 hic
1283 5861 1542 5916 originem
1564 5859 1636 5915 30
1655 5862 1848 5916 missaa

251 5859 333 5920 ria
356 5859 551 5916 Gruaze
580 5859 870 5916 translatis.
891 5859 1138 5917 Observa
1168 5863 1254 5918 hic
1283 5861 1542 5930 originem
1564 5859 1636 5915 30
1655 5862 1849 5918 rnissa~

249 5942 376 5987 rum
407 5944 518 5999 pro
545 5929 827 5987 defunctis.

1947 3375 2206 3429 continuo
2252 3385 2582 3430 secuturum.
2617 3372 2753 3429 Cum
2782 3374 2869 3429 die
2916 3374 3022 3429 alio
3071 3373 3311 3444 praedicti
3341 3372 3538 3430 fratres

1946 3467 2085 3521 mori
2126 3473 2429 3536 coeperunt,
2469 3474 2633 3535 atque
2660 3465 2760 3521 sub
2787 3464 2980 3520 eodem
3008 3464 3197 3519 ordine
3225 3479 3283 3518 se
3314 3463 3368 3517 in
3398 3478 3542 3518 mor-

1947 3564 2058 3612 tem
2078 3558 2247 3612 secuti
2271 3566 2396 3611 sunt
2417 3571 2524 3627 quo
2550 3555 2760 3610 fuerant
2783 3556 2836 3610 in
2860 3555 3225 3624 descriptione
3255 3552 3538 3624 nominati,

1948 3649 2015 3703 ad
2045 3658 2348 3704 extremum
2373 3665 2501 3703 vero
2529 3655 2584 3703 et
2619 3650 2738 3718 ipse
2780 3646 2934 3714 obiit,
2974 3645 3069 3716 qui
3091 3645 3314 3701 eosdem
3349 3645 3544 3700 fratres

1947 3741 2238 3794 morituros
2266 3739 2528 3809 prawidit.

2020 3861 2106 3914 19.
2132 3862 2281 3915 Alius
2309 3861 2470 3914 etiam
2500 3859 2666 3914 frater
2693 3859 2750 3912 in
2778 3857 2971 3912 eodem
2998 3855 3329 3912 monasterio
3361 3855 3544 3914 Meru-

1949 3954 2032 4008 lus
2053 3953 2356 4020 dicebatur,
2407 3951 2756 4006 vehementer
2782 3949 3035 4020 lacrymis
3059 3957 3221 4018 atque
3243 3946 3546 4018 eleemosy-v

1948 4045 2050 4110 nis,
2085 4060 2152 4099 ex
2188 4043 2433 4113 Gregorii
2471 4043 2571 4098 viri
2601 4041 2924 4102 venerabilis
2951 4040 3214 4106 doctrina.
3258 4039 3494 4102 intentus
3526 4058 3542 4096 :

1948 4136 2244 4209 psalmodia
2275 4151 2406 4191 vero
2433 4150 2501 4190 ex
2522 4150 2616 4192 ore
2655 4134 2796 4190 illius
2818 4148 2954 4206 pene
2982 4131 3131 4188 nullo
3161 4139 3404 4203 tempore
3428 4146 3546 4190 cos-

1948 4244 2072 4285 sare
2100 4235 2485 4294 consueverat,
2518 4235 2745 4297 excepto
2773 4240 2895 4286 eum
2931 4229 3024 4286 aut
3069 4223 3381 4284 alimentum
3421 4237 3545 4280 cors

1949 4321 2103 4393 pori,
2148 4327 2242 4375 aut
2301 4319 2540 4374 membra
2589 4319 2825 4375 dedisset
2866 4316 3070 4386 sopori.
3116 4315 3251 4378 lluic
3279 4323 3548 4381 nocturna

1948 4413 2156 4467 visione
2205 4411 2457 4481 apparuit
2501 4409 2646 4481 quod
2691 4425 2758 4470 ex
2805 4409 2939 4464 albis
2976 4406 3198 4463 ﬂoribus
3239 4423 3442 4472 corona
3479 4407 3547 4474 de

1951 4504 2090 4560 curio
2121 4504 2174 4556 in
2205 4510 2366 4572 caput
2415 4502 2556 4556 illius
2581 4500 2980 4566 descendebat,
3012 4500 3105 4570 qui
3143 4515 3272 4560 mox.
3301 4499 3548 4562 molestia
3591 4560 3594 4562 _

1950 4595 2196 4666 corporis
2224 4589 2538 4664 occupatus,
2579 4609 2702 4649 cum
2730 4606 2924 4662 magna
2953 4591 3244 4654 securitate
3267 4590 3432 4650 animi
3462 4597 3546 4654 at.-

1953 4703 2059 4758 que
2105 4687 2373 4741 hilaritate
2419 4685 2700 4741 defunctus
2742 4692 2843 4740 est.
2892 4683 2973 4738 Ad
3021 4682 3176 4752 cujus
3215 4681 3548 4752 sepulcrum,

1954 4779 2099 4843 dum,
2133 4787 2254 4848 post
2280 4793 2447 4832 annos
2483 4775 2923 4848 quatuordecim,
2959 4771 3186 4840 Petrus,
3208 4773 3300 4848 qui
3329 4775 3547 4840 poutifi.

1954 4887 2106 4935 catus
2134 4879 2284 4933 istius
2307 4877 2547 4944 Gregorii
2577 4885 2820 4944 tempore
2847 4873 3178 4928 monasterio
3205 4873 3378 4932 eidem
3407 4891 3546 4946 pm.

1951 4979 2070 5044 fuit,
2102 4979 2200 5034 sibi
2223 4979 2551 5049 sepulturam
2575 4977 2750 5032 facere
2776 4974 3053 5042 voluisset,
3083 4982 3230 5030 tanta
3259 4975 3328 5031 de
3350 4977 3541 5034 eodem

1954 5081 2204 5152 sepulcro
2233 5078 2410 5140 fratris
2434 5076 2623 5136 Meruli
2644 5075 2932 5144 fragrantia
2947 5074 3226 5132 suavitatis
3249 5080 3542 5161 cruentavit,

1952 5196 2018 5236 ac
2039 5181 2085 5236 si
2108 5179 2216 5234 illic
2244 5176 2434 5236 florum
2463 5175 2701 5232 omnium
2744 5175 2971 5231 finissent
3013 5179 3366 5235 odoramenta
3405 5196 3540 5237 con-

1951 5285 2121 5348 gesta.
2164 5275 2245 5330 Ex
2289 5289 2392 5344 qua
2440 5289 2501 5329 re
2538 5271 2818 5330 manifeste
2863 5275 3037 5344 patuit
3063 5277 3189 5347 quia
3225 5293 3413 5340 verum
3442 5278 3540 5340 fuit

2030 5443 2060 5519 :
2077 5431 2141 5519 In
2170 5431 2372 5519 ΤΗΙ-οη,
2406 5439 2461 5485 et
2489 5429 2770 5519 Utic.,qui
2798 5431 2886 5489 bic
2914 5432 3110 5519 dicitur
3131 5433 3398 5519 Caprae...
3441 5451 3540 5519 ap-

2030 5455 2054 5472 υ
2083 5455 2141 5486 111
2181 5455 2372 5515 lurtm:
2406 5455 2461 5485 et
2493 5455 2651 5513 Ullt'...,
2679 5455 2770 5502 qur
2800 5455 2886 5489 tllc
2914 5455 3110 5516 Ulcutll'
3131 5455 3398 5562 υἳριοκιω,
3441 5455 3536 5519 ap-

1953 5501 2518 5577 pellatur_Specrosus;
2551 5517 2695 5572 prius
2726 5511 2904 5558 tamen
2954 5504 3150 5574 legitur
3221 5509 3447 5577 apiosus,
3481 5523 3536 5564 tn

1956 5572 2142 5630 iisdem
2169 5572 2336 5626 Codd.

2026 5644 2050 5682 δ
2085 5645 2156 5698 lia
2188 5660 2306 5697 cum
2339 5644 2586 5696 omnibus
2618 5643 2740 5697 Mss.
2775 5645 2972 5699 nostris
3003 5646 3136 5700 Boil.
3171 5647 3226 5701 In
3256 5646 3326 5700 al.
3361 5645 3532 5714 Edit.,

1956 5716 2300 5791 adiregivinem
2323 5717 2506 5783 prurire
2534 5715 2767 5778 caelestis,
2797 5732 2887 5784 per
2908 5719 3388 5786 contemplationem
3419 5738 3536 5791 per-

1956 5790 2055 5842 rol.

2032 5870 2053 5894 ε’
2090 5857 2245 5917 Ειιίιὶ,
2289 5855 2406 5926 qui_a
2443 5855 2691 5907 hominem
2723 5855 2890 5926 juss’f
2910 5856 3130 5926 migrare
3161 5867 3227 5913 te.

2031 5929 2050 5968 ε
2080 5927 2329 5992 Plerique
2358 5923 2551 5979 Excusi
2569 5964 2584 5991 ,
2610 5923 2743 5979 nunc
2766 5923 3252 5985 minimeﬁrecurrlor.
