4118 6452
0 6276 397 6436 Α

2011 282 2017 287 .
2048 280 2087 287 ,ν-
2116 277 2125 289 ⁸.

520 373 589 434 ἠ
1107 370 1165 427 S.
1204 366 1535 427 GREGORH
1575 364 1791 423 MAGNI
1830 362 2021 433 VlTA,
2061 359 2265 419 AUC'I‘.
2307 359 2570 417 JOANNE
2612 359 2926 419 DlACONO.
2969 359 3171 417 LIBER
3211 359 3255 415 1.

3755 366 3853 415 72

524 487 673 561 quod
702 498 797 558 per
816 488 1133 541 nocturnam
1162 480 1425 535 visionem
1466 480 1601 534 tanti
1627 479 1803 534 Patris
1829 477 2121 551 discipulus
2146 476 2201 537 Δ
2227 474 2442 545 εοτίιιςι
2468 475 2634 542 Bene,
2661 476 2850 547 inquit,
2884 476 3049 539 Deiri,
3076 477 3200 547 quia
3222 475 3289 531 de
3319 474 3397 531 ira
3428 481 3553 531 sunt
3582 476 3854 545 eruendi,

524 582 657 639 vidit
685 580 922 653 (Dialog.
954 575 1043 630 lib.
1077 590 1148 639 tv,
1182 589 1301 641 cap.
1333 571 1447 641 47).

594 671 685 726 20.
737 670 888 723 Alius
937 679 1153 736 quoque
1194 664 1249 718 in
1296 663 1487 719 eodem
1532 662 1860 720 monasterio
1886 660 2122 719 Joannes

526 762 699 818 dictus
727 766 834 824 est,
865 768 1072 824 magna:
1106 753 1301 810 indolis
1331 753 1679 821 adolescens,
1713 762 1735 789 ιι
1788 752 1879 823 qui
1903 760 2121 806 aetatem

526 870 677 910 suam
705 849 1011 906 intellectus
1033 856 1089 903 et
1104 846 1424 902 humilitatis
1444 845 1748 910 dulcedine,
1776 851 1832 900 et
1858 844 2122 913 gravitate

526 957 766 1007 morum,
813 939 1130 994 imminente
1174 936 1471 1005 Gregorio,
1506 934 1944 991 transcendebat.
1988 932 2123 990 Huic

525 1032 835 1104 aegrotanti,
868 1039 1031 1101 atque
1058 1030 1126 1084 ad
1154 1038 1456 1084 extremum
1488 1027 1721 1083 deducto
1744 1069 1760 1096 ,
1785 1043 1881 1097 per
1900 1034 2121 1082 noctur—

525 1142 647 1183 nam
673 1125 938 1180 visionem
964 1123 1062 1179 sub
1089 1123 1277 1178 habitu
1304 1122 1449 1178 senis
1489 1122 1681 1178 beatus
1707 1121 1987 1192 apostolus
2013 1121 2113 1175 An-

524 1216 683 1273 dreas
730 1215 1009 1287 apparuit,
1052 1221 1107 1269 et
1155 1212 1298 1267 hunc
1325 1212 1471 1281 virga
1498 1211 1706 1281 tetigit,
1751 1212 1909 1280 eique
1940 1211 2120 1265 dixit:

527 1312 726 1381 Surge;
755 1324 825 1365 ex
846 1309 949 1363 hac
970 1306 1113 1363 enim
1140 1304 1389 1360 molestia
1410 1303 1573 1358 modo
1604 1303 1826 1358 minime
1854 1302 2122 1369 morieris,

527 1403 623 1460 sed
652 1409 873 1474 paratus
900 1407 1051 1464 esto,
1077 1397 1204 1467 quia
1247 1396 1466 1464 longum
1511 1406 1722 1466 tempus
1760 1395 1849 1451 hic
1886 1395 2127 1449 facturus

530 1510 638 1550 non
675 1494 799 1549 eris.
832 1490 936 1559 Qui
964 1489 1093 1544 dum
1127 1488 1240 1557 jam
1287 1494 1433 1542 esset
1460 1501 1492 1540 a
1535 1486 1760 1542 medicis
1790 1485 2124 1555 desperatus,

530 1594 752 1657 repente
781 1591 1001 1640 sanatus
1032 1588 1115 1636 est
1144 1588 1308 1648 atque
1345 1576 1640 1633 convaluit.
1684 1576 1817 1631 Rem
1847 1590 2008 1645 quam
2048 1574 2129 1630 vi-

530 1679 685 1735 derat
713 1676 985 1741 narravit,
1036 1686 1203 1743 seque
1239 1686 1337 1742 per
1362 1670 1638 1725 biennium
1667 1668 1721 1722 in
1760 1668 1857 1722 Dei
1886 1666 2125 1732 servitio,

530 1768 669 1825 sicut
690 1766 933 1838 praedixi,
962 1765 1101 1820 ultra
1146 1763 1318 1817 aetatis
1360 1777 1471 1817 sua:
1501 1776 1672 1816 annos
1695 1760 1957 1815 exhibuit:
1988 1759 2131 1815 Evo-

2222 576 2279 622 et
2320 569 2387 621 ad
2433 566 2634 623 Christi
2682 569 2907 637 gratiam
2952 569 3303 623 convocandi.
3354 569 3504 634 Rex,
3545 570 3650 631 ait,
3684 571 3856 625 illius

2222 660 2515 729 provinciae
2534 660 2809 729 quomodo
2832 661 3206 729 nuncupatur?
3227 659 3496 715 Mercator
3516 661 3809 730 respondit
3830 679 3851 715 :

2223 751 2366 807 AElle
2398 761 2639 807 vocatur.
2662 752 2730 807 Et
2749 751 3038 821 Gregorius
3061 752 3306 807 alludens
3324 752 3392 806 ad
3413 767 3631 817 nomen,
3646 753 3798 808 dixit
3828 770 3853 809 :

2223 844 2401 913 Bene,
2443 845 2569 915 quia
2614 861 2711 901 rex
2758 845 2955 900 dicitur
3002 841 3029 881 ἀ
3082 843 3245 899 Αειιθ.
3278 844 3505 899 Alleluia
3551 845 3748 899 etenim
3779 845 3857 900 in

2224 936 2381 992 laude
2423 936 2697 992 Creatoris
2742 928 2815 992 in
2850 937 3091 1006 partibus
3134 936 3238 991 illis
3283 943 3501 1007 oportet
3553 936 3859 992 decantari

2225 1028 2377 1099 (Bed.
2410 1027 2497 1081 tib.
2528 1044 2584 1094 ιι,
2617 1044 2663 1080 c.
2698 1026 2751 1093 1,
2786 1025 2929 1080 Hist.
2975 1016 3184 1098 Angl.).

2295 1120 2386 1174 22.
2429 1118 2554 1175 Mox
2584 1119 2765 1189 itaque
2794 1119 3055 1175 accedens
3083 1120 3150 1173 ad
3180 1117 3529 1174 Benedictum
3548 1159 3565 1186 ,
3610 1128 3861 1190 aposto—

2225 1211 2342 1268 lica:
2363 1211 2507 1268 sedis
2542 1211 2875 1282 pontificem,
2905 1212 3068 1281 coepit
3093 1210 3447 1266 vehementer
3493 1220 3749 1281 expetere
3778 1221 3860 1269 ut

2227 1302 2282 1358 in
2311 1303 2645 1359 Britanniam
2675 1303 2885 1373 aliquos
2924 1303 3071 1358 verbi
3099 1302 3374 1358 ministros
3420 1302 3673 1360 mitteret.
3709 1303 3857 1371 Quo

2228 1412 2352 1453 cum
2378 1398 2649 1453 neminem
2672 1396 2751 1453 ire
2768 1397 2907 1452 velle
2931 1404 3305 1467 cognosceret,
3327 1397 3674 1468 semetipsum
3695 1412 3859 1468 quo-

2229 1504 2336 1561 que
2361 1504 2471 1545 non
2499 1489 2767 1544 dubitavit
2813 1488 3081 1559 ingerere,
3114 1487 3407 1543 dummodo
3454 1487 3557 1543 sibi
3589 1488 3860 1559 pontifex

2229 1582 2502 1637 licentiam
2531 1581 2923 1637 commodaret.
2953 1580 3057 1649 Qui
3084 1581 3210 1636 licet
3232 1594 3357 1635 cum
3384 1594 3577 1650 magna
3605 1589 3859 1636 cuncta-

2232 1671 2382 1728 tione
2402 1673 2569 1728 totius
2597 1672 2728 1729 cleri
2759 1688 2823 1728 ac
2868 1673 3057 1743 populi
3099 1670 3420 1742 Gregorium
3446 1680 3639 1742 sponte
3665 1672 3858 1743 proti-

2232 1762 2362 1819 cisci
2392 1763 2700 1834 cupientem
2733 1764 2883 1818 abire
2914 1762 3174 1833 permisit,
3204 1762 3537 1826 imprecatus
3564 1763 3614 1818 ei
3638 1762 3862 1819 divini-

532 1855 658 1913 lutis
679 1865 858 1912 autem
887 1855 1098 1910 duobus
1138 1852 1317 1917 annis,
1347 1866 1469 1905 cum
1498 1850 1715 1920 quidam
1754 1850 1919 1906 frater
1942 1850 2130 1905 fuisset
2160 1862 2205 1922 Β
2233 1863 2318 1911 tus
2355 1871 2615 1925 prospera
2664 1856 2977 1911 ministrari.

532 1961 798 2018 mortuus,
830 1959 997 2021 atque
1038 1950 1094 2004 in
1122 1949 1435 2005 monasterii
1477 1946 1718 2017 ejusdem
1755 1949 2068 2004 coemeterio
2097 1964 2128 2003 a

530 2043 794 2113 Gregorio
830 2043 1189 2111 fratribusque
1230 2039 1505 2111 sepultus,
1558 2040 1767 2095 cunctis
1806 2039 1929 2095 inde
1956 2040 2131 2095 disce-

531 2134 800 2199 dentibus,
826 2134 965 2190 idem
992 2131 1247 2196 Joannes,
1280 2132 1419 2187 sicut
1449 2130 1796 2200 postmodum
1840 2131 2048 2199 pallens
2076 2138 2133 2185 et

533 2234 770 2280 tremens
797 2224 1058 2293 Gregorio
1085 2230 1141 2278 et
1162 2220 1417 2276 fratribus
1457 2220 1734 2286 indicavit,
1776 2220 1922 2275 solus
1945 2220 2132 2275 inven-

534 2327 643 2382 tus,
673 2318 741 2371 ab
770 2316 959 2371 eodem
991 2314 1157 2370 fratre
1196 2315 1290 2383 qui
1327 2313 1569 2384 sepultus
1597 2313 1770 2367 fuerat
1797 2312 1866 2367 de
1884 2312 2132 2382 sepulcro

533 2414 760 2463 vocatus
785 2415 887 2462 est.
920 2406 1075 2473 Quod
1102 2420 1229 2461 mox
1253 2405 1416 2460 etiam
1444 2405 1775 2475 subsequens
1802 2404 1922 2459 linis
1947 2412 2133 2459 osten-

535 2500 633 2555 dit.
669 2499 802 2553 Nam
842 2508 966 2569 post
992 2499 1109 2555 dies
1149 2497 1388 2555 decemb
1416 2506 1699 2569 correptus
1723 2498 1981 2564 febribus,
2012 2514 2132 2555 mo-

538 2591 732 2647 riendo
752 2601 1035 2647 vocantem
1066 2599 1282 2647 secutus
1307 2598 1408 2646 est.
1440 2590 1639 2646 Verum
1663 2591 1786 2661 quia
1810 2591 2028 2659 longum
2052 2600 2136 2648 est

538 2690 595 2739 et
614 2682 783 2737 multa
814 2690 1021 2738 restant
1048 2698 1167 2752 quae
1195 2681 1261 2737 de
1290 2682 1449 2751 hujus
1469 2681 1569 2736 viri
1593 2682 1949 2738 sanctimonia
1970 2684 2136 2739 certis

532 2780 763 2846 possunt
791 2774 1226 2829 attestationibus
1247 2772 1546 2843 praedicari,
1572 2788 1689 2844 qua:
1718 2774 1880 2828 etiam
1902 2788 1972 2829 ex
2002 2774 2135 2830 rela-

533 2863 684 2919 tione
733 2862 1027 2932 majorum,
1076 2864 1358 2937 scriptisve
1385 2864 1624 2937 priorum
1646 2866 2023 2936 compererim,
2050 2867 2135 2923 his

534 2951 822 3008 inserenda
869 2952 1103 3009 decrevi.

605 3043 697 3097 21.
732 3042 975 3110 Quadam
1001 3043 1106 3110 die,
1151 3060 1273 3099 cum
1316 3044 1724 3101 advenientibus
1770 3062 1941 3118 nuper
1970 3064 2137 3119 nego-

532 3136 842 3203 tiatoribus,
872 3136 1040 3191 multa
1071 3137 1279 3192 venalia
1310 3138 1364 3192 in
1392 3137 1509 3193 foro
1540 3138 1797 3194 Romanae
1826 3141 1975 3196 urbis
2004 3141 2133 3199 fuis—

2302 1946 2393 2001 25.
2426 1947 2501 2002 De
2520 1946 2674 2017 cujus
2691 1948 2932 2003 absentia
2956 1947 3186 2003 Romani
3201 1948 3491 2019 plurimum
3511 1948 3854 2019 perturbati,

2231 2036 2529 2093 deliberate
2574 2038 2833 2104 consilio,
2886 2037 3093 2094 trifarie
3140 2053 3239 2109 per
3283 2038 3403 2095 loca
3450 2039 3550 2094 via:
3581 2039 3858 2109 contigua

2235 2130 2378 2185 unde
2407 2130 2650 2200 pontifex
2698 2130 2765 2185 ad
2804 2132 2948 2186 beati
2978 2130 3124 2187 Petri
3174 2132 3458 2188 basilicam
3499 2132 3859 2203 profecturus

2234 2227 2370 2285 erat,
2402 2221 2727 2290 partiuntur,
2751 2236 2981 2290 eumque
3002 2222 3278 2277 turmatim
3301 2223 3482 2278 taliter
3507 2233 3530 2262 °
3552 2224 3857 2294 alloquunv

2234 2318 2324 2365 tur
2363 2329 2375 2364 :
2425 2310 2645 2367 Petrum
2697 2312 2999 2379 olfendisti,
3053 2312 3283 2368 Romam
3326 2314 3663 2381 destruxisti,
3704 2315 3856 2384 quia

2235 2401 2555 2473 Gregorium
2584 2405 2850 2461 dimisisti.
2890 2406 3095 2473 Quibus
3119 2406 3402 2461 sententiis
3447 2406 3666 2462 omnino
3692 2420 3853 2478 papa

2237 2497 2574 2566 perterritus,
2602 2498 3021 2555 misitcontinuo
3044 2499 3280 2566 nuntios,
3305 2498 3395 2569 qui
3416 2499 3595 2555 virum
3614 2500 3849 2556 Domini

2236 2598 2557 2644 revocarent
2584 2590 2922 2659 Gregorium.
2957 2590 3111 2657 Quod
3139 2591 3255 2661 ipse
3282 2591 3386 2649 sibi
3409 2592 3855 2651 commeantibus

2231 2680 2346 2752 jam
2377 2683 2701 2754 prmdixerat
2741 2682 2855 2738 fore
2879 2683 3134 2739 futurum.

2305 2774 2397 2828 ‘24.
2420 2774 2645 2845 Jamque
2690 2775 2847 2830 trium
2890 2775 3097 2831 dierum
3139 2776 3334 2833 itinere
3378 2775 3399 2815 ί
3432 2778 3736 2849 proﬂigato,
3763 2783 3856 2837 ad

2236 2867 2525 2938 quemdam
2570 2868 2751 2923 locum
2782 2869 3110 2939 requieturi,
3162 2867 3302 2925 forte
3331 2870 3688 2937 diverterant,
3726 2890 3857 2943 quo

2235 2963 2458 3033 singulis
2502 2962 2936 3033 quiescentibus,
2976 2963 3269 3033 Gregorius
3315 2965 3613 3020 lectitabat.
3664 2964 3859 3033 Quem

2236 3055 2445 3110 locusta
2510 3056 2896 3125 superveniens
2964 3058 3145 3127 coegit
3193 3058 3470 3127 paululum
3518 3074 3550 3115 a
3611 3060 3861 3130 legendo

2238 3149 2554 3218 quiescere,
2605 3157 2659 3204 et
2700 3164 2769 3205 ex
2810 3150 3246 3206 consideratione
3272 3152 3355 3207 sui
3401 3153 3635 3211 nominis
3654 3153 3861 3212 docuit

534 3233 656 3281 sent
719 3226 995 3295 proposita
1020 3267 1035 3291 ,
1112 3226 1375 3295 multique
1426 3227 1495 3281 ad
1550 3229 1834 3283 emendum
1895 3230 2129 3303 undique
2158 3246 2204 3310 α
2234 3254 2358 3295 eum
2387 3239 2441 3294 in
2471 3240 2659 3295 eodem
2689 3238 2812 3295 loco
2838 3254 2897 3295 se
2923 3248 3069 3296 stare
3112 3242 3330 3297 debere.
3364 3242 3433 3315 [ὃ
3466 3243 3617 3300 Tunc
3665 3243 3862 3302 fertur

535 3312 951 3383 confluxissent,
995 3317 1221 3387 contigit
1248 3326 1304 3372 et
1330 3316 1652 3387 Gregorium
1683 3322 1857 3375 virum
1903 3323 2015 3379 Deo
2045 3323 2130 3378 di-

536 3405 849 3477 gnissimum
875 3408 1151 3476 praeterire
1183 3426 1195 3461 :
1244 3410 1335 3478 qui
1363 3425 1589 3466 cernens
1620 3413 1762 3467 inter
1790 3414 1893 3468 alia
1934 3430 2131 3483 pueros

537 3510 765 3566 corpore
812 3496 1101 3564 candidos,
1158 3499 1329 3555 forma
1375 3502 1793 3571 pulcherrimos,
1837 3506 1986 3562 vultu
2025 3509 2133 3578 30

535 3595 825 3655 venustos,
856 3588 1174 3658 capillorum
1214 3606 1430 3662 quoque
1471 3594 1647 3651 nitore
1670 3597 1983 3667 perspicuos
2010 3615 2132 3656 esse

536 3679 776 3744 venales,
805 3680 1154 3749 interrogavit
1192 3694 1550 3741 mercatorem
1580 3687 1647 3742 de
1674 3703 1781 3757 qua
1812 3692 1984 3759 patria
2008 3691 2132 3749 illos

536 3772 819 3828 attulisset.
857 3770 952 3827 Ille
990 3775 1265 3845 respondit
1298 3795 1311 3830 :
1340 3775 1415 3832 De
1441 3777 1729 3834 Britannia:
1757 3780 1949 3848 insula,
1982 3784 2134 3853 cujus

537 3860 833 3919 incolarum
894 3866 1132 3920 omnium
1183 3866 1347 3923 facies
1388 3870 1548 3924 simili
1589 3871 1823 3928 candore
1865 3871 2129 3945 fulgescit.

536 3951 825 4023 Gregorius
865 3956 999 4012 dixit
1032 3976 1044 4011 :
1077 3956 1369 4015 Christiani
1417 3968 1544 4016 sunt
1586 3961 1747 4017 iidem
1770 3964 2029 4032 insulani,
2062 3982 2133 4024 an

538 4045 713 4100 adhuc
740 4048 962 4115 paganis
1001 4057 1250 4104 tenentur
1288 4052 1561 4107 erroribus
1600 4052 1894 4123 implicati?
1921 4055 2132 4112 Merca-

539 4141 626 4190 tor
644 4138 924 4204 respondit
956 4156 968 4191 :
1002 4138 1119 4194 Non
1147 4149 1274 4196 sunt
1295 4141 1618 4209 Christiani,
1660 4146 1755 4200 sed
1801 4149 2024 4217 paganis
2054 4158 2135 4206 te-

540 4236 736 4283 nentur
768 4229 974 4299 laqueis
1021 4233 1232 4289 irretiti.
1288 4234 1438 4293 Tunc
1491 4239 1783 4311 Gregorius
1824 4243 2021 4298 acriter
2051 4244 2133 4298 in-

541 4318 1023 4388 gemiscens:Henl
1053 4326 1189 4395 proh
1218 4326 1400 4383 dolor!
1430 4331 1623 4402 inquit,
1646 4348 1807 4403 quam
1830 4335 2135 4405 splendidas

540 4410 706 4468 facies
751 4414 1002 4486 princeps
1026 4418 1385 4483 tenebrarum
1428 4439 1571 4479 nunc
1620 4427 1897 4495 possidet,
1949 4437 2132 4483 tanta-

541 4517 649 4574 que
681 4515 703 4544 ο
736 4502 927 4562 frontis
972 4510 1180 4579 species
1226 4527 1449 4567 vacuam
1480 4514 1547 4569 ab
1578 4516 1784 4572 interna
1830 4518 1925 4573 Dei
1959 4520 2132 4589 gratia

2235 3332 2434 3387 dixisse
2460 3349 2471 3386 :
2500 3332 2753 3397 Locusta,
2780 3332 2975 3403 inquit,
2996 3333 3100 3389 dici
3123 3342 3329 3405 potest,
3354 3336 3507 3405 quasi
3533 3336 3656 3393 loco
3682 3345 3792 3392 sta.
3836 3338 3862 3410 ]

2234 3423 2535 3493 Statimque
2563 3425 2787 3479 comites
2816 3424 3152 3491 adhortatus,
3187 3424 3529 3484 festinantius
3560 3428 3637 3483 ire
3658 3435 3860 3484 certa-

2233 3512 2359 3578 bat;
2393 3512 2485 3567 sed
2517 3513 2969 3583 praevenientibus
2991 3515 3302 3585 apostolicis
3324 3518 3547 3587 nuntiis,
3574 3519 3697 3574 licet
3723 3535 3861 3576 ma-

2234 3618 2470 3675 gnopere
2493 3605 2816 3673 tristaretur,
2859 3606 3037 3664 redire
3064 3615 3245 3665 tamen
3271 3609 3337 3665 ad
3360 3612 3568 3682 proprii
3593 3613 3859 3683 compul-

2234 3711 2326 3753 sus
2353 3704 2435 3751 est
2456 3697 2768 3753 monasterii
2794 3712 2999 3753 curam.

2305 3786 2394 3842 25.
2429 3788 2670 3858 Denique
2693 3804 2920 3845 cernens
2944 3791 3286 3861 Benedictus,
3314 3795 3639 3851 venerabilis
3663 3797 3859 3865 ponti-

2233 3880 2356 3943 fex,
2389 3881 2652 3936 virtutum
2675 3882 2930 3952 gradibus
2968 3882 3290 3955 Gregorium
3330 3886 3398 3941 ad
3437 3888 3547 3942 alta
3579 3902 3857 3943 conscen-

2234 3973 2383 4036 dere,
2420 3974 2683 4029 violenter
2710 3990 2832 4029 eum
2874 3991 2903 4029 a
2932 3976 3116 4045 quiete
3158 3979 3475 4035 monasterii
3516 3979 3599 4035 sui
3626 3979 3859 4036 abstra-

2234 4062 2389 4129 hens,
2416 4064 2768 4121 ecclesiastici
2792 4066 3000 4123 ordinis
3026 4067 3205 4124 ofﬁcio
3234 4070 3565 4140 sublimavit,
3596 4071 3855 4128 levitatn—

2234 4169 2339 4226 que
2366 4156 2654 4226 septimum
2693 4157 2760 4211 ad
2790 4173 2943 4212 suum
2972 4158 3300 4228 adjutorium
3328 4162 3687 4218 consecravit.
3720 4163 3845 4236 31

2233 4244 2292 4299 In
2314 4260 2422 4315 quo
2463 4246 2786 4301 venerabilis
2826 4246 2987 4302 levita
3016 4247 3307 4318 Gregorius
3337 4258 3484 4305 tanta
3528 4251 3855 4310 humilitate

2236 4337 2422 4406 viguit,
2455 4345 2603 4392 tanta
2631 4338 2856 4394 solertia
2880 4340 3223 4407 ministravit,
3250 4351 3311 4397 ut
3354 4344 3409 4398 in
3454 4345 3857 4402 ecclesiasticas

2236 4428 2554 4487 hierarchiie
2598 4431 2899 4489 ministerio
2945 4433 3229 4489 videretur
3265 4435 3464 4492 divinis
3492 4438 3698 4507 angelis
3726 4452 3856 4497 non

2234 4521 2412 4576 solum
2452 4522 2630 4579 nitore
2656 4524 2894 4593 habitus,
2924 4540 3114 4581 verum
3144 4526 3307 4581 etiam
3355 4528 3603 4585 claritate
3628 4544 3858 4591 morum

541 4604 777 4692 mentem
817 4607 1013 4668 gestat.
1052 4600 1282 4657 Rursum
1310 4604 1659 4674 interrogavit
1698 4610 1840 4677 quod
1869 4621 2013 4667 esset
2032 4628 2132 4668 vo-
2164 4632 2215 4692 ι)
2239 4614 2600 4684 probabilium
2645 4615 3049 4685 quodammodo
3075 4620 3365 4688 coaequari.

542 4686 791 4742 cabulum
843 4691 1016 4757 gentis
1052 4692 1216 4748 illius.
1268 4692 1534 4750 Mercator
1587 4699 1864 4769 respondit
1915 4719 1927 4754 :
1980 4704 2138 4773 Angli

543 4789 823 4835 vocantur.
854 4781 1033 4839 Atille
1066 4802 1078 4837 :
1112 4784 1276 4848 Bene,
1324 4787 1517 4855 inquit,
1551 4788 1727 4859 Angli,
1758 4793 1911 4861 quasi
1940 4796 2137 4862 angeli,

544 4870 668 4938 quia
699 4878 753 4924 et
798 4873 1068 4941 angelicos
1112 4875 1290 4930 vultus
1320 4876 1552 4947 habent,
1604 4888 1661 4934 et
1705 4881 1837 4937 tales
1884 4883 1938 4938 in
1985 4887 2139 4941 caelis

546 4962 859 5029 angelorum
882 4963 1041 5019 decet
1065 4979 1183 5021 esse
1225 4969 1495 5024 concives.
1527 4968 1727 5026 lterum
1752 4988 1879 5043 ergo
1910 4975 2142 5031 interro-

545 5054 691 5123 gavit
715 5056 857 5125 quod
884 5071 1082 5111 nomen
1124 5058 1347 5114 haberet
1386 5061 1499 5131 ipsa
1538 5064 1835 5133 provincia.
1867 5065 2137 5122 Mercator

545 5149 824 5218 respondit
851 5166 864 5203 :
897 5147 1260 5208 Provinciales
1289 5153 1364 5208 illi
1394 5154 1537 5210 Deiri
1578 5165 1861 5213 vocantur.
1893 5157 1962 5213 Et
2001 5159 2135 5215 Gre-

636 5300 901 5371 0Mabill.,
942 5303 1208 5380 Gussanv.
1254 5316 1309 5361 ct
1345 5306 1460 5380 alii,
1504 5309 1925 5378 repugnantibus
1981 5311 2131 5380 Mss.,

544 5372 630 5449 qui
654 5381 856 5449 aztateln
875 5391 1024 5428 suam
1037 5377 1333 5449 intellectu,
1354 5387 1409 5449 et
1432 5372 1741 5445 humilitate,
1782 5390 1830 5434 et
1860 5372 2132 5449 gravitate,

548 5442 758 5522 docente
788 5443 1281 5522 Gregor._Bolland.
1318 5442 1444 5504 Mss.
1495 5442 1791 5515 consentit,
1836 5442 1936 5506 nisi
1990 5442 2137 5522 quod

546 5527 644 5582 pro
672 5515 965 5569 imminente
1004 5517 1167 5571 habet
1195 5519 1426 5573 docente.

620 5582 645 5620 δ
677 5582 875 5639 Mabiﬂ.
907 5594 959 5641 et
990 5586 1176 5652 Guss.,
1206 5590 1432 5653 invasus,
1461 5606 1614 5644 carne
1634 5592 1830 5645 solutus
1851 5602 1947 5647 cst.
1981 5593 2138 5650 Uter-

548 5667 652 5733 que
683 5660 860 5733 tamen
909 5657 961 5711 in
1005 5659 1243 5733 margine
1298 5668 1451 5733 notat
1499 5660 1781 5733 lectionem
1820 5662 1945 5717 Mss.
1993 5667 2140 5733 quod

549 5720 711 5776 etiam
727 5720 857 5798 alibi
876 5742 1036 5798 supra
1054 5736 1109 5782 et
1122 5720 1255 5798 infra
1271 5732 1653 5797 praestiterunt.
1680 5732 1855 5789 Editio
1871 5720 2135 5791 Gussanv.

551 5808 659 5849 non
689 5793 899 5870 videtur
928 5793 958 5850 εἰ
986 5793 1203 5852 ΜθδίΠξ
1239 5793 1565 5870 discrepare.

626 5873 648 5902 ο
695 5862 941 5937 Andeg.,
990 5869 1303 5936 frontispicii
1354 5862 1544 5941 gratia.
1604 5873 1814 5933 Gemet.
1874 5892 1937 5936 ac
1968 5878 2135 5964 ‘Bigu

2262 4744 2265 4747 ‹
2318 4706 2409 4761 26.
2444 4707 2554 4763 Nec
2583 4709 2751 4765 multo
2784 4718 2906 4780 post
2934 4726 3033 4781 pro
3062 4713 3336 4784 responsis
3367 4712 3739 4769 ecclesiasticis
3765 4715 3857 4775 ad

2246 4799 2435 4853 urbem
2463 4799 2989 4871 Constantinopolim
3028 4818 3058 4857 a
3096 4803 3314 4874 Pelagio
3343 4806 3572 4875 praesule
3598 4805 3857 4862 destina-

2249 4897 2355 4953 tur,
2379 4890 2467 4944 ubi
2483 4893 2728 4961 quamvis
2741 4892 2794 4947 in
2819 4900 3033 4951 terreno
3046 4905 3463 4952 conversaretur
3481 4898 3697 4968 palatio,
3712 4898 3859 4956 vitae

2245 4980 2483 5035 cmlestis
2523 4997 2630 5037 non
2678 4982 2965 5040 intermisit
2994 4988 3350 5057 propositum.
3382 4986 3565 5045 Secuti
3608 5006 3859 5061 namque

2243 5078 2371 5125 sunt
2397 5086 2521 5125 eum
2568 5074 2720 5127 multi
2757 5090 2822 5129 ex
2854 5091 2953 5131 suo
2993 5080 3321 5135 monasterio
3348 5078 3559 5147 fratres,
3582 5097 3859 5151 germana

2243 5162 2475 5218 devincti
2496 5164 2776 5222 charitate.
2808 5166 2963 5235 Quod
3002 5168 3181 5225 divina
3210 5170 3411 5228 factum
3439 5172 3861 5234 disnensatione

2246 5320 2431 5398 frontis
2458 5322 2895 5398 s_peciosi._lltic.,
2913 5326 3117 5398 frontis
3144 5328 3388 5396 speciosa:
3415 5330 3619 5398 gratim.

2317 5386 2344 5426 ά
2610 5404 2665 5475 et
2705 5386 3034 5480 Utic_.u'A'fle.;
3084 5386 3199 5480 latis
3233 5386 3438 5480 .etenini'
3451 5397 3548 5453 Dei
3577 5398 3853 5460 Creatori;

2245 5472 2442 5529 oportet
2478 5464 2582 5517 illis
2628 5466 2681 5517 in
2714 5466 2945 5533 partibus
2978 5466 3262 5522 decantari.

2320 5542 2341 5569 ο
2375 5531 2900 5611 ΒὶεηῆΑιιοιιιιυηιιιν
2922 5553 2939 5589 :
2965 5535 3085 5603 Eia,
3126 5540 3425 5609 apostolica,
3469 5540 3593 5607 quid
3627 5541 3847 5611 fecisti!

2244 5612 2477 5656 sanctum
2512 5603 2739 5657 Petrum.

2320 5673 2336 5709 ί
2372 5674 2541 5749 Bigot.
2590 5677 3021 5749 superscribitur,
3053 5679 3204 5733 idest
3231 5696 3476 5749 expenso.

2317 5754 2340 5790 8
2521 5746 2622 5799 hae
2648 5748 2955 5820 parenthesi
2974 5743 3565 5820 clauduntur'leguntur
3584 5753 3638 5808 in
3658 5755 3857 5810 omni-

2239 5814 2552 5887 buslﬁditis,
2578 5815 2719 5887 apud
2746 5815 2966 5887 ljaulum
3009 5820 3303 5878 Diaconum
3331 5814 3393 5880 el
3414 5823 3468 5877 in
3489 5838 3596 5878 uno
3623 5831 3855 5887 tantum

2242 5900 2308 5940 ex
2338 5885 2460 5940 Mss.
2510 5886 2729 5954 nostris,
2753 5885 2905 5943 Colb.
2932 5905 3007 5947 sc.
