  <div class='ocr_page' id='page_1' title='image "/cluster/home/n/w/nwhite01/storage/ocr_20150623/75/hvd.32044015469380/044.png"; bbox 0 0 4118 6450; ppageno 0'>
   <div class='ocr_carea' id='block_1_1' title="bbox 286 330 3555 415">
    <p class='ocr_par' dir='ltr' id='par_1_1' title="bbox 286 330 3555 415">
     <span class='ocr_line' id='line_1_1' title="bbox 286 330 3555 415; baseline 0.008 -27"><span class='ocrx_word' id='word_1_1' title='bbox 286 330 364 388; x_wconf 77' lang='grc'><strong>’15</strong></span> <span class='ocrx_word' id='word_1_2' title='bbox 907 331 966 389; x_wconf 86' lang='lat' dir='ltr'>S.</span> <span class='ocrx_word' id='word_1_3' title='bbox 1007 330 1337 389; x_wconf 83' lang='lat' dir='ltr'>GREGORII</span> <span class='ocrx_word' id='word_1_4' title='bbox 1373 333 1589 392; x_wconf 80' lang='lat' dir='ltr'><strong>MAGNI</strong></span> <span class='ocrx_word' id='word_1_5' title='bbox 1623 334 1808 404; x_wconf 82' lang='lat' dir='ltr'>VITA,</span> <span class='ocrx_word' id='word_1_6' title='bbox 1848 335 2054 394; x_wconf 82' lang='lat' dir='ltr'>AUCT.</span> <span class='ocrx_word' id='word_1_7' title='bbox 2093 335 2355 399; x_wconf 78' lang='lat' dir='ltr'>JOANNE</span> <span class='ocrx_word' id='word_1_8' title='bbox 2396 343 2705 404; x_wconf 60' lang='lat' dir='ltr'>DIACOINO.</span> <span class='ocrx_word' id='word_1_9' title='bbox 2746 347 2875 407; x_wconf 86' lang='lat' dir='ltr'>LIB.</span> <span class='ocrx_word' id='word_1_10' title='bbox 2916 348 2960 407; x_wconf 87' lang='grc'>1.</span> <span class='ocrx_word' id='word_1_11' title='bbox 3487 362 3555 415; x_wconf 64' lang='grc'>74</span> 
     </span>
    </p>
   </div>
   <div class='ocr_carea' id='block_1_2' title="bbox 276 441 3557 548">
    <p class='ocr_par' dir='ltr' id='par_1_2' title="bbox 276 441 3557 548">
     <span class='ocr_line' id='line_1_2' title="bbox 276 441 3557 548; baseline 0.012 -54"><span class='ocrx_word' id='word_1_12' title='bbox 276 441 627 512; x_wconf 70' lang='lat' dir='ltr'>conspicitur,</span> <span class='ocrx_word' id='word_1_13' title='bbox 658 449 720 497; x_wconf 92' lang='lat' dir='ltr'>ut</span> <span class='ocrx_word' id='word_1_14' title='bbox 741 456 929 498; x_wconf 91' lang='lat' dir='ltr'>eorum</span> <span class='ocrx_word' id='word_1_15' title='bbox 956 444 1207 500; x_wconf 79' lang='lat' dir='ltr'>videlicet</span> <span class='ocrx_word' id='word_1_16' title='bbox 1228 448 1477 517; x_wconf 87' lang='lat' dir='ltr'>exemplo</span> <span class='ocrx_word' id='word_1_17' title='bbox 1515 448 1583 502; x_wconf 92' lang='lat' dir='ltr'>ad</span> <span class='ocrx_word' id='word_1_18' title='bbox 1604 450 1863 507; x_wconf 90' lang='lat' dir='ltr'>orationis</span> <span class='ocrx_word' id='word_1_19' title='bbox 1889 456 1940 514; x_wconf 72' lang='grc' dir='ltr'>Α</span> <span class='ocrx_word' id='word_1_20' title='bbox 1966 472 2077 515; x_wconf 68' lang='lat' dir='ltr'>suae</span> <span class='ocrx_word' id='word_1_21' title='bbox 2106 461 2173 516; x_wconf 91' lang='lat' dir='ltr'>de</span> <span class='ocrx_word' id='word_1_22' title='bbox 2193 463 2572 533; x_wconf 90' lang='lat' dir='ltr'>discipulorum</span> <span class='ocrx_word' id='word_1_23' title='bbox 2599 467 2849 523; x_wconf 82' lang='lat' dir='ltr'>cordibus</span> <span class='ocrx_word' id='word_1_24' title='bbox 2876 478 3169 527; x_wconf 81' lang='lat' dir='ltr'>amoveret.</span> <span class='ocrx_word' id='word_1_25' title='bbox 3185 490 3203 524; x_wconf 75' lang='grc' dir='ltr'>ι</span> <span class='ocrx_word' id='word_1_26' title='bbox 3230 472 3329 530; x_wconf 86' lang='lat' dir='ltr'>Cui</span> <span class='ocrx_word' id='word_1_27' title='bbox 3349 474 3557 548; x_wconf 89' lang='lat' dir='ltr'>Grego-</span> 
     </span>
    </p>
   </div>
   <div class='ocr_carea' id='block_1_3' title="bbox 272 531 1874 607">
    <p class='ocr_par' dir='ltr' id='par_1_3' title="bbox 272 531 1874 607">
     <span class='ocr_line' id='line_1_3' title="bbox 272 531 1874 607; baseline 0.005 -19"><span class='ocrx_word' id='word_1_28' title='bbox 272 531 543 607; x_wconf 87' lang='lat' dir='ltr'>placidum</span> <span class='ocrx_word' id='word_1_29' title='bbox 585 531 733 587; x_wconf 93' lang='lat' dir='ltr'>littus</span> <span class='ocrx_word' id='word_1_30' title='bbox 772 534 929 601; x_wconf 89' lang='lat' dir='ltr'>quasi</span> <span class='ocrx_word' id='word_1_31' title='bbox 970 536 1219 591; x_wconf 69' lang='lat' dir='ltr'>anchoras</span> <span class='ocrx_word' id='word_1_32' title='bbox 1258 536 1384 605; x_wconf 66' lang='lat' dir='ltr'>{une</span> <span class='ocrx_word' id='word_1_33' title='bbox 1399 538 1784 607; x_wconf 71' lang='lat' dir='ltr'>stringeretur,</span> <span class='ocrx_word' id='word_1_34' title='bbox 1816 552 1874 600; x_wconf 88' lang='lat' dir='ltr'>et</span> 
     </span>
    </p>
   </div>
   <div class='ocr_carea' id='block_1_4' title="bbox 272 623 1873 700">
    <p class='ocr_par' dir='ltr' id='par_1_4' title="bbox 272 623 1873 700">
     <span class='ocr_line' id='line_1_4' title="bbox 272 623 1873 700; baseline 0.007 -21"><span class='ocrx_word' id='word_1_35' title='bbox 272 623 403 679; x_wconf 89' lang='lat' dir='ltr'>dum</span> <span class='ocrx_word' id='word_1_36' title='bbox 446 637 732 678; x_wconf 85' lang='lat' dir='ltr'>causarum</span> <span class='ocrx_word' id='word_1_37' title='bbox 772 624 1107 679; x_wconf 74' lang='lat' dir='ltr'>saecularium</span> <span class='ocrx_word' id='word_1_38' title='bbox 1155 627 1479 684; x_wconf 84' lang='lat' dir='ltr'>continuatis</span> <span class='ocrx_word' id='word_1_39' title='bbox 1520 631 1873 700; x_wconf 87' lang='lat' dir='ltr'>vertiginibus</span> 
     </span>
    </p>
   </div>
   <div class='ocr_carea' id='block_1_5' title="bbox 270 714 1871 788">
    <p class='ocr_par' dir='ltr' id='par_1_5' title="bbox 270 714 1871 788">
     <span class='ocr_line' id='line_1_5' title="bbox 270 714 1871 788; baseline 0.009 -17"><span class='ocrx_word' id='word_1_40' title='bbox 270 714 592 783; x_wconf 80' lang='lat' dir='ltr'>ﬂuctuaret,</span> <span class='ocrx_word' id='word_1_41' title='bbox 621 715 690 770; x_wconf 90' lang='lat' dir='ltr'>ad</span> <span class='ocrx_word' id='word_1_42' title='bbox 716 716 931 772; x_wconf 90' lang='lat' dir='ltr'>illorum</span> <span class='ocrx_word' id='word_1_43' title='bbox 951 720 1307 788; x_wconf 86' lang='lat' dir='ltr'>consortium,</span> <span class='ocrx_word' id='word_1_44' title='bbox 1336 721 1479 775; x_wconf 91' lang='lat' dir='ltr'>velut</span> <span class='ocrx_word' id='word_1_45' title='bbox 1520 721 1588 777; x_wconf 92' lang='lat' dir='ltr'>ad</span> <span class='ocrx_word' id='word_1_46' title='bbox 1615 725 1871 785; x_wconf 86' lang='lat' dir='ltr'>tutissimi</span> 
     </span>
    </p>
   </div>
   <div class='ocr_carea' id='block_1_6' title="bbox 268 807 1869 881">
    <p class='ocr_par' dir='ltr' id='par_1_6' title="bbox 268 807 1869 881">
     <span class='ocr_line' id='line_1_6' title="bbox 268 807 1869 881; baseline 0.006 -19"><span class='ocrx_word' id='word_1_47' title='bbox 268 816 462 881; x_wconf 80' lang='lat' dir='ltr'>portus</span> <span class='ocrx_word' id='word_1_48' title='bbox 485 816 512 845; x_wconf 72' lang='grc' dir='ltr'>α</span> <span class='ocrx_word' id='word_1_49' title='bbox 542 807 750 875; x_wconf 88' lang='lat' dir='ltr'>sinum,</span> <span class='ocrx_word' id='word_1_50' title='bbox 782 808 1074 879; x_wconf 81' lang='lat' dir='ltr'>refugeret.</span> <span class='ocrx_word' id='word_1_51' title='bbox 1106 810 1184 865; x_wconf 85' lang='lat' dir='ltr'>Ac</span> <span class='ocrx_word' id='word_1_52' title='bbox 1211 810 1339 866; x_wconf 88' lang='lat' dir='ltr'>licet</span> <span class='ocrx_word' id='word_1_53' title='bbox 1368 811 1500 867; x_wconf 89' lang='lat' dir='ltr'>illud</span> <span class='ocrx_word' id='word_1_54' title='bbox 1543 827 1666 869; x_wconf 90' lang='lat' dir='ltr'>eum</span> <span class='ocrx_word' id='word_1_55' title='bbox 1706 817 1869 873; x_wconf 90' lang='lat' dir='ltr'>mini-</span> 
     </span>
    </p>
   </div>
   <div class='ocr_carea' id='block_1_7' title="bbox 267 897 1871 978">
    <p class='ocr_par' dir='ltr' id='par_1_7' title="bbox 267 897 1871 978">
     <span class='ocr_line' id='line_1_7' title="bbox 267 897 1871 978; baseline 0.007 -24"><span class='ocrx_word' id='word_1_56' title='bbox 267 897 496 954; x_wconf 83' lang='lat' dir='ltr'>sterium</span> <span class='ocrx_word' id='word_1_57' title='bbox 524 912 555 953; x_wconf 89' lang='lat' dir='ltr'>a</span> <span class='ocrx_word' id='word_1_58' title='bbox 594 900 925 954; x_wconf 90' lang='lat' dir='ltr'>monasterio</span> <span class='ocrx_word' id='word_1_59' title='bbox 954 900 1281 955; x_wconf 88' lang='lat' dir='ltr'>abstractum</span> <span class='ocrx_word' id='word_1_60' title='bbox 1310 916 1341 956; x_wconf 91' lang='lat' dir='ltr'>a</span> <span class='ocrx_word' id='word_1_61' title='bbox 1375 902 1613 972; x_wconf 70' lang='lat' dir='ltr'>pristinae</span> <span class='ocrx_word' id='word_1_62' title='bbox 1653 920 1871 978; x_wconf 87' lang='lat' dir='ltr'>quoque</span> 
     </span>
    </p>
   </div>
   <div class='ocr_carea' id='block_1_8' title="bbox 268 987 1866 1071">
    <p class='ocr_par' dir='ltr' id='par_1_8' title="bbox 268 987 1866 1071">
     <span class='ocr_line' id='line_1_8' title="bbox 268 987 1866 1071; baseline 0.008 -29"><span class='ocrx_word' id='word_1_63' title='bbox 268 988 467 1059; x_wconf 88' lang='lat' dir='ltr'>quietis</span> <span class='ocrx_word' id='word_1_64' title='bbox 503 987 613 1043; x_wconf 88' lang='lat' dir='ltr'>vita</span> <span class='ocrx_word' id='word_1_65' title='bbox 661 1005 919 1046; x_wconf 85' lang='lat' dir='ltr'>mucrone</span> <span class='ocrx_word' id='word_1_66' title='bbox 960 1006 1069 1045; x_wconf 85' lang='lat' dir='ltr'>suae</span> <span class='ocrx_word' id='word_1_67' title='bbox 1109 993 1479 1062; x_wconf 89' lang='lat' dir='ltr'>occupationis</span> <span class='ocrx_word' id='word_1_68' title='bbox 1508 997 1866 1071; x_wconf 82' lang='lat' dir='ltr'>exstinxerat,</span> 
     </span>
    </p>
   </div>
   <div class='ocr_carea' id='block_1_9' title="bbox 266 1081 1869 1162">
    <p class='ocr_par' dir='ltr' id='par_1_9' title="bbox 266 1081 1869 1162">
     <span class='ocr_line' id='line_1_9' title="bbox 266 1081 1869 1162; baseline 0.007 -26"><span class='ocrx_word' id='word_1_69' title='bbox 266 1081 411 1137; x_wconf 90' lang='lat' dir='ltr'>inter</span> <span class='ocrx_word' id='word_1_70' title='bbox 426 1095 520 1137; x_wconf 90' lang='lat' dir='ltr'>eos</span> <span class='ocrx_word' id='word_1_71' title='bbox 546 1088 725 1136; x_wconf 87' lang='lat' dir='ltr'>tamen</span> <span class='ocrx_word' id='word_1_72' title='bbox 746 1097 846 1152; x_wconf 90' lang='lat' dir='ltr'>per</span> <span class='ocrx_word' id='word_1_73' title='bbox 873 1082 1127 1139; x_wconf 62' lang='lat' dir='ltr'>studiose</span> <span class='ocrx_word' id='word_1_74' title='bbox 1146 1082 1397 1142; x_wconf 88' lang='lat' dir='ltr'>lectionis</span> <span class='ocrx_word' id='word_1_75' title='bbox 1420 1087 1712 1157; x_wconf 88' lang='lat' dir='ltr'>alloquium</span> <span class='ocrx_word' id='word_1_76' title='bbox 1731 1106 1869 1162; x_wconf 89' lang='lat' dir='ltr'>quo-</span> 
     </span>
    </p>
   </div>
   <div class='ocr_carea' id='block_1_10' title="bbox 266 1170 1865 1252">
    <p class='ocr_par' dir='ltr' id='par_1_10' title="bbox 266 1170 1865 1252">
     <span class='ocr_line' id='line_1_10' title="bbox 266 1170 1865 1252; baseline 0.008 -27"><span class='ocrx_word' id='word_1_77' title='bbox 266 1170 483 1225; x_wconf 84' lang='lat' dir='ltr'>tidianae</span> <span class='ocrx_word' id='word_1_78' title='bbox 504 1170 761 1240; x_wconf 87' lang='lat' dir='ltr'>aspiratio</span> <span class='ocrx_word' id='word_1_79' title='bbox 782 1172 1208 1244; x_wconf 87' lang='lat' dir='ltr'>compunctionis</span> <span class='ocrx_word' id='word_1_80' title='bbox 1228 1173 1500 1232; x_wconf 85' lang='lat' dir='ltr'>animabat</span> <span class='ocrx_word' id='word_1_81' title='bbox 1514 1177 1667 1250; x_wconf 89' lang='lat' dir='ltr'>(Bed.</span> <span class='ocrx_word' id='word_1_82' title='bbox 1690 1180 1780 1235; x_wconf 89' lang='lat' dir='ltr'>tib.</span> <span class='ocrx_word' id='word_1_83' title='bbox 1804 1196 1865 1252; x_wconf 89' lang='grc' dir='ltr'><strong><em>ιι,</em></strong></span> 
     </span>
    </p>
   </div>
   <div class='ocr_carea' id='block_1_11' title="bbox 265 1261 875 1335">
    <p class='ocr_par' dir='ltr' id='par_1_11' title="bbox 265 1261 875 1335">
     <span class='ocr_line' id='line_1_11' title="bbox 265 1261 875 1335; baseline 0.007 -20"><span class='ocrx_word' id='word_1_84' title='bbox 265 1278 315 1317; x_wconf 86' lang='lat' dir='ltr'>c.</span> <span class='ocrx_word' id='word_1_85' title='bbox 351 1262 404 1330; x_wconf 89' lang='grc'><strong>1,</strong></span> <span class='ocrx_word' id='word_1_86' title='bbox 434 1261 639 1316; x_wconf 83' lang='lat' dir='ltr'>Histor.</span> <span class='ocrx_word' id='word_1_87' title='bbox 671 1262 875 1335; x_wconf 86' lang='lat' dir='ltr'>Angl.).</span> 
     </span>
    </p>
   </div>
   <div class='ocr_carea' id='block_1_12' title="bbox 337 1352 1865 1423">
    <p class='ocr_par' dir='ltr' id='par_1_12' title="bbox 337 1352 1865 1423">
     <span class='ocr_line' id='line_1_12' title="bbox 337 1352 1865 1423; baseline 0.01 -18"><span class='ocrx_word' id='word_1_88' title='bbox 337 1352 427 1407; x_wconf 78' lang='grc'><strong>27.</strong></span> <span class='ocrx_word' id='word_1_89' title='bbox 458 1352 664 1409; x_wconf 83' lang='lat' dir='ltr'>Horum</span> <span class='ocrx_word' id='word_1_90' title='bbox 686 1368 814 1423; x_wconf 88' lang='lat' dir='ltr'>ergo</span> <span class='ocrx_word' id='word_1_91' title='bbox 840 1355 1117 1411; x_wconf 89' lang='lat' dir='ltr'>consortio</span> <span class='ocrx_word' id='word_1_92' title='bbox 1143 1371 1252 1411; x_wconf 90' lang='lat' dir='ltr'>non</span> <span class='ocrx_word' id='word_1_93' title='bbox 1272 1356 1448 1413; x_wconf 90' lang='lat' dir='ltr'>solum</span> <span class='ocrx_word' id='word_1_94' title='bbox 1469 1373 1501 1413; x_wconf 91' lang='lat' dir='ltr'>a</span> <span class='ocrx_word' id='word_1_95' title='bbox 1526 1362 1757 1420; x_wconf 87' lang='lat' dir='ltr'>terrenis</span> <span class='ocrx_word' id='word_1_96' title='bbox 1780 1372 1865 1420; x_wconf 91' lang='lat' dir='ltr'>est</span> 
     </span>
    </p>
   </div>
   <div class='ocr_carea' id='block_1_13' title="bbox 262 1443 1864 1513">
    <p class='ocr_par' dir='ltr' id='par_1_13' title="bbox 262 1443 1864 1513">
     <span class='ocr_line' id='line_1_13' title="bbox 262 1443 1864 1513; baseline 0.009 -17"><span class='ocrx_word' id='word_1_97' title='bbox 262 1443 500 1498; x_wconf 88' lang='lat' dir='ltr'>munitus</span> <span class='ocrx_word' id='word_1_98' title='bbox 541 1443 874 1513; x_wconf 88' lang='lat' dir='ltr'>incursibus,</span> <span class='ocrx_word' id='word_1_99' title='bbox 914 1461 1101 1501; x_wconf 91' lang='lat' dir='ltr'>verum</span> <span class='ocrx_word' id='word_1_100' title='bbox 1140 1452 1304 1501; x_wconf 88' lang='lat' dir='ltr'>etlam</span> <span class='ocrx_word' id='word_1_101' title='bbox 1355 1448 1422 1504; x_wconf 89' lang='lat' dir='ltr'>ad</span> <span class='ocrx_word' id='word_1_102' title='bbox 1468 1450 1592 1506; x_wconf 61' lang='lat' dir='ltr'>vitae</span> <span class='ocrx_word' id='word_1_103' title='bbox 1628 1454 1864 1511; x_wconf 79' lang='lat' dir='ltr'>etelestis</span> 
     </span>
    </p>
   </div>
   <div class='ocr_carea' id='block_1_14' title="bbox 261 1534 1861 1606">
    <p class='ocr_par' dir='ltr' id='par_1_14' title="bbox 261 1534 1861 1606">
     <span class='ocr_line' id='line_1_14' title="bbox 261 1534 1861 1606; baseline 0.006 -16"><span class='ocrx_word' id='word_1_104' title='bbox 261 1534 521 1590; x_wconf 89' lang='lat' dir='ltr'>exercitia</span> <span class='ocrx_word' id='word_1_105' title='bbox 549 1534 717 1603; x_wconf 88' lang='lat' dir='ltr'>magis</span> <span class='ocrx_word' id='word_1_106' title='bbox 737 1535 1016 1606; x_wconf 77' lang='lat' dir='ltr'>magisque</span> <span class='ocrx_word' id='word_1_107' title='bbox 1042 1552 1355 1594; x_wconf 90' lang='lat' dir='ltr'>succensus.</span> <span class='ocrx_word' id='word_1_108' title='bbox 1402 1538 1535 1595; x_wconf 72' lang='lat' dir='ltr'>Nam</span> <span class='ocrx_word' id='word_1_109' title='bbox 1566 1542 1634 1597; x_wconf 91' lang='lat' dir='ltr'>ab</span> <span class='ocrx_word' id='word_1_110' title='bbox 1656 1544 1861 1600; x_wconf 82' lang='lat' dir='ltr'>eisdem</span> 
     </span>
    </p>
   </div>
   <div class='ocr_carea' id='block_1_15' title="bbox 258 1624 1858 1700">
    <p class='ocr_par' dir='ltr' id='par_1_15' title="bbox 258 1624 1858 1700">
     <span class='ocr_line' id='line_1_15' title="bbox 258 1624 1858 1700; baseline 0.008 -21"><span class='ocrx_word' id='word_1_111' title='bbox 258 1624 519 1682; x_wconf 77' lang='lat' dir='ltr'>fratribus</span> <span class='ocrx_word' id='word_1_112' title='bbox 578 1627 739 1682; x_wconf 81' lang='lat' dir='ltr'>enixe</span> <span class='ocrx_word' id='word_1_113' title='bbox 785 1635 1039 1698; x_wconf 87' lang='lat' dir='ltr'>rogatus,</span> <span class='ocrx_word' id='word_1_114' title='bbox 1083 1630 1425 1700; x_wconf 82' lang='lat' dir='ltr'>maximeque</span> <span class='ocrx_word' id='word_1_115' title='bbox 1463 1632 1491 1670; x_wconf 66' lang='grc' dir='ltr'>δ</span> <span class='ocrx_word' id='word_1_116' title='bbox 1534 1648 1565 1688; x_wconf 91' lang='lat' dir='ltr'>a</span> <span class='ocrx_word' id='word_1_117' title='bbox 1613 1633 1858 1693; x_wconf 90' lang='lat' dir='ltr'>Leandro</span> 
     </span>
    </p>
   </div>
   <div class='ocr_carea' id='block_1_16' title="bbox 260 1714 1855 1793">
    <p class='ocr_par' dir='ltr' id='par_1_16' title="bbox 260 1714 1855 1793">
     <span class='ocr_line' id='line_1_16' title="bbox 260 1714 1855 1793; baseline 0.008 -23"><span class='ocrx_word' id='word_1_118' title='bbox 260 1714 566 1787; x_wconf 79' lang='lat' dir='ltr'>Hlspalensi</span> <span class='ocrx_word' id='word_1_119' title='bbox 593 1717 874 1788; x_wconf 89' lang='lat' dir='ltr'>episcopo,</span> <span class='ocrx_word' id='word_1_120' title='bbox 903 1735 995 1789; x_wconf 81' lang='lat' dir='ltr'>qui</span> <span class='ocrx_word' id='word_1_121' title='bbox 1022 1735 1123 1790; x_wconf 90' lang='lat' dir='ltr'>pro</span> <span class='ocrx_word' id='word_1_122' title='bbox 1142 1722 1318 1777; x_wconf 90' lang='lat' dir='ltr'>causis</span> <span class='ocrx_word' id='word_1_123' title='bbox 1344 1723 1749 1793; x_wconf 83' lang='lat' dir='ltr'>wisigothorum</span> <span class='ocrx_word' id='word_1_124' title='bbox 1775 1726 1855 1782; x_wconf 90' lang='lat' dir='ltr'>le-</span> 
     </span>
    </p>
   </div>
   <div class='ocr_carea' id='block_1_17' title="bbox 260 1805 1825 1883">
    <p class='ocr_par' dir='ltr' id='par_1_17' title="bbox 260 1805 1825 1883">
     <span class='ocr_line' id='line_1_17' title="bbox 260 1805 1825 1883; baseline 0.006 -23"><span class='ocrx_word' id='word_1_125' title='bbox 260 1814 417 1873; x_wconf 89' lang='lat' dir='ltr'>gatus</span> <span class='ocrx_word' id='word_1_126' title='bbox 462 1805 657 1862; x_wconf 90' lang='lat' dir='ltr'>eodem</span> <span class='ocrx_word' id='word_1_127' title='bbox 725 1816 972 1879; x_wconf 90' lang='lat' dir='ltr'>tempore</span> <span class='ocrx_word' id='word_1_128' title='bbox 1027 1809 1549 1883; x_wconf 88' lang='lat' dir='ltr'>Constantinopolim</span> <span class='ocrx_word' id='word_1_129' title='bbox 1601 1825 1825 1871; x_wconf 88' lang='lat' dir='ltr'>venerat</span> 
     </span>
    </p>
   </div>
   <div class='ocr_carea' id='block_1_18' title="bbox 258 1896 1854 1971">
    <p class='ocr_par' dir='ltr' id='par_1_18' title="bbox 258 1896 1854 1971">
     <span class='ocr_line' id='line_1_18' title="bbox 258 1896 1854 1971; baseline 0.008 -20"><span class='ocrx_word' id='word_1_130' title='bbox 258 1896 570 1966; x_wconf 86' lang='lat' dir='ltr'>compulsus</span> <span class='ocrx_word' id='word_1_131' title='bbox 599 1904 684 1953; x_wconf 89' lang='lat' dir='ltr'>est</span> <span class='ocrx_word' id='word_1_132' title='bbox 701 1905 761 1953; x_wconf 91' lang='lat' dir='ltr'>ut</span> <span class='ocrx_word' id='word_1_133' title='bbox 784 1897 981 1954; x_wconf 92' lang='lat' dir='ltr'>librum</span> <span class='ocrx_word' id='word_1_134' title='bbox 1002 1900 1147 1955; x_wconf 90' lang='lat' dir='ltr'>beati</span> <span class='ocrx_word' id='word_1_135' title='bbox 1174 1900 1296 1971; x_wconf 90' lang='lat' dir='ltr'>Job,</span> <span class='ocrx_word' id='word_1_136' title='bbox 1345 1904 1527 1959; x_wconf 90' lang='lat' dir='ltr'>multis</span> <span class='ocrx_word' id='word_1_137' title='bbox 1554 1896 1854 1963; x_wconf 85' lang='lat' dir='ltr'>involutum</span> 
     </span>
    </p>
   </div>
   <div class='ocr_carea' id='block_1_19' title="bbox 258 1985 1846 2071">
    <p class='ocr_par' dir='ltr' id='par_1_19' title="bbox 258 1985 1846 2071">
     <span class='ocr_line' id='line_1_19' title="bbox 258 1985 1846 2071; baseline 0.009 -32"><span class='ocrx_word' id='word_1_138' title='bbox 258 1985 546 2056; x_wconf 86' lang='lat' dir='ltr'>mysteriis,</span> <span class='ocrx_word' id='word_1_139' title='bbox 571 1987 832 2044; x_wconf 84' lang='lat' dir='ltr'>enodaret</span> <span class='ocrx_word' id='word_1_140' title='bbox 859 1989 1053 2061; x_wconf 89' lang='lat' dir='ltr'>(Epist.</span> <span class='ocrx_word' id='word_1_141' title='bbox 1077 1993 1133 2046; x_wconf 90' lang='lat' dir='ltr'>in</span> <span class='ocrx_word' id='word_1_142' title='bbox 1163 2009 1342 2063; x_wconf 70' lang='lat' dir='ltr'>cmpos.</span> <span class='ocrx_word' id='word_1_143' title='bbox 1373 1994 1434 2048; x_wconf 90' lang='lat' dir='ltr'>B.</span> <span class='ocrx_word' id='word_1_144' title='bbox 1457 1995 1578 2063; x_wconf 82' lang='lat' dir='ltr'>Job,</span> <span class='ocrx_word' id='word_1_145' title='bbox 1610 2013 1726 2068; x_wconf 87' lang='lat' dir='ltr'>cap.</span> <span class='ocrx_word' id='word_1_146' title='bbox 1772 1999 1846 2071; x_wconf 94' lang='grc'>1).</span> 
     </span>
    </p>
   </div>
   <div class='ocr_carea' id='block_1_20' title="bbox 258 2076 1848 2154">
    <p class='ocr_par' dir='ltr' id='par_1_20' title="bbox 258 2076 1848 2154">
     <span class='ocr_line' id='line_1_20' title="bbox 258 2076 1848 2154; baseline 0.009 -23"><span class='ocrx_word' id='word_1_147' title='bbox 258 2076 450 2147; x_wconf 86' lang='lat' dir='ltr'>Neque</span> <span class='ocrx_word' id='word_1_148' title='bbox 470 2079 558 2135; x_wconf 91' lang='lat' dir='ltr'>ille</span> <span class='ocrx_word' id='word_1_149' title='bbox 578 2093 778 2150; x_wconf 88' lang='lat' dir='ltr'>negare</span> <span class='ocrx_word' id='word_1_150' title='bbox 805 2082 981 2152; x_wconf 91' lang='lat' dir='ltr'>potuit</span> <span class='ocrx_word' id='word_1_151' title='bbox 1009 2098 1145 2154; x_wconf 92' lang='lat' dir='ltr'>opus</span> <span class='ocrx_word' id='word_1_152' title='bbox 1171 2086 1316 2154; x_wconf 89' lang='lat' dir='ltr'>quod</span> <span class='ocrx_word' id='word_1_153' title='bbox 1351 2086 1454 2142; x_wconf 88' lang='lat' dir='ltr'>sibi</span> <span class='ocrx_word' id='word_1_154' title='bbox 1479 2102 1633 2143; x_wconf 91' lang='lat' dir='ltr'>amor</span> <span class='ocrx_word' id='word_1_155' title='bbox 1653 2088 1848 2145; x_wconf 81' lang='lat' dir='ltr'>frater-</span> 
     </span>
    </p>
   </div>
   <div class='ocr_carea' id='block_1_21' title="bbox 256 2167 1851 2240">
    <p class='ocr_par' dir='ltr' id='par_1_21' title="bbox 256 2167 1851 2240">
     <span class='ocr_line' id='line_1_21' title="bbox 256 2167 1851 2240; baseline 0.008 -20"><span class='ocrx_word' id='word_1_156' title='bbox 256 2181 361 2221; x_wconf 90' lang='lat' dir='ltr'>nus</span> <span class='ocrx_word' id='word_1_157' title='bbox 399 2167 580 2223; x_wconf 90' lang='lat' dir='ltr'>multis</span> <span class='ocrx_word' id='word_1_158' title='bbox 617 2168 749 2224; x_wconf 87' lang='lat' dir='ltr'>utile</span> <span class='ocrx_word' id='word_1_159' title='bbox 790 2170 1104 2240; x_wconf 88' lang='lat' dir='ltr'>imponebat</span> <span class='ocrx_word' id='word_1_160' title='bbox 1146 2173 1418 2240; x_wconf 81' lang='lat' dir='ltr'>futurum,</span> <span class='ocrx_word' id='word_1_161' title='bbox 1464 2175 1558 2230; x_wconf 89' lang='lat' dir='ltr'>sed</span> <span class='ocrx_word' id='word_1_162' title='bbox 1601 2178 1851 2234; x_wconf 88' lang='lat' dir='ltr'>eumdem</span> 
     </span>
    </p>
   </div>
   <div class='ocr_carea' id='block_1_22' title="bbox 257 2257 1850 2339">
    <p class='ocr_par' dir='ltr' id='par_1_22' title="bbox 257 2257 1850 2339">
     <span class='ocr_line' id='line_1_22' title="bbox 257 2257 1850 2339; baseline 0.008 -27"><span class='ocrx_word' id='word_1_163' title='bbox 257 2257 451 2314; x_wconf 87' lang='lat' dir='ltr'>librum</span> <span class='ocrx_word' id='word_1_164' title='bbox 480 2260 756 2329; x_wconf 91' lang='lat' dir='ltr'>quomodo</span> <span class='ocrx_word' id='word_1_165' title='bbox 787 2259 939 2331; x_wconf 82' lang='lat' dir='ltr'>juxta</span> <span class='ocrx_word' id='word_1_166' title='bbox 968 2263 1203 2318; x_wconf 90' lang='lat' dir='ltr'>litteram</span> <span class='ocrx_word' id='word_1_167' title='bbox 1231 2265 1630 2337; x_wconf 88' lang='lat' dir='ltr'>intelligendus,</span> <span class='ocrx_word' id='word_1_168' title='bbox 1677 2270 1850 2339; x_wconf 88' lang='lat' dir='ltr'>quali-</span> 
     </span>
    </p>
   </div>
   <div class='ocr_carea' id='block_1_23' title="bbox 256 2349 1848 2431">
    <p class='ocr_par' dir='ltr' id='par_1_23' title="bbox 256 2349 1848 2431">
     <span class='ocr_line' id='line_1_23' title="bbox 256 2349 1848 2431; baseline 0.008 -28"><span class='ocrx_word' id='word_1_169' title='bbox 256 2356 340 2409; x_wconf 86' lang='lat' dir='ltr'>ter</span> <span class='ocrx_word' id='word_1_170' title='bbox 359 2349 427 2404; x_wconf 90' lang='lat' dir='ltr'>ad</span> <span class='ocrx_word' id='word_1_171' title='bbox 447 2349 647 2407; x_wconf 85' lang='lat' dir='ltr'>Christi</span> <span class='ocrx_word' id='word_1_172' title='bbox 669 2360 725 2407; x_wconf 89' lang='lat' dir='ltr'>et</span> <span class='ocrx_word' id='word_1_173' title='bbox 751 2351 1003 2409; x_wconf 66' lang='lat' dir='ltr'>Ecclesiae</span> <span class='ocrx_word' id='word_1_174' title='bbox 1024 2369 1359 2411; x_wconf 83' lang='lat' dir='ltr'>sacramenta</span> <span class='ocrx_word' id='word_1_175' title='bbox 1380 2358 1710 2426; x_wconf 85' lang='lat' dir='ltr'>referendus,</span> <span class='ocrx_word' id='word_1_176' title='bbox 1740 2376 1848 2431; x_wconf 91' lang='lat' dir='ltr'>quo</span> 
     </span>
    </p>
   </div>
   <div class='ocr_carea' id='block_1_24' title="bbox 253 2444 1846 2522">
    <p class='ocr_par' dir='ltr' id='par_1_24' title="bbox 253 2444 1846 2522">
     <span class='ocr_line' id='line_1_24' title="bbox 253 2444 1846 2522; baseline 0.009 -25"><span class='ocrx_word' id='word_1_177' title='bbox 253 2456 417 2498; x_wconf 75' lang='lat' dir='ltr'>sensu</span> <span class='ocrx_word' id='word_1_178' title='bbox 436 2444 727 2516; x_wconf 89' lang='lat' dir='ltr'>unicuique</span> <span class='ocrx_word' id='word_1_179' title='bbox 755 2445 988 2503; x_wconf 90' lang='lat' dir='ltr'>ﬁdelium</span> <span class='ocrx_word' id='word_1_180' title='bbox 1010 2449 1081 2504; x_wconf 91' lang='lat' dir='ltr'>sit</span> <span class='ocrx_word' id='word_1_181' title='bbox 1108 2451 1403 2520; x_wconf 90' lang='lat' dir='ltr'>aptandus,</span> <span class='ocrx_word' id='word_1_182' title='bbox 1441 2463 1462 2491; x_wconf 73' lang='grc' dir='ltr'><em>ε</em></span> <span class='ocrx_word' id='word_1_183' title='bbox 1491 2469 1589 2522; x_wconf 91' lang='lat' dir='ltr'>per</span> <span class='ocrx_word' id='word_1_184' title='bbox 1615 2455 1846 2512; x_wconf 81' lang='lat' dir='ltr'>trifarias</span> 
     </span>
    </p>
   </div>
   <div class='ocr_carea' id='block_1_25' title="bbox 252 2530 1847 2612">
    <p class='ocr_par' dir='ltr' id='par_1_25' title="bbox 252 2530 1847 2612">
     <span class='ocr_line' id='line_1_25' title="bbox 252 2530 1847 2612; baseline 0.009 -24"><span class='ocrx_word' id='word_1_185' title='bbox 252 2530 587 2603; x_wconf 85' lang='lat' dir='ltr'>intelligendi</span> <span class='ocrx_word' id='word_1_186' title='bbox 628 2536 838 2607; x_wconf 79' lang='lat' dir='ltr'>species</span> <span class='ocrx_word' id='word_1_187' title='bbox 876 2538 1116 2594; x_wconf 89' lang='lat' dir='ltr'>miranda</span> <span class='ocrx_word' id='word_1_188' title='bbox 1160 2542 1371 2597; x_wconf 89' lang='lat' dir='ltr'>ratione</span> <span class='ocrx_word' id='word_1_189' title='bbox 1410 2544 1691 2612; x_wconf 89' lang='lat' dir='ltr'>perdocuit</span> <span class='ocrx_word' id='word_1_190' title='bbox 1739 2565 1752 2600; x_wconf 88' lang='lat'>:</span> <span class='ocrx_word' id='word_1_191' title='bbox 1791 2548 1847 2603; x_wconf 93' lang='lat' dir='ltr'>in</span> 
     </span>
    </p>
   </div>
   <div class='ocr_carea' id='block_1_26' title="bbox 252 2625 1848 2707">
    <p class='ocr_par' dir='ltr' id='par_1_26' title="bbox 252 2625 1848 2707">
     <span class='ocr_line' id='line_1_26' title="bbox 252 2625 1848 2707; baseline 0.008 -27"><span class='ocrx_word' id='word_1_192' title='bbox 252 2625 446 2696; x_wconf 77' lang='lat' dir='ltr'>quibus</span> <span class='ocrx_word' id='word_1_193' title='bbox 465 2635 643 2683; x_wconf 90' lang='lat' dir='ltr'>tamen</span> <span class='ocrx_word' id='word_1_194' title='bbox 681 2629 756 2683; x_wconf 90' lang='lat' dir='ltr'>ita</span> <span class='ocrx_word' id='word_1_195' title='bbox 795 2629 863 2685; x_wconf 91' lang='lat' dir='ltr'>de</span> <span class='ocrx_word' id='word_1_196' title='bbox 895 2629 1180 2687; x_wconf 86' lang='lat' dir='ltr'>virtutibus</span> <span class='ocrx_word' id='word_1_197' title='bbox 1205 2633 1456 2703; x_wconf 88' lang='lat' dir='ltr'>vitiisque</span> <span class='ocrx_word' id='word_1_198' title='bbox 1476 2635 1756 2707; x_wconf 89' lang='lat' dir='ltr'>disseruit,</span> <span class='ocrx_word' id='word_1_199' title='bbox 1786 2647 1848 2693; x_wconf 92' lang='lat' dir='ltr'>ut</span> 
     </span>
    </p>
   </div>
   <div class='ocr_carea' id='block_1_27' title="bbox 254 2717 1845 2794">
    <p class='ocr_par' dir='ltr' id='par_1_27' title="bbox 254 2717 1845 2794">
     <span class='ocr_line' id='line_1_27' title="bbox 254 2717 1845 2794; baseline 0.008 -24"><span class='ocrx_word' id='word_1_200' title='bbox 254 2731 369 2771; x_wconf 88' lang='lat' dir='ltr'>non</span> <span class='ocrx_word' id='word_1_201' title='bbox 398 2717 574 2773; x_wconf 92' lang='lat' dir='ltr'>solum</span> <span class='ocrx_word' id='word_1_202' title='bbox 598 2718 844 2774; x_wconf 89' lang='lat' dir='ltr'>videatur</span> <span class='ocrx_word' id='word_1_203' title='bbox 870 2720 1059 2775; x_wconf 92' lang='lat' dir='ltr'>eadem</span> <span class='ocrx_word' id='word_1_204' title='bbox 1086 2720 1265 2778; x_wconf 89' lang='lat' dir='ltr'>verbis</span> <span class='ocrx_word' id='word_1_205' title='bbox 1293 2738 1590 2794; x_wconf 86' lang='lat' dir='ltr'>exponere,</span> <span class='ocrx_word' id='word_1_206' title='bbox 1613 2727 1707 2781; x_wconf 91' lang='lat' dir='ltr'>sed</span> <span class='ocrx_word' id='word_1_207' title='bbox 1735 2728 1845 2782; x_wconf 85' lang='lat' dir='ltr'>l&#39;or-</span> 
     </span>
    </p>
   </div>
   <div class='ocr_carea' id='block_1_28' title="bbox 252 2807 1844 2882">
    <p class='ocr_par' dir='ltr' id='par_1_28' title="bbox 252 2807 1844 2882">
     <span class='ocr_line' id='line_1_28' title="bbox 252 2807 1844 2882; baseline 0.007 -22"><span class='ocrx_word' id='word_1_208' title='bbox 252 2807 356 2862; x_wconf 93' lang='lat' dir='ltr'>mis</span> <span class='ocrx_word' id='word_1_209' title='bbox 381 2808 778 2877; x_wconf 90' lang='lat' dir='ltr'>quodammodo</span> <span class='ocrx_word' id='word_1_210' title='bbox 802 2810 1098 2865; x_wconf 90' lang='lat' dir='ltr'>visibilibus</span> <span class='ocrx_word' id='word_1_211' title='bbox 1118 2826 1216 2867; x_wconf 90' lang='lat' dir='ltr'>seu</span> <span class='ocrx_word' id='word_1_212' title='bbox 1236 2813 1592 2882; x_wconf 89' lang='lat' dir='ltr'>palpabilibus</span> <span class='ocrx_word' id='word_1_213' title='bbox 1622 2816 1844 2871; x_wconf 89' lang='lat' dir='ltr'>demon-</span> 
     </span>
    </p>
   </div>
   <div class='ocr_carea' id='block_1_29' title="bbox 252 2897 1844 2977">
    <p class='ocr_par' dir='ltr' id='par_1_29' title="bbox 252 2897 1844 2977">
     <span class='ocr_line' id='line_1_29' title="bbox 252 2897 1844 2977; baseline 0.007 -25"><span class='ocrx_word' id='word_1_214' title='bbox 252 2906 443 2954; x_wconf 78' lang='lat' dir='ltr'>strare.</span> <span class='ocrx_word' id='word_1_215' title='bbox 475 2897 629 2955; x_wconf 88' lang='lat' dir='ltr'>Unde</span> <span class='ocrx_word' id='word_1_216' title='bbox 663 2916 772 2955; x_wconf 91' lang='lat' dir='ltr'>non</span> <span class='ocrx_word' id='word_1_217' title='bbox 801 2907 884 2957; x_wconf 90' lang='lat' dir='ltr'>est</span> <span class='ocrx_word' id='word_1_218' title='bbox 927 2901 1147 2957; x_wconf 91' lang='lat' dir='ltr'>dubium</span> <span class='ocrx_word' id='word_1_219' title='bbox 1175 2902 1561 2972; x_wconf 82' lang='lat' dir='ltr'>perfectionem</span> <span class='ocrx_word' id='word_1_220' title='bbox 1605 2907 1844 2977; x_wconf 89' lang='lat' dir='ltr'>ipsarum</span> 
     </span>
    </p>
   </div>
   <div class='ocr_carea' id='block_1_30' title="bbox 251 2990 1841 3065">
    <p class='ocr_par' dir='ltr' id='par_1_30' title="bbox 251 2990 1841 3065">
     <span class='ocr_line' id='line_1_30' title="bbox 251 2990 1841 3065; baseline 0.009 -23"><span class='ocrx_word' id='word_1_221' title='bbox 251 3000 374 3044; x_wconf 85' lang='lat' dir='ltr'>eum</span> <span class='ocrx_word' id='word_1_222' title='bbox 402 2996 748 3045; x_wconf 89' lang='lat' dir='ltr'>consecutum</span> <span class='ocrx_word' id='word_1_223' title='bbox 774 2990 939 3047; x_wconf 87' lang='lat' dir='ltr'>fuisse</span> <span class='ocrx_word' id='word_1_224' title='bbox 964 2993 1218 3048; x_wconf 90' lang='lat' dir='ltr'>virtutum</span> <span class='ocrx_word' id='word_1_225' title='bbox 1234 3036 1249 3063; x_wconf 89' lang='lat'>,</span> <span class='ocrx_word' id='word_1_226' title='bbox 1275 3009 1499 3065; x_wconf 90' lang='lat' dir='ltr'>quarum</span> <span class='ocrx_word' id='word_1_227' title='bbox 1523 3006 1635 3053; x_wconf 90' lang='lat' dir='ltr'>tam</span> <span class='ocrx_word' id='word_1_228' title='bbox 1656 2998 1841 3055; x_wconf 78' lang='lat' dir='ltr'>efﬁca-</span> 
     </span>
    </p>
   </div>
   <div class='ocr_carea' id='block_1_31' title="bbox 252 3078 1169 3153">
    <p class='ocr_par' dir='ltr' id='par_1_31' title="bbox 252 3078 1169 3153">
     <span class='ocr_line' id='line_1_31' title="bbox 252 3078 1169 3153; baseline 0.005 -19"><span class='ocrx_word' id='word_1_229' title='bbox 252 3078 386 3134; x_wconf 78' lang='lat' dir='ltr'>citer</span> <span class='ocrx_word' id='word_1_230' title='bbox 414 3080 584 3135; x_wconf 89' lang='lat' dir='ltr'>valuit</span> <span class='ocrx_word' id='word_1_231' title='bbox 611 3080 852 3137; x_wconf 91' lang='lat' dir='ltr'>indicare</span> <span class='ocrx_word' id='word_1_232' title='bbox 877 3082 1169 3153; x_wconf 84' lang='lat' dir='ltr'>prolectus.</span> 
     </span>
    </p>
   </div>
   <div class='ocr_carea' id='block_1_32' title="bbox 318 3170 1838 3251">
    <p class='ocr_par' dir='ltr' id='par_1_32' title="bbox 318 3170 1838 3251">
     <span class='ocr_line' id='line_1_32' title="bbox 318 3170 1838 3251; baseline 0.009 -26"><span class='ocrx_word' id='word_1_233' title='bbox 318 3170 410 3226; x_wconf 69' lang='lat'>28.</span> <span class='ocrx_word' id='word_1_234' title='bbox 440 3170 708 3228; x_wconf 77' lang='lat' dir='ltr'>Przeterea</span> <span class='ocrx_word' id='word_1_235' title='bbox 736 3174 1058 3231; x_wconf 78' lang='lat' dir='ltr'>venerabilis</span> <span class='ocrx_word' id='word_1_236' title='bbox 1078 3177 1240 3232; x_wconf 89' lang='lat' dir='ltr'>levita</span> <span class='ocrx_word' id='word_1_237' title='bbox 1265 3176 1557 3251; x_wconf 86' lang='lat' dir='ltr'>Gregorius</span> <span class='ocrx_word' id='word_1_238' title='bbox 1576 3181 1631 3236; x_wconf 94' lang='lat' dir='ltr'>in</span> <span class='ocrx_word' id='word_1_239' title='bbox 1648 3182 1838 3239; x_wconf 90' lang='lat' dir='ltr'>eadem</span> 
     </span>
    </p>
   </div>
   <div class='ocr_carea' id='block_1_33' title="bbox 253 3261 1839 3332">
    <p class='ocr_par' dir='ltr' id='par_1_33' title="bbox 253 3261 1839 3332">
     <span class='ocr_line' id='line_1_33' title="bbox 253 3261 1839 3332; baseline 0.009 -16"><span class='ocrx_word' id='word_1_240' title='bbox 253 3261 384 3317; x_wconf 83' lang='lat' dir='ltr'>urbe</span> <span class='ocrx_word' id='word_1_241' title='bbox 425 3266 571 3332; x_wconf 89' lang='lat' dir='ltr'>regia</span> <span class='ocrx_word' id='word_1_242' title='bbox 612 3266 965 3330; x_wconf 91' lang='lat' dir='ltr'>constitutus,</span> <span class='ocrx_word' id='word_1_243' title='bbox 1014 3277 1323 3325; x_wconf 87' lang='lat' dir='ltr'>nascentem</span> <span class='ocrx_word' id='word_1_244' title='bbox 1360 3286 1554 3326; x_wconf 88' lang='lat' dir='ltr'>novam</span> <span class='ocrx_word' id='word_1_245' title='bbox 1594 3274 1839 3330; x_wconf 78' lang='lat' dir='ltr'>hzeresim</span> 
     </span>
    </p>
   </div>
   <div class='ocr_carea' id='block_1_34' title="bbox 252 3350 1841 3433">
    <p class='ocr_par' dir='ltr' id='par_1_34' title="bbox 252 3350 1841 3433">
     <span class='ocr_line' id='line_1_34' title="bbox 252 3350 1841 3433; baseline 0.01 -27"><span class='ocrx_word' id='word_1_246' title='bbox 252 3350 316 3407; x_wconf 77' lang='lat' dir='ltr'>de</span> <span class='ocrx_word' id='word_1_247' title='bbox 334 3359 478 3407; x_wconf 90' lang='lat' dir='ltr'>statu</span> <span class='ocrx_word' id='word_1_248' title='bbox 505 3361 702 3410; x_wconf 68' lang='lat' dir='ltr'>nostrae</span> <span class='ocrx_word' id='word_1_249' title='bbox 727 3358 1140 3414; x_wconf 83' lang='lat' dir='ltr'>resurrectionis</span> <span class='ocrx_word' id='word_1_250' title='bbox 1162 3375 1283 3414; x_wconf 92' lang='lat' dir='ltr'>cum</span> <span class='ocrx_word' id='word_1_251' title='bbox 1310 3360 1428 3431; x_wconf 91' lang='lat' dir='ltr'>ipso</span> <span class='ocrx_word' id='word_1_252' title='bbox 1458 3378 1565 3433; x_wconf 92' lang='lat' dir='ltr'>quo</span> <span class='ocrx_word' id='word_1_253' title='bbox 1595 3375 1712 3420; x_wconf 91' lang='lat' dir='ltr'>orta</span> <span class='ocrx_word' id='word_1_254' title='bbox 1758 3373 1841 3422; x_wconf 91' lang='lat' dir='ltr'>est</span> 
     </span>
    </p>
   </div>
   <div class='ocr_carea' id='block_1_35' title="bbox 251 3440 1841 3520">
    <p class='ocr_par' dir='ltr' id='par_1_35' title="bbox 251 3440 1841 3520">
     <span class='ocr_line' id='line_1_35' title="bbox 251 3440 1841 3520; baseline 0.009 -22"><span class='ocrx_word' id='word_1_255' title='bbox 251 3440 423 3505; x_wconf 87' lang='lat' dir='ltr'>initio,</span> <span class='ocrx_word' id='word_1_256' title='bbox 466 3440 493 3480; x_wconf 74' lang='grc' dir='ltr'><em>ά</em></span> <span class='ocrx_word' id='word_1_257' title='bbox 530 3443 755 3513; x_wconf 90' lang='lat' dir='ltr'>juvante</span> <span class='ocrx_word' id='word_1_258' title='bbox 801 3446 973 3514; x_wconf 89' lang='lat' dir='ltr'>gratia</span> <span class='ocrx_word' id='word_1_259' title='bbox 1002 3449 1279 3503; x_wconf 84' lang='lat' dir='ltr'>catholicae</span> <span class='ocrx_word' id='word_1_260' title='bbox 1325 3451 1597 3520; x_wconf 91' lang='lat' dir='ltr'>veritatis,</span> <span class='ocrx_word' id='word_1_261' title='bbox 1639 3456 1841 3512; x_wconf 86' lang='lat' dir='ltr'>attrivit</span> 
     </span>
    </p>
   </div>
   <div class='ocr_carea' id='block_1_36' title="bbox 249 3529 1836 3609">
    <p class='ocr_par' dir='ltr' id='par_1_36' title="bbox 249 3529 1836 3609">
     <span class='ocr_line' id='line_1_36' title="bbox 249 3529 1836 3609; baseline 0.011 -24"><span class='ocrx_word' id='word_1_262' title='bbox 249 3529 389 3603; x_wconf 85' lang='lat' dir='ltr'>(Lib.</span> <span class='ocrx_word' id='word_1_263' title='bbox 444 3549 531 3588; x_wconf 79' lang='lat' dir='ltr'>xlv</span> <span class='ocrx_word' id='word_1_264' title='bbox 558 3533 697 3589; x_wconf 83' lang='lat' dir='ltr'>Mor.</span> <span class='ocrx_word' id='word_1_265' title='bbox 722 3553 777 3590; x_wconf 90' lang='lat' dir='ltr'>n.</span> <span class='ocrx_word' id='word_1_266' title='bbox 810 3535 877 3589; x_wconf 76' lang='grc'>72</span> <span class='ocrx_word' id='word_1_267' title='bbox 899 3547 946 3591; x_wconf 91' lang='lat' dir='ltr'>et</span> <span class='ocrx_word' id='word_1_268' title='bbox 972 3555 1079 3608; x_wconf 80' lang='lat' dir='ltr'>seq.</span> <span class='ocrx_word' id='word_1_269' title='bbox 1116 3538 1260 3593; x_wconf 89' lang='lat' dir='ltr'>Beda</span> <span class='ocrx_word' id='word_1_270' title='bbox 1287 3540 1376 3594; x_wconf 86' lang='lat' dir='ltr'>lib.</span> <span class='ocrx_word' id='word_1_271' title='bbox 1400 3558 1436 3609; x_wconf 83' lang='lat'>1,</span> <span class='ocrx_word' id='word_1_272' title='bbox 1461 3560 1509 3598; x_wconf 86' lang='lat' dir='ltr'>c.</span> <span class='ocrx_word' id='word_1_273' title='bbox 1551 3544 1602 3609; x_wconf 87' lang='grc'><strong>1,</strong></span> <span class='ocrx_word' id='word_1_274' title='bbox 1630 3544 1836 3603; x_wconf 82' lang='lat' dir='ltr'>Hister.</span> 
     </span>
    </p>
   </div>
   <div class='ocr_carea' id='block_1_37' title="bbox 250 3623 1839 3701">
    <p class='ocr_par' dir='ltr' id='par_1_37' title="bbox 250 3623 1839 3701">
     <span class='ocr_line' id='line_1_37' title="bbox 250 3623 1839 3701; baseline 0.009 -24"><span class='ocrx_word' id='word_1_275' title='bbox 250 3623 499 3695; x_wconf 60' lang='lat' dir='ltr'>Anglia).</span> <span class='ocrx_word' id='word_1_276' title='bbox 549 3624 825 3694; x_wconf 85' lang='lat' dir='ltr'>Siquidem</span> <span class='ocrx_word' id='word_1_277' title='bbox 868 3638 892 3664; x_wconf 79' lang='grc' dir='ltr'><strong>ο</strong></span> <span class='ocrx_word' id='word_1_278' title='bbox 939 3625 1267 3699; x_wconf 89' lang='lat' dir='ltr'>Eutychius,</span> <span class='ocrx_word' id='word_1_279' title='bbox 1318 3631 1558 3701; x_wconf 89' lang='lat' dir='ltr'>ejusdem</span> <span class='ocrx_word' id='word_1_280' title='bbox 1607 3637 1839 3693; x_wconf 86' lang='lat' dir='ltr'>civitatis</span> 
     </span>
    </p>
   </div>
   <div class='ocr_carea' id='block_1_38' title="bbox 246 3714 1835 3785">
    <p class='ocr_par' dir='ltr' id='par_1_38' title="bbox 246 3714 1835 3785">
     <span class='ocr_line' id='line_1_38' title="bbox 246 3714 1835 3785; baseline 0.01 -18"><span class='ocrx_word' id='word_1_281' title='bbox 246 3714 531 3785; x_wconf 67' lang='lat' dir='ltr'>spiscopus</span> <span class='ocrx_word' id='word_1_282' title='bbox 549 3753 565 3779; x_wconf 90' lang='lat'>,</span> <span class='ocrx_word' id='word_1_283' title='bbox 617 3716 754 3771; x_wconf 89' lang='lat' dir='ltr'>libro</span> <span class='ocrx_word' id='word_1_284' title='bbox 783 3716 850 3771; x_wconf 90' lang='lat' dir='ltr'>de</span> <span class='ocrx_word' id='word_1_285' title='bbox 894 3716 1311 3775; x_wconf 85' lang='lat' dir='ltr'>Resurrectione</span> <span class='ocrx_word' id='word_1_286' title='bbox 1339 3732 1674 3780; x_wconf 86' lang='lat' dir='ltr'>mortuorum</span> <span class='ocrx_word' id='word_1_287' title='bbox 1703 3742 1835 3783; x_wconf 89' lang='lat' dir='ltr'>con-</span> 
     </span>
    </p>
   </div>
   <div class='ocr_carea' id='block_1_39' title="bbox 247 3802 1837 3877">
    <p class='ocr_par' dir='ltr' id='par_1_39' title="bbox 247 3802 1837 3877">
     <span class='ocr_line' id='line_1_39' title="bbox 247 3802 1837 3877; baseline 0.009 -19"><span class='ocrx_word' id='word_1_288' title='bbox 247 3802 387 3859; x_wconf 75' lang='lat' dir='ltr'>fecto</span> <span class='ocrx_word' id='word_1_289' title='bbox 407 3845 422 3870; x_wconf 95' lang='lat'>,</span> <span class='ocrx_word' id='word_1_290' title='bbox 453 3806 852 3873; x_wconf 84' lang='lat' dir='ltr'>dogmatizabat</span> <span class='ocrx_word' id='word_1_291' title='bbox 876 3822 1074 3877; x_wconf 90' lang='lat' dir='ltr'>corpus</span> <span class='ocrx_word' id='word_1_292' title='bbox 1115 3819 1358 3866; x_wconf 90' lang='lat' dir='ltr'>nostrum</span> <span class='ocrx_word' id='word_1_293' title='bbox 1393 3815 1450 3867; x_wconf 92' lang='lat' dir='ltr'>in</span> <span class='ocrx_word' id='word_1_294' title='bbox 1476 3814 1569 3870; x_wconf 90' lang='lat' dir='ltr'>illa</span> <span class='ocrx_word' id='word_1_295' title='bbox 1593 3831 1837 3873; x_wconf 89' lang='lat' dir='ltr'>resurre-</span> 
     </span>
    </p>
   </div>
   <div class='ocr_carea' id='block_1_40' title="bbox 248 3891 1841 3971">
    <p class='ocr_par' dir='ltr' id='par_1_40' title="bbox 248 3891 1841 3971">
     <span class='ocr_line' id='line_1_40' title="bbox 248 3891 1841 3971; baseline 0.009 -23"><span class='ocrx_word' id='word_1_296' title='bbox 248 3891 445 3949; x_wconf 85' lang='lat' dir='ltr'>ctionis</span> <span class='ocrx_word' id='word_1_297' title='bbox 471 3893 644 3961; x_wconf 87' lang='lat' dir='ltr'>gloria</span> <span class='ocrx_word' id='word_1_298' title='bbox 689 3894 1068 3964; x_wconf 88' lang='lat' dir='ltr'>impalpabile,</span> <span class='ocrx_word' id='word_1_299' title='bbox 1114 3900 1291 3954; x_wconf 89' lang='lat' dir='ltr'>ventis</span> <span class='ocrx_word' id='word_1_300' title='bbox 1319 3915 1552 3971; x_wconf 88' lang='lat' dir='ltr'>aereque</span> <span class='ocrx_word' id='word_1_301' title='bbox 1593 3907 1841 3963; x_wconf 88' lang='lat' dir='ltr'>subtilius</span> 
     </span>
    </p>
   </div>
   <div class='ocr_carea' id='block_1_41' title="bbox 247 3987 1841 4063">
    <p class='ocr_par' dir='ltr' id='par_1_41' title="bbox 247 3987 1841 4063">
     <span class='ocr_line' id='line_1_41' title="bbox 247 3987 1841 4063; baseline 0.008 -19"><span class='ocrx_word' id='word_1_302' title='bbox 247 4003 373 4045; x_wconf 85' lang='lat' dir='ltr'>esse</span> <span class='ocrx_word' id='word_1_303' title='bbox 407 3988 665 4043; x_wconf 80' lang='lat' dir='ltr'>futurum.</span> <span class='ocrx_word' id='word_1_304' title='bbox 715 3987 869 4055; x_wconf 87' lang='lat' dir='ltr'>Quod</span> <span class='ocrx_word' id='word_1_305' title='bbox 915 3988 1208 4059; x_wconf 85' lang='lat' dir='ltr'>Gregorius</span> <span class='ocrx_word' id='word_1_306' title='bbox 1254 3994 1506 4063; x_wconf 88' lang='lat' dir='ltr'>audiens,</span> <span class='ocrx_word' id='word_1_307' title='bbox 1551 4006 1607 4053; x_wconf 90' lang='lat' dir='ltr'>et</span> <span class='ocrx_word' id='word_1_308' title='bbox 1632 4000 1841 4057; x_wconf 90' lang='lat' dir='ltr'>ratione</span> 
     </span>
    </p>
   </div>
   <div class='ocr_carea' id='block_1_42' title="bbox 247 4078 1842 4161">
    <p class='ocr_par' dir='ltr' id='par_1_42' title="bbox 247 4078 1842 4161">
     <span class='ocr_line' id='line_1_42' title="bbox 247 4078 1842 4161; baseline 0.008 -27"><span class='ocrx_word' id='word_1_309' title='bbox 247 4078 514 4147; x_wconf 86' lang='lat' dir='ltr'>veritatis,</span> <span class='ocrx_word' id='word_1_310' title='bbox 541 4086 597 4134; x_wconf 92' lang='lat' dir='ltr'>et</span> <span class='ocrx_word' id='word_1_311' title='bbox 620 4079 870 4149; x_wconf 87' lang='lat' dir='ltr'>exemplo</span> <span class='ocrx_word' id='word_1_312' title='bbox 898 4080 1182 4137; x_wconf 76' lang='lat' dir='ltr'>dominicae</span> <span class='ocrx_word' id='word_1_313' title='bbox 1210 4088 1617 4145; x_wconf 88' lang='lat' dir='ltr'>resurrectionis</span> <span class='ocrx_word' id='word_1_314' title='bbox 1644 4092 1842 4161; x_wconf 86' lang='lat' dir='ltr'>proba-</span> 
     </span>
    </p>
   </div>
   <div class='ocr_carea' id='block_1_43' title="bbox 246 4167 1839 4239">
    <p class='ocr_par' dir='ltr' id='par_1_43' title="bbox 246 4167 1839 4239">
     <span class='ocr_line' id='line_1_43' title="bbox 246 4167 1839 4239; baseline 0.011 -17"><span class='ocrx_word' id='word_1_315' title='bbox 246 4167 325 4222; x_wconf 82' lang='lat' dir='ltr'>vit</span> <span class='ocrx_word' id='word_1_316' title='bbox 363 4168 469 4223; x_wconf 88' lang='lat' dir='ltr'>hoc</span> <span class='ocrx_word' id='word_1_317' title='bbox 495 4167 692 4238; x_wconf 90' lang='lat' dir='ltr'>dogma</span> <span class='ocrx_word' id='word_1_318' title='bbox 713 4169 1030 4227; x_wconf 77' lang='lat' dir='ltr'>orthodoxae</span> <span class='ocrx_word' id='word_1_319' title='bbox 1054 4171 1178 4228; x_wconf 90' lang='lat' dir='ltr'>ﬁdei</span> <span class='ocrx_word' id='word_1_320' title='bbox 1210 4176 1521 4235; x_wconf 90' lang='lat' dir='ltr'>omnimodo</span> <span class='ocrx_word' id='word_1_321' title='bbox 1559 4196 1680 4238; x_wconf 90' lang='lat' dir='ltr'>esse</span> <span class='ocrx_word' id='word_1_322' title='bbox 1705 4200 1839 4239; x_wconf 85' lang='lat' dir='ltr'>con-</span> 
     </span>
    </p>
   </div>
   <div class='ocr_carea' id='block_1_44' title="bbox 249 4258 1841 4347">
    <p class='ocr_par' dir='ltr' id='par_1_44' title="bbox 249 4258 1841 4347">
     <span class='ocr_line' id='line_1_44' title="bbox 249 4258 1841 4347; baseline 0.011 -31"><span class='ocrx_word' id='word_1_323' title='bbox 249 4259 492 4316; x_wconf 88' lang='lat' dir='ltr'>trarium.</span> <span class='ocrx_word' id='word_1_324' title='bbox 523 4258 802 4316; x_wconf 82' lang='lat' dir='ltr'>Catholica</span> <span class='ocrx_word' id='word_1_325' title='bbox 835 4263 1038 4318; x_wconf 90' lang='lat' dir='ltr'>etenim</span> <span class='ocrx_word' id='word_1_326' title='bbox 1067 4264 1199 4322; x_wconf 92' lang='lat' dir='ltr'>ﬁdes</span> <span class='ocrx_word' id='word_1_327' title='bbox 1248 4267 1413 4324; x_wconf 90' lang='lat' dir='ltr'>habet</span> <span class='ocrx_word' id='word_1_328' title='bbox 1453 4272 1598 4340; x_wconf 89' lang='lat' dir='ltr'>quod</span> <span class='ocrx_word' id='word_1_329' title='bbox 1644 4290 1841 4347; x_wconf 91' lang='lat' dir='ltr'>corpus</span> 
     </span>
    </p>
   </div>
   <div class='ocr_carea' id='block_1_45' title="bbox 246 4351 1837 4440">
    <p class='ocr_par' dir='ltr' id='par_1_45' title="bbox 246 4351 1837 4440">
     <span class='ocr_line' id='line_1_45' title="bbox 246 4351 1837 4440; baseline 0.011 -32"><span class='ocrx_word' id='word_1_330' title='bbox 246 4359 492 4408; x_wconf 87' lang='lat' dir='ltr'>nostrum</span> <span class='ocrx_word' id='word_1_331' title='bbox 544 4351 601 4406; x_wconf 91' lang='lat' dir='ltr'>in</span> <span class='ocrx_word' id='word_1_332' title='bbox 647 4351 738 4407; x_wconf 87' lang='lat' dir='ltr'>illa</span> <span class='ocrx_word' id='word_1_333' title='bbox 778 4354 1194 4414; x_wconf 85' lang='lat' dir='ltr'>immortalitatis</span> <span class='ocrx_word' id='word_1_334' title='bbox 1245 4361 1418 4429; x_wconf 87' lang='lat' dir='ltr'>gloria</span> <span class='ocrx_word' id='word_1_335' title='bbox 1469 4366 1837 4440; x_wconf 89' lang='lat' dir='ltr'>sublimatum,</span> 
     </span>
    </p>
   </div>
   <div class='ocr_carea' id='block_1_46' title="bbox 246 4442 1838 4528">
    <p class='ocr_par' dir='ltr' id='par_1_46' title="bbox 246 4442 1838 4528">
     <span class='ocr_line' id='line_1_46' title="bbox 246 4442 1838 4528; baseline 0.01 -27"><span class='ocrx_word' id='word_1_336' title='bbox 246 4443 445 4501; x_wconf 80' lang='lat' dir='ltr'>subtile</span> <span class='ocrx_word' id='word_1_337' title='bbox 467 4442 687 4513; x_wconf 89' lang='lat' dir='ltr'>quidem</span> <span class='ocrx_word' id='word_1_338' title='bbox 716 4445 786 4500; x_wconf 92' lang='lat' dir='ltr'>sit</span> <span class='ocrx_word' id='word_1_339' title='bbox 806 4460 903 4516; x_wconf 90' lang='lat' dir='ltr'>per</span> <span class='ocrx_word' id='word_1_340' title='bbox 939 4448 1189 4505; x_wconf 84' lang='lat' dir='ltr'>eﬁectum</span> <span class='ocrx_word' id='word_1_341' title='bbox 1235 4453 1531 4522; x_wconf 89' lang='lat' dir='ltr'>spiritualis</span> <span class='ocrx_word' id='word_1_342' title='bbox 1558 4462 1838 4528; x_wconf 63' lang='lat' dir='ltr'>potentias,</span> 
     </span>
    </p>
   </div>
   <div class='ocr_carea' id='block_1_47' title="bbox 247 4534 1838 4622">
    <p class='ocr_par' dir='ltr' id='par_1_47' title="bbox 247 4534 1838 4622">
     <span class='ocr_line' id='line_1_47' title="bbox 247 4534 1838 4622; baseline 0.012 -32"><span class='ocrx_word' id='word_1_343' title='bbox 247 4534 348 4591; x_wconf 86' lang='lat' dir='ltr'>sed</span> <span class='ocrx_word' id='word_1_344' title='bbox 367 4534 635 4604; x_wconf 86' lang='lat' dir='ltr'>palpabile</span> <span class='ocrx_word' id='word_1_345' title='bbox 680 4551 777 4605; x_wconf 90' lang='lat' dir='ltr'>per</span> <span class='ocrx_word' id='word_1_346' title='bbox 800 4538 1082 4595; x_wconf 88' lang='lat' dir='ltr'>veritatem</span> <span class='ocrx_word' id='word_1_347' title='bbox 1106 4550 1329 4611; x_wconf 70' lang='lat' dir='ltr'>naturae,</span> <span class='ocrx_word' id='word_1_348' title='bbox 1356 4545 1509 4616; x_wconf 82' lang='lat' dir='ltr'>juxta</span> <span class='ocrx_word' id='word_1_349' title='bbox 1537 4553 1838 4622; x_wconf 89' lang='lat' dir='ltr'>exemplum</span> 
     </span>
    </p>
   </div>
   <div class='ocr_carea' id='block_1_48' title="bbox 250 4625 1841 4701">
    <p class='ocr_par' dir='ltr' id='par_1_48' title="bbox 250 4625 1841 4701">
     <span class='ocr_line' id='line_1_48' title="bbox 250 4625 1841 4701; baseline 0.013 -20"><span class='ocrx_word' id='word_1_350' title='bbox 250 4625 506 4681; x_wconf 79' lang='lat' dir='ltr'>dominici</span> <span class='ocrx_word' id='word_1_351' title='bbox 536 4627 799 4696; x_wconf 89' lang='lat' dir='ltr'>corporis,</span> <span class='ocrx_word' id='word_1_352' title='bbox 828 4629 896 4684; x_wconf 89' lang='lat' dir='ltr'>de</span> <span class='ocrx_word' id='word_1_353' title='bbox 922 4646 1030 4700; x_wconf 93' lang='lat' dir='ltr'>quo</span> <span class='ocrx_word' id='word_1_354' title='bbox 1059 4647 1091 4687; x_wconf 92' lang='lat' dir='ltr'>a</span> <span class='ocrx_word' id='word_1_355' title='bbox 1119 4636 1346 4692; x_wconf 91' lang='lat' dir='ltr'>mortuis</span> <span class='ocrx_word' id='word_1_356' title='bbox 1368 4641 1684 4698; x_wconf 89' lang='lat' dir='ltr'>resuscitato</span> <span class='ocrx_word' id='word_1_357' title='bbox 1713 4645 1841 4701; x_wconf 91' lang='lat' dir='ltr'>dicit</span> 
     </span>
    </p>
   </div>
   <div class='ocr_carea' id='block_1_49' title="bbox 251 4716 1840 4801">
    <p class='ocr_par' dir='ltr' id='par_1_49' title="bbox 251 4716 1840 4801">
     <span class='ocr_line' id='line_1_49' title="bbox 251 4716 1840 4801; baseline 0.014 -31"><span class='ocrx_word' id='word_1_358' title='bbox 251 4716 370 4787; x_wconf 80' lang='lat' dir='ltr'>ipse</span> <span class='ocrx_word' id='word_1_359' title='bbox 396 4716 702 4787; x_wconf 84' lang='lat' dir='ltr'>discipulis:</span> <span class='ocrx_word' id='word_1_360' title='bbox 729 4718 950 4790; x_wconf 83' lang='lat' dir='ltr'>Palpate</span> <span class='ocrx_word' id='word_1_361' title='bbox 964 4731 1013 4776; x_wconf 89' lang='lat' dir='ltr'>et</span> <span class='ocrx_word' id='word_1_362' title='bbox 1033 4724 1216 4790; x_wconf 85' lang='lat' dir='ltr'>videte,</span> <span class='ocrx_word' id='word_1_363' title='bbox 1248 4728 1369 4798; x_wconf 82' lang='lat' dir='ltr'>quia</span> <span class='ocrx_word' id='word_1_364' title='bbox 1395 4732 1607 4801; x_wconf 79' lang='lat' dir='ltr'>spiritus</span> <span class='ocrx_word' id='word_1_365' title='bbox 1631 4750 1840 4792; x_wconf 85' lang='lat' dir='ltr'>carnem</span> 
     </span>
    </p>
   </div>
   <div class='ocr_carea' id='block_1_50' title="bbox 250 4809 1836 4897">
    <p class='ocr_par' dir='ltr' id='par_1_50' title="bbox 250 4809 1836 4897">
     <span class='ocr_line' id='line_1_50' title="bbox 250 4809 1836 4897; baseline 0.013 -33"><span class='ocrx_word' id='word_1_366' title='bbox 250 4815 305 4864; x_wconf 75' lang='lat' dir='ltr'>et</span> <span class='ocrx_word' id='word_1_367' title='bbox 330 4824 449 4863; x_wconf 81' lang='lat' dir='ltr'>ossa</span> <span class='ocrx_word' id='word_1_368' title='bbox 467 4825 569 4864; x_wconf 88' lang='lat' dir='ltr'>non</span> <span class='ocrx_word' id='word_1_369' title='bbox 598 4809 771 4879; x_wconf 81' lang='lat' dir='ltr'>habet,</span> <span class='ocrx_word' id='word_1_370' title='bbox 811 4813 941 4867; x_wconf 85' lang='lat' dir='ltr'>sicut</span> <span class='ocrx_word' id='word_1_371' title='bbox 970 4831 1048 4869; x_wconf 86' lang='lat' dir='ltr'>me</span> <span class='ocrx_word' id='word_1_372' title='bbox 1071 4817 1250 4873; x_wconf 81' lang='lat' dir='ltr'>videtis</span> <span class='ocrx_word' id='word_1_373' title='bbox 1281 4819 1469 4876; x_wconf 83' lang='lat' dir='ltr'>habere</span> <span class='ocrx_word' id='word_1_374' title='bbox 1497 4824 1645 4894; x_wconf 91' lang='lat' dir='ltr'>(Luc.</span> <span class='ocrx_word' id='word_1_375' title='bbox 1690 4845 1836 4897; x_wconf 81' lang='lat' dir='ltr'>xxiv,</span> 
     </span>
    </p>
   </div>
   <div class='ocr_carea' id='block_1_51' title="bbox 250 4898 1837 4977">
    <p class='ocr_par' dir='ltr' id='par_1_51' title="bbox 250 4898 1837 4977">
     <span class='ocr_line' id='line_1_51' title="bbox 250 4898 1837 4977; baseline 0.014 -22"><span class='ocrx_word' id='word_1_376' title='bbox 250 4898 370 4967; x_wconf 76' lang='lat'>39).</span> <span class='ocrx_word' id='word_1_377' title='bbox 400 4900 641 4972; x_wconf 90' lang='lat' dir='ltr'>Cumque</span> <span class='ocrx_word' id='word_1_378' title='bbox 668 4902 773 4959; x_wconf 90' lang='lat' dir='ltr'>hoc</span> <span class='ocrx_word' id='word_1_379' title='bbox 799 4905 905 4977; x_wconf 70' lang='lat'><strong>32</strong></span> <span class='ocrx_word' id='word_1_380' title='bbox 935 4909 1257 4977; x_wconf 80' lang='lat' dir='ltr'>evangelicae</span> <span class='ocrx_word' id='word_1_381' title='bbox 1308 4914 1551 4972; x_wconf 89' lang='lat' dir='ltr'>veritatis</span> <span class='ocrx_word' id='word_1_382' title='bbox 1592 4921 1837 4977; x_wconf 91' lang='lat' dir='ltr'>testimo-</span> 
     </span>
    </p>
   </div>
   <div class='ocr_carea' id='block_1_52' title="bbox 252 4991 1837 5073">
    <p class='ocr_par' dir='ltr' id='par_1_52' title="bbox 252 4991 1837 5073">
     <span class='ocr_line' id='line_1_52' title="bbox 252 4991 1837 5073; baseline 0.014 -25"><span class='ocrx_word' id='word_1_383' title='bbox 252 4993 401 5048; x_wconf 84' lang='lat' dir='ltr'>nium</span> <span class='ocrx_word' id='word_1_384' title='bbox 430 4991 720 5065; x_wconf 88' lang='lat' dir='ltr'>Gregorius</span> <span class='ocrx_word' id='word_1_385' title='bbox 746 4997 1074 5065; x_wconf 87' lang='lat' dir='ltr'>protulisset,</span> <span class='ocrx_word' id='word_1_386' title='bbox 1114 4999 1407 5073; x_wconf 87' lang='lat' dir='ltr'>Eutychius</span> <span class='ocrx_word' id='word_1_387' title='bbox 1426 5008 1501 5062; x_wconf 89' lang='lat' dir='ltr'>ait</span> <span class='ocrx_word' id='word_1_388' title='bbox 1531 5026 1544 5062; x_wconf 92' lang='lat'>:</span> <span class='ocrx_word' id='word_1_389' title='bbox 1584 5028 1602 5062; x_wconf 87' lang='lat' dir='ltr'>t</span> <span class='ocrx_word' id='word_1_390' title='bbox 1634 5010 1837 5070; x_wconf 85' lang='lat' dir='ltr'>idcirco</span> 
     </span>
    </p>
   </div>
   <div class='ocr_carea' id='block_1_53' title="bbox 252 5084 1845 5162">
    <p class='ocr_par' dir='ltr' id='par_1_53' title="bbox 252 5084 1845 5162">
     <span class='ocr_line' id='line_1_53' title="bbox 252 5084 1845 5162; baseline 0.014 -22"><span class='ocrx_word' id='word_1_391' title='bbox 252 5084 362 5140; x_wconf 86' lang='lat' dir='ltr'>hoc</span> <span class='ocrx_word' id='word_1_392' title='bbox 401 5084 657 5143; x_wconf 89' lang='lat' dir='ltr'>Dominus</span> <span class='ocrx_word' id='word_1_393' title='bbox 684 5086 840 5154; x_wconf 81' lang='lat' dir='ltr'>fecit,</span> <span class='ocrx_word' id='word_1_394' title='bbox 892 5098 951 5143; x_wconf 93' lang='lat' dir='ltr'>ut</span> <span class='ocrx_word' id='word_1_395' title='bbox 1002 5090 1395 5150; x_wconf 87' lang='lat' dir='ltr'>dubitationem</span> <span class='ocrx_word' id='word_1_396' title='bbox 1434 5105 1845 5162; x_wconf 88' lang='lat' dir='ltr'>resurrectionis</span> 
     </span>
    </p>
   </div>
   <div class='ocr_carea' id='block_1_54' title="bbox 329 5216 1842 5293">
    <p class='ocr_par' dir='ltr' id='par_1_54' title="bbox 329 5216 1842 5293">
     <span class='ocr_line' id='line_1_54' title="bbox 329 5216 1842 5293; baseline 0.015 -23"><span class='ocrx_word' id='word_1_397' title='bbox 329 5226 355 5254; x_wconf 70' lang='grc'>⁸</span> <span class='ocrx_word' id='word_1_398' title='bbox 380 5216 713 5293; x_wconf 63' lang='lat' dir='ltr'>lnpmnibus</span> <span class='ocrx_word' id='word_1_399' title='bbox 736 5219 861 5275; x_wconf 83' lang='lat' dir='ltr'>Mss.</span> <span class='ocrx_word' id='word_1_400' title='bbox 894 5223 1110 5288; x_wconf 90' lang='lat' dir='ltr'>nostris,</span> <span class='ocrx_word' id='word_1_401' title='bbox 1142 5236 1317 5293; x_wconf 89' lang='lat' dir='ltr'>portus</span> <span class='ocrx_word' id='word_1_402' title='bbox 1342 5229 1598 5287; x_wconf 87' lang='lat' dir='ltr'>volumina</span> <span class='ocrx_word' id='word_1_403' title='bbox 1637 5236 1842 5292; x_wconf 86' lang='lat' dir='ltr'>littora-</span> 
     </span>
    </p>
   </div>
   <div class='ocr_carea' id='block_1_55' title="bbox 324 5290 1840 5371">
    <p class='ocr_par' dir='ltr' id='par_1_55' title="bbox 324 5290 1840 5371">
     <span class='ocr_line' id='line_1_55' title="bbox 324 5290 1840 5371; baseline 0.016 -31"><span class='ocrx_word' id='word_1_404' title='bbox 324 5290 653 5371; x_wconf 64' lang='lat' dir='ltr'>erefugeret.</span> <span class='ocrx_word' id='word_1_405' title='bbox 681 5290 810 5356; x_wconf 75' lang='lat' dir='ltr'>Qute</span> <span class='ocrx_word' id='word_1_406' title='bbox 859 5290 1168 5371; x_wconf 39' lang='lat' dir='ltr'>etiam‘suis</span> <span class='ocrx_word' id='word_1_407' title='bbox 1205 5295 1259 5349; x_wconf 93' lang='lat' dir='ltr'>in</span> <span class='ocrx_word' id='word_1_408' title='bbox 1301 5296 1433 5371; x_wconf 75' lang='lat' dir='ltr'>Mss.</span> <span class='ocrx_word' id='word_1_409' title='bbox 1473 5301 1602 5371; x_wconf 89' lang='lat' dir='ltr'>legit</span> <span class='ocrx_word' id='word_1_410' title='bbox 1639 5290 1840 5364; x_wconf 83' lang='lat' dir='ltr'>Mabill.</span> 
     </span>
    </p>
   </div>
   <div class='ocr_carea' id='block_1_56' title="bbox 254 5302 1829 5439">
    <p class='ocr_par' dir='ltr' id='par_1_56' title="bbox 254 5302 1829 5439">
     <span class='ocr_line' id='line_1_56' title="bbox 254 5302 1829 5411; baseline 0.015 -72"><span class='ocrx_word' id='word_1_411' title='bbox 254 5302 352 5411; x_wconf 56' lang='lat' dir='ltr'>rte</span> <span class='ocrx_word' id='word_1_412' title='bbox 378 5302 653 5368; x_wconf 71' lang='lat' dir='ltr'>rejugeret.</span> <span class='ocrx_word' id='word_1_413' title='bbox 681 5302 810 5356; x_wconf 68' lang='lat' dir='ltr'>una:</span> <span class='ocrx_word' id='word_1_414' title='bbox 859 5302 1021 5346; x_wconf 83' lang='lat' dir='ltr'>etiam</span> <span class='ocrx_word' id='word_1_415' title='bbox 1055 5302 1168 5375; x_wconf 72' lang='lat' dir='ltr'>suis</span> <span class='ocrx_word' id='word_1_416' title='bbox 1205 5302 1259 5349; x_wconf 89' lang='lat' dir='ltr'>in</span> <span class='ocrx_word' id='word_1_417' title='bbox 1301 5302 1434 5380; x_wconf 88' lang='lat' dir='ltr'>Mss._</span> <span class='ocrx_word' id='word_1_418' title='bbox 1473 5302 1602 5371; x_wconf 90' lang='lat' dir='ltr'>legit</span> <span class='ocrx_word' id='word_1_419' title='bbox 1639 5306 1829 5363; x_wconf 54' lang='lat' dir='ltr'>Mabill.</span> 
     </span>
     <span class='ocr_line' id='line_1_57' title="bbox 301 5361 1829 5439; baseline 0.014 -29"><span class='ocrx_word' id='word_1_420' title='bbox 301 5366 441 5412; x_wconf 81' lang='lat' dir='ltr'>cctio</span> <span class='ocrx_word' id='word_1_421' title='bbox 476 5367 663 5439; x_wconf 73' lang='lat' dir='ltr'>nostra</span> <span class='ocrx_word' id='word_1_422' title='bbox 708 5374 827 5439; x_wconf 63' lang='lat' dir='ltr'>qua}</span> <span class='ocrx_word' id='word_1_423' title='bbox 848 5370 939 5439; x_wconf 64' lang='lat' dir='ltr'>est</span> <span class='ocrx_word' id='word_1_424' title='bbox 968 5361 1249 5439; x_wconf 74' lang='lat' dir='ltr'>Editorum</span> <span class='ocrx_word' id='word_1_425' title='bbox 1292 5382 1558 5439; x_wconf 80' lang='lat' dir='ltr'>omnium,</span> <span class='ocrx_word' id='word_1_426' title='bbox 1591 5380 1829 5433; x_wconf 71' lang='lat' dir='ltr'>conveni.</span> 
     </span>
    </p>
   </div>
   <div class='ocr_carea' id='block_1_57' title="bbox 254 5428 1841 5506">
    <p class='ocr_par' dir='ltr' id='par_1_57' title="bbox 254 5428 1841 5506">
     <span class='ocr_line' id='line_1_58' title="bbox 254 5428 1841 5506; baseline 0.016 -28"><span class='ocrx_word' id='word_1_427' title='bbox 254 5439 377 5506; x_wconf 81' lang='lat' dir='ltr'>cum</span> <span class='ocrx_word' id='word_1_428' title='bbox 404 5428 629 5495; x_wconf 86' lang='lat' dir='ltr'>epistola</span> <span class='ocrx_word' id='word_1_429' title='bbox 651 5431 821 5486; x_wconf 89' lang='lat' dir='ltr'>sancti</span> <span class='ocrx_word' id='word_1_430' title='bbox 841 5429 1087 5502; x_wconf 86' lang='lat' dir='ltr'>Gregorii</span> <span class='ocrx_word' id='word_1_431' title='bbox 1116 5435 1183 5489; x_wconf 91' lang='lat' dir='ltr'>ad</span> <span class='ocrx_word' id='word_1_432' title='bbox 1212 5428 1841 5506; x_wconf 24' lang='lat' dir='ltr'>Leandrumfunde&#39;hie—c</span> 
     </span>
    </p>
   </div>
   <div class='ocr_carea' id='block_1_58' title="bbox 257 5504 640 5567">
    <p class='ocr_par' dir='ltr' id='par_1_58' title="bbox 257 5504 640 5567">
     <span class='ocr_line' id='line_1_59' title="bbox 257 5504 640 5567; baseline 0.01 -18"><span class='ocrx_word' id='word_1_433' title='bbox 257 5504 640 5567; x_wconf 76' lang='lat' dir='ltr'>transsumpta.</span> 
     </span>
    </p>
   </div>
   <div class='ocr_carea' id='block_1_59' title="bbox 327 5564 1839 5655">
    <p class='ocr_par' dir='ltr' id='par_1_59' title="bbox 327 5564 1839 5655">
     <span class='ocr_line' id='line_1_60' title="bbox 327 5564 1839 5655; baseline 0.017 -38"><span class='ocrx_word' id='word_1_434' title='bbox 327 5564 355 5603; x_wconf 72' lang='grc' dir='ltr'>ι»</span> <span class='ocrx_word' id='word_1_435' title='bbox 385 5566 473 5655; x_wconf 50' lang='grc' dir='ltr'>[ξε</span> <span class='ocrx_word' id='word_1_436' title='bbox 489 5564 753 5651; x_wconf 42' lang='lat' dir='ltr'>Leandro.</span> <span class='ocrx_word' id='word_1_437' title='bbox 781 5574 1001 5629; x_wconf 88' lang='lat' dir='ltr'>consule</span> <span class='ocrx_word' id='word_1_438' title='bbox 1029 5590 1147 5645; x_wconf 66' lang='lat' dir='ltr'>quae</span> <span class='ocrx_word' id='word_1_439' title='bbox 1187 5578 1418 5635; x_wconf 85' lang='lat' dir='ltr'>diximus</span> <span class='ocrx_word' id='word_1_440' title='bbox 1458 5582 1527 5638; x_wconf 91' lang='lat' dir='ltr'>ad</span> <span class='ocrx_word' id='word_1_441' title='bbox 1557 5584 1839 5655; x_wconf 87' lang='lat' dir='ltr'>epistolam</span> 
     </span>
    </p>
   </div>
   <div class='ocr_carea' id='block_1_60' title="bbox 255 5632 921 5708">
    <p class='ocr_par' dir='ltr' id='par_1_60' title="bbox 255 5632 921 5708">
     <span class='ocr_line' id='line_1_61' title="bbox 255 5632 921 5708; baseline 0.009 -19"><span class='ocrx_word' id='word_1_442' title='bbox 255 5632 546 5708; x_wconf 73' lang='lat' dir='ltr'>Mora_libus</span> <span class='ocrx_word' id='word_1_443' title='bbox 572 5640 921 5708; x_wconf 64' lang='lat' dir='ltr'>praemissam.</span> 
     </span>
    </p>
   </div>
   <div class='ocr_carea' id='block_1_61' title="bbox 331 5706 1836 5795">
    <p class='ocr_par' dir='ltr' id='par_1_61' title="bbox 331 5706 1836 5795">
     <span class='ocr_line' id='line_1_62' title="bbox 331 5706 1836 5795; baseline 0.018 -38"><span class='ocrx_word' id='word_1_444' title='bbox 331 5716 353 5743; x_wconf 76' lang='grc' dir='ltr'><strong>ο</strong></span> <span class='ocrx_word' id='word_1_445' title='bbox 384 5706 607 5795; x_wconf 59' lang='grc' dir='ltr'>Τυιριιζ,</span> <span class='ocrx_word' id='word_1_446' title='bbox 633 5726 738 5789; x_wconf 42' lang='lat' dir='ltr'>per.</span> <span class='ocrx_word' id='word_1_447' title='bbox 753 5712 963 5782; x_wconf 85' lang='lat' dir='ltr'>triginta</span> <span class='ocrx_word' id='word_1_448' title='bbox 991 5732 1210 5795; x_wconf 71' lang='lat' dir='ltr'>quinque</span> <span class='ocrx_word' id='word_1_449' title='bbox 1232 5720 1347 5775; x_wconf 88' lang='lat' dir='ltr'>libr.</span> <span class='ocrx_word' id='word_1_450' title='bbox 1372 5725 1586 5790; x_wconf 83' lang='lat' dir='ltr'>seriem;</span> <span class='ocrx_word' id='word_1_451' title='bbox 1641 5740 1758 5795; x_wconf 66' lang='lat' dir='ltr'>qua:</span> <span class='ocrx_word' id='word_1_452' title='bbox 1781 5729 1836 5784; x_wconf 91' lang='lat' dir='ltr'>in</span> 
     </span>
    </p>
   </div>
   <div class='ocr_carea' id='block_1_62' title="bbox 256 5773 1262 5856">
    <p class='ocr_par' dir='ltr' id='par_1_62' title="bbox 256 5773 1262 5856">
     <span class='ocr_line' id='line_1_63' title="bbox 256 5773 1262 5856; baseline 0.013 -25"><span class='ocrx_word' id='word_1_453' title='bbox 256 5773 432 5856; x_wconf 41' lang='lat' dir='ltr'>Bigo‘t‘.</span> <span class='ocrx_word' id='word_1_454' title='bbox 457 5776 526 5830; x_wconf 88' lang='lat' dir='ltr'>ad</span> <span class='ocrx_word' id='word_1_455' title='bbox 558 5773 865 5856; x_wconf 76' lang='lat' dir='ltr'>marginem</span> <span class='ocrx_word' id='word_1_456' title='bbox 894 5773 1262 5856; x_wconf 34' lang='lat' dir='ltr'>sunilrejecta.</span> 
     </span>
    </p>
   </div>
   <div class='ocr_carea' id='block_1_63' title="bbox 332 5831 1833 5941">
    <p class='ocr_par' dir='ltr' id='par_1_63' title="bbox 332 5831 1833 5941">
     <span class='ocr_line' id='line_1_64' title="bbox 332 5831 1833 5941; baseline 0.017 -40"><span class='ocrx_word' id='word_1_457' title='bbox 332 5831 573 5903; x_wconf 63' lang='grc' dir='ltr'>ἱΙῖιθιιεί</span> <span class='ocrx_word' id='word_1_458' title='bbox 599 5831 978 5923; x_wconf 37' lang='lat' dir='ltr'>quiquidni</span> <span class='ocrx_word' id='word_1_459' title='bbox 1005 5831 1357 5933; x_wconf 43' lang='lat' dir='ltr'>5153:153le</span> <span class='ocrx_word' id='word_1_460' title='bbox 1418 5865 1621 5923; x_wconf 75' lang='lat' dir='ltr'>iuvante</span> <span class='ocrx_word' id='word_1_461' title='bbox 1664 5872 1833 5941; x_wconf 87' lang='lat' dir='ltr'>gratia</span> 
     </span>
    </p>
   </div>
   <div class='ocr_carea' id='block_1_64' title="bbox 500 5942 1052 6012">
    <p class='ocr_par' dir='ltr' id='par_1_64' title="bbox 500 5942 1052 6012">
     <span class='ocr_line' id='line_1_65' title="bbox 500 5942 1052 6012; baseline 0 -3"><span class='ocrx_word' id='word_1_462' title='bbox 500 5942 771 6012; x_wconf 72' lang='grc' dir='ltr'>ΡΛΤιωι..</span> <span class='ocrx_word' id='word_1_463' title='bbox 819 5946 1052 6008; x_wconf 76' lang='lat' dir='ltr'>LXXV</span> 
     </span>
    </p>
   </div>
   <div class='ocr_carea' id='block_1_65' title="bbox 1972 551 3558 632">
    <p class='ocr_par' dir='ltr' id='par_1_65' title="bbox 1972 551 3558 632">
     <span class='ocr_line' id='line_1_66' title="bbox 1972 551 3558 632; baseline 0.014 -28"><span class='ocrx_word' id='word_1_464' title='bbox 1972 551 2086 606; x_wconf 90' lang='lat' dir='ltr'>rius</span> <span class='ocrx_word' id='word_1_465' title='bbox 2114 552 2287 627; x_wconf 86' lang='lat' dir='ltr'>dixit:</span> <span class='ocrx_word' id='word_1_466' title='bbox 2325 573 2344 606; x_wconf 78' lang='lat' dir='ltr'>t</span> <span class='ocrx_word' id='word_1_467' title='bbox 2372 554 2501 610; x_wconf 85' lang='lat' dir='ltr'>Mira</span> <span class='ocrx_word' id='word_1_468' title='bbox 2530 572 2617 612; x_wconf 90' lang='lat' dir='ltr'>res</span> <span class='ocrx_word' id='word_1_469' title='bbox 2640 566 2722 613; x_wconf 90' lang='lat' dir='ltr'>est</span> <span class='ocrx_word' id='word_1_470' title='bbox 2744 559 2899 614; x_wconf 89' lang='lat' dir='ltr'>valde</span> <span class='ocrx_word' id='word_1_471' title='bbox 2928 576 3087 630; x_wconf 89' lang='lat' dir='ltr'>quam</span> <span class='ocrx_word' id='word_1_472' title='bbox 3115 567 3327 632; x_wconf 91' lang='lat' dir='ltr'>astruis,</span> <span class='ocrx_word' id='word_1_473' title='bbox 3355 576 3414 623; x_wconf 92' lang='lat' dir='ltr'>ut</span> <span class='ocrx_word' id='word_1_474' title='bbox 3432 570 3558 626; x_wconf 88' lang='lat' dir='ltr'>inde</span> 
     </span>
    </p>
   </div>
   <div class='ocr_carea' id='block_1_66' title="bbox 1972 643 3564 721">
    <p class='ocr_par' dir='ltr' id='par_1_66' title="bbox 1972 643 3564 721">
     <span class='ocr_line' id='line_1_67' title="bbox 1972 643 3564 721; baseline 0.011 -25"><span class='ocrx_word' id='word_1_475' title='bbox 1972 643 2129 698; x_wconf 92' lang='lat' dir='ltr'>nobis</span> <span class='ocrx_word' id='word_1_476' title='bbox 2173 644 2420 701; x_wconf 90' lang='lat' dir='ltr'>dubietas</span> <span class='ocrx_word' id='word_1_477' title='bbox 2464 656 2648 715; x_wconf 88' lang='lat' dir='ltr'>surgat</span> <span class='ocrx_word' id='word_1_478' title='bbox 2669 649 2810 704; x_wconf 91' lang='lat' dir='ltr'>unde</span> <span class='ocrx_word' id='word_1_479' title='bbox 2840 650 3222 721; x_wconf 90' lang='lat' dir='ltr'>discipulorum</span> <span class='ocrx_word' id='word_1_480' title='bbox 3254 657 3417 712; x_wconf 90' lang='lat' dir='ltr'>corda</span> <span class='ocrx_word' id='word_1_481' title='bbox 3443 657 3564 715; x_wconf 84' lang='lat' dir='ltr'>fue-</span> 
     </span>
    </p>
   </div>
   <div class='ocr_carea' id='block_1_67' title="bbox 1971 736 3558 821">
    <p class='ocr_par' dir='ltr' id='par_1_67' title="bbox 1971 736 3558 821">
     <span class='ocr_line' id='line_1_68' title="bbox 1971 736 3558 821; baseline 0.012 -32"><span class='ocrx_word' id='word_1_482' title='bbox 1971 742 2098 790; x_wconf 90' lang='lat' dir='ltr'>runt</span> <span class='ocrx_word' id='word_1_483' title='bbox 2125 750 2154 789; x_wconf 91' lang='lat' dir='ltr'>a</span> <span class='ocrx_word' id='word_1_484' title='bbox 2175 736 2449 793; x_wconf 88' lang='lat' dir='ltr'>dubietate</span> <span class='ocrx_word' id='word_1_485' title='bbox 2469 749 2681 795; x_wconf 88' lang='lat' dir='ltr'>sanata.</span> <span class='ocrx_word' id='word_1_486' title='bbox 2712 741 2851 807; x_wconf 87' lang='lat' dir='ltr'>Quid</span> <span class='ocrx_word' id='word_1_487' title='bbox 2878 744 3021 798; x_wconf 91' lang='lat' dir='ltr'>enim</span> <span class='ocrx_word' id='word_1_488' title='bbox 3065 745 3300 803; x_wconf 88' lang='lat' dir='ltr'>deterius</span> <span class='ocrx_word' id='word_1_489' title='bbox 3327 749 3432 806; x_wconf 91' lang='lat' dir='ltr'>dici</span> <span class='ocrx_word' id='word_1_490' title='bbox 3455 767 3558 821; x_wconf 89' lang='lat' dir='ltr'>po-</span> 
     </span>
    </p>
   </div>
   <div class='ocr_carea' id='block_1_68' title="bbox 1971 831 3559 903">
    <p class='ocr_par' dir='ltr' id='par_1_68' title="bbox 1971 831 3559 903">
     <span class='ocr_line' id='line_1_69' title="bbox 1971 831 3559 903; baseline 0.012 -22"><span class='ocrx_word' id='word_1_491' title='bbox 1971 832 2079 882; x_wconf 88' lang='lat' dir='ltr'>test</span> <span class='ocrx_word' id='word_1_492' title='bbox 2105 844 2267 898; x_wconf 86' lang='lat' dir='ltr'>quam</span> <span class='ocrx_word' id='word_1_493' title='bbox 2293 838 2354 884; x_wconf 88' lang='lat' dir='ltr'>ut</span> <span class='ocrx_word' id='word_1_494' title='bbox 2381 831 2486 887; x_wconf 92' lang='lat' dir='ltr'>hoc</span> <span class='ocrx_word' id='word_1_495' title='bbox 2524 833 2677 887; x_wconf 91' lang='lat' dir='ltr'>nobis</span> <span class='ocrx_word' id='word_1_496' title='bbox 2704 833 2773 888; x_wconf 92' lang='lat' dir='ltr'>de</span> <span class='ocrx_word' id='word_1_497' title='bbox 2814 834 2929 903; x_wconf 88' lang='lat' dir='ltr'>ejus</span> <span class='ocrx_word' id='word_1_498' title='bbox 2962 852 3093 893; x_wconf 91' lang='lat' dir='ltr'>vera</span> <span class='ocrx_word' id='word_1_499' title='bbox 3140 854 3302 896; x_wconf 87' lang='lat' dir='ltr'>carne</span> <span class='ocrx_word' id='word_1_500' title='bbox 3341 842 3559 900; x_wconf 91' lang='lat' dir='ltr'>dubium</span> 
     </span>
    </p>
   </div>
   <div class='ocr_carea' id='block_1_69' title="bbox 1970 916 3561 995">
    <p class='ocr_par' dir='ltr' id='par_1_69' title="bbox 1970 916 3561 995">
     <span class='ocr_line' id='line_1_70' title="bbox 1970 916 3561 995; baseline 0.014 -23"><span class='ocrx_word' id='word_1_501' title='bbox 1970 916 2083 983; x_wconf 92' lang='lat' dir='ltr'>ﬁat,</span> <span class='ocrx_word' id='word_1_502' title='bbox 2115 935 2214 990; x_wconf 90' lang='lat' dir='ltr'>per</span> <span class='ocrx_word' id='word_1_503' title='bbox 2232 922 2376 991; x_wconf 91' lang='lat' dir='ltr'>quod</span> <span class='ocrx_word' id='word_1_504' title='bbox 2410 922 2656 991; x_wconf 89' lang='lat' dir='ltr'>discipuli</span> <span class='ocrx_word' id='word_1_505' title='bbox 2685 926 2802 995; x_wconf 90' lang='lat' dir='ltr'>ejus</span> <span class='ocrx_word' id='word_1_506' title='bbox 2822 928 2889 982; x_wconf 89' lang='lat' dir='ltr'>ad</span> <span class='ocrx_word' id='word_1_507' title='bbox 2914 928 3072 984; x_wconf 90' lang='lat' dir='ltr'>ﬁdem</span> <span class='ocrx_word' id='word_1_508' title='bbox 3100 932 3168 987; x_wconf 91' lang='lat' dir='ltr'>ab</span> <span class='ocrx_word' id='word_1_509' title='bbox 3195 936 3340 989; x_wconf 92' lang='lat' dir='ltr'>omni</span> <span class='ocrx_word' id='word_1_510' title='bbox 3370 937 3561 994; x_wconf 89' lang='lat' dir='ltr'>dubie-</span> 
     </span>
    </p>
   </div>
   <div class='ocr_carea' id='block_1_70' title="bbox 1969 1015 3561 1086">
    <p class='ocr_par' dir='ltr' id='par_1_70' title="bbox 1969 1015 3561 1086">
     <span class='ocr_line' id='line_1_71' title="bbox 1969 1015 3561 1086; baseline 0.014 -21"><span class='ocrx_word' id='word_1_511' title='bbox 1969 1017 2082 1066; x_wconf 85' lang='lat' dir='ltr'>tate</span> <span class='ocrx_word' id='word_1_512' title='bbox 2110 1021 2235 1067; x_wconf 87' lang='lat' dir='ltr'>sunt</span> <span class='ocrx_word' id='word_1_513' title='bbox 2264 1015 2540 1084; x_wconf 77' lang='lat' dir='ltr'>reparati‘t</span> <span class='ocrx_word' id='word_1_514' title='bbox 2579 1015 2637 1071; x_wconf 89' lang='lat' dir='ltr'>Si</span> <span class='ocrx_word' id='word_1_515' title='bbox 2665 1019 2807 1073; x_wconf 89' lang='lat' dir='ltr'>enim</span> <span class='ocrx_word' id='word_1_516' title='bbox 2834 1019 2939 1076; x_wconf 85' lang='lat' dir='ltr'>hoc</span> <span class='ocrx_word' id='word_1_517' title='bbox 2958 1037 3068 1077; x_wconf 91' lang='lat' dir='ltr'>non</span> <span class='ocrx_word' id='word_1_518' title='bbox 3092 1023 3342 1083; x_wconf 88' lang='lat' dir='ltr'>habuisse</span> <span class='ocrx_word' id='word_1_519' title='bbox 3364 1032 3561 1086; x_wconf 88' lang='lat' dir='ltr'>astrui-</span> 
     </span>
    </p>
   </div>
   <div class='ocr_carea' id='block_1_71' title="bbox 1968 1103 3561 1189">
    <p class='ocr_par' dir='ltr' id='par_1_71' title="bbox 1968 1103 3561 1189">
     <span class='ocr_line' id='line_1_72' title="bbox 1968 1103 3561 1189; baseline 0.013 -32"><span class='ocrx_word' id='word_1_520' title='bbox 1968 1107 2059 1157; x_wconf 88' lang='lat' dir='ltr'>tur</span> <span class='ocrx_word' id='word_1_521' title='bbox 2102 1103 2247 1172; x_wconf 92' lang='lat' dir='ltr'>quod</span> <span class='ocrx_word' id='word_1_522' title='bbox 2292 1106 2560 1172; x_wconf 76' lang='lat' dir='ltr'>ostendit,</span> <span class='ocrx_word' id='word_1_523' title='bbox 2591 1108 2734 1165; x_wconf 90' lang='lat' dir='ltr'>unde</span> <span class='ocrx_word' id='word_1_524' title='bbox 2762 1108 2895 1165; x_wconf 87' lang='lat' dir='ltr'>ﬁdes</span> <span class='ocrx_word' id='word_1_525' title='bbox 2933 1112 3311 1183; x_wconf 86' lang='lat' dir='ltr'>discipulorum</span> <span class='ocrx_word' id='word_1_526' title='bbox 3341 1120 3457 1189; x_wconf 92' lang='lat' dir='ltr'>ejus</span> <span class='ocrx_word' id='word_1_527' title='bbox 3477 1131 3561 1177; x_wconf 89' lang='lat' dir='ltr'>est</span> 
     </span>
    </p>
   </div>
   <div class='ocr_carea' id='block_1_72' title="bbox 1967 1192 3556 1278">
    <p class='ocr_par' dir='ltr' id='par_1_72' title="bbox 1967 1192 3556 1278">
     <span class='ocr_line' id='line_1_73' title="bbox 1967 1192 3556 1278; baseline 0.013 -29"><span class='ocrx_word' id='word_1_528' title='bbox 1967 1192 2313 1261; x_wconf 89' lang='lat' dir='ltr'>conﬁrmata,</span> <span class='ocrx_word' id='word_1_529' title='bbox 2346 1198 2470 1253; x_wconf 91' lang='lat' dir='ltr'>inde</span> <span class='ocrx_word' id='word_1_530' title='bbox 2496 1209 2680 1256; x_wconf 89' lang='lat' dir='ltr'>nostra</span> <span class='ocrx_word' id='word_1_531' title='bbox 2713 1201 3027 1260; x_wconf 88' lang='lat' dir='ltr'>destruitur.</span> <span class='ocrx_word' id='word_1_532' title='bbox 3060 1225 3079 1258; x_wconf 76' lang='grc' dir='ltr'>ι</span> <span class='ocrx_word' id='word_1_533' title='bbox 3108 1205 3400 1278; x_wconf 87' lang='lat' dir='ltr'>Eutychius</span> <span class='ocrx_word' id='word_1_534' title='bbox 3433 1215 3510 1267; x_wconf 86' lang='lat' dir='ltr'>ait</span> <span class='ocrx_word' id='word_1_535' title='bbox 3540 1231 3556 1269; x_wconf 91' lang='lat'>:</span> 
     </span>
    </p>
   </div>
   <div class='ocr_carea' id='block_1_73' title="bbox 1976 1284 3560 1375">
    <p class='ocr_par' dir='ltr' id='par_1_73' title="bbox 1976 1284 3560 1375">
     <span class='ocr_line' id='line_1_74' title="bbox 1976 1284 3560 1375; baseline 0.015 -37"><span class='ocrx_word' id='word_1_536' title='bbox 1976 1303 1997 1337; x_wconf 73' lang='grc' dir='ltr'>ι</span> <span class='ocrx_word' id='word_1_537' title='bbox 2025 1284 2232 1356; x_wconf 92' lang='lat' dir='ltr'>Corpus</span> <span class='ocrx_word' id='word_1_538' title='bbox 2271 1290 2540 1359; x_wconf 87' lang='lat' dir='ltr'>palpabile</span> <span class='ocrx_word' id='word_1_539' title='bbox 2586 1290 2807 1363; x_wconf 83' lang='lat' dir='ltr'>habuit,</span> <span class='ocrx_word' id='word_1_540' title='bbox 2836 1297 2982 1366; x_wconf 91' lang='lat' dir='ltr'>quod</span> <span class='ocrx_word' id='word_1_541' title='bbox 3010 1300 3276 1365; x_wconf 89' lang='lat' dir='ltr'>ostendit;</span> <span class='ocrx_word' id='word_1_542' title='bbox 3310 1304 3404 1357; x_wconf 90' lang='lat' dir='ltr'>sed</span> <span class='ocrx_word' id='word_1_543' title='bbox 3434 1313 3560 1375; x_wconf 89' lang='lat' dir='ltr'>post</span> 
     </span>
    </p>
   </div>
   <div class='ocr_carea' id='block_1_74' title="bbox 1967 1377 3560 1455">
    <p class='ocr_par' dir='ltr' id='par_1_74' title="bbox 1967 1377 3560 1455">
     <span class='ocr_line' id='line_1_75' title="bbox 1967 1377 3560 1455; baseline 0.012 -22"><span class='ocrx_word' id='word_1_544' title='bbox 1967 1377 2283 1434; x_wconf 88' lang='lat' dir='ltr'>conﬁrmata</span> <span class='ocrx_word' id='word_1_545' title='bbox 2311 1382 2475 1437; x_wconf 90' lang='lat' dir='ltr'>corda</span> <span class='ocrx_word' id='word_1_546' title='bbox 2514 1384 2843 1455; x_wconf 90' lang='lat' dir='ltr'>palpantium</span> <span class='ocrx_word' id='word_1_547' title='bbox 2864 1431 2879 1454; x_wconf 89' lang='lat'>,</span> <span class='ocrx_word' id='word_1_548' title='bbox 2910 1405 3070 1446; x_wconf 92' lang='lat' dir='ltr'>omne</span> <span class='ocrx_word' id='word_1_549' title='bbox 3094 1392 3225 1446; x_wconf 91' lang='lat' dir='ltr'>illud</span> <span class='ocrx_word' id='word_1_550' title='bbox 3249 1394 3305 1448; x_wconf 90' lang='lat' dir='ltr'>in</span> <span class='ocrx_word' id='word_1_551' title='bbox 3330 1395 3560 1454; x_wconf 91' lang='lat' dir='ltr'>Domino</span> 
     </span>
    </p>
   </div>
   <div class='ocr_carea' id='block_1_75' title="bbox 1965 1472 3559 1560">
    <p class='ocr_par' dir='ltr' id='par_1_75' title="bbox 1965 1472 3559 1560">
     <span class='ocr_line' id='line_1_76' title="bbox 1965 1472 3559 1560; baseline 0.014 -35"><span class='ocrx_word' id='word_1_552' title='bbox 1965 1472 2111 1541; x_wconf 92' lang='lat' dir='ltr'>quod</span> <span class='ocrx_word' id='word_1_553' title='bbox 2138 1474 2345 1544; x_wconf 91' lang='lat' dir='ltr'>paipari</span> <span class='ocrx_word' id='word_1_554' title='bbox 2371 1478 2546 1545; x_wconf 91' lang='lat' dir='ltr'>potuit</span> <span class='ocrx_word' id='word_1_555' title='bbox 2592 1480 2647 1535; x_wconf 93' lang='lat' dir='ltr'>in</span> <span class='ocrx_word' id='word_1_556' title='bbox 2677 1482 3026 1540; x_wconf 88' lang='lat' dir='ltr'>subtilitatem</span> <span class='ocrx_word' id='word_1_557' title='bbox 3073 1496 3157 1544; x_wconf 91' lang='lat' dir='ltr'>est</span> <span class='ocrx_word' id='word_1_558' title='bbox 3198 1489 3431 1560; x_wconf 89' lang='lat' dir='ltr'>aliquam</span> <span class='ocrx_word' id='word_1_559' title='bbox 3470 1508 3559 1547; x_wconf 86' lang='lat' dir='ltr'>re-</span> 
     </span>
    </p>
   </div>
   <div class='ocr_carea' id='block_1_76' title="bbox 1965 1562 3554 1652">
    <p class='ocr_par' dir='ltr' id='par_1_76' title="bbox 1965 1562 3554 1652">
     <span class='ocr_line' id='line_1_77' title="bbox 1965 1562 3554 1652; baseline 0.016 -36"><span class='ocrx_word' id='word_1_560' title='bbox 1965 1562 2199 1618; x_wconf 89' lang='lat' dir='ltr'>dactum.</span> <span class='ocrx_word' id='word_1_561' title='bbox 2224 1585 2242 1617; x_wconf 81' lang='grc'><strong><em>›</em></strong></span> <span class='ocrx_word' id='word_1_562' title='bbox 2260 1565 2340 1621; x_wconf 88' lang='lat' dir='ltr'>Ad</span> <span class='ocrx_word' id='word_1_563' title='bbox 2363 1568 2477 1624; x_wconf 60' lang='lat' dir='ltr'>haec</span> <span class='ocrx_word' id='word_1_564' title='bbox 2491 1570 2783 1641; x_wconf 89' lang='lat' dir='ltr'>Gregorius</span> <span class='ocrx_word' id='word_1_565' title='bbox 2796 1580 3101 1648; x_wconf 86' lang='lat' dir='ltr'>respondit:</span> <span class='ocrx_word' id='word_1_566' title='bbox 3124 1600 3143 1633; x_wconf 74' lang='grc' dir='ltr'>ι</span> <span class='ocrx_word' id='word_1_567' title='bbox 3160 1580 3427 1652; x_wconf 85' lang='lat' dir='ltr'>Scriptum</span> <span class='ocrx_word' id='word_1_568' title='bbox 3441 1594 3554 1642; x_wconf 89' lang='lat' dir='ltr'>est:</span> 
     </span>
    </p>
   </div>
   <div class='ocr_carea' id='block_1_77' title="bbox 1966 1654 3556 1744">
    <p class='ocr_par' dir='ltr' id='par_1_77' title="bbox 1966 1654 3556 1744">
     <span class='ocr_line' id='line_1_78' title="bbox 1966 1654 3556 1744; baseline 0.016 -35"><span class='ocrx_word' id='word_1_569' title='bbox 1966 1654 2198 1711; x_wconf 81' lang='lat' dir='ltr'>Christus</span> <span class='ocrx_word' id='word_1_570' title='bbox 2229 1675 2501 1731; x_wconf 85' lang='lat' dir='ltr'>resurgens</span> <span class='ocrx_word' id='word_1_571' title='bbox 2545 1680 2578 1717; x_wconf 89' lang='lat' dir='ltr'>a</span> <span class='ocrx_word' id='word_1_572' title='bbox 2605 1669 2848 1734; x_wconf 85' lang='lat' dir='ltr'>mortuis,</span> <span class='ocrx_word' id='word_1_573' title='bbox 2869 1669 2984 1739; x_wconf 87' lang='lat' dir='ltr'>jam</span> <span class='ocrx_word' id='word_1_574' title='bbox 3012 1689 3117 1728; x_wconf 89' lang='lat' dir='ltr'>non</span> <span class='ocrx_word' id='word_1_575' title='bbox 3145 1677 3391 1744; x_wconf 88' lang='lat' dir='ltr'>moritur,</span> <span class='ocrx_word' id='word_1_576' title='bbox 3417 1696 3556 1735; x_wconf 86' lang='lat' dir='ltr'>mors</span> 
     </span>
    </p>
   </div>
   <div class='ocr_carea' id='block_1_78' title="bbox 1961 1746 3554 1838">
    <p class='ocr_par' dir='ltr' id='par_1_78' title="bbox 1961 1746 3554 1838">
     <span class='ocr_line' id='line_1_79' title="bbox 1961 1746 3554 1838; baseline 0.017 -40"><span class='ocrx_word' id='word_1_577' title='bbox 1961 1746 2041 1800; x_wconf 91' lang='lat' dir='ltr'>illi</span> <span class='ocrx_word' id='word_1_578' title='bbox 2072 1748 2210 1801; x_wconf 89' lang='lat' dir='ltr'>ultra</span> <span class='ocrx_word' id='word_1_579' title='bbox 2237 1766 2341 1804; x_wconf 88' lang='lat' dir='ltr'>non</span> <span class='ocrx_word' id='word_1_580' title='bbox 2372 1752 2721 1810; x_wconf 84' lang='lat' dir='ltr'>dominabitur</span> <span class='ocrx_word' id='word_1_581' title='bbox 2750 1758 2929 1829; x_wconf 89' lang='lat' dir='ltr'>(Rom.</span> <span class='ocrx_word' id='word_1_582' title='bbox 2953 1777 3027 1826; x_wconf 82' lang='lat' dir='ltr'>vr,</span> <span class='ocrx_word' id='word_1_583' title='bbox 3059 1762 3136 1834; x_wconf 90' lang='lat'>9).</span> <span class='ocrx_word' id='word_1_584' title='bbox 3169 1764 3227 1820; x_wconf 90' lang='lat' dir='ltr'>Si</span> <span class='ocrx_word' id='word_1_585' title='bbox 3266 1768 3393 1835; x_wconf 92' lang='lat' dir='ltr'>quid</span> <span class='ocrx_word' id='word_1_586' title='bbox 3422 1784 3554 1838; x_wconf 86' lang='lat' dir='ltr'>ergo</span> 
     </span>
    </p>
   </div>
   <div class='ocr_carea' id='block_1_79' title="bbox 1845 1834 3552 1923">
    <p class='ocr_par' dir='ltr' id='par_1_79' title="bbox 1845 1834 3552 1923">
     <span class='ocr_line' id='line_1_80' title="bbox 1845 1834 3552 1923; baseline 0.016 -35"><span class='ocrx_word' id='word_1_587' title='bbox 1845 1878 1862 1904; x_wconf 81' lang='lat'>,</span> <span class='ocrx_word' id='word_1_588' title='bbox 1897 1843 1944 1902; x_wconf 82' lang='grc' dir='ltr'><strong>Β</strong></span> <span class='ocrx_word' id='word_1_589' title='bbox 1969 1834 2027 1891; x_wconf 92' lang='lat' dir='ltr'>in</span> <span class='ocrx_word' id='word_1_590' title='bbox 2072 1837 2190 1907; x_wconf 92' lang='lat' dir='ltr'>ejus</span> <span class='ocrx_word' id='word_1_591' title='bbox 2219 1855 2447 1910; x_wconf 90' lang='lat' dir='ltr'>corpore</span> <span class='ocrx_word' id='word_1_592' title='bbox 2477 1854 2599 1914; x_wconf 92' lang='lat' dir='ltr'>post</span> <span class='ocrx_word' id='word_1_593' title='bbox 2641 1852 3092 1908; x_wconf 87' lang='lat' dir='ltr'>resurrectionem</span> <span class='ocrx_word' id='word_1_594' title='bbox 3135 1858 3310 1923; x_wconf 90' lang='lat' dir='ltr'>potuit</span> <span class='ocrx_word' id='word_1_595' title='bbox 3356 1862 3552 1917; x_wconf 91' lang='lat' dir='ltr'>mutari</span> 
     </span>
    </p>
   </div>
   <div class='ocr_carea' id='block_1_80' title="bbox 1960 1930 3552 2011">
    <p class='ocr_par' dir='ltr' id='par_1_80' title="bbox 1960 1930 3552 2011">
     <span class='ocr_line' id='line_1_81' title="bbox 1960 1930 3552 2011; baseline 0.017 -31"><span class='ocrx_word' id='word_1_596' title='bbox 1960 1935 2148 1983; x_wconf 87' lang='lat' dir='ltr'>contra</span> <span class='ocrx_word' id='word_1_597' title='bbox 2168 1930 2461 1989; x_wconf 88' lang='lat' dir='ltr'>veridicam</span> <span class='ocrx_word' id='word_1_598' title='bbox 2490 1934 2640 1991; x_wconf 89' lang='lat' dir='ltr'>Pauli</span> <span class='ocrx_word' id='word_1_599' title='bbox 2687 1950 3041 2011; x_wconf 80' lang='lat' dir='ltr'>sententiam,</span> <span class='ocrx_word' id='word_1_600' title='bbox 3089 1943 3346 2004; x_wconf 88' lang='lat' dir='ltr'>Dominus</span> <span class='ocrx_word' id='word_1_601' title='bbox 3394 1950 3552 2006; x_wconf 88' lang='lat' dir='ltr'>rediit</span> 
     </span>
    </p>
   </div>
   <div class='ocr_carea' id='block_1_81' title="bbox 1957 2017 3549 2107">
    <p class='ocr_par' dir='ltr' id='par_1_81' title="bbox 1957 2017 3549 2107">
     <span class='ocr_line' id='line_1_82' title="bbox 1957 2017 3549 2107; baseline 0.018 -35"><span class='ocrx_word' id='word_1_602' title='bbox 1957 2017 2013 2072; x_wconf 92' lang='lat' dir='ltr'>in</span> <span class='ocrx_word' id='word_1_603' title='bbox 2037 2028 2266 2075; x_wconf 92' lang='lat' dir='ltr'>mortem</span> <span class='ocrx_word' id='word_1_604' title='bbox 2316 2033 2438 2092; x_wconf 90' lang='lat' dir='ltr'>post</span> <span class='ocrx_word' id='word_1_605' title='bbox 2483 2030 2953 2087; x_wconf 90' lang='lat' dir='ltr'>resurrectionem.</span> <span class='ocrx_word' id='word_1_606' title='bbox 3002 2034 3157 2101; x_wconf 86' lang='lat' dir='ltr'>Quod</span> <span class='ocrx_word' id='word_1_607' title='bbox 3204 2040 3323 2107; x_wconf 87' lang='lat' dir='ltr'>quis</span> <span class='ocrx_word' id='word_1_608' title='bbox 3365 2041 3549 2101; x_wconf 86' lang='lat' dir='ltr'>dicere</span> 
     </span>
    </p>
   </div>
   <div class='ocr_carea' id='block_1_82' title="bbox 1955 2108 3549 2198">
    <p class='ocr_par' dir='ltr' id='par_1_82' title="bbox 1955 2108 3549 2198">
     <span class='ocr_line' id='line_1_83' title="bbox 1955 2108 3549 2198; baseline 0.016 -37"><span class='ocrx_word' id='word_1_609' title='bbox 1955 2108 2042 2162; x_wconf 89' lang='lat' dir='ltr'>vel</span> <span class='ocrx_word' id='word_1_610' title='bbox 2071 2110 2265 2167; x_wconf 90' lang='lat' dir='ltr'>stultus</span> <span class='ocrx_word' id='word_1_611' title='bbox 2307 2124 2624 2184; x_wconf 66' lang='lat' dir='ltr'>praesumat,</span> <span class='ocrx_word' id='word_1_612' title='bbox 2671 2119 2774 2174; x_wconf 90' lang='lat' dir='ltr'>nisi</span> <span class='ocrx_word' id='word_1_613' title='bbox 2802 2122 2891 2189; x_wconf 91' lang='lat' dir='ltr'>qui</span> <span class='ocrx_word' id='word_1_614' title='bbox 2919 2138 3098 2179; x_wconf 90' lang='lat' dir='ltr'>veram</span> <span class='ocrx_word' id='word_1_615' title='bbox 3126 2129 3301 2184; x_wconf 90' lang='lat' dir='ltr'>carnis</span> <span class='ocrx_word' id='word_1_616' title='bbox 3325 2129 3441 2198; x_wconf 87' lang='lat' dir='ltr'>ejus</span> <span class='ocrx_word' id='word_1_617' title='bbox 3460 2148 3549 2187; x_wconf 79' lang='lat' dir='ltr'>re-</span> 
     </span>
    </p>
   </div>
   <div class='ocr_carea' id='block_1_83' title="bbox 1955 2202 3546 2287">
    <p class='ocr_par' dir='ltr' id='par_1_83' title="bbox 1955 2202 3546 2287">
     <span class='ocr_line' id='line_1_84' title="bbox 1955 2202 3546 2287; baseline 0.016 -34"><span class='ocrx_word' id='word_1_618' title='bbox 1955 2202 2345 2257; x_wconf 90' lang='lat' dir='ltr'>surrectionem</span> <span class='ocrx_word' id='word_1_619' title='bbox 2363 2204 2629 2275; x_wconf 80' lang='lat' dir='ltr'>denegat?</span> <span class='ocrx_word' id='word_1_620' title='bbox 2655 2228 2674 2261; x_wconf 79' lang='grc'><strong>)</strong></span> <span class='ocrx_word' id='word_1_621' title='bbox 2705 2209 2855 2267; x_wconf 89' lang='lat' dir='ltr'>Tunc</span> <span class='ocrx_word' id='word_1_622' title='bbox 2874 2211 3167 2285; x_wconf 87' lang='lat' dir='ltr'>Eutychius</span> <span class='ocrx_word' id='word_1_623' title='bbox 3205 2218 3421 2287; x_wconf 90' lang='lat' dir='ltr'>objecit,</span> <span class='ocrx_word' id='word_1_624' title='bbox 3464 2222 3546 2278; x_wconf 84' lang='lat' dir='ltr'>di-</span> 
     </span>
    </p>
   </div>
   <div class='ocr_carea' id='block_1_84' title="bbox 1954 2289 3544 2381">
    <p class='ocr_par' dir='ltr' id='par_1_84' title="bbox 1954 2289 3544 2381">
     <span class='ocr_line' id='line_1_85' title="bbox 1954 2289 3544 2381; baseline 0.016 -38"><span class='ocrx_word' id='word_1_625' title='bbox 1954 2303 2113 2345; x_wconf 89' lang='lat' dir='ltr'>cens:</span> <span class='ocrx_word' id='word_1_626' title='bbox 2136 2310 2154 2341; x_wconf 77' lang='grc'><strong>(</strong></span> <span class='ocrx_word' id='word_1_627' title='bbox 2178 2289 2311 2345; x_wconf 88' lang='lat' dir='ltr'>Cum</span> <span class='ocrx_word' id='word_1_628' title='bbox 2340 2295 2600 2365; x_wconf 89' lang='lat' dir='ltr'>scriptum</span> <span class='ocrx_word' id='word_1_629' title='bbox 2623 2300 2721 2353; x_wconf 92' lang='lat' dir='ltr'>sit:</span> <span class='ocrx_word' id='word_1_630' title='bbox 2739 2301 2873 2356; x_wconf 90' lang='lat' dir='ltr'>Caro</span> <span class='ocrx_word' id='word_1_631' title='bbox 2902 2314 2951 2357; x_wconf 88' lang='lat' dir='ltr'>et</span> <span class='ocrx_word' id='word_1_632' title='bbox 2970 2311 3183 2377; x_wconf 87' lang='lat' dir='ltr'>sanguis</span> <span class='ocrx_word' id='word_1_633' title='bbox 3204 2326 3417 2381; x_wconf 84' lang='lat' dir='ltr'>regnum</span> <span class='ocrx_word' id='word_1_634' title='bbox 3444 2312 3544 2370; x_wconf 87' lang='lat' dir='ltr'>Dei</span> 
     </span>
    </p>
   </div>
   <div class='ocr_carea' id='block_1_85' title="bbox 1952 2380 3543 2469">
    <p class='ocr_par' dir='ltr' id='par_1_85' title="bbox 1952 2380 3543 2469">
     <span class='ocr_line' id='line_1_86' title="bbox 1952 2380 3543 2469; baseline 0.018 -38"><span class='ocrx_word' id='word_1_635' title='bbox 1952 2380 2216 2449; x_wconf 89' lang='lat' dir='ltr'>possidere</span> <span class='ocrx_word' id='word_1_636' title='bbox 2266 2400 2369 2438; x_wconf 88' lang='lat' dir='ltr'>non</span> <span class='ocrx_word' id='word_1_637' title='bbox 2419 2397 2635 2457; x_wconf 88' lang='lat' dir='ltr'>possunt</span> <span class='ocrx_word' id='word_1_638' title='bbox 2676 2390 2731 2461; x_wconf 88' lang='grc' dir='ltr'>(Ι</span> <span class='ocrx_word' id='word_1_639' title='bbox 2760 2391 2881 2448; x_wconf 86' lang='lat' dir='ltr'>Cor.</span> <span class='ocrx_word' id='word_1_640' title='bbox 2913 2412 3001 2462; x_wconf 84' lang='lat' dir='ltr'>xv,</span> <span class='ocrx_word' id='word_1_641' title='bbox 3047 2380 3288 2469; x_wconf 68' lang='lat' dir='ltr'>50),qu</span> <span class='ocrx_word' id='word_1_642' title='bbox 3334 2404 3543 2461; x_wconf 87' lang='lat' dir='ltr'>ratione</span> 
     </span>
    </p>
   </div>
   <div class='ocr_carea' id='block_1_86' title="bbox 1953 2471 3543 2551">
    <p class='ocr_par' dir='ltr' id='par_1_86' title="bbox 1953 2471 3543 2551">
     <span class='ocr_line' id='line_1_87' title="bbox 1953 2471 3543 2551; baseline 0.017 -27"><span class='ocrx_word' id='word_1_643' title='bbox 1953 2471 2279 2528; x_wconf 89' lang='lat' dir='ltr'>credendum</span> <span class='ocrx_word' id='word_1_644' title='bbox 2332 2484 2416 2532; x_wconf 92' lang='lat' dir='ltr'>est</span> <span class='ocrx_word' id='word_1_645' title='bbox 2458 2494 2741 2550; x_wconf 86' lang='lat' dir='ltr'>resurgere</span> <span class='ocrx_word' id='word_1_646' title='bbox 2792 2487 3056 2542; x_wconf 86' lang='lat' dir='ltr'>veraciter</span> <span class='ocrx_word' id='word_1_647' title='bbox 3087 2474 3349 2547; x_wconf 61' lang='lat' dir='ltr'>carnemit</span> <span class='ocrx_word' id='word_1_648' title='bbox 3388 2512 3406 2545; x_wconf 70' lang='grc' dir='ltr'>ι</span> <span class='ocrx_word' id='word_1_649' title='bbox 3443 2495 3543 2551; x_wconf 90' lang='lat' dir='ltr'>Cui</span> 
     </span>
    </p>
   </div>
   <div class='ocr_carea' id='block_1_87' title="bbox 1953 2560 3541 2647">
    <p class='ocr_par' dir='ltr' id='par_1_87' title="bbox 1953 2560 3541 2647">
     <span class='ocr_line' id='line_1_88' title="bbox 1953 2560 3541 2647; baseline 0.016 -32"><span class='ocrx_word' id='word_1_650' title='bbox 1953 2560 2241 2632; x_wconf 87' lang='lat' dir='ltr'>Gregorius</span> <span class='ocrx_word' id='word_1_651' title='bbox 2269 2568 2548 2637; x_wconf 86' lang='lat' dir='ltr'>respondit</span> <span class='ocrx_word' id='word_1_652' title='bbox 2580 2588 2592 2623; x_wconf 88' lang='lat'>:</span> <span class='ocrx_word' id='word_1_653' title='bbox 2632 2590 2652 2623; x_wconf 73' lang='grc' dir='ltr'>ι</span> <span class='ocrx_word' id='word_1_654' title='bbox 2682 2571 2742 2627; x_wconf 86' lang='lat' dir='ltr'>In</span> <span class='ocrx_word' id='word_1_655' title='bbox 2770 2588 2925 2630; x_wconf 90' lang='lat' dir='ltr'>sacro</span> <span class='ocrx_word' id='word_1_656' title='bbox 2955 2578 3169 2647; x_wconf 89' lang='lat' dir='ltr'>eloquio</span> <span class='ocrx_word' id='word_1_657' title='bbox 3216 2583 3372 2637; x_wconf 92' lang='lat' dir='ltr'>aliter</span> <span class='ocrx_word' id='word_1_658' title='bbox 3411 2600 3541 2641; x_wconf 88' lang='lat' dir='ltr'>caro</span> 
     </span>
    </p>
   </div>
   <div class='ocr_carea' id='block_1_88' title="bbox 1949 2652 3541 2743">
    <p class='ocr_par' dir='ltr' id='par_1_88' title="bbox 1949 2652 3541 2743">
     <span class='ocr_line' id='line_1_89' title="bbox 1949 2652 3541 2743; baseline 0.017 -38"><span class='ocrx_word' id='word_1_659' title='bbox 1949 2652 2144 2708; x_wconf 89' lang='lat' dir='ltr'>dicitur</span> <span class='ocrx_word' id='word_1_660' title='bbox 2167 2655 2320 2723; x_wconf 89' lang='lat' dir='ltr'>juxta</span> <span class='ocrx_word' id='word_1_661' title='bbox 2348 2668 2613 2728; x_wconf 89' lang='lat' dir='ltr'>naturam,</span> <span class='ocrx_word' id='word_1_662' title='bbox 2638 2672 2799 2733; x_wconf 91' lang='lat' dir='ltr'>atque</span> <span class='ocrx_word' id='word_1_663' title='bbox 2827 2667 2983 2722; x_wconf 91' lang='lat' dir='ltr'>aliter</span> <span class='ocrx_word' id='word_1_664' title='bbox 2998 2668 3149 2737; x_wconf 87' lang='lat' dir='ltr'>juxta</span> <span class='ocrx_word' id='word_1_665' title='bbox 3180 2674 3411 2743; x_wconf 88' lang='lat' dir='ltr'>culpam,</span> <span class='ocrx_word' id='word_1_666' title='bbox 3453 2677 3541 2732; x_wconf 91' lang='lat' dir='ltr'>vel</span> 
     </span>
    </p>
   </div>
   <div class='ocr_carea' id='block_1_89' title="bbox 1950 2744 3536 2833">
    <p class='ocr_par' dir='ltr' id='par_1_89' title="bbox 1950 2744 3536 2833">
     <span class='ocr_line' id='line_1_90' title="bbox 1950 2744 3536 2833; baseline 0.018 -40"><span class='ocrx_word' id='word_1_667' title='bbox 1950 2744 2373 2811; x_wconf 88' lang='lat' dir='ltr'>corruptionem.</span> <span class='ocrx_word' id='word_1_668' title='bbox 2403 2746 2545 2806; x_wconf 90' lang='lat' dir='ltr'>Caro</span> <span class='ocrx_word' id='word_1_669' title='bbox 2590 2754 2792 2823; x_wconf 90' lang='lat' dir='ltr'>quippe</span> <span class='ocrx_word' id='word_1_670' title='bbox 2839 2757 3034 2813; x_wconf 91' lang='lat' dir='ltr'>dicitur</span> <span class='ocrx_word' id='word_1_671' title='bbox 3066 2761 3220 2828; x_wconf 88' lang='lat' dir='ltr'>juxta</span> <span class='ocrx_word' id='word_1_672' title='bbox 3266 2772 3536 2833; x_wconf 88' lang='lat' dir='ltr'>naturam,</span> 
     </span>
    </p>
   </div>
   <div class='ocr_carea' id='block_1_90' title="bbox 1947 2833 3539 2919">
    <p class='ocr_par' dir='ltr' id='par_1_90' title="bbox 1947 2833 3539 2919">
     <span class='ocr_line' id='line_1_91' title="bbox 1947 2833 3539 2919; baseline 0.016 -32"><span class='ocrx_word' id='word_1_673' title='bbox 1947 2833 2085 2888; x_wconf 87' lang='lat' dir='ltr'>sicut</span> <span class='ocrx_word' id='word_1_674' title='bbox 2110 2838 2369 2906; x_wconf 88' lang='lat' dir='ltr'>scriptum</span> <span class='ocrx_word' id='word_1_675' title='bbox 2400 2850 2483 2896; x_wconf 90' lang='lat' dir='ltr'>est</span> <span class='ocrx_word' id='word_1_676' title='bbox 2508 2860 2522 2897; x_wconf 92' lang='lat'>:</span> <span class='ocrx_word' id='word_1_677' title='bbox 2554 2843 2669 2899; x_wconf 84' lang='lat' dir='ltr'>Iloc</span> <span class='ocrx_word' id='word_1_678' title='bbox 2691 2864 2825 2901; x_wconf 89' lang='lat' dir='ltr'>nunc</span> <span class='ocrx_word' id='word_1_679' title='bbox 2847 2867 2902 2904; x_wconf 92' lang='lat' dir='ltr'>os</span> <span class='ocrx_word' id='word_1_680' title='bbox 2928 2869 2993 2905; x_wconf 74' lang='lat' dir='ltr'>ex</span> <span class='ocrx_word' id='word_1_681' title='bbox 3033 2854 3231 2909; x_wconf 86' lang='lat' dir='ltr'>ossibus</span> <span class='ocrx_word' id='word_1_682' title='bbox 3275 2858 3402 2910; x_wconf 89' lang='lat' dir='ltr'>meis</span> <span class='ocrx_word' id='word_1_683' title='bbox 3423 2895 3439 2919; x_wconf 93' lang='lat'>,</span> <span class='ocrx_word' id='word_1_684' title='bbox 3489 2864 3539 2912; x_wconf 87' lang='lat' dir='ltr'>et</span> 
     </span>
    </p>
   </div>
   <div class='ocr_carea' id='block_1_91' title="bbox 1948 2928 3536 3011">
    <p class='ocr_par' dir='ltr' id='par_1_91' title="bbox 1948 2928 3536 3011">
     <span class='ocr_line' id='line_1_92' title="bbox 1948 2928 3536 3011; baseline 0.017 -33"><span class='ocrx_word' id='word_1_685' title='bbox 1948 2941 2068 2982; x_wconf 85' lang='lat' dir='ltr'>caro</span> <span class='ocrx_word' id='word_1_686' title='bbox 2099 2928 2163 2982; x_wconf 86' lang='lat' dir='ltr'>de</span> <span class='ocrx_word' id='word_1_687' title='bbox 2190 2947 2344 2984; x_wconf 87' lang='lat' dir='ltr'>carne</span> <span class='ocrx_word' id='word_1_688' title='bbox 2381 2950 2495 2986; x_wconf 89' lang='lat' dir='ltr'>mea</span> <span class='ocrx_word' id='word_1_689' title='bbox 2549 2935 2699 3003; x_wconf 80' lang='lat' dir='ltr'>(Gen.</span> <span class='ocrx_word' id='word_1_690' title='bbox 2747 2955 2818 3007; x_wconf 87' lang='grc' dir='ltr'><strong><em>ιι,</em></strong></span> <span class='ocrx_word' id='word_1_691' title='bbox 2874 2940 2983 3011; x_wconf 75' lang='grc'><strong>25).</strong></span> <span class='ocrx_word' id='word_1_692' title='bbox 3017 2942 3081 2997; x_wconf 84' lang='lat' dir='ltr'>Et</span> <span class='ocrx_word' id='word_1_693' title='bbox 3105 2963 3117 2997; x_wconf 94' lang='lat'>:</span> <span class='ocrx_word' id='word_1_694' title='bbox 3138 2945 3385 3009; x_wconf 71' lang='lat' dir='ltr'>,Verbum</span> <span class='ocrx_word' id='word_1_695' title='bbox 3413 2966 3536 3007; x_wconf 85' lang='lat' dir='ltr'>caro</span> 
     </span>
    </p>
   </div>
   <div class='ocr_carea' id='block_1_92' title="bbox 1946 3016 3536 3111">
    <p class='ocr_par' dir='ltr' id='par_1_92' title="bbox 1946 3016 3536 3111">
     <span class='ocr_line' id='line_1_93' title="bbox 1946 3016 3536 3111; baseline 0.023 -44"><span class='ocrx_word' id='word_1_696' title='bbox 1946 3016 2139 3087; x_wconf 83' lang='lat' dir='ltr'>factum</span> <span class='ocrx_word' id='word_1_697' title='bbox 2176 3028 2282 3084; x_wconf 88' lang='lat' dir='ltr'>est,</span> <span class='ocrx_word' id='word_1_698' title='bbox 2314 3030 2364 3074; x_wconf 90' lang='lat' dir='ltr'>et</span> <span class='ocrx_word' id='word_1_699' title='bbox 2393 3023 2640 3078; x_wconf 86' lang='lat' dir='ltr'>habitavit</span> <span class='ocrx_word' id='word_1_700' title='bbox 2689 3027 2744 3081; x_wconf 85' lang='lat' dir='ltr'>in</span> <span class='ocrx_word' id='word_1_701' title='bbox 2788 3029 2934 3084; x_wconf 88' lang='lat' dir='ltr'>nobis</span> <span class='ocrx_word' id='word_1_702' title='bbox 2959 3032 3138 3103; x_wconf 80' lang='lat' dir='ltr'>(Joan.</span> <span class='ocrx_word' id='word_1_703' title='bbox 3180 3053 3214 3102; x_wconf 85' lang='lat'>1,</span> <span class='ocrx_word' id='word_1_704' title='bbox 3251 3038 3370 3111; x_wconf 74' lang='grc'><strong>14).</strong></span> <span class='ocrx_word' id='word_1_705' title='bbox 3397 3044 3536 3103; x_wconf 85' lang='lat' dir='ltr'>Caro</span> 
     </span>
    </p>
   </div>
   <div class='ocr_carea' id='block_1_93' title="bbox 1943 3108 3537 3202">
    <p class='ocr_par' dir='ltr' id='par_1_93' title="bbox 1943 3108 3537 3202">
     <span class='ocr_line' id='line_1_94' title="bbox 1943 3108 3537 3202; baseline 0.019 -41"><span class='ocrx_word' id='word_1_706' title='bbox 1943 3122 2073 3162; x_wconf 92' lang='lat' dir='ltr'>vero</span> <span class='ocrx_word' id='word_1_707' title='bbox 2090 3108 2241 3177; x_wconf 84' lang='lat' dir='ltr'>juxta</span> <span class='ocrx_word' id='word_1_708' title='bbox 2270 3112 2515 3182; x_wconf 88' lang='lat' dir='ltr'>culpam,</span> <span class='ocrx_word' id='word_1_709' title='bbox 2538 3116 2676 3172; x_wconf 90' lang='lat' dir='ltr'>sicut</span> <span class='ocrx_word' id='word_1_710' title='bbox 2715 3121 2975 3189; x_wconf 87' lang='lat' dir='ltr'>scriptum</span> <span class='ocrx_word' id='word_1_711' title='bbox 3004 3132 3088 3179; x_wconf 89' lang='lat' dir='ltr'>est</span> <span class='ocrx_word' id='word_1_712' title='bbox 3123 3143 3135 3178; x_wconf 88' lang='lat'>:</span> <span class='ocrx_word' id='word_1_713' title='bbox 3167 3126 3291 3183; x_wconf 89' lang='lat' dir='ltr'>Non</span> <span class='ocrx_word' id='word_1_714' title='bbox 3330 3108 3537 3202; x_wconf 84' lang='lat' dir='ltr'>perma-</span> 
     </span>
    </p>
   </div>
   <div class='ocr_carea' id='block_1_94' title="bbox 1943 3200 3536 3291">
    <p class='ocr_par' dir='ltr' id='par_1_94' title="bbox 1943 3200 3536 3291">
     <span class='ocr_line' id='line_1_95' title="bbox 1943 3200 3536 3291; baseline 0.018 -39"><span class='ocrx_word' id='word_1_715' title='bbox 1943 3200 2081 3254; x_wconf 86' lang='lat' dir='ltr'>nebit</span> <span class='ocrx_word' id='word_1_716' title='bbox 2109 3202 2321 3271; x_wconf 86' lang='lat' dir='ltr'>spiritus</span> <span class='ocrx_word' id='word_1_717' title='bbox 2347 3221 2489 3260; x_wconf 87' lang='lat' dir='ltr'>meus</span> <span class='ocrx_word' id='word_1_718' title='bbox 2520 3209 2575 3260; x_wconf 90' lang='lat' dir='ltr'>in</span> <span class='ocrx_word' id='word_1_719' title='bbox 2618 3208 2907 3266; x_wconf 81' lang='lat' dir='ltr'>hominibus</span> <span class='ocrx_word' id='word_1_720' title='bbox 2952 3215 3096 3282; x_wconf 85' lang='lat' dir='ltr'>istis,</span> <span class='ocrx_word' id='word_1_721' title='bbox 3135 3234 3195 3273; x_wconf 89' lang='lat' dir='ltr'>eo</span> <span class='ocrx_word' id='word_1_722' title='bbox 3230 3200 3364 3291; x_wconf 85' lang='lat' dir='ltr'>quod</span> <span class='ocrx_word' id='word_1_723' title='bbox 3416 3235 3536 3281; x_wconf 88' lang='lat' dir='ltr'>sunt</span> 
     </span>
    </p>
   </div>
   <div class='ocr_carea' id='block_1_95' title="bbox 1943 3288 3534 3368">
    <p class='ocr_par' dir='ltr' id='par_1_95' title="bbox 1943 3288 3534 3368">
     <span class='ocr_line' id='line_1_96' title="bbox 1943 3288 3534 3368; baseline 0.016 -26"><span class='ocrx_word' id='word_1_724' title='bbox 1943 3305 2064 3344; x_wconf 90' lang='lat' dir='ltr'>caro</span> <span class='ocrx_word' id='word_1_725' title='bbox 2094 3288 2302 3359; x_wconf 87' lang='lat' dir='ltr'>(Geues.</span> <span class='ocrx_word' id='word_1_726' title='bbox 2330 3309 2399 3357; x_wconf 77' lang='lat' dir='ltr'>vr,</span> <span class='ocrx_word' id='word_1_727' title='bbox 2434 3294 2513 3363; x_wconf 75' lang='grc' dir='ltr'><strong>ὅ).</strong></span> <span class='ocrx_word' id='word_1_728' title='bbox 2536 3294 2604 3348; x_wconf 88' lang='grc' dir='ltr'><strong><em>Ει</em></strong></span> <span class='ocrx_word' id='word_1_729' title='bbox 2629 3298 2768 3352; x_wconf 91' lang='lat' dir='ltr'>sicut</span> <span class='ocrx_word' id='word_1_730' title='bbox 2795 3297 3078 3359; x_wconf 87' lang='lat' dir='ltr'>Psalmista</span> <span class='ocrx_word' id='word_1_731' title='bbox 3120 3307 3196 3361; x_wconf 92' lang='lat' dir='ltr'>ait</span> <span class='ocrx_word' id='word_1_732' title='bbox 3228 3288 3252 3361; x_wconf 31' lang='grc' dir='ltr'>ε-</span> <span class='ocrx_word' id='word_1_733' title='bbox 3274 3310 3534 3368; x_wconf 83' lang='lat' dir='ltr'>Memora-</span> 
     </span>
    </p>
   </div>
   <div class='ocr_carea' id='block_1_96' title="bbox 1945 3382 3535 3464">
    <p class='ocr_par' dir='ltr' id='par_1_96' title="bbox 1945 3382 3535 3464">
     <span class='ocr_line' id='line_1_97' title="bbox 1945 3382 3535 3464; baseline 0.017 -33"><span class='ocrx_word' id='word_1_734' title='bbox 1945 3387 2024 3433; x_wconf 91' lang='lat' dir='ltr'>tus</span> <span class='ocrx_word' id='word_1_735' title='bbox 2044 3382 2264 3450; x_wconf 85' lang='lat' dir='ltr'>estquia</span> <span class='ocrx_word' id='word_1_736' title='bbox 2311 3397 2432 3436; x_wconf 87' lang='lat' dir='ltr'>caro</span> <span class='ocrx_word' id='word_1_737' title='bbox 2475 3393 2594 3437; x_wconf 85' lang='lat' dir='ltr'>sunt</span> <span class='ocrx_word' id='word_1_738' title='bbox 2634 3403 2651 3439; x_wconf 88' lang='lat'>:</span> <span class='ocrx_word' id='word_1_739' title='bbox 2698 3389 2906 3457; x_wconf 84' lang='lat' dir='ltr'>spiritus</span> <span class='ocrx_word' id='word_1_740' title='bbox 2948 3394 3172 3464; x_wconf 86' lang='lat' dir='ltr'>vadens,</span> <span class='ocrx_word' id='word_1_741' title='bbox 3220 3407 3269 3451; x_wconf 87' lang='lat' dir='ltr'>et</span> <span class='ocrx_word' id='word_1_742' title='bbox 3311 3418 3415 3456; x_wconf 90' lang='lat' dir='ltr'>non</span> <span class='ocrx_word' id='word_1_743' title='bbox 3454 3420 3535 3458; x_wconf 82' lang='lat' dir='ltr'>rc-</span> 
     </span>
    </p>
   </div>
   <div class='ocr_carea' id='block_1_97' title="bbox 1943 3472 3534 3559">
    <p class='ocr_par' dir='ltr' id='par_1_97' title="bbox 1943 3472 3534 3559">
     <span class='ocr_line' id='line_1_98' title="bbox 1943 3472 3534 3559; baseline 0.017 -34"><span class='ocrx_word' id='word_1_744' title='bbox 1943 3472 2088 3527; x_wconf 87' lang='lat' dir='ltr'>diens</span> <span class='ocrx_word' id='word_1_745' title='bbox 2121 3473 2294 3542; x_wconf 90' lang='lat' dir='ltr'>(Psal.</span> <span class='ocrx_word' id='word_1_746' title='bbox 2321 3491 2531 3543; x_wconf 82' lang='lat' dir='ltr'>Lxxvn,</span> <span class='ocrx_word' id='word_1_747' title='bbox 2564 3477 2679 3541; x_wconf 76' lang='grc'><strong>59).</strong></span> <span class='ocrx_word' id='word_1_748' title='bbox 2713 3478 2863 3538; x_wconf 89' lang='lat' dir='ltr'>Unde</span> <span class='ocrx_word' id='word_1_749' title='bbox 2906 3493 2962 3540; x_wconf 91' lang='lat' dir='ltr'>et</span> <span class='ocrx_word' id='word_1_750' title='bbox 3000 3486 3291 3559; x_wconf 88' lang='lat' dir='ltr'>discipulus</span> <span class='ocrx_word' id='word_1_751' title='bbox 3338 3493 3534 3552; x_wconf 88' lang='lat' dir='ltr'>Paulus</span> 
     </span>
    </p>
   </div>
   <div class='ocr_carea' id='block_1_98' title="bbox 1942 3562 3533 3657">
    <p class='ocr_par' dir='ltr' id='par_1_98' title="bbox 1942 3562 3533 3657">
     <span class='ocr_line' id='line_1_99' title="bbox 1942 3562 3533 3657; baseline 0.016 -41"><span class='ocrx_word' id='word_1_752' title='bbox 1942 3562 2193 3618; x_wconf 88' lang='lat' dir='ltr'>dicebat:</span> <span class='ocrx_word' id='word_1_753' title='bbox 2240 3563 2341 3619; x_wconf 86' lang='lat' dir='ltr'>Vos</span> <span class='ocrx_word' id='word_1_754' title='bbox 2370 3575 2541 3622; x_wconf 89' lang='lat' dir='ltr'>autem</span> <span class='ocrx_word' id='word_1_755' title='bbox 2560 3569 2615 3622; x_wconf 88' lang='lat' dir='ltr'>in</span> <span class='ocrx_word' id='word_1_756' title='bbox 2643 3586 2800 3626; x_wconf 88' lang='lat' dir='ltr'>carne</span> <span class='ocrx_word' id='word_1_757' title='bbox 2828 3591 2932 3629; x_wconf 86' lang='lat' dir='ltr'>non</span> <span class='ocrx_word' id='word_1_758' title='bbox 2960 3580 3103 3641; x_wconf 87' lang='lat' dir='ltr'>estis,</span> <span class='ocrx_word' id='word_1_759' title='bbox 3134 3582 3226 3635; x_wconf 82' lang='lat' dir='ltr'>sed</span> <span class='ocrx_word' id='word_1_760' title='bbox 3250 3584 3304 3637; x_wconf 90' lang='lat' dir='ltr'>in</span> <span class='ocrx_word' id='word_1_761' title='bbox 3347 3588 3533 3657; x_wconf 89' lang='lat' dir='ltr'>spiritu</span> 
     </span>
    </p>
   </div>
   <div class='ocr_carea' id='block_1_99' title="bbox 1944 3652 3533 3747">
    <p class='ocr_par' dir='ltr' id='par_1_99' title="bbox 1944 3652 3533 3747">
     <span class='ocr_line' id='line_1_100' title="bbox 1944 3652 3533 3747; baseline 0.018 -41"><span class='ocrx_word' id='word_1_762' title='bbox 1944 3652 2122 3724; x_wconf 86' lang='lat' dir='ltr'>(Rom.</span> <span class='ocrx_word' id='word_1_763' title='bbox 2156 3672 2267 3724; x_wconf 82' lang='grc' dir='ltr'><strong><em>νιιι,</em></strong></span> <span class='ocrx_word' id='word_1_764' title='bbox 2291 3657 2375 3727; x_wconf 88' lang='grc'>9);</span> <span class='ocrx_word' id='word_1_765' title='bbox 2407 3674 2585 3729; x_wconf 91' lang='lat' dir='ltr'>neque</span> <span class='ocrx_word' id='word_1_766' title='bbox 2614 3663 2756 3718; x_wconf 91' lang='lat' dir='ltr'>enim</span> <span class='ocrx_word' id='word_1_767' title='bbox 2782 3666 2838 3720; x_wconf 92' lang='lat' dir='ltr'>in</span> <span class='ocrx_word' id='word_1_768' title='bbox 2879 3682 3041 3725; x_wconf 89' lang='lat' dir='ltr'>carne</span> <span class='ocrx_word' id='word_1_769' title='bbox 3068 3687 3177 3727; x_wconf 91' lang='lat' dir='ltr'>non</span> <span class='ocrx_word' id='word_1_770' title='bbox 3211 3686 3367 3730; x_wconf 89' lang='lat' dir='ltr'>erant</span> <span class='ocrx_word' id='word_1_771' title='bbox 3411 3680 3533 3747; x_wconf 89' lang='lat' dir='ltr'>qui-</span> 
     </span>
    </p>
   </div>
   <div class='ocr_carea' id='block_1_100' title="bbox 1941 3745 3531 3834">
    <p class='ocr_par' dir='ltr' id='par_1_100' title="bbox 1941 3745 3531 3834">
     <span class='ocr_line' id='line_1_101' title="bbox 1941 3745 3531 3834; baseline 0.017 -34"><span class='ocrx_word' id='word_1_772' title='bbox 1941 3745 2043 3802; x_wconf 92' lang='lat' dir='ltr'>bus</span> <span class='ocrx_word' id='word_1_773' title='bbox 2065 3748 2324 3817; x_wconf 88' lang='lat' dir='ltr'>epistolas</span> <span class='ocrx_word' id='word_1_774' title='bbox 2365 3754 2790 3823; x_wconf 90' lang='lat' dir='ltr'>transmittebat;</span> <span class='ocrx_word' id='word_1_775' title='bbox 2820 3759 2915 3814; x_wconf 91' lang='lat' dir='ltr'>sed</span> <span class='ocrx_word' id='word_1_776' title='bbox 2943 3763 3067 3830; x_wconf 89' lang='lat' dir='ltr'>quia</span> <span class='ocrx_word' id='word_1_777' title='bbox 3106 3768 3383 3834; x_wconf 89' lang='lat' dir='ltr'>passiones</span> <span class='ocrx_word' id='word_1_778' title='bbox 3409 3745 3531 3826; x_wconf 78' lang='lat' dir='ltr'>car-</span> 
     </span>
    </p>
   </div>
   <div class='ocr_carea' id='block_1_101' title="bbox 1943 3837 3531 3926">
    <p class='ocr_par' dir='ltr' id='par_1_101' title="bbox 1943 3837 3531 3926">
     <span class='ocr_line' id='line_1_102' title="bbox 1943 3837 3531 3926; baseline 0.018 -37"><span class='ocrx_word' id='word_1_779' title='bbox 1943 3837 2143 3891; x_wconf 91' lang='lat' dir='ltr'>nalium</span> <span class='ocrx_word' id='word_1_780' title='bbox 2174 3839 2563 3897; x_wconf 89' lang='lat' dir='ltr'>desideriorum</span> <span class='ocrx_word' id='word_1_781' title='bbox 2591 3845 2853 3915; x_wconf 88' lang='lat' dir='ltr'>vicerant,</span> <span class='ocrx_word' id='word_1_782' title='bbox 2878 3849 2991 3918; x_wconf 86' lang='lat' dir='ltr'>jam</span> <span class='ocrx_word' id='word_1_783' title='bbox 3041 3851 3195 3909; x_wconf 91' lang='lat' dir='ltr'>liberi</span> <span class='ocrx_word' id='word_1_784' title='bbox 3237 3872 3335 3926; x_wconf 89' lang='lat' dir='ltr'>per</span> <span class='ocrx_word' id='word_1_785' title='bbox 3365 3861 3531 3917; x_wconf 85' lang='lat' dir='ltr'>virtu-</span> 
     </span>
    </p>
   </div>
   <div class='ocr_carea' id='block_1_102' title="bbox 1944 3927 3531 4015">
    <p class='ocr_par' dir='ltr' id='par_1_102' title="bbox 1944 3927 3531 4015">
     <span class='ocr_line' id='line_1_103' title="bbox 1944 3927 3531 4015; baseline 0.018 -35"><span class='ocrx_word' id='word_1_786' title='bbox 1944 3931 2054 3980; x_wconf 90' lang='lat' dir='ltr'>tem</span> <span class='ocrx_word' id='word_1_787' title='bbox 2082 3927 2300 3995; x_wconf 91' lang='lat' dir='ltr'>spiritus</span> <span class='ocrx_word' id='word_1_788' title='bbox 2328 3929 2383 3983; x_wconf 94' lang='lat' dir='ltr'>in</span> <span class='ocrx_word' id='word_1_789' title='bbox 2411 3944 2575 3987; x_wconf 88' lang='lat' dir='ltr'>carne</span> <span class='ocrx_word' id='word_1_790' title='bbox 2610 3949 2720 3991; x_wconf 91' lang='lat' dir='ltr'>non</span> <span class='ocrx_word' id='word_1_791' title='bbox 2758 3947 2933 3994; x_wconf 90' lang='lat' dir='ltr'>erant.</span> <span class='ocrx_word' id='word_1_792' title='bbox 2964 3940 3120 4008; x_wconf 91' lang='lat' dir='ltr'>Quod</span> <span class='ocrx_word' id='word_1_793' title='bbox 3166 3960 3296 4015; x_wconf 88' lang='lat' dir='ltr'>ergo</span> <span class='ocrx_word' id='word_1_794' title='bbox 3334 3948 3531 4009; x_wconf 86' lang='lat' dir='ltr'>Paulus</span> 
     </span>
    </p>
   </div>
   <div class='ocr_carea' id='block_1_103' title="bbox 1944 4018 3531 4111">
    <p class='ocr_par' dir='ltr' id='par_1_103' title="bbox 1944 4018 3531 4111">
     <span class='ocr_line' id='line_1_104' title="bbox 1944 4018 3531 4111; baseline 0.019 -42"><span class='ocrx_word' id='word_1_795' title='bbox 1944 4018 2218 4086; x_wconf 89' lang='lat' dir='ltr'>apostolus</span> <span class='ocrx_word' id='word_1_796' title='bbox 2260 4019 2432 4077; x_wconf 90' lang='lat' dir='ltr'>dicit:</span> <span class='ocrx_word' id='word_1_797' title='bbox 2469 4020 2605 4088; x_wconf 85' lang='lat' dir='ltr'>Quia</span> <span class='ocrx_word' id='word_1_798' title='bbox 2651 4044 2773 4083; x_wconf 87' lang='lat' dir='ltr'>caro</span> <span class='ocrx_word' id='word_1_799' title='bbox 2821 4040 2870 4085; x_wconf 90' lang='lat' dir='ltr'>et</span> <span class='ocrx_word' id='word_1_800' title='bbox 2912 4037 3125 4106; x_wconf 86' lang='lat' dir='ltr'>sanguis</span> <span class='ocrx_word' id='word_1_801' title='bbox 3170 4055 3385 4111; x_wconf 85' lang='lat' dir='ltr'>regnum</span> <span class='ocrx_word' id='word_1_802' title='bbox 3428 4042 3531 4100; x_wconf 86' lang='lat' dir='ltr'>Dei</span> 
     </span>
    </p>
   </div>
   <div class='ocr_carea' id='block_1_104' title="bbox 1942 4108 3529 4196">
    <p class='ocr_par' dir='ltr' id='par_1_104' title="bbox 1942 4108 3529 4196">
     <span class='ocr_line' id='line_1_105' title="bbox 1942 4108 3529 4196; baseline 0.02 -35"><span class='ocrx_word' id='word_1_803' title='bbox 1942 4108 2203 4177; x_wconf 85' lang='lat' dir='ltr'>possidere</span> <span class='ocrx_word' id='word_1_804' title='bbox 2230 4114 2570 4184; x_wconf 69' lang='lat' dir='ltr'>non‘possunt</span> <span class='ocrx_word' id='word_1_805' title='bbox 2598 4117 2653 4189; x_wconf 92' lang='grc' dir='ltr'>(Ι</span> <span class='ocrx_word' id='word_1_806' title='bbox 2678 4119 2798 4176; x_wconf 86' lang='lat' dir='ltr'>Cor.</span> <span class='ocrx_word' id='word_1_807' title='bbox 2825 4139 2911 4189; x_wconf 88' lang='lat' dir='ltr'>xv,</span> <span class='ocrx_word' id='word_1_808' title='bbox 2942 4125 3067 4196; x_wconf 84' lang='lat'>50),</span> <span class='ocrx_word' id='word_1_809' title='bbox 3091 4108 3307 4187; x_wconf 82' lang='lat' dir='ltr'>carnem</span> <span class='ocrx_word' id='word_1_810' title='bbox 3335 4149 3529 4191; x_wconf 85' lang='lat' dir='ltr'>secun-</span> 
     </span>
    </p>
   </div>
   <div class='ocr_carea' id='block_1_105' title="bbox 1943 4199 3529 4283">
    <p class='ocr_par' dir='ltr' id='par_1_105' title="bbox 1943 4199 3529 4283">
     <span class='ocr_line' id='line_1_106' title="bbox 1943 4199 3529 4283; baseline 0.018 -29"><span class='ocrx_word' id='word_1_811' title='bbox 1943 4199 2071 4255; x_wconf 90' lang='lat' dir='ltr'>dum</span> <span class='ocrx_word' id='word_1_812' title='bbox 2100 4202 2311 4272; x_wconf 90' lang='lat' dir='ltr'>culpam</span> <span class='ocrx_word' id='word_1_813' title='bbox 2360 4205 2581 4278; x_wconf 91' lang='lat' dir='ltr'>intelligi</span> <span class='ocrx_word' id='word_1_814' title='bbox 2619 4212 2815 4282; x_wconf 92' lang='lat' dir='ltr'>voluit,</span> <span class='ocrx_word' id='word_1_815' title='bbox 2844 4231 2954 4272; x_wconf 91' lang='lat' dir='ltr'>non</span> <span class='ocrx_word' id='word_1_816' title='bbox 2980 4233 3199 4277; x_wconf 88' lang='lat' dir='ltr'>carnem</span> <span class='ocrx_word' id='word_1_817' title='bbox 3235 4226 3529 4283; x_wconf 89' lang='lat' dir='ltr'>secundum</span> 
     </span>
    </p>
   </div>
   <div class='ocr_carea' id='block_1_106' title="bbox 1944 4294 3528 4377">
    <p class='ocr_par' dir='ltr' id='par_1_106' title="bbox 1944 4294 3528 4377">
     <span class='ocr_line' id='line_1_107' title="bbox 1944 4294 3528 4377; baseline 0.02 -32"><span class='ocrx_word' id='word_1_818' title='bbox 1944 4301 2209 4348; x_wconf 89' lang='lat' dir='ltr'>naturam.</span> <span class='ocrx_word' id='word_1_819' title='bbox 2245 4294 2397 4355; x_wconf 89' lang='lat' dir='ltr'>Unde</span> <span class='ocrx_word' id='word_1_820' title='bbox 2424 4308 2480 4354; x_wconf 91' lang='lat' dir='ltr'>et</span> <span class='ocrx_word' id='word_1_821' title='bbox 2505 4317 2631 4359; x_wconf 87' lang='lat' dir='ltr'>mox</span> <span class='ocrx_word' id='word_1_822' title='bbox 2676 4307 2799 4376; x_wconf 92' lang='lat' dir='ltr'>quia</span> <span class='ocrx_word' id='word_1_823' title='bbox 2839 4324 3056 4369; x_wconf 87' lang='lat' dir='ltr'>carnem</span> <span class='ocrx_word' id='word_1_824' title='bbox 3087 4318 3381 4374; x_wconf 88' lang='lat' dir='ltr'>secundum</span> <span class='ocrx_word' id='word_1_825' title='bbox 3414 4322 3528 4377; x_wconf 87' lang='lat' dir='ltr'>cul-</span> 
     </span>
    </p>
   </div>
   <div class='ocr_carea' id='block_1_107' title="bbox 1942 4383 3528 4478">
    <p class='ocr_par' dir='ltr' id='par_1_107' title="bbox 1942 4383 3528 4478">
     <span class='ocr_line' id='line_1_108' title="bbox 1942 4383 3528 4478; baseline 0.02 -44"><span class='ocrx_word' id='word_1_826' title='bbox 1942 4398 2068 4453; x_wconf 86' lang='lat' dir='ltr'>pam</span> <span class='ocrx_word' id='word_1_827' title='bbox 2109 4383 2342 4453; x_wconf 88' lang='lat' dir='ltr'>diceret,</span> <span class='ocrx_word' id='word_1_828' title='bbox 2384 4392 2648 4456; x_wconf 88' lang='lat' dir='ltr'>ostendit,</span> <span class='ocrx_word' id='word_1_829' title='bbox 2692 4397 2925 4454; x_wconf 89' lang='lat' dir='ltr'>subdens</span> <span class='ocrx_word' id='word_1_830' title='bbox 2971 4420 2984 4454; x_wconf 91' lang='lat'>:</span> <span class='ocrx_word' id='word_1_831' title='bbox 3036 4402 3217 4477; x_wconf 84' lang='lat' dir='ltr'>Neque</span> <span class='ocrx_word' id='word_1_832' title='bbox 3266 4413 3528 4478; x_wconf 86' lang='lat' dir='ltr'>corruptio</span> 
     </span>
    </p>
   </div>
   <div class='ocr_carea' id='block_1_108' title="bbox 1941 4474 3528 4568">
    <p class='ocr_par' dir='ltr' id='par_1_108' title="bbox 1941 4474 3528 4568">
     <span class='ocr_line' id='line_1_109' title="bbox 1941 4474 3528 4568; baseline 0.02 -40"><span class='ocrx_word' id='word_1_833' title='bbox 1941 4474 2346 4548; x_wconf 85' lang='lat' dir='ltr'>incorruptelam</span> <span class='ocrx_word' id='word_1_834' title='bbox 2373 4484 2671 4553; x_wconf 85' lang='lat' dir='ltr'>possidebit.</span> <span class='ocrx_word' id='word_1_835' title='bbox 2714 4487 2772 4543; x_wconf 91' lang='lat' dir='ltr'>ln</span> <span class='ocrx_word' id='word_1_836' title='bbox 2818 4491 2907 4546; x_wconf 89' lang='lat' dir='ltr'>illa</span> <span class='ocrx_word' id='word_1_837' title='bbox 2949 4508 3081 4564; x_wconf 87' lang='lat' dir='ltr'>ergo</span> <span class='ocrx_word' id='word_1_838' title='bbox 3109 4474 3315 4554; x_wconf 78' lang='lat' dir='ltr'>ctelesti</span> <span class='ocrx_word' id='word_1_839' title='bbox 3360 4474 3528 4568; x_wconf 85' lang='lat' dir='ltr'>gloria</span> 
     </span>
    </p>
   </div>
   <div class='ocr_carea' id='block_1_109' title="bbox 1944 4574 3528 4661">
    <p class='ocr_par' dir='ltr' id='par_1_109' title="bbox 1944 4574 3528 4661">
     <span class='ocr_line' id='line_1_110' title="bbox 1944 4574 3528 4661; baseline 0.016 -36"><span class='ocrx_word' id='word_1_840' title='bbox 1944 4585 2071 4625; x_wconf 86' lang='lat' dir='ltr'>caro</span> <span class='ocrx_word' id='word_1_841' title='bbox 2093 4574 2383 4628; x_wconf 91' lang='lat' dir='ltr'>secundum</span> <span class='ocrx_word' id='word_1_842' title='bbox 2412 4586 2659 4633; x_wconf 87' lang='lat' dir='ltr'>naturam</span> <span class='ocrx_word' id='word_1_843' title='bbox 2680 4582 2802 4649; x_wconf 87' lang='lat' dir='ltr'>erit,</span> <span class='ocrx_word' id='word_1_844' title='bbox 2832 4586 2926 4641; x_wconf 90' lang='lat' dir='ltr'>sed</span> <span class='ocrx_word' id='word_1_845' title='bbox 2953 4589 3244 4644; x_wconf 91' lang='lat' dir='ltr'>secundum</span> <span class='ocrx_word' id='word_1_846' title='bbox 3266 4594 3528 4661; x_wconf 85' lang='lat' dir='ltr'>passionis</span> 
     </span>
    </p>
   </div>
   <div class='ocr_carea' id='block_1_110' title="bbox 1944 4662 3526 4754">
    <p class='ocr_par' dir='ltr' id='par_1_110' title="bbox 1944 4662 3526 4754">
     <span class='ocr_line' id='line_1_111' title="bbox 1944 4662 3526 4754; baseline 0.018 -37"><span class='ocrx_word' id='word_1_847' title='bbox 1944 4662 2209 4719; x_wconf 84' lang='lat' dir='ltr'>desideria</span> <span class='ocrx_word' id='word_1_848' title='bbox 2249 4682 2357 4722; x_wconf 92' lang='lat' dir='ltr'>non</span> <span class='ocrx_word' id='word_1_849' title='bbox 2399 4670 2535 4737; x_wconf 89' lang='lat' dir='ltr'>erit,</span> <span class='ocrx_word' id='word_1_850' title='bbox 2579 4673 2704 4740; x_wconf 89' lang='lat' dir='ltr'>quia</span> <span class='ocrx_word' id='word_1_851' title='bbox 2746 4675 2956 4734; x_wconf 89' lang='lat' dir='ltr'>devicto</span> <span class='ocrx_word' id='word_1_852' title='bbox 2995 4681 3184 4736; x_wconf 89' lang='lat' dir='ltr'>mortis</span> <span class='ocrx_word' id='word_1_853' title='bbox 3229 4685 3443 4754; x_wconf 91' lang='lat' dir='ltr'>aculeo,</span> <span class='ocrx_word' id='word_1_854' title='bbox 3475 4689 3526 4746; x_wconf 93' lang='lat' dir='ltr'>in</span> 
     </span>
    </p>
   </div>
   <div class='ocr_carea' id='block_1_111' title="bbox 1942 4756 3525 4841">
    <p class='ocr_par' dir='ltr' id='par_1_111' title="bbox 1942 4756 3525 4841">
     <span class='ocr_line' id='line_1_112' title="bbox 1942 4756 3525 4841; baseline 0.016 -33"><span class='ocrx_word' id='word_1_855' title='bbox 1942 4763 2146 4810; x_wconf 77' lang='lat' dir='ltr'>mterna</span> <span class='ocrx_word' id='word_1_856' title='bbox 2167 4756 2571 4831; x_wconf 83' lang='lat' dir='ltr'>incorruptione</span> <span class='ocrx_word' id='word_1_857' title='bbox 2599 4767 2859 4834; x_wconf 88' lang='lat' dir='ltr'>regnabit.</span> <span class='ocrx_word' id='word_1_858' title='bbox 2894 4787 2913 4820; x_wconf 72' lang='grc' dir='ltr'>ι</span> <span class='ocrx_word' id='word_1_859' title='bbox 2948 4766 3151 4835; x_wconf 90' lang='lat' dir='ltr'>Quibus</span> <span class='ocrx_word' id='word_1_860' title='bbox 3179 4775 3390 4841; x_wconf 91' lang='lat' dir='ltr'>auditis,</span> <span class='ocrx_word' id='word_1_861' title='bbox 3421 4777 3525 4834; x_wconf 78' lang='lat' dir='ltr'>Eu-</span> 
     </span>
    </p>
   </div>
   <div class='ocr_carea' id='block_1_112' title="bbox 1942 4847 3525 4931">
    <p class='ocr_par' dir='ltr' id='par_1_112' title="bbox 1942 4847 3525 4931">
     <span class='ocr_line' id='line_1_113' title="bbox 1942 4847 3525 4931; baseline 0.016 -30"><span class='ocrx_word' id='word_1_862' title='bbox 1942 4847 2154 4919; x_wconf 82' lang='lat' dir='ltr'>tychius</span> <span class='ocrx_word' id='word_1_863' title='bbox 2183 4853 2486 4910; x_wconf 90' lang='lat' dir='ltr'>consentire</span> <span class='ocrx_word' id='word_1_864' title='bbox 2511 4870 2571 4910; x_wconf 90' lang='lat' dir='ltr'>se</span> <span class='ocrx_word' id='word_1_865' title='bbox 2596 4857 2842 4925; x_wconf 89' lang='lat' dir='ltr'>protinus</span> <span class='ocrx_word' id='word_1_866' title='bbox 2882 4861 3183 4931; x_wconf 89' lang='lat' dir='ltr'>respondit;</span> <span class='ocrx_word' id='word_1_867' title='bbox 3225 4866 3321 4922; x_wconf 91' lang='lat' dir='ltr'>sed</span> <span class='ocrx_word' id='word_1_868' title='bbox 3348 4876 3525 4927; x_wconf 88' lang='lat' dir='ltr'>tamen</span> 
     </span>
    </p>
   </div>
   <div class='ocr_carea' id='block_1_113' title="bbox 1942 4938 3524 5028">
    <p class='ocr_par' dir='ltr' id='par_1_113' title="bbox 1942 4938 3524 5028">
     <span class='ocr_line' id='line_1_114' title="bbox 1942 4938 3524 5028; baseline 0.016 -36"><span class='ocrx_word' id='word_1_869' title='bbox 1942 4938 2118 4995; x_wconf 88' lang='lat' dir='ltr'>adhuc</span> <span class='ocrx_word' id='word_1_870' title='bbox 2147 4957 2342 5011; x_wconf 92' lang='lat' dir='ltr'>corpus</span> <span class='ocrx_word' id='word_1_871' title='bbox 2382 4945 2647 5014; x_wconf 89' lang='lat' dir='ltr'>palpabile</span> <span class='ocrx_word' id='word_1_872' title='bbox 2676 4961 2955 5021; x_wconf 89' lang='lat' dir='ltr'>resurgere</span> <span class='ocrx_word' id='word_1_873' title='bbox 2983 4970 3144 5025; x_wconf 89' lang='lat' dir='ltr'>posse</span> <span class='ocrx_word' id='word_1_874' title='bbox 3188 4959 3524 5028; x_wconf 87' lang='lat' dir='ltr'>denegabat:</span> 
     </span>
    </p>
   </div>
   <div class='ocr_carea' id='block_1_114' title="bbox 1942 5031 3525 5126">
    <p class='ocr_par' dir='ltr' id='par_1_114' title="bbox 1942 5031 3525 5126">
     <span class='ocr_line' id='line_1_115' title="bbox 1942 5031 3525 5126; baseline 0.02 -44"><span class='ocrx_word' id='word_1_875' title='bbox 1942 5031 2034 5098; x_wconf 92' lang='lat' dir='ltr'>qui</span> <span class='ocrx_word' id='word_1_876' title='bbox 2059 5032 2220 5085; x_wconf 89' lang='lat' dir='ltr'>etiam</span> <span class='ocrx_word' id='word_1_877' title='bbox 2249 5034 2304 5086; x_wconf 92' lang='lat' dir='ltr'>in</span> <span class='ocrx_word' id='word_1_878' title='bbox 2325 5034 2505 5089; x_wconf 91' lang='lat' dir='ltr'>libello</span> <span class='ocrx_word' id='word_1_879' title='bbox 2530 5050 2690 5104; x_wconf 90' lang='lat' dir='ltr'>quem</span> <span class='ocrx_word' id='word_1_880' title='bbox 2711 5038 2777 5095; x_wconf 91' lang='lat' dir='ltr'>de</span> <span class='ocrx_word' id='word_1_881' title='bbox 2798 5048 3193 5107; x_wconf 86' lang='lat' dir='ltr'>resurrectione</span> <span class='ocrx_word' id='word_1_882' title='bbox 3215 5054 3525 5126; x_wconf 89' lang='lat' dir='ltr'>scripserat,</span> 
     </span>
    </p>
   </div>
   <div class='ocr_carea' id='block_1_115' title="bbox 1946 5117 3525 5207">
    <p class='ocr_par' dir='ltr' id='par_1_115' title="bbox 1946 5117 3525 5207">
     <span class='ocr_line' id='line_1_116' title="bbox 1946 5117 3525 5207; baseline 0.02 -35"><span class='ocrx_word' id='word_1_883' title='bbox 1946 5117 2098 5174; x_wconf 90' lang='lat' dir='ltr'>Pauli</span> <span class='ocrx_word' id='word_1_884' title='bbox 2142 5136 2355 5190; x_wconf 89' lang='lat' dir='ltr'>quoque</span> <span class='ocrx_word' id='word_1_885' title='bbox 2399 5126 2762 5186; x_wconf 89' lang='lat' dir='ltr'>testimonium</span> <span class='ocrx_word' id='word_1_886' title='bbox 2808 5133 3102 5207; x_wconf 89' lang='lat' dir='ltr'>indiderat,</span> <span class='ocrx_word' id='word_1_887' title='bbox 3153 5117 3417 5201; x_wconf 78' lang='lat' dir='ltr'>dicentis:</span> <span class='ocrx_word' id='word_1_888' title='bbox 3452 5117 3525 5203; x_wconf 76' lang='lat' dir='ltr'>Tu</span> 
     </span>
    </p>
   </div>
   <div class='ocr_carea' id='block_1_116' title="bbox 1945 5254 3523 5346">
    <p class='ocr_par' dir='ltr' id='par_1_116' title="bbox 1945 5254 3523 5346">
     <span class='ocr_line' id='line_1_117' title="bbox 1945 5254 3523 5346; baseline 0.021 -43"><span class='ocrx_word' id='word_1_889' title='bbox 1945 5254 2697 5346; x_wconf 25' lang='lat' dir='ltr'>rip-strinl‘iedemptaristApud</span> <span class='ocrx_word' id='word_1_890' title='bbox 2726 5265 2927 5324; x_wconf 89' lang='lat' dir='ltr'>Mabill.</span> <span class='ocrx_word' id='word_1_891' title='bbox 2960 5279 3013 5327; x_wconf 92' lang='lat' dir='ltr'>et</span> <span class='ocrx_word' id='word_1_892' title='bbox 3038 5270 3220 5343; x_wconf 87' lang='lat' dir='ltr'>Guss.,</span> <span class='ocrx_word' id='word_1_893' title='bbox 3247 5279 3523 5346; x_wconf 91' lang='lat' dir='ltr'>mendose,</span> 
     </span>
    </p>
   </div>
   <div class='ocr_carea' id='block_1_117' title="bbox 1945 5324 2558 5395">
    <p class='ocr_par' dir='ltr' id='par_1_117' title="bbox 1945 5324 2558 5395">
     <span class='ocr_line' id='line_1_118' title="bbox 1945 5324 2558 5395; baseline 0.013 -19"><span class='ocrx_word' id='word_1_894' title='bbox 1945 5324 2195 5395; x_wconf 73' lang='lat' dir='ltr'>attribuit,</span> <span class='ocrx_word' id='word_1_895' title='bbox 2224 5342 2321 5395; x_wconf 92' lang='lat' dir='ltr'>pro</span> <span class='ocrx_word' id='word_1_896' title='bbox 2334 5324 2558 5384; x_wconf 82' lang='lat' dir='ltr'>attriuit.</span> 
     </span>
    </p>
   </div>
   <div class='ocr_carea' id='block_1_118' title="bbox 2019 5394 3523 5481">
    <p class='ocr_par' dir='ltr' id='par_1_118' title="bbox 2019 5394 3523 5481">
     <span class='ocr_line' id='line_1_119' title="bbox 2019 5394 3523 5481; baseline 0.02 -36"><span class='ocrx_word' id='word_1_897' title='bbox 2019 5394 2269 5481; x_wconf 51' lang='lat' dir='ltr'>fE‘odem</span> <span class='ocrx_word' id='word_1_898' title='bbox 2318 5414 2455 5481; x_wconf 72' lang='lat' dir='ltr'>pene</span> <span class='ocrx_word' id='word_1_899' title='bbox 2497 5415 2683 5481; x_wconf 63' lang='lat' dir='ltr'>errore</span> <span class='ocrx_word' id='word_1_900' title='bbox 2731 5406 3009 5466; x_wconf 87' lang='lat' dir='ltr'>laborabat</span> <span class='ocrx_word' id='word_1_901' title='bbox 3059 5417 3271 5481; x_wconf 90' lang='lat' dir='ltr'>quidam</span> <span class='ocrx_word' id='word_1_902' title='bbox 3327 5417 3523 5475; x_wconf 81' lang='lat' dir='ltr'>llierax</span> 
     </span>
    </p>
   </div>
   <div class='ocr_carea' id='block_1_119' title="bbox 1942 5464 3522 5544">
    <p class='ocr_par' dir='ltr' id='par_1_119' title="bbox 1942 5464 3522 5544">
     <span class='ocr_line' id='line_1_120' title="bbox 1942 5464 3522 5544; baseline 0.014 -26"><span class='ocrx_word' id='word_1_903' title='bbox 1942 5464 2786 5544; x_wconf 81' lang='lat' dir='ltr'>pseudomonachus._Nimirum,</span> <span class='ocrx_word' id='word_1_904' title='bbox 2818 5481 2863 5533; x_wconf 89' lang='lat' dir='ltr'>is</span> <span class='ocrx_word' id='word_1_905' title='bbox 2892 5464 3280 5540; x_wconf 47' lang='lat' dir='ltr'>desedi/Iis;</span> <span class='ocrx_word' id='word_1_906' title='bbox 3317 5464 3522 5540; x_wconf 65' lang='lat' dir='ltr'>carnem</span> 
     </span>
    </p>
   </div>
   <div class='ocr_carea' id='block_1_120' title="bbox 1943 5540 3521 5623">
    <p class='ocr_par' dir='ltr' id='par_1_120' title="bbox 1943 5540 3521 5623">
     <span class='ocr_line' id='line_1_121' title="bbox 1943 5540 3521 5623; baseline 0.016 -39"><span class='ocrx_word' id='word_1_907' title='bbox 1943 5550 2045 5623; x_wconf 62' lang='lat' dir='ltr'>non</span> <span class='ocrx_word' id='word_1_908' title='bbox 2072 5552 2363 5623; x_wconf 61' lang='lat' dir='ltr'>resurgere,</span> <span class='ocrx_word' id='word_1_909' title='bbox 2393 5540 2484 5593; x_wconf 88' lang='lat' dir='ltr'>sed</span> <span class='ocrx_word' id='word_1_910' title='bbox 2510 5560 2603 5623; x_wconf 77' lang='lat' dir='ltr'>pro</span> <span class='ocrx_word' id='word_1_911' title='bbox 2624 5540 2917 5623; x_wconf 75' lang='lat' dir='ltr'>ea__uliam;</span> <span class='ocrx_word' id='word_1_912' title='bbox 2965 5563 3013 5605; x_wconf 89' lang='lat' dir='ltr'>et</span> <span class='ocrx_word' id='word_1_913' title='bbox 3053 5555 3193 5623; x_wconf 70' lang='lat' dir='ltr'>[tunc</span> <span class='ocrx_word' id='word_1_914' title='bbox 3240 5558 3292 5609; x_wconf 86' lang='lat' dir='ltr'>in</span> <span class='ocrx_word' id='word_1_915' title='bbox 3332 5564 3521 5609; x_wconf 85' lang='lat' dir='ltr'>terram</span> 
     </span>
    </p>
   </div>
   <div class='ocr_carea' id='block_1_121' title="bbox 1942 5604 3521 5693">
    <p class='ocr_par' dir='ltr' id='par_1_121' title="bbox 1942 5604 3521 5693">
     <span class='ocr_line' id='line_1_122' title="bbox 1942 5604 3521 5693; baseline 0.015 -37"><span class='ocrx_word' id='word_1_916' title='bbox 1942 5604 2180 5693; x_wconf 66' lang='lat' dir='ltr'>dissolvi,</span> <span class='ocrx_word' id='word_1_917' title='bbox 2214 5604 2385 5688; x_wconf 80' lang='lat' dir='ltr'>inquit</span> <span class='ocrx_word' id='word_1_918' title='bbox 2410 5604 2653 5693; x_wconf 65' lang='lat' dir='ltr'>scriptor</span> <span class='ocrx_word' id='word_1_919' title='bbox 2679 5604 3011 5693; x_wconf 43' lang='grc' dir='ltr'><strong><em>νὶιιεὶειιιςιί</em></strong></span> <span class='ocrx_word' id='word_1_920' title='bbox 3051 5604 3521 5693; x_wconf 52' lang='lat' dir='ltr'>Epipnjfejiiuﬁié</span> 
     </span>
    </p>
   </div>
   <div class='ocr_carea' id='block_1_122' title="bbox 1938 5673 3521 5764">
    <p class='ocr_par' dir='ltr' id='par_1_122' title="bbox 1938 5673 3521 5764">
     <span class='ocr_line' id='line_1_123' title="bbox 1938 5673 3521 5764; baseline 0.015 -37"><span class='ocrx_word' id='word_1_921' title='bbox 1938 5673 2245 5764; x_wconf 69' lang='lat' dir='ltr'>discipulus,</span> <span class='ocrx_word' id='word_1_922' title='bbox 2275 5673 2443 5764; x_wconf 74' lang='lat' dir='ltr'>ejusd.</span> <span class='ocrx_word' id='word_1_923' title='bbox 2482 5673 2789 5764; x_wconf 52' lang='lat' dir='ltr'>Vitainum2</span> <span class='ocrx_word' id='word_1_924' title='bbox 2812 5688 2899 5764; x_wconf 68' lang='grc'>27.</span> <span class='ocrx_word' id='word_1_925' title='bbox 2932 5673 3521 5764; x_wconf 56' lang='lat' dir='ltr'>iitinc’r&#39;ép&#39;r&#39;essithbil</span> 
     </span>
    </p>
   </div>
   <div class='ocr_carea' id='block_1_123' title="bbox 1939 5744 3520 5822">
    <p class='ocr_par' dir='ltr' id='par_1_123' title="bbox 1939 5744 3520 5822">
     <span class='ocr_line' id='line_1_124' title="bbox 1939 5744 3520 5822; baseline 0.015 -25"><span class='ocrx_word' id='word_1_926' title='bbox 1939 5744 2165 5822; x_wconf 79' lang='lat' dir='ltr'>phanius</span> <span class='ocrx_word' id='word_1_927' title='bbox 2195 5744 2315 5801; x_wconf 81' lang='lat' dir='ltr'>tum</span> <span class='ocrx_word' id='word_1_928' title='bbox 2337 5749 2595 5822; x_wconf 82' lang='lat' dir='ltr'>miraculo</span> <span class='ocrx_word' id='word_1_929' title='bbox 2625 5762 2735 5810; x_wconf 86' lang='lat' dir='ltr'>tum</span> <span class='ocrx_word' id='word_1_930' title='bbox 2760 5744 3077 5814; x_wconf 81' lang='lat' dir='ltr'>doctissima</span> <span class='ocrx_word' id='word_1_931' title='bbox 3098 5744 3377 5822; x_wconf 47' lang='lat' dir='ltr'>errr—sacris</span> <span class='ocrx_word' id='word_1_932' title='bbox 3390 5744 3520 5821; x_wconf 62' lang='grc' dir='ltr'>Ῑιῖί-</span> 
     </span>
    </p>
   </div>
   <div class='ocr_carea' id='block_1_124' title="bbox 1940 5815 2506 5876">
    <p class='ocr_par' dir='ltr' id='par_1_124' title="bbox 1940 5815 2506 5876">
     <span class='ocr_line' id='line_1_125' title="bbox 1940 5815 2506 5876; baseline 0.014 -8"><span class='ocrx_word' id='word_1_933' title='bbox 1940 5816 2069 5873; x_wconf 87' lang='lat' dir='ltr'>teris</span> <span class='ocrx_word' id='word_1_934' title='bbox 2111 5815 2506 5876; x_wconf 89' lang='lat' dir='ltr'>dissertatione.</span> 
     </span>
    </p>
   </div>
   <div class='ocr_carea' id='block_1_125' title="bbox 3056 5988 3095 6051">
    <p class='ocr_par' dir='ltr' id='par_1_125' title="bbox 3056 5988 3095 6051">
     <span class='ocr_line' id='line_1_126' title="bbox 3056 5988 3095 6051; baseline 0 0"><span class='ocrx_word' id='word_1_935' title='bbox 3056 5988 3095 6051; x_wconf 81' lang='lat'><strong>3</strong></span> 
     </span>
    </p>
   </div>
  </div>
