4118 6494
451 403 518 458 75
1093 395 1155 459 s.
1193 385 1521 454 caucouu
1560 377 1772 446 MAGNI
1811 375 1991 450 vm,
2038 369 2238 442 AUCT.
2275 371 2534 439 manus
2571 369 2886 436 DIACONO.
2927 363 3055 435 LIB.
3086 375 3130 438 t.
3690 373 3765 435 76

451 520 592 593 quod
617 518 841 572 seminus
863 529 963 570 non
991 513 1348 584 uiviﬁcabitur,
1383 509 1484 563 nisi
1515 508 1659 578 prius
1684 502 1972 566 moriatur;
2007 506 2057 555 et
2087 498 2142 564 Α
2239 497 2396 593 ὅῇηῃε
2424 494 2672 593 Pelagius
2700 492 2984 593 episcOpus
3013 491 3209 593 dilecto
3239 489 3348 546 filio
3377 488 3640 558 Gregorio
3669 495 3772 593 ven.

454 612 576 684 quia
612 625 715 663 non
738 626 920 680 corpus
949 609 1083 679 quod
1105 609 1330 679 futurum
1354 612 1429 658 est
1458 604 1701 665 seminus,
1737 597 1827 653 sed
1854 595 2051 650 nudum

454 716 675 774 granum
704 698 756 770 (Ι
784 697 902 752 Cor.
935 713 1023 762 xv,
1059 695 1171 765 56).
1219 693 1329 750 Hoc
1359 694 1607 748 nimirum
1645 687 1933 745 ostendere
1973 685 2053 740 fe-

457 794 666 850 stinans
687 829 701 857 ,
729 792 851 861 quia
895 803 1021 845 caro
1064 790 1150 843 vel
1182 787 1495 859 palpabilis,
1528 785 1609 839 vel
1648 785 1761 855 ipsa
1790 796 1898 836 non
1927 780 2050 846 erit,

456 886 584 941 dum
605 892 819 938 sanctus
840 882 1129 952 Apostolus
1150 877 1217 934 de
1239 876 1650 934 resurrectionis
1672 889 1834 942 agens
1860 871 2049 942 gloria,

458 989 566 1034 non
593 989 790 1046 corpus
818 975 960 1044 quod
991 974 1227 1028 futurum
1258 981 1337 1026 est
1386 969 1638 1024 seminari
1681 966 1908 1030 dixerit,
1961 961 2055 1019 sed

457 1069 660 1123 nudum
697 1081 947 1136 granum.
979 1064 1086 1120 Sed
1127 1061 1192 1118 ad
1240 1064 1352 1116 hinc
1390 1059 1681 1126 Gregorius
1728 1054 2054 1126 respondit:

465 1179 486 1212 ι
514 1159 710 1213 Paulus
737 1158 1010 1227 apostolus
1031 1155 1214 1210 dicens
1240 1171 1251 1208 :
1277 1155 1380 1224 33
1411 1153 1531 1207 Non
1575 1167 1758 1220 corpus
1787 1147 1922 1220 quod
1971 1148 2054 1218 fu:

461 1258 632 1304 turum
679 1256 756 1303 est
792 1248 1048 1309 sentinae,
1081 1247 1170 1299 sed
1194 1241 1384 1298 nudum
1413 1258 1650 1313 granum,
1681 1241 1783 1294 hoc
1825 1239 2060 1292 insinuat

461 1342 608 1412 quod
635 1339 902 1403 videmus,
931 1339 1057 1406 quia
1089 1336 1335 1390 videlicet
1375 1345 1599 1402 granum
1629 1347 1749 1384 cum
1795 1329 1974 1383 culmo
2003 1333 2059 1381 et

467 1433 610 1489 loliis
641 1431 906 1496 nascitur,
937 1428 1081 1498 quod
1105 1429 1220 1481 sine
1265 1428 1442 1481 culum
1481 1433 1536 1479 et
1567 1425 1707 1477 foliis
1736 1423 2054 1476 seminatur.

463 1524 562 1579 Ille
603 1525 784 1592 itaque
827 1523 902 1576 in'
928 1529 1219 1589 augmento
1263 1521 1444 1588 gloria!
1494 1517 1902 1573 resurrectionis
1953 1531 2061 1569 non

465 1617 605 1672 dixit
635 1630 804 1686 grano
845 1614 1068 1668 seminis
1113 1613 1301 1667 deesse
1324 1611 1468 1680 quod
1523 1618 1671 1676 erat,
1721 1609 1814 1662 sed
1873 1607 2064 1662 adesse

467 1705 615 1777 quod
646 1721 754 1760 non
781 1711 914 1758 erat.
943 1702 1021 1756 Tu
1053 1711 1230 1756 autem
1277 1702 1401 1754 dum
1442 1715 1627 1753 verum
1655 1713 1854 1768 corpus
1883 1713 2065 1752 resur-

469 1811 597 1867 gere
626 1795 878 1863 denegas,
921 1807 1254 1862 nequaquam
1286 1792 1419 1846 dicis
1448 1791 1638 1846 adesse
1684 1791 1828 1861 quod
1857 1791 2064 1859 deerat,

470 1889 564 1943 sed
593 1888 781 1942 deesse
810 1885 955 1955 quod
982 1892 1116 1939 erat.
1149 1904 1165 1935 ι

543 1977 631 2033 29.
673 1979 819 2032 Tunc
849 1980 1027 2046 itaque
1076 1977 1365 2045 Gregorius
1413 1973 1688 2030 Romanus
1717 1975 1977 2029 diaconus
2008 1980 2064 2028 et

473 2069 768 2140 Eutycbius
796 2069 1428 2138 Constantiuopolitanus
1445 2068 1759 2138 episcopus,
1785 2068 1886 2121 hac
1912 2065 1979 2120 de
2004 2080 2064 2120 re

473 2161 526 2214 in
555 2161 771 2228 longam
799 2161 1201 2214 contentionem
1231 2159 1494 2229 perducti,
1537 2159 1850 2228 gravissima
1881 2172 2063 2226 cmpe-

474 2261 598 2305 runt
647 2251 713 2304 ab
763 2251 991 2304 invicem
1029 2261 1053 2286 υ
1084 2249 1451 2320 simultatione
1501 2250 1727 2304 resilire.
1781 2248 1916 2302 Tum
1965 2247 2068 2316 pia:

476 2340 751 2394 memoria)
782 2339 1027 2394 Tiberius
1050 2339 1072 2377 ιι
1101 2339 1483 2393 Constantinus
1513 2340 1826 2410 imperator,
1856 2347 2069 2394 secreto

477 2443 764 2498 utrumque
793 2430 1110 2499 suscipiens,
1141 2430 1269 2499 quid
1300 2431 1440 2484 inter
1462 2445 1556 2484 eos
1583 2430 1860 2485 discordiae
1892 2444 2071 2483 versa-

479 2533 626 2579 retur
649 2524 883 2592 agnovit,
913 2532 965 2577 et
995 2524 1273 2593 utriusque
1304 2523 1469 2592 partis
1497 2523 1878 2592 allegationem
1904 2521 2072 2575 subti-

480 2615 603 2669 liter
633 2630 864 2684 pensans
888 2655 902 2680 ,
954 2615 1204 2670 eumdem
1237 2616 1428 2669 librum
1476 2629 1634 2684 quetn
1685 2615 1978 2687 Eutychius
2006 2615 2074 2670 de

481 2705 878 2759 resurrectione
907 2708 1301 2776 conscripserat
1343 2708 1454 2762 suis
1493 2723 1709 2779 quoque
1739 2719 1762 2747 ο
1792 2709 2074 2778 allegatio-

482 2797 639 2850 nibus
680 2798 984 2867 destruens,
1029 2799 1347 2852 deliberavit
1378 2807 1435 2852 ut
1462 2799 1689 2854 flammis
1719 2803 1946 2856 cremari
1978 2801 2074 2856 de-

483 2889 706 2944 buisset.
738 2891 783 2942 A
812 2905 920 2959 quo
951 2891 1198 2946 videlicet
1227 2891 1464 2960 piissimo
1494 2892 1819 2961 imperatore
1841 2902 1898 2946 ut
1919 2887 2077 2945 simul

484 2984 683 3052 egressi
707 2992 848 3047 sunt,
876 2992 998 3053 post
1019 2984 1341 3053 longissima:
1370 2985 1746 3055 disputationis
1769 2984 2078 3041 conflictum

485 3077 687 3146 pariter
713 3085 1038 3143 :ngrotantes
1067 3077 1118 3129 in
1151 3075 1406 3130 lectulum
1437 3076 1770 3132 deciderunt.

553 3165 640 3219 50.
684 3164 816 3220 Cum
865 3180 993 3232 ergo
1038 3164 1328 3233 Gregorius
1375 3166 1713 3222 validissimis
1742 3167 1980 3222 febribus
2007 3183 2081 3221 t1}-

2155 589 2384 647 nerabili
2450 588 2700 643 diacono.
2758 585 2951 640 Omnia
3005 583 3221 655 quidem
3280 600 3400 655 quae
3457 585 3767 641 necessaria

2156 681 2394 748 fuerunt,
2428 696 2523 750 per
2551 677 2884 734 Honoratum
2918 677 3186 732 notarium
3217 675 3311 730 tibi
3340 692 3652 734 curavmius
3679 675 3772 730 in—

2156 774 2339 830 dicare
2367 787 2562 843 :quem
2611 787 2731 827 cuni
2780 770 2942 826 fratre
2982 777 3036 824 et
3081 769 3404 840 coepiscopo
3430 766 3763 824 Sebastiano

2159 865 2228 921 ad
2258 864 2603 920 dilectionem
2635 870 2778 918 tuam
2811 863 3125 931 direximus,
3162 870 3220 916 ut
3249 862 3374 933 quia
3407 861 3511 916 illis
3540 862 3594 916 in
3627 876 3768 932 par-

2160 958 2304 1013 tibus
2351 957 2416 1012 ad
2462 955 2772 1011 Ravennam
2824 972 2991 1026 usque
3041 971 3182 1010 nunc
3222 969 3344 1009 cum
3374 953 3492 1009 viro
3522 955 3772 1023 glorioso

2160 1049 2358 1105 domno
2407 1047 2572 1103 Decio
2620 1047 2845 1119 patricio
2885 1046 3004 1115 fuit,
3055 1048 3168 1118 ipse
3197 1063 3292 1100 sua
3321 1046 3586 1101 relatione
3614 1055 3667 1100 te
3695 1062 3774 1102 ex

2162 1141 2409 1197 omnibus
2447 1138 2664 1194 studeat
2711 1138 3042 1203 informare;
3095 1138 3179 1191 vel
3222 1137 3269 1191 si
3306 1152 3411 1205 qua
3455 1136 3775 1192 necessaria

2157 1235 2569 1306 judicaveritis,
2622 1235 2792 1304 possit
2840 1233 3038 1288 domno
3089 1231 3401 1301 imperatori
3449 1245 3771 1300 suggerere.

2164 1326 2300 1392 Quia
2343 1333 2502 1378 tanta:
2532 1324 2868 1379 calamitates
2898 1338 2962 1378 ac
2991 1323 3364 1376 tribulationes
3388 1322 3550 1393 nobis
3577 1338 3607 1375 a
3638 1337 3776 1395 per-

2167 1417 2290 1474 ﬁdia
2323 1413 2799 1486 Langobardorum
2832 1415 2990 1469 illatte
3018 1422 3163 1479 sunt,
3213 1422 3402 1469 contra
3433 1428 3592 1468 suum
3639 1428 3776 1484 pro-

2163 1513 2337 1583 prium
2363 1509 2734 1579 jusjurandum
2762 1547 2776 1572 ,
2820 1514 2878 1561 ut
2908 1506 3086 1561 nullus
3116 1506 3287 1576 possit
3316 1504 3383 1558 ad
3411 1501 3771 1559 referendum

2168 1606 2438 1662 sufficere.
2467 1604 2782 1658 Prtedictum
2801 1610 2984 1672 autem
3009 1601 3230 1656 fratrem
3253 1601 3633 1655 Sebastianum
3657 1615 3782 1669 quo

2169 1699 2332 1754 modo
2363 1700 2782 1769 susceperimus,
2807 1697 2892 1753 vel
2923 1697 2975 1751 in
3005 1696 3148 1765 quali
3178 1695 3317 1766 apud
3348 1710 3466 1760 nos,
3499 1703 3552 1749 te
3577 1708 3782 1763 sugge-

2172 1801 2326 1848 rente
2351 1833 2365 1856 ,
2419 1792 2580 1846 fuerit
2610 1791 2874 1846 charilate
2897 1831 2912 1856 ,
2956 1789 3123 1860 ipsius
3152 1788 3354 1858 poteris
3383 1773 3641 1841 relatione
3672 1801 3780 1840 co—

2096 1887 2147 1950 Β
2171 1899 2453 1955 gnosccre.
2482 1882 2582 1949 Qui
2613 1881 2776 1937 etiam
2803 1879 2911 1951 3!.
2941 1878 3189 1950 promisit
3211 1878 3368 1934 nobis
3417 1877 3784 1932 necessitates

2168 1983 2249 2036 vel
2282 1981 2520 2051 pericula
2551 1981 2715 2032 totius
2745 1974 2908 2030 Italiae
2941 1975 3180 2046 piissimo
3214 1987 3416 2027 onmno
3445 1969 3772 2042 imperatori

2167 2088 2474 2143 suggerere.
2510 2069 2808 2140 Loquimini
2841 2083 2970 2137 ergo
3000 2076 3055 2121 et
3083 2075 3313 2120 tractate
3357 2064 3559 2134 pariter
3583 2103 3598 2127 ,
3655 2076 3780 2131 quo

2171 2167 2333 2223 modo
2375 2165 2574 2220 nostris
2609 2161 2829 2232 possitis
2865 2160 3114 2215 celeri-ter
3151 2157 3440 2213 subvenire
3479 2155 3729 2228 periculis
3762 2172 3784 2208 :

2171 2259 2294 2329 quia
2323 2258 2395 2311 ita
2426 2256 2513 2310 hic
2541 2259 2891 2322 coangustata
2923 2259 3004 2306 est
3033 2249 3363 2320 respublica,
3407 2256 3468 2302 ut
3497 2247 3598 2302 nisi
3635 2247 3786 2302 Deui

2172 2349 2395 2422 piissimi
2428 2349 2480 2402 in
2512 2346 2675 2403 corde
2725 2345 2986 2416 principis
3016 2341 3042 2379 ἀ
3077 2342 3417 2412 inspiraverit
3460 2350 3519 2397 ut
3562 2341 3786 2400 insitam

2175 2443 2275 2498 sibi
2309 2439 2733 2496 misericordiam
2763 2437 2873 2492 suis
2904 2435 3116 2490 famulis
3142 2436 3432 2504 largiatur,
3481 2444 3503 2470 θ
3534 2441 3590 2488 et
3616 2447 3787 2505 super

2179 2536 2268 2590 illa
2299 2532 2612 2601 diac0p0sin
2639 2569 2653 2595 ,
2705 2530 2790 2584 vel
2839 2545 3003 2584 unum
3055 2528 3370 2598 magistrum
3401 2527 3627 2581 militum
3651 2567 3666 2592 ,
3722 2533 3790 2582 et

2179 2641 2343 2681 unum
2375 2624 2565 2677 ducem
2593 2621 2844 2690 dignetur
2873 2617 3194 2684 concedere,
3228 2620 3282 2673 in
3312 2618 3460 2672 omni
3489 2618 3654 2672 simus
3679 2631 3790 2672 an-

2179 2717 2354 2789 gustia
2384 2715 2648 2778 destituti,
2682 2714 2806 2783 quia
2853 2713 3090 2767 maxime
3117 2720 3298 2782 partes
3329 2710 3587 2766 anantn
3631 2712 3792 2768 omni

2181 2808 2429 2882 pricsidio
2459 2814 2699 2861 vacuam
2720 2803 2994 2882 videntur,
3022 2813 3079 2860 et
3107 2804 3374 2858 exarchus
3402 2803 3603 2857 nullum
3627 2803 3794 2859 nobis

2180 2881 2340 2970 posse
2367 2895 2662 2952 remedium
2690 2881 2868 2950 facere
2890 2895 3098 2960 scribit,
3124 2894 3322 2964 quippe
3339 2895 3432 2963 qui
3452 2907 3551 2948 nec
3577 2893 3793 2949 adillas

2182 2999 2364 3061 partes
2386 2986 2763 3044 custodiendas
2796 3002 2854 3042 se
2878 2996 3106 3041 testatur
3127 3001 3285 3056 posse
3315 2983 3587 3041 sufﬁcere.
3605 2985 3794 3055 Impe-

2185 3089 2268 3135 ret
2305 3095 2432 3149 ergo
2459 3079 2533 3132 illi
2567 3079 2706 3133 Deus
2741 3076 2940 3130 nostris
2965 3077 3225 3131 velociter
3254 3077 3506 3146 periculis
3530 3075 3795 3132 subveni-

2185 3190 2266 3240 rc,
2291 3185 2583 3242 antequam
2607 3172 3002 3227 nefandissimie
3023 3172 3199 3240 gentis
3220 3171 3490 3226 exercitus
3515 3171 3632 3226 loca
3659 3187 3794 3240 qua:

487 3262 724 3318 sluaret.
774 3252 1097 3322 Eulyclnius,
1140 3269 1261 3308 cum
1307 3263 1480 3309 morte
1509 3255 1829 3325 confligens,
1879 3259 2073 3325 pellem
2105 3275 2151 3336 ο
2185 3267 2358 3321 adhuc
2405 3281 2435 3319 a
2487 3263 2757 3334 republica
2797 3264 3124 3329 detinentur,
3169 3264 3280 3319 Deo
3329 3264 3430 3318 sibi
3474 3265 3798 3330 contrario,

488 3360 676 3399 manus
704 3358 813 3398 sure
843 3343 1057 3397 tenebat
1076 3358 1259 3396 coram
1282 3344 1550 3411 omnibus,
1574 3345 1753 3400 dicens
1779 3365 1791 3400 :
1815 3347 2080 3418 Conﬁteor

489 3436 608 3506 quia
637 3451 814 3488 omnes
842 3435 897 3487 in
929 3434 1024 3486 hac
1054 3449 1211 3487 carne
1237 3431 1585 3506 resnrgemus'.
1621 3435 1748 3493 Post
1779 3453 1942 3506 quam
1985 3456 2078 3494 ca-

490 3527 701 3581 tholica:
747 3525 864 3580 fidei
896 3524 1293 3580 confessionem
1323 3525 1610 3583 defunctus
1639 3539 1752 3595 est;
1797 3545 1905 3600 quo
1936 3547 2082 3586 mor—

493 3626 609 3685 tuo,
639 3619 766 3686 quia
799 3631 935 3687 pene
965 3617 1142 3672 nullus
1171 3627 1292 3673 erat
1321 3621 1410 3689 qui
1438 3620 1553 3688 ejus
1575 3622 1717 3677 dicta
1741 3634 2081 3694 sequeretur,

493 3711 783 3778 Gregorius
811 3710 1170 3765 dissimulavit
1197 3718 1374 3782 empta
1407 3715 1677 3783 persequi,
1704 3729 1772 3771 ne
1795 3717 1846 3771 in
1877 3716 2085 3775 favillas

491 3802 766 3856 videretur
796 3801 957 3857 verba
984 3801 1232 3871 jaculari.

561 3894 649 3949 5i.
691 3893 900 3959 Quanta
917 3891 1105 3948 autem
1129 3896 1450 3951 auctoritate
1473 3895 1826 3954 ministerium
1857 3901 1936 3956 sui
1963 3917 2089 3972 apo«

493 3989 818 4044 crisiariatus
847 3989 1171 4058 impleverit,
1202 3993 1416 4058 quantae
1445 3995 1764 4048 reverentia:
1798 3994 1935 4064 apud
1978 3996 2088 4050 Au-

495 4089 679 4149 gustos
728 4080 1040 4146 exstiterit,
1096 4091 1406 4150 quantaque
1458 4081 1820 4140 sollicitudine
1877 4086 2090 4142 afﬂictae

497 4172 662 4226 ltalitc
692 4171 930 4226 succurri
958 4171 1152 4239 smpius
1181 4170 1390 4238 fecerit,
1437 4175 1483 4227 si
1530 4175 1650 4245 quis
1690 4177 1900 4245 plenius
1933 4195 2092 4234 nosse

500 4262 794 4327 desiderat,
828 4261 1086 4331 epistolas
1117 4265 1474 4319 antecesseris
1504 4266 1583 4318 sui
1619 4281 1767 4336 papae
1800 4267 1994 4337 Pelagii
2026 4267 2092 4324 ad

501 4371 624 4410 eum
666 4370 829 4424 super
875 4354 1206 4409 multimodis
1249 4355 1506 4412 Ecclesia:
1550 4356 1642 4412 Dei
1685 4363 2094 4419 necessitatibus

501 4449 836 4513 destinatas,
889 4462 1008 4516 quae
1054 4448 1319 4504 hactenus
1360 4449 1413 4502 in
1455 4451 1653 4505 scrinio
1701 4461 1904 4508 sanctae
1952 4455 2096 4510 sedis

503 4539 813 4612 apostolicae
841 4536 1232 4593 studiosissime
1261 4545 1666 4609 conservantur,
1697 4553 1994 4612 percurrat,
2028 4563 2096 4602 ex

2182 3355 2328 3428 quod
2358 3355 2514 3420 absit,
2538 3355 2864 3425 praevaleant
2884 3369 3171 3424 occupare.
3197 3353 3571 3424 Presbyterum
3601 3363 3796 3408 autem

2134 3480 2136 3482 τ
2184 3449 2252 3503 ad
2277 3464 2394 3514 nos,
2423 3447 2534 3502 Deo
2561 3445 2802 3516 juvaute,
2826 3447 3250 3501 retransmittere
3278 3445 3627 3515 festina,qnia
3657 3451 3714 3501 et
3733 3446 3800 3505 in

2187 3541 2522 3596 monasterio
2547 3549 2661 3608 tuo,
2683 3547 2738 3593 et
2764 3540 2816 3593 in
2845 3555 2982 3609 Opus
3013 3541 3099 3594 cui
3129 3554 3250 3594 eum
3277 3541 3796 3609 pmposuimus,ne-

2186 3632 2454 3688 cessarius
2487 3646 2609 3686 esse
2638 3630 2860 3684 omnino
2891 3631 3255 3699 cognoscitur.
3289 3630 3422 3684 Data
3450 3635 3643 3699 quarto
3689 3643 3800 3684 που

2187 3739 2379 3778 narum
2405 3721 2422 3760 τ
2449 3720 2752 3780 Octobrium
2771 3761 2786 3787 ,
2815 3720 3109 3776 indictione
3134 3721 3291 3775 tertia
3316 3719 3540 3792 (Concit.
3564 3731 3684 3775 tota.
3729 3720 3797 3790 γ,

2191 3815 2345 3885 epist.
2379 3813 2455 3885 '5).
2488 3833 2506 3864 ι

2270 3907 2356 3960 55.
2402 3904 2540 3961 Huic
2569 3919 2669 3960 suo
2699 3904 2850 3973 cujus
2889 3905 2976 3960 hic
3005 3919 3144 3976 papa
3175 3905 3425 3975 Pelagius
3463 3903 3798 3960 monasterio

2194 3999 2461 4063 meminit,
2495 3997 2708 4054 Siculus
2738 3997 3112 4064 Maximianus,
3155 3999 3249 4069 qui
3281 4008 3466 4069 postea
3497 3998 3798 4070 Syracusa-

2197 4107 2296 4145 nus
2326 4091 2612 4161 episcopus
2641 4091 2879 4155 exstitit,
2927 4092 3118 4146 eodem
3149 4099 3396 4160 tempore
3430 4090 3660 4160 praefuit.
3689 4089 3800 4155 Qui

2196 4184 2266 4237 ad
2297 4183 2661 4237 venerabilem
2696 4182 2914 4236 levitam
2939 4181 3259 4251 Grrgorium
3286 4185 3340 4237 in
3369 4181 3608 4252 ejusdem
3633 4183 3798 4251 regia

2197 4277 2344 4330 urbis
2394 4275 2594 4344 palatio
2646 4290 2744 4344 pro
2783 4277 3057 4344 responsis
3105 4275 3486 4332 ecclesiasticis
3525 4274 3800 4330 desudan—

2200 4376 2331 4432 tem,
2358 4367 2683 4421 visitationis
2704 4367 2898 4435 gratia.
2921 4382 3044 4422 cum
3069 4367 3326 4422 fratribus
3359 4368 3506 4421 venit
3532 4365 3679 4436 (bit.
3715 4379 3798 4430 ut,

2201 4458 2435 4530 Dialog.,
2477 4475 2593 4529 cup.
2624 4459 2752 4527 56);
2779 4467 2837 4514 et
2865 4459 2990 4514 dum
3021 4460 3087 4514 ad
3113 4460 3502 4514 monasterium
3531 4461 3633 4514 sibi
3661 4471 3805 4528 quo.

2202 4567 2308 4620 que
2336 4553 2685 4607 commissum
2717 4550 2948 4606 Romam
2979 4553 3218 4619 rediret,
3263 4552 3316 4606 in
3362 4553 3496 4606 mari
3525 4551 3806 4606 Adriatico

504 4648 730 4702 Quarum
758 4631 1103 4686 multitudine
1128 4632 1214 4687 hic
1237 4647 1397 4688 unam
1429 4634 1714 4703 intersere,
1747 4647 2012 4705 quatenus
2042 4647 2096 4694 et
2125 4657 2180 4716 Β
2205 4647 2364 4700 nimia
2397 4654 2719 4716 tempestate
2753 4647 3153 4716 deprehensus,
3208 4646 3566 4701 inaestimabili
3611 4645 3808 4701 ordine

506 4723 647 4778 illius
688 4725 966 4779 ministerii
998 4725 1245 4795 qualitas,
1279 4734 1334 4780 et
1360 4727 1685 4796 reliquarum
1719 4747 1933 4801 quoque
1963 4749 2092 4789 con-

507 4817 785 4885 sequentia
815 4823 1189 4885 cognoscatur.
1221 4819 1348 4884 Quze
1377 4821 1448 4873 ita
1481 4836 1536 4875 se
1565 4821 1726 4876 habet
1753 4841 1766 4874 :

579 4937 604 4965 ι
647 4929 720 4982 Ita
765 4928 917 4990 Mss.,
961 4930 1049 4983 ubi
1089 4925 1335 4986 Editores
1380 4933 1658 5000 legerunt,
1710 4935 1990 4990 simultate.
2037 4939 2096 4993 ln

512 4999 819 5074 liloralibus,
849 5000 941 5074 lib.
971 5017 1076 5074 xiv,
1106 5021 1156 5055 ιι.
1191 5003 1274 5060 74.
1303 5005 1387 5056 ubi
1414 5005 1531 5057 hinc
1556 5001 1876 5071 rr-fcr'untur,
1906 5009 2098 5074 legitur

508 5086 724 5139 quoque
745 5070 1122 5135 simultatione;
1157 5089 1361 5127 necnon
1389 5075 1424 5128 l.
1449 5092 1488 5141 l,
1517 5076 1674 5144 epist.
1707 5075 1761 5141 Ξ,
1793 5086 1847 5130 et
1868 5070 2021 5131 alibi.

583 5139 606 5176 ι’
647 5140 910 5196 Corrunte
943 5141 994 5193 in
1026 5143 1272 5196 omnibus
1312 5143 1481 5196 Eilitis
1505 5187 1518 5196 .
1567 5144 2016 5196 Constantinmmli

674 5149 910 5196 Lm'runte
943 5149 994 5193 in
1026 5149 1272 5196 omnibus
1312 5149 1481 5196 Eilitis
1505 5187 1518 5196 .
1567 5149 2102 5196 Constantinmmlim—

583 5144 606 5176 ι’
647 5144 910 5208 Corrupte
943 5144 994 5193 in
1026 5144 1272 5199 omnibus
1312 5144 1481 5199 Eilitis
1505 5187 1518 5209 ,
1567 5144 2099 5218 Constantinopolita-

509 5228 628 5278 ητις,
661 5226 756 5278 pro
785 5209 1174 5282 Constantinus,
1207 5215 1349 5282 quod
1399 5215 1450 5267 in
1503 5218 1751 5270 omnibus
1784 5229 1888 5270 tam
1925 5219 2099 5273 Morir

512 5282 640 5334 lium
672 5298 832 5348 quam
863 5281 1087 5335 Joannis
1118 5281 1262 5338 Diae.
1299 5285 1422 5339 Mss.
1453 5286 1756 5340 exhibetur.
1803 5291 1944 5342 Sane
1979 5299 2100 5344 tunc

510 5351 1138 5421 Constantmopolitanus
1178 5355 1472 5423 imperator
1513 5371 1617 5408 non
1660 5358 1968 5423 dicebatur,
2011 5361 2104 5428 qui

515 5421 759 5474 Romano
809 5423 1034 5480 illincrio
1083 5425 1228 5479 solus
1280 5433 1527 5480 nrrccrat.
1565 5424 1809 5480 Tiberius
1839 5431 2104 5480 Anausin;

515 5441 759 5474 nntnano
809 5441 1034 5490 imperio
1083 5441 1228 5479 souis
1280 5441 1527 5492 praeerat.
1574 5441 1809 5481 liberius
1839 5441 2104 5498 Augustus

511 5493 993 5564 cuquominabatur
1023 5494 1424 5564 Constantinus.

586 5575 607 5637 ξ
651 5563 705 5637 in
739 5561 909 5637 Bigot.
944 5562 1377 5637 superscribitur,
1414 5568 1858 5637 aﬁirmrttionilms.

566 5630 606 5754 ’ἀ
650 5629 706 5686 lu
739 5629 1035 5702 Andegavf,
1076 5635 1236 5702 Utic.,
1271 5629 1532 5705 Bigotfct
1556 5639 1790 5704 GemeL,
1823 5641 2107 5709 imperare-

513 5720 557 5755 rt
589 5743 602 5755 .

522 5783 614 5858 ...ο
657 5773 865 5858 vulgati
893 5790 1011 5857 cum
1040 5776 1198 5858 Reg,
1230 5779 1348 5858 aliis
1375 5780 1728 5835 renitentibus
1758 5780 1906 5858 Mss,
1955 5799 2109 5850 super

516 5844 1012 5920 illum_di_acopt)_sin_.
1048 5845 1187 5920 Uiic.
1237 5849 1415 5920 liabet,
1450 5869 1601 5920 super
1629 5853 1804 5905 omnia
1850 5854 1942 5906 illa
1993 5844 2108 5907 dia-

519 5929 635 5982 ουρ.
661 5913 716 5968 ln
740 5913 850 5971 hoc
869 5915 1071 5994 Codice
1093 5927 1147 5971 ct
1175 5919 1224 5973 in
1253 5919 1427 5986 Bigot.
1458 5913 1746 5980 adnotatur
1774 5941 1960 5981 vocem
1993 5927 2107 5980 dia-

2203 4748 2364 4809 atque
2405 4739 2662 4792 inusitato
2707 4740 2967 4794 miraculo
3015 4752 3141 4808 erga
3184 4754 3278 4805 sc,
3330 4747 3660 4809 cunctosque
3705 4739 3806 4811 qui

2204 4846 2384 4884 secum
2419 4830 2641 4883 aderant
2670 4831 3057 4895 omnipotentis
3088 4831 3179 4885 Dei
3211 4841 3266 4886 et
3296 4832 3428 4885 iram
3457 4831 3709 4900 cognovit
3748 4837 3808 4886 ct

2207 4943 2440 5021 repositi.
2488 4943 2570 4996 vel
2613 4944 2954 5021 diacoptosin,
2997 4944 3298 5021 significare
3337 4946 3586 5021 mrarium
3628 4945 3807 5021 publi-

2207 5030 2348 5066 cuiu.
2382 5015 2469 5065 Sic
2497 5030 2615 5066 eam
2647 5015 2972 5070 intellexisse
3013 5017 3226 5070 videtur
3265 5016 3382 5071 Pet.
3417 5017 3592 5080 Dam.,
3632 5015 3667 5070 l.
3704 5033 3804 5081 vn,

2208 5083 2362 5157 epist.
2398 5083 2466 5157 ὃς
2495 5083 2594 5147 Qui
2624 5087 2888 5157 peculatus
2917 5089 3109 5142 crimen
3138 5089 3378 5152 incurrit,
3417 5091 3471 5141 in
3500 5089 3812 5157 diacaposin

2207 5152 2634 5236 cogitnr'inl‘erre
2662 5156 2960 5236 quod‘tulit.
2998 5159 3239 5236 Boil:_i_ii-.I_.
3290 5160 3448 5236 docet
3497 5152 3810 5236 ldClll:-(’.SSO

2207 5238 2269 5276 ac
2313 5226 2680 5296 discissione!"
2713 5243 2741 5280 tt
2789 5229 3058 5293 διακόπτω,
3104 5228 3363 5282 discindo.
3397 5228 3603 5296 Gangio
3628 5229 3812 5282 diaco-

2209 5295 2462 5366 posisgest
2494 5297 2758 5363 niulestia,
2793 5301 3058 5366 angustia,
3089 5315 3118 5352 a
3151 5302 3329 5363 κοπέω,
3375 5295 3538 5353 lasso.
3589 5297 3814 5360 Utrum-1

2207 5361 2314 5439 que
2357 5361 2542 5439 lefcllit
2588 5361 2753 5423 lectio
2780 5361 2992 5437 vulgata
3023 5361 3334 5436 Editorum,
3376 5377 3425 5423 et
3468 5384 3623 5439 super
3655 5367 3816 5423 illam

2210 5433 2528 5509 diacoposin,
2559 5454 2678 5492 Cllltl
2714 5442 2765 5494 in
2798 5433 2910 5494 fere
2938 5442 3188 5495 omnibus
3214 5433 3340 5494 Mss.
3371 5433 3604 5509 legatur,
3634 5448 3683 5492 et
3711 5453 3814 5492 sua

2213 5520 2303 5572 per
2331 5505 2441 5580 illa,
2476 5509 2647 5578 quasi,
2687 5522 2733 5562 et
2759 5520 2948 5580 printer
2981 5512 3087 5564 illa.
3123 5510 3307 5580 Itaque
3338 5505 3639 5574 censemus,
3685 5509 3815 5564 dia.

2214 5578 2446 5656 coposin,
2475 5581 2558 5632 vel
2587 5578 2932 5656 uincopiosin,
2963 5578 3552 5656 multitudine;intelligi
3580 5582 3648 5636 de
3675 5591 3816 5656 tera-

2214 5651 2295 5723 ri‘o
2325 5657 2377 5723 et
2410 5651 2651 5723 pecunia,
2684 5667 2781 5720 pro
2813 5652 2994 5705 labore
3023 5653 3226 5705 scilicet
3255 5653 3468 5706 militari
3509 5653 3814 5723 eroganda,

2219 5718 2466 5790 nimirum
2499 5741 2522 5770 .‘l
2554 5722 2656 5780 aia,
2686 5718 2918 5790 propter,
2952 5731 3006 5774 rt
3036 5727 3215 5786 κόπος,
3247 5723 3410 5776 labor.

2293 5787 2308 5824 ί
2355 5789 2408 5843 1η
2450 5791 2656 5844 Ceuiet.
2691 5787 2745 5844 ct
2791 5793 2986 5858 nigrm,
3014 5791 3391 5848 Octobriarum.
3414 5794 3702 5860 Gussanv.,
3737 5790 3814 5853 81

2218 5861 2546 5936 marginem,
2591 5878 2684 5931 pro
2728 5862 3008 5936 indictione
3056 5865 3115 5928 ὅ,
3160 5874 3312 5923 notat
3339 5865 3524 5922 indict.
3555 5866 3618 5934 6,
3657 5871 3814 5936 quod

2217 5944 2316 5984 nec
2344 5931 2394 5985 in
2426 5930 2548 5986 Mss.
2579 5930 2772 5988 nostris
2796 5936 3085 5998 reperitur.
