4118 6470
270 408 344 469 77

888 412 947 469 ε.
986 408 1311 469 GREGOBII
1349 406 1564 465 MAGNI
1603 405 1784 476 VlTA,
1828 400 2035 464 AUCT.
2078 405 2340 467 JOANNE
2381 411 2696 472 DlACONO.
2737 415 2867 472 ιω.
2906 416 2945 473 1.

3480 418 3551 475 78

265 524 521 595 gratiam.
552 522 687 578 Nam
715 536 836 579 cum
866 522 920 577 in
951 537 1137 578 eorum
1168 534 1341 577 morte
1369 527 1652 576 ventorum
1677 520 1860 574 nimie-
1886 515 1941 577 Δ
1964 527 2109 588 rent,
2139 519 2318 593 ibique
2354 539 2414 579 se
2452 526 2591 581 fame
2619 536 2673 582 et
2697 527 2785 583 siti
2811 528 3040 585 deficere
3068 528 3448 601 formidarent,
3483 536 3551 592 ad

270 618 471 670 tatibus
497 610 691 669 ﬂuctus
721 614 916 669 elevati
942 615 1211 680 saevirent,
1234 629 1301 668 ex
1332 614 1451 667 navi
1478 614 1613 668 clavi
1637 613 1854 683 perditi,

267 707 435 761 arbor
463 704 694 759 abscissa
724 710 822 770 est,
870 705 988 757 vela
1018 704 1069 757 in
1103 703 1254 757 undis
1283 702 1545 772 projecta,
1574 710 1855 770 totumque

264 814 365 853 vas
393 798 543 851 navis
575 796 752 850 nimiis
781 803 1089 865 quassatum
1121 794 1370 848 ﬂuctibus
1410 794 1476 848 ab
1507 794 1652 848 omni
1682 793 1857 847 fuerat

265 906 362 945 sua
379 903 639 959 compage
666 889 1006 942 dissolutum.
1038 886 1205 940 Rimis
1230 888 1409 955 itaque
1428 886 1755 958 patentibus,
1784 886 1858 939 in-

266 986 431 1040 travit
453 998 623 1045 mare,
647 989 808 1053 atque
831 996 998 1051 usque
1020 982 1084 1034 ad
1113 980 1416 1049 superiores
1439 979 1646 1033 tabulas
1664 978 1859 1047 imple-

266 1078 376 1143 vit;
409 1077 481 1130 ita
509 1082 567 1129 ut
596 1090 703 1129 non
734 1071 902 1140 magis
934 1071 1084 1125 navis
1114 1070 1255 1124 inter
1297 1068 1465 1123 undas
1503 1084 1663 1138 quam
1702 1068 1859 1122 undae

267 1170 375 1242 jam
423 1162 561 1224 intra
623 1167 802 1222 navim
847 1180 964 1221 esse
1010 1164 1340 1219 viderentur.
1386 1164 1539 1218 Tunc
1579 1164 1631 1216 in
1668 1160 1857 1216 eadem

266 1262 390 1317 navi
434 1260 762 1325 residentes,
811 1273 917 1312 non
942 1256 1051 1325 jam
1082 1270 1147 1310 ex
1175 1254 1362 1309 mortis
1390 1253 1583 1311 vicinia
1605 1294 1619 1320 ,
1652 1251 1745 1307 sed
1791 1266 1859 1306 ex

266 1356 382 1425 ipsa
428 1351 544 1421 ejus
591 1351 842 1421 praesenti
873 1349 1082 1404 visione
1109 1347 1306 1403 turbati
1333 1390 1348 1416 ,
1380 1361 1567 1401 omnes
1596 1345 1860 1401 sibimeti-

265 1447 377 1517 psis
405 1459 594 1515 pacem
624 1442 922 1511 dederunt,
972 1456 1168 1511 corpus
1197 1448 1253 1495 et
1282 1441 1595 1508 sanguinem
1629 1439 1860 1495 Redem-

265 1537 440 1606 ptoris
468 1541 813 1605 acceperunt,
860 1532 971 1587 Deo
1000 1547 1059 1587 se
1089 1531 1283 1599 singuli
1312 1532 1772 1600 commendantes,
1800 1539 1861 1587 ut

266 1644 454 1685 eorum
485 1630 692 1683 animas
729 1626 961 1697 benigne
1000 1627 1315 1697 susciperet,
1359 1640 1586 1694 quorum
1628 1639 1860 1695 corpora

266 1724 343 1778 ita
369 1720 622 1793 pavendat
654 1720 815 1775 morti
845 1718 1174 1773 tradidisset.
1202 1718 1309 1772 Sed
1335 1719 1675 1788 omnipotens
1698 1717 1856 1783 Deus,

266 1813 357 1884 qui
386 1826 569 1867 eorum
598 1818 834 1865 mentem
860 1809 1179 1864 mirabiliter
1203 1809 1415 1877 terruit,
1436 1824 1623 1864 eorum
1645 1823 1861 1878 quoque

267 1905 431 1959 vitam
460 1919 559 1972 per
594 1902 844 1958 meritum
885 1900 1131 1971 Gregorii
1176 1898 1359 1956 famuli
1401 1903 1517 1967 sui,
1566 1918 1665 1973 pro
1706 1902 1862 1971 cujus

265 1992 488 2064 speciali
518 2007 703 2047 amore
729 1999 1010 2057 venerant,
1052 1991 1350 2046 mirabilius
1378 1992 1692 2046 reservavit.
1726 1991 1859 2047 Nam

266 2084 461 2143 diebus
485 2094 608 2142 octo
636 2087 789 2141 navis
819 2085 1006 2140 eadem
1031 2099 1200 2155 usque
1226 2087 1292 2139 ad
1320 2084 1628 2155 superiores
1650 2084 1859 2139 tabulas

268 2183 424 2252 aquis
453 2182 629 2253 plena,
662 2182 764 2235 iter
790 2179 1065 2251 proprium
1097 2192 1378 2248 peragens,
1412 2177 1670 2230 enatavit.
1702 2176 1859 2231 Nono

268 2285 449 2331 autem
476 2275 562 2329 die
593 2285 618 2311 ι
650 2272 718 2329 ad
745 2271 1135 2327 Chotronensis
1177 2271 1339 2325 castri
1384 2279 1597 2340 portum
1627 2268 1859 2324 deducta

270 2375 369 2424 est.
394 2366 473 2421 Ex
498 2380 603 2436 qua
626 2365 877 2421 exierunt
904 2378 1091 2418 omnes
1118 2363 1437 2431 incolumes,
1464 2364 1555 2433 qui
1577 2378 1697 2417 cum
1723 2376 1833 2431 prie
1851 2390 1863 2401 -

270 2462 413 2517 dicto
435 2458 761 2513 Maximiano
786 2457 904 2511 viro
930 2455 1225 2509 venerabili
1249 2455 1594 2523 navigabant.
1618 2453 1863 2522 Cumque

268 2563 392 2629 post
416 2570 511 2610 eos
540 2554 655 2623 ipse
683 2566 899 2621 quoque
946 2549 1129 2604 fuisset
1158 2563 1407 2617 egressus
1432 2589 1445 2613 ,
1476 2563 1605 2601 mox
1636 2548 1688 2600 in
1719 2546 1862 2614 ejus-

269 2648 390 2703 dem
420 2656 606 2718 portus
635 2644 956 2717 profundum
1000 2643 1153 2697 navis
1190 2642 1433 2697 demersa
1462 2651 1563 2707 est,
1596 2655 1659 2695 ac
1683 2642 1725 2694 si
1759 2640 1863 2697 illis

270 2740 375 2812 35
406 2737 806 2809 egredientibus
835 2752 934 2805 pro
966 2734 1202 2805 pondere
1230 2733 1604 2788 sublevatione
1651 2734 1865 2786 caruis-

270 2841 387 2899 set;
417 2840 472 2886 et
499 2844 618 2901 qua:
646 2829 806 2898 plena
835 2826 1145 2881 hominibus
1174 2824 1224 2878 in
1256 2824 1447 2893 pelago
1478 2838 1646 2891 aquas
1674 2831 1863 2891 porta-

271 2929 425 2977 verat
468 2928 631 2989 atque
656 2926 887 2982 natarat,
922 2916 1247 2970 Maximiano
1275 2930 1398 2969 cum
1426 2913 1679 2968 fratribus
1707 2928 1864 2967 rece-

274 3011 470 3078 dente,
514 3027 653 3082 aqua
699 3010 815 3064 sine
862 3007 1169 3063 hominibus
1214 3007 1266 3060 in
1310 3014 1469 3076 portu
1511 3020 1612 3059 nec
1650 3012 1867 3074 portare

274 3104 443 3159 valuit
467 3119 567 3159 nec
597 3111 817 3167 natare;
846 3108 906 3154 ut
932 3099 1057 3153 hinc
1081 3098 1425 3167 omnipotens
1450 3096 1591 3150 Deus
1614 3094 1866 3149 ostende-

275 3202 358 3251 ret
402 3194 529 3263 quia
575 3207 671 3263 per
716 3191 966 3245 meritum
1011 3187 1277 3257 Gregorii,
1324 3202 1483 3254 quem
1519 3183 1714 3239 fratres
1740 3184 1868 3239 visi-

276 3293 551 3352 taverant,
597 3284 737 3338 hanc
785 3290 1033 3336 onustam
1080 3295 1177 3334 sua
1225 3295 1389 3333 manu
1423 3286 1700 3341 tenuerat,
1746 3291 1867 3345 quae.

278 3379 343 3433 ab
392 3377 697 3433 hominibus
745 3389 915 3430 vacua
964 3386 1281 3443 permanere
1326 3387 1435 3425 non
1482 3370 1657 3440 potuit
1704 3384 1868 3438 super

277 3486 460 3543 aquas.

346 3554 436 3615 '54.
477 3558 640 3629 Igitur
667 3563 953 3629 postquam
981 3556 1212 3609 Romam
1232 3552 1521 3621 Gregorius
1546 3552 1868 3607 venerabilis

276 3653 438 3710 levita
482 3668 733 3709 reversus
782 3659 898 3715 est,
946 3650 1221 3719 aliquanto
1266 3649 1551 3717 interjecto
1590 3656 1864 3717 tempore,

275 3753 426 3800 tanta
450 3743 801 3800 inundatione
824 3741 1033 3797 Tiberis
1056 3740 1246 3794 fluvius
1270 3740 1479 3794 alveum
1507 3754 1659 3791 suum
1683 3752 1861 3806 egres-

276 3850 370 3891 sus
423 3842 524 3897 est,
583 3841 903 3900 tantumque
955 3830 1216 3897 excrevit,
1269 3836 1327 3882 ut
1376 3829 1492 3897 ejus
1536 3828 1676 3882 unda
1708 3842 1873 3895 super

276 3943 466 3985 muros
493 3924 641 3980 urbis
670 3922 938 3988 influeret,
967 3930 1130 3990 atque
1160 3924 1212 3977 in
1245 3936 1307 3976 ea
1337 3921 1586 3990 regiones
1612 3921 1874 3975 maximas

277 4022 614 4088 occuparet,
664 4022 718 4070 et
766 4013 1107 4082 antiquarum
1154 4012 1346 4066 aedium
1386 4011 1614 4083 plurima
1643 4009 1669 4048 δ
1702 4010 1875 4065 moni-

277 4115 463 4166 menta
490 4105 770 4176 dejiceret,
799 4103 1164 4159 ecclesiastica
1194 4117 1411 4172 quoque
1442 4103 1637 4157 horrea
1667 4102 1876 4157 violen-

280 4213 367 4258 ter
394 4201 751 4266 subverteret,
782 4196 836 4251 in
865 4193 1060 4264 quibus
1091 4193 1346 4249 nonnulla
1376 4192 1680 4249 modiorum
1711 4192 1876 4249 tritici

282 4294 451 4350 millia
476 4292 707 4364 periere.

354 4382 442 4438 35.
489 4382 638 4438 Tunc
665 4380 927 4452 siquidem
972 4379 1113 4451 apud
1154 4379 1521 4435 Veronensem
1550 4380 1738 4434 urbem
1780 4378 1879 4433 flu-

283 4476 404 4531 vius
447 4474 699 4541 Athesis,
749 4482 807 4528 ut
862 4473 1005 4528 idem
1065 4472 1357 4540 Gregorius
1404 4470 1569 4525 refert
1614 4468 1771 4540 (Lib.
1823 4485 1881 4525 ιιι

284 4568 527 4640 Dialog.,
574 4586 690 4638 cap.
745 4566 887 4638 i9),
938 4581 1291 4630 excrescens,
1343 4564 1409 4618 ad
1453 4564 1597 4619 beati
1648 4563 1880 4620 Zenonis

1962 609 2213 668 Ecclesiae
2234 614 2455 683 januam
2481 619 2784 684 veniebant,
2820 621 2884 675 ad
2915 622 3203 679 bibendum
3233 625 3553 688 hauriebam;

1962 721 2180 775 aquam,
2213 722 2333 776 quae
2357 725 2524 778 usque
2550 712 2615 765 ad
2639 712 2897 769 fenestras
2927 729 3257 785 excreverat,
3291 728 3345 774 et
3372 729 3553 779 tamen

1965 796 2105 851 intra
2153 799 2435 854 ecclesiam
2486 813 2505 839 ο
2557 813 2616 857 ut
2662 820 2799 875 aqua
2846 808 2994 862 nullo
3043 810 3206 865 modo
3253 810 3550 872 diffluebat.

1962 886 2128 946 Stans
2165 901 2341 945 autem
2374 901 2498 947 ante
2523 892 2743 963 januam
2764 935 2779 960 ,
2812 896 2878 951 ad
2907 900 3298 956 ostendendum
3341 906 3552 961 cunctis

1965 983 2218 1037 meritum
2252 987 2529 1058 martyris,
2570 998 2626 1042 et
2665 1004 2803 1057 aqua
2846 991 2912 1045 ad
2952 991 3275 1061 adjutorium
3318 1006 3462 1063 erat,
3498 1008 3556 1055 et

1965 1088 2107 1142 aqua
2127 1090 2234 1128 non
2263 1085 2377 1131 erat
2405 1077 2473 1132 ad
2501 1082 2868 1150 occupandum
2899 1083 3096 1140 locum.
3126 1085 3281 1153 Quod
3302 1090 3555 1145 nimirum

1965 1166 2282 1222 miraculum
2312 1168 2620 1242 Babylonici
2648 1173 2787 1228 illius
2815 1174 2950 1243 ignis
2979 1177 3235 1233 miraculo
3264 1196 3370 1236 non
3392 1183 3553 1238 dissi-

1966 1260 2096 1315 mile
2134 1262 2331 1331 poterit
2371 1265 2646 1334 aestimari,
2678 1268 2768 1335 qui
2801 1269 2958 1322 trium
2987 1284 3279 1339 puerorum
3309 1281 3363 1328 et
3392 1276 3557 1339 vesti-

1965 1362 2147 1406 menta
2178 1369 2285 1407 non
2318 1355 2519 1423 tetigit,
2551 1365 2605 1411 et
2631 1357 2846 1413 vincula
2877 1336 3115 1416 incendit
3144 1362 3327 1434 (Dan.
3359 1381 3413 1419 ιη

2037 1443 2127 1499 56.
2170 1444 2320 1502 Tunc
2360 1448 2522 1501 etiam
2568 1449 2973 1506 innumerabilis
3014 1454 3299 1511 multitudo
3329 1472 3555 1527 serpen-

1968 1536 2100 1590 tium
2129 1553 2249 1591 cum
2281 1552 2473 1605 magno
2503 1538 2736 1597 dracone
2759 1583 2772 1606 ,
2815 1542 2867 1597 in
2909 1543 3127 1599 modum
3172 1546 3340 1600 trabis
3368 1546 3559 1601 validae

1967 1644 2066 1699 per
2086 1628 2325 1684 Tiberini
2355 1628 2586 1687 fluminis
2609 1634 2842 1701 alveum,
2869 1635 2920 1689 in
2949 1652 3099 1693 mare
3125 1637 3431 1703 descendit;
3464 1637 3560 1693 sed

1966 1716 2240 1773 suffocatae
2278 1719 2465 1775 bestiae
2502 1721 2643 1777 inter
2683 1724 2854 1778 salsos
2894 1724 3056 1781 maris
3086 1726 3430 1781 turbidissimi
3460 1725 3560 1782 flu-

1968 1820 2087 1867 ctus
2115 1813 2231 1867 sine
2253 1828 2405 1867 mora
2428 1813 2481 1867 in
2501 1814 2682 1868 littore
2705 1814 3023 1871 deciderunt
3044 1832 3249 1888 suaque
3275 1818 3561 1889 putredine

1894 1892 1944 1952 B
1970 1912 2145 1959 totum
2173 1920 2356 1959 aerem
2385 1914 2742 1977 corruperunt
2772 1907 2791 1977 (
2816 1906 3031 1980 Gregor.
3068 1908 3217 1979 Tun,
3266 1910 3305 1965 ι.
3344 1926 3385 1978 ,χ
3416 1909 3564 1968 Hist.

1893 3256 1940 3318 C

1968 1998 2147 2065 c.i).

2041 2087 2131 2141 57.
2171 2086 2367 2141 Secuta
2402 2094 2484 2141 est
2514 2102 2545 2142 e
2574 2088 2803 2155 vestigio
2849 2087 3030 2143 clades
3060 2088 3394 2157 inguinaria,
3441 2106 3564 2161 quae

1970 2179 2270 2234 Romanam
2310 2178 2499 2233 urbem
2538 2178 2674 2233 adeo
2713 2178 3017 2233 vehementi
3057 2180 3363 2249 pestilentia
3392 2180 3562 2237 lania-

1969 2270 2077 2335 vit,
2127 2278 2185 2323 ut
2212 2270 2376 2325 etiam
2408 2269 2677 2340 corporali
2708 2269 2827 2324 visu
2856 2270 3065 2338 sagitta:
3096 2271 3307 2327 cmlitus
3334 2274 3562 2342 venire,

1969 2369 2026 2416 et
2073 2360 2312 2429 singulos
2352 2374 2597 2429 quosque
2645 2368 2928 2428 percutere
2969 2360 3301 2415 viderentur.
3346 2360 3473 2428 Qua:
3506 2364 3563 2421 in

1968 2466 2157 2506 mense
2201 2450 2486 2505 undecimo
2534 2451 2757 2505 veniens
2784 2494 2796 2515 ,
2830 2450 3061 2521 primum
3104 2454 3365 2519 omnium,
3408 2454 3564 2523 juxta

1971 2543 2099 2597 illud
2129 2541 2276 2611 quod
2308 2542 2360 2595 in
2388 2540 2667 2597 Ezechiele
2696 2543 2961 2612 propheta
2988 2543 3183 2613 legitur
3208 2562 3220 2597 :
3246 2547 3288 2597 Λ
3317 2556 3562 2601 sanctua-

1970 2636 2050 2689 rio
2098 2652 2208 2689 meo
2245 2637 2459 2705 incipite
2508 2634 2739 2706 (Ezech.
2785 2653 2870 2702 1x,
2910 2635 3015 2707 6),
3055 2636 3330 2706 Pelagium
3371 2655 3564 2709 papam

1972 2725 2231 2794 perculit,
2278 2735 2334 2778 et
2384 2726 2500 2780 sine
2529 2741 2681 2781 mora
2712 2728 2989 2782 exstinxit.
3023 2728 3142 2794 Quo
3171 2729 3456 2797 defuncto,
3489 2731 3567 2788 ita

1973 2816 2028 2871 in
2056 2818 2318 2887 reliquum
2349 2818 2538 2886 vulgus
2568 2818 2808 2883 deszevit,
2840 2827 2918 2886 ut,
2944 2820 3228 2875 subtractis
3256 2821 3567 2877 habitatori-

1973 2908 2100 2973 bus,
2148 2906 2171 2944 ά
2200 2908 2391 2963 domos
2418 2910 2472 2963 in
2502 2910 2633 2965 urbe
2657 2911 2918 2980 plurimas
2949 2926 3147 2967 vacuas
3175 2914 3397 2969 omnino
3435 2914 3567 2970 reli-
3614 2921 3623 2929 ‘

1974 3000 2172 3068 qucrit.

2046 3090 2133 3146 58.
2176 3090 2379 3148 Eodem
2410 3102 2655 3162 tempore
2685 3094 2741 3147 in
2769 3096 3102 3150 monasterio
3127 3098 3449 3154 venerabilis
3490 3100 3568 3156 leo
3648 3148 3653 3151 ς

1976 3184 2101 3239 vine
2138 3182 2384 3253 Gregorii
2423 3200 2558 3254 puer
2594 3185 2864 3255 inquietus
2893 3185 3080 3252 valde,
3113 3187 3429 3245 Theodorus
3470 3207 3568 3247 no-

1974 3281 2119 3334 mine
2140 3322 2155 3344 ,
2212 3294 2334 3334 cum
2378 3279 2545 3335 fratre
2574 3280 2827 3349 religioso
2856 3282 3025 3351 magis
3056 3293 3378 3340 necessitate
3405 3300 3570 3353 quam

1972 3374 2253 3428 voluntate
2280 3372 2531 3441 degebat,
2579 3373 2664 3428 cui
2707 3374 2929 3429 nimium
2954 3377 3134 3444 gravis
3158 3387 3275 3432 erat
3302 3379 3344 3433 si
3374 3380 3494 3449 quis
3519 3380 3572 3437 ei

1974 3479 2074 3533 pro
2115 3464 2198 3519 sui
2228 3464 2403 3520 salute
2443 3465 2735 3533 quidquam
2776 3466 3010 3522 dicebat.
3050 3467 3198 3523 Bona
3240 3479 3422 3525 autem
3460 3488 3573 3529 non

1976 3558 2152 3612 solum
2195 3556 2393 3623 facere,
2437 3556 2534 3611 sed
2576 3557 2740 3611 etiam
2785 3558 2973 3613 audire
3013 3576 3120 3614 non
3160 3570 3395 3629 poterat.
3425 3563 3574 3619 Nun-

1978 3664 2139 3717 quam
2181 3664 2241 3702 se
2284 3647 2350 3702 ad
2394 3657 2594 3704 sanctae
2632 3651 3061 3706 conversationis
3089 3652 3333 3708 habitum
3360 3656 3571 3724 venire,

1976 3740 2227 3809 jurando,
2259 3741 2560 3807 irascendo,
2594 3758 2659 3797 ac
2688 3743 2981 3798 deridendo
3010 3746 3347 3801 testabatur:
3371 3748 3463 3815 qui
3493 3756 3575 3804 ta-

1979 3847 2105 3886 men
2135 3833 2374 3899 ejusdem
2410 3833 2731 3901 pestilentiaa
2758 3834 2913 3888 clade
2950 3850 3235 3904 percussus
3262 3837 3371 3906 36
3410 3837 3462 3891 in
3492 3838 3574 3893 in-

1980 3924 2162 3991 guine,
2193 3932 2277 3978 est
2305 3922 2597 3994 perductus
2624 3924 2691 3979 ad
2716 3933 2968 3981 mortem.
3001 3927 3244 3997 Cumque
3275 3938 3577 3989 extremum

1983 4016 2231 4085 spiritum
2278 4024 2482 4086 ageret,
2518 4026 2889 4073 convenerunt
2915 4033 3037 4073 cum
3066 4018 3328 4089 Gregorio
3355 4021 3576 4095 fratres,

1983 4114 2043 4163 ut
2090 4120 2367 4176 egressum
2396 4106 2540 4162 illius
2568 4108 2774 4163 orando
2803 4117 3166 4178 protegerent.
3216 4109 3335 4167 Jam
3379 4129 3579 4186 corpus

1984 4196 2102 4266 ejus
2147 4196 2215 4251 ab
2254 4203 2496 4252 extrema
2542 4197 2715 4254 fuerat
2738 4206 2894 4269 parte
2922 4210 3305 4269 praemortuum
3327 4245 3343 4270 ,
3374 4205 3427 4260 in
3457 4206 3578 4264 solo

1984 4288 2358 4345 tantummodo
2403 4296 2627 4361 pectore
2666 4290 2844 4345 vitalis
2871 4290 3047 4348 adhuc
3079 4293 3229 4349 calor
3268 4296 3578 4355 anhelabat.

1983 4382 2179 4440 Cuncti
2208 4393 2390 4439 autem
2423 4394 2446 4422 ο
2474 4382 2670 4441 fratres
2696 4386 2786 4454 qui
2816 4386 3059 4451 aderant,
3085 4396 3233 4443 tanto
3254 4406 3352 4459 pro
3373 4406 3440 4447 eo
3464 4407 3578 4449 coe-

1985 4485 2183 4545 perunt
2222 4476 2433 4532 enixius
2470 4491 2661 4545 orare,
2706 4486 2968 4547 quantum
3014 4493 3138 4533 eum
3174 4478 3285 4548 jam
3325 4481 3580 4537 videbant

1987 4569 2086 4623 sub
2114 4568 2391 4623 celeritate
2418 4568 2727 4635 discedere,
2763 4584 2884 4625 cum
2914 4578 3137 4639 repente
3178 4571 3344 4640 coepit
3377 4571 3581 4627 eisdem

284 4635 539 4732 martvris
581 4635 745 4728 atque
789 4635 1056 4728 pontificis
1085 4657 1369 4713 ecclesiam
1398 4656 1563 4711 venit.
1597 4654 1762 4725 Cujus
1792 4670 1882 4711 ec-
1907 4635 1965 4697 Ῑ)
1988 4660 2243 4715 fratribus
2290 4660 2664 4716 assistentibus
2711 4660 2945 4715 clamare
2959 4635 2991 4723 ,i
3023 4669 3183 4729 atque
3225 4635 3347 4714 cum
3375 4661 3582 4727 magnis

286 4753 468 4809 clesia:
493 4752 618 4806 dum
648 4759 830 4806 essent
865 4750 1043 4818 janucc
1072 4758 1289 4819 apertae,
1334 4764 1469 4817 aqua
1500 4750 1552 4802 in
1584 4765 1703 4803 eam
1735 4750 1886 4805 mini-

287 4860 378 4900 me
409 4845 644 4899 intravit.
677 4843 807 4909 Qua:
835 4842 1108 4913 paulisper
1136 4858 1385 4899 crescens
1414 4856 1584 4910 usque
1626 4840 1691 4895 ad
1733 4839 1883 4896 fene-

287 4946 437 4994 stras
458 4934 727 4999 ecclesiae,
769 4950 889 5003 qua:
919 4942 1073 4988 erant
1092 4934 1262 4989 'tectis
1291 4934 1569 5003 proxima},
1599 4935 1884 5001 pervenit;

287 5030 476 5097 sicque
501 5036 646 5082 stans
673 5040 811 5094 aqua
834 5023 1074 5079 ecclesia:
1097 5024 1314 5093 januam
1359 5025 1570 5090 clausit,
1601 5040 1664 5082 ac
1690 5026 1735 5080 si
1762 5025 1893 5083 illud

288 5121 617 5177 elementum
670 5116 928 5189 liquidum
976 5116 1028 5170 in
1073 5115 1396 5170 soliditatem
1445 5117 1662 5185 parietis
1698 5116 1886 5173 fuisset

288 5220 561 5270 mutatum
608 5210 729 5284 [AL
783 5206 1181 5278 immutatum].
1224 5207 1465 5276 Cumque
1507 5218 1686 5263 essent
1731 5210 1886 5264 multi

289 5308 521 5365 interius
569 5306 792 5370 inventi,
836 5303 931 5358 sed
974 5316 1236 5371 aquarum
1266 5301 1630 5370 magnitudine
1660 5303 1888 5356 circum-

292 5399 423 5456 data
461 5399 608 5454 omni
643 5396 912 5460 Ecclesia,
955 5410 1061 5464 qua
1102 5401 1320 5463 possent
1359 5393 1538 5463 egredi
1571 5409 1677 5448 non
1724 5396 1889 5451 habe-

368 5527 396 5555 ιι
432 5514 540 5579 AL,
574 5511 921 5567 Cortonensis.
965 5511 1199 5566 Cortona
1230 5509 1359 5563 urbs
1396 5516 1479 5562 est
1508 5509 1723 5577 antiqua
1756 5511 1891 5564 Bru-

296 5587 528 5647 tionum,
559 5584 626 5637 ad
656 5598 805 5637 mare
847 5580 1168 5647 Ausonium,
1209 5596 1354 5635 nunc
1398 5582 1632 5636 Crotona
1665 5580 1805 5635 dicta
1838 5583 1893 5636 in

294 5650 544 5714 Calabria
571 5655 849 5710 ulteriore.

276 5778 277 5781 η
370 5729 399 5768 h
442 5728 646 5794 Bigot.,
674 5724 853 5789 Colb.,
887 5723 1017 5793 Reg.
1056 5734 1109 5779 et
1144 5725 1378 5789 Gemet.,
1411 5726 1617 5780 mantia.
1652 5723 1728 5779 ita
1758 5741 1895 5781 aiio-

300 5815 410 5871 que
439 5794 835 5871 apud_‘Pauluiii
865 5796 1010 5871 Diae.

378 5880 402 5909 ο
439 5865 499 5923 In
530 5866 708 5931 editis,
739 5866 783 5921 si
814 5865 1048 5935 excipias
1087 5865 1341 5931 Bolland,
1388 5867 1540 5924 deest
1571 5879 1658 5933 ut,
1692 5872 1741 5927 in
1774 5888 1890 5927 out-

1987 4753 2208 4807 vocibus
2227 4752 2501 4806 orationes
2524 4750 2719 4806 eorum“
2738 4752 3148 4818 interrumpere,
3172 4749 3358 4806 dicens
3383 4769 3395 4804 :
3427 4770 3446 4803 ί
3475 4751 3583 4809 Re-

1990 4844 2184 4910 cedite,
2216 4857 2344 4897 ecce
2369 4843 2587 4897 draconi
2621 4841 2689 4895 ad
2719 4840 3085 4895 devorandum
3114 4840 3269 4896 datus
3296 4857 3445 4908 sum,
3486 4844 3581 4913 qui

1993 4944 2216 5006 propter
2258 4942 2492 4990 vestram
2538 4932 3015 5003 praesentiamme
3056 4931 3317 4989 devorare
3345 4951 3455 4990 non
3487 4951 3585 5004 po-

1998 5036 2121 5084 test.
2171 5028 2345 5097 Caput
2373 5042 2553 5081 meum
2600 5026 2654 5080 in
2697 5040 2795 5081 suo
2824 5041 2919 5081 ore
2962 5026 3073 5095 jam
3119 5027 3427 5096 absorbuit;
3461 5030 3586 5085 date

1995 5120 2195 5185 locum,
2228 5128 2287 5173 ut
2318 5134 2404 5173 me
2434 5118 2661 5187 amplius
2690 5133 2798 5189 non
2829 5118 3067 5187 cruciet,
3112 5119 3208 5173 sed
3250 5119 3412 5173 faciat
3439 5121 3587 5189 quod

1995 5213 2235 5266 facturus
2265 5218 2365 5265 est.
2398 5209 2455 5277 Si
2485 5210 2534 5264 ei
2560 5210 2624 5264 ad
2655 5210 3021 5265 devorandum
3049 5210 3204 5265 datus
3234 5226 3372 5276 sum,
3418 5226 3586 5281 quare
3620 5205 3622 5209 ’

1996 5312 2218 5376 prepter
2236 5318 2329 5358 vos
2354 5318 2532 5358 moras
2554 5302 2765 5373 patior?
2787 5301 2965 5357 »Τυιιο
2981 5302 3172 5358 fratres
3192 5318 3312 5358 cum
3326 5300 3586 5370 Gregorio

1998 5404 2277 5468 coeperunt
2300 5396 2349 5451 ei
2371 5397 2551 5451 dicere
2582 5416 2594 5451 :
2627 5414 2643 5447 ι
2664 5394 2799 5463 Quid
2830 5403 2913 5451 est.
2940 5396 3083 5465 quod
3105 5396 3361 5466 loqueris,
3382 5394 3586 5448 frater?

2004 5514 2158 5567 nibus
2186 5514 2312 5569 Mss.
2340 5528 2367 5566 a
2399 5513 2551 5567 nobis
2579 5520 2870 5580 repertum.

2074 5587 2099 5624 ά
2142 5587 2304 5653 Utic.,
2346 5588 2525 5641 domus
2554 5583 2608 5638 in
2636 5576 2761 5637 urbe
2795 5582 3029 5652 plurima:
3056 5593 3227 5632 vacua:
3256 5576 3465 5631 omnino
3502 5592 3588 5630 νεα

2004 5670 2288 5714 manerent.

2078 5742 2101 5768 ο
2143 5733 2309 5800 Abest
2340 5739 2525 5801 jratres
2556 5725 2621 5781 ab
2651 5723 2816 5788 Utic.,
2856 5724 3088 5785 Gemet.,
3132 5719 3291 5785 Reg,
3333 5716 3489 5772 Culb.
3535 5726 3587 5777 et

2007 5804 2178 5874 Bigol.
