4118 6444
570 354 644 415 79
1175 351 1235 409 S.
1278 346 1606 406 GREGORH
1645 345 1860 405 MAGNI
1901 344 2085 416 VITA,
2129 344 2331 403 AUCT.
2371 343 2636 402 JOANNE
2688 346 3003 405 DIACONO.
3044 347 3170 404 LIB.
3214 350 3253 403 Ι.
3797 349 3869 406 80

573 464 787 536 signum
814 462 913 520 tibi
940 469 1137 519 sanctae
1166 461 1341 517 crucis
1380 459 1647 529 imprime.
1684 478 1703 511 ι
1730 455 2028 528 Respondit
2075 455 2165 511 ille
2191 460 2245 521 Α
2268 456 2335 512 ad
2380 458 2614 514 lamenta
2663 462 2991 531 pmnitenlia:
3037 471 3404 519 convertatur.
3452 461 3685 520 Pensate
3735 479 3869 535 ergo

574 571 705 614 cum
734 555 942 624 magnis
970 552 1315 617 clamoribus,
1348 551 1533 606 dicens
1559 568 1571 602 :
1603 569 1621 600 ι
1649 548 1786 604 Volo
1816 563 1903 602 me
1929 548 2163 617 signare,

574 649 674 706 sed
705 662 810 703 non
842 661 1080 718 possum,
1109 644 1234 714 quia
1262 642 1554 712 squammis
1583 640 1743 711 hujus
1775 640 2025 695 draconis
2047 654 2169 709 pre-

575 759 715 799 mor.
743 761 765 789 ι
798 740 1041 810 Cumque
1071 738 1177 792 hoc
1222 736 1414 790 fratres
1445 733 1712 798 audirent,
1746 741 1774 769 ἰ
1801 748 1908 787 una
1937 746 2057 786 cum
2087 731 2167 785 le-

578 836 688 891 vita
716 833 811 887 Dei
842 830 1105 899 Gregorio
1135 831 1189 883 in
1218 837 1417 882 terram
1447 825 1730 897 prostrati,
1767 840 1888 879 cum
1916 823 2171 894 lacrymis

578 931 858 995 creperum
885 938 984 993 pro
1016 920 1298 991 ereptione
1325 918 1465 972 illius
1489 916 1859 971 vehementius
1885 915 2169 968 Dominum

577 1014 880 1086 deprecari.
929 1012 993 1066 Et
1039 1027 1168 1067 ecce
1213 1010 1391 1065 subito
1439 1009 1603 1078 coepit
1641 1023 1785 1078 aeger
1812 1023 1933 1061 cum
1964 1006 2172 1074 magnis

576 1106 801 1161 vocibus
826 1104 1082 1167 clamare,
1131 1100 1352 1155 dicens:
1385 1118 1404 1150 ‹
1432 1098 1644 1153 Gratias
1674 1098 1806 1161 Deo,
1850 1111 1977 1151 ecce
2005 1094 2171 1149 draco

578 1200 671 1269 qui
700 1214 789 1254 me
816 1197 885 1251 ad
910 1194 1276 1251 devorandum
1307 1200 1621 1261 susceperat
1651 1190 1804 1260 fugit,
1837 1188 2173 1245 orationibus

578 1292 776 1349 vestris
805 1288 1058 1358 expulsus
1088 1292 1234 1340 stare
1262 1300 1369 1339 non
1416 1282 1609 1353 potuit.
1640 1281 1746 1336 Pro
1774 1279 2012 1350 peccatis
2039 1278 2175 1332 meis

579 1382 745 1439 modo
776 1378 1116 1444 intercedite,
1147 1376 1273 1446 quia
1300 1375 1541 1430 converti
1585 1381 1640 1427 et
1669 1373 1981 1427 saecularem
2009 1372 2174 1425 vitam

579 1474 887 1543 relinquere
932 1469 1172 1525 funditus
1221 1484 1339 1523 sum
1385 1475 1627 1537 paratus.
1653 1485 1670 1518 ι
1708 1465 1882 1520 Homo
1907 1477 2036 1534 ergo
2059 1464 2171 1533 qui,

581 1568 725 1625 sicut
748 1566 858 1634 jam
887 1565 1089 1620 dictum
1118 1570 1219 1625 est,
1254 1562 1321 1615 ab
1353 1570 1593 1615 extrema
1634 1568 1788 1629 parte
1828 1558 2001 1613 fuerat
2038 1572 2177 1627 pra:-

580 1667 845 1723 mortuus,
877 1655 1121 1724 Gregorii
1145 1654 1393 1725 precibus
1419 1662 1475 1707 et
1503 1661 1679 1707 morte
1709 1651 1952 1720 corporis
1980 1658 2173 1715 carmt,

585 1759 642 1806 et
667 1751 892 1805 salutem
921 1748 1112 1802 anima:
1140 1744 1426 1815 acquisivit
1454 1743 1592 1815 (Lib.
1650 1760 1703 1797 IV
1732 1742 1876 1796 Dial.
1911 1758 2026 1812 cap.
2059 1740 2174 1809 58).

2276 550 2451 619 qualis
2480 560 2604 607 ante
2631 562 2981 624 conspectum
3012 554 3238 611 districti
3264 554 3465 611 Judicis
3489 558 3755 627 pervenit,
3782 558 3870 613 cui

2277 659 2387 698 non
2416 645 2541 699 licet
2568 643 2696 700 ﬂere
2725 646 2869 716 quod
2900 646 3045 702 fecit.
3076 646 3141 701 Et
3164 648 3495 705 habitatores
3519 650 3737 719 quidem
3762 666 3871 705 non

2277 749 2346 790 ex
2374 745 2529 805 parte
2558 738 2963 804 subtrahuntur,
3009 740 3102 794 sed
3131 742 3335 809 pariter
3359 750 3638 795 corruunt.
3668 741 3871 797 Domus

2275 842 2461 882 vacuae
2490 827 2866 897 relinquuntur
2892 869 2907 891 ,
2961 828 3190 884 liliorum
3228 829 3413 885 funera
3456 841 3707 900 parentes
3736 832 3872 902 aspi-

2278 917 2464 984 ciunt,
2507 927 2563 973 et
2599 920 2681 973 sui
2724 935 2818 974 eos
2865 919 2932 973 ad
2961 920 3236 974 interitum
3266 920 3508 975 breredes
3536 922 3868 989 praecedunt.

2280 1007 2653 1079 Unusquisque
2699 1024 2828 1078 ergo
2878 1021 3122 1065 nostrum
3166 1010 3234 1064 ad
3280 1010 3608 1081 paenitentia:
3636 1012 3872 1066 lamenta

2278 1102 2571 1171 confugiat,
2604 1105 2729 1157 dum
2756 1101 2886 1159 ﬂere
2912 1114 3038 1158 ante
3068 1103 3468 1174 percussionem
3492 1112 3669 1158 vacat.
3694 1103 3874 1159 Revo-

2279 1210 2463 1251 cemus
2492 1204 2619 1250 ante
2648 1196 2835 1251 oculos
2866 1197 3065 1251 mentis
3091 1195 3348 1265 quidquid
3387 1196 3618 1250 errando
3646 1196 3875 1250 commi-

2278 1288 2446 1343 simus
2468 1328 2483 1353 ,
2534 1294 2589 1341 et
2630 1286 2775 1356 quod
2814 1287 3061 1355 nequiter
3094 1287 3323 1357 egimus,
3353 1286 3532 1341 ﬂendo
3563 1286 3871 1355 puniamus.

2280 1376 2677 1433 Praeveniamus
2706 1372 2897 1434 faciem
2926 1379 3042 1448 ejus
3071 1380 3125 1433 in
3148 1378 3487 1435 confessione
3516 1377 3697 1446 (Psal.
3730 1392 3873 1443 xcrv,

2280 1467 2368 1539 2),
2401 1479 2477 1536 et,
2505 1470 2643 1523 sicut
2671 1468 2933 1539 propheta
2968 1468 3242 1531 admonet,
3287 1468 3525 1523 levemus
3569 1467 3731 1521 corda
3778 1482 3874 1519 no-

2278 1572 2391 1617 stra
2415 1578 2535 1616 cum
2558 1561 2801 1616 manibus
2822 1559 2886 1614 ad
2909 1560 3076 1615 Deum
3108 1559 3337 1631 (Thren.
3369 1575 3445 1622 ιιι,
3479 1557 3567 1629 4).
3596 1557 3677 1611 Ad
3702 1557 3873 1611 Deum

2280 1655 2479 1723 quippe
2505 1653 2666 1708 corda
2704 1668 2824 1707 cum
2862 1652 3108 1707 manibus
3144 1651 3348 1713 levare,
3383 1660 3465 1705 est
3494 1650 3757 1703 orationis
3784 1664 3875 1703 no-

2280 1755 2407 1799 strae
2434 1744 2668 1799 studium
2698 1759 2820 1798 cum
2864 1743 3055 1797 merito
3099 1742 3254 1796 boum
3283 1741 3615 1811 operationis
3642 1740 3871 1807 erigere.

655 1840 745 1895 59.
786 1839 893 1895 Sed
940 1836 1249 1909 pestilentia
1296 1850 1455 1905 supra
1487 1834 1703 1889 modum
1747 1834 2022 1898 saeviente,
2051 1832 2176 1905 qﬂia
2206 1849 2255 1910 Β
2281 1834 2381 1889 Dat
2418 1832 2659 1905 profecto
2681 1877 2696 1902 ,
2737 1833 2829 1887 dat
2869 1834 3090 1887 tremori
3122 1842 3304 1887 nostro
3337 1831 3604 1897 ﬁduciam,
3648 1832 3739 1901 qui
3777 1846 3874 1902 per

585 1930 829 1986 Ecclesia
873 1929 979 1990 Dei
1010 1928 1127 1983 sine
1169 1934 1383 1982 rectore
1411 1940 1530 1980 esse
1561 1940 1665 1979 non
1694 1929 1928 1993 poterat,
1968 1920 2177 1989 Οτι-εἶσι

586 2023 755 2085 rium,
800 2021 927 2075 licet
957 2019 1083 2073 totis
1111 2017 1313 2071 viribus
1340 2016 1661 2069 renitentem
1681 2055 1696 2081 ,
1728 2013 1921 2077 clerus,
1961 2020 2179 2065 senatus

586 2110 925 2184 populusque
976 2108 1252 2163 Romanus
1308 2106 1411 2160 sibi
1467 2104 1812 2160 concorditer
1870 2101 2180 2171 pontiﬁcem

588 2202 923 2270 delegerunt.
974 2198 1144 2263 Quem
1193 2197 1283 2252 ille
1330 2196 1535 2265 apicem
1588 2196 1715 2248 totis
1748 2194 1951 2248 viribus
1978 2191 2181 2246 evitare

588 2292 908 2353 decernens,
939 2302 1058 2342 sese
1087 2287 1362 2355 indignum
1387 2286 1608 2339 omnino
1637 2285 1729 2338 tali
1759 2285 1966 2339 honore
1995 2282 2184 2336 clami-

592 2384 774 2448 tabat;
824 2380 1078 2435 videlicet
1123 2387 1367 2432 metuens
1413 2392 1481 2431 ne
1529 2376 1713 2430 mundi
1762 2376 1971 2443 gloria,
2021 2389 2182 2442 quam

592 2475 742 2545 prius
771 2470 1062 2540 abiecerat,
1105 2469 1156 2524 ei
1185 2469 1283 2523 sub
1314 2467 1667 2523 ecclesiastici
1696 2465 1881 2522 colore
1908 2465 2184 2535 regiminis

593 2567 776 2635 aliquo
806 2563 969 2618 modo
995 2564 1289 2631 subrepere
1316 2561 1594 2633 potuisset.

667 2655 753 2709 40.
796 2654 866 2707 At
905 2653 996 2707 ubi
1035 2653 1307 2707 decretum
1338 2650 1702 2720 generalitatis
1731 2647 1965 2704 evadere
1992 2647 2184 2716 nequi-

595 2744 690 2812 vit,
710 2758 1111 2799 consensurum
1142 2757 1201 2796 se
1228 2741 1444 2795 tandem
1475 2739 1761 2809 aliquando
1794 2736 2085 2803 simulavit,
2132 2745 2188 2791 et

594 2836 909 2909 imperatori
940 2834 1220 2899 Mauricio,
1250 2834 1403 2903 cujus
1431 2833 1598 2887 lilium
1640 2833 1704 2887 e'x
1753 2832 1967 2886 lavacro
1996 2837 2185 2886 sancto

596 2936 929 2998 susceperat,
972 2927 1203 2981 latenter
1231 2924 1436 2979 litteras
1464 2921 1769 2985 destinavit,
1814 2921 2085 2989 adjurans,
2134 2926 2189 2973 et

596 3019 763 3075 multa
794 3032 956 3088 prece
983 3017 1305 3085 deposcens,
1338 3029 1407 3069 ne
1435 3028 1671 3082 unquam
1701 3027 1977 3067 assensum
2010 3025 2185 3080 popu-

595 3109 663 3167 lis
702 3109 969 3180 praeberet
1012 3114 1071 3161 ut
1109 3122 1168 3161 se
1207 3105 1365 3173 hujus
1403 3104 1625 3158 honoris
1653 3104 1823 3173 gloria
1853 3101 2184 3157 sublimaret.

2282 1929 2601 2000 prophetam
2638 1926 3037 1981 clamat:Nolo
3078 1937 3291 1981 mortem
3332 1928 3647 1996 peccatoris,
3700 1928 3791 1981 sed
3816 1936 3875 1980 ut

2281 2028 2605 2072 convertatur
2630 2027 2678 2071 et
2707 2019 2839 2071 vivat
2862 2017 3084 2087 (Ezech.
3116 2033 3303 2083 xxxiii,
3330 2017 3451 2085 11).
3477 2016 3663 2071 Nullus
3690 2024 3873 2071 autem

2283 2110 2352 2165 de
2382 2110 2722 2177 iniquitatum
2754 2125 2972 2162 suarum
3004 2109 3341 2163 immanitate
3370 2109 3642 2177 desperet.
3689 2108 3874 2179 veter-

2282 2216 2445 2255 nosas
2474 2216 2702 2268 namque
2731 2200 3085 2253 Ninivitarum
3116 2201 3301 2270 culpas
3329 2201 3577 2254 triduana
3606 2201 3875 2269 paeniten-

2285 2292 2359 2347 tia
2400 2292 2649 2346 abstersit
2695 2291 2879 2362 (Iona:
2907 2308 2981 2357 ιιι,
3016 2292 3136 2362 10),
3181 2300 3236 2346 et
3264 2307 3554 2347 conversus
3583 2293 3720 2347 latro
3749 2294 3873 2347 vita:

2285 2383 2503 2453 prmrnia
2540 2384 2701 2436 etiam
2731 2384 2783 2436 in
2814 2383 2930 2453 ipsa
2966 2383 3233 2438 sententia
3276 2398 3385 2437 suae
3422 2382 3608 2438 mortis
3645 2383 3874 2438 emeruit

2286 2474 2449 2545 (Luc.
2482 2491 2611 2529 χχιιι
2630 2474 2668 2544 ).
2697 2474 2965 2529 Mutemus
2994 2476 3157 2542 igitur
3185 2476 3368 2541 corda,
3408 2484 3462 2530 et
3492 2490 3874 2544 prtesumamus

2288 2583 2388 2622 nos
2424 2567 2535 2636 jam
2578 2567 2884 2636 percepisse
2912 2566 3057 2635 quod
3085 2567 3338 2636 petimus.
3372 2565 3540 2619 Citius
3571 2568 3635 2618 ad
3659 2580 3875 2635 precem

2286 2657 2459 2713 Judex
2489 2659 2743 2724 ﬂectitur,
2774 2660 2818 2715 si
2849 2675 2878 2713 a
2911 2660 3175 2728 pravitate
3204 2674 3298 2713 sua
3329 2658 3528 2728 petitor
3555 2657 3874 2726 corrigatur.

2288 2745 2610 2803 Imminente
2649 2762 2777 2817 ergo
2820 2756 2980 2803 tanta:
3008 2749 3489 2803 animadversionis
3517 2748 3694 2817 gladio
3714 2787 3731 2813 ,
3781 2762 3876 2803 nos

2289 2841 2609 2910 importunis
2661 2841 2910 2911 precibus
2960 2841 3290 2895 insistamus.
3340 2839 3416 2893 Ea
3478 2855 3710 2909 namque
3762 2855 3877 2911 quae

2290 2932 2497 3001 ingrata
2528 2947 2647 2986 esse
2678 2932 2984 2986 hominibus
3027 2932 3166 2987 solet
3194 2931 3602 3000 importunitas,
3654 2943 3675 2968 ε
3708 2929 3877 2985 Judici

2290 3024 2534 3077 veritatis
2564 3024 2759 3091 placet,
2789 3024 2915 3092 quia
2943 3024 3063 3094 pius
3106 3039 3169 3079 ac
3215 3024 3520 3079 misericors
3549 3023 3689 3078 Deus
3714 3024 3879 3079 vulta

2292 3127 2352 3169 se
2401 3114 2647 3183 precibus
2688 3115 2900 3168 veniam
2948 3114 3107 3183 exigi,
3159 3114 3283 3182 quia
3324 3124 3581 3182 quantum
3613 3129 3879 3168 meremur

594 3203 704 3259 Sed
734 3201 1017 3271 praefectus
1044 3199 1225 3264 urbis,
1255 3197 1281 3235 ι’
1310 3196 1610 3251 Germanus
1639 3198 1876 3261 nomine,
1910 3195 2025 3263 ejus
2052 3210 2185 3248 nun-

2294 3222 2402 3260 non
2430 3207 2544 3261 vult
2576 3207 2752 3262 irasci.
2787 3207 2922 3262 Hinc
2950 3208 3147 3262 etenim
3193 3223 3291 3277 per
3337 3205 3678 3262 Psalmistam
3710 3206 3879 3261 dixit:

596 3294 735 3348 tium
764 3290 1096 3359 anticipavit,
1129 3288 1687 3357 comprehensumque
1715 3302 1797 3349 ac,
1827 3284 2051 3353 diruptis
2078 3284 2210 3354 epi-.

597 3383 774 3449 stolis,
820 3395 1143 3438 consensum
1187 3394 1347 3449 quem
1390 3378 1620 3448 p0pulus
1648 3376 1854 3432 fecerat
1884 3375 2191 3445 imperatori

597 3474 817 3531 direxit.
850 3472 919 3526 At
948 3472 1037 3527 ille
1064 3472 1264 3541 gratias
1293 3485 1456 3540 agens
1483 3472 1594 3526 Deo
1626 3487 1724 3541 pro
1755 3470 1989 3525 amicitia
2019 3470 2195 3525 diaco-

598 3567 678 3633 ni,
712 3581 778 3620 eo
808 3563 954 3633 quod
984 3563 1162 3618 locum
1192 3562 1464 3617 deferendi
1492 3562 1541 3618 ei
1567 3562 1809 3627 honoris,
1842 3569 1899 3614 ut
1927 3560 2190 3628 cupierat,

599 3654 918 3725 reperissct,
962 3652 1086 3707 data
1130 3653 1496 3723 praeceptione
1545 3653 1720 3723 ipsum
1770 3651 2010 3707 ordinari
2056 3666 2195 3721 prae-

598 3746 761 3817 cepit.
779 3752 794 3815 ί

672 3838 760 3892 Η.
800 3835 1019 3893 Interim
1060 3837 1187 3893 dum
1217 3838 1283 3892 ab
1313 3839 1445 3893 urbe
1475 3839 1619 3907 regia
1652 3837 2029 3907 imperatorius
2059 3851 2193 3903 prte-

599 3931 896 3987 stolaretur
925 3944 1199 3999 assensus,
1243 3939 1298 3983 et
1326 3931 1442 3985 lues
1472 3931 1583 3999 ipsa
1615 3929 1868 3998 populum
1899 3928 2191 3983 vehemen-

601 4023 709 4079 tius
737 4023 1060 4088 devastaret,
1093 4022 1415 4077 venerabilis
1445 4023 1605 4075 levita
1634 4022 1929 4089 Gregorius
1969 4022 2192 4073 verbum

602 4098 668 4170 ad
714 4116 927 4185 plebem
973 4130 1201 4168 exorsus
1248 4122 1351 4181 est,
1400 4114 1622 4169 dicens:
1666 4132 1684 4164 ‹
1712 4114 1957 4183 Oportet,
2004 4112 2194 4166 fratres

601 4204 923 4267 charissimi,
956 4212 1014 4257 ut
1041 4201 1249 4271 ﬂagella
1280 4202 1395 4266 Dei,
1428 4219 1548 4272 qua:
1578 4211 1820 4257 metuere
1846 4209 2073 4257 ventura
2102 4202 2195 4257 de-

603 4294 838 4360 buimus,
864 4294 1056 4348 saltem
1087 4295 1366 4363 pnesentia
1395 4304 1450 4348 et
1476 4303 1699 4364 experta
1730 4296 2032 4350 timeamus.
2061 4293 2199 4348 Con-

603 4384 867 4439 versionis
897 4384 1051 4438 nobis
1079 4384 1281 4438 aditum
1303 4384 1458 4439 dolor
1483 4384 1713 4455 aperiat,
1738 4394 1793 4439 et
1822 4386 1999 4441 cordis
2030 4385 2196 4440 nostri

602 4476 857 4531 duritiam
885 4477 1001 4545 ipsa
1031 4474 1142 4543 jam
1171 4490 1331 4543 quam
1357 4476 1592 4545 patimur
1617 4491 1777 4546 paena
1806 4476 2084 4532 dissolvat.
2130 4476 2199 4531 Ut

603 4567 746 4621 enim
793 4563 1057 4635 propheta
1109 4572 1243 4618 teste
1290 4564 1605 4635 praedictum
1654 4566 1904 4635 estz37
1952 4565 2197 4619 Pervenit

604 4656 809 4727 gladius
852 4672 1008 4726 usque
1052 4655 1119 4707 ad
1159 4655 1390 4708 animam
1422 4655 1647 4726 (Jerem.
1678 4673 1751 4723 1v,
1783 4656 1905 4728 10).
1939 4656 2080 4713 Ecce
2107 4668 2193 4713 et-

604 4745 749 4807 enim
761 4754 951 4799 cuncta
977 4745 1128 4816 plebs
1149 4745 1385 4801 caelestis
1410 4746 1502 4800 irae
1527 4762 1786 4803 mucrone
1810 4748 2123 4817 percutitur,
2142 4755 2196 4802 et

604 4836 887 4904 repentina
916 4835 1108 4906 singuli
1138 4835 1287 4891 cmde
1318 4845 1627 4904 vastantur;
1660 4854 1760 4893 nec
1789 4838 2016 4907 languor
2057 4854 2196 4892 mor-

609 4930 715 4982 tem
741 4924 1022 4992 przevenit,
1056 4924 1150 4978 sed
1174 4924 1449 4992 languoris
1473 4941 1673 4988 moras,
1698 4933 1756 4979 ut
1779 4926 2017 4991 cernitis,
2048 4942 2196 4982 mors

606 5016 722 5085 ipsa
750 5015 1050 5087 praecurrit.
1084 5015 1372 5072 Percussus
1398 5018 1626 5087 quisque
1654 5025 1779 5072 ante
1809 5018 2014 5086 rapitur
2035 5033 2195 5087 quam

680 5180 706 5209 ι
745 5170 979 5225 Sanctus
1006 5167 1296 5239 Gregorius
1324 5168 1487 5239 hujus
1518 5169 1752 5224 historiae
1782 5169 2043 5233 meminit,
2084 5175 2196 5223 tum

606 5243 660 5296 in
692 5240 880 5296 homil.
912 5238 980 5292 58
1008 5255 1169 5309 super
1197 5238 1424 5307 Evang.,
1458 5249 1569 5292 tum
1594 5239 1714 5294 libr.
1739 5248 1933 5307 quarto
1963 5238 2192 5309 Dialog.,

606 5328 728 5381 cap.
760 5310 851 5375 57,
882 5310 1213 5365 dissimulata
1240 5310 1590 5366 nihilominus
1617 5325 1713 5364 sua
1741 5310 2045 5379 praesentia,
2080 5325 2197 5365 mo-

607 5383 799 5437 destiae
824 5382 962 5435 forte
989 5382 1180 5437 gratia.

679 5452 704 5492 δ
748 5451 941 5507 Utrum
986 5449 1147 5505 frater
1187 5458 1330 5507 esset
1375 5449 1663 5520 Gregorii,
1702 5450 2100 5520 disquisivimus
2142 5454 2196 5508 in

607 5522 853 5594 ejusdem
884 5522 1142 5594 Vita,_lib.
1175 5538 1364 5594 t,_cum
1395 5522 1449 5589 1,
1481 5538 1535 5594 n_.
1569 5519 1620 5574 5.

618 5589 652 5676 .'
683 5593 906 5676 fitegq
956 5590 1146 5662 Colh.,
1198 5592 1433 5658 Turon.,
1486 5589 1734 5659 Gemet.,
1786 5590 1963 5661 Utic.,
2000 5593 2195 5663 Bigot.,

606 5664 978 5812 ’mflwlgfhlssq
1008 5733 1285 5812 letaniam;
1312 5734 1474 5812 et'sic
1506 5748 1743 5812 semper_
1763 5732 2035 5812 deinceps.
2090 5735 2202 5812 lla-

612 5816 734 5859 rum
760 5802 1069 5858 litaniarum
1119 5810 1172 5859 et
1198 5804 1609 5873 processionum
1626 5802 1784 5862 'ordo
1814 5802 1970 5860 aliter
1994 5805 2197 5863 descri-

2299 3299 2491 3354 Invoca
2538 3317 2619 3353 me
2662 3302 2717 3353 in
2764 3301 2846 3354 die
2895 3300 3244 3354 tribulationis
3296 3310 3426 3363 tuae;
3465 3300 3683 3369 eripiam
3717 3311 3792 3367 te,
3839 3310 3881 3355 et

2295 3393 2657 3463 magniﬁcabis
2686 3411 2763 3447 me
2792 3397 2807 3462 (
2833 3392 2980 3447 Psal.
3021 3410 3175 3459 χιιι,
3215 3392 3334 3463 15).
3368 3393 3487 3461 Ipse
3516 3407 3644 3460 ergo
3672 3392 3773 3446 sibi
3806 3401 3881 3447 te-

2297 3487 2395 3541 stis
2426 3495 2511 3540 est
2548 3487 2672 3556 quia
2724 3487 3096 3541 invocantibus
3149 3486 3393 3540 misereri
3443 3485 3745 3551 desiderat,
3797 3485 3883 3554 qui

2296 3579 2554 3632 admonet
2584 3586 2639 3630 ut
2688 3578 2985 3631 invocetur.
3026 3576 3258 3632 Proinde
3278 3617 3295 3643 ,
3326 3577 3520 3632 fratres
3553 3577 3882 3643 charissimi,

2296 3668 2529 3722 contrito
2558 3668 2740 3731 corde,
2791 3676 2845 3723 et
2891 3669 3150 3723 correctis
3198 3669 3453 3739 operibus
3501 3670 3735 3724 crastina
3780 3669 3883 3731 die,

2296 3759 2472 3828 primo
2505 3759 2769 3824 diluculo,
2795 3758 2863 3812 ad
2888 3760 3256 3829 septiformem
3287 3759 3313 3797 ά
3342 3761 3608 3827 litaniam,
3630 3761 3786 3829 juxta
3807 3760 3885 3815 di-

2297 3852 2669 3907 stributionem
2701 3852 2921 3907 inferius
2949 3855 3305 3921 designatam,
3334 3854 3529 3908 devota
3559 3870 3682 3908 cum
3714 3854 3886 3925 lacry-

2297 3946 2399 3999 mis
2462 3953 2643 3998 mente
2691 3946 2992 4000 veniamus.
3042 3946 3227 4001 Nullus
3272 3954 3511 4000 vestrum
3562 3946 3629 3999 ad
3679 3954 3887 4001 terrena

2297 4053 2462 4107 opera
2490 4039 2541 4091 in
2566 4053 2723 4107 agros
2745 4047 2932 4102 exeat;
2968 4039 3142 4094 nullus
3164 4039 3443 4109 quodlibet
3467 4039 3743 4105 negotium
3768 4054 3888 4106 ages

2296 4142 2357 4181 re
2409 4136 2715 4197 praesumat,
2774 4137 3037 4195 quatenus
3090 4130 3154 4183 ad
3210 4137 3411 4183 sanctae
3466 4130 3740 4197 genitricis
3799 4129 3888 4185 Dei

2298 4221 2581 4277 ecclesiam
2610 4221 3017 4285 convenientes,
3072 4224 3163 4291 qui
3212 4224 3366 4277 simul
3416 4238 3604 4277 omnes
3646 4222 3890 4291 peccavi-

2299 4327 2436 4375 mus,
2467 4312 2628 4366 simul
2655 4327 2844 4366 omnes
2872 4313 3010 4366 mala
3038 4328 3157 4381 qua:
3188 4312 3412 4367 fecimus
3442 4313 3805 4380 deploremus,
3837 4322 3890 4365 ut

2299 4403 2573 4459 districtus
2625 4403 2798 4458 Judex
2845 4404 2969 4458 dum
3023 4405 3209 4473 culpas
3260 4414 3475 4459 nostras
3525 4420 3626 4460 nos
3677 4406 3891 4473 punisse

2301 4494 2641 4561 considerat,
2689 4495 2803 4563 ipse
2831 4510 2860 4548 a
2890 4495 3157 4549 sententia
3204 4496 3491 4564 propositm
3534 4496 3891 4550 damnationis

2225 4602 2278 4662 ι)
2303 4596 2507 4655 parcat.
2550 4585 2783 4656 (Exstat
2813 4587 2919 4641 haec
2946 4590 3113 4641 oratio
3145 4596 3259 4658 post
3292 4588 3498 4658 homil.)

2371 4675 2458 4728 42.
2491 4696 2507 4727 ι
2539 4675 2744 4730 Litania
2784 4677 3102 4733 clericorum
3128 4687 3286 4732 exeat
3332 4678 3399 4732 ab
3445 4679 3676 4733 ecclesia
3722 4680 3892 4735 sancti

2297 4764 2520 4821 Joannis
2542 4766 2822 4835 Baptistae;
2866 4767 3048 4822 litania
3091 4770 3326 4824 virorum
3358 4772 3424 4825 ab
3454 4770 3685 4826 ecclesia
3723 4774 3893 4828 sancti

2299 4856 2548 4926 martyris
2595 4856 2861 4921 Marcelli;
2907 4857 3090 4911 litania
3121 4850 3507 4915 mdnachorum
3551 4862 3618 4915 ah
3664 4863 3891 4919 ecclesia

2299 4955 2607 5000 sanctorum
2632 4956 2925 5018 martyrum
2950 4948 3172 5004 Joannis
3202 4959 3256 5005 et
3277 4949 3457 5017 Pauli;
3506 4952 3693 5007 litania
3729 4954 3893 5009 ancil-

2301 5036 2474 5091 larum
2505 5036 2600 5092 Dei
2626 5038 2693 5093 ab
2722 5038 2948 5094 ecclesia
2978 5042 3260 5097 beatorum
3285 5052 3581 5113 martyrum
3613 5043 3824 5101 Cosmze
3843 5052 3894 5100 et

2305 5187 2504 5269 hitura
2533 5187 2793 5269 Gregorio
2823 5191 3021 5249 Turon.
3043 5232 3057 5258 ,
3084 5193 3265 5269 li_b._x,_
3294 5209 3415 5269 _cap.
3472 5194 3522 5250 l.
3576 5195 3739 5252 Forte
3767 5213 3891 5267 sup-

2346 5257 2769 5316 licationes‘illre
2821 5280 2927 5317 non
2966 5257 3132 5318 semel
3182 5257 3377 5319 habite.
3413 5274 3555 5329 sunt,
3616 5276 3673 5320 ut
3714 5257 3893 5323 censet

2353 5344 2543 5407 aron.,_
2583 5331 2657 5407 ad
2675 5348 2801 5407 ann.
2828 5333 2953 5407 590,
3007 5351 3058 5407 ιι.
3097 5334 3187 5407 i2.
3210 5335 3284 5389 De
3313 5336 3395 5389 his
3424 5337 3496 5407 ita
3523 5346 3710 5390 narrat
3741 5338 3888 5393 Paul.

2305 5398 2481 5479 Diae,
2514 5400 2580 5479 de
2619 5400 2797 5479 Gestis
2827 5398 3087 5479 Langobq
3111 5405 3229 5479 _lib.
3280 5422 3335 5459 ιιι
3372 5424 3383 5457 ;
3418 5406 3499 5479 In;
3531 5409 3698 5477 prium
3740 5410 3893 5463 choro

2308 5470 2403 5539 fuit
2434 5474 2601 5525 omnis
2625 5474 2821 5538 clems;
2852 5475 2907 5527 in
2928 5470 3172 5535 secando.
3205 5492 3381 5531 omnes
3416 5470 3625 5531 abbates
3650 5496 3763 5532 cum
3787 5497 3895 5533 mo-

2304 5541 2483 5620 nac/tis
2507 5545 2646 5620 suis_;
2674 5546 2731 5620 iit
2749 5545 2918 5609 tertio,
2943 5561 3117 5598 omnes
3164 5546 3439 5620 abbatissa:
3469 5566 3583 5602 cum
3612 5565 3896 5620 congrega-

2307 5610 2526 5691 tionibus
2547 5615 2769 5691 suisﬁn
2816 5627 3030 5691 quarto,
3073 5633 3251 5691 omnes;
3283 5619 3555 5691 infantes;
3599 5620 3655 5691 in
3695 5610 3893 5691 q'uinvto,

2304 5697 2479 5734 omnes
2503 5683 2654 5759 laici;
2678 5686 2733 5737 in
2755 5683 2920 5759 screto,
2940 5688 3188 5740 universa:
3207 5683 3401 5754 vidum;
3427 5690 3479 5743 in
3503 5683 3740 5759 septimo,
3782 5683 3895 5746 om;

2305 5766 2395 5804 nes
2420 5754 2655 5807 mulieres
2698 5756 3005 5827 conjugalw.
